4090 6286
627 261 759 329 131.7
1861 256 2233 325 PACHOMII
2303 255 2642 325 moment
3743 266 3844 339 1348

621 383 665 435 si
705 379 803 434 tibi
835 379 1014 434 diram
1063 379 1436 450 genealogiam
1491 367 1784 450 signiﬁcari
1831 380 1918 433 his
1969 379 2146 435 verbis
2177 395 2190 430 :
2225 416 2236 441 λ

2228 388 2270 441 Α
2303 379 2597 448 δυνήσεταί
2639 396 2720 440 τις
2747 379 2857 455 ’.εἰ
2893 379 3002 450 γὰρ
3031 379 3168 432 εἴπω
3211 395 3302 432 σοι
3325 397 3338 411 ·
3390 378 3503 448 Τὴν
3545 383 3843 453 γενεαλογίαν

626 471 788 525 Liber
819 469 1222 540 generationis,
1260 471 1391 524 mihi
1429 471 1646 540 reponis
1681 488 1694 523 :
1727 468 1866 536 Quid
1892 478 1974 524 est
2007 483 2202 539 genea-

2302 471 2458 522 τοῦτο
2481 469 2632 538 δηλοῖ
2649 482 2661 496 ·
2691 469 2750 522 τὸ
2773 469 2966 532 Βίϐλος
2997 471 3290 535 γενέσεως.
3322 469 3736 540 ἀνθυπενέγκεις
3758 493 3842 544 μοι·

627 563 806 632 logia?
860 561 969 618 lloe
1009 573 1092 616 est
1143 561 1298 630 quasi
1365 562 1668 630 interroges
1712 561 1842 630 quid
1899 561 1972 615 sit
2035 561 2200 630 ἄρτος

2305 561 2412 612 Καὶ
2437 561 2488 612 τί
2527 564 2643 613 έστι
2674 561 2992 629 γενεαλογία
3018 577 3033 626 ;
3061 560 3252 630 ὥσπερ
3290 560 3360 614 ἂν
3397 563 3448 614 εί
3495 553 3844 634 ἠρόντησας,Τί

629 654 872 723 (panis),
906 653 1037 707 mihi
1087 663 1266 708 autem
1311 655 1657 724 respondenti
1689 673 1702 708 :
1752 642 1948 724 Ἀρτος
1973 660 2057 707 est
2089 651 2204 720 ψω-

2305 652 2456 730 ὲστιν
2484 651 2680 721 ἄρτος;
2713 651 2846 721 ἐμοῦ
2877 651 2935 704 δὲ
2966 652 3210 714 εἰπόντος
3237 669 3251 680 ·
3289 652 3368 705 Τὸ
3415 654 3609 718 κοινῶς
3651 657 3842 726 ψωμίον,

630 745 772 811 μίον,
798 745 979 799 denuo
1005 745 1248 799 diceres:
1274 745 1412 810 Quid
1439 756 1518 799 est
1543 744 1792 814 ψωμίονῖ
1815 743 1945 797 [llud
1977 743 2200 796 verbum

2307 735 2472 804 εἶπες
2496 742 2582 794 ἄν·
2610 743 2676 794 Τί
2703 742 2940 812 ψωμίονς
2974 743 3078 796 κᾶν
3105 743 3267 796 τοῦτο
3285 743 3636 814 ἐπειρώμεθα
3667 748 3842 803 ἀποδεί-

631 837 773 890 unde
819 845 998 890 ortum
1047 851 1373 890 conaremur
1405 837 1700 906 explicare,
1747 843 1805 888 ut
1848 833 2030 889 ferunt
2068 834 2197 888 olim

2307 832 2416 896 ξαι,
2456 831 2579 886 ὅθεν
2603 833 2810 900 γίνεται
2836 849 2849 863 ο
2895 834 2969 896 ὥς
3003 831 3132 885 ποτέ
3172 851 3313 902 φασι
3338 835 3469 898 τοὺς
3516 839 3845 904 κατασκόπους

632 928 742 997 regi
779 927 1097 998 IEthiopum
1151 927 1524 998 speculatores
1565 928 1843 998 Cambysi.
1891 923 2102 982 Pariter
2157 924 2201 979 si

2307 925 2604 994 Καμϐύσου
2648 923 2726 994 τῷ
2758 924 2968 995 βασιλεῖ
3002 926 3304 993 Αἰθιόπων,
3351 927 3615 990 ὡσαύτως
3642 928 3701 982 ἂν
3742 931 3846 985 εἴπω

632 1020 762 1072 mihi
821 1019 1022 1073 dicenti
1080 1018 1338 1073 Davidem
1377 1019 1580 1074 Christi
1642 1033 1902 1088 proavum
1953 1032 2095 1077 esse,
2151 1028 2205 1070 ct

2307 1031 2388 1066 σοι
2417 1054 2431 1078 ,
2475 1014 2556 1066 ότι
2604 1013 2768 1066 Δαυῖδ
2805 1013 2904 1084 μὲν
2929 1011 2996 1084 ἦν
3020 1017 3287 1087 πρόγονος
3322 1017 3597 1089 Χριστοῦ’
3641 1019 3846 1090 Ἀϐραὰμ

633 1110 1004 1164 Abrahamum
1059 1109 1302 1174 Daridis,
1354 1110 1731 1178 respondeas:
1763 1096 1898 1175 Quis
1950 1117 2033 1164 εει
2083 1107 2206 1161 hic?

2303 1105 2380 1169 δὲ,
2431 1106 2524 1159 τοῦ
2565 1105 2751 1170 Δαυῒδ,
2798 1105 2972 1168 εἴποις
3014 1107 3100 1160 ἄν·
3139 1107 3236 1172 Τίς
3261 1109 3416 1160 ἐστιν
3458 1103 3644 1175 οὗτος
3673 1111 3755 1162 καὶ
3787 1113 3847 1174 τίς

633 1202 758 1270 quis
790 1213 873 1256 est
901 1201 1027 1256 ille?
1051 1200 1316 1271 quando?
1343 1200 1476 1254 ubi?
1505 1201 1652 1270 qnali
1689 1200 1924 1271 genere?
1951 1215 2069 1270 quae
2097 1205 2202 1252 no'n

2306 1197 2453 1251 ἐστιν
2483 1201 2722 1263 ἐκεῖνοςς
2755 1199 2847 1253 καὶ
2874 1201 3027 1266 πότε;
3055 1201 3150 1254 καλ⁸
3177 1201 3306 1269 ποῦ;
3337 1204 3434 1257 καί
3464 1207 3714 1270 ποταποῖς
3735 1208 3845 1276 ειπερ

637 1301 871 1361 possunt
919 1294 973 1345 in
1031 1293 1222 1346 eodem
1259 1301 1500 1360 tempore
1533 1292 1820 1361 explicari,
1854 1291 2080 1345 historia
2121 1291 2206 1343 hi-

2306 1289 2566 1344 ἀδύνατον
2611 1289 2748 1362 ὁμοῦ
2778 1293 3192 1362 ἀφηγήσασθαι,
3225 1294 3320 1348 διὰ
3353 1294 3420 1348 τὸ
3465 1296 3696 1367 ἱστορίαν
3734 1297 3846 1350 ἰστο⁸

637 1385 863 1436 storiam
919 1383 1276 1453 praecedente,
1310 1383 1646 1452 longumque
1681 1388 1940 1436 conatum
1997 1381 2206 1436 deside-

2308 1381 2428 1449 ρίας
2455 1379 2698 1446 ἔχεσθαι,
2727 1381 2824 1432 καὶ
2853 1381 3048 1452 πείρας
3079 1382 3305 1437 δέεσθαι
3337 1383 3512 1438 ταῦτα
3542 1384 3744 1454 πολλῆς.
3771 1385 3846 1450 Οὖ,

639 1483 779 1527 rant.
811 1471 925 1526 Non
959 1475 1056 1526 ista
1091 1473 1385 1540 dicuntur;
1417 1473 1512 1528 sed
1546 1489 1559 1523 :
1596 1473 1700 1526 alia
1749 1467 2048 1541 Scriptura
2093 1462 2210 1524 dia-

2309 1469 2496 1537 φησιν.
2537 1469 2678 1522 Ἀλλ’
2702 1469 2836 1541 ἄλλη
2870 1473 2904 1541 ή
2935 1471 3217 1535 διάλεκτος
3247 1473 3353 1543 τῆς
3375 1475 3620 1544 Γραφῆς,
3645 1477 3730 1528 καὶ
3748 1477 3849 1530 ταύ-

637 1560 809 1615 Ιισριυε
837 1569 941 1623 est,
987 1570 1038 1614 et
1071 1560 1218 1615 illius
1265 1561 1617 1616 obscuritatis
1663 1571 1918 1614 auctores
1949 1570 2074 1613 sunt
2113 1559 2206 1630 qui

2306 1579 2405 1632 της
2436 1563 2598 1616 αἴτιοι
2633 1563 2734 1634 τῆς
2777 1564 3040 1632 ἀσαφίας,
3080 1568 3131 1618 οἰ
3163 1566 3376 1636 ταύτην
3425 1570 3845 1638 συγγραψάμενοι.

639 1653 785 1704 illam
817 1653 1178 1720 scripserunt.
1217 1650 1331 1706 Non
1365 1653 1477 1715 isti,
1507 1662 1566 1706 ut
1585 1653 1741 1716 dicis,
1779 1661 2030 1704 auctores
2056 1658 2205 1716 sunt,

2250 1729 2267 1730 ί
2321 1654 2462 1710 Ἀλλ’
2487 1655 2585 1710 οὐκ
2611 1656 2774 1710 αἴτιοι
2798 1651 2965 1722 οὗτοι,
2993 1657 3070 1722 ὡς
3099 1659 3227 1729 φής·
3261 1661 3296 1729 ἡ
3316 1659 3362 1712 δ’
3383 1662 3623 1730 ἡμετέρα
3641 1661 3847 1730 ἀμέλεια,

641 1743 734 1795 sed
783 1743 1109 1812 negligentia
1156 1752 1364 1808 nostra,
1400 1759 1464 1796 ex
1522 1759 1588 1798 eo
1621 1744 1763 1812 quod
1794 1743 2050 1796 nolumus
2083 1757 2204 1812 pro-
2247 1729 2256 1782 1

2247 1729 2288 1782 Β
2313 1745 2394 1816 τῷ
2419 1745 2492 1815 μὴ
2511 1744 2688 1799 θέλειν
2722 1745 3022 1816 μανθάνειν
3049 1748 3148 1818 τὴν
3173 1748 3318 1803 ἰδίαν
3347 1729 3847 1819 φὼνήνέκαίσύνεςδ

641 1833 814 1902 priam
853 1833 1095 1903 linguam
1147 1835 1375 1888 discere.
1420 1833 1650 1904 Suscipe
1697 1835 1844 1903 quod
1893 1833 1988 1887 tibi
2038 1835 2210 1888 dico:

2313 1833 2459 1900 λέγω
2510 1851 2614 1888 σοι·
2650 1836 2684 1906 ἠ
2725 1835 2838 1889 τῶν
2879 1836 3145 1906 Ἑλλήνων
3174 1831 3486 1902 διάλεκτος,
3523 1839 3554 1908 ἦ
3593 1840 3716 1906 αὑτὴ
3761 1841 3847 1902 τοῖς

641 1922 952 1976 Graecorum
987 1922 1253 1977 dialectus
1277 1939 1382 1978 una
1413 1924 1647 1992 primum
1673 1925 1930 1980 omnibus
1947 1935 2085 1990 erat,
2105 1941 2212 1979 non

2315 1927 2482 1979 πᾶσιν
2509 1923 2574 1995 ἦν
2596 1926 2852 1997 ὲξαρχῆς,
2883 1927 3047 1998 μηδὲν
3067 1928 3408 1999 διαφέρουσα
3429 1961 3446 1990 ς
3477 1931 3681 2000 ἧγουνὴ
3705 1931 3841 1998 κοινή·

642 2011 980 2082 discrepans,
1035 2013 1086 2066 id
1129 2023 1232 2079 est,
1285 2015 1615 2070 communis.
1669 2015 1773 2070 Sed
1817 2025 1940 2085 post
1974 2017 2212 2070 tribuum

2315 2017 2438 2071 ἐπεὶ
2485 2017 2540 2071 δὲ
2587 2017 2959 2090 διεσπάρησαν
2991 2020 3132 2074 κατὰ
3164 2019 3369 2090 φυλὰς,
3415 2021 3477 2073 τὸ
3507 2020 3842 2091 ρκοινὼνφον,

643 2103 1065 2172 dispersionem,
1116 2106 1394 2174 separatio
1446 2106 1872 2176 discrepantiam
1919 2105 2214 2176 quamdam

2317 2109 2411 2162 καί
2441 2091 2561 2162 τινα
2588 2109 2816 2174 διένεξιν
2841 2111 3042 2181 ἦνεγκε
3067 2126 3082 2142 ⁸
3112 2112 3210 2165 καὶ
3252 2110 3502 2182 τοσούσῳ
3539 2110 3736 2181 μᾶλλον,
3758 2111 3841 2179 ὅσῳ

645 2195 854 2260 attulit,
889 2205 944 2248 et
971 2211 1038 2250 eo
1067 2196 1328 2264 majorem
1360 2213 1470 2267 quo
1503 2198 1922 2253 distantioribus
1953 2199 2212 2266 tempori-

2317 2200 2412 2254 καὶ
2447 2201 2782 2271 μετανάσται
2835 2189 2976 2257 κατὰ
3017 2203 3308 2273 διαφόρους
3362 2204 3586 2275 καιροὺς
3624 2201 3836 2270 ἐγένοντο.

649 2286 752 2338 hns
783 2285 1072 2354 migratum
1109 2286 1200 2342 sit.
1238 2279 1420 2341 Prima
1456 2289 1508 2341 in
1539 2281 1751 2358 origine
1785 2289 1987 2357 (erant)
2030 2288 2212 2352 Iones,

2317 2293 2543 2364 Πρῶτον
2578 2293 2676 2364 μὲν
2698 2295 2808 2363 γὰρ
2839 2295 3028 2358 Ἴωνές
3063 2313 3122 2348 τε
3159 2297 3258 2351 καὶ
3292 2296 3508 2359 Αἰολεῖς
3542 2294 3630 2348 καὶ
3659 2293 3835 2361 Δωριεᾶ

649 2375 836 2430 Eoles
863 2417 876 2442 ,
914 2375 1063 2430 Dorii
1097 2387 1152 2431 et
1189 2378 1374 2443 Attici,
1407 2393 1638 2448 quorum
1675 2379 1766 2432 alii
1799 2379 1940 2432 intra
1987 2377 2217 2447 Pelopo-

2317 2385 2412 2438 καὶ
2454 2383 2710 2438 Ἀττικοί·
2742 2385 2794 2438 οἰ
2827 2385 2924 2456 μιν
2944 2385 3142 2450 αὐτῶν,
3173 2387 3234 2439 ὲν
3274 2385 3654 2456 Πελοπονησίῳ
3681 2383 3834 2452 ᾤκουν.

650 2482 862 2531 nesum,
889 2467 978 2521 alii
1009 2477 1162 2520 extra
1196 2468 1554 2534 habitabant,
1587 2467 1764 2523 Doriis
1822 2477 2005 2522 autem
2031 2469 2216 2522 orien-

2317 2469 2364 2520 oi
2391 2468 2468 2533 δὲ,
2498 2469 2658 2534 ἐκτὸς
2685 2471 2892 2542 ταύτης
2912 2488 2926 2501 ·
2955 2475 3050 2526 καὶ
3071 2475 3302 2545 Δωριεῖς
3341 2475 3465 2546 μὲν,
3490 2475 3558 2527 τὰ
3587 2472 3710 2553 πρὸς
3739 2471 3836 2524 ἀνα-

648 2557 836 2622 talem,
851 2556 1073 2612 lonibus
1091 2556 1507 2621 occidentalem,
1527 2558 1780 2613 lEolibus
1797 2575 1918 2628 quae
1943 2559 2087 2614 circa
2117 2557 2220 2613 Co-

2316 2560 2592 2631 τολὰς(νει
2613 2563 2900 2635 ἀνατολὴν)
2925 2565 3332 2637 Πελοπονήσου,
3359 2568 3546 2629 Ἴωνες
3565 2565 3636 2625 δὲ.
3656 2563 3716 2616 τὰ
3741 2560 3839 2626 πρδς

646 2648 976 2703 rinthiacum
1001 2649 1180 2704 sinum
1215 2652 1707 2722 tenentibus,quod
1728 2651 1988 2704 Achaiam
2002 2659 2216 2717 vocant,

2317 2649 2547 2721 δυσμὰς,
2583 2652 2794 2716 Αἰολεῖς
2822 2654 2901 2718 δὲ,
2935 2656 3063 2724 περί
3087 2655 3177 2709 τὸν
3210 2656 3578 2728 Κορινθιακδν
3609 2649 3839 2710 κόλπον,ὃ

648 2741 841 2798 Atticis
873 2757 1004 2796 vero
1032 2743 1573 2813 Atheniensibusque
1603 2744 1902 2808 Atthidem,
1933 2759 2055 2814 qua
2090 2759 2218 2813 pars

2320 2741 2414 2792 καὶ
2461 2741 2653 2811 ’Δχατα
2685 2743 2922 2809 λέγεται.
2957 2745 3092 2798 Μεθ’
3123 2745 3218 2810 οὒς
3254 2747 3498 2801 Ἀττικοί
3533 2748 3580 2800 οἰ
3609 2745 3694 2798 καὶ
3721 2742 3839 2809 Ἀθη·

652 2830 892 2887 llelladis
917 2843 1018 2888 est.
1045 2831 1241 2888 Postea
1266 2833 1455 2889 AEoIes
1484 2836 1537 2889 in
1551 2835 1738 2890 Asiam
1776 2835 2090 2889 inferiorem
2121 2833 2222 2886 mi-

2320 2835 2480 2892 ναϊοι.
2517 2834 2662 2888 κατὰ
2689 2834 2788 2906 τὴν
2823 2835 3064 2894 Ἀτθίδα.
3096 2839 3260 2907 μέρος
3295 2838 3398 2906 τῆς
3439 2836 3690 2899 Ἑλλάδος.
3720 2832 3838 2888 Μετὰ

651 2930 878 2990 grarunt
908 2961 924 2986 ,
972 2922 1120 2978 Durii
1169 2924 1222 2978 in
1273 2925 1501 2991 insulas,
1551 2927 1693 2995 quod
1745 2939 1799 2980 et
1850 2925 2034 2979 Attici.
2089 2924 2222 2990 Qua:

2321 2924 2377 2982 δὲ
2423 2925 2596 2978 ταῦτα
2659 2925 2841 2990 Ἴωνές
2903 2943 2964 2980 τε
3025 2929 3122 2980 καὶ
3184 2929 3402 2992 Αἰολεῖς
3448 2927 3744 2999 μετῴκησαν
3779 2923 3839 2984 εις

653 3013 1072 3068 communitatis
1103 3019 1338 3070 cessatio
1374 3033 1538 3070 unam
1573 3017 1865 3070 dialeetnm
1899 3016 1951 3068 iu
1983 3024 2220 3083 quatuor
2247 3053 2268 3109 ί

2247 3053 2288 3109 c
2335 3017 2518 3070 Ἀσίαν
2553 3017 2652 3088 τὴν
2681 3018 2861 3071 κάτω·
2897 3020 3126 3091 Δωριεῖς
3171 3021 3226 3073 δὲ
3267 3022 3368 3075 καὶ
3405 3023 3485 3084 εἰς
3517 3020 3614 3082 τὰς
3654 3017 3837 3086 νήσους

651 3102 896 3167 divulsit,
945 3103 1222 3156 communi
1269 3103 1503 3158 dialecto
1534 3113 1768 3168 serrata,
1821 3103 1917 3158 sed
1965 3103 2036 3156 ita
2072 3113 2130 3156 ut
2165 3103 2216 3154 in
2254 3102 2266 3109 “

2254 3102 2286 3109 ⁷
2319 3109 2492 3162 ταυτὰ
2518 3109 2584 3180 δὴ
2607 3109 2700 3162 καὶ
2735 3111 2972 3166 ’Δττικολ
2995 3113 3348 3167 πεπόνθασιν.
3389 3113 3476 3181 Ἐξ
3504 3107 3562 3166 οὗ
3585 3109 3756 3175 συνέϐη
3773 3104 3839 3157 διὰ

654 3195 841 3250 multis
867 3194 1128 3250 tlilIcrret-.
1173 3196 1304 3248 Inde
1335 3195 1578 3264 quinque
1605 3194 1818 3248 dialecti
1852 3194 2008 3248 nobis
2038 3209 2068 3246 a
2095 3207 2223 3262 poe-

2222 3225 2223 3230 η
2319 3199 2382 3251 τὸ
2423 3199 2802 3269 ἀνεπίμικτον,
2832 3202 2932 3271 τὴν
2964 3205 3093 3274 μίαν
3120 3203 3406 3258 διάλεκτον
3439 3201 3750 3272 διαιρεθῆναι
3777 3196 3837 3254 εἰς

655 3292 725 3344 tis
773 3289 1124 3357 historiaeque
1151 3289 1513 3358 scriptoribus
1542 3287 1773 3349 traditae,
1805 3286 2069 3340 dialectus
2099 3284 2221 3353 qui-

2329 3289 2591 3362 τέσσαρας
2614 3309 2628 3322 ο
2661 3292 2759 3362 τὴν
2787 3294 2968 3364 κοινὴν
3003 3295 3124 3365 μὲν,
3157 3297 3249 3349 καὶ
3269 3295 3418 3350 οὕτω
3439 3293 3738 3366 κρατοῦντες
3755 3305 3766 3318 '
3792 3287 3840 3338 ιν

649 3380 775 3434 dem
825 3381 894 3434 ab
947 3380 1104 3433 initio
1150 3381 1492 3445 communis;
1541 3377 1724 3432 Ionica
1776 3385 1979 3436 autem,
2020 3377 2217 3435 Attica,

2322 3377 2592 3442 πλείστοις
2613 3379 2670 3432 δὲ
2697 3380 3110 3452 διαφερόμενον
3140 3385 3234 3436 καί
3257 3385 3402 3438 οὕτω
3435 3385 3587 3437 πέντε
3613 3379 3838 3434 διάλεκτοι

655 3471 853 3527 Dorica
888 3481 943 3527 et
967 3471 1200 3538 Eolica,
1245 3487 1276 3526 e
1311 3471 1512 3540 quibus
1543 3471 1822 3540 antiquior
1847 3471 2222 3540 valentiorque

2219 3490 2222 3517 ε
2322 3465 2475 3537 παρὰ
2505 3468 2619 3532 τοῖς
2650 3473 2903 3539 ποιηταῖς
2937 3471 3032 3524 καὶ
3067 3473 3482 3543 συγγραφεῦσιν
3527 3467 3834 3536 ἐξεδόθησαν·

654 3563 868 3618 videtur
899 3565 1105 3629 Ionica,
1134 3580 1240 3618 non
1264 3565 1442 3619 solum
1471 3567 1596 3635 quia
1629 3580 1692 3618 ea
1728 3565 1809 3618 usi
1845 3574 1973 3618 sunt
2007 3565 2218 3635 antiqui

2321 3562 2457 3632 αὐτή
2487 3580 2547 3614 τε
2580 3565 2613 3632 ἡ
2647 3565 2957 3635 καταρχὰς,
2987 3566 3155 3635 ἡγουν
3185 3570 3218 3636 ἡ
3251 3569 3429 3640 κοινὴ,
3461 3567 3552 3621 καὶ
3593 3565 3706 3626 Ἰὰς,
3739 3561 3835 3612 Ἀτ-

652 3665 845 3724 poeta,
875 3655 1064 3724 quales
1107 3655 1332 3726 Sibylla,
1382 3653 1652 3724 Orpheus,
1694 3654 1984 3717 Ilometus,
2024 3655 2218 3710 Hesio-

2322 3649 2430 3717 οὶς,
2462 3651 2659 3721 Δωρὶς,
2696 3653 3302 3726 Δίολίςχδιαφέρουσαι
3334 3657 3474 3712 κατά
3500 3673 3610 3708 τινα
3634 3653 3718 3721 τῆς
3749 3664 3837 3702 κον

651 3746 777 3808 dus,
822 3745 1046 3814 aliique,
1080 3745 1174 3801 sed
1217 3747 1346 3815 quia
1377 3747 1566 3800 eadem
1599 3747 1740 3814 apud
1771 3745 2102 3800 recentiores
2129 3761 2221 3798 va-

2218 3774 2221 3782 ι
2321 3742 2418 3811 νῆς
2440 3757 2454 3772 ⁶
2489 3735 2564 3794 ὧν
2603 3744 2936 3816 ἀρχαιοτέρα
2963 3763 3022 3798 τε
3052 3750 3146 3800 καὶ
3171 3746 3600 3820 ἐπικρατεστὲρα
3634 3743 3784 3796 ἔοικεν
3809 3738 3833 3804 ἡ

655 3837 749 3898 let,
801 3835 960 3905 sicut_
990 3834 1169 3888 Attica
1220 3836 1361 3904 apud
1407 3844 1675 3898 oratores,
1729 3835 1921 3902 quales
1965 3833 2220 3903 Gorgias,

2219 3882 2220 3888 η
2319 3833 2430 3886 τῶν
2459 3833 2672 3887 Ἰώνωνο
2705 3836 2766 3888 οὐ
2798 3837 2956 3906 μόνον
2984 3838 3067 3891 ὅτι
3089 3839 3238 3910 παρὰ
3260 3842 3368 3895 τῶν
3390 3836 3622 3894 παλαιῶν
3643 3829 3834 3899 ποιητῶν

653 3925 971 3989 Esehines,
1008 3924 1400 3981 Demosthenes
1435 3933 1489 3980 et
1522 3926 1726 3980 caeteri.
1777 3924 1870 3980 lla:
1911 3941 2059 3979 nunc
2106 3925 2222 3978 dia-

2217 3952 2222 3963 -
2322 3924 2580 3993 φέρεταιο
2615 3919 2726 3979 οἷον
2767 3927 3033 3998 Σιβύλλης
3081 3932 3176 3983 καὶ
3217 3931 3481 4002 Ὀρφέως,
3531 3928 3743 3997 ὐμήρου
3790 3933 3832 3969 τε

654 4019 779 4072 lecti
811 4017 1402 4072 comtnunicationibus
1434 4017 1762 4080 immutatae,
1795 4015 2057 4084 factaeque
2091 4023 2223 4070 sunt

2218 4033 2223 4066 ι
2325 4015 2422 4066 καὶ
2465 4013 2736 4082 Ἡσιόδου,
2781 4018 2876 4070 καὶ
2899 4019 3008 4072 τῶν
3037 4020 3316 4090 τοιούτων,
3351 4021 3463 4074 ἀλλ’
3487 4020 3564 4072 ὅτι
3607 4013 3691 4068 καὶ
3717 4006 3833 4076 παΡά

654 4108 882 4164 omnino
913 4109 1175 4176 temporis
1203 4123 1369 4162 cursu
1423 4108 1706 4172 barbarae;
1744 4107 1886 4161 unde
1924 4106 2222 4176 Scriptum

2216 4125 2222 4158 ι
2321 4104 2430 4158 τῶν
2461 4105 2599 4158 νέων
2628 4106 2768 4177 αὕτη
2798 4110 3116 4180 ἐπικρατεῖο
3144 4111 3336 4182 ὥσπερ
3370 4114 3402 4182 ή
3433 4107 3620 4170 Ἀτθὶς,
3648 4095 3831 4156 ἐπὶτῶν

655 4200 796 4252 inter
847 4212 948 4253 nos
1002 4199 1334 4268 ignorantia,
1387 4200 1586 4268 quibus
1616 4201 1929 4253 communis
1958 4199 2222 4253 dialectus

2216 4215 2222 4250 ι
2324 4197 2570 4268 ρητόρων
2595 4217 2608 4230 ·
2637 4194 2750 4252 οἷον
2778 4201 3028 4271 Γοργίου,
3059 4204 3334 4273 Αἰσχίνου,
3366 4198 3729 4272 Δημοσθένους.
3761 4187 3831 4240 κειὶ

654 4289 898 4357 artisqne
932 4304 1065 4342 usus
1117 4289 1279 4341 simul
1319 4288 1546 4355 perdita.
1581 4286 1734 4342 Unde
1768 4287 1823 4340 in
1860 4289 1975 4356 ipsa
2004 4287 2108 4341 ista
2141 4303 2224 4342 re-

2216 4319 2224 4330 -
2324 4287 2430 4341 τῶν
2465 4290 2692 4346 λοιπῶν.
2731 4292 2844 4346 Νῦν
2874 4294 2932 4346 δὲ
2979 4295 3036 4346 αι
3079 4295 3328 4350 τοιαῦται
3358 4295 3614 4350 διάλεκτοι
3656 4278 3831 4354 ἠλλοιώ-

651 4380 834 4448 gione,
882 4380 1009 4435 licet
1045 4379 1113 4433 de
1163 4380 1395 4448 quadam
1449 4379 1673 4447 antiqua
1729 4377 2027 4446 Scriptum
2057 4376 2266 4432 tradi-l

2216 4409 2223 4419 -
2256 4376 2300 4431 D
2329 4381 2506 4450 θησαν
2535 4383 2877 4452 ὲπιμιγεῖσαι
2898 4401 2910 4412 ·
2945 4386 3038 4438 καὶ
3063 4387 3342 4452 παντελῶς
3373 4373 3831 4454 ἐξεϐαρϐαρώθησαν

655 4469 733 4522 tio
758 4483 806 4522 .e
859 4469 1295 4531 consentiamus,
1351 4467 1442 4520 alii
1501 4467 1661 4520 aliam
1730 4467 2016 4533 habemus,
2075 4467 2218 4536 quod

2214 4470 2218 4520 ί
2330 4470 2408 4541 τῷ
2439 4472 2615 4542 ῥέοντι
2638 4474 2730 4526 τοῦ
2756 4475 3148 4544 χρόνου.”Οθεν
3174 4478 3268 4530 καὶ
3293 4477 3355 4531 τὸ
3380 4477 3542 4530 αἴτιον
3556 4471 3642 4538 τῆς
3657 4458 3829 4531 ἀγνοίας

651 4560 1018 4630 quorumdam
1059 4558 1380 4614 rusticitatis
1409 4573 1566 4612 causa
1592 4559 1831 4614 conabor
1853 4559 2148 4627 explicare.

2328 4562 2428 4631 τῆς
2471 4563 2595 4616 καθ’
2635 4564 2781 4634 ἡμᾶς
2815 4565 3059 4636 Γραφῑκ,
3090 4567 3466 4623 ἀπολεσάντων
3489 4561 3630 4635 ἡμῶν
3656 4554 3735 4609 καὶ
3757 4547 3829 4612 τὴν

652 4653 840 4724 κοινὴν
885 4653 1166 4706 διάλεκτον
1220 4650 1359 4722 μετὰ
1412 4649 1506 4702 τοῦ
1551 4651 1824 4721 τεχνικοῦ.
1872 4649 2036 4704 Ὅθεν
2083 4650 2231 4703 ἔστιν
2272 4650 2422 4718 ἰδεῖν,
2487 4653 2545 4706 ὲν
2573 4654 2700 4725 τῇδε
2760 4655 2858 4725 μὲν
2883 4658 2948 4726 τῇ
2983 4656 3136 4729 χώρᾳ
3171 4658 3314 4712 κατὰ
3340 4659 3436 4728 τὴν
3461 4640 3829 4714 πάλαι

654 4749 737 4800 σίν
767 4765 890 4800 τινα
919 4746 1020 4816 τῆς
1045 4745 1268 4817 Γραφῆς
1303 4744 1724 4814 ὁμολογοῦντας,
1753 4746 1812 4798 ὲν
1842 4745 2006 4816 ἑτέρᾳ
2029 4743 2086 4798 δὲ
2111 4745 2297 4816 ἕτερα,
2365 4747 2462 4802 καὶ
2521 4750 2582 4801 ἐν
2649 4749 2784 4820 ἄλλῃ
2824 4749 2959 4804 ἄλλα
2985 4770 2996 4782 ·
3031 4752 3168 4824 ὅπερ
3203 4753 3292 4808 διὰ
3321 4754 3416 4823 τὴν
3475 4742 3730 4819 ἀγροικίαν
3766 4747 3828 4785 τι-

653 4840 759 4893 νῶν
789 4838 1126 4909 πειράσομαι
1153 4836 1452 4900 ἀποδεῖξαι.

724 4907 904 5000 Φρέαρ
939 4907 1195 4999 ιριιιειιηι)
1223 4927 1444 4997 quidam
1477 4927 1661 4981 Acher
1690 4925 1882 4980 dicunt
1910 4926 2236 4996 ὀρωρυγμέ-
2401 4927 2582 4996 Φρέαρ
2629 4929 2770 4990 τινὲς
2806 4929 2864 4980 ἐν
2889 4932 2955 5000 τῇ
2985 4929 3176 5000 Ἀχαΐᾳ
3212 4930 3424 4999 λέγουσι
3453 4927 3546 4997 τὴν
3570 4907 3827 5010 ὀρωρυγμέ-

655 5041 752 5092 νην
783 5023 966 5092 πηγὴν
1002 5020 1274 5090 (effossam
1304 5019 1712 5092 scaturriginem)
1742 5058 1754 5082 ,
1801 5027 1853 5072 et
1902 5017 2106 5088 λέϐητα
2142 5018 2237 5072 καί

2209 5018 2237 5070 ,ἰ
2334 5034 2432 5086 νην
2473 5018 2690 5088 πηγήνο
2727 5018 2823 5072 καὶ
2851 5019 3057 5090 λέϐητα
3094 5021 3190 5074 καὶ
3215 5019 3512 5087 κακκάϐην,
3543 5013 3634 5082 τὴν
3666 5004 3824 5104 Χαλξῆν

655 5114 944 5184 nauitqu
974 5113 1209 5182 (lebetem
1237 5121 1284 5165 et
1314 5111 1522 5179 ollam),
1546 5110 1755 5180 χαλκῆν
1778 5111 1984 5180 χύτραν
2015 5112 2234 5177 (amcam

2210 5127 2234 5162 νι
2333 5104 2542 5178 χύτραν
2563 5123 2576 5136 ⁸
2609 5107 2645 5162 ἃ
2678 5109 2832 5179 παρὰ
2875 5109 2983 5164 τῶν
3027 5113 3084 5164 έν
3112 5112 3422 5183 Μακεδονίᾳ
3459 5105 3722 5184 ἀγνοεῖται·
3746 5104 3825 5143 ωσο

655 5205 936 5274 scutram),
988 5220 1111 5272 qua:
1135 5220 1164 5257 a
1190 5203 1580 5257 Macedonibus
1617 5203 1961 5271 ignorantur,
1993 5211 2053 5256 ut
2081 5217 2230 5271 qua:-

2207 5231 2230 5242 -
2333 5215 2440 5270 περ
2473 5199 2595 5251 τινὰ
2639 5199 2844 5253 τούτων
2873 5203 3150 5268 ἀγνοεῖται
3196 5205 3326 5275 παρ’
3359 5201 3606 5258 ἐκείνοις.
3627 5183 3720 5243 οἷον
3738 5196 3821 5283 “fi:

657 5297 784 5350 dam
817 5265 1172 5348 Macedonum
1207 5294 1274 5346 ab
1299 5293 1538 5355 Achaeis,
1562 5265 1742 5360 qualia
1778 5265 2232 5362 στιὸὴφναίηα),

2206 5311 2232 5356 ’ς
2334 5265 2439 5362 6ὴί
2469 5292 2700 5358 κόνυζα,
2731 5265 2988 5365 μυρσίνη.
3023 5297 3086 5348 οι
3115 5294 3173 5350 δὲ
3207 5265 3420 5368 mn,
3445 5285 3666 5358 ἀγνοοῦσι
3692 5265 3821 5329 πολλὰ

657 5385 859 5449 κόνυζα
908 5385 1042 5455 (fera
1097 5383 1325 5453 cunila),
1379 5392 1432 5436 et
1468 5383 1706 5452 μυρσίνη
1743 5383 2012 5452 (myrtus).
2046 5384 2234 5438 Cretes

2206 5399 2234 5438 ε
2331 5383 2560 5437 τοιαῦτα
2579 5404 2592 5416 ·
2623 5385 2928 5451 Λατινικῶς
2964 5387 3216 5454 λέγοντες
3243 5389 3333 5442 διὰ
3356 5387 3450 5459 τὴν
3471 5381 3652 5438 τούτων
3677 5372 3819 5462 {MPT

657 5492 840 5534 autem
879 5478 1046 5532 multa
1083 5477 1232 5541 talia,
1262 5489 1481 5546 pr0pter
1516 5479 1904 5530 commercium
1938 5477 2230 5530 latinizan-

2203 5505 2230 5518 -
2341 5473 2461 5540 ξίαν
2481 5514 2497 5538 ,
2533 5475 2652 5546 ἦτοι
2676 5475 2767 5529 τόν
2791 5477 3106 5543 στενωπὸν,
3141 5478 3240 5549 τὴν
3277 5457 3482 5550 ῥύμην·
3515 5469 3597 5524 καὶ
3623 5467 3670 5516 ὲν
3691 5457 3818 5550 γλακά·

659 5581 762 5636 tes,
797 5571 1089 5641 ignorant,
1139 5568 1347 5623 scilicet
1405 5567 1674 5620 στενωπὸν
1707 5569 2008 5638 (anquslam
2043 5567 2228 5632 riam).

2200 5585 2228 5627 ι,
2338 5580 2482 5627 νοις·
2517 5564 2738 5629 δαῦκον,
2781 5566 3017 5636 κρόκον,
3051 5566 3428 5638 βούγλωσσον,
3475 5549 3815 5634 μακεδονῆσί⁶ν’

661 5662 842 5732 ῥύμην
911 5663 1152 5730 (vicum),
1203 5669 1366 5728 atque
1411 5662 1552 5714 inter
1597 5660 1742 5714 olera
1789 5659 1989 5713 δαῦκον
2037 5659 2228 5728 (ferum

2196 5675 2228 5712 η
2341 5655 2598 5726 σάψυχον.
2630 5657 2734 5708 Καὶ
2764 5658 2855 5708 τὸν
2873 5657 3076 5730 λέϐητα
3108 5660 3396 5729 κατολίγον
3428 5643 3811 5730 βαρδαρὼσαντεςι
