4090 6286
312 283 450 348 1349

1353 286 1450 348 DE
1492 283 1728 349 DIVIN.
1768 288 2057 349 SCRIPT.
2098 283 2529 351 UTILITATE.

3422 291 3558 357 1350

305 396 526 462 λαϐἑνζι
569 396 842 467 λέγουσιν.
895 395 1129 469 Ὁμοίως
1159 397 1254 452 καὶ
1286 401 1343 454 ὲν
1385 401 1618 470 ἑτέροις.
1656 401 1812 454 Ἐστι
1838 401 1881 454 δ’

1990 401 2260 465 nautam),
2292 402 2490 472 κρόκον
2523 400 2798 472 (crocum),
2821 396 3163 470 βούγλωσσον
3193 401 3558 474 (buglossam),

305 484 399 543 οὖν
439 488 588 558 ὁμῶς
633 489 669 544 ἃ
716 487 826 541 τῶν
853 488 1133 559 ὀνομάτων
1165 491 1260 542 καὶ
1305 489 1762 564 Ἑλληνικώτερον
1787 493 1882 544 ὲκ-

308 581 566 650 φέρουσιν
593 581 733 652 ὑπὲρ
755 582 879 644 τοὺς
903 583 960 635 ὲν
983 583 1106 646 ταῖς
1131 581 1322 645 ἄλλαις
1346 583 1552 654 χώραις
1571 603 1582 614 ·
1606 578 1737 646 οἷον,
1771 583 1884 653 ἔρι-

309 689 428 740 φον,
479 669 607 740 αἶγα
627 711 643 734 ,
689 671 932 739 κολοιὸν,
995 673 1326 744 κορυδαλὸν,
1361 674 1656 746 στρύχνον,
1707 673 1884 746 βρυω-

308 766 448 817 νίαν.
492 763 724 833 Ὁμοίως
747 763 840 817 καί
868 781 990 818 τινα
1020 766 1243 836 ῥήματα
1283 763 1427 836 άπερ
1459 765 1562 820 οὐκ
1592 765 1798 818 οῐδασιν
1825 767 1883 818 ὲν

308 854 522 927 ἑτέραις
548 854 774 925 χώραις.
811 855 952 910 Ἀλλ’
985 856 1121 912 ἄλλα
1160 855 1286 910 τινὰ
1324 858 1404 920 εἰς
1433 856 1591 910 ἄλλον
1633 856 1758 910 νοῦν
1793 846 1883 910 πί-

311 961 512 998 πτοντα
529 961 544 978 ·
575 941 686 998 οἷον
706 947 1018 1018 ἀδημονεῖν,
1049 948 1430 1019 εἰρωνεύεσθαι
1451 965 1465 981 ·
1496 948 1590 1003 καὶ
1613 950 1662 1001 οἱ
1687 950 1743 1002 ἐν
1765 952 1882 1014 ταῖς

309 1033 606 1105 ἡμετέραις
639 1035 868 1106 χώραις,
903 1038 1003 1090 ούκ
1039 1037 1216 1090 οἴδασι
1253 1039 1518 1110 διαφορὰν
1563 1038 1746 1108 πηγῆς
1789 1040 1883 1092 καὶ

308 1125 536 1196 κρουνοῦ
560 1143 572 1156 ’
595 1127 712 1180 ἀλλ’
737 1127 951 1182 ἅπαντα
986 1129 1178 1200 βρύσιν
1215 1130 1470 1184 καλοῦσιν
1496 1147 1510 1160 ·
1541 1131 1590 1183 οἱ
1618 1130 1673 1183 δὲ
1705 1132 1763 1184 ἐν
1785 1132 1884 1183 Κε-

308 1219 568 1289 φαληνίᾳ,
601 1220 712 1273 ἔσθ’
736 1221 872 1274 ὅπου
915 1223 1010 1275 καὶ
1041 1225 1244 1293 πηγήν.
1276 1224 1386 1276 Καὶ
1415 1225 1464 1276 οἱ
1493 1225 1550 1276 ἐν
1577 1223 1882 1288 Σωζοπό).ει

307 1309 373 1377 τῇ
405 1309 544 1361 κατὰ
578 1308 800 1370 Πόντον,
831 1310 1064 1381 κρουνόν
1099 1327 1200 1364 που
1225 1328 1239 1342 ο
1273 1312 1365 1364 καὶ
1398 1314 1446 1365 οἱ
1478 1313 1534 1366 ὲν
1574 1313 1880 1380 ’Λδριανου-

309 1399 462 1452 πόλει
497 1400 647 1470 ἰκρία
667 1400 885 1469 λέγουσι
914 1419 1036 1456 τινα
1069 1403 1318 1475 ἐπιμήκη
1356 1403 1510 1470 ξύλα.
1537 1402 1794 1472 Στάϐαρα
1825 1402 1881 1454 δὲ

309 1487 428 1542 ἀντὶ
475 1487 570 1541 τοῦ
605 1489 872 1561 σταυροὺς
911 1493 968 1544 ὲν
989 1492 1324 1563 Μακεδονία,
1369 1493 1438 1546 τὰ
1472 1495 1530 1546 ἐν
1557 1495 1669 1556 τοίς
1702 1507 1880 1561 φραγ-

311 1582 452 1648 μοῖς.
482 1579 734 1633 Διατόνια
764 1579 821 1632 δὲ
856 1581 905 1633 οἱ
971 1581 1258 1636 Ζακύνθιοι
1288 1585 1354 1636 tit
1399 1583 1644 1650 πλαγίως
1677 1583 1882 1636 τούτων

307 1671 567 1742 τιθέμενα
619 1673 888 1744 ἐπιμήκη.
926 1675 1036 1727 Καὶ
1093 1675 1142 1726 οἱ
1185 1676 1283 1745 μὲν
1327 1677 1584 1746 ἡμέτεροι
1630 1677 1750 1729 ἀντὶ
1788 1675 1879 1728 τοῦ

1993 490 2498 563 μακεδονήσιονᾘῖ]
2533 501 2586 546 ct
2617 491 2860 561 σάψυκον
2881 487 2934 564 [ἶ
2966 495 2978 565 j
3008 494 3244 564 Λέϐητα,
3275 496 3559 566 paululum
3669 489 3676 500 ⁸

1990 580 2417 644 barharizantes,
2433 581 2656 648 λαϐἐνζι
2679 583 2900 650 dicunt;
2924 593 3164 638 attamen
3187 587 3403 640 nomina
3419 604 3558 658 quae-

1989 669 2112 723 dam
2152 674 2327 740 magis
2357 669 2634 726 llellenice
2669 687 2831 742 quam
2867 673 2960 726 alii
3001 675 3341 744 exprimunt,
3373 677 3557 746 qualia

1989 759 2177 832 ἔριφος
2212 763 2460 833 (haedus),
2495 762 2583 828 αἲξ
2610 764 2840 833 (capra),
2880 763 3087 828 κολοιὸς
3119 765 3432 836 (graculus),
3461 785 3555 821 κο-

1993 853 2218 922 pusum;
2271 854 2541 925 (galerita)
2568 895 2582 920 ,
2619 854 2882 926 στρύχνος
2923 857 3268 929 (stryclmus),
3319 857 3560 930 βρυωνία

1991 943 2130 1013 (fera
2179 944 2504 1014 cucurbita),
2548 947 2761 1016 aliaque
2793 948 2926 1002 alias
2960 948 3246 1020 ignorata;
3285 951 3378 1005 sed
3410 967 3559 1021 quae-

1989 1035 2114 1089 dam
2147 1035 2251 1089 alia
2283 1035 2334 1088 in
2367 1037 2534 1090 alium
2571 1053 2793 1092 sensum
2828 1049 3102 1106 avertunt,
3133 1043 3313 1107 qualia
3353 1043 3560 1114 ἀδημο-

1989 1129 2100 1181 νεῖν
2132 1127 2452 1196 (desperare)
2503 1138 2556 1181 et
2601 1129 2986 1199 εἰρωνεύεσθαι
3017 1132 3327 1202 (cavillari).
3362 1133 3558 1188 Nostra

1990 1218 2045 1270 in
2089 1218 2309 1287 regione
2353 1218 2602 1271 nesciunt
2632 1220 2908 1286 quomodo
2938 1223 3087 1291 πηγὴ
3133 1237 3163 1275 8
3211 1220 3424 1291 κρουνῷ
3455 1222 3560 1291 (ω’

1988 1309 2148 1364 liente
2190 1309 2359 1374 unda)
2423 1311 2658 1374 didcrat,
2698 1309 2988 1381 fontesque
3020 1327 3212 1368 omnes
3245 1312 3436 1384 βρύσιν
3463 1329 3560 1366 vo-

1991 1408 2135 1452 cant.
2170 1396 2404 1464 Quidam
2456 1413 2486 1452 e
2531 1397 2918 1468 Cephalonicis
2968 1399 3152 1472 πηγὴν
3201 1401 3473 1468 retinent,
3504 1411 3560 1456 et

1989 1486 2216 1558 κρουνὸν
2249 1487 2342 1555 qui
2385 1485 2754 1560 Sosopolitani
2795 1488 2951 1558 juxta
3005 1489 3236 1544 Pontum
3289 1491 3552 1546 habitant.

1987 1576 2456 1646 Adrianopolitani
2494 1579 2642 1648 ἰκρία
2673 1579 2861 1632 dicunt
2892 1581 3081 1651 longas
3126 1581 3340 1646 trabes;
3386 1581 3560 1636 Macr-

1988 1669 2160 1723 dones
2193 1677 2372 1722 autem
2401 1668 2650 1740 στάϐαρα
2689 1685 2788 1738 pro
2808 1673 3033 1744 σταυροὶ
3049 1672 3355 1743 (vallorum)
3379 1675 3470 1744 qui
3503 1674 3556 1728 in

309 1765 535 1828 ἀνάστα,
578 1765 860 1837 σηκώθητι
903 1765 1184 1834 λέγουσιν’
1221 1768 1401 1832 οἱονεὶ,
1433 1768 1792 1838 κουφίσθητιο
1833 1768 1881 1819 οἱ

1990 1761 2209 1830 sepibns
2240 1761 2590 1826 adhibentur,
2615 1773 2665 1814 ιιι
2690 1760 2974 1832 Zacynthii
3007 1764 3250 1818 διατόνισ.
3267 1765 3435 1820 vallos
3465 1765 3558 1836 qui

307 1856 364 1909 δὲ
414 1855 674 1927 Κύπριοι,
739 1855 1118 1921 ὲλλειπτικῶς,
1148 1856 1281 1911 ἄνω
1315 1856 1408 1910 καὶ
1451 1857 1501 1910 oi
1552 1858 1884 1927 Κερκυραῖοι

306 1946 508 2016 ὁμοίως
546 1946 609 2000 τδ
638 1947 786 2016 ἑξῆς,
819 1947 980 2004 ἄστα.
1017 1945 1289 2012 Ὡσαύτως
1333 1948 1572 2017 Κύπριοι
1604 1949 1698 2000 καὶ
1732 1947 1886 2017 Κρῆ-

309 2053 400 2100 τες
433 2037 718 2107 γραφικῶς
749 2037 964 2106 λέγουσι
996 2039 1056 2091 τὸ
1085 2039 1260 2109 χαμαί¹
1304 2038 1398 2092 καὶ
1434 2039 1735 2108 ,ἀριστεράο
1770 2037 1886 2092 ἓτε-

313 2143 396 2198 ροι
421 2126 478 2180 δὲ
503 2126 982 2202 βαρϐαρικώτερον
1015 2129 1187 2183 ταῦτα
1223 2129 1480 2199 λέγουσι·
1511 2130 1605 2184 καὶ
1639 2129 1759 2184 ἀντὶ
1791 2129 1884 2183 τοῦ

309 2221 486 2290 χαμοιῖ¹
525 2221 676 2275 κάτω
703 2219 953 2290 λέγουσι·
985 2221 1046 2276 τδ
1076 2222 1134 2276 δὲ
1173 2222 1345 2286 κάτω,
1381 2225 1567 2294 σχέσιν
1596 2223 1710 2296 ἔχει
1749 2224 1887 2294 πρὸς

308 2313 372 2366 τὸ
415 2311 550 2368 ἄνω.
595 2312 706 2366 Καὶ
749 2315 796 2367 οί
837 2313 977 2367 κατὰ
1023 2317 1123 2384 τὴν
1157 2314 1449 2368 Ἀπουλίαν
1493 2316 1588 2370 καὶ
1633 2315 1886 2368 Σικελίαν

307 2403 432 2456 τινὰ
465 2404 606 2457 κατὰ
648 2405 739 2457 τὸν
768 2405 928 2475 νόμον
953 2405 1052 2474 τῆς
1082 2405 1305 2476 Γραφῆς
1331 2406 1700 2476 προφέρουσιν
1726 2422 1739 2436 ο
1772 2399 1885 2460 οἷον

311 2491 508 2545 ἐκλασε
535 2493 626 2544 τὸν
654 2491 818 2562 ἄρτον
837 2533 854 2559 ,
885 2495 980 2547 καὶ
1005 2496 1131 2563 ἄρτι
1151 2495 1528 2564 παραγέγονα.

382 2583 494 2636 Καὶ
520 2583 832 2654 Καρπάθιοι
855 2584 1005 2654 ἥμην
1035 2583 1308 2652 λέγουσιν,
1343 2585 1466 2638 άντὶ
1491 2585 1582 2640 τοῦ
1612 2586 1880 2658 ὑπῆρχον⁹

313 2674 388 2738 ὡς
443 2673 502 2727 δὲ
533 2672 882 2745 Ἀρτακήσιοι
919 2675 1013 2730 καὶ
1045 2675 1350 2748 Κυζικηνοὶ
1399 2677 1670 2749 ὲδάρθηνα
1695 2679 1885 2749 λέγου-

315 2783 432 2818 σιν·
473 2767 612 2837 ὅπερ
641 2767 690 2820 οἱ
725 2767 866 2820 κατὰ
909 2767 1007 2838 τὴν
1037 2768 1315 2840 ἡμετέραν
1348 2769 1626 2824 διάλεκτον
1654 2771 1886 2844 ἐδάρθη-

314 2872 386 2908 κα
432 2855 721 2924 λέγουσιν-ο
755 2857 807 2909 οἱ
847 2856 905 2910 δὲ
938 2856 1170 2926 Πόντιοι,
1205 2858 1457 2929 ὲδάρθην.
1511 2859 1744 2930 Ὀμοίως
1793 2863 1886 2914 καὶ

313 2944 550 3008 λεπάδας
616 2945 816 3015 ϐστρεά
855 2961 976 3001 τινα
1038 2947 1136 3000 καὶ
1179 2946 1411 3018 βραγχία
1439 2949 1507 3000 τὰ
1537 2949 1630 3001 τοῦ
1667 2948 1880 3020 ἰχθύος·

314 3035 504 3106 ὥσπερ
528 3035 664 3106 δῆτα
693 3038 786 3090 καί
801 3036 1228 3108 Ἑλλησπόντιοι.
1249 3037 1492 3110 Εὕρηται
1517 3039 1574 3092 δὲ
1593 3039 1765 3102 ταῦτα
1790 3041 1885 3093 οὖ-

313 3143 392 3178 τω
441 3126 534 3179 καὶ
585 3127 735 3196 παρὰ
779 3130 1032 3196 ποιηταῖς
1083 3145 1143 3181 τε
1197 3130 1292 3186 ua).
1329 3131 1660 3199 φιλοσόφοις.
1715 3131 1777 3185 Οί
1827 3130 1884 3182 δὲ

315 3213 532 3280 πλείους
565 3217 624 3270 ἐν
664 3219 730 3286 τῇ
763 3217 884 3271 καθ’
911 3218 1059 3288 ἡμᾶς
1085 3219 1240 3292 χώρᾳ⁵
1281 3220 1410 3292 σύρε
1454 3221 1728 3291 λέγουσιν,
1763 3223 1886 3276 ἀντὶ

313 3301 408 3356 τοῦ
442 3301 618 3373 ὕπαγε
637 3319 653 3334 ο
685 3305 800 3360 ἔστι
828 3307 885 3360 δὲ
911 3307 1276 3372 ὲλλειπτικὺν,
1332 3311 1456 3365 άντὶ
1478 3311 1573 3366 τοῦ
1603 3311 1736 3383 σύρε
1759 3315 1886 3377 τοὺς

316 3395 516 3460 πόδας·
549 3396 584 3468 ἢ
624 3397 750 3452 ἕλκε
793 3399 892 3470 τὴν
930 3399 1051 3456 ὀδόν
1075 3401 1178 3472 (5).
1220 3402 1376 3466 Τινὲς
1411 3402 1473 3456 τὸ
1503 3402 1616 3457 ἄνω
1644 3405 1741 3457 καὶ
1777 3403 1886 3456 ἔσω

316 3487 457 3542 κατὰ
501 3487 600 3558 τὴν
631 3490 862 3561 ἀρχαίαν
895 3492 1182 3562 συνήθειαν
1223 3493 1317 3546 ἐπὶ
1357 3493 1468 3546 τῶν
1510 3493 1885 3566 ἀροτριώντων

317 3576 456 3646 βοῶν
487 3578 704 3646 λόγουσι
725 3593 738 3607 ·
775 3581 850 3650 μὴ
876 3579 1234 3650 ἐπιστάμενοι
1261 3581 1421 3634 τοῦτο
1466 3582 1526 3646 ἐξ
1555 3584 1796 3650 ἀμαθίας
1827 3585 1885 3636 ἐν

317 3669 525 3736 ἑτέροις
573 3667 839 3737 χρᾶσθαιο
886 3668 1218 3739 νομίζοντες,
1257 3671 1338 3724 ὅτι
1375 3673 1486 3734 τοῖς
1531 3671 1687 3741 βουσὶ
1727 3672 1887 3726 τοῦτο

318 3755 472 3820 ἴδιον,
505 3757 554 3809 ot
597 3756 734 3827 βοῶν
759 3757 1110 3830 ἁλογώτεροι.
1149 3759 1312 3814 Ἀλλὰ
1335 3763 1432 3814 καὶ
1457 3762 1611 3832 παρὰ
1639 3763 1886 3832 γυναιξὶν

317 3845 436 3898 ἔστι
462 3847 587 3900 τινὰ
608 3847 948 3920 ἐκφερόμενα
973 3849 1355 3921 σχετλιαστικὰ
1375 3853 1728 3926 ἐπιρρήματα
1747 3853 1886 3908 κατὰ

315 3937 442 4000 τοὺς
490 3937 750 4003 παλαιούς
771 3956 787 3971 ·
817 3935 930 3994 οἷον
962 3941 1022 3996 τὺ
1063 3941 1180 3996 ιούο
1222 3943 1284 3996 τὸ
1323 3942 1488 3997 αἰϐοί.
1529 3943 1760 4015 Ὁμοίως
1791 3945 1885 4000 καὶ

316 4025 471 4097 παρὰ
511 4028 764 4092 Λεσϐίοις
820 4030 882 4084 τὸ
931 4027 968 4086 ἆ
1015 4033 1382 4104 ἐκπληκτικὸν
1411 4030 1553 4106 ὃν,ἧ
1585 4037 1885 4106 ποιητικῶς

317 4117 672 4190 προφέρεται,
720 4121 816 4175 καὶ
845 4120 907 4174 τὸ
933 4122 1076 4187 τέως
1111 4125 1384 4194 χρονικόν.
1423 4125 1802 4198 Ἐπαρώμενοι
1824 4127 1882 4182 δέ

317 4225 450 4262 ποτε
479 4209 760 4280 ἀλλήλους,
786 4215 1042 4283 καρκτνος
1074 4211 1313 4284 λέγουσι,
1358 4217 1500 4270 κατὰ
1524 4219 1885 4290 ἐπικράτησιν

317 4300 554 4355 παλαιάν
573 4317 588 4332 ·
616 4302 718 4356 οὐκ
741 4302 916 4356 οῐδασι
935 4303 1014 4368 δὲ,
1035 4303 1223 4374 διόπερ
1248 4305 1408 4360 τοῦτο
1432 4307 1697 4377 λέγουσιν.
1725 4309 1883 4364 Ἔστι

1991 1853 2044 1905 in
2078 1862 2482 1906 transversum.
2523 1850 2708 1906 Nostri
2743 1867 2842 1921 pro
2874 1854 3080 1907 ἀνάστα
3101 1853 3434 1924 (sta)dicunt
3464 1872 3559 1924 ση-

1987 1942 2194 2012 κώθητι
2213 1950 2306 1996 aut
2330 1942 2672 2012 κουφισθητι,
2693 1943 2876 2012 Cyprii
2904 1945 3142 2013 elliptice
3173 1945 3558 2017 dva,Corcyrii

1989 2043 2168 2085 autem
2198 2033 2358 2085 ἄστα.
2391 2031 2575 2102 Cyprii
2613 2041 2666 2085 et
2693 2031 2882 2088 Cretes
2918 2035 3094 2103 χαμαὶ
3130 2035 3322 2104 (humi)
3355 2042 3407 2088 et
3431 2035 3556 2105 ἀρι-

1989 2123 2156 2193 στερὰ
2183 2123 2448 2190 (sinistra)
2479 2123 2749 2186 scribunt,
2774 2139 2895 2192 qure
2925 2124 3019 2178 alii
3047 2125 3222 2195 magis
3251 2125 3557 2189 barbarico,

1986 2223 2038 2267 et
2067 2227 2164 2282 pro
2197 2211 2370 2282 χαμσιλ¹
2395 2251 2410 2272 ,
2447 2211 2600 2265 κάτω
2633 2212 2966 2284 (deorsum),
2997 2213 3266 2270 referente
3300 2213 3452 2268 κάτω
3487 2214 3554 2268 ad

1987 2305 2099 2358 ἄνω
2137 2304 2413 2374 (sursum).
2443 2303 2604 2373 Apuli
2633 2304 2912 2374 Siculique
2931 2307 3176 2374 quadam
3213 2307 3278 2360 ad
3312 2307 3554 2378 regulam

1989 2395 2272 2465 scripturae
2312 2395 2628 2464 proferunt,
2664 2396 2849 2465 qualia
2881 2395 3077 2448 ἐκλασε
3112 2395 3205 2450 τὸν
3235 2397 3396 2468 άρτον
3423 2394 3556 2467 (fre-

1986 2487 2064 2555 git
2091 2485 2324 2556 partem),
2349 2485 2476 2556 άρτι
2507 2487 2860 2556 παραγέγονα
2892 2486 3052 2553 (nunc
3086 2487 3324 2558 adsum).

2055 2577 2338 2649 Carpathii
2393 2579 2540 2648 ήμην
2593 2595 2692 2649 pro
2743 2580 2990 2650 ὑπῆρχον
3037 2579 3250 2652 (eram).
3291 2582 3558 2640 Artacesii

1987 2669 2352 2742 Cysicenique
2395 2669 2667 2740 ὲδάρθηνα
2721 2671 2910 2725 dicunt
2957 2687 3054 2741 pro
3093 2672 3312 2728 dialecti
3361 2686 3561 2730 nostrae

1988 2764 2154 2818 verbo
2187 2761 2465 2834 ὲδάρθηκα
2512 2762 2812 2832 (dormivi);
2859 2761 3017 2816 Ponti
3060 2761 3256 2818 incola:
3301 2765 3557 2836 ὲδάρθην,

1986 2853 2080 2923 qui
2111 2861 2167 2908 et
2191 2853 2434 2916 λεπάδας
2461 2861 2662 2907 vocant
2689 2861 2902 2906 ostreas
2931 2853 3196 2922 quasdam
3228 2863 3283 2908 et
3323 2854 3559 2924 piscium

1985 2945 2300 3010 branchias,
2331 2945 2472 3000 sicut
2501 2953 2557 2998 et
2584 2943 2673 3013 qui
2705 2943 2852 2998 circa
2883 2943 3296 3014 Hellespontum
3335 2961 3563 3002 versan-

1989 3049 2100 3091 tur.
2119 3037 2224 3091 lsta
2257 3037 2420 3090 verba
2450 3037 2502 3088 in
2530 3035 2700 3104 poetis
2729 3050 2936 3090 necnon
2958 3036 3012 3089 in
3044 3036 3386 3106 philosophis
3402 3051 3558 3106 repe-

1993 3129 2124 3183 rias.
2150 3126 2364 3198 Saepius
2394 3127 2448 3182 in
2479 3135 2668 3182 nostra
2715 3129 2937 3195 regione
2965 3141 3064 3196 pro
3102 3127 3282 3196 ὕπαγε
3307 3129 3560 3198 (discede)

1991 3219 2204 3285 audias,
2237 3219 2369 3290 σύρε
2427 3219 2647 3288 (trahe),
2683 3218 2922 3286 elliptice
2946 3207 3048 3286 pro
3077 3218 3208 3288 σύρε
3241 3217 3368 3282 τοὺς
3395 3219 3561 3282 πόδας

1993 3311 2166 3381 (trahe
2201 3313 2401 3380 pedes),
2427 3320 2522 3364 aut
2550 3309 2676 3362 ἕλκε
2712 3309 2812 3380 τὴν
2837 3309 2958 3362 ὁδόν
2985 3309 3213 3380 (corripe
3240 3313 3384 3380 iter).
3421 3311 3559 3377 Qui-

1993 3402 2118 3456 dam
2150 3417 2214 3455 ex
2247 3402 2476 3470 antiquo
2509 3416 2611 3455 usu
2639 3400 2752 3454 ἄνω
2781 3410 2837 3456 et
2865 3401 2974 3454 ἔσω
3000 3402 3260 3466 clamant,
3297 3403 3462 3458 boves
3487 3403 3562 3455 in-

1991 3491 2268 3560 crepando
2307 3498 2559 3553 arantes,
2596 3491 2906 3546 nescientes
2948 3493 3061 3548 haec
3092 3493 3256 3548 verba
3299 3494 3350 3548 in
3391 3495 3559 3548 alium

1993 3596 2218 3636 sensum
2262 3580 2460 3650 accipi,
2507 3581 2796 3648 solumque
2837 3582 3012 3635 bobus
3041 3585 3420 3638 convenientia
3461 3587 3562 3638 du-

1991 3680 2194 3736 centes,
2247 3670 2348 3740 ipsi
2400 3670 2575 3726 bobus
2627 3670 2893 3725 rudiores.
2952 3670 3210 3728 Mulieres
3257 3683 3439 3729 autem
3493 3692 3557 3729 ex

1993 3761 2329 3830 antiquitate
2396 3759 2777 3815 lamentabiles
2832 3761 3032 3816 habent
3085 3763 3510 3819 exclamationes
3543 3805 3559 3830 ,

1991 3853 2190 3922 quales
2225 3852 2329 3919 iob,
2365 3851 2516 3906 αίϐοί
2544 3853 2740 3923 (eheu).
2766 3851 2978 3906 Pariter
3011 3861 3064 3908 et
3089 3851 3290 3909 Lesbii.
3323 3853 3559 3909 Verbum

1992 3936 2028 3994 ἆ
2048 3979 2063 4005 ,
2109 3940 2256 4010 quod
2286 3941 2354 3996 ad
2399 3947 2664 3995 terrorem
2697 3940 3052 4010 injiciendum
3085 3941 3138 3996 in
3164 3957 3268 3998 usu
3299 3951 3386 3999 est
3431 3957 3562 4014 poe-

1993 4032 2099 4087 tice
2119 4028 2156 4102 ἦ
2183 4031 2479 4102 profertur.
2510 4030 2690 4087 Verbo
2720 4032 2858 4096 τέως
2891 4033 3205 4103 temporalis
3225 4045 3308 4090 est
3343 4051 3559 4099 sensus,

1990 4123 2085 4192 qui
2130 4122 2362 4177 invicem
2397 4122 2785 4191 imprecantur,
2815 4123 3144 4192 praevalente
3170 4125 3392 4195 antiqua
3423 4141 3558 4181 conv

1991 4211 2300 4276 suetudine,
2334 4211 2636 4265 nescientes
2677 4219 2858 4266 autem
2894 4227 3088 4280 quare,
3137 4213 3376 4268 clamant
3423 4233 3556 4287 καρο

1990 4305 2137 4356 κῖνον
2168 4303 2501 4372 (cancerem),
2535 4304 2680 4372 quod
2711 4303 2855 4372 apud
2887 4303 3125 4360 medicos
3157 4305 3378 4376 quidam
3412 4322 3558 4360 mor-

315 4391 372 4444 δὲ
401 4390 558 4445 τοῦτο
589 4394 719 4462 παρ’
747 4395 974 4465 ἰατροῖς,
1021 4394 1193 4457 πάθος
1218 4411 1272 4448 τι
1307 4396 1604 4468 συμϐαῖνον
1627 4398 1884 4466 πολλάκις

1993 4393 2096 4450 bus
2123 4408 2390 4450 mammas
2427 4393 2718 4448 mulierum
2753 4394 3036 4461 invadens,
3074 4405 3128 4450 et
3160 4397 3301 4464 apud
3332 4411 3432 4451 nos
3462 4399 3559 4450 κά-

317 4487 375 4536 ὲν
406 4487 516 4547 τοῖς
547 4483 658 4543 τῶν
685 4487 956 4554 γυναικῶν
990 4484 1181 4556 μαζοῖς
1205 4503 1218 4516 ·
1252 4489 1347 4542 καὶ
1394 4490 1424 4542 ό
1459 4490 1589 4561 παρ’
1619 4491 1754 4560 ἡμῖν
1783 4491 1884 4545 κά·

319 4574 505 4644 ϐειρος
525 4589 539 4603 ·
571 4575 666 4628 καὶ
701 4575 761 4629 τὸ
789 4577 890 4645 μὲν
923 4577 1102 4630 κοινὸν
1135 4579 1236 4630 οὐκ
1271 4577 1464 4632 οἷδασιο
1490 4579 1554 4632 τὸ
1581 4579 1640 4632 δὲ
1661 4581 1888 4648 πάγκοι·

320 4683 410 4719 νον
439 4667 576 4730 τέως
605 4665 963 4736 γινώσκουσιν
1011 4667 1223 4738 ἀλόγως
1245 4687 1261 4702 ο
1309 4668 1454 4723 καθὰ
1495 4669 1560 4740 δὴ
1607 4670 1702 4724 καὶ
1747 4672 1798 4724 οἱ
1831 4672 1888 4725 ἐν

321 4758 506 4828 Πόντῳ
569 4757 794 4828 ἡλάριον
845 4757 943 4830 μὲν
982 4759 1129 4812 ίσασι
1165 4759 1226 4812 τὺ
1257 4760 1489 4832 καρφίον
1510 4777 1524 4794 ⁸
1564 4757 1694 4835 ἧλον
1727 4761 1772 4816 δ’
1795 4761 1886 4817 οὔ*

320 4848 418 4902 καὶ
463 4847 513 4901 οι
550 4848 608 4900 ὲν
635 4847 866 4918 Κύπρῳ,
895 4848 1126 4918 ἱππάριν
1155 4849 1276 4917 μὲν,
1318 4849 1441 4920 οὐχὶ
1469 4849 1526 4902 δὲ
1557 4851 1651 4903 καὶ
1685 4849 1850 4905 ἵππον
1869 4867 1885 4884 ο

318 4943 396 5004 ὡς
422 4940 596 5010 δήπου
621 4939 715 4992 καὶ
733 4940 796 4992 oi
821 4941 879 4992 ὲν
928 4941 993 5010 τῇ
1027 4941 1279 5010 ἡμεδαπῇ
1321 4940 1570 5012 δοκάριον
1601 4941 1700 5012 μὲν
1729 4942 1888 5012 γινώ-

325 5048 536 5094 σκουσι,
579 5031 735 5084 δοκὸν
763 5031 807 5084 δ’
837 5032 1038 5102 ἥκιστα
1061 5049 1075 5061 ο
1110 5032 1286 5085 καίτοι
1311 5033 1497 5102 ὅμοιον
1527 5035 1683 5086 τοῦτο
1713 5035 1788 5098 ώς
1814 5034 1892 5088 εί-

323 5138 415 5174 ποι
435 5137 518 5182 τις
547 5120 699 5185 ξύλον
721 5123 816 5175 καὶ.
843 5121 1122 5192 ξυλάριον·
1157 5125 1246 5174 καὶ
1276 5125 1572 5194 νησσάριον
1597 5125 1770 5196 οἴδασι
1792 5127 1889 5196 τὴν

310 5212 578 5282 ’λιμναίαν
609 5213 778 5284 δρνιν,
819 5213 1024 5284 νῆσσαν
1061 5212 1355 5276 δὀύδόλως
1379 5228 1393 5242 '
1442 5216 1536 5267 καὶ
1585 5217 1890 5286 παρίππιον

328 5303 594 5366 συνθέτως
624 5305 718 5358 καὶ
747 5303 1090 5373 παραγώγως
1111 5321 1123 5335 ο
1152 5305 1330 5357 εἶτουν
1353 5306 1778 5375 παρασυνθέτως
1807 5324 1892 5376 γι-

326 5395 627 5449 νώσκουσιν
653 5413 664 5426 ·
697 5396 758 5448 ού
793 5399 898 5466 μὴν
924 5395 980 5449 δὲ
1011 5396 1102 5449 καὶ
1135 5397 1300 5449 ἵππον
1326 5413 1340 5428 ο
1372 5386 1490 5448 axx
1519 5396 1741 5466 ἄλογον
1770 5398 1892 5451 ἄλο⁴

327 5502 424 5552 γον
452 5486 530 5548 δὲ,
563 5488 625 5538 οὐ
661 5485 818 5556 μόνον
842 5488 1036 5548 ἶπποςο
1072 5487 1208 5541 ἀλλὰ
1231 5488 1324 5540 καὶ
1350 5487 1476 5558 βοῦς
1503 5489 1598 5542 καὶ
1619 5489 1740 5554 ovo;
1760 5509 1772 5522 ·
1802 5491 1892 5544 καὶ

329 5576 431 5628 ὅσα
459 5575 614 5642 λόγον
635 5576 735 5629 οὐκ
765 5576 966 5648 ἔχουσι.
1722 5576 1727 5581 ’

1991 4485 2174 4556 ϐειρος
2205 4493 2452 4540 vocatur.
2478 4484 2720 4540 Verbum
2743 4485 2922 4539 κοινὸν
2941 4486 3254 4558 (commune)
3283 4489 3556 4556 ignorant,

1993 4576 2287 4644 πάγκοινον
2320 4584 2502 4631 autem
2533 4575 2859 4645 jamdudum
2890 4579 3010 4633 sine
3037 4594 3206 4635 causa
3238 4579 3290 4633 in
3326 4595 3425 4634 usu
3461 4580 3560 4633 ha-

1991 4667 2208 4722 bentes.
2236 4665 2450 4722 Pariter
2497 4668 2591 4738 qui
2621 4666 2852 4723 Pontum
2899 4669 3142 4724 incolunt
3171 4669 3395 4740 ήλάριον
3424 4687 3559 4742 καρ-

1995 4759 2116 4828 φίον
2149 4767 2386 4814 noscunt
2407 4799 2422 4824 ,
2457 4760 2550 4813 sed
2580 4775 2688 4814 non
2717 4755 2846 4832 ἧλον
2876 4759 3148 4830 (clavum).
3182 4760 3364 4832 Cyprii
3399 4762 3562 4815 ἱππά-

1996 4867 2104 4921 ριν,
2156 4863 2264 4904 non
2306 4849 2473 4904 ἵππον
2509 4848 2786 4920 (equum),
2821 4850 2970 4906 sicut
3016 4859 3072 4906 et
3115 4866 3251 4918 nos;
3287 4853 3560 4924 δοκάριον.

1996 4955 2102 4996 non
2126 4941 2283 4994 δοκόν
2318 4940 2566 5010 (trabem)
2593 4959 2608 5010 ;
2640 4942 2894 4997 similiter
2923 4953 3104 4998 autem
3135 4943 3289 5008 ξύλον
3315 4944 3560 5014 (lignum)

1992 5042 2046 5089 et
2083 5033 2340 5104 ξυλάριον
2375 5033 2642 5088 dicerent.
2674 5033 2987 5106 Νησσάριον
3016 5033 3296 5106 (ditatem),
3331 5053 3437 5092 non
3466 5053 3564 5092 au-

1994 5131 2102 5178 tem
2130 5125 2354 5194 νῆσσαν,
2391 5133 2589 5178 vocant
2615 5125 2910 5194 palustrem
2943 5141 3122 5182 avem.
3154 5129 3467 5200 Παρίππιον
3495 5147 3559 5185 ex

1995 5212 2390 5283 compositione
2417 5213 2862 5286 derivationcque
2891 5218 3108 5285 habent,
3130 5235 3235 5274 non
3267 5228 3447 5276 tamen
3477 5222 3563 5274 ἰπ-

1996 5321 2118 5370 πον,
2141 5305 2235 5360 sed
2266 5305 2458 5373 άλογον
2488 5305 2770 5376 (animal);
2809 5307 3002 5376 ἄλογον
3036 5318 3216 5366 autem
3248 5327 3353 5366 non
3385 5313 3560 5366 solum

1995 5411 2220 5465 equum,
2269 5396 2362 5451 sed
2391 5397 2552 5452 etiam
2604 5399 2818 5466 bovem,
2849 5403 3088 5468 asinum;
3133 5412 3186 5457 et
3233 5404 3415 5458 omnia
3444 5419 3565 5474 quae

2000 5487 2208 5543 ratione
2237 5497 2426 5542 carent
2459 5489 2716 5546 animalia
2745 5491 3035 5561 significat.

403 5729 479 5801 (ὅ)
509 5729 782 5785 Schol.qu
803 5730 857 5786 in
892 5733 1172 5802 margine:
1203 5731 1294 5804 Τῷ
1325 5731 1506 5803 σύρειν
1524 5733 1642 5786 ἀντὶ
1668 5733 1760 5788 τοῦ
1789 5733 1885 5786 ἀπὲ

1990 5730 2146 5794 σθαι,
2178 5727 2270 5783 καὶ
2298 5726 2589 5798 Θεόκριτος
2620 5724 2903 5796 κέχρηται.
