4090 6286
570 267 704 338 i351

1799 275 2167 338 PACHOMII
2209 277 2548 341 MONACHI

3688 283 3805 350 1352

638 377 846 434 Ψιλοῦν
877 377 1104 450 (radere)
1131 387 1184 434 et
1207 379 1427 445 ἐξυλοῦν
1455 379 1622 452 (ligno
1659 384 1906 452 purgare)
1928 383 2112 440 dicunt

2312 389 2422 442 Kal
2469 388 2658 458 φιλοῦν
2688 388 2905 458 λέγουσι
2946 391 3035 444 τὸν
3069 385 3233 460 ἀγρὸν
3268 393 3370 445 καὶ
3401 391 3632 456 ὲξυλοῦν
3651 411 3665 424 ·
3686 395 3810 470 ὅπερ

569 476 713 544 quod
733 475 822 528 alii
839 474 1118 526 ὲλοκοπεῖν
1131 474 1430 544 (extricare)
1453 492 1466 541 ;
1493 475 1586 530 sed
1605 491 1778 546 neque
1801 476 1854 530 hi
1872 492 2046 546 neque
2059 477 2135 531 illi

569 566 748 620 sciunt
777 565 904 634 quid
937 563 1204 634 εῐιψιλὺν,
1223 565 1349 634 quid
1373 567 1444 621 sit
1475 565 1668 638 ὖ).η,ει
1690 567 1912 632 Hoc,”
1933 567 2134 638 quibus

577 657 842 726 originem
873 657 1072 711 habent
1100 657 1263 710 verba
1295 657 1435 724 apud
1465 657 1612 726 ipsos
1642 668 1924 729 usurpata.
1943 659 2136 715 Incolae

567 745 798 799 Athonis
824 785 840 810 ,
875 760 996 800 cum
1033 744 1181 809 ἅπαξ
1219 745 1418 818 (semet)
1455 748 1772 802 adverbium
1815 749 2134 820 quantitatis

569 837 820 901 habeant,
855 845 908 891 et
932 836 985 891 hi
1019 837 1284 906 multique
1310 838 1402 892 alii
1428 837 1511 903 δὶς
1538 839 1680 909 (bis),
1711 849 1770 894 ut
1793 855 1913 894 cum
1947 839 2136 895 dicunt

565 927 649 981 bis
686 928 740 980 in
780 931 949 990 hora,
986 927 1033 982 si
1069 937 1250 982 tamen
1283 929 1472 983 eadem
1521 931 1575 984 in
1623 929 1796 984 Biblia
1837 931 2130 1000 reperiant,

566 1032 672 1070 non
717 1017 1046 1086 intelligunt.
1081 1017 1264 1088 Cyprii
1296 1033 1363 1073 ex
1398 1019 1754 1074 similitudine
1796 1019 1926 1084 ἴσως
1949 1021 2130 1075 caeteri

563 1108 704 1177 τάχα
735 1107 1032 1178 (fortasse)
1065 1109 1276 1163 dicunt.
1325 1107 1554 1174 Quidam
1601 1109 1654 1163 in
1690 1109 1884 1166 insults
1935 1128 2132 1182 στοχα-

565 1197 700 1268 σμὸν
752 1198 1157 1268 (conjecturam)
1194 1206 1446 1262 noscunt,
1499 1199 1681 1252 caeteri
1715 1200 1988 1269 ignorant.
2023 1200 2130 1256 Alii

564 1292 870 1345 vocativum
925 1289 1242 1346 adverbium
1302 1285 1348 1344 ὧ
1407 1293 1637 1355 habent,
1695 1293 1786 1347 alii
1835 1303 2013 1348 autem
2080 1295 2128 1350 ἔ.

565 1381 666 1434 Alii
698 1395 794 1449 pro
821 1381 1040 1450 βλέπειν
1077 1381 1352 1450 (aspicere)
1386 1385 1597 1452 τηρεῖν,
1623 1382 1714 1436 alii
1738 1382 1986 1454 θεωρεῖν,
2010 1399 2130 1454 qua:

561 1473 614 1527 in
651 1475 816 1528 alium
845 1489 1064 1528 sensum
1092 1475 1320 1527 veniunt
1363 1475 1464 1528 etsi
1527 1475 1760 1543 quadam
1806 1476 2128 1546 cognatione

555 1560 764 1630 juncta.
799 1561 902 1615 Alii
937 1563 1188 1626 κυτάζειν
1229 1577 1258 1614 a
1291 1559 1590 1626 κυπτάζειν
1633 1563 1900 1634 (morari).
1942 1565 2126 1636 Cyprii

558 1651 776 1718 quidem
806 1649 1090 1720 participia
1146 1651 1199 1703 in
1246 1667 1346 1705 usu
1380 1650 1600 1716 habent,
1635 1651 1726 1706 alii
1759 1663 1943 1708 autem
1975 1669 2124 1717 raro,

2237 478 2470 549 ἀλλαχοῦ
2502 481 2780 534 ἐλοκοπεῖν
2798 497 2812 512 ·
2839 481 2954 534 ἀλλ’
2972 480 3096 535 οὔτε
3129 477 3273 536 οὗτοι
3295 523 3311 546 ,
3338 481 3474 535 οὔτε
3506 485 3702 537 ἐκεῖνοι
3732 501 3808 552 γι-

2235 573 2503 628 νώσκουσι
2545 576 2598 628 τί
2655 577 2772 628 ἐστι
2801 576 2976 647 ψιλὸν,
2999 577 3093 630 καὶ
3123 576 3178 630 τί
3209 575 3338 648 ῦλη,
3371 579 3471 630 καὶ
3504 578 3560 629 τί
3584 578 3730 642 ἕλοςο
3753 582 3810 635 ὲκ

2233 663 2439 718 τούτων
2487 666 2596 736 γὰρ
2637 667 2708 720 τὰ
2755 667 2884 738 παρ’
2913 666 3099 730 αὐτοῖς
3145 668 3396 738 ῥήματα.
3443 667 3684 736 Ὁμοίως
3725 672 3808 723 καὶ

2248 755 2530 810 Ἀθωνῖται
2557 773 2570 784 ·
2615 757 2676 810 τὸ
2707 757 2856 822 ἅπαξ
2895 757 3181 828 ὲπίῤῥημα
3223 758 3540 826 ποσότητος
3560 775 3574 789 ·
3606 762 3699 814 καὶ
3737 761 3808 825 δὶς

2233 847 2450 916 λέγουσι
2477 851 2572 904 καὶ
2599 845 2744 904 οῦτοι
2771 851 2863 904 καὶ
2887 851 2937 904 οί
2962 851 3204 904 πλεῖστοι
3226 866 3242 882 ·
3275 849 3358 914 ὡς
3389 851 3528 904 ὅταν
3555 849 3770 920 λέγουσι
3789 868 3804 884 ο

2232 937 2315 1002 δὶς
2359 938 2458 1011 τὴν
2495 939 2670 1012 ὥραν·
2702 941 2769 996 ἂν
2795 941 2842 996 δ’
2873 942 3147 996 ἀκούσωσι
3185 941 3349 996 τοῦτο
3385 943 3450 996 ἐν
3491 941 3717 1014 βιϐλίῳ,
3751 944 3806 996 ού

2235 1029 2512 1082 συνιοῦσι·
2544 1031 2638 1085 καὶ
2667 1033 2715 1084 οί
2744 1033 2842 1102 μὲν
2863 1033 3102 1104 Κύπριοι
3129 1034 3220 1088 ἐπὶ
3245 1033 3558 1104 είκασμοῦ,
3590 1035 3715 1098 ἴσως
3736 1035 3806 1087 λέ·

2230 1135 2418 1190 γουσιν
2446 1137 2461 1150 ·
2488 1123 2535 1174 οἱ
2565 1121 2620 1175 δὲ
2650 1121 2846 1186 λοιποὶ,
2877 1123 3047 1193 taxa“
3073 1125 3166 1178 καί
3195 1141 3346 1188 τινες
3383 1125 3445 1176 ἐν
3480 1127 3605 1186 ταῖς
3637 1126 3805 1194 νήσοις

2229 1214 2322 1267 τὸν
2350 1215 2656 1284 στοχασμὸν
2684 1213 3040 1284 γινώσκουσιν
3057 1229 3070 1246 ⁸
3104 1215 3280 1282 ἕτεροι
3309 1213 3372 1268 δὲ
3405 1212 3684 1284 οὐδαμῶς.
3705 1215 3800 1266 Καὶ

2229 1303 2377 1358 ἄλλοι
2410 1305 2510 1376 μὲν
2541 1306 2604 1359 τὸ
2647 1300 2692 1360 ὦ
2738 1305 2994 1374 κλητικδν
3032 1303 3344 1377 ἐπίρρημα,
3395 1303 3553 1358 ἄλλοι
3593 1303 3652 1355 δὲ
3695 1304 3803 1355 ἀντὶ

2227 1393 2442 1462 τούτου,
2476 1395 2537 1448 το
2567 1395 2609 1449 ε.
2641 1396 2750 1448 Kal
2779 1394 2925 1450 ἄλλοι
2955 1395 3076 1448 ἀντὶ⁵
3103 1392 3200 1447 τοῦ
3231 1392 3484 1464 βλέπειν,
3520 1392 3706 1461 τηρεῖν
3726 1390 3801 1443 λέ-

2227 1499 2434 1550 γουσιν,
2476 1482 2623 1538 ἄλλοι
2669 1482 2894 1554 θεωρεῖν
2917 1500 2930 1514 ·
2979 1481 3124 1554 ἅπερ
3151 1483 3231 1544 είς
3256 1481 3428 1535 ἄλλον
3467 1478 3592 1534 νοῦν
3623 1478 3802 1550 ἔρχον·

2226 1591 2340 1641 ται,
2363 1577 2412 1628 εἰ
2439 1576 2532 1630 καί
2559 1593 2680 1629 τινα
2704 1576 3012 1644 οἰκειότητα
3036 1573 3249 1644 ἔχουσιν
3272 1589 3288 1604 ο
3321 1571 3500 1636 ἄλλοι,
3531 1568 3798 1632 κυτάζειν,

2229 1667 2357 1730 ἴσως
2389 1667 2496 1720 ἀπὸ
2535 1667 2630 1720 τοῦ
2657 1667 2990 1733 κυπτάζειν·
3022 1667 3116 1720 καὶ
3161 1666 3210 1720 οἱ
3259 1665 3366 1734 μὲν
3403 1663 3677 1734 Κυθήριοι
3711 1662 3801 1724 τὰς

557 1749 613 1794 et
641 1755 752 1794 non
778 1749 944 1794 recte.
970 1740 1074 1792 Alii
1108 1741 1273 1794 verba
1309 1741 1506 1812 ἰδίωμα
1534 1742 1838 1812 (diatectus)
1873 1753 1928 1799 et
1948 1745 2117 1806 ποσῶς

2231 1725 2465 1828 μετοχὰς
2489 1757 2706 1828 ἔχουσιν
2736 1759 2793 1812 ὲν
2821 1725 3099 1828 συνηθείᾳ,
3128 1725 3282 1810 ἄλλοι
3313 1754 3375 1808 δὲ
3421 1725 3686 1815 σπανίως,
3713 1751 3798 1804 καὶ

558 1831 810 1903 (quadam
831 1831 1149 1901 quantitate)
1175 1831 1590 1899 proferunt,alii
1621 1832 1752 1886 ῐδιον
1783 1833 2122 1905 (proprium),

555 1917 648 1972 alii
683 1917 870 1980 ποσὸν,
909 1917 1226 1987 ignorantes
1279 1925 1458 1972 tamen
1488 1922 1638 1974 ποιὸν
1667 1921 1919 1990 (quadam
1945 1923 2124 1994 quali-

557 2006 684 2076 tate)
708 2047 722 2071 ,
755 2015 810 2061 et
835 2010 1109 2077 quomodo
1140 2009 1289 2059 ποῖον
1312 2006 1437 2077 (qua
1469 2009 1746 2081 qualitate)
1779 2011 1932 2064 ποιὸν
1964 2011 2120 2066 indc-

555 2081 708 2152 linito
753 2113 918 2152 sensu
963 2097 1091 2160 ﬁat,
1140 2097 1285 2152 sicut
1321 2106 1377 2152 et
1421 2099 1586 2153 πόσον
1634 2100 1759 2171 (qua
1802 2103 2122 2173 quantitate)

553 2190 739 2246 madv.
771 2188 1056 2262 Zacyntbii
1115 2190 1462 2258 peculiariter
1495 2191 1698 2246 σκοπὸν
1738 2192 1993 2266 (scopum)
2023 2210 2118 2250 vo-

553 2295 680 2336 care
715 2288 904 2332 amant
937 2277 1230 2348 quamdam
1281 2278 1423 2348 apud
1483 2279 1606 2335 illos
1652 2281 1883 2333 σκοπιὰν
1914 2279 2120 2350 (specu-

551 2370 717 2441 lam);
748 2369 1060 2440 Mclltytnnii
1087 2368 1328 2439 λειμῶνα
1349 2371 1582 2440 (pratum
1612 2371 2122 2441 inaquosum)omnc

551 2460 788 2514 λιϐάδιον
806 2460 1037 2528 (pratum
1071 2459 1180 2512 riro
1211 2460 1537 2529 irrigatum).
1569 2461 1865 2516 Venturum
1897 2461 2122 2517 nomina

550 2551 747 2606 melius
789 2559 1023 2605 noscunt
1065 2551 1309 2612 Pontici.
1343 2552 1439 2606 sed
1477 2553 1578 2606 οὐκ
1623 2553 1730 2623 ἔχω
1775 2554 1900 2624 (non
1935 2553 2119 2624 habeo)

548 2643 758 2707 dicunt,
792 2640 882 2694 alii
913 2649 1096 2694 autem
1147 2640 1234 2694 δὲν
1266 2640 1395 2711 ἔχω.
1427 2641 1615 2698 Cretes
1655 2644 1774 2696 ῖντα
1804 2643 1896 2704 θὶς
1934 2659 2032 2714 pro
2069 2643 2121 2698 τί

549 2731 758 2794 θέλειςς
793 2727 957 2801 (quid
987 2730 1060 2783 vis
1083 2730 1146 2788 2)
1191 2729 1282 2784 alii
1317 2729 1370 2784 τί
1399 2732 1486 2794 λὲς
1527 2747 1628 2801 pro
1655 2731 1708 2784 τί
1744 2733 1924 2801 λέγεις
1973 2733 2119 2802 (quid

547 2819 780 2888 dicisf).
827 2819 960 2884 Quae
996 2817 1160 2872 verba
1209 2833 1304 2888 per
1347 2819 1804 2885 abstractionem,
1853 2835 1948 2874 seu
1967 2813 2121 2888 "apo-

549 2924 718 2978 copcn
747 2917 798 2962 et
828 2923 1103 2979 syncopen
1130 2907 1460 2978 syllabarum
1509 2907 1638 2962 talia
1667 2908 1821 2962 linnt.
1849 2908 2007 2963 Certe
2031 2907 2118 2961 δὲν

549 2997 620 3051 ab
650 2998 830 3051 Attico
860 2997 1014 3049 οὐδὲν
1051 2996 1306 3051 trahitur.
1335 2994 1444 3050 Pro
1471 2994 1588 3058 τοῦ,
1613 2995 1673 3048 οῦ
1703 2996 1912 3060 dicunt,
1940 3009 2040 3064 pro
2064 2993 2116 3046 τί

549 3085 629 3138 ενι
675 3084 735 3138 τδ
766 3084 915 3154 (quid
962 3089 1060 3137 hoc
1094 3082 1194 3152 est)
1230 3092 1284 3136 et
1322 3084 1373 3136 τί
1415 3083 1495 3136 ἔνι
1531 3083 1600 3136 τὰ
1634 3085 1780 3153 (quid
1811 3085 1922 3138 haec
1945 3082 2110 3152 sunt),

547 3176 695 3228 τίντο
717 3185 772 3228 et
797 3173 976 3240 τιντα,
1005 3172 1151 3228 sicut
1177 3173 1316 3242 apud
1349 3171 1610 3240 Lesbios;
1644 3173 1787 3227 unde
1814 3174 1954 3242 apud
1977 3172 2112 3228 Cre-

550 3274 632 3322 tes
662 3265 909 3333 aliosque
937 3277 1132 3332 segnes
1161 3261 1301 3316 ῐντα.

616 3355 839 3410 Nullum
873 3353 985 3409 fere
1013 3369 1184 3410 sacrm
1211 3353 1510 3424 Scriptura
1538 3355 1784 3420 verbum,
1821 3355 1967 3426 quod
2003 3369 2110 3410 non

549 3460 652 3514 per
675 3451 848 3498 totum
874 3441 1060 3496 orbem
1097 3441 1152 3495 in
1176 3455 1280 3496 usu
1307 3441 1591 3495 habeatur.
1625 3441 1720 3494 Sin
1751 3450 1931 3495 autem
1959 3455 2112 3510 quae-

547 3538 672 3590 dam
721 3549 830 3589 non
882 3533 1216 3597 habeantur,
1279 3547 1386 3586 non
1435 3541 1520 3588 est
1563 3531 1894 3588 mirandum.
1945 3532 2111 3588 Multa

544 3625 696 3682 enim
741 3624 796 3678 in
827 3621 1158 3678 oblivionem
1195 3629 1289 3676 aut
1343 3621 1798 3676 adulterationem
1847 3631 2114 3678 venerunt

543 3725 766 3788 propter
811 3712 1216 3785 negligentiam.
1273 3721 1368 3767 aut
1407 3713 1762 3768 barbarorum
1819 3713 2111 3769 immistio-

545 3823 693 3872 nem,
751 3815 812 3862 ut
873 3807 928 3861 in
983 3806 1242 3860 brevibus
1285 3806 1446 3862 dictis
1493 3805 1678 3861 verbis
1722 3815 2108 3862 monstratum.

546 3899 694 3967 Quot
713 3909 894 3953 autem
919 3897 1248 3960 volatilium,
1279 3899 1638 3967 serpentium,
1670 3897 2108 3968 quadrupedum.

545 3991 882 4060 plantarum,
919 3989 1154 4059 piscium
1189 3989 1585 4058 zouphytarum
1617 4023 1634 4052 ,
1672 3997 1943 4054 ceterum,
1971 3989 2110 4043 alio-

542 4098 780 4152 rumque
833 4081 1175 4147 animalium,
1228 4095 1351 4151 qute
1400 4081 1456 4134 in
1513 4083 1648 4134 orbe
1689 4089 1838 4143 sunt,
1888 4081 2110 4136 nomina

543 4173 896 4246 ignoramus!
932 4171 1220 4239 Quomodo
1251 4171 1366 4233 illa,
1385 4171 1428 4224 si
1457 4170 1514 4224 in
1543 4167 1830 4238 Scriptura
1860 4169 2110 4226 invenia-

543 4281 690 4326 mus,
727 4263 1192 4334 intelligcremus?
1226 4261 1332 4316 Sua
1361 4261 1656 4332 unicuique
1681 4277 1860 4316 rerum
1894 4272 2107 4321 creata-

2225 1849 2324 1918 οὐχ
2356 1849 2430 1910 ὡς
2459 1848 2538 1902 δεῖ
2559 1865 2573 1879 ο
2599 1849 2693 1902 καὶ
2719 1848 2868 1902 ἄλλοι
2888 1848 2950 1900 τὸ
2973 1848 3166 1918 ἰδίωμα
3197 1845 3385 1910 ποσῶς
3421 1845 3792 1914 ἀναφέρουσιν·

2224 1939 2372 1994 ἄλλοι
2405 1940 2466 1992 τὸ
2501 1939 2652 2006 ἴδιον,
2690 1941 2786 1994 καὶ
2814 1939 2962 1994 ἄλλοι
3006 1941 3066 1992 το
3094 1938 3295 1992 ποσόν·
3339 1935 3420 2008 μὴ
3450 1934 3796 2004 γινώσκοντες

2223 2029 2279 2082 δὲ
2308 2030 2366 2083 τὸ
2394 2032 2580 2084 ποιόνο
2632 2030 2808 2084 καίτοι
2852 2029 3041 2102 ῶσπερ
3085 2029 3145 2084 τὸ
3179 2031 3336 2082 ποῖον
3383 2023 3794 2097 ἀοριστούμενον

2223 2119 2432 2187 γίνεται
2463 2119 2638 2182 ποιὸν,
2665 2118 2808 2174 οὕτω
2837 2119 2932 2172 καὶ
2960 2118 3020 2172 τὸ
3058 2118 3246 2181 πόσον,
3280 2115 3477 2171 ποσόν.
3521 2113 3792 2168 Ζακύνθιοι

2221 2209 2280 2262 δὲ
2317 2207 2560 2278 φιλοῦσιν
2624 2208 2766 2272 ίδίως
2797 2209 2984 2264 καλεῖν
3029 2207 3250 2270 σκοπὸν,
3286 2207 3417 2260 τι,νά
3455 2205 3587 2275 παρ’
3625 2203 3790 2264 αὐτοῖς

2223 2300 2476 2354 σκοπιάν.
2508 2299 2622 2354 Καὶ
2665 2299 3056 2370 Μηθυμναῖοι,
3113 2297 3389 2368 λειμῶνα,
3441 2295 3680 2350 λιϐἁδιόν
3717 2311 3786 2348 τι.

2223 2389 2468 2462 Ἀνέμων
2493 2391 2536 2444 δ’
2564 2392 2800 2461 ὀνόματα
2824 2391 3148 2462 κρειττόνως
3175 2389 3356 2444 οἴδασι
3383 2389 3617 2443 Πόντιοι.
3641 2377 3784 2440 Οὗτοι

2221 2485 2322 2537 οὐκ
2346 2483 2456 2552 ἔχω
2484 2483 2731 2551 λέγουσιν
2755 2499 2770 2513 ο
2803 2483 2940 2552 ὅπερ
2971 2481 3149 2552 ἕτεροι
3189 2479 3281 2534 sev
3326 2480 3460 2551 ἔχω.
3501 2479 3610 2534 Kal
3638 2475 3782 2548 Κρῆ-

2219 2593 2340 2642 τεςο
2369 2577 2490 2630 ῐντα
2519 2575 2610 2637 θές
2634 2591 2648 2605 ο
2680 2574 2800 2628 ἀντὶ
2830 2573 2923 2626 τοῦ
2946 2572 3000 2626 τί
3027 2573 3232 2634 θέλεις⁶
3270 2572 3371 2626 καὶ
3397 2571 3452 2625 τί
3474 2570 3566 2634 λὲς
3589 2569 3781 2638 ἕτερον

2219 2669 2340 2723 ἀντὶ
2372 2667 2467 2722 τοῦ
2500 2667 2552 2721 τί
2586 2667 2784 2736 λέγεις.
2815 2667 2996 2736 ’Δπερ
3019 2663 3164 2718 κατὰ
3191 2663 3572 2736 ἀφαίρεσιν,ἢ
3607 2662 3787 2716 ἀποκο-

2219 2761 2328 2831 πήν
2357 2775 2418 2812 τε
2463 2759 2558 2812 καὶ
2603 2757 2881 2828 συγκοπὴν
2917 2757 3026 2811 τῶν
3058 2753 3346 2810 συλλαϐῶν
3378 2754 3526 2808 οὕτω
3550 2752 3778 2822 φέρεται⁸

2218 2849 2340 2920 ἦτοι
2367 2847 2478 2902 ἀπὸ
2503 2845 2597 2900 τοῦ
2625 2847 2777 2900 οὐδὲν
2810 2845 3062 2900 Ἀττικοῦ
3105 2845 3214 2906 δὲν,
3267 2845 3401 2898 ἀντὶ
3427 2842 3544 2908 τοῦ,
3572 2839 3634 2894 οῦ
3656 2856 3670 2870 °
3699 2837 3787 2891 καὶ

2217 2939 2326 2994 ἀπὸ
2354 2938 2448 2993 τοῦ
2489 2939 2542 2994 τί
2569 2938 2648 2991 ενι
2677 2938 2740 2992 τδ
2763 2976 2778 3004 ,
2821 2938 2915 2991 καὶ
2947 2937 3002 2990 τί
3046 2936 3126 2990 ενι
3157 2937 3248 3002 τά,
3275 2937 3439 2990 τεντο
3458 2975 3474 3000 ,
3505 2933 3600 2989 καὶ
3625 2931 3784 2993 τίντα,

2141 3051 2181 3108 α
2216 3029 2291 3093 ὡς
2323 3029 2476 3101 παρὰ
2507 3029 2777 3094 Λεσϐίοις.
2819 3027 2918 3093 Ἐξ
2949 3022 3012 3084 οὗ
3055 3027 3212 3098 παρά
3245 3027 3445 3098 Κρησὶ
3481 3025 3574 3080 καὶ
3616 3021 3785 3082 ἄλλοις

2218 3119 2505 3193 ῥᾳθύμοις,
2534 3119 2597 3172 τὺ
2625 3121 2763 3174 ῐντα.

2285 3361 2396 3416 Kal
2427 3359 2632 3432 σχεδον,
2673 3360 2828 3415 οὐδὲν
2860 3362 2957 3431 τῆς
2992 3359 3212 3431 Γραφῆς
3235 3357 3420 3429 ῥῆμα,
3453 3356 3587 3425 ὅπερ
3622 3350 3694 3424 μὴ
3721 3349 3775 3404 ἐν

2213 3455 2279 3524 τῇ
2310 3452 2608 3524 οἰκουμένῃ
2651 3451 2896 3522 φέρεται.
2948 3452 3012 3504 El
3049 3449 3108 3504 δὲ
3141 3450 3235 3506 καί
3274 3467 3406 3504 τινα
3448 3449 3510 3502 ού
3541 3446 3771 3516 φέρεται,

2212 3543 2364 3598 ούδέν
2403 3542 2746 3614 θαυμαστόν⁹
2779 3540 2952 3596 πολλὰ
2976 3541 3085 3610 γὰρ
3117 3541 3178 3594 ὲν
3201 3539 3345 3612 λήθῃ
3380 3539 3474 3594 καὶ
3503 3533 3769 3592 ἀλλοιώσει

2212 3635 2526 3703 γεγόνασιν,
2554 3634 2614 3700 ei
2636 3631 2900 3702 ἀμελείας
2929 3633 3027 3684 καὶ
3053 3632 3153 3701 τῆς
3189 3631 3482 3701 ἐπιμιξίας
3507 3629 3614 3682 τῶν
3641 3625 3769 3695 βαρ-

2213 3725 2430 3796 ϐάρωνο
2478 3723 2554 3787 ὡς
2601 3726 2661 3778 ὲν
2704 3725 2818 3787 τοῖς
2858 3723 2958 3792 ἥδη
2993 3721 3242 3792 ῥηθεῖσιί
3261 3721 3495 3792 βραχέσι
3542 3719 3768 3790 ῥήμασιν

2211 3813 2606 3869 ἀποδέδεικται·
2633 3813 2773 3867 πόσα
2798 3813 2909 3884 γάρ
2936 3812 3178 3882 ὀνόματα
3202 3811 3490 3874 πετεινῶν,
3514 3804 3764 3878 ἑρπετῶν,

2211 3904 2575 3978 τετραπόδων,
2597 3903 2801 3974 φυτῶν,
2815 3903 3036 3976 ἰχθύων,
3071 3902 3328 3972 ζωῦφίων
3354 3921 3416 3958 τε
3445 3901 3540 3956 καὶ
3569 3894 3763 3954 κνωδά-

2210 3995 2338 4060 λων,
2364 3995 2462 4050 καὶ
2489 3994 2596 4049 τῶν
2625 3995 2826 4050 λοιπῶν
2855 3995 2963 4048 τῶν
2988 3994 3048 4048 ἐν
3077 3991 3154 4064 τῷ
3177 3994 3373 4062 κόσμῳ
3396 3993 3496 4046 οὐκ
3526 3982 3760 4056 οῖδαμενί

2211 4083 2335 4147 Πῶς
2357 4080 2451 4137 οὖν
2475 4083 2810 4146 ἀκούσαντες
2855 4085 2914 4136 ὲν
2941 4085 3007 4154 τῇ
3041 4082 3230 4153 Γραφῇ
3253 4080 3432 4136 ταῦτα
3459 4081 3760 4148 νοήσωμεν;

2210 4175 2435 4246 καὶγὰρ
2453 4173 2733 4245 καταρχὰς
2755 4173 2824 4228 τά
2845 4173 3085 4244 ὀνόματα
3110 4171 3377 4243 ὲτέθησάν
3397 4187 3460 4224 τε
3485 4167 3576 4223 καὶ
3594 4161 3762 4232 διωρί-

2212 4265 2416 4336 σθησαν
2443 4267 2658 4336 ἑκάστῳ
2685 4265 2814 4318 εῖδει
2841 4265 2948 4319 τῶν
2976 4265 3290 4336 κτισμάτων
3309 4280 3324 4296 ·
3357 4263 3445 4318 διὰ
3465 4261 3562 4331 τὴν
3583 4255 3762 4328 χρῆσιν

543 4371 665 4411 rum
705 4354 906 4425 speciei
933 4370 962 4407 a
999 4353 1266 4424 principio
1292 4352 1513 4407 nomina
1539 4353 1792 4422 imposita
1824 4368 1890 4408 ac
1921 4353 2105 4409 deter-

2218 4358 2306 4411 καὶ
2333 4356 2600 4426 ὠφέλειαν
2631 4356 2728 4429 τὴν
2747 4356 2809 4422 ἐξ
2837 4357 3038 4422 αὐτῶν,
3066 4355 3280 4420 καὶτὰς
3313 4354 3600 4426 διαφόρους
3619 4349 3760 4415 ἔνερ·

544 4449 752 4502 minata
789 4445 960 4511 fuere,
1017 4445 1315 4500 secundum
1349 4459 1532 4508 usum,
1565 4446 1967 4515 adiumentum,
2015 4457 2110 4501 aut

542 4537 724 4592 varias
771 4537 1027 4589 virtutes.
1077 4533 1289 4588 Dicitur
1332 4534 1578 4590 Adamus
1625 4548 1816 4590 omnes
1849 4537 2106 4606 pecudes,

543 4643 736 4684 omnes
765 4627 888 4682 cmli
915 4627 1187 4690 volucres,
1232 4639 1538 4696 omnesque
1587 4633 1744 4682 terra:
1770 4628 1974 4683 bestias
2007 4643 2110 4683 no-

543 4719 788 4774 minibus
812 4731 1059 4783 vocasse,
1093 4716 1238 4772 sicut
1270 4723 1326 4772 et
1359 4717 1625 4774 Solomon
1657 4726 1932 4772 astrorum
1963 4719 2112 4788 posi-

544 4821 657 4878 tus,
708 4811 1016 4882 plantarum
1067 4809 1486 4878 graminumque
1534 4818 1783 4866 naturas.
1830 4808 2106 4866 Interdum

547 4913 730 4958 autem
771 4903 863 4972 qui
897 4902 1142 4972 longe‘in
1173 4901 1318 4970 agris
1347 4901 1598 4957 habitant
1630 4902 1804 4973 magis
1833 4901 2110 4960 Hellenice

546 4994 898 5063 tccbniceque
927 5009 1090 5064 quam
1117 4993 1210 5062 qui
1241 4991 1425 5058 urbes,
1456 5001 1676 5061 propter
1705 4992 2106 5060 simplicitatem

544 5084 843 5152 loquuntur
874 5103 886 5136 :
915 5083 1171 5152 oppidani
1216 5083 1364 5136 enim
1407 5096 1473 5136 ex
1506 5097 1648 5136 vana
1701 5083 1872 5152 gloria
1905 5085 2108 5155 stylnm

548 5185 820 5229 tentantes
876 5174 930 5228 in
990 5175 1378 5243 speciosiorem
1445 5183 1677 5236 mutare,
1730 5185 2106 5244 corrumpunt,

545 5278 897 5336 paganosque
927 5275 984 5318 et
1012 5273 1259 5327 agrestes
1305 5264 1631 5319 cavillantur
1658 5273 1714 5318 et
1747 5265 2107 5329 subsannant,

545 5363 738 5430 sicque
771 5358 1106 5428 alienigenas
1161 5357 1410 5422 irrident,
1451 5366 1510 5411 ut
1539 5373 1674 5427 gens
1708 5365 1946 5426 gentem,
1981 5356 2110 5411 urbs

543 5453 736 5509 urbem
759 5490 775 5515 ,
823 5466 889 5507 ex
929 5465 996 5506 eo
1027 5450 1173 5520 quod
1208 5465 1315 5504 non
1363 5449 1527 5504 verba
1555 5450 1744 5504 eatlern
1793 5449 2106 5518 loquantur,

542 5540 693 5614 quod
723 5539 992 5596 afﬁrmant
1023 5541 1352 5596 nescientes.
1382 5537 1458 5593 ita
1485 5555 1575 5594 res
1601 5546 1729 5593 sunt
1750 5552 1814 5592 ex
1854 5538 2110 5607 ignoran-

546 5628 646 5696 tia,
691 5639 749 5686 ut
793 5628 996 5684 dictum
1028 5637 1132 5684 est.
1172 5627 1312 5682 Dens
1360 5627 1413 5682 in
1465 5625 1760 5696 principio,
1793 5637 1851 5679 ut
1883 5624 2102 5678 dentom

2211 4447 2386 4516 τείας.
2429 4445 2687 4502 Ἐκάλεσε
2733 4449 2862 4518 γὰρ,
2903 4449 3089 4519 φησὶν,
3129 4448 3300 4518 Ἀδὰμ
3360 4446 3596 4516 ὀνόματα
3637 4437 3758 4488 πᾶσι

2207 4542 2323 4603 τοῖς
2361 4540 2622 4608 κτήνεσι,
2653 4541 2748 4594 καὶ
2777 4541 2913 4594 πᾶσι
2951 4541 3067 4604 τοῖς
3095 4541 3362 4602 πετεινοῖς
3401 4535 3492 4590 τοῦ
3524 4523 3755 4602 ούρανοῦ,

2211 4633 2304 4687 καὶ
2343 4635 2478 4687 πᾶσι
2506 4636 2618 4698 τοῖς
2657 4633 2864 4706 θηρίοις
2894 4634 2994 4704 τῆς
3022 4635 3144 4704 γῆς.
3185 4633 3346 4687 Ἀλλὰ
3382 4630 3476 4686 καὶ
3523 4619 3758 4690 Σολομῶν

2209 4719 2350 4778 οἶδεν
2364 4723 2610 4793 ἀστέρων
2631 4723 2829 4788 θέσεις,
2855 4723 2951 4776 καὶ
2972 4723 3156 4792 φυτῶν
3181 4724 3370 4792 φύσεις
3397 4720 3487 4774 καὶ
3510 4708 3750 4786 βοτανῶν.

2213 4815 2368 4868 Ἔστι
2397 4814 2440 4867 δ’
2469 4815 2559 4868 ὅτε
2587 4816 2684 4872 καὶ
2707 4817 2756 4868 οἱ
2783 4817 2948 4888 τηλοῦ
2971 4814 3082 4868 τῶν
3127 4813 3313 4886 ἀγρῶν
3339 4809 3606 4898 οἰκοῦντες
3647 4799 3754 4898 Ἐλ-

2209 4902 2574 4974 ληνικώτερόν
2631 4920 2692 4956 τε
2744 4905 2840 4958 xal
2886 4903 3275 4974 τεχνικώτερον
3337 4897 3620 4956 λαλοῦντες
3656 4897 3752 4940 των

2210 4993 2460 5048 ἀστυκῶν
2484 4993 2544 5061 ἐξ
2580 4993 2878 5064 ἁπλότητος
2900 5011 2915 5026 ο
2946 4996 2996 5047 oi
3029 4993 3139 5063 γὰρ
3171 4992 3312 5046 κατά
3338 4991 3436 5052 τὰς
3468 4985 3664 5044 πόλεις,
3695 4978 3754 5027 ἐκ

2210 5084 2536 5150 κενοδοξίας.
2573 5087 2654 5149 εἰς
2687 5085 2748 5139 τδ
2773 5084 3269 5155 εὐσχημονέστερον
3295 5081 3598 5152 βουλόμενοι
3634 5081 3750 5138 μετ-

2211 5173 2437 5238 αγαγετν
2462 5172 2562 5235 τὰς
2590 5170 2786 5236 λέξεις,
2818 5172 3019 5242 μᾶλλον
3050 5170 3330 5241 φθείρουσι
3349 5185 3361 5198 ·
3394 5167 3486 5221 καὶ
3508 5162 3626 5223 τοὺς
3653 5170 3750 5209 κω·

2215 5262 2390 5332 μήτας
2415 5263 2512 5316 καὶ
2541 5261 2830 5332 ἀγροίκους
2854 5261 3064 5330 ἀλόγως
3095 5260 3403 5314 σκώπτουσι
3429 5257 3520 5309 καὶ
3556 5256 3747 5321 μυκτη-

2213 5353 2446 5426 ρίςουσι,
2479 5346 2806 5423 ὁμοίως’καὶ
2843 5357 2954 5418 τοῖς
2981 5352 3299 5416 ἀλλοδαποῖς
3335 5343 3633 5416 ὲπιγελῶσι,
3661 5333 3746 5426 κα)

2209 5424 2382 5511 ἔθνος,
2418 5443 2562 5499 ἔθνει
2593 5447 2785 5517 ἑτέρῳ,
2840 5446 2932 5499 καὶ
2965 5445 3142 5509 πόλις,
3178 5444 3352 5508 πόλει,
3385 5443 3464 5494 ὅτι
3501 5435 3558 5488 οὐ
3587 5424 3740 5517 ταύτὰ

2209 5535 2430 5589 λαλοῦσι
2449 5552 2463 5566 ο
2497 5537 2574 5607 μὴ
2596 5515 2797 5600 εἰδότες
2827 5536 2864 5591 ἀ
2889 5535 3345 5591 διαδεόαιοῦνται.
3377 5529 3553 5586 Ταῦτα
3571 5521 3622 5576 δὲ
3647 5515 3741 5607 πέ-

2211 5641 2431 5695 σκουσιν
2473 5604 2536 5695 ἐξ
2561 5604 2802 5697 ἆμαθίας
2841 5627 2918 5692 ὡς
2951 5628 3186 5700 εἴρηται.
3250 5625 3308 5681 '0
3347 5623 3452 5693 γὰρ
3491 5614 3613 5674 Θεὸς
3655 5604 3735 5668 ἐε-
