4090 6286
55 5917 96 5976 h

76 439 267 506 1361

193 933 346 985 Ἔτι
397 931 582 1000 φησὶν,
625 931 706 984 ὅτι
762 933 790 984 6
841 931 1086 994 διάϐολος
1132 932 1357 1000 γέγονεν
1413 931 1539 1001 δφις
1589 931 1728 1001 ἔχων

93 1021 437 1091 ἀνθρώπου
487 1021 798 1092 πρόσωπον,
827 1023 920 1074 καὶ
951 1021 1125 1084 οὕτως
1153 1021 1400 1094 ἠπάτησε
1428 1016 1557 1086 τοὺς
1589 1039 1728 1093 προ-
1771 1042 1784 1052 ·

96 1115 412 1182 πάτορας,
457 1109 553 1164 καὶ
590 1112 684 1164 ὅτι.
728 1108 920 1180 ὥσπερ
975 1110 1004 1161 6
1057 1109 1302 1173 διάϐολος
1351 1109 1576 1178 γέγονεν
1632 1109 1729 1163 ἄν-

101 1205 388 1276 θρωπος,
427 1204 520 1257 καὶ
559 1203 810 1274 ἠπάτησε
852 1205 953 1272 τὴν
995 1202 1158 1268 Εὕαν,
1210 1201 1354 1257 οὕτω
1401 1204 1497 1256 καὶ
1532 1203 1561 1255 6
1599 1202 1731 1266 Θεὸς

103 1294 372 1364 γέγονεν
410 1293 714 1371 ἄνθρωπος-
740 1291 806 1346 ἐκ
839 1291 1156 1370 γυναικείας
1188 1292 1422 1362 μήτρας,
1471 1291 1564 1352 καὶ
1592 1291 1731 1346 ἐσω-

112 1403 227 1438 σεν
299 1385 460 1465 ἡμᾶς
520 1383 788 1446 ἅπαντας.
859 1383 985 1436 Ἔτι
1045 1383 1232 1452 φησὶν,
1269 1383 1362 1436 ὅτι
1429 1383 1569 1452 μετὰ
1631 1383 1731 1452 τὴν
1801 1391 1808 1400 ’

111 1478 193 1528 ὲκ
246 1475 356 1529 τοῦ
399 1473 728 1546 παραδείσου
776 1473 994 1543 ὲξορίαν
1053 1472 1406 1544 βουληθέντες
1463 1473 1512 1526 οἱ
1574 1490 1729 1544 πρω-

113 1563 444 1618 τόπλαστοι
509 1563 650 1633 ὑπὲρ
715 1562 816 1632 τῆς
867 1563 1020 1625 -ίδίας
1083 1560 1359 1632 ἁμαρτίας
1415 1560 1728 1631 νηστεῦσαι,

115 1655 562 1726 ἐπειράσθησαν
582 1655 688 1708 ὑπὸ
713 1653 807 1708 τοῦ
831 1653 1077 1707 διαϐόλου
1098 1671 1111 1684 ·
1148 1653 1445 1724 ἐρωτηθεὶς
1476 1653 1532 1706 δὲ
1558 1654 1586 1706 6
1611 1652 1728 1706 διά-

119 1747 303 1810 ϐολος
340 1746 449 1800 ὑπὸ
489 1744 586 1798 τοῦ
630 1745 804 1816 Ἀδάμ
836 1744 982 1808 τινος
1013 1745 1176 1813 χάριν
1206 1742 1462 1812 πειράζει
1506 1744 1736 1808 αὐτοὺς..

119 1838 538 1908 ἀπελογήσατο
555 1853 569 1867 ·
603 1836 727 1890 Ὅτι
755 1835 848 1889 σοῦ
877 1835 1204 1897 πλασθέντος
1239 1834 1344 1887 ὑπὸ
1373 1832 1531 1896 Θεοῦ,
1559 1851 1730 1906 προσ-

121 1929 464 1999 ετάχθησαν
502 1927 632 1998 παρ’
669 1925 834 1981 αὑτοῦ
870 1925 1106 1988 ἅπαντες
1135 1927 1185 1976 oi
1219 1924 1438 1992 ἄγγελοι
1469 1926 1609 1994 μετὰ
1635 1923 1730 1978 τοῦ

123 2020 395 2090 Μιχαὴλ,
429 2017 738 2090 ἔμπροσθέν
777 2033 872 2068 σου
918 2017 1108 2085 στῆναι
1150 2016 1230 2078 είς
1282 2018 1590 2086 προσευχὴν
1640 2018 1732 2075 καὶ

129 2110 537 2181 προσκυνῆσαί
572 2127 631 2162 σε
673 2107 746 2172 ὡς
778 2095 962 2161 εἰκόνα
995 2105 1184 2168 αὑτοῦ,
1233 2105 1261 2158 ὃ
1298 2107 1391 2160 καὶ
1444 2108 1728 2178 ἐποίησαν·

1461 442 1562 505 DE
1625 444 1916 505 CARTAN
1928 444 2097 504 lTlS.

69 559 360 634 δένδρα,
394 560 612 633 πέτραι.
647 560 877 632 λάχανα,
907 559 1074 631 ὕδωρ,
1110 559 1242 630 πῦρ,
1275 560 1368 632 γῆ,
1411 541 1718 631 μιγνύμενα

1845 572 2013 614 tersus
2066 555 2382 633 Egyptum,
2464 555 2518 610 in
2579 554 2922 611 Damasceno
2976 569 3191 626 campo,
3224 568 3414 626 pOStea

74 653 216 704 καὶ
287 651 780 722 μεταφυτευόμενα
833 651 1006 716 αὕξει,
1037 652 1160 706 ἐπεὶ
1199 651 1295 706 καὶ
1330 649 1568 722 ἔμψυχα.
1605 651 1728 703 Ἔτι

1845 648 2157 725 translatum.
2187 648 2242 703 in
2272 648 2500 712 lndiatn,
2538 647 2636 702 ubi
2662 647 2976 717 paradisus.

83 751 272 820 φησὶ
345 749 492 803 κατά
539 766 693 812 τινας
751 750 810 803 ὲν
858 747 938 818 τῷ
993 747 1210 819 οὐρανῷ
1271 747 1579 818 πλασθῆναι
1636 747 1727 800 τὸν
1778 747 1980 816 Ἀδὰμ,
2033 745 2157 798 καθ’
2225 744 2445 814 ἑτέρους
2497 743 2552 797 δὲ
2601 759 2786 815 φησιν,
2829 745 2910 806 είς
2975 741 3044 796 τὰ
3077 743 3220 814 μέρη
3252 743 3417 812 Αίγύ-

85 859 300 907 πτου,
345 845 404 896 ὲν
436 841 515 912 τῷ
543 842 711 914 πεδίῳ
735 844 832 912 τῆς
852 842 1168 913 Δαμασκοῦ,
1201 843 1456 897 κάκεῖθεν
1494 841 1854 913 μετατεθῆναι
1885 839 2088 909 ειςτὴν
2125 839 2338 904 Ἰνδίαν,
2367 839 2501 892 ὅπου
2531 837 2628 890 καὶ
2651 840 2680 891 6
2705 837 3054 908 παράδεισος.

3168 477 3178 486 -
3281 437 3418 504 1382

1908 929 2192 984 Diabolum
2238 927 2511 998 serpentis
2541 926 2780 982 formam
2809 943 2934 982 cum
2982 930 3225 983 humano
3265 928 3415 982 vultu

1835 1019 2098 1084 induisse,
2155 1028 2486 1090 nostrosque
2547 1033 2782 1090 proavos
2857 1019 3176 1090 decepisse;
3257 1029 3310 1074 et
3355 1029 3416 1074 ut

1835 1111 2123 1174 diabolus,
2187 1111 2313 1167 Eva:
2373 1112 2704 1182 decipienda:
2765 1127 2974 1180 causa,
3025 1113 3192 1167 homo
3238 1112 3416 1168 factus

1834 1200 2022 1266 fuerit,
2069 1202 2153 1256 sic
2189 1202 2358 1256 Deum
2388 1217 2454 1257 ex
2489 1203 2719 1258 muliere
2761 1187 3040 1270 hominism
3093 1201 3322 1266 factum.
3356 1212 3417 1256 ut

1833 1306 1937 1347 nos
1988 1292 2240 1347 salvaret.
2288 1292 2504 1348 Primos
2562 1295 2834 1358 homines,
2890 1293 3150 1364 paradiso
3179 1294 3416 1364 perdito,

1831 1379 2083 1452 jejunare
2133 1391 2354 1452 propter
2387 1384 2636 1453 ipsorum
2682 1387 2901 1455 culpam
2931 1384 3203 1452 volentes,
3239 1401 3269 1440 a
3296 1384 3418 1439 dia-

1835 1471 1966 1527 bolo
2025 1481 2306 1542 tentatas;
2341 1475 2851 1549 interrdgatumque
2882 1477 3158 1532 diabolum
3185 1477 3254 1532 ab
3278 1477 3422 1530 Ada-

1835 1579 1928 1620 mo
1973 1579 2142 1635 quare
2187 1551 2282 1622 eos
2327 1575 2584 1636 tentaret,
2636 1569 3030 1638 respondisse:
3071 1567 3211 1635 Quia
3243 1567 3414 1629 Deus,

1834 1662 2124 1724 postquam
2171 1663 2245 1710 te‘
2270 1667 2536 1719 creasset,
2601 1671 2794 1713 omnes
2855 1659 3080 1728 angelos
3136 1658 3414 1726 simulque

1835 1742 2154 1823 Michaelem
2207 1746 2374 1816 jussit
2424 1762 2614 1801 coram
2665 1757 2738 1813 tc,
2773 1749 2864 1816 qui
2899 1749 3070 1818 ipsius
3114 1747 3292 1816 imago
3339 1762 3420 1805 es.

1839 1845 2122 1906 precantes
2181 1847 2238 1894 et
2264 1837 2556 1892 adorantes
2612 1847 2776 1901 stare,
2812 1841 2958 1908 quod
3005 1837 3270 1893 fecerunt.
3306 1835 3422 1908 Ego

1837 1941 1972 1981 vero
1997 1943 2124 1982 cum
2161 1929 2298 1982 meis
2328 1929 2472 1983 idem
2498 1929 2692 2005 jussus
2722 1931 2938 2000 negavi,
2985 1930 3096 1986 imo
3147 1945 3276 1984 vero
3311 1946 3418 1994 me,

1837 2029 1964 2072 ante
1991 2026 2042 2074 te
2086 2027 2297 2085 natum,
2351 2019 2694 2090 similemque
2724 2019 2838 2096 Deo
2894 2035 3114 2090 quoque
3153 2034 3275 2075 esse
3299 2017 3417 2088 glo-

1837 2106 2092 2172 riantem,
2129 2123 2159 2162 a
2187 2116 2241 2164 te
2266 2109 2604 2164 adorandum
2635 2109 2973 2178 expostulari
2999 2127 3014 2176 ;
3039 2110 3156 2172 sed,
3188 2109 3419 2179 iubente

130 2201 591 2275 προσταχθέντος
620 2202 675 2254 δὲ
706 2197 1066 2270 κάμοῦτοῦτο
1092 2198 1314 2268 ποιῆσαι
1341 2198 1480 2267 μετὰ
1501 2199 1608 2252 τῶν
1637 2201 1737 2255 σὺν

1845 2196 1974 2265 Deo,
2023 2201 2182 2272 longe
2217 2217 2247 2254 a
2278 2199 2416 2255 facie
2445 2209 2601 2257 terra:
2641 2202 2815 2272 angeli
2857 2202 2911 2256 in
2941 2201 3216 2256 infernum
3271 2200 3393 2272 deje

134 2297 304 2368 ἐμὰ,
339 2297 434 2348 καὶ
471 2294 544 2366 μὴ
576 2294 922 2361 ποιήσαντος,
946 2289 1089 2342 ἀλλὰ
1120 2289 1434 2348 τούναντίον
1463 2289 1738 2373 ζητήσαντ-

136 2407 244 2452 τος
281 2389 382 2460 τὴν
424 2386 575 2456 παρὰ
615 2384 708 2438 σοῦ
750 2381 1121 2454 προσκύνησιν
1143 2399 1158 2413 ι
1183 2380 1307 2434 ἐπεὶ
1344 2379 1442 2450 καὶ
1477 2381 1741 2452 πρότερός

145 2495 253 2532 σου
284 2466 582 2548 ἐγεννήθην
605 2491 618 2505 ·
649 2475 743 2528 καὶ
768 2473 952 2544 ὅμοιος
979 2467 1232 2539 γενέσθαι
1254 2469 1372 2539 Θεῷ
1385 2469 1740 2540 καυχησάμε-

144 2587 270 2633 νος,
303 2568 564 2636 ὲδιώχθην
598 2565 748 2634 παρὰ
782 2562 916 2617 Θεοῦ
957 2561 1044 2616 διὰ
1075 2561 1182 2614 τῶν
1207 2559 1456 2630 ἀγγέλων
1481 2561 1644 2615 αὐτοῦ
1675 2564 1740 2616 ὲκ

1847 2298 2043 2344 cerunt
2084 2305 2191 2346 me.
2227 2291 2545 2347 Michaelem
2603 2307 2735 2348 eum.
2767 2307 2932 2348 curru
2983 2297 3051 2347 ex
3086 2293 3262 2349 ventis
3291 2307 3424 2348 con-

1844 2380 1996 2448 ﬂato,
2054 2382 2228 2454 igneis
2281 2385 2436 2446 rotis,
2467 2385 2722 2451 missum,
2787 2385 2840 2440 in
2899 2386 3098 2442 cmlum
3149 2386 3419 2441 Adamum

1846 2473 2101 2543 rapuisse
2136 2487 2330 2530 coram
2380 2475 2512 2544 Deo,
2553 2476 2712 2547 cujus
2757 2477 2926 2534 facies
2979 2479 3418 2550 splendidissima

1843 2564 2064 2638 ﬂampta
2094 2567 2351 2638 fulgebat.

149 2659 456 2731 προσώπου
501 2658 600 2727 τῆς
641 2657 762 2726 γῆς,
793 2657 870 2732 εἰς
917 2654 1008 2709 τὸν
1053 2653 1208 2724 ᾅδην.
1244 2653 1366 2706 Ἔτι
1409 2653 1606 2723 φησίν·
1647 2655 1729 2709 ὅτι
1790 2657 2120 2724 ἀποσταλεὶς
2179 2663 2235 2738 ὀ,
2263 2661 2482 2732 Μιχαὴλ
2520 2661 2665 2732 μετὰ
2708 2663 2952 2732 ἅρματος
2995 2663 3054 2728 ἐξ
3101 2663 3323 2734 ἀνέμου,
3361 2658 3422 2716 οὗ

151 2755 206 2806 oi
240 2752 426 2822 τροχοὶ
460 2749 696 2821 πύριναι,
727 2748 886 2803 ἔλαϐε
911 2747 1002 2802 τὸν
1036 2747 1210 2819 Ἀδὰμ
1237 2747 1324 2800 ἐπ’
1349 2746 1512 2800 αὑτοῦ
1543 2749 1622 2812 εἰς
1649 2750 1740 2804 τὸν
1777 2752 2122 2824 παράδεισον,
2190 2755 2422 2810 ἐνώπιον
2447 2755 2542 2810 τοῦ
2607 2755 2766 2824 Θεοῦ,
2793 2751 2855 2810 οὗ
2884 2757 2944 2810 τὸ
2985 2759 3276 2830 πρόσωπον
3301 2759 3423 2812 λίαν

157 2848 265 2917 δινὴ
276 2863 460 2900 πτετο.

237 2945 362 2996 Ἔτι
403 2941 587 3012 φησὶν,
633 2934 714 2993 ὅτι
752 2939 830 3010 τῷ
873 2937 1094 3010 Χριστῷ
1127 2939 1441 3010 γεννηθέντι
1472 2940 1742 3010 κατῆλθεν

162 3035 457 3106 ούρανόθεν
487 3033 696 3103 ἱμάτιον
718 3047 734 3062 °
767 3033 861 3085 καὶ
885 3031 1062 3096 τοῦτο,
1095 3034 1282 3102 φησὶν,
1316 3031 1463 3086 ἐστὶν
1485 3033 1512 3086 ὃ
1534 3032 1686 3102 λέγει
1715 3037 1744 3088 6

166 3123 558 3194 εὐαγγελιστὴς
589 3121 813 3192 χιτῶνα
845 3119 1115 3192 άρῤαφον.
1169 3123 1284 3191 Ἐφ’
1326 3115 1390 3187 οὗ
1427 3125 1524 3177 καὶ
1569 3126 1602 3195 ᾔ
1649 3125 1744 3178 τοῦ

167 3217 306 3271 Θεοῦ
333 3215 558 3284 δύναμις
586 3212 802 3266 ἔπεσεν.
832 3213 952 3266 Ἔτι
975 3212 1163 3282 φησὶν,
1185 3213 1268 3266 ὅτι
1295 3213 1404 3266 εσω
1436 3215 1527 3267 τοῦ
1556 3231 1745 3285 φαινοο

1919 2939 2140 3001 Christo
2171 2943 2418 3000 nascenti
2448 2943 2678 3000 missum
2708 2941 2878 2998 fuisse
2905 2957 2935 2998 ο
2961 2943 3102 2998 caelo
3127 2941 3421 2998 vestimen-

1849 3045 1988 3102 tum,
2013 3037 2160 3106 quod
2202 3037 2379 3106 ipsum
2409 3036 2744 3108 evangelista
2773 3036 3012 3090 tunicam
3039 3035 3430 3091 inconsutilem

1849 3135 2142 3190 memorat,
2205 3134 2260 3182 et
2311 3126 2366 3180 in
2423 3125 2557 3181 illud
2613 3126 2914 3194 potentiam
2970 3123 3068 3180 Dei
3121 3123 3416 3182 decidisse.

1852 3218 1998 3275 lntra
2047 3219 2316 3274 visibilem
2361 3217 2490 3274 coeli
2520 3227 2730 3288 partem
2762 3217 3018 3274 cmlestes
3045 3216 3294 3272 habitare
3327 3231 3428 3288 po-

175 3311 335 3380 μὲνου
368 3303 598 3376 ούρανοῦ
621 3306 780 3374 ¹εἰσιν
816 3304 872 3356 αἱ
905 3303 1164 3373 δυνάμεις
1200 3304 1310 3359 τῶν
1351 3305 1616 3377 οὐρανῶν,
1651 3309 1746 3360 καὶ

1855 3319 2076 3367 testate:
2121 3311 2444 3380 animasque
2467 3319 2806 3373 sanctorum,
2853 3307 2907 3364 in
2935 3306 3268 3365 invisibilem
3299 3323 3433 3364 vero

171 3378 228 3456 αἱ
259 3401 426 3471 ψυχαὶ
454 3393 561 3454 τῶν
586 3399 811 3454 δικαίων
831 3414 846 3428 ·
883 3400 964 3462 είς
995 3399 1086 3452 τὸν
1123 3399 1305 3468 ἀφανῆ
1333 3399 1413 3464 δὲ,
1445 3399 1606 3470 μόνον
1631 3401 1744 3453 εἰσι

1849 3402 2032 3458 solum
2055 3400 2336 3457 Christum
2353 3378 2749 3470 penetravisse.
2777 3399 3049 3456 Praeterea
3073 3399 3232 3457 docet
3264 3414 3432 3456 evan-

173 3493 345 3547 ελθεῖν
368 3493 458 3546 τὸν
485 3492 736 3562 Χριστόν.
772 3491 892 3543 Ἔτι
923 3491 1108 3559 φησὶν,
1129 3491 1213 3542 ὅτι
1239 3489 1304 3542 ἐκ
1331 3506 1494 3543 τινων
1523 3487 1745 3558 βιϐλίων

175 3586 280 3640 τῶι
304 3587 360 3638 ὲν
380 3585 458 3654 τῷ
481 3583 794 3648 δεσποτάτῳ
814 3579 914 3648 τῆς
947 3579 1255 3646 Ῥωμανίας
1283 3578 1436 3646 παρά
1459 3595 1622 3630 τινων
1655 3595 1750 3630 πε-

179 3676 557 3746 φυλαγμένων,
611 3671 844 3739 ἐχόντων
915 3667 1013 3729 τὰς
1068 3667 1416 3734 γενεαλογίας
1467 3666 1747 3728 ἁπάντων,

180 3769 364 3822 ἔλαϐον
398 3765 446 3816 oi
471 3760 855 3830 εὐαγγελισταὶ
883 3759 982 3828 τὴν
1004 3758 1358 3826 γενεαλογίαν
1379 3757 1474 3810 τοῦ
1503 3757 1632 3811 Υίοῦ
1657 3757 1749 3812 τοῦ

180 3859 331 3914 Θεοῦ.
362 3856 483 3908 Ἔτι
511 3856 697 3924 φησὶν,
732 3852 814 3905 ὅτι
843 3853 872 3904 6
903 3849 1132 3919 ἄγγελος
1156 3844 1278 3903 εἶπε
1316 3849 1454 3921 πρὸς
1483 3850 1581 3921 τὴν
1603 3852 1752 3921 Παρ-

184 3951 346 4004 θένονο
385 3947 423 4000 Γ
431 3948 628 4000 ίνωσκε
674 3941 756 3996 ὅτι
790 3943 851 3994 τὸ
880 3943 1034 4010 ἆγιον
1063 3940 1282 4010 Πνεῦμα
1332 3939 1415 3993 ἔνι
1459 3939 1600 4010 μετὰ
1631 3939 1749 4002 σοῦ,

184 4041 274 4098 καὶ
293 4041 422 4094 αὐτὸ
447 4035 867 4108 σαρκωθήσεται
895 4035 954 4088 ἐν
981 4032 1086 4099 σοὶ,
1117 4035 1211 4086 καὶ
1231 4034 1520 4101 γενήσεται
1549 4031 1753 4104 ἄνθρω-

187 4149 302 4198 πος,
333 4131 424 4184 καὶ
455 4127 709 4190 καλέσεις
755 4127 917 4200 αὐτὸν
946 4123 1296 4196 Ἐμμανουήλ
1315 4139 1328 4154 ⁸
1367 4123 1461 4192 καὶ
1496 4121 1660 4178 σώσει
1691 4123 1754 4177 τὸ

189 4226 334 4295 γένος
361 4222 470 4276 τῶν
497 4216 838 4290 Χριστιανῶν
871 4217 938 4269 ἐκ
977 4215 1086 4270 τῶν
1117 4215 1318 4287 χειρῶν
1349 4213 1444 4267 τοῦ
1475 4214 1747 4268 διαϐόλουο

191 4317 278 4372 καὶ
302 4315 379 4368 ὅτι
407 4313 502 4381 ὅλη
540 4314 572 4380 ἡ
606 4309 737 4378 ἁγία
767 4308 938 4378 Τριᾶις
963 4303 1252 4376 ὲσαρκώθη
1277 4349 1294 4371 ,
1343 4305 1430 4358 διὰ
1471 4305 1532 4359 τὸ
1567 4305 1754 4375 ὅμοιον

191 4406 292 4458 τῶν
317 4403 478 4474 τριῶν
501 4401 594 4454 καὶ
629 4399 954 4470 ἀχώριστον.
988 4398 1109 4450 Ἔτι
1140 4396 1331 4467 φησὶν,
1360 4397 1443 4450 ὅτι
1473 4397 1522 4448 oi
1548 4396 1606 4462 ἐξ
1629 4397 1754 4450 ἀνα-

193 4495 342 4565 στολῆς
369 4493 614 4554 ἐλθόντες
641 4491 822 4558 Μάγοι
843 4489 923 4551 εἰς
952 4488 1329 4560 προσκύνησιν
1353 4486 1446 4541 τοῦ
1476 4485 1712 4558 Χριστοῦ
1730 4527 1751 4552 ,

194 4589 223 4641 6
251 4587 338 4656 μὲν
369 4584 630 4638 θεάσαντο
662 4582 783 4650 (sic)
808 4581 968 4633 αὑτὸν
995 4579 1070 4644 ὡς
1107 4581 1300 4650 νήπιον
1333 4577 1602 4641 ἐνιαυτοῦ,
1640 4581 1668 4634 6
1697 4579 1755 4632 δὲ

196 4680 263 4742 ὠς
282 4678 440 4747 ἄνδρα
462 4673 879 4745 τριακονταετῆ,
907 4673 935 4725 ὁ
965 4671 1024 4727 δὲ
1057 4671 1132 4735 ὡς
1170 4670 1403 4742 γέροντα
1433 4671 1752 4724 πεπαλαιω-

127 4827 142 4832 ,,
204 4771 364 4838 μένον.
407 4767 517 4818 Καὶ
567 4766 650 4817 ὅτι
705 4762 786 4816 ἔτι
845 4761 1056 4814 παιδίον
1103 4760 1179 4814 ὣν
1223 4761 1252 4813 6
1304 4759 1508 4829 Κύριος
1552 4763 1754 4830 σημεῖα

200 4858 422 4926 ἐποίησε·
452 4854 646 4925 νεκρὸν
672 4853 782 4924 γάρ
809 4854 1097 4922 ἀνέστησε,
1135 4852 1230 4904 καὶ
1257 4851 1444 4904 ἐπάνω
1473 4850 1584 4902 τῶν
1603 4850 1757 4904 ἀκτί-

201 4962 295 5001 νων
326 4946 590 5013 ὲπωχείτο
625 4942 718 4996 τοῦ
752 4940 925 5012 ἡλίου,
961 4941 1056 4993 καὶ
1099 4941 1191 4992 ἐπὶ
1223 4939 1316 4992 τοῦ
1354 4939 1572 5010 ἱματίου
1609 4939 1756 5010 ὕδωρ

203 5017 488 5104 προσέφερε
533 5034 600 5102 τῇ
663 5031 852 5101 μητρὶ,
903 5029 998 5082 καὶ
1049 5027 1205 5095 ξύλον
1262 5029 1522 5092 τανύσας,
1569 5028 1754 5098 μεῖζον

204 5124 405 5194 ἐποίησε
439 5123 626 5192 χρείας
657 5119 843 5190 οὔσης,
875 5119 970 5172 καὶ
1001 5117 1254 5195 στρουθία
1300 5117 1519 5189 ἔμψυχα
1557 5119 1622 5172 ἐκ
1644 5135 1754 5188 τη-

1782 3557 1786 3562 ,
1851 3487 2072 3556 gelistas
2131 3501 2200 3541 ex
2255 3485 2586 3554 quibusdam
2654 3485 2810 3540 libris
2865 3483 3057 3540 Romae
3111 3487 3427 3552 asservatis,

1851 3575 2206 3644 omniumque
2261 3568 2634 3643 genealogiam
2686 3573 3154 3640 describentibus,
3221 3575 3427 3632 Christi

1851 3663 1974 3718 Filii
2037 3663 2132 3718 Dei
2185 3662 2556 3733 genealogiam
2607 3662 2913 3732 excepisse.
2986 3663 3202 3720 Dixisse
3245 3663 3430 3720 Mariae

1851 3756 2103 3826 angelum
2132 3772 2148 3810 :
2182 3755 2332 3810 Scito
2383 3753 2647 3824 Spiritum
2681 3763 2946 3812 sanctum
2997 3771 3067 3812 ex
3130 3765 3184 3812 te
3243 3757 3429 3812 incar-

1851 3846 2114 3908 nandum.
2149 3854 2204 3902 et
2245 3846 2410 3901 illum'
2427 3845 2705 3902 hominem
2758 3857 3014 3904 naturam
3045 3848 3270 3907 vocabis
3295 3849 3426 3906 Em-

1851 3936 2090 4002 manuel,
2132 3937 2226 4008 qui
2258 3935 2634 3996 Christianum
2676 3947 2908 4010 genus'e
2935 3939 3192 3996 manibus
3221 3940 3424 3996 diaboli

1853 4027 2106 4081 salvabit.
2166 4025 2250 4081 Ad
2295 4026 2410 4080 hac
2476 4023 2800 4084 Trinitatem
2857 4035 3024 4085 totam
3083 4029 3428 4084 incarnatam

1853 4117 2041 4182 fuisse,
2069 4115 2196 4188 quia
2231 4126 2346 4174 trcs
2389 4115 2596 4172 similes
2627 4125 2756 4196 sunt
2789 4125 2844 4172 et
2869 4119 3282 4189 inseparabiles.
3315 4121 3430 4176 Ma-

1853 4222 2070 4280 gorum,
2124 4207 2219 4278 qui
2271 4207 2338 4262 ad
2389 4206 2843 4282 adorandum'ab
2893 4206 3112 4264 Oriente
3144 4220 3426 4274 venerant,

1854 4298 1928 4354 ah
1944 4312 2054 4353 uno
2101 4297 2288 4356 Jesum
2319 4297 2578 4358 infantem
2634 4297 2795 4371 primi
2839 4299 2968 4354 anni
2999 4301 3196 4368 visum,
3231 4302 3299 4357 ab
3318 4302 3433 4361 alio

1857 4388 2075 4459 triginta
2108 4404 2375 4444 annorum
2408 4390 2607 4458 visum,
2637 4387 2706 4443 ab
2731 4389 2836 4445 alio
2871 4391 3242 4447 senissimum.
3265 4393 3427 4450 Chri-
3538 4439 3543 4444 .

1855 4489 2021 4542 stum,
2071 4478 2200 4533 dum
2233 4495 2370 4550 puer
2403 4490 2571 4546 esset,
2610 4480 2871 4536 miracula
2914 4482 3172 4548 edidisse,
3219 4486 3438 4542 scilicet

1857 4573 2130 4622 mortuum
2157 4570 2445 4639 quemdam
2469 4570 2843 4636 suscitavisse,
2893 4586 3056 4642 super
3085 4574 3266 4630 radios
3296 4576 3429 4630 solis

1860 4659 2091 4730 spatium
2123 4662 2479 4730 percurrisse,
2501 4662 2662 4717 matri
2687 4678 2800 4717 suae
2815 4677 3011 4732 aquam
3033 4665 3447 4723 investimcnto

1862 4752 2157 4820 repositam
2215 4751 2485 4814 attulisse.
2546 4753 2754 4829 trabem
2806 4754 3151 4822 extendisse,
3211 4755 3427 4826 longio-

1852 4855 2080 4910 remque
2127 4841 2196 4896 ad
2247 4841 2630 4898 necessitatem
2693 4842 2957 4908 eﬂecisse,
3012 4859 3143 4900 ares
3182 4845 3428 4924 viyentes

1851 4945 1918 4986 ex
1959 4931 2075 4985 luto
2105 4930 2347 4987 ﬁnxisse.
2393 4931 2499 4988 Sed
2536 4932 2660 5002 quis
2689 4931 2902 5002 singula
2935 4932 3156 4988 Cartani
3179 4935 3429 5006 blasphe-

1852 5023 1962 5076 mia
2015 5023 2404 5092 expromeret?
2460 5023 2606 5086 Nihil
2652 5023 2765 5082 i'ere
2814 5039 3015 5087 sanum
3059 5026 3114 5083 in
3141 5025 3282 5089 libro
3308 5029 3432 5099 Elui

1851 5115 2072 5185 vulgato
2106 5115 2382 5186 reperias._
2461 5153 2470 5158 -

203 5220 286 5274 λοῦ
316 5179 735 5274 κατεσκεύασεν.
773 5179 933 5269 his}:
963 5214 1049 5278 τίς
1070 5179 1144 5266 .ἂν
1175 5179 1482 5267 ἕκαστατᾶ
1505 5212 1597 5267 τοῦ
1648 5179 1975 5285 Καρτάνου-
2015 5179 2310 5281 καταλέγοι
2373 5210 2672 5283 βλάσφημα
2693 5179 2930 5291 ;¹σχεδδν
2961 5207 3067 5290 γὰρ
3089 5212 3242 5269 οὐδὲν
3271 5215 3431 5287 ὀρθὸν

206 5312 259 5364 ιν
285 5311 341 5379 τῇ
373 5308 668 5363 λαοπλανέί
691 5305 858 5359 αὐτοῦ
897 5304 1065 5374 βίϐλῳ
1099 5304 1346 5374 φέρεται.

290 5397 440 5453 ΠΕΡΙ
480 5398 616 5451 ΤΗΣ
655 5397 792 5448 ΤΩΝ
833 5395 1276 5448 ΚΑΡΤΑΝΙΤΩΝ
1316 5393 1670 5447 ΛΙΡΕΣΕΩΣ.
1737 5419 1746 5431 ι

281 5489 362 5544 Ἐν
409 5492 523 5551 τοῖς
570 5487 694 5540 καθ’
727 5487 874 5556 ἡμᾶς
919 5486 1134 5556 χρόνοις
1178 5485 1418 5554 ἀνεφάνη
1465 5485 1563 5538 καὶ
1595 5483 1766 5554 ἡτῶν

213 5577 552 5652 Καρτανιτῶν
581 5577 956 5646 πολυκέφαλος
987 5577 1218 5647 αἵρεσις.
1243 5577 1530 5646 Καρτᾶνος
1551 5575 1662 5644 γάρ
1683 5591 1768 5638 τις

213 5674 556 5746 Κερκυραῖος,
611 5671 672 5724 τὸ
721 5671 904 5740 σχῆμα
963 5667 1212 5740 μοναχδς,
1260 5667 1359 5738 τὴν
1407 5667 1565 5733 ἀξίαν
1605 5665 1768 5737 δῆθεν

217 5765 392 5834 ίερεῦς,
423 5763 488 5815 δι’
508 5761 776 5832 ἐμπορίαν
811 5762 890 5824 εἰς
920 5758 1210 5828 Ἀκυληΐαν
1243 5758 1615 5830 στελλόμενος,
1641 5759 1770 5812 κάν-

221 5855 386 5910 τεῦθεν
419 5856 500 5918 εἰς
533 5853 928 5926 αἰσχρουργίας
955 5849 1236 5919 ἐμπεσὼν,
1269 5849 1531 5922 ἐνεϐλήθη
1563 5850 1641 5914 εἰς
1673 5868 1774 5920 φυ-

2131 5388 2220 5444 DE
2258 5387 2806 5446 CARTANITARUM
2855 5390 3160 5448 HERESI.

1927 5481 2144 5538 Nostris
2201 5481 2255 5536 in
2306 5483 2641 5552 temporibus
2699 5483 2988 5553 multiccps
3031 5483 3430 5539 Cartanitarum

1859 5573 2088 5628 haeresis
2144 5571 2413 5642 apparuit.
2477 5571 2746 5628 Cart‘anus
2776 5588 2807 5627 e
2851 5572 3091 5644 Corcyra
3143 5569 3430 5636 oriundus,
3533 5559 3540 5566 ’

1860 5665 2180 5722 conditione
2235 5664 2555 5728 monachus,
2600 5665 2862 5735 dignitate
2897 5663 3116 5734 quidem
3154 5665 3432 5728 sacerdos,

1859 5771 1985 5814 cum
2039 5754 2354 5810 commercii
2417 5769 2581 5808 causa
2629 5754 2932 5824 Aquileiam
2962 5753 3292 5824 navigasset,
3327 5755 3430 5814 ibi-

1861 5864 1968 5918 que
2022 5846 2076 5901 in
2140 5844 2408 5902 dedecora
2471 5844 2656 5914 lapsus
2699 5852 2863 5913 esset,
2901 5843 2952 5904 in
2989 5858 3261 5900 carcerem
3299 5857 3426 5900 con-
