4090 6286
1821 557 1862 566 η

1312 351 1754 421 PHILOTHEI-
1779 363 2124 425 MON.\CHI
2163 363 2542 424 ASCETICA.

652 613 1940 894 IPHILOTHEUS
2022 688 3110 938 MONAGHUS.

3413 360 3551 426 1370

2014 542 2290 551 -———————_

2291 541 2712 552 —-—_—_——————

3110 541 3528 568 1m

374 1183 454 1260 Co
475 1185 507 1237 l.
525 1185 794 1260 σοι-1⁵01.
831 1188 902 1260 95_
925 1187 1118 1260 a.A'l_‘it.
1141 1189 1557 1260 -ᾼἎσκητικὰ
1612 1193 1716 1246 τοῦ
1757 1193 1866 1247 ὀσίι

1967 1191 2190 1258 Πατρός
2215 1191 2384 1260 ἡμῶν
2411 1189 2698 1246 Φιλοθέου
2732 1190 2998 1259 μοναχοῦ
3023 1189 3218 1258 μονῆς
3237 1189 3347 1257 τῆς
3367 1191 3548 1255 ὑπερ-

291 1253 478 1328 αγςίας
511 1256 800 1328 Θερτᾴκου
827 1257 938 1328 τῆς
962 1258 1158 1321 ,ϐάτου
1191 1258 1298 1328 (1)’
1319 1253 1476 1316 -Ίιί
1509 1271 1612 1328 est,
1645 1263 1866 1317 Ascett’ct

1967 1253 2094 1316 meti
2111 1253 2292 1316 Putris
2324 1263 2492 1316 nostri
2520 1253 2806 1325 ΡΙιὶιοιΙιεὶ,
2831 1253 3072 1314 monachi
3097 1253 3401 1313 monasterii
3423 1253 3548 1311 sa'n-

293 1324 556 1378 ctissime?
589 1323 838 1394 θείνοντε
860 1325 1007 1392 Bati,
1049 1344 1145 1382 seu
1175 1323 1322 1385 rubi.

373 1484 566 1554 Incipit
593 1501 607 1536 :
633 1484 786 1538 Ὅσοι
804 1485 883 1548 είς
903 1485 1136 1556 Χριστὸν
1163 1487 1592 1559 ἐϐαπτίσθημεν,
1621 1489 1762 1544 κατὰ
1784 1487 1866 1542 τοι

2047 1486 2371 1557 Quicunque
2399 1485 2454 1540 in
2493 1485 2772 1540 Christum
2806 1483 3066 1554 baptizati
3102 1499 3315 1547 sumus,
3347 1500 3549 1541 secun-

291 1575 445 1630 θεῖον
487 1573 828 1638 ’Δπόστολον,
862 1575 1098 1644 Χριστὸν
1133 1576 1480 1648 ἑνδεδύμεθα,
1521 1579 1766 1650 δηλονότι
1813 1577 1874 1644 ἐξ

290 1667 517 1737 ἡμέρας
535 1666 626 1718 καὶ
649 1663 796 1735 ὥρας
822 1665 916 1718 τοῦ
935 1665 1078 1719 θείου
1097 1667 1496 1739 βαπτίσματος.
1523 1669 1874 1734 Ἐξαπέστει-

290 1757 390 1811 λεν
418 1759 447 1811 ὁ
473 1757 629 1820 Θεὸς,
659 1759 810 1828 φησὶ,
835 1757 896 1810 τὸ
921 1757 1146 1829 Πνεῦμα
1173 1759 1266 1812 τοῦ
1301 1761 1431 1814 Υίοῦ
1463 1761 1629 1815 αὐτοῦ
1661 1762 1721 1814 ὲν
1749 1763 1872 1826 ταῖς

291 1851 547 1922 καρδίαις
567 1848 725 1920 ἡμῶν
752 1849 974 1920 κρᾶζον·
1014 1850 1182 1904 Ἀεϐᾶ
1201 1854 1230 1904 ὁ
1246 1852 1456 1922 Πατὴρ,
1472 1855 1568 1907 καὶ
1592 1852 1745 1919 αὐτὸ,
1763 1870 1872 1922 φη-

293 1940 376 2004 σὶ,
403 1940 464 1994 τὸ
497 1942 722 2009 Πνεῦμα
753 1944 1140 2012 συμμαρτυρεῖ
1165 1943 1241 2013 τῷ
1275 1943 1544 2014 πνεύματι
1574 1943 1753 2014 ἡμῶν,
1787 1943 1872 1996 ὅτι

292 2031 467 2101 ἐσμὲν
493 2032 656 2084 τέκνα
681 2030 838 2094 Θεοῦ,
859 2033 907 2084 εί
927 2033 982 2084 δὲ
1005 2032 1168 2085 τέκνα
1187 2033 1280 2086 καὶ
1299 2033 1647 2105 κληρονόμοι,
1672 2034 1871 2105 κληρο-

290 2119 449 2188 νόμοι
466 2117 565 2188 μὲν
580 2117 737 2181 Θεοῦ,
766 2117 1198 2188 συγκληρονὸμοι
1218 2119 1274 2173 δὲ
1293 2120 1551 2191 Χριστοῦ.
1579 2122 1643 2174 Εἰ
1667 2121 1867 2186 τοίνυν,

289 2209 588 2276 ἑπιφάσκει
610 2211 638 2262 ὀ
666 2207 1002 2279 θεοεράντωρ·
1033 2209 1269 2279 Χριστὸν
1289 2209 1660 2281 ὲνεδυσάμεθα
1682 2211 1747 2264 ὲκ
1777 2211 1871 2280 βαο

289 2297 618 2368 πτίσματος,
651 2298 744 2352 καὶ
777 2297 1010 2367 Χριστὸς
1057 2298 1261 2368 Ἰησοῦς
1298 2301 1439 2353 οίκεῐ
1483 2301 1542 2354 ἐν
1586 2302 1738 2370 ἡμῖν,
1774 2300 1870 2354 καὶ

288 2387 590 2460 ἀρραϐῶνα
625 2387 940 2456 Πνεῦματος
981 2387 1138 2454 ἁγίου
1182 2389 1282 2458 τῆς
1313 2387 1618 2460 μελλούσης
1648 2390 1868 2443 αἰωνίου

291 2476 440 2547 ζωῆς
469 2477 756 2548 ἐλάϐομεν,
785 2477 878 2530 καὶ
907 2474 1076 2544 οἶκος,
1108 2477 1180 2540 ὡς
1202 2478 1330 2548 ἔφη,
1358 2481 1457 2549 τῆς
1485 2481 1870 2550 προσκυνητῆς

290 2571 388 2623 καὶ
419 2569 579 2638 ἁγίας
606 2570 834 2640 Τριάδος
868 2571 1190 2640 γεγόναμεν’
1227 2569 1281 2624 τί
1313 2571 1396 2624 δεῖ
1425 2557 1576 2642 ius;
1603 2571 1862 2643 ποιῆσαι;

291 2662 390 2716 καὶ
419 2661 534 2724 πῶς
557 2662 614 2716 ἐν
647 2661 796 2730 φόϐῳ
832 2662 926 2714 καὶ
959 2662 1148 2734 τρόμῳ
1177 2663 1276 2733 τὴν
1297 2662 1454 2732 ἡμῶν
1479 2663 1660 2717 αὐτῶν
1689 2681 1864 2735 σωτη-

294 2752 422 2822 ρίαν
469 2749 931 2820 κατεργάζεσθαι,
965 2751 1054 2805 ἵνα
1087 2750 1162 2822 μὴ
1195 2752 1318 2805 ἀντὶ
1343 2738 1493 2806 οἴκου
1527 2752 1686 2818 Θεοῦ,
1719 2749 1866 2818 οϊκος

1973 1579 2104 1634 dum
2158 1579 2406 1635 divinum
2462 1577 2828 1647 Apostolum,
2886 1575 3164 1631 Christum
3225 1575 3546 1641 induimus,

1973 1672 2184 1728 scilicet
2242 1687 2272 1727 a
2318 1673 2407 1726 die
2461 1679 2518 1726 et
2573 1671 2707 1724 hora
2758 1669 2929 1723 divini
2981 1669 3351 1738 baptismatis.
3404 1669 3554 1724 Misit

1973 1763 2138 1827 Deus,
2191 1763 2386 1833 inquit,
2445 1761 2705 1830 Spiritum
2750 1759 2873 1814 Filii
2925 1761 3012 1814 sui
3058 1759 3115 1814 in
3157 1759 3321 1813 corda
3362 1769 3548 1813 nostra

1972 1853 2295 1908 clamantem
2326 1871 2342 1908 :
2373 1852 2546 1917 Abba,
2577 1849 2762 1906 Pater.
2791 1850 2859 1904 Et
2907 1850 3022 1919 ipse
3055 1847 3312 1918 Spiritus,
3346 1847 3548 1917 inquit,

1974 1943 2345 1999 testimonium
2394 1941 2575 1996 reddit
2622 1939 2843 2010 spiritui
2893 1949 3105 2001 nosuo,
3163 1937 3308 2008 quod
3357 1953 3550 1994 sumus

1971 2035 2068 2091 filii
2113 2033 2230 2090 Dei.
2293 2033 2352 2089 Si
2385 2041 2568 2088 autem
2601 2032 2697 2088 lilii
2736 2039 2791 2086 et
2822 2029 3099 2094 haaredes;
3148 2028 3390 2082 haeredes
3429 2028 3553 2098 qui-

1971 2127 2093 2183 dem
2145 2125 2258 2192 Dei,
2311 2123 2624 2180 cobaeredes
2673 2129 2856 2178 autem
2905 2119 3130 2176 Christi.
3171 2119 3227 2174 Si
3267 2119 3453 2190 igitur,
3487 2127 3552 2173 ut

1971 2219 2109 2274 dixit
2144 2217 2252 2283 ,Dei
2302 2230 2482 2288 praeco
2509 2255 2526 2280 ,
2572 2215 2850 2271 Christum
2902 2211 3180 2266 induimus
3225 2225 3322 2280 per
3366 2210 3538 2279 bapti-

1971 2324 2152 2365 smum
2173 2347 2190 2372 ,
2222 2316 2277 2362 et
2305 2305 2564 2362 Christus
2593 2303 2754 2360 Jesus
2803 2304 2858 2358 in
2890 2303 3048 2358 nobis
3091 2301 3385 2365 inhabitat,
3422 2311 3476 2355 et
3515 2317 3548 2356 a

1971 2397 2176 2469 Spiritu
2214 2405 2405 2454 sancto
2434 2396 2634 2452 futurae
2664 2411 2728 2452 ae
2759 2404 2979 2450 aeterna:
3022 2394 3148 2448 vitae
3193 2393 3421 2462 pignora
3457 2407 3554 2446 ac-
3589 2423 3597 2430 -

1971 2491 2249 2559 cepimus,
2287 2497 2345 2544 et
2379 2487 2750 2542 habitaculum
2787 2485 2965 2544 εσσοιί
3014 2497 3207 2540 sumus
3257 2483 3550 2538 adorandae

1966 2588 2022 2636 et
2038 2591 2240 2636 sancta:
2269 2579 2557 2635 Trinitatis
2575 2620 2590 2643 ,
2623 2577 2754 2648 quid
2782 2577 2964 2633 facere
2989 2576 3294 2631 debemus?
3317 2583 3371 2630 et
3404 2590 3546 2644 quo-

1969 2670 2134 2726 modo
2167 2670 2222 2724 in
2255 2678 2403 2724 metu
2432 2677 2487 2723 et
2523 2678 2758 2722 tremore
2789 2667 3020 2720 salutem
3060 2673 3303 2719 nostram
3349 2677 3546 2732 opera-

1967 2760 2036 2826 ri,
2093 2775 2160 2815 ne
2212 2773 2312 2830 pro
2343 2759 2508 2824 domo
2554 2757 2670 2820 Dei,
2730 2757 2929 2811 domus
2976 2754 3178 2830 diaboli
3213 2752 3545 2806 clliciamur?

290 2842 536 2896 διαϐόλου
578 2843 736 2896 πάλιν
766 2842 1090 2914 γενώμεθας
1119 2844 1184 2896 Τί
1213 2843 1269 2898 δὲ
1293 2843 1440 2910 ἄλλο,
1477 2844 1510 2914 ἢ
1555 2847 1865 2915 μιμητικῶς

1967 2849 2109 2915 Quid
2159 2828 2341 2904 autem
2387 2847 2569 2911 aliud,
2617 2846 2721 2902 nisi
2771 2847 2826 2900 in
2876 2845 2987 2899 vita
3031 2828 3219 2898 nostra
3266 2843 3546 2898 Christum
3587 2828 3604 2843 ’

291 2936 350 2986 ἐν
379 2934 476 3004 βίῳ
527 2932 745 3004 Χριστῷ
768 2934 1114 3001 ἁκολουθεῖν;
1149 2935 1212 2987 Τί
1243 2930 1336 2990 οῦν
1359 2935 1640 3006 είπωμεν;
1667 2937 1749 2990 ὅτι
1774 2937 1864 2990 τὸν

289 3027 513 3082 δπισθεν
547 3029 784 3100 Χριστοῦ
821 3029 1145 3100 πορεύεσθαι
1195 3030 1477 3102 μέλλοντα,
1507 3031 1863 3101 ἀναχωρῆσαι

293 3120 386 3174 καὶ
421 3117 795 3183 ἀποτάξασθαι
838 3119 919 3172 δεῖ
960 3119 1036 3190 τῷ
1085 3119 1274 3190 κόσμῳ
1317 3119 1510 3189 τούτῳ.
1557 3119 1687 3173 Ἰδοὺ
1733 3135 1864 3190 προ-

291 3211 548 3280 ειλήφατε
593 3211 753 3263 τοῦτο
802 3212 1046 3280 ποιῆσαι.
1095 3209 1255 3284 Ἀλλά
1299 3211 1562 3279 εἴπωμεν,
1596 3211 1678 3263 ὅτι
1711 3208 1863 3273 ξένος

291 3298 393 3368 τῆς
425 3301 616 3353 ἑαυτοῦ
657 3300 913 3372 πατρίδος
961 3301 1056 3353 καὶ
1086 3301 1256 3370 φίλων
1297 3301 1391 3354 καὶ
1419 3299 1620 3368 γονέων
1658 3299 1860 3370 ὀφείλει

291 3391 540 3459 γενέσθαι
569 3409 652 3455 τις
689 3392 777 3446 διὰ
813 3391 1080 3462 Χριστόνς
1126 3392 1256 3445 Ἰδοὺ
1296 3393 1394 3446 καὶ
1437 3391 1596 3446 τοῦτο
1635 3391 1863 3454 ἕκαστος

291 3476 446 3548 ήμῶν
472 3480 771 3548 πεποίηκεν
791 3495 805 3509 ⁸
841 3480 976 3532 ἀλλὰ
997 3483 1114 3542 ταῖς
1147 3483 1479 3550 προσευχαῖς
1517 3496 1863 3550 προσκαρτε-

295 3569 404 3638 ρεῖν
430 3569 573 3636 ὑμᾶς
601 3569 1026 3638 ὑπομνήσωμεν,
1059 3570 1153 3621 καὶ
1185 3571 1241 3620 ὲν
1273 3569 1521 3638 Γραφαῖς
1553 3568 1735 3636 ἁγίαις
1766 3568 1862 3636 ὲγο

293 3657 666 3728 γυμνάζεσθαι
687 3675 700 3722 ;
746 3658 877 3710 Ἰδοὺ
909 3657 1089 3726 χάριτι
1116 3656 1352 3726 Χριστοῦ
1373 3657 1440 3710 δι’
1462 3657 1748 3726 ἀσκήσεως
1769 3656 1863 3708 αὖ·

292 3747 410 3808 ταῖς
443 3745 842 3814 ὲνδιατρίΰετεο
891 3747 988 3800 καὶ
1030 3749 1095 3816 τῇ
1143 3746 1462 3818 φιλαδελφίᾳ
1504 3745 1598 3802 καὶ
1645 3747 1860 3818 ὑπακοῇ

291 3832 368 3905 τῷ
395 3834 635 3905 Χριστῷ,
667 3833 893 3904 διαδόχῳ
921 3833 998 3896 ὡς
1031 3833 1180 3904 αὐτῷ
1205 3833 1384 3897 καλῶς
1414 3849 1478 3903 γε
1518 3836 1577 3886 ὲν
1598 3833 1865 3888 ταπεινώ-

295 3939 373 3976 σει
399 3921 762 3985 ὑπακούοντες
789 3923 882 3976 καὶ
913 3922 1364 3993 ὑποταττόμενοι.

377 4035 535 4091 Ἀλλά
564 4037 700 4114 πρὸς
733 4038 841 4098 τοῖς
871 4035 1052 4103 ἄλλοις
1080 4034 1236 4106 ἡμῶν
1259 4036 1317 4088 ὲν
1337 4035 1558 4106 Χριστῷ
1584 4036 1863 4108 ἀνδραγαο

1963 2939 2118 3010 sequi
2173 2954 2236 2994 ac
2278 2938 2521 2994 imitari?
2547 2937 2690 3004 Quid
2744 2937 2912 3008 igitur
2956 2933 3240 2990 dicemus?
3271 2932 3410 3000 Quia
3451 2934 3544 3004 qui

1963 3027 2243 3084 Christum
2273 3027 2431 3096 sequi
2457 3027 2598 3090 vult,
2633 3026 2780 3081 hunc
2808 3023 3076 3080 mundum
3113 3023 3422 3092 relinquere
3451 3022 3548 3078 de—

1963 3119 2056 3176 bet
2102 3129 2156 3175 et
2205 3119 2256 3174 ei
2302 3118 2636 3174 renuntiare.
2669 3116 2810 3173 Ecce
2859 3115 3178 3186 huiusmodi
3206 3123 3290 3170 est
3320 3129 3550 3170 conver-

1963 3212 2108 3267 satio
2159 3220 2369 3267 vestra.
2421 3209 2615 3265 Nonne
2673 3209 2922 3265 dicemus
2959 3208 3088 3278 quia
3131 3217 3354 3277 propter
3390 3203 3550 3260 Chri-

1960 3313 2106 3360 stum
2161 3303 2470 3372 relinquere
2526 3310 2742 3372 oportet
2795 3299 3050 3371 patriam,
3101 3299 3442 3370 propinquos
3492 3306 3548 3352 et

1965 3393 2214 3448 amicos?
2240 3392 2382 3448 Ecce
2417 3393 2523 3448 hoc
2567 3393 2735 3447 etiam
2767 3390 3148 3462 unusquisque
3190 3398 3436 3445 nostrum
3465 3388 3546 3444 fe-

1963 3483 2052 3538 cit.
2078 3481 2572 3536 Memorabimusne
2636 3483 2703 3536 de
2753 3481 3160 3550 perseverantia
3187 3480 3241 3534 in
3277 3479 3542 3544 oratione,

1963 3571 2030 3626 de
2045 3573 2437 3626 exercitatione
2463 3573 2517 3626 in
2544 3571 2844 3640 Scripturis
2871 3572 3088 3627 sacris?
3119 3571 3258 3626 Ecce
3286 3589 3380 3642 per
3409 3588 3541 3642 gra-

1962 3665 2091 3720 tiam
2131 3664 2336 3722 Christi
2366 3665 2450 3720 his
2493 3663 2813 3719 incumbitis
2857 3673 2912 3718 et
2942 3664 3365 3718 conversamini.
3398 3665 3543 3719 Cha-

1963 3756 2178 3812 ritatem
2215 3755 2517 3810 fraternam
2561 3765 2615 3810 et
2645 3754 2863 3810 Christo
2901 3753 3294 3822 subjectionem
3326 3769 3544 3810 exerce-

1963 3847 2055 3912 tis,
2088 3849 2141 3902 in
2174 3846 2487 3902 humilitate
2516 3862 2638 3916 qua:
2682 3846 2972 3916 praedictas
3000 3845 3228 3901 virtutes
3268 3846 3541 3916 sequitur,

1963 3939 2288 3995 obedientes
2315 3944 2372 3992 et
2398 3937 2655 4008 subjecti.

2037 4055 2146 4112 Sed
2181 4071 2305 4111 cum
2339 4056 2460 4110 aliis
2496 4055 2701 4110 nostris
2731 4054 2787 4108 in
2815 4054 3035 4110 Christo
3068 4055 3330 4126 praeclare
3352 4054 3542 4124 gestis,

294 4125 516 4196 ϐήμασι,
547 4124 628 4176 δεῖ
649 4125 743 4178 καὶ
770 4127 835 4195 τῇ
874 4125 1041 4194 κακίᾳ
1079 4127 1138 4177 ὲν
1165 4126 1448 4193 λογισμοῖς
1475 4125 1740 4194 πονηρίας
1767 4127 1860 4179 καὶ

1967 4145 2266 4200 cavendum
2319 4153 2402 4200 est
2453 4160 2520 4198 ne
2571 4152 2782 4199 secreto
2835 4124 3100 4198 malitiam
3149 4144 3542 4214 cogitationum

293 4215 663 4286 αίσχρότητος,
711 4215 785 4285 μὴ
815 4215 1134 4280 συνδυάςειν
1180 4217 1238 4268 ὲν
1268 4214 1347 4285 τῷ
1383 4215 1629 4287 κρυπτῷ.
1671 4217 1860 4270 Ἔστιν

1967 4250 2259 4306 pravarum
2301 4242 2396 4288 aut
2437 4235 2679 4304 turpium
2730 4233 3084 4290 misceamus.
3136 4233 3232 4289 Est
3276 4233 3444 4302 igitur
3486 4233 3540 4286 in

293 4303 381 4360 οὖν
408 4307 596 4377 νοητὸς
619 4307 936 4377 πόλεμοςοὲν
967 4309 1098 4376 ἡμῖν
1121 4307 1304 4370 αὐτοῖς
1337 4306 1431 4360 τοῦ
1472 4307 1732 4379 αἰσθητοῦ
1760 4325 1862 4379 χαο

1967 4303 2123 4384 nobis
2169 4327 2302 4398 ipsis
2345 4303 2546 4382 bellum
2593 4327 2876 4397 spirituale
2921 4334 2975 4381 et
3017 4327 3272 4381 sensuale
3323 4327 3541 4396 quidem

294 4396 616 4468 λεπῶτερος,
641 4398 700 4452 ὃν
727 4400 775 4451 εί
803 4400 916 4460 τοῖς
946 4401 1045 4467 τῆς
1075 4397 1358 4466 ὑποταγῆς
1380 4398 1534 4468 ὑμῶν
1561 4397 1744 4463 ἄθλοις
1767 4401 1858 4455 καὶ

1967 4396 2206 4489 gravius,
2244 4415 2388 4487 quod
2424 4417 2516 4475 ubi
2548 4396 2646 4471 vos
2683 4417 3009 4472 obedientiae
3056 4417 3450 4472 certaminibus
3488 4426 3544 4471 et

295 4491 660 4563 προαιρέσεως
725 4491 920 4560 αἵμασι
973 4491 1068 4543 καὶ
1125 4490 1289 4548 αὑτὸν
1337 4490 1734 4562 κατορθώσετε,
1784 4493 1860 4558 ὡς

1967 4508 2153 4563 animo
2183 4507 2268 4562 vel
2291 4507 2357 4561 ad
2389 4507 2555 4561 vitam
2585 4506 2998 4561 sacriﬁcandam
3023 4515 3212 4576 parato
3231 4506 3298 4561 ad
3339 4505 3541 4560 bonum

295 4579 573 4651 φωστῆρες
605 4578 908 4649 φανήσεσθε
953 4578 1112 4648 λόγον
1153 4578 1298 4649 ζωῆς
1341 4579 1574 4649 ἔχοντες,
1605 4581 1859 4648 ἀνύοντες

1967 4598 2132 4654 tinem
2158 4597 2548 4669 perduxeritis,
2579 4597 2830 4653 lueebitis
2855 4606 2912 4652 ut
2940 4594 3252 4662 luminaria,
3281 4597 3544 4652 habentes
3623 4625 3630 4636 -

292 4667 352 4726 τὸ
373 4668 472 4737 τῆς
505 4669 860 4738 συνειδήσεως
889 4669 1210 4740 μαρτύριον.
1247 4671 1456 4742 Ὥσπερ
1486 4671 1594 4742 γὰρ
1625 4674 1719 4726 ἐπὶ
1745 4673 1856 4726 τῶν

1967 4667 2192 4746 verbum
2244 4690 2411 4756 vitae,
2470 4689 2829 4759 impetrantes
2889 4688 3239 4746 conscientiae
3295 4687 3542 4743 testimo-

297 4760 549 4831 ἰατρικῶν
599 4762 926 4830 φαρμάκων,
981 4763 1084 4814 εἰσὶ
1124 4761 1224 4832 μὲν
1264 4779 1387 4816 τινα
1427 4765 1756 4834 προσφάτως
1801 4765 1862 4818 τὸ

1967 4781 2136 4836 nium.
2186 4779 2658 4847 Quemadmodum
2707 4781 2855 4834 enim
2915 4780 3256 4834 medicorum
3303 4779 3540 4834 remedia

297 4851 452 4920 σῶμα
473 4852 857 4922 ὑπερείδοντα,
894 4853 1056 4924 ἕτερα
1095 4853 1150 4906 δὲ
1185 4852 1448 4916 πολλάκις
1479 4854 1640 4926 μέχρι
1669 4855 1858 4918 τέλους

1967 4869 2075 4924 alia
2111 4869 2332 4938 quidem
2361 4884 2562 4938 corpus
2595 4875 2924 4933 sustentant,
2950 4868 3058 4922 alia
3087 4875 3268 4922 autem
3296 4881 3440 4936 szepe
3471 4867 3538 4920 ad

296 4939 540 5004 ὑπόθεσις
558 4941 860 5012 εὐημερίας
881 4942 1030 5010 αὐτῷ
1050 4942 1334 5012 γινόμενα,
1354 4941 1495 4996 οὕτω
1513 4960 1576 5010 γε
1600 4944 1705 5014 χρὴ
1723 4947 1860 4997 νοεῖν

1971 4959 2132 5014 ﬁnem
2165 4975 2336 5028 usque
2369 4959 2567 5014 bonam
2602 4958 2652 5013 ei
2691 4959 3055 5015 valetudinem
3089 4966 3434 5022 conservant,
3466 4957 3542 5013 ita

295 5030 385 5083 καὶ
426 5031 517 5082 ἐπὶ
555 5031 660 5082 τῶν
701 5030 823 5086 κατ’
849 5032 1130 5086 εὐσέϐειαν
1163 5030 1476 5103 ἁσκητικῶν
1511 5035 1862 5104 σπουδασμά-

1973 5049 2137 5102 etiam
2159 5048 2506 5104 statuendum
2534 5057 2620 5103 est
2648 5049 2716 5104 de
2741 5048 2996 5104 asceticis
3022 5048 3240 5118 pietatis
3269 5047 3540 5103 exercita~

295 5136 414 5184 των,
452 5119 558 5172 τῶν
589 5137 650 5172 τε
682 5121 820 5174 κατὰ
847 5121 972 5174 νοῦν
999 5122 1255 5192 κρυπτῶς
1279 5123 1729 5194 ἐπιτελουμένων,
1761 5126 1858 5178 καὶ

1969 5139 2234 5202 tionibus,
2267 5140 2382 5194 sive
2410 5139 2476 5193 ad
2523 5139 2744 5192 intimos
2797 5139 2966 5193 animi
3003 5154 3275 5205 recessus,
3317 5139 3432 5193 sive
3474 5137 3540 5192 ad

295 5210 348 5262 ὲν
382 5209 625 5280 σώματι·
665 5213 756 5264 καί
789 5229 900 5282 μοι,
945 5213 1098 5282 φησὶ,
1151 5213 1234 5276 τὶς
1271 5213 1510 5283 ἐργάτης
1551 5217 1642 5268 τὸν
1674 5215 1741 5268 δι’
1771 5214 1808 5269 ἃ
1837 5217 1866 5269 ὁ

1967 5245 2166 5299 corpus
2225 5236 2494 5298 spectent.
2559 5228 2630 5282 Et
2687 5227 2934 5298 profecto
2993 5229 3266 5285 asceticus
3319 5229 3540 5298 quidam

296 5299 444 5367 λόγος
476 5301 564 5354 ἐπ’
592 5301 765 5354 ἐλπίδι
792 5301 933 5366 εἶπε,
969 5303 1050 5356 δεῖ
1076 5304 1166 5356 τὸν
1189 5305 1288 5374 τῆς
1320 5305 1373 5356 εἰ
1386 5305 1599 5369 σεϐείας
1625 5309 1865 5378 ἐργάτην

1968 5317 2103 5372 mihi
2131 5316 2288 5383 dixit,
2314 5317 2772 5386 quemadmodum
2802 5317 3086 5388 Scriptura
3108 5333 3265 5374 sacra
3295 5335 3394 5373 nos
3421 5333 3543 5387 spe-

295 5392 500 5462 τρέχειν
523 5409 536 5424 ο
569 5394 662 5445 καὶ
690 5395 829 5448 κατὰ
859 5394 1056 5448 σκοπὸν
1090 5394 1311 5448 διώκειν
1346 5398 1492 5466 ὲννῷ
1520 5397 1610 5450 τοῦ
1645 5399 1866 5463 τελείως

1969 5417 2092 5456 rare
2146 5401 2322 5471 jubet,
2367 5401 2441 5456 ita
2502 5403 2663 5456 etiam
2726 5403 2948 5472 pietatis
3004 5406 3265 5460 cultorem
3321 5418 3542 5458 currere

298 5484 389 5548 τὴν
415 5482 508 5534 τοῦ
539 5483 673 5536 Θεοῦ
711 5486 933 5554 μνήμην
962 5487 1019 5538 ὲν
1046 5487 1246 5557 καρδίᾳ
1287 5487 1478 5560 ὥσπερ
1512 5493 1862 5562 μαργαρίτην

1967 5493 2182 5554 debere,
2213 5491 2284 5546 ita
2327 5492 2548 5562 quidctn
2585 5501 2643 5546 ut
2668 5492 2790 5562 ejus
2830 5495 3016 5548 animo
3045 5502 3311 5562 perpetuo
3340 5505 3542 5560 scapus

297 5566 490 5638 ὴλίθον
517 5570 693 5637 τίμιον
726 5569 1049 5642 θησαυρίσαι
1074 5591 1086 5604 ’
1124 5577 1214 5627 καὶ
1248 5578 1352 5648 χρὴ
1395 5580 1566 5632 πᾶντα
1595 5581 1850 5650 προέσται

1967 5585 2301 5649 obversetur,
2335 5583 2425 5637 Dei
2466 5575 2783 5639 memoriam
2834 5585 2910 5638 uti
2951 5584 3302 5653 margaritam
3347 5582 3429 5638 vel
3459 5585 3540 5636 la-

362 5724 438 5796 (1)
476 5724 610 5780 Cod.
649 5725 786 5780 Nan.
821 5743 870 5797 p.
912 5727 1032 5782 183.
