4090 6286
404 321 535 390 1377
577 321 584 327 ’

1376 308 1578 375 ΥΙΤΑ.
1613 339 1682 350 --
1711 313 2316 375 COMMENTARIUS
2355 308 2730 375 PBIEVIUS.

3535 315 3672 381 1378

401 433 538 488 Nam
579 439 634 487 et
679 428 1062 500 Theophanes,
1110 425 1162 482 in
1200 421 1404 480 tabulis
1443 426 1772 503 praepositis
1821 441 1997 482 annos
2025 432 2073 486 Α
2100 425 2265 493 lario,
2294 425 2544 492 cedebat,
2573 421 2956 480 consulendus
2978 431 3063 478 est
3088 422 3356 495 Georgius
3380 425 3580 498 Curop.
3610 430 3680 483 de

403 523 549 579 sedis
586 522 651 576 21
707 525 981 584 numerat,
1017 524 1082 573 et.
1103 515 1172 572 ad
1203 530 1334 570 ann.
1374 514 1410 568 ι
1438 515 1654 585 imperii
1699 513 1990 584 Nicephori

401 615 504 670 ista
530 613 694 668 tradit
722 603 738 666 ξ
771 629 790 663 ε
826 611 942 666 Hoc
969 625 1136 677 anno,
1167 622 1355 663 mense
1381 607 1540 663 Febr.
1567 607 1656 662 die
1678 607 1771 673 25,
1798 607 1989 662 indict.

409 707 500 772 14,
537 703 802 759 Tarasius
833 703 1219 759 sanctissimus
1247 699 1569 755 Patriarcha
1599 697 1992 754 Constantino-

403 799 682 870 politanus
711 797 948 869 gloriose
991 795 1138 860 diem
1171 794 1377 850 clausit
1421 801 1750 856 extremum,
1783 799 1836 845 et
1881 789 1992 844 ela-

407 901 519 945 tum
552 899 638 946 est
680 904 880 959 corpus
909 888 1030 958 ejus
1062 888 1129 942 ad
1165 885 1373 941 Fauces
1405 883 1588 950 Ponti,
1619 891 1674 937 et
1705 884 1760 936 in
1807 897 1994 936 mona-

407 981 596 1044 sterio,
631 981 778 1050 quod
815 979 933 1048 ipse
963 983 1375 1040 construxerat,
1407 981 1601 1045 quarta
1635 972 1772 1027 feria
1804 972 1994 1042 primas

407 1068 734 1139 jejuniorum
763 1065 1119 1122 hebdomadis
1147 1064 1450 1135 sepultum.
1482 1063 1546 1117 Et
1571 1077 1762 1116 mense
1791 1061 1988 1131 Aprili,

407 1161 492 1216 die
539 1159 896 1224 duodecima,
950 1172 1150 1227 magna
1197 1157 1378 1211 sancti
1433 1155 1660 1214 Paschae
1709 1155 1992 1212 Dominica

421 1260 760 1308 .onsecratus
818 1257 903 1305 est
937 1249 1326 1313 sanctissimus
1358 1235 1672 1318 patriarcha
1725 1249 1996 1316 Nicepho-

407 1358 520 1398 rus.
553 1361 572 1394 ι
604 1341 730 1396 llaec
756 1341 854 1404 ibi,
884 1355 1010 1410 qua:
1057 1341 1241 1394 omnia
1272 1341 1538 1411 praeclare
1572 1339 1906 1395 conveniunt
1938 1339 1992 1392 in

408 1449 552 1488 anno
585 1431 791 1487 Christi
823 1430 928 1487 806
980 1431 1266 1501 quo-anni
1314 1432 1723 1502 patriarchatus
1773 1431 1892 1500 ejus
1921 1431 1995 1484 22

407 1524 542 1580 alter
569 1522 748 1578 solum
788 1521 996 1576 mensis
1035 1521 1242 1576 ﬂuebat
1286 1537 1300 1576 :
1335 1521 1593 1591 idemque
1633 1533 1751 1578 erat
1783 1523 1992 1591 imperii

408 1614 698 1685 Nicephori
728 1628 904 1668 annus
935 1622 1184 1684 quartus,
1215 1613 1308 1684 qui
1334 1614 1598 1668 nimirum
1638 1615 1830 1670 eodem
1863 1623 1996 1669 teste

406 1705 760 1772 Theophane,
799 1722 818 1754 ι
858 1705 1198 1775 tyrannidem
1235 1705 1512 1759 adversus
1546 1703 1758 1759 lrenem
1809 1705 1996 1773 piissi-

2093 515 2288 572 olIieiis
2347 515 2556 586 Magna-
2597 515 2890 587 ecclesiae,
2933 513 3319 572 Notationibus
3353 517 3590 574 Gretseri
3625 528 3680 578 et

2093 607 2258 682 Goari
2307 608 2632 662 illustratus.
2679 605 2929 660 interfuit
2959 605 2990 658 7
3027 607 3379 662 meumeuicae
3443 611 3675 679 synodo,
3703 590 3720 601 ’

2093 699 2286 754 Nicaeae
2313 701 2522 767 hahita,
2563 700 2830 771 llypatius
2859 697 3056 754 Nicaeae
3087 698 3528 770 Bithyniensium
3559 704 3680 772 cpi-

2095 806 2324 860 scopus,
2357 793 2446 846 cui
2479 808 2608 846 num
2633 791 2882 860 lgnatius
2908 791 3158 861 proxime
3183 795 3533 857 successerit,
3565 809 3674 849 non

2095 881 2282 950 liquet.
2317 880 2571 936 Testatur
2621 883 2736 952 ipse
2768 881 2910 936 infra
2945 898 3000 936 n.
3033 881 3106 937 56
3157 897 3217 936 se
3242 883 3296 936 in
3329 883 3461 938 (lore
3481 885 3682 954 juven-

2096 973 2233 1027 tutis
2266 973 2334 1026 ab
2371 983 2565 1029 sancto
2602 973 2830 1028 Tarasio
2877 975 3234 1028 exercitatum
3272 975 3440 1030 fuisse
3480 977 3532 1029 in
3583 979 3682 1032 tri-

2096 1059 2312 1124 metris,
2380 1061 2712 1116 tetramctris
2735 1101 2750 1126 ,
2797 1061 3094 1116 trochaicis
3131 1077 3195 1118 ac
3233 1065 3584 1134 anapmsticis
3619 1081 3682 1122 ac

2098 1149 2336 1204 heroicis
2373 1167 2386 1202 :
2423 1161 2480 1206 et
2508 1166 2697 1207 sacras
2725 1152 2847 1220 ejus
2877 1153 3172 1208 conciones
3195 1155 3357 1208 celeri
3378 1171 3437 1211 se
3463 1158 3680 1213 calamo

2099 1243 2408 1311 excepisse,
2439 1258 2644 1313 easque
2675 1245 2898 1315 optimis
2932 1245 3158 1301 traditas
3211 1248 3578 1318 scriptoribus
3624 1251 3680 1305 in

2096 1335 2341 1388 codicem
2399 1335 2654 1390 retulisse
2685 1353 2700 1402 ;
2727 1345 2780 1390 et
2815 1353 2869 1390 n.
2910 1336 2999 1402 48,
3050 1351 3110 1392 se
3147 1339 3402 1394 morienti
3439 1341 3684 1396 adfuisse

2097 1425 2324 1480 Tarasio
2392 1427 2598 1481 indicat
2627 1443 2640 1492 ;
2679 1437 2734 1482 et
2767 1445 2821 1480 n.
2857 1428 2908 1493 l,
2941 1428 3198 1498 praefatur
3225 1445 3283 1485 se
3307 1447 3430 1485 cum
3461 1449 3598 1503 pura
3626 1443 3682 1488 et

2096 1515 2310 1571 sincera
2337 1519 2568 1573 veritate
2599 1519 2652 1572 in
2684 1520 2862 1574 lucem
2900 1521 3084 1584 edere,
3107 1538 3228 1591 qua:
3260 1524 3457 1578 viderit
3479 1527 3678 1587 oculis,

2099 1607 2324 1663 auribus
2369 1609 2637 1672 hauserit,
2661 1620 2713 1664 et
2743 1610 2856 1680 ipsa
2889 1612 3100 1666 noverit
3128 1614 3490 1681 experientia.
3528 1615 3682 1669 llam:

2099 1701 2275 1752 sancti
2316 1699 2532 1753 Tarasii
2592 1698 2771 1754 Vitam
2812 1701 2880 1755 ab
2929 1702 3136 1768 lgnatio
3187 1705 3446 1773 scriptam
3499 1707 3566 1760 ad
3613 1707 3684 1762 25

408 1813 554 1852 mam
581 1764 898 1853 concitavit.
919 1797 1010 1852 die
1039 1797 1100 1851 ’51
1139 1797 1393 1862 Octobr.,
1416 1797 1606 1852 indict.
1638 1764 1991 1863 undecimae”
2029 1764 2068 1817 Β
2104 1789 2266 1844 Febr.
2304 1792 2418 1846 suis
2441 1791 2698 1860 operibus
2741 1792 2975 1846 inseruit
2999 1792 3264 1862 Metaphr.
3301 1764 3463 1864 quam
3491 1795 3685 1850 Latine

408 1897 524 1943 tum
565 1889 778 1944 scilicet
817 1895 1028 1958 coaptat,
1075 1903 1221 1942 anno
1271 1886 1479 1943 Christi
1527 1887 1652 1942 802.
1699 1887 1816 1942 1am
1870 1905 2000 1944 vero

409 1979 554 2034 dicto
587 1993 732 2032 anno
763 1977 868 2032 806
907 1979 1062 2047 cyclo
1095 1975 1228 2031 solis
1258 1977 1314 2040 '5,
1346 1975 1488 2029 luna:
1511 1975 1566 2041 9‘,
1601 1977 1782 2031 littera
1817 1977 2002 2032 Domi-

413 2071 577 2126 nicali
601 2068 664 2134 D,
693 2070 904 2126 Pascha
935 2069 1268 2124 celebratum
1301 2066 1402 2122 fuit
1427 2068 1492 2121 l2
1521 2066 1746 2137 Aprilis,
1775 2084 1885 2138 quo
1915 2069 2003 2124 die

411 2169 636 2218 sanctus
657 2157 1024 2230 Nicephorus,
1057 2159 1124 2214 de
1149 2175 1260 2230 quo
1287 2159 1354 2214 15
1385 2157 1561 2212 Martii
1599 2174 1846 2229 agemus,
1871 2175 2002 2215 eon-

412 2262 658 2308 secratus
692 2251 797 2307 fuit
831 2249 1159 2321 patriarcha;
1219 2249 1430 2304 Tarasii
1466 2264 1778 2330 successor,
1805 2259 1860 2304 et
1887 2251 2003 2306 dies

411 2329 709 2408 Cinerum,
755 2357 876 2410 seu,
939 2351 999 2396 ut
1049 2356 1214 2412 supra
1274 2341 1497 2408 dicitur,
1561 2358 1581 2392 ε
1620 2329 1816 2410 quarta
1869 2341 2003 2396 feria

411 2434 604 2506 primae
630 2433 967 2504 jejuniorum
995 2431 1374 2493 hebdomadas,
1409 2449 1429 2482 ι
1460 2431 1816 2487 ἰηοίἀὶιίιιῖὄ
1843 2432 2002 2489 Febr.

413 2539 560 2590 cum,
598 2531 660 2577 ut
685 2525 820 2577 Acta
850 2520 990 2576 infra
1023 2538 1077 2575 n.
1103 2520 1173 2575 52
1205 2520 1428 2585 habent,
1465 2537 1484 2572 ι
1519 2519 1724 2576 mensis
1760 2519 2003 2575 Februa-

414 2615 531 2670 rius
556 2613 814 2684 quintum
850 2620 1057 2671 teneret
1111 2610 1254 2668 diem
1287 2627 1410 2666 cum
1442 2611 1728 2681 quintuplo
1784 2620 2006 2681 quater-

415 2703 578 2758 nione
618 2721 638 2753 ι
699 2715 794 2756 seu
836 2700 1024 2770 viginti
1073 2699 1313 2754 diebus:
1369 2699 1462 2768 qui
1521 2698 1636 2753 dies
1685 2713 1842 2754 sacro
1887 2699 2007 2769 ejus

415 2796 565 2849 cultu
599 2791 902 2862 permansit
934 2789 1186 2844 illustris.
1211 2789 1536 2845 Anastasius
1556 2789 1610 2844 in
1639 2788 1832 2844 histor.
1867 2791 2006 2844 scri-

419 2882 519 2948 bit,
558 2899 577 2933 ι
618 2898 691 2936 xu
714 2867 986 2935 Kalendas
1013 2877 1250 2934 Martias
1273 2878 1499 2944 obiisse,
1537 2896 1559 2930 ι
1594 2893 1704 2947 quo
1731 2877 1820 2932 die
1844 2878 2008 2934 nullis

417 2989 646 3046 prorsus
681 2971 837 3028 fastis
893 2971 1201 3040 reperimus
1247 2983 1448 3022 nomen
1481 2967 1604 3038 ejus
1658 2969 2005 3038 inscriptum.

419 3065 498 3121 Ex
540 3062 986 3132 allato.The0ph.
1034 3061 1158 3116 loco
1204 3059 1422 3115 facilius
1454 3059 1775 3130 intelligitur
1807 3060 2003 3114 Cedre-
2035 3099 2076 3156 ο

420 3174 549 3222 nus,
585 3155 1027 3226 interpunctione
1077 3154 1283 3222 aliqua,
1315 3167 1437 3222 quae.
1489 3152 1543 3206 in
1585 3162 1736 3222 typos
1787 3167 2000 3219 omnes,

421 3251 588 3303 etiam
651 3247 854 3318 regios,
918 3245 1234 3314 irrepserat,
1292 3245 1394 3299 hac
1432 3245 1644 3300 ratione
1673 3245 2002 3306 emendata:

430 3358 450 3392 ι
473 3341 658 3394 -Anno
686 3339 721 3392 4
748 3337 1008 3393 Tarasius
1066 3336 1457 3392 sanctissimus
1495 3335 2006 3406 LConstantinopolis

421 3431 754 3502 patriarcha,
803 3429 1031 3484 honeste
1058 3427 1224 3481 vitam
1257 3426 1454 3480 clausit
1490 3440 1505 3477 :
1541 3426 1894 3494 sepultusque
1923 3435 2008 3478 est

424 3521 481 3576 in
514 3521 865 3585 monasterio,
902 3519 1048 3588 quod
1093 3519 1208 3586 ipse
1253 3524 1598 3570 exstruxerat
1627 3515 1682 3568 in
1715 3515 2003 3583 angustiis,

425 3621 620 3682 quatta
659 3611 746 3664 die
778 3609 969 3678 prima:
999 3608 1320 3677 septimanae
1337 3598 1696 3674 jejuniorum.
1725 3605 1788 3658 Et
1812 3619 2006 3674 magna

427 3699 714 3754 Dominica
745 3697 1083 3766 Nicephorus
1119 3694 1448 3750 secretarius
1482 3703 1697 3748 creatur
1725 3695 2006 3751 sanctissi-

428 3806 554 3846 mus
609 3789 940 3860 patriarcha,
971 3795 1076 3842 etc.
1132 3805 1151 3839 ι
1193 3784 1288 3842 Est
1345 3793 1522 3840 autem
1571 3801 1588 3836 ‹
1637 3793 1832 3854 quarta
1889 3786 2007 3841 dies

427 3883 618 3954 prima:
655 3881 970 3950 septimanae
1007 3877 1364 3948 ieiuniorum,
1416 3897 1434 3928 ι
1495 3876 1652 3931 nobis
1683 3875 1800 3930 dies
1844 3875 2007 3932 Cine-

427 3990 550 4029 rum
605 3981 706 4028 :et
749 3991 768 4024 t
807 3985 1002 4040 magna
1054 3967 1342 4022 Dominica
1374 3985 1394 4020 ›
1443 3967 1498 4020 in
1545 3983 1652 4036 qua
1692 3968 2008 4047 solemnitas

432 4063 715 4120 Paschalis
776 4063 1076 4132 peragitur.
1116 4058 1244 4114 Hec
1277 4059 1341 4114 ad
1390 4056 1682 4128 Nicephor.
1714 4059 1750 4113 4
1793 4060 1908 4114 dies
1941 4060 2007 4114 ad

433 4157 718 4231 'l‘arasium
777 4161 983 4226 spectat
1035 4161 1313 4218 :ntraque
1363 4150 1688 4205 inconcinne
1745 4149 2008 4207 hactenus

432 4255 550 4300 erat
578 4245 644 4299 ad
698 4242 990 4312 Nicephor.
1033 4240 1224 4295 relata.
1265 4239 1462 4295 Zonar.
1517 4239 1661 4293 diem
1709 4239 1892 4294 obitus
1932 4241 2007 4294 ita

433 4337 762 4406 consignat:
810 4353 827 4384 ι
867 4332 1204 4396 Patriarcha,
1249 4330 1443 4399 inquit,
1467 4328 1694 4384 Tarasio
1733 4333 1902 4399 prima
1924 4331 2008 4400 je-

2105 1881 2303 1936 factam
2339 1898 2368 1936 a
2402 1881 2674 1936 Gentiano
2705 1879 3260 1938 llervetoediderunt
3303 1887 3560 1954 Aloysius
3593 1888 3686 1941 Li-

2103 1987 2250 2042 pom.
2285 1982 2339 2028 et
2373 1973 2633 2028 Laurent.
2679 1973 2806 2029 Sur.
2851 1977 2916 2029 ad
2949 1977 3199 2030 eumdem
3360 1977 3522 2035 Febr.
3557 1997 3683 2035 eum

2105 2064 2208 2118 hac
2244 2065 2650 2132 inscriptione:
2691 2084 2709 2118 σ
2747 2064 2942 2136 lgnatii
2981 2069 3260 2133 monachi,
3313 2085 3434 2138 qua:
3474 2072 3531 2124 fit
3565 2071 3682 2126 sin-

2105 2155 2332 2225 gulatim
2355 2155 2631 2226 expositio
2653 2157 2778 2210 vitaz
2801 2167 2850 2212 et
2878 2160 3273 2214 miraculorum
3307 2160 3364 2215 S.
3387 2163 3447 2216 P.
3479 2161 3548 2216 N.
3579 2161 3684 2217 Ta-

2110 2245 2253 2301 rasii
2293 2245 2686 2318 archiepiscopi
2715 2245 3322 2320 Conslantinopolitani.
3358 2269 3377 2302 ι
3415 2249 3611 2306 Verum
3639 2256 3684 2308 si

2106 2334 2290 2391 Suidze
2321 2336 2453 2392 fides
2497 2338 2821 2403 adhibenda,
2851 2354 2882 2393 a
2919 2340 3026 2394 vita
3063 2343 3361 2397 monastiea
3401 2356 3683 2406 evocatus,

2105 2435 2223 2482 tum
2262 2434 2382 2482 erat
2430 2429 2695 2483 diaconus
2727 2441 2782 2485 et
2814 2426 3067 2486 vasorum
3103 2443 3325 2497 custos,
3369 2445 3463 2490 aut
3502 2436 3687 2506 potius

2110 2520 2563 2590 metropolitanus
2607 2518 2880 2578 Nicatnus.
2946 2522 3121 2578 Vitam
3181 2527 3428 2581 eamdem
3491 2529 3686 2583 damus

2110 2624 2264 2664 more
2309 2620 2501 2666 nostro
2529 2611 2583 2666 in
2617 2613 2796 2682 capita
2839 2624 2892 2669 et
2925 2596 3184 2672 numeros
3216 2617 3550 2686 distinctam,
3583 2635 3688 2676 no-

2111 2701 2288 2770 lisque
2319 2701 2664 2756 illustratam.

2179 2791 2233 2843 4.
2268 2789 2478 2844 Colitur
2509 2791 2654 2846 dicto
2687 2792 2758 2847 25
2807 2793 2966 2850 Febr.
3017 2797 3068 2850 in
3119 2797 3355 2855 Guar-or.
3409 2802 3608 2862 Meno].
3653 2822 3686 2862 a

2111 2879 2466 2937 Genehrardo
2503 2884 2674 2948 edito,
2707 2885 2922 2956 alioque
2954 2887 3210 2960 llorolog.
3255 2912 3272 2944 ι
3305 2893 3564 2952 Tarasius
3595 2913 3686 2952 ar-

2111 2971 2497 3042 chiepismpus
2534 2975 3196 3046 Constantinopolitanus.
3236 3001 3254 3034 ι
3294 2982 3350 3036 ln
3377 2987 3550 3040 altero
3579 2988 3689 3043 Me-

2113 3063 2222 3116 nol.
2241 3077 2269 3116 a
2291 3062 2514 3118 Canisio
2538 3065 2754 3135 vulgato
2783 3068 3161 3138 haeclegontur
3185 3091 3198 3126 :
3225 3092 3242 3124 σ
3269 3074 3450 3130 Sancti
3475 3078 3690 3136 Tarasii

2111 3154 2511 3225 archiepiscopi
2563 3155 3189 3228 Constantinopolitatm
3228 3165 3396 3229 urbis,
3453 3169 3543 3236 qui
3589 3187 3691 3222 att-

2111 3255 2264 3302 ctore
2296 3247 2815 3304 Adrianoﬂomano
2847 3253 3098 3319 pontiﬁce
3122 3254 3174 3308 in
3199 3258 3440 3312 secunda
3469 3258 3686 3317 Nicaena
3708 3249 3726 3261 ’

2111 3337 2321 3404 synodo
2351 3338 2624 3407 egregiam
2661 3340 2879 3393 navavit
2910 3356 3128 3409 operam
3157 3380 3171 3406 ,
3216 3347 3280 3398 ad
3313 3347 3687 3405 condemnan-

2111 3427 2236 3481 dam
2289 3427 2505 3482 illorum
2549 3430 2797 3484 haeresim
2828 3472 2843 3496 ,
2876 3433 2968 3500 qui
3019 3443 3332 3500 sanctarum
3388 3438 3688 3510 imaginum

2113 3517 2318 3572 cultum
2375 3519 2792 3589 impugnabant.
2833 3540 2851 3572 ι
2917 3519 3278 3594 Synaxarium
3335 3544 3442 3584 ms.
3495 3531 3687 3590 Mena'i

2113 3607 2312 3663 Tiliaui
2342 3611 2490 3680 apud
2521 3611 3175 3671 Franciseum’Combeﬁs
3205 3633 3304 3686 pro
3335 3621 3488 3678 Actis
3515 3633 3688 3684 sexta:

2111 3698 2319 3771 Synodi
2354 3715 2403 3754 c.
2434 3716 2472 3763 ι,
2511 3699 2538 3772 ς
2573 3700 2626 3767 6,
2663 3701 2765 3755 hoc
2785 3717 2909 3755 cum
2936 3706 3186 3760 encomio
3213 3708 3447 3763 celebrat
3475 3729 3488 3766 :
3528 3731 3548 3764 ‹
3573 3713 3690 3771 Mc.

2113 3791 2287 3845 moria
2328 3792 2661 3845 sanctissimi
2697 3791 2873 3846 Patris
2936 3795 3110 3849 nostri
3155 3794 3365 3854 Tarasii
3413 3803 3686 3875 archiepi-

2116 3885 2269 3954 scopi
2295 3885 2908 3956 Constantinopolitani.
2945 3889 3141 3948 Docuit
3169 3895 3212 3948 is
3231 3895 3538 3954 adorandas
3566 3915 3688 3956 esse

2113 3975 2454 4029 venerabiles
2495 3975 2778 4046 imagines,
2818 3978 3048 4048 ejusque
3087 3997 3251 4051 opera
3292 3987 3473 4054 regale
3513 3988 3686 4058 impe-

2111 4065 2251 4118 rium
2281 4081 2344 4118 ac
2366 4064 2736 4120 Romanorum
2764 4079 3010 4138 potestas
3031 4074 3097 4125 ad
3124 4076 3496 4143 apostolorum
3521 4091 3686 4152 atque

2108 4154 2570 4208 mcumenicorunt
2597 4157 2956 4212 conciliorum
2991 4163 3327 4216 venerandae
3365 4167 3684 4226 traditiones

2119 4243 2458 4311 postliminio
2518 4244 2674 4298 rediit
2735 4262 2748 4298 :
2808 4259 3109 4316 sanctaque
3157 4250 3402 4306 Ecclesia
3452 4259 3684 4325 patriar-

2108 4337 2248 4392 chiis
2301 4337 2558 4392 omnibus
2611 4337 2759 4392 unita
2818 4347 2920 4396 est.
2959 4359 2977 4392 ι
3032 4339 3234 4396 Eadem
3279 4344 3592 4402 referuntur
3626 4350 3684 4406 in

429 4431 712 4500 iuniorum
771 4426 1107 4481 hebdomade
1165 4423 1451 4490 defuncto,
1505 4423 1691 4479 Graece
1747 4424 1840 4478 τὸν
1895 4425 2005 4494 βίον
2042 4428 2082 4480 D
2122 4426 2340 4482 excusis
2369 4425 2623 4496 Menaeis;
2659 4429 3018 4500 additurque:
3061 4449 3081 4482 α
3115 4431 3250 4487 Cum
3282 4451 3412 4506 ergo
3457 4437 3510 4492 tl
3554 4441 3684 4494 reli-

439 4519 833 4591 μετηλλαχὸτος
856 4555 871 4581 ,
905 4525 960 4571 et
982 4517 1215 4586 inclytus
1236 4513 1572 4584 Nicephorus
1597 4530 1624 4568 a
1649 4517 1870 4569 secretis
1901 4517 2006 4569 Do-

437 4612 634 4666 minica
698 4608 982 4664 l’aschatis
1047 4605 1323 4662 communi
1387 4605 1641 4674 suﬂ'ragio
1699 4609 2006 4676 patriarcha

439 4711 524 4758 est
549 4701 774 4755 electus.
823 4717 843 4752 ι

510 4792 564 4846 Ξ.
615 4779 878 4859 lgnatium
938 4785 1304 4857 discipulum‘,
1340 4840 1344 4844 ,
1381 4788 1628 4856 adeoque
1675 4789 2006 4856 temporibus

441 4882 556 4938 suis
609 4882 894 4948 aequalem,
947 4887 1144 4934 nactus
1183 4885 1272 4932 est
1307 4891 1339 4931 a
1379 4887 1552 4940 morte
1593 4875 1852 4934 Tarasius
1886 4880 2010 4934 vitae

445 4987 561 5028 suae
619 4971 962 5040 scriptorem.
1015 4968 1266 5035 Quantus
1308 4968 1390 5020 vir
1431 4967 1520 5022 ille
1555 4966 1736 5033 fuerit,
1769 4969 2009 5038 suggerit

445 5063 642 5118 Suidas
675 5061 761 5116 his
788 5059 968 5114 verbis
1001 5076 1014 5111 :
1046 5077 1065 5112 ι
1106 5057 1344 5126 lgnatius
1387 5057 1646 5112 diaconus
1675 5067 1728 5112 et
1755 5073 2006 5112 vasorum

444 5163 630 5212 custos
666 5151 874 5222 Magnae
912 5149 1155 5205 ecclesia:
1203 5147 1815 5216 Constantinopolitanm
1837 5189 1854 5216 ,
1883 5150 2006 5204 dein

349 5238 362 5249 ’
447 5248 628 5304 factus
649 5244 880 5299 Nicaeam
909 5240 1392 5309 metropolitanusg,
1423 5242 1848 5310 grammaticus,
1874 5241 2011 5296 scri-

449 5339 558 5410 psit
578 5334 734 5390 Vitas
757 5333 968 5388 Tarasii
1001 5327 1055 5387 et
1079 5331 1370 5399 Neepltori
1403 5340 1715 5386 sanctorum
1747 5341 1801 5386 et
1825 5333 2008 5386 beato-

446 5446 567 5486 rum
602 5425 1061 5498 patriarcharum,
1089 5423 1440 5494 Epitymbios,
1478 5421 1687 5491 Elcgos,
1714 5422 2005 5491 Epistolas,

445 5520 673 5578 lumbos
709 5517 761 5570 in
793 5515 1060 5570 Thomam
1097 5517 1355 5569 Antarten
1376 5555 1392 5579 ,
1441 5523 1494 5568 et
1523 5514 1628 5568 alia
1655 5515 1852 5568 multa.
1883 5534 1901 5566 ι
1939 5515 2010 5570 De

385 5635 392 5641 θ
447 5611 712 5683 dignitate
741 5604 1160 5678 Scevophylacis
1207 5621 1302 5660 seu
1340 5605 1583 5660 custodis
1622 5587 1876 5660 va‘sorum
1915 5607 2004 5676 qui

452 5697 659 5762 tantum
689 5709 1064 5766 monomo,et
1094 5711 1287 5767 magno
1328 5697 1626 5764 sacellario,
1658 5711 1754 5752 seu
1841 5700 2006 5754 sacel-

2109 4520 2258 4589 giose
2281 4519 2528 4582 vixisset,
2550 4530 2602 4574 et
2623 4522 2760 4590 apud
2791 4521 3169 4592 imperatorem
3214 4526 3267 4578 in
3306 4543 3496 4598 magna
3525 4547 3686 4586 vene-

2116 4610 2324 4664 ratione
2354 4617 2531 4674 esset,
2565 4621 2617 4665 et
2657 4614 2965 4668 cd’nobium
3000 4623 3150 4670 trans
3183 4615 3384 4671 fretum
3417 4621 3684 4676 aedificas-

2121 4711 2225 4764 set,
2274 4701 2786 4772 multitudinemque
2835 4706 3227 4760 monachorum
3278 4709 3332 4762 in
3376 4726 3441 4763 ro
3481 4716 3684 4768 consti-

2110 4791 2304 4844 tuisset
2323 4831 2338 4856 ,
2375 4785 2701 4860 pauperibus
2725 4809 2944 4864 quoque
2967 4797 3330 4863 subvenisset,
3359 4801 3688 4860 Ecclesiani-

2108 4897 2215 4950 que
2243 4882 2380 4937 duos
2414 4893 2466 4936 et
2494 4885 2683 4954 viginti
2719 4903 2895 4941 annos
2924 4898 2976 4943 et
3013 4891 3230 4948 menses
3257 4894 3392 4948 duos
3430 4898 3684 4963 prteclare

2113 4970 2575 5036 adtninistrasset,
2621 4975 2674 5026 in
2707 4991 2839 5044 pace
2870 4977 3035 5030 vitam
3068 4979 3261 5046 finivit,
3295 4983 3344 5036 in
3375 4999 3496 5051 suo,
3537 4989 3682 5056 quosl

2111 5057 2388 5123 fundarat,
2445 5065 2780 5117 monasterio
2825 5069 3096 5141 sepultus.
3144 5069 3298 5136 Quod
3339 5075 3404 5127 ad
3435 5078 3682 5146 corporis

2111 5151 2356 5204 habitum
2384 5153 2600 5219 attinet,
2631 5155 2946 5213 simillimus
2964 5173 3078 5214 erat
3099 5161 3365 5232 Gregorio
3382 5163 3679 5237 Theologo,

2111 5253 2307 5310 praeter
2363 5245 2617 5300 canitiem
2671 5251 2888 5317 (neque
2937 5253 3083 5306 enim
3137 5255 3273 5310 adeo
3327 5267 3470 5311 totus
3536 5259 3685 5313 inea-

2114 5336 2341 5405 nuerat)
2397 5348 2452 5391 et
2502 5341 2719 5394 oculum
2765 5345 2944 5398 minus
2994 5362 3268 5413 serenum,
3317 5366 3476 5419 quem
3507 5353 3682 5422 magis

2113 5425 2368 5480 latentem
2407 5429 2661 5484 habebat.
2727 5431 2850 5489 Dies
2891 5436 3036 5492 illius
3091 5437 3260 5494 festus
3300 5441 3576 5508 peragitur
3625 5443 3685 5498 in

2113 5532 2308 5585 magna
2343 5528 2398 5571 et
2427 5521 2775 5578 sanctissima
2812 5527 3076 5593 Ecclesia,
3111 5545 3130 5578 ι
3170 5544 3290 5596 qtue
3328 5529 3536 5583 scilicet
3581 5531 3684 5586 8ο-

2115 5609 2252 5676 phiae
2291 5613 2730 5677 cognominatur.
2785 5617 2988 5670 Eadem
3039 5619 3295 5689 leguntur
3333 5619 3472 5688 apud
3511 5619 3684 5678 Maxi-

2115 5716 2260 5754 mum
2314 5699 2652 5771 Cythermum
2709 5707 2760 5760 in
2809 5706 2936 5762 Vitis
2978 5708 3296 5765 Sanctorum
3331 5721 3382 5765 et
3431 5711 3484 5766 in
3535 5727 3696 5782 novo;

3697 5783 3724 5806 \
