4090 6286
397 409 530 480 1381

1325 398 1528 466 νιΤΑ.
1565 424 1638 440 ·-
1683 397 2286 462 COMMENTARIUS
2317 394 2690 460 PMVIUS.

3086 337 3223 368 r"°--‘.
3235 345 3246 352 -

3507 395 3648 463 1383

394 530 604 602 probus
647 524 850 584 eﬂciar
879 524 924 594 (ι
970 522 1100 581 Cor.
1130 537 1230 588 vn,
1252 521 1385 590 27);
1425 516 1702 589 quomodo
1729 530 1850 587 ego,
1876 513 1968 586 qui
2001 521 2043 576 Α
2073 513 2393 570 beatissimo
2421 513 2734 582 patriarcha
2780 513 3352 584 Constantinopoleos.
3398 511 3562 570 Multa
3592 527 3652 574 et

393 620 450 675 in
478 616 682 675 mundo
707 623 1087 678 conversatus,
1115 622 1310 670 etcum
1340 613 1494 667 laicis
1519 619 1965 669 connumeralus,

394 711 451 767 in
492 707 856 778 imperatoriis
885 702 1455 760 administrationibus
1473 700 1722 764 militavi,
1749 699 1827 754 sic
1841 697 1968 752 abs.

394 814 500 870 que
553 797 892 866 judicatione
939 803 1104 865 atque
1180 792 1674 862 circumspectione
1741 799 1964 860 possum

393 891 606 946 insilire
657 889 726 944 ad
761 886 1053 944 sacerdotii
1101 882 1571 954 magnitudinem?
1621 879 1964 934 liorrendutn

393 997 658 1037 conamen
695 981 762 1034 ad
801 979 1152 1048 exiguitatem
1187 992 1361 1030 meam
1393 984 1448 1028 et
1477 974 1822 1028 temerarium
1851 981 1967 1026 stu-

393 1049 572 1127 dium.
604 1059 786 1126 causa
833 1083 961 1124 vero
990 1067 1204 1120 timoris
1231 1077 1284 1120 et
1317 1065 1661 1120 refutationis
1690 1078 1822 1118 mete
1854 1063 1968 1115 haec

392 1173 496 1218 est.
528 1163 752 1232 Aspicio
778 1169 832 1215 et
855 1159 1011 1214 video
1035 1156 1354 1221 Ecclesiam,
1389 1172 1514 1227 qua:
1541 1170 1704 1224 supra
1733 1162 1962 1224 petram,

391 1255 671 1310 Christum
711 1255 996 1308 Dominum
1029 1261 1300 1317 nostrum,
1342 1250 1562 1304 fundata
1597 1257 1703 1307 cst.
1739 1248 1963 1302 scissam

393 1359 540 1400 nunc
571 1355 626 1398 et
655 1343 909 1405 divisam.
941 1352 996 1398 et
1021 1357 1122 1398 nos
1150 1343 1255 1396 alia
1288 1350 1451 1410 atque
1475 1341 1632 1394 aliter
1658 1335 1964 1408 loquentes,

391 1443 448 1489 et
478 1434 635 1488 aliter
675 1447 770 1488 eos
797 1433 1160 1496 Christianos,
1192 1432 1287 1501 qui
1331 1429 1385 1484 in
1418 1431 1638 1484 Oriente
1675 1427 1838 1482 unius
1865 1443 1966 1482 no-

393 1527 606 1580 bist-um
643 1525 764 1578 lidei
794 1532 943 1590 sunt,
974 1524 1070 1580 sed
1091 1535 1145 1576 et
1167 1525 1254 1577 his
1282 1522 1676 1576 concordantes
1703 1518 1965 1572 Occiden-

396 1618 571 1670 tales:
606 1630 708 1669 nos
735 1613 806 1669 ab
827 1616 1084 1670 omnibus
1131 1614 1238 1668 illis
1289 1613 1580 1675 alienatos,
1634 1621 1689 1666 et
1715 1625 1744 1664 a
1781 1624 1840 1664 se
1872 1623 1967 1678 per

392 1707 636 1776 singulos
659 1707 777 1761 dies
805 1705 1316 1762 anathematizatos.
1357 1703 1480 1757 Dira
1519 1716 1679 1772 pmna
1717 1709 1800 1756 est
1832 1716 1966 1755 ana-

393 1800 598 1863 thema,
633 1798 826 1867 procul
859 1812 892 1853 a
937 1797 1048 1852 Deo
1077 1796 1298 1860 emittit,
1329 1803 1384 1849 et
1420 1809 1452 1850 a
1490 1809 1657 1866 regno
1699 1794 1962 1849 calorum

2069 619 2265 675 magna
2298 604 2641 674 Providentia
2687 603 2956 662 Dominus
2995 605 3136 660 Deus
3185 606 3468 660 hominum
3507 607 3652 670 vitas

2068 713 2286 762 regens,
2309 705 2364 750 et
2389 697 2740 765 protrahens.
2767 706 2932 766 atque
2965 707 3287 766 proventum
3315 698 3436 751 vita:
3460 702 3651 754 unius-

2066 787 2334 855 cujusque
2364 789 2610 842 consulte
2639 787 2919 843 deducens
2969 789 3111 858 (sine
3145 790 3264 856 ipso
3293 805 3528 858 namque
3563 789 3648 842 fa-

2067 888 2218 934 ctum
2259 889 2342 932 est
2377 879 2533 944 nihil,
2563 881 2691 949 quia
2735 890 2790 934 et
2819 882 2996 948 capilli
3029 881 3221 948 capitis
3253 882 3420 935 nostri
3457 898 3650 935 nume.

2067 968 2170 1021 rati
2205 981 2334 1021 sunt
2359 969 2458 1036 ei),
2486 977 2542 1022 et
2573 984 2670 1023 me-
2694 968 2746 1022 in
2774 969 3040 1022 lait-orntn
3072 971 3263 1022 ordine
3291 987 3464 1038 usqtte
3501 986 3646 1024 nunc

2066 1071 2546 1122 conuulneratum,
2578 1070 2632 1112 et
2666 1059 3042 1129 imperialibus
3073 1061 3392 1114 ministeriis
3419 1060 3648 1128 deputa-

2067 1158 2204 1217 tum,
2252 1152 2462 1214 nescio,
2505 1153 2704 1218 quibus
2731 1153 2955 1221 judiciis
2989 1154 3104 1221 ipse
3145 1152 3296 1216 fecit,
3345 1157 3399 1206 in
3457 1153 3647 1207 cathe—

2065 1241 2218 1294 dram
2247 1242 2615 1310 pontiﬁcalem
2642 1243 2843 1305 evexit,
2881 1244 3094 1295 hortatu
3130 1243 3306 1296 valido
3338 1258 3368 1296 a
3403 1243 3646 1299 veritatis

2067 1324 2592 1400 propugnatoribus.
2623 1333 2887 1400 piissimis
2929 1334 3181 1388 videlicet
3221 1350 3284 1386 ac
3323 1335 3650 1388 orthodoxis

2066 1423 2500 1492 imperatoribus
2531 1425 2735 1480 nostris
2769 1434 2933 1494 atque
2976 1427 3343 1480 t-ancttss-tnis
3375 1425 3648 1494 episcopis

2067 1522 2160 1560 seu
2190 1509 2408 1564 clericis
2435 1511 2488 1563 in
2515 1527 2600 1564 me
2631 1512 2896 1565 violenter
2916 1512 3129 1573 etl‘ecto.
3164 1515 3250 1567 cui
3281 1516 3649 1568 succumbens

2067 1601 2274 1662 annui,
2331 1611 2388 1654 et
2458 1603 2780 1673 obedientia:
2853 1605 3090 1659 fructum
3167 1609 3252 1658 his
3312 1609 3644 1674 carpendum

2038 1693 2338 1746 'comtnisi.
2395 1691 2459 1746 Et
2496 1709 2630 1764 rogo
2682 1711 2780 1750 vos
2829 1697 3238 1762 sanctissimos,
3278 1707 3336 1750 nt
3387 1710 3646 1764 tanquam

2069 1777 2248 1850 patres
2291 1799 2377 1838 me
2442 1786 2848 1853 pusillanimem
2907 1788 3102 1839 baculo
3135 1791 3406 1856 potentiae,
3453 1789 3504 1842 id
3537 1799 3646 1852 est,

391 1859 650 1958 expellit,-
671 1876 878 1944 ducens
909 1891 973 1944 in.
993 1889 1246 1944 tenebras
1284 1859 1604 1942 exteriores.
1646 1885 1774 1941 Nt‘St
1791 1885 1831 1939 it
1865 1883 1966 1958 Ee-

2077 1875 2316 1941 paternis
2341 1876 2540 1929 vestris
2571 1877 2900 1944 magisteriis
2932 1877 3171 1934 fulciatis
3209 1897 3224 1934 :
3257 1890 3311 1933 ct
3341 1880 3502 1932 veluti
3531 1879 3646 1934 fra-

392 1977 572 2036 clesite
601 1981 685 2034 lex
726 1979 810 2034 vel
851 1981 1118 2036 terminus
1145 1988 1351 2035 sectam
1383 1979 1498 2033 sive
1537 1979 1966 2042 contentionem,

391 2069 486 2124 sed
515 2071 658 2126 sicut
703 2071 852 2125 novit
883 2071 1130 2127 conliteri
1160 2086 1326 2126 unum
1373 2070 1562 2133 Deum,
1592 2085 1755 2124 unum
1788 2068 1967 2138 bapti-

393 2174 534 2225 sma,
567 2175 731 2217 unam
765 2161 946 2226 iidem,
979 2160 1054 2212 ita
1089 2167 1144 2213 et
1171 2159 1517 2214 concordiam
1547 2173 1708 2212 unam
1741 2157 1793 2209 in
1817 2171 1852 2209 ο
1877 2181 1885 2204 ι
1912 2154 1967 2208 ιιί

389 2251 761 2306 ecclesiastico
810 2251 1045 2320 negotio.
1093 2247 1240 2304 Nihil
1267 2249 1412 2303 enim
1449 2256 1536 2302 est
1583 2247 1637 2301 in
1671 2255 1964 2316 conspectu

391 2339 485 2397 Dei
516 2349 623 2396 tant
657 2349 940 2411 acceptum
980 2353 1143 2410 atque
1185 2341 1472 2410 placabile,
1503 2353 1666 2406 quam
1709 2347 1768 2392 ut
1799 2353 1964 2390 unum

391 2431 585 2496 simus,
611 2440 667 2486 et
687 2448 790 2486 una
819 2432 1085 2486 elliciatur
1113 2430 1382 2485 catholica
1413 2429 1676 2490 Ecclesia.
1704 2429 1966 2497 quemad-

390 2523 612 2576 modum
637 2521 692 2574 in
724 2523 948 2576 sincera:
978 2531 1182 2574 nostra:
1199 2521 1323 2578 lidei
1347 2519 1596 2590 symbolo
1619 2517 1962 2574 comitentur.

390 2610 458 2665 Et
493 2613 728 2680 petimus
771 2627 893 2677 nos,
929 2610 1148 2676 fratres,
1183 2618 1242 2665 ut
1277 2625 1424 2676 reor,
1456 2619 1512 2664 et
1557 2604 1672 2676 vos,
1703 2610 1964 2679 quoniam

391 2702 510 2756 scio
539 2701 788 2755 timorem
821 2717 918 2756 vos
945 2699 1036 2754 Dei
1075 2701 1294 2764 habere,
1323 2715 1353 2754 a
1385 2701 1650 2770 piissimis
1684 2711 1736 2754 et
1765 2687 1966 2754 ortho-

391 2792 550 2854 doxis
595 2792 1018 2862 imperatoribus
1051 2792 1254 2847 nostris
1304 2797 1570 2862 synodum
1603 2791 1964 2846 universalem

391 2883 595 2954 colligi,
621 2895 678 2938 ut
701 2883 998 2939 eﬂiciamur
1035 2891 1090 2938 et
1133 2898 1260 2948 nos,
1293 2883 1386 2951 qui
1424 2884 1585 2942 unius
1615 2881 1707 2936 Dei
1752 2896 1968 2945 smnus,

393 2988 562 3028 unum
599 2991 612 3027 :
643 2982 698 3028 et
735 2975 828 3044 qui
859 2972 1144 3028 Trinitatis
1191 2973 1775 3049 cultoresexsistimus
1807 2971 1962 3035 uniti,

391 3071 446 3116 et
473 3063 758 3118 tmanimes
781 3073 835 3120 et
857 3065 1078 3132 collega:
1102 3080 1116 3116 :
1145 3073 1198 3116 et
1225 3063 1318 3132 qui
1343 3047 1538 3132 capitis
1563 3063 1732 3118 nostri
1759 3047 1990 3117 Christi,

392 3168 608 3218 smnus,
648 3153 946 3208 eﬂiciamur
979 3167 1180 3223 corpus
1209 3167 1380 3207 unum
1431 3162 1773 3223 compactum
1805 3161 1967 3218 atque

393 3258 700 3298 connexum
738 3261 754 3300 :
795 3252 850 3299 et
877 3243 972 3314 qui
1017 3245 1192 3299 sancti
1230 3242 1470 3313 Spiritus
1515 3257 1729 3306 sumus,
1765 3241 1966 3296 cilicia-

393 3350 519 3389 mur
557 3351 665 3390 non
699 3345 888 3392 contra
937 3336 1190 3403 invicem,
1230 3337 1322 3390 sed
1357 3351 1453 3404 pro
1486 3335 1717 3408 invicem
1745 3351 1758 3388 :
1786 3344 1838 3388 et
1873 3335 1966 3404 qui

393 3417 644 3480 veritaiis
695 3421 1036 3490 exsistimus,
1090 3427 1653 3497 eliiciamuridipsum
1699 3429 1969 3496 sapientes

395 3525 560 3586 atque
608 3516 874 3580 dicentes,
915 3525 970 3570 et
1005 3533 1112 3570 non
1141 3517 1215 3570 sit
1261 3516 1315 3568 in
1357 3519 1513 3570 nobis
1548 3528 1819 3569 certamen
1857 3515 1970 3569 sive

395 3609 687 3669 dissensio,
731 3619 790 3660 ut
828 3623 932 3674 pax
971 3605 1084 3676 Dei,
1115 3621 1236 3674 quae
1267 3615 1558 3675 exsuperat
1595 3593 1810 3659 omnem
1845 3621 1970 3659 sen-

399 3712 542 3758 snm,
579 3697 789 3750 muniat
829 3712 950 3750 nos.
987 3695 1052 3748 Et
1107 3696 1152 3750 si
1199 3697 1414 3766 quidem
1459 3696 1728 3764 jusserint
1777 3696 1969 3750 ortho-

397 3786 576 3841 doxias
611 3799 1068 3856 propugnatores,
1106 3787 1460 3857 imperatores
1495 3786 1745 3840 videlicet
1773 3785 1968 3851 nostri,

397 3877 756 3949 postulationi
810 3892 944 3932 meas
997 3893 1258 3940 annuere,
1297 3878 1582 3932 consentio
1615 3886 1668 3931 et
1696 3891 1818 3946 ego.
1873 3873 1969 3928 Sin

394 3983 606 4038 autem,
649 3965 984 4040 impossibile
1015 3977 1100 4023 est
1149 3969 1282 4052 mihi
1320 3969 1442 4044 boc_
1468 3967 1667 4033 facere,
1703 3983 1770 4022 ne
1799 3967 1970 4036 subji-

398 4065 517 4119 ciar
547 4063 914 4126 anathemati,
961 4072 1013 4116 et
1047 4061 1292 4115 inveniar
1333 4063 1730 4115 condemnatus
1777 4060 1832 4114 in
1886 4061 1972 4116 die

401 4147 618 4204 Domini
649 4149 822 4205 nostri
855 4159 908 4203 et
933 4148 1226 4218 justissimi
1257 4147 1483 4210 Jndicis.
1525 4149 1614 4204 ubi
1649 4165 1823 4219 neque
1863 4150 1970 4202 im-

399 4257 644 4313 perator,
681 4259 860 4314 neque
911 4243 1191 4305 sacerdos,
1241 4253 1417 4308 neque
1467 4239 1760 4308 principes,
1796 4252 1971 4308 neque

402 4332 686 4390 hominum
721 4335 1014 4390 multitudo
1063 4331 1265 4402 poterit
1302 4333 1512 4406 eripere
1566 4345 1670 4384 me.
1717 4329 1781 4382 Et
1809 4329 1970 4400 quid-

401 4423 532 4493 quid
568 4425 831 4493 placuerit
867 4424 1023 4478 vobis
1047 4461 1061 4487 ,
1097 4416 1322 4490 :fratres,
1363 4419 1487 4474 date
1533 4419 1794 4490 apolthia:
1839 4436 1972 4474 mete

405 4527 518 4568 uno
543 4514 708 4568 verbo
732 4513 1052 4568 asst-rtionis
1089 4520 1280 4584 vestrae
1311 4509 1530 4567 redditae
1566 4510 1808 4578 petitioni
1839 4523 1972 4564 mete
2003 4535 2048 4591 υ

405 4619 782 4671 responsum.)
803 4603 870 4658 Et
886 4604 1117 4658 libenter
1141 4603 1659 4667 audieruntomnes,
1683 4617 1805 4671 quae
1829 4602 1970 4658 dicta

405 4702 554 4758 sunt,
599 4709 925 4755 consensum
981 4695 1302 4762 praebentes,
1355 4701 1416 4746 ut
1465 4691 1620 4747 tierct
1662 4694 1969 4764 synodus...

383 4785 590 4855 ,ltaqne
623 4799 718 4838 vui
763 4783 992 4838 Kalend.
1037 4781 1261 4838 Januar.
1293 4793 1498 4838 octava
1537 4769 1726 4836 inditit.
1777 4797 1972 4839 conse-

407 4886 590 4932 cratus
611 4885 696 4932 est
733 4877 912 4930 almus
943 4873 1102 4952 Pater
1129 4884 1319 4929 noster
1361 4872 1622 4929 Tarasius
1663 4875 1974 4944 patriarcha

407 4967 1042 5036 Canstantinopolitanus
1080 4969 1172 5034 qui
1219 4965 1402 5019 missis
1435 4961 1664 5017 Romam
1698 4964 1975 5034 synodicis

407 5057 522 5115 suis
549 5070 596 5111 et
650 5057 836 5113 libello
885 5056 1008 5112 ﬁdei
1059 5072 1172 5111 suae
1203 5063 1454 5126 receptus
1503 5065 1586 5109 est
1639 5055 1708 5108 ab
1734 5055 1975 5109 Adriano

409 5167 566 5222 papa.
608 5149 732 5206 llzec
759 5150 900 5220 apud
941 5150 1290 5203 Anastasium
1343 5147 1722 5219 Theophanes.
1775 5145 1974 5202 Verum

405 5256 485 5297 eae
510 5241 575 5295 ad
604 5240 909 5310 pontificem
941 5237 1251 5292 Romanum
1279 5240 1473 5294 litterae
1501 5240 1802 5308 perierunt,
1836 5257 1976 5308 quas

405 5347 472 5386 ex
511 5329 750 5399 ejusdem
782 5329 1056 5399 pontiﬁcis
1096 5343 1360 5398 responso
1393 5329 1746 5395 arbitramur,
1787 5329 1976 5398 paucis

408 5421 510 5478 sub
548 5421 708 5475 linem
747 5420 992 5499 mutatis,
1035 5419 1241 5475 similes
1279 5419 1406 5476 aliis
1447 5419 1667 5484 litteris,
1716 5435 1838 5490 qua:
1879 5436 1976 5476 cx-

408 5515 554 5566 stant
577 5508 804 5562 Actione
835 5507 869 5560 3
894 5506 1087 5578 synodi
1115 5507 1146 5562 7
1171 5521 1294 5562 cum
1323 5510 1426 5561 hac
1455 5507 1811 5576 inscriptione
1852 5525 1867 5562 :

478 5603 534 5658 7.
587 5622 605 5657 t
651 5603 940 5674 Exemplar
968 5603 1296 5669 litterarum,
1337 5617 1458 5672 qua:
1496 5601 1678 5657 missae
1734 5609 1863 5657 sunt
1907 5601 1974 5657 ad

410 5708 654 5749 summos
668 5694 978 5750 sacerdotes
993 5701 1046 5749 et
1065 5695 1374 5750 sacerdotes
1392 5692 1715 5758 Antiochiae,
1739 5692 1976 5748 Alexan-

411 5785 562 5854 driae,
597 5797 651 5842 et
679 5794 883 5842 sanctae
915 5786 1152 5842 civitatis
1195 5799 1227 5840 a
1257 5781 1488 5840 Tarasio
1525 5784 1878 5840 sanctissimo
1923 5795 1976 5841 et

971 5874 984 5880 -
995 5873 1038 5882 --η
1075 5875 1132 5882 ..ς
1153 5877 1216 5882 ...η

2071 1969 2179 2016 tres
2219 1962 2372 2031 puris
2415 1964 2762 2020 orationibus
2803 1967 3000 2021 \estris
3046 1983 3148 2022 nos
3188 1984 3312 2021 cum
3364 1981 3644 2022 attnatnra

2072 2051 2162 2105 Dei
2185 2063 2380 2108 contra
2409 2060 2681 2112 versutias
2711 2060 2924 2128 antiqui
2954 2061 3128 2116 hostis
3159 2061 3336 2129 atljov
3362 2072 3450 2126 lis,
3481 2072 3644 2132 atque

2067 2140 2328 2200 ﬂuctibus
2383 2147 2614 2202 invicem
2666 2151 3020 2218 surgentibus
3068 2153 3412 2206 vacillantem
3445 2156 3646 2222 guber-

2067 2234 2246 2298 netis,
2293 2247 2563 2304 quatenus
2601 2241 2906 2308 pertingant
2958 2241 3025 2294 ad
3082 2257 3298 2310 portum
3347 2246 3642 2300 voluntatis

2067 2322 2272 2380 Christi
2307 2325 2399 2380 Dei
2433 2331 2706 2384 nostri....
2746 2329 2904 2385 Nunc
2933 2343 3114 2385 autem
3162 2335 3228 2386 ad
3259 2333 3419 2386 aliain
3461 2336 3641 2390 inten-

2069 2418 2270 2473 tionem
2297 2420 2513 2474 dicendi
2549 2424 2887 2491 prOgredior.
2923 2425 3062 2490 Quia
3092 2429 3240 2479 enim
3278 2441 3456 2494 prisca
3490 2443 3642 2496 qna:-

2067 2509 2215 2574 dam,
2250 2521 2326 2576 et,
2359 2524 2418 2566 ut
2449 2515 2631 2570 verius
2677 2514 2968 2580 fateamur,
3001 2518 3300 2584 apostolica
3333 2521 3556 2572 traditio
3585 2522 3640 2574 in

2068 2602 2328 2656 omnibus
2377 2601 2636 2660 Ecclesiis
2677 2608 2925 2672 inolevit,
2967 2619 3026 2660 nt
3055 2607 3132 2669 hi,
3179 2607 3270 2673 qui
3304 2609 3372 2660 ad
3417 2609 3638 2677 pontiﬁ-

2067 2695 2212 2747 cium
2243 2695 2667 2762 provehnntur“
2705 2697 3140 2764 praecedentibus
3209 2715 3267 2752 se
3343 2700 3395 2752 in
3447 2701 3639 2754 eodem

2067 2785 2264 2839 ordine
2309 2787 2548 2854 qualiter
2593 2803 2650 2840 se
2697 2789 2950 2852 halnant,
3003 2805 3124 2856 qua:
3166 2805 3282 2844 suto
3313 2791 3433 2842 lidci
3487 2799 3638 2858 sunt,

2066 2879 2388 2946 exponendo
2431 2879 2849 2946 commendent;
2905 2882 3082 2934 visum
3134 2891 3219 2935 est
3248 2893 3300 2936 et
3350 2883 3484 2936 mihi
3535 2885 3641 2939 hoc

2068 2971 2296 3024 sectanti
2339 2987 2425 3024 tne
2458 2973 2612 3027 vobis
2655 2973 2946 3037 inclinare,
2977 2983 3030 3028 et
3082 2976 3288 3043 liquido
3331 2975 3640 3030 etmfessio-

2068 3075 2194 3114 nem
2247 3062 2626 3129 pronuntiare,
2679 3066 3142 3132 quemadmodum
3196 3081 3224 3119 a
3268 3067 3416 3120 tubis
3461 3067 3638 3122 sancti

2073 3149 2330 3220 Spiritus,
2363 3168 2596 3230 quarth
2635 3169 2808 3208 sonus
2855 3153 2908 3208 in
2949 3170 3162 3208 omnem
3212 3164 3412 3210 terram
3451 3159 3639 3225 exivit,

2069 3253 2123 3296 et
2151 3244 2204 3296 in
2240 3244 2376 3298 lines
2405 3255 2567 3298 terra:
2592 3247 2776 3308 verba,
2799 3255 2851 3299 et
2887 3245 2956 3300 ab
2981 3262 3172 3300 earnm
3202 3248 3440 3302 alumnis
3479 3261 3644 3318 atque

2071 3335 2331 3398 asseclis,
2383 3337 2782 3392 sacratissimis
2831 3337 3082 3393 videlicet
3130 3337 3384 3393 Pati-illus
3439 3342 3644 3396 nostris

2071 3429 2358 3488 educatus,
2397 3443 2461 3478 ex
2515 3430 2646 3494 ipsis
2689 3429 2946 3483 mollibus
2981 3431 3194 3498 ungulis
3237 3431 3423 3486 didici.
3467 3433 3644 3487 Credo

2070 3515 2125 3569 in
2188 3531 2356 3568 unum
2393 3515 2684 3571 Deum.....
2719 3515 2995 3585 Expetens
3022 3521 3185 3574 etiam
3220 3522 3643 3577 intercessmies

2071 3603 2434 3657 sanctissima:
2485 3613 2540 3658 et
2595 3604 2935 3658 intemerata:
2995 3608 3235 3662 licinium
3295 3627 3492 3664 noszrac
3549 3611 3642 3666 Dei

2071 3691 2362 3746 Genitricis
2406 3702 2460 3747 et
2497 3710 2712 3762 semper
2769 3693 3006 3762 Virginis
3056 3695 3260 3759 Mariae.
3307 3713 3647 3756 sanctorum-

2071 3800 2178 3854 que
2207 3785 2548 3854 angelorum,
2583 3797 2638 3840 et
2661 3799 2984 3843 sanctorum
3033 3801 3082 3844 et
3115 3791 3530 3854 gloriosissimo:
3549 3809 3642 3848 um

2070 3875 2467 3944 apostolorum,
2524 3878 2948 3945 prophetarum,
3000 3890 3320 3950 martyrum,
3364 3882 3644 3938 confesso-

2074 3979 2192 4019 rum
2230 3975 2286 4019 et
2321 3967 2641 4032 doctomm;
2691 3968 2938 4024 salutans
2977 3979 3029 4023 et
3065 3973 3402 4026 venerabiles
3453 3975 3648 4029 iconas

2071 4070 2284 4122 eorum,
2323 4065 2377 4112 et
2420 4073 2652 4115 omnem
2695 4061 3006 4118 lnnreticam
3038 4063 3386 4117 abominatis.
3412 4074 3645 4118 conten-

2074 4143 2399 4199 tionem.....
2449 4143 2675 4214 Recipio
2705 4149 2868 4203 etiam
2921 4161 3139 4203 sanctas
3185 4159 3240 4203 et
3304 4153 3646 4206 universales

2072 4249 2168 4289 sex
2197 4236 2458 4306 synodos,
2504 4246 2560 4292 et
2597 4253 2782 4292 earum
2828 4239 3008 4294 divina
3048 4241 3300 4310 dogmata
3348 4246 3550 4310 pariter
3579 4252 3649 4301 ,ει

2070 4327 2352 4385 doctrinas
2385 4341 2641 4400 tanquam
2683 4347 2805 4400 quae
2851 4331 3034 4386 divina
3080 4334 3436 4402 inspiratione
3483 4336 3648 4390 nobis

2072 4421 2269 4476 tradita
2324 4423 2564 4477 luerunt.
2598 4442 2618 4475 ι
2659 4408 2864 4478 Omitto
2911 4425 3122 4494 reliqua
3156 4441 3279 4480 cum
3322 4429 3644 4483 earumdem

2071 4508 2512 4567 Patriarcharum
2581 4513 2651 4568 ad
2701 4523 2956 4572 sanctum
3012 4512 3296 4568 Tarasium
3353 4531 3639 4584 reaponso.

2075 4601 2318 4660 Sulliciat
2355 4619 2482 4673 pars
2521 4604 2702 4674 aliqua
2751 4605 2996 4674 epistola:
3049 4605 3272 4659 Adriani
3318 4621 3488 4674 papae,
3531 4622 3644 4676 qna

2073 4695 2150 4748 illi
2207 4698 2524 4764 reSpondet,
2563 4711 2728 4766 quam
2779 4701 2913 4752 citat
2939 4697 3101 4752 etiam
3153 4696 3460 4752 Nicolausl
3500 4713 3644 4768 papa

2073 4787 2233 4855 epist.
2261 4787 2294 4839 6
2325 4791 2390 4840 ad
2415 4785 2686 4841 Pltotium.
2713 4786 2900 4842 Exstat
2927 4803 2989 4842 ea
3020 4788 3236 4842 actione
3257 4787 3292 4842 2
3319 4789 3510 4859 synodi
3541 4803 3642 4856 vit,

2073 4875 2236 4928 etiam
2263 4872 2452 4929 Graue
2477 4873 2738 4928 translata
2767 4890 2892 4928 cum
2919 4877 3022 4930 hoc
3054 4875 3211 4928 titulo
3233 4891 3252 4929 :

2144 4967 2198 5023 8.
2240 4984 2259 5018 ι
2300 4965 2508 5021 Dilecto
2553 4963 2728 5020 Fratri
2759 4963 2984 5020 Tarasio
3014 4965 3332 5032 patriarcha!
3368 4964 3646 5020 Adrianus

2074 5058 2364 5127 episcopus
2403 5073 2594 5114 servus
2625 5074 2904 5113 servorum
2945 5057 3062 5112 Dei.
3117 5055 3384 5114 Pastorali
3437 5073 3645 5115 cura...

2075 5152 2359 5205 considera
2371 5151 2548 5206 vimus
2574 5161 2764 5206 vestra:
2785 5151 2994 5208 dilectae
3012 5151 3290 5206 sanctitati
3315 5165 3468 5205 sacra
3489 5149 3642 5204 aﬂari

2075 5244 2392 5305 concordia,
2423 5253 2477 5298 et
2506 5245 2780 5298 subtiliter
2809 5243 3036 5298 verbum
3070 5241 3442 5298 manifestare.
3479 5240 3533 5296 In
3556 5257 3646 5312 sy-

2073 5335 2286 5388 nodiris
2317 5335 2680 5390 confessionis
2719 5345 2914 5390 vestra:
2959 5333 3106 5399 fidei,
3156 5349 3278 5404 quae
3329 5331 3644 5401 apostolica

2075 5425 2190 5479 sedi
2215 5435 2418 5480 nostra!
2439 5426 2648 5481 directa
2674 5437 2804 5481 sunt
2831 5442 2994 5496 super
3017 5424 3251 5479 Leonem
3284 5422 3642 5494 reverendum

2076 5516 2453 5587 presbyterum
2480 5528 2743 5585 vestrum,
2763 5517 3073 5572 invenimus
3097 5517 3148 5569 in
3171 5515 3252 5570 cis
3275 5512 3431 5566 initio
3454 5511 3644 5578 prima:

2077 5607 2290 5675 pagina:
2349 5606 2708 5660 reverentiam
2758 5613 2994 5660 vestram
3043 5619 3106 5658 es
3159 5601 3297 5656 laico
3345 5599 3538 5653 ordine
3587 5605 3645 5653 et

2076 5695 2426 5767 imperatoria
2458 5695 2932 5751 adn‘tinistratione
2963 5693 3030 5747 ad
3059 5689 3255 5749 sacrati
3305 5689 3508 5760 gradus
3545 5703 3644 5744 su-

2075 5788 2356 5844 blimatam
2417 5801 2540 5844 esse
2593 5785 2896 5857 fastigium,
2951 5794 3006 5841 et
3053 5784 3398 5842 vehementer
3450 5781 3506 5837 in
3555 5778 3646 5842 bis
