4090 6286
496 298 632 363 1333
1521 298 1582 356 ς.
1621 296 1929 356 TABASII
1969 295 2473 356 PATRIARCIIJE
2507 297 2615 357 (ΣΡ.
3368 337 3376 344 -
3636 292 3767 359 138!

492 399 676 466 anima
715 415 903 466 nostra
938 407 1132 462 mirata
1161 415 1264 463 est.
1297 403 1364 460 Et
1394 402 1502 460 nisi
1527 413 1764 460 vestram
1803 407 2073 460 sinceram
2105 411 2149 466 Α
2179 419 2331 467 sane,
2387 406 2587 475 inquit,
2628 413 2738 476 quo
2789 405 3106 476 frequenter
3158 403 3553 470 Universalem
3591 398 3764 464 Graci

491 516 547 558 et
581 501 945 558 orthodoxam
984 498 1147 554 ﬁdem
1193 498 1246 552 in
1279 497 1555 568 praedictis
1597 495 1876 567 synodicis
1927 493 2066 550 sacri

465 572 736 666 lSytnboli
779 591 1079 648 secundum
1116 591 1282 645 ritum
1317 598 1628 644 sanctarum
1659 604 1756 644 sex
1789 588 2072 642 universa-

495 690 627 742 liutn
663 688 1026 756 synodorum,
1078 695 1134 740 et
1190 685 1256 740 de
1298 684 1704 739 venerabil-ibus
1747 681 2076 752 imaginibus

495 779 635 834 bene
673 795 733 835 se
785 779 1191 834 invenissemus
1225 777 1448 842 habere,
1498 776 1811 830 nullatenus
1847 775 2076 829 audere-

497 885 623 922 mus
676 867 988 936 bujusmodi
1043 867 1307 922 obaudire
1354 865 1636 937 synodica.
1667 863 1772 920 Sed
1809 873 2076 934 quantum

495 974 592 1012 cor
634 966 887 1012 nostrum
924 958 1241 1012 tristabatnr
1283 957 1352 1012 de
1391 957 1570 1026 inepta
1617 955 1780 1009 veteri
1812 969 1879 1009 ex
1915 953 2075 1008 nobis

495 1051 778 1115 distantia,
859 1059 1015 1104 tanto
1084 1049 1486 1104 confessionem
1516 1058 1571 1104 et
1642 1057 1848 1103 rectam
1913 1047 2075 1102 ﬁdem

497 1151 734 1194 Vestram
774 1141 958 1194 anima
1001 1153 1188 1195 nostra
1229 1141 1510 1194 inveniens
1560 1139 1736 1192 lmtata
1779 1145 1884 1192 est.
1920 1135 2078 1190 Inve-

497 1235 684 1287 nimus
719 1245 904 1287 autem
947 1233 1002 1286 in
1037 1233 1294 1301 praedicta
1327 1230 1588 1302 synodica
1614 1230 1842 1300 epistola
1867 1228 2074 1284 sancti-

498 1325 624 1377 tatis
651 1333 848 1377 vcstrae
880 1330 1005 1392 post
1050 1321 1443 1391 plenitudinem
1492 1319 1636 1384 ﬁdei,
1687 1327 1742 1372 ct
1783 1317 2077 1372 confessio~

497 1433 623 1470 nem
661 1415 801 1470 sacri
835 1413 1100 1485 Symboli,
1145 1423 1200 1467 et
1237 1414 1304 1467 de
1349 1412 1524 1467 sacris
1569 1425 1634 1465 ac
1677 1409 2076 1465 venerabilibus

497 1507 910 1575 character-ibus
983 1505 1308 1560 miraculum
1383 1502 1543 1556 laude
1609 1515 1673 1555 ac
1723 1503 2076 1554 veneratione

498 1603 890 1668 dignissimum
929 1599 1222 1655 contineri.
1260 1618 1279 1650 ι
1324 1599 1403 1654 Ac
1447 1596 1702 1667 pluribus
1734 1595 2076 1664 interpositis

497 1694 651 1746 addit.
681 1711 694 1745 :
723 1711 749 1744 4
787 1691 960 1746 Porro
999 1701 1122 1761 post
1159 1689 1562 1745 confessionem
1604 1688 1726 1744 ﬁdei
1763 1696 1957 1742 vestrae
1980 1701 2076 1740 no-

2184 496 2590 564 patriarcbam‘
2611 510 2772 552 suum
2817 497 3266 552 inconvenienter
3295 495 3606 564 appellant,
3637 511 3766 567 apo-

2184 586 2419 641 stolatus
2443 595 2623 641 vester
2645 572 2948 641 adulationi
2971 585 3184 641 veniam
3209 585 3323 652 det,
3343 599 3500 654 saepe
3525 585 3768 654 praelatis

2179 677 2296 731 suis
2346 693 2454 732 non
2502 679 2624 732 sine
2669 678 3094 748 reprehensione
3131 677 3347 746 placere
3387 677 3762 732 studentium.

2183 768 2385 824 Verum
2429 786 2552 825 cum
2590 771 2734 841 apud
2765 770 3310 840 Constantinopolim
3361 771 3615 839 positus,
3657 771 3763 826 fre-

2177 874 2414 933 quenter
2447 863 2672 919 Graecos
2721 878 2888 933 super
2933 863 3040 917 hoc
3067 861 3336 917 vocabulo
3385 862 3762 930 reprehende-

2177 969 2318 1020 rem,
2348 963 2403 1011 et
2431 955 2610 1012 fastus
2637 956 2723 1011 vel
2765 955 3095 1026 arrogantiae
3135 954 3570 1024 redarguerem;
3617 969 3764 1008 asse-

2176 1049 2394 1113 rebant,
2429 1049 2575 1118 quod
2627 1063 2736 1102 non
2778 1049 2902 1102 ideo
2936 1047 3358 1110 tecumenicum,
3401 1061 3577 1114 quem
3609 1045 3760 1099 multi

2179 1139 2542 1197 universalem
2561 1140 2903 1209 interpretati
2928 1147 3078 1203 sunt,
3098 1139 3342 1193 dicerent
3359 1137 3759 1208 patriarcltam,

2178 1230 2324 1300 quod
2358 1231 2604 1286 universi
2632 1231 2782 1285 orbis
2827 1238 3010 1286 teneat
3042 1231 3436 1300 praesulatum,
3490 1229 3590 1284 sed
3620 1227 3760 1298 quod

2177 1322 2397 1376 cuidam
2447 1321 2593 1392 parti
2637 1322 2826 1390 praesit
2865 1322 3037 1386 orbis,
3074 1336 3196 1386 quae
3225 1336 3256 1375 a
3293 1320 3644 1376 Christianis
3679 1322 3762 1374 in-

2179 1412 2480 1468 habitatur.
2533 1410 2670 1466 Nam
2708 1413 2854 1482 quod
2899 1412 3072 1468 Graeci
3131 1429 3433 1467 mcumenen
3472 1422 3696 1477 vocant,
3729 1427 3758 1467 a

2180 1503 2397 1560 Latinis
2431 1519 2540 1559 non
2565 1505 2743 1560 solum
2773 1503 2946 1568 orbis,
2988 1519 3019 1560 a
3047 1505 3206 1574 cujus
3243 1503 3612 1558 universitate
3639 1503 3761 1556 uni-

2181 1595 2411 1648 versalis
2433 1593 2757 1664 appellatur,
2787 1609 2978 1648 verum
3003 1595 3166 1648 etiam
3194 1593 3469 1649 habitatio
3501 1593 3762 1648 vel‘locus

2181 1685 2501 1740 habitabilis
2531 1693 2901 1754 nuncupatur.
2934 1703 2953 1736 ι
3003 1683 3131 1740 Haec
3161 1684 3521 1740 Anastasius.
3563 1684 3762 1738 Verum

503 1795 616 1837 tum
643 1782 852 1837 factum
884 1791 968 1836 est
995 1781 1172 1846 nobis,
1209 1781 1358 1850 quod
1392 1790 1572 1835 vestra
1599 1779 1928 1833 venerabilis
1956 1793 2082 1832 san-
2109 1782 2154 1840 Β
2186 1789 2310 1829 cum
2345 1775 2621 1830 Adrianus
2665 1790 2805 1846 papa
2852 1775 2907 1828 in
2937 1791 3034 1830 sua
3086 1775 3152 1830 ad
3187 1777 3589 1844 imperatorem
3623 1777 3762 1830 Con-

501 1877 668 1929 ctitas
694 1873 1058 1943 postulaverit
1097 1873 1165 1926 ab
1199 1871 1524 1926 ortltodoxis
1555 1885 1620 1925 ac
1653 1869 1986 1924 zelatoribus
2019 1884 2082 1924 ac

499 1964 1003 2036 propugnatoribus
1043 1962 1318 2027 veritatis,
1367 1961 1634 2031 piissimis
1685 1959 1938 2021 videlicet
1973 1959 2082 2016 im-

499 2053 850 2124 peratoribus
887 2053 1114 2126 nostris,
1143 2055 1236 2124 qui
1274 2053 1340 2108 ad
1371 2053 1727 2123 gloriam.Dei
1759 2051 1886 2107 facti
1920 2061 2078 2120 sunt,

497 2158 607 2211 quo
661 2143 814 2197 ﬁeret
862 2143 1190 2198 universalis
1241 2143 1508 2214 synodus,
1567 2150 1622 2196 et
1668 2141 2085 2211 repromiserint

497 2251 684 2290 coram
716 2235 866 2290 omni
901 2235 1220 2292 Christiano
1266 2235 1466 2305 populo
1519 2250 1642 2302 suo,
1697 2235 2088 2304 supplicationi

499 2327 588 2397 pie
617 2334 951 2392 annuentes,
1001 2327 1383 2396 synodumque
1419 2325 1472 2380 itt
1504 2327 1650 2396 regia
1685 2325 1821 2380 urbe
1849 2325 1963 2380 tieri
1994 2327 2082 2380 de-

498 2415 776 2487 ﬁnientes.
802 2412 912 2471 Nos
951 2427 1135 2471 autem
1163 2416 1628 2486 quemadmodum
1659 2425 1714 2470 et
1748 2417 1801 2470 in
1837 2416 2075 2486 ipsorum

497 2508 683 2562 divina
711 2509 1104 2563 continebatur
1132 2509 1402 2578 jussione,
1436 2509 1668 2562 dilectos
1700 2508 1859 2563 nobis
1899 2518 1953 2562 et
1987 2523 2082 2578 ap-

498 2599 764 2669 probatos
796 2608 960 2669 atque
991 2599 1288 2670 prudentes
1330 2601 1648 2656 sacerdotes
1691 2615 1792 2669 pro
1821 2611 1963 2654 statu
1992 2615 2082 2654 sa-

497 2707 716 2747 crarum
758 2694 1060 2764 imaginum
1085 2731 1100 2756 ,
1156 2701 1218 2747 ut
1261 2693 1450 2761 prisco
1481 2692 1592 2746 illis
1628 2693 1682 2745 in
1717 2691 1962 2761 partibus
1992 2707 2082 2746 or-

497 2785 626 2838 dine
645 2784 1074 2851 constituantur,
1099 2799 1224 2838 eunt
1246 2799 1442 2855 magno
1465 2785 1738 2840 desiderio
1767 2794 1822 2838 et
1842 2785 2080 2839 maximo

499 2875 702 2943 gaudio
727 2875 1151 2930 destinavimus.
1193 2876 1298 2932 Sed
1333 2887 1518 2932 vestra
1563 2878 1830 2932 sanctitas
1874 2876 2078 2931 eisdem

499 2967 768 3036 piissimis
818 2968 1248 3036 imperatoribus
1313 2978 1369 3024 et
1437 2969 1930 3038 triumpltatoribus
1965 2967 2080 3020 ala-

499 3061 670 3114 criter
703 3069 980 3128 suggerat,
1029 3059 1178 3112 utin
1226 3060 1418 3128 primis
1459 3059 1917 3130 psendosyllogus
1965 3058 2076 3120 ille,

499 3149 594 3218 qui
632 3148 754 3202 sine
782 3149 1090 3216 apostolica
1117 3149 1246 3202 sede
1277 3149 1584 3205 inordinate
1613 3150 2080 3222 etinsyllogistice

499 3240 680 3296 Iactus
708 3247 794 3291 est
820 3237 1092 3290 adversus
1121 3239 1524 3292 venerabilium
1564 3238 1789 3294 Patrum
1831 3243 2080 3296 traditio-

499 3343 624 3382 nem
679 3339 874 3382 contra
937 3328 1158 3382 divinas
1216 3329 1524 3397 imagines,
1585 3331 2080 3386 anathematizetur

497 3420 858 3488 prwsentibns
915 3415 1310 3486 apocrisiariis°
1365 3421 1592 3476 nostris.
1642 3438 1660 3472 ι
1721 3420 1947 3476 Demum
1999 3423 2080 3479 sic

497 3509 779 3564 r0ncludit
817 3528 830 3563 :
869 3528 886 3560 ι
929 3507 1170 3563 Dilectos
1208 3519 1428 3565 nostros
1475 3509 1697 3565 Pettutn
1743 3513 1952 3566 scilicet
1987 3530 2076 3566 ar-

497 3600 974 3670 cltipresbyterum
1021 3610 1224 3654 sanctae
1275 3611 1480 3656 nostrae
1523 3601 1783 3658 Romanae
1820 3603 2080 3660 Ecclesiae

495 3703 550 3746 et
583 3693 799 3746 Petrum
833 3694 1163 3748 monachum
1192 3703 1246 3748 et
1286 3695 1663 3766 presbyterum
1699 3706 1864 3766 atque
1907 3697 2076 3751 abba-

495 3797 626 3848 tetn,
665 3786 758 3854 Qui
809 3786 964 3840 missi
1001 3796 1131 3840 sunt
1173 3802 1204 3840 a
1243 3787 1400 3842 nobis
1439 3787 1506 3841 ad
1541 3789 1767 3858 vestigia
1805 3789 2076 3858 tranquil-

498 3877 834 3930 lissimorum
871 3885 926 3930 et
961 3877 1180 3946 piorum
1211 3878 1632 3946 imperatorum,
1661 3894 1920 3948 rogamus
1952 3896 2078 3949 pro-

497 3982 615 4036 pter
652 3983 899 4021 amorem
957 3969 1134 4022 sancti
1192 3967 1338 4024 Petri
1381 3971 1758 4039 apostolorum
1813 3971 2076 4039 principis

493 4070 547 4111 ct
580 4068 810 4126 propter
840 4072 964 4122 nos,
1015 4058 1166 4111 omni
1222 4058 1462 4129 benigna
1495 4059 1847 4128 susceptione
1879 4073 1943 4112 ac
1975 4060 2078 4112 bu-

495 4151 757 4205 tnanitate
803 4152 1003 4224 dignos
1060 4152 1206 4222 apud
1253 4166 1352 4207 vos
1393 4151 1721 4219 judit-andos
1768 4151 1972 4220 pariter
2023 4159 2078 4206 et

495 4243 814 4309 habendos;
868 4255 1148 4313 quatenus
1202 4251 1258 4298 et
1309 4243 1364 4296 in
1421 4242 1526 4296 hoc
1582 4257 1812 4312 magnas
1869 4243 2077 4299 referre

490 4337 698 4405 gwtias
735 4337 1040 4390 valeamus.
1067 4335 1208 4389 Deus
1231 4335 1578 4402 omnipotens
1607 4333 1955 4388 dileCtionem
1986 4350 2078 4389 vc.

2185 1867 2492 1920 stantinum
2545 1873 2602 1919 et
2654 1864 2863 1919 lrenem
2903 1875 3132 1919 matrem
3171 1865 3457 1935 epistola,
3507 1875 3762 1935 queratur

2187 1955 2334 2008 male
2381 1954 2450 2007 ab
2489 1953 2571 2008 eis
2601 1968 2804 2010 nomen
2837 1955 3166 2009 universalis
3205 1954 3544 2023 patriarcha!
3575 1967 3759 2008 sancto

2185 2043 2417 2100 Tarasio
2451 2046 2817 2113 attributum;
2865 2047 3070 2116 optime
3117 2046 3436 2116 colligimus
3469 2062 3595 2101 eum
3639 2057 3759 2102 tunc

2181 2138 2457 2208 ejusmodi
2490 2138 2712 2192 titulum
2749 2137 2980 2193 honoris
3014 2137 3244 2192 Tarasio
3285 2153 3400 2192 non
3439 2139 3756 2192 contulisse.

2183 2233 2376 2287 Exstat
2401 2247 2464 2286 ea
2490 2231 2722 2302 epistola
2750 2233 2978 2288 Actione
3009 2231 3248 2287 secunda
3271 2231 3524 2302 ejusdem
3571 2229 3757 2301 synodi

2143 2326 2464 2395 septimae,
2519 2326 2575 2380 in
2639 2326 2799 2396 cujus
2852 2325 3158 2395 posteriore
3198 2335 3355 2394 parte
3402 2323 3479 2378 ita
3526 2323 3752 2378 scribit:

2188 2435 2207 2470 ι
2248 2418 2428 2474 Mirati
2457 2434 2671 2484 sumus,
2704 2417 2850 2488 quod
2876 2417 2929 2472 in
2959 2417 3160 2472 vestris
3187 2413 3756 2487 imperialibusjussis

2183 2525 2282 2581 pro
2315 2509 2624 2580 patriarcha
2652 2510 2820 2580 regias
2851 2508 3023 2575 urbis,
3057 2509 3268 2565 scilicet
3305 2507 3349 2562 Τ
3353 2509 3567 2575 arasio,
3612 2509 3756 2562 dire-

2182 2603 2286 2657 ctis
2319 2603 2688 2656 universalem
2723 2601 2928 2656 ibidem
2953 2615 3078 2656 eum
3111 2599 3423 2669 reperimus
3443 2609 3752 2664 exaratum,

2181 2695 2274 2750 sed
2307 2705 2488 2748 utrum
2515 2693 2993 2764 per-imperitiam,
3013 2692 3366 2747 autschisma
3389 2693 3478 2748 vel
3511 2691 3752 2746 hazresim

2181 2786 2498 2856 iniquorum
2541 2786 2805 2855 scriptum
2838 2791 2942 2848 est,
2981 2783 3320 2854 ignoramus.
3368 2783 3482 2839 Sed
3505 2784 3753 2852 deinceps

2180 2877 2481 2932 suademus
2542 2887 2741 2932 vestrm
2770 2866 3213 2932 clementissima:
3245 2877 3634 2946 imperialique
3661 2889 3753 2945 po-

2182 2971 2394 3036 tentias,
2456 2978 2515 3024 ut
2563 2969 2792 3024 minime
2837 2969 2890 3022 in
2939 2983 3164 3023 suarum
3198 2957 3584 3024 exarationum
3619 2965 3751 3022 serie

2183 3059 2512 3115 universalis
2559 3059 2951 3114 describatur:
2987 3060 3123 3130 'quia
3180 3069 3371 3114 contra
3431 3057 3748 3116 sanctorum

2181 3152 2404 3206 Patrum
2450 3151 2800 3206 traditionem
2849 3153 3069 3207 decreta
3119 3149 3240 3206 esse
3277 3151 3517 3206 videtur.
3562 3149 3618 3203 In
3665 3162 3746 3202 se-

2181 3243 2364 3298 cundo
2397 3243 2545 3295 enim
2577 3243 2790 3308 ordine,
2833 3242 2878 3297 si
2911 3244 3158 3312 non-per
3194 3251 3393 3296 sancta:
3429 3248 3630 3296 nostra:
3659 3252 3746 3293 ca-

2185 3334 2400 3388 tholicae
2434 3343 2488 3388 et
2517 3335 2832 3404 apostolica:
2871 3333 3132 3391 Ecclesiae
3161 3334 3552 3390 auctoritatem
3592 3331 3746 3402 (sicut

2182 3425 2236 3478 in
2271 3427 2530 3498 omnibus
2559 3430 2730 3498 patet)
2763 3442 3044 3497 nunquam
3079 3427 3252 3481 valuit
3283 3441 3486 3482 nomen
3531 3423 3742 3487 habere,

2181 3516 2326 3586 quod
2363 3517 2648 3582 nimirum,
2692 3517 2740 3573 si
2772 3517 3102 3574 universalis
3134 3533 3300 3588 super
3326 3519 3606 3586 praelatam
3645 3510 3743 3568 sibi

2181 3621 2426 3668 sanctam
2457 3610 2761 3667 Romanam
2795 3611 3125 3678 Ecclesiam,
3177 3625 3299 3680 quae
3339 3621 3426 3668 est
3452 3617 3612 3677 caput
3634 3621 3744 3660 om-

2181 3704 2331 3756 nium
2367 3702 2461 3757 Dei
2494 3702 2856 3758 ecclesiarum
2882 3744 2898 3768 ,
2929 3703 3300 3766 describatur,
3335 3710 3596 3772 tanquam
3623 3711 3744 3753 san-

2180 3800 2396 3846 ctarum
2465 3792 2804 3861 synodorum
2881 3792 3138 3848 rebellem
3205 3801 3368 3862 atque
3439 3789 3742 3847 ltaarcticum

2180 3885 2456 3954 appellare
2491 3898 2551 3938 se
2585 3892 2795 3938 certum
2836 3891 2942 3938 est.
2979 3882 3142 3950 Quia,
3179 3883 3226 3938 si
3267 3882 3596 3956 universalis
3643 3887 3738 3941 est,

2181 3978 2345 4030 etiam
2411 3975 2668 4030 Ecclesia:
2720 3984 2924 4030 nostrae
2978 3976 3126 4030 sedis
3195 3971 3492 4045 primatum
3553 3972 3753 4026 habere

2179 4066 2553 4136 dignoscitur,
2614 4064 2763 4135 quod
2829 4063 3121 4120 ridiculum
3180 4063 3440 4118 omnibus
3504 4059 3739 4115 ﬁdelibus

2183 4156 2520 4212 Christianis
2551 4166 2798 4226 apparet,
2830 4156 2959 4226 quia
2989 4157 3043 4209 in
3072 4165 3186 4210 toto
3213 4155 3344 4210 orbe
3379 4164 3644 4209 terrarum
3676 4147 3736 4201 ab

2181 4249 2306 4318 ipso
2338 4247 2686 4316 redemptore
2731 4247 2919 4300 mundi
2951 4247 3111 4302 beato
3143 4247 3308 4302 Petro
3332 4243 3582 4314 apostolo
3602 4239 3738 4311 prin-

2178 4345 2392 4415 cipatus
2441 4357 2505 4397 ac
2535 4351 2782 4412 potestas
2813 4342 2936 4396 data
2966 4350 3073 4408 est,
3121 4351 3174 4396 et
3211 4356 3307 4410 per
3332 4340 3582 4394 eumdem
3617 4345 3735 4402 apo-

494 4441 690 4487 stram.
721 4428 765 4482 si
798 4427 1067 4480 stabiliter
1088 4427 1813 4495 permanserit,conservare
1839 4438 2070 4493 annuet;
2104 4442 2151 4497 Β
2178 4439 2374 4496 simum
2395 4435 2572 4506 (cujus
2605 4435 2689 4490 vel
2747 4434 3006 4488 immeriti
3051 4433 3198 4488 vices
3228 4433 3490 4504 gerimus)
3539 4437 3729 4486 sancta,

490 4529 545 4574 et
570 4519 834 4584 fructum,
867 4519 960 4588 qui
990 4517 1087 4572 tibi
1121 4517 1368 4572 creditus
1395 4524 1508 4581 est,
1559 4533 1725 4588 super
1757 4533 2070 4573 mensuram

489 4612 844 4666 abundantia:
890 4611 1058 4664 faciat
1107 4611 1414 4677 abundare,
1447 4621 1612 4682 atque
1656 4612 1709 4664 itt
1743 4613 2072 4681 sempiterna

493 4705 730 4756 transite.
768 4703 966 4773 gaudia
1008 4704 1194 4758 faciat.
1237 4705 1378 4759 Deus
1418 4713 1469 4759 te
1511 4703 1841 4758 incolumem
1867 4712 2068 4767 servet,

490 4799 850 4852 dilectissime
882 4797 1093 4854 Frater.
1129 4817 1146 4850 ι

484 4911 506 4934 ο
563 4892 615 4942 ε).
663 4889 787 4944 Hinc
838 4891 1114 4946 Adrianus
1165 4890 1309 4961 Papa
1358 4890 1657 4945 secundum
1706 4905 1790 4954 ea,
1823 4905 1943 4958 quae
1973 4888 2072 4942 ba-

492 4978 690 5031 lit‘ttlttt‘
725 4980 776 5032 in
808 4981 1022 5050 synodo
1051 4995 1146 5044 vtt,
1172 4979 1240 5034 ab
1257 4980 1556 5034 Anastasio
1582 4977 1776 5032 Latine
1809 4993 1987 5042 versa,
2018 4987 2072 5032 et

490 5069 758 5137 majorem
795 5071 956 5123 tidem
995 5081 1298 5136 merentur,
1337 5085 1499 5138 quam
1540 5083 1659 5137 qure
1709 5070 1762 5122 in
1793 5069 1898 5121 alia
1946 5077 2071 5122 ante

491 5171 708 5228 \ttfgata
738 5163 978 5216 editione
1019 5163 1366 5234 legebantur,
1406 5163 1496 5216 ubi
1532 5161 1732 5214 titulus
1775 5160 1898 5214 talis
1946 5168 2068 5213 est:

488 5253 692 5308 Dilecto
727 5251 914 5306 Fratri
971 5255 1194 5308 Tarasio
1245 5255 1480 5325 generali
1524 5252 1886 5324 patriam/iw:
1920 5252 2007 5304 ubi
2041 5267 2070 5305 a

486 5349 739 5402 Graeculo
774 5347 1032 5416 quopiam
1067 5350 1380 5417 appositum
1423 5350 1653 5401 verbum
1706 5343 1967 5416 generali.
1996 5343 2071 5396 lta

496 5439 820 5494 universalis
867 5438 1196 5508 patriarcha:
1252 5453 1452 5492 nomen
1507 5437 1682 5492 eidem
1732 5451 1760 5489 a
1796 5435 2073 5489 nonnullis

493 5529 773 5601 epist-epis
808 5532 1012 5586 aetioni
1047 5532 1306 5587 Secunda:
1329 5531 1522 5602 synodi
1561 5530 1806 5600 septimae
1829 5519 2073 5582 subseri-

495 5622 743 5675 lrertibus
801 5625 1125 5680 attributum
1188 5634 1271 5680 est
1315 5643 1332 5678 :
1391 5625 1468 5678 uti
1515 5624 1707 5676 Anast.
1759 5630 1886 5675 ante
1934 5615 2074 5672 lianc

492 5714 756 5785 egisti-am
789 5715 852 5767 :t:l
896 5716 1161 5772 Joannem
1195 5715 1309 5770 Vill
1339 5731 1530 5787 papam
1566 5717 1846 5788 pral'atur.
1883 5712 1982 5764 (1η
2007 5723 2070 5764 eo

2177 4528 2448 4582 catholica
2505 4534 2561 4580 et
2617 4525 2912 4595 apostoliCa
2975 4523 3221 4578 Romana
3277 4521 3521 4578 Ecclesia
3575 4526 3730 4584 υδῳιε

2174 4617 2438 4672 baetenus
2462 4626 2516 4671 et
2555 4617 2608 4670 in
2639 4631 2812 4670 aevum
2850 4623 2997 4670 tenet
3029 4616 3394 4686 principatum
3421 4631 3486 4669 ac
3512 4619 3730 4682 potesta-

2175 4708 2242 4762 tis
2272 4707 2651 4761 auctoritatem
2681 4723 2694 4760 :
2729 4715 3020 4775 quatenus,
3048 4705 3190 4773 quod
3247 4718 3353 4756 non
3386 4699 3663 4781 credimus,
3687 4689 3726 4744 si

2171 4798 2442 4867 quispiam
2491 4810 2616 4851 cum
2665 4794 3028 4849 universalem
3071 4794 3484 4860 nuncupaverit,
3526 4787 3604 4842 vel
3646 4797 3726 4835 as-

2176 4904 2401 4944 sensum
2439 4887 2752 4958 praebuerit,
2803 4887 2942 4941 sciat
2997 4900 3055 4940 se
3102 4885 3419 4939 orthodoxa:
3460 4879 3576 4935 lidei
3621 4885 3728 4930 esse

2177 4981 2438 5044 alienum,
2474 4987 2528 5034 et
2568 4987 2773 5033 nostrzlc
2804 4988 3008 5033 sanctte
3039 4975 3323 5031 catholica:
3357 4983 3411 5028 et
3440 4967 3728 5043 apostoliraa

2177 5073 2435 5127 Ecclesiae
2471 5070 2751 5125 rebellem.
2785 5071 2904 5139 Ipse
2929 5070 3074 5124 enim
3105 5067 3368 5122 Tarasius
3411 5067 3566 5135 regiae
3595 5057 3726 5112 urbis

2178 5163 2488 5234 patriarcha
2526 5160 2677 5214 misit
2709 5161 2870 5214 nobis
2917 5161 3258 5232 synodicam,
3305 5160 3536 5228 priscam
3575 5149 3728 5204 aditi:-

2175 5255 2329 5324 plens
2363 5251 2840 5317 censucludinem,
2883 5268 3048 5320 quam
3095 5251 3456 5320 suscipientes
3496 5257 3546 5300 et
3581 5237 3724 5310 liqui;

2176 5349 2301 5400 dius
2341 5344 2687 5410 indagantes,
2724 5354 2778 5398 et
2806 5345 2872 5398 de
2899 5341 3246 5398 confessione
3275 5353 3384 5396 tam
3433 5347 3583 5394 rectae
3615 5325 3719 5385 lidt-i

2171 5441 2315 5507 ejus,
2347 5453 2512 5506 quam
2539 5439 2852 5507 dogmatum
2879 5447 3196 5494 sanctarum
3219 5451 3311 5491 sex
3340 5432 3654 5506 synodormn
3676 5427 3719 5468 εἰ

2173 5527 2604 5604 ξεηυιτιιιιίειιύιιι
2662 5529 2959 5600 imaginum
3013 5532 3272 5590 ovantes,
3337 5527 3496 5580 nimis
3545 5519 3714 5571 iterum

2176 5620 2376 5673 turbati
2409 5635 2472 5672 ac
2511 5620 2820 5673 contaztbati
2863 5635 3073 5683 sumus,
3106 5619 3232 5688 quia
3262 5632 3329 5672 ex
3363 5616 3610 5670 laicorum
3638 5615 3713 5650 nr-

2177 5713 2299 5766 dinc
2330 5724 2378 5766 et
2416 5709 2788 5780 itttpt't‘ltililtus
2844 5711 3118 5782 ubst-qnizs
3169 5711 3482 5781 deputatus,
3528 5699 3711 5766 τονειιῖθ
