4090 6286
293 354 416 419 1385

1835 340 2033 403 VITA.

3419 327 3555 389 1386

287 472 682 544 patriarchatus
735 470 949 526 culmen
1006 468 1234 538 adeptus
1285 469 1390 528 est,
1433 472 1488 519 et
1537 461 1857 533 apocaligus
1885 482 1930 528 Α
1958 456 2169 522 Romre,
2186 464 2414 527 paterna
2441 452 2696 522 degmata
2730 434 2970 519 sequens
2989 454 3042 544 et
3079 441 3426 544 tradi-tionem
3459 456 3555 544 cn-

288 573 465 633 contra
495 574 813 635 sanctorum
873 574 1142 616 canonum
1218 569 1513 612 censuram
1547 552 1723 610 factus
1752 561 1858 614 est,

287 655 739 727 patriarcha......-
766 652 830 707 Et
861 652 968 707 nisi
1006 667 1100 721 per
1129 649 1251 719 ejus
1281 647 1494 703 ﬁdelem
1526 658 1859 702 concursum

287 762 380 817 pro
404 755 720 802 sanctarum
754 744 1054 815 imaginum
1081 741 1377 807 erectione,
1411 740 1467 796 in
1492 739 1617 809 ejus
1661 749 1861 792 conse—

288 839 531 894 cratione
581 850 889 894 assensum
921 833 1241 890 omnimodo
1310 831 1555 887 tribuere
1610 826 1861 896 nequivi-

289 944 426 985 mus.
465 948 486 980 ι
547 925 930 983 Subscribitur
963 923 1091 979 data
1127 937 1204 977 vn
1258 918 1379 975 Kal.
1429 917 1749 983 Novembr.,
1777 913 1864 969 in-

289 1021 498 1089 dict.'9,
528 1020 738 1077 scilicet
768 1032 916 1074 anno
943 1015 1067 1072 785.
1460 1024 1465 1037 ‘

358 1111 445 1166 10.
479 1111 657 1178 Quam
690 1106 983 1180 proculab
1007 1104 1156 1161 omni
1185 1103 1330 1160 fastu
1354 1113 1410 1159 et
1439 1100 1723 1156 titulorum
1749 1113 1866 1153 am-

287 1201 489 1259 bitione
526 1200 768 1257 abfuerit
821 1206 1045 1256 sanctus
1106 1195 1396 1262 Tarasius,
1458 1193 1710 1249 modesta
1743 1190 1866 1260 ejus

288 1293 614 1362 subscriptio
666 1289 862 1362 synodi
917 1302 1136 1358 semper
1179 1296 1303 1358 post
1352 1285 1588 1342 vicarios
1640 1282 1867 1338 Adriani

288 1386 461 1456 Papae,
495 1386 621 1441 licet
675 1384 917 1455 episcopi
948 1397 1058 1438 non
1087 1389 1292 1448 essent,
1329 1379 1494 1444 facta,
1521 1377 1658 1434 satis
1686 1378 1863 1432 docet.

290 1478 364 1533 Ita
390 1478 607 1533 Actioni
647 1485 862 1548 quarta:
892 1475 964 1533 ita
1000 1473 1370 1544 subscripsit:
1402 1491 1420 1524 ι
1458 1469 1725 1526 Tarasius
1764 1468 1868 1523 mi-

291 1570 583 1626 sericordia
604 1567 886 1639 Deiepisc.
906 1565 1460 1634 Constantinopoleos
1484 1556 1867 1627 novae'Romae,

290 1664 621 1718 confirmans
666 1660 761 1716 sic'
795 1674 855 1715 se
904 1658 1105 1713 habere
1160 1656 1468 1723 veritatem,
1510 1655 1718 1717 omnia,
1750 1659 1905 1722 quas

291 1754 542 1824 superius
570 1751 897 1820 edet-untur,
944 1748 1182 1805 libenter
1235 1746 1550 1812 admittens,
1601 1744 1689 1800 his
1740 1744 1871 1799 sub-

1967 550 2185 605 tholicte
2215 546 2475 603 Ecclesiae
2510 537 3125 609 dcilnieussubscripsi.
3160 554 3178 588 ι
3215 534 3272 589 lu
3308 533 3558 602 epistolis

1967 656 2101 717 vero
2136 640 2205 695 ad
2258 640 2641 710 imperatores,
2687 634 2990 689 Adrianum
3031 629 3258 700 Papam,
3308 628 3559 696 aliosque

1970 751 2029 791 se
2057 733 2346 803 indignum
2379 732 2700 809 episcopum
2736 725 2995 799 appellat.
3026 722 3315 777 Habentur
3339 735 3419 775 cae
3447 718 3563 789 cpi-

1970 825 2124 881 s’tolae
2152 825 2257 881 sub
2282 823 2445 879 tinem
2484 821 2729 904 ejusdem
2768 816 2964 890 synodi
3003 813 3236 869 Nicaeum
3260 872 3311 904 ω,

2044 917 2131 971 Η.
2165 914 2361 972 Exstat
2392 914 2608 969 illustre
2636 902 3014 966 testimonium
3048 905 3223 965 sancti
3259 902 3473 958 Tarasii
3507 903 3562 956 in

1970 1007 2207 1078 Prologo
2240 1006 2312 1061 ad
2340 1004 2517 1061 sancti
2551 1001 2809 1058 Dorothei
2831 995 3297 1054 Archimandritte
3333 993 3530 1048 lustitu
3551 1022 3564 1033 -

1975 1098 2150 1153 tiones
2178 1095 2448 1151 asceticas
2469 1093 2539 1148 ab
2566 1091 2872 1147 orthodoxe
2893 1105 2959 1145 ac
2984 1088 3245 1163 religioso
3269 1085 3561 1156 scriptore,

1974 1188 2161 1246 forsan
2183 1188 2398 1244 Studita
2429 1184 2727 1250 monacho,
2757 1184 2964 1254 scripto
2996 1181 3083 1238 his
3109 1178 3291 1236 verbis
3322 1194 3337 1231 :
3371 1196 3389 1230 ι
3422 1175 3566 1233 San-

1973 1296 2093 1339 ctos
2132 1278 2254 1339 illos
2302 1282 2454 1335 viros
2505 1276 2775 1344 Marcum,
2825 1275 3048 1340 Isaiam,
3093 1271 3566 1342 Barsauuphium,

1978 1374 2313 1442 Dor_othenm
2338 1381 2395 1427 et
2420 1370 2825 1443 Hesychium...
2853 1382 2951 1441 per
2973 1381 3205 1432 examen
3233 1363 3565 1437 sanctissimi

1978 1458 2306 1539 patriarcha:
2336 1464 2574 1529 Tarasii,
2601 1464 2715 1535 jam
2748 1461 2958 1533 pridem
2987 1474 3209 1519 summo
3262 1457 3569 1515 sacerdotio

1978 1559 2275 1630 fungentis,
2329 1572 2429 1613 nec
2470 1571 2580 1612 non
2627 1555 2861 1612 aliorum
2909 1551 3017 1609 fide
3060 1551 3354 1624 dignorum
3392 1548 3570 1605 homi-

1979 1667 2133 1718 num,
2166 1661 2278 1707 tam
2312 1650 2694 1720 indigenarum
2724 1662 2892 1718 quam
2916 1645 3289 1709 orientalium,
3318 1644 3570 1699 testimo-

1979 1746 2073 1799 nio
2117 1743 2399 1816 probatos,
2442 1759 2508 1799 ex
2560 1749 2793 1812 paterna
2844 1738 3146 1793 traditione
3177 1736 3505 1806 amplector.
3546 1752 3566 1785 ι

292 1822 507 1914 scripsi.
529 1829 566 1895 ἰ
608 1842 810 1897 Iterum
854 1840 1085 1895 Actione
1113 1839 1345 1910 septima
1379 1856 1435 1891 ει
1475 1836 1738 1892 Tarasius
1766 1835 1872 1890 mi-
1908 1868 1948 1923 Β
1980 1836 2211 1906 Reliqua
2247 1836 2415 1904 hujus
2451 1832 2752 1889 testimonii
2779 1830 3054 1893 edidimus
3089 1842 3257 1900 supra
3288 1827 3359 1883 ad
3392 1822 3571 1881 Vitam

293 1933 590 1990 sericordia
643 1933 740 1989 Dei
793 1932 1041 2003 episcop.
1098 1928 1661 2000 Constantinopoleos
1721 1941 1877 1985 novae
1908 1920 1938 1923 ”
1979 1928 2150 1982 sancti
2181 1926 2421 1982 Dosithei
2460 1925 2532 1979 25
2564 1923 2725 1980 Febr.
2766 1938 2890 1994 pag.
2921 1920 3048 1989 58!,
3082 1938 3139 1977 n.
3183 1920 3235 1991 1.

306 2121 461 2135 -ῇ

506 2108 2461 2136 ww

2464 2107 2630 2115 ’ς’-..-

1096 2239 1384 2305 SANCTI
1436 2212 1761 2303 ΤΑιιΑειι
1821 2237 2775 2302 CONSTANTINOPOLlTANl

1785 2421 2073 2515 VITA

1424 2644 1430 2650 '
1491 2631 1776 2677 AUCTORE
1804 2627 2063 2676 IGNATIO
2095 2627 2413 2674 EPISCOPO.

826 2785 888 2848 (Ε
920 2783 1090 2836 Greco
1110 2778 1287 2833 Latine
1309 2775 1500 2829 reddita
1532 2790 1560 2825 a
1584 2769 1833 2824 Gentiano
1853 2772 2092 2827 Hert‘elo.
2126 2778 2230 2824 Act.
2270 2777 2458 2838 διίησι,
2486 2776 2647 2826 Fcbr.‘
2669 2783 2704 2827 t.
2732 2776 2818 2839 lli,
2849 2780 2897 2839 p.
2929 2777 3065 2851 576.)

987 3002 993 3009 .
1626 2978 1693 3012 Aur

900 3025 1323 3084 PROLOGUS.‘
1392 3080 1402 3090 ,
1532 3025 1537 3031 ’
1668 3028 1687 3039 ί

382 3128 430 3182 Ι.
458 3124 759 3181 Nataturus
788 3135 885 3192 per
924 3122 1199 3192 ingentem
1243 3104 1412 3175 maris
1450 3121 1884 3194 magnitudinem

306 3214 494 3287 inclyti
540 3214 720 3271 Patris
748 3220 805 3267 et
853 3212 962 3267 vita
1008 3211 1289 3267 inaccessa
1330 3212 1661 3282 praestantis,
1693 3227 1888 3268 vereor

306 3321 378 3362 ne
407 3305 667 3361 adversus
695 3312 983 3359 ventorum
1013 3303 1175 3361 ﬂatus
1198 3303 1398 3376 linguae
1438 3305 1673 3376 agrestis
1702 3313 1755 3359 et
1788 3287 1886 3359 va-

307 3406 517 3454 storum
552 3396 815 3452 ﬂuctuum
843 3397 1200 3453 obscuritatis
1228 3398 1482 3461 excitem,
1517 3397 1808 3467 salumque
1832 3408 1886 3451 et

306 3496 687 3559 tempestatem
712 3487 848 3549 mihi
871 3503 1164 3557 procurem
1194 3490 1390 3543 anima:
1417 3487 1711 3556 naufragii.
1743 3487 1890 3543 Talis

305 3582 455 3637 enim
493 3589 580 3634 est
610 3578 844 3634 inscitiae
885 3578 1186 3642 temeritas,
1225 3592 1348 3648 quae
1378 3578 1683 3633 orationem
1719 3577 1893 3633 eﬂ'un-

305 3671 390 3727 dit
422 3681 683 3741 tanquam
715 3670 948 3738 paleam,
981 3669 1048 3723 ad
1080 3668 1218 3723 nihil
1248 3669 1395 3739 quod
1423 3669 1495 3725 sit
1522 3679 1899 3747 opportunum

305 3762 749 3827 conducibilem,
775 3770 830 3817 et
868 3760 1041 3817 ail‘ert-
1076 3762 1339 3825 damnum
1373 3762 1445 3825 ei,
1491 3762 1636 3833 quod
1680 3770 1896 3833 oportet

309 3856 431 3913 ﬁeri
466 3863 524 3911 et
555 3863 642 3910 est
669 3856 823 3918 utile,
853 3865 909 3911 et
936 3855 993 3909 in
1033 3852 1380 3924 naufragium
1434 3853 1625 3909 incidit
1654 3853 1895 3911 multilo-

308 3948 450 4016 qu-ii,
478 3945 626 4016 quod
656 3944 773 4000 fieri
799 3960 906 4000 non
934 3952 1139 4015 potest,
1163 3953 1229 3998 ut
1257 3943 1485 4003 omnino
1514 3943 1739 4015 eﬂ’ugiat
1768 3959 1901 4014 ρεοεν

310 4048 523 4105 catum,
553 4046 616 4092 ut
641 4047 728 4093 est
752 4035 1072 4093 Salomonis"
1088 4043 1144 4091 et
1170 4034 1356 4089 divina
1384 4035 1685 4105 admonitio
1708 4034 1893 4106 (Prov.

310 4146 367 4192 ι.
411 4130 520 4189 i9).
556 4125 671 4182 Hoc
700 4140 883 4182 meum
917 4124 1166 4195 reprimit
1201 4124 1479 4195 ingenium
1510 4133 1566 4180 et
1605 4133 1771 4181 terret
1799 4138 1895 4180 co-

312 4221 672 4290 gitationem,
723 4226 780 4273 et
833 4216 1079 4272 refrenat
1108 4216 1434 4282 orationem,
1477 4226 1533 4271 et
1582 4215 1892 4273 divinarum

310 4312 423 4367 Viri
459 4312 648 4368 dotum
675 4308 1013 4381 profundum
1058 4299 1262 4364 intueri
1301 4319 1685 4379 prOperantem
1720 4292 1903 4365 retas—-

311 4403 427 4458 dat.
466 4401 571 4458 Sed
615 4417 740 4457 cum
774 4401 944 4456 altum
990 4400 1136 4472 longi
1186 4400 1449 4471 temporis
1498 4400 1773 4456 silentium
1807 4412 1896 4455 res

310 4495 440 4563 ejus
474 4503 663 4564 tegens
689 4501 837 4548 esset
877 4492 1176 4547 multorum
1209 4492 1439 4546 auribus
1468 4490 1730 4546 damnum
1764 4491 1898 4547 alla-

314 4595 527 4646 turum,
563 4591 625 4638 ut
657 4599 781 4654 quae
832 4592 1124 4640 teneantur
1170 4581 1454 4639 desiderio
1502 4582 1756 4638 audiendi
1808 4596 1897 4638 res

310 4678 555 4749 Optimas
596 4685 652 4731 et
699 4676 1206 4746 praestantissima,
1234 4689 1384 4745 qua:
1428 4676 1497 4730 ab
1539 4675 1635 4731 illo
1681 4675 1735 4730 in
1786 4674 1897 4729 vita

1992 3037 2084 3095 pto
2114 3037 2166 3080 et
2190 3025 2360 3105 alacri
2391 3026 2579 3109 animo
2603 3027 2803 3085 offerre
2830 3044 2931 3099 pro
2956 3029 3187 3097 viribus,
3212 3031 3316 3088 etsi
3337 3048 3451 3089 non
3475 3049 3579 3106 po-

1992 3126 2112 3174 tero
2140 3118 2386 3175 debitum
2435 3120 2654 3176 solvere
2702 3119 2830 3177 cum
2884 3110 3098 3188 fenore,
3151 3123 3206 3179 in
3245 3140 3310 3182 eo
3356 3127 3575 3198 quidem

1989 3220 2156 3276 certe,
2190 3209 2339 3280 quod
2389 3219 2593 3268 sortem
2627 3214 2940 3279 exerceam,
2978 3222 3032 3270 et
3070 3229 3383 3285 procurem,
3427 3229 3488 3275 ut
3524 3222 3576 3276 ei

1989 3303 2131 3358 nihil
2178 3304 2535 3375 detrahatur,
2580 3321 2677 3363 ero
2727 3307 2912 3391 aliqua
2956 3324 3023 3365 ex
3068 3320 3225 3381 parte
3272 3313 3579 3384 accipiendi

1993 3393 2214 3463 (Matth.
2244 3411 2403 3461 χχιιι,
2437 3396 2550 3468 2'5).

2496 3507 2744 3565 CAPUT
2781 3508 3073 3568 PRIMUM.

1994 3598 2243 3653 Probitas
2271 3610 2550 3677 parentum
2574 3603 2752 3677 sancti
2782 3602 3034 3677 Torusii,
3059 3605 3239 3676 Hujus
3268 3610 3359 3677 pia
3389 3612 3585 3666 educa-

2432 3672 2527 3734 tio,
2560 3671 2858 3727 consularis
2884 3675 3146 3744 dignitas.

2018 3830 2025 3833 _
2065 3763 2121 3816 2.
2154 3759 2255 3817 llic
2302 3775 2434 3832 ergo
2483 3772 2875 3819 sacrosanctus
2924 3774 2979 3819 et
3014 3780 3249 3838 magnus
3299 3768 3581 3841 Tarasins,

1994 3853 2091 3924 qui
2124 3852 2331 3909 Christi
2362 3854 2838 3911 mansuetudinem
2878 3845 2934 3911 et
2986 3857 3347 3923 humilitatem
3383 3866 3452 3919 b
3496 3866 3584 3920 iu-

1996 3941 2164 3998 fantia
2190 3957 2366 4011 usque
2388 3942 2455 3997 ad
2479 3938 2817 3999 senectutem
2843 3945 3087 4003 imitatus
3111 3950 3338 4018 pulchre
3357 3967 3588 4023 erpres-

1995 4030 2091 4119 sit,
2126 4031 2181 4083 in
2221 4030 2402 4100 cujus,
2438 4031 2582 4087 sicut
2610 4032 2763 4101 prius
2807 4032 2947 4098 dixi,
2984 4036 3246 4094 virtutum
3293 4056 3446 4097 mare
3476 4059 3587 4110 me,

1996 4126 2058 4173 ut
2089 4129 2360 4185 natarem,
2390 4120 2606 4185 demisi,
2652 4122 2907 4191 quisnam
2951 4135 3095 4180 esset
3122 4136 3178 4181 et
3205 4129 3370 4195 unde,
3421 4142 3470 4184 ct
3518 4149 3589 4189 ex

1996 4226 2104 4281 qua
2138 4212 2313 4281 patria
2349 4221 2402 4266 et
2432 4212 2755 4280 parentibus
2796 4224 2951 4271 ortus
2982 4218 3076 4281 sit,
3128 4218 3362 4275 arduum
3399 4220 3589 4290 fuerit,

1999 4303 2067 4358 iis
2122 4303 2290 4358 etiam
2349 4298 2446 4374 qui
2499 4318 2566 4358 ex
2627 4306 2855 4361 scientia
2895 4309 3078 4375 sciunt
3124 4312 3306 4382 ample
3356 4324 3411 4369 et
3465 4330 3586 4371 ma-

1997 4394 2196 4468 gniﬁce
2245 4396 2446 4465 dicere,
2481 4411 2592 4452 non
2636 4398 2814 4454 solum
2858 4401 3016 4469 mibi,
3067 4403 3226 4474 cujus
3280 4415 3365 4461 cst
3425 4408 3585 4478 plane

1998 4485 2222 4558 humilis
2244 4495 2300 4541 et
2341 4486 2553 4558 abjecta
2589 4491 2787 4555 oratio,
2829 4502 3033 4549 tantam
3076 4496 3324 4565 praclari
3369 4501 3584 4569 generis

1999 4577 2069 4632 ab
2097 4579 2210 4637 alto
2242 4587 2488 4649 repetere
2522 4583 2977 4652 magnitudinem,
3006 4595 3060 4642 et
3091 4601 3122 4642 a
3148 4589 3451 4660 majoribus
3486 4592 3585 4649 dc-

1998 4670 2220 4725 ductam
2270 4671 2392 4742 ejus
2427 4672 2657 4743 stirpem
2706 4686 3014 4743 recensere,
3063 4680 3157 4750 qui
3203 4681 3426 4752 gloriari
3474 4699 3584 4740 non

312 4777 486 4842 gestae
517 4777 665 4834 sunt,
696 4774 755 4822 ut
774 4781 897 4837 qua
924 4765 1036 4820 sint
1060 4766 1233 4834 plena:
1257 4764 1491 4818 utilitate
1519 4764 1750 4824 animae;
1774 4778 1895 4834 age,
1929 4784 1974 4841 ι)
2000 4762 2405 4832 vnltejusmodi
2434 4763 2712 4831 laudibus,
2742 4768 3242 4838 nequeﬂuentibus
3263 4774 3468 4831 divitiis
3489 4790 3589 4831 εστ

309 4860 501 4914 valere
516 4856 721 4926 jubens
746 4870 964 4911 omnem
994 4844 1416 4919 dubitationem,
1444 4867 1616 4924 pauca
1647 4852 1896 4924 quaedam

312 4953 386 5006 de
416 4950 554 5020 ipso,
601 4963 725 5020 quae
751 4948 1010 5017 dignatus
1034 4961 1158 5002 sum
1191 4945 1385 5002 videre.
1426 4945 1622 5013 oculis,
1681 4953 1738 5000 et
1777 4960 1899 5015 quae

310 5042 506 5113 accepi
536 5040 785 5104 auribus,
820 5047 875 5094 et
903 5025 1025 5109 quae
1070 5037 1183 5107 ipsa
1220 5036 1343 5113 novi
1375 5035 1733 5106 experientia,
1765 5043 1820 5090 ct
1843 5034 1896 5090 in

312 5110 468 5187 meai
488 5127 682 5184 humili
724 5136 779 5184 et
819 5141 990 5199 egena
1037 5125 1154 5181 scio
1182 5110 1722 5203 m.apcré;‘_tilentoria,
1770 5139 1897 5181 cum

311 5238 459 5296 pura
506 5206 810 5278 et'sincera
842 5219 1072 5275 veritate
1122 5218 1177 5272 in
1210 5200 1623 5301 ‘ﬁteeuifedere,
1657 5219 1701 5273 si
1752 5217 1897 5274 Deus

310 5312 604 5379 concedat,
642 5310 757 5382 jam
813 5310 1076 5366 conabor.
1115 5307 1254 5365 Nam
1284 5308 1388 5365 etsi
1426 5324 1535 5364 non
1575 5308 1781 5379 possim
1810 5308 1898 5363 di-

308 5420 445 5463 cere
476 5418 575 5474 pro
622 5404 911 5475 dignitate,
946 5414 1055 5458 non
1091 5401 1213 5458 ideo
1250 5401 1562 5456 universum
1597 5400 1845 5477 deseram
1878 5415 1901 5461 :_
1930 5392 1935 5397 ’

308 5492 414 5548 sed
439 5492 568 5561 quia
593 5491 722 5547 nolo
751 5490 1091 5547 abscondere
1114 5486 1402 5557 talentum,
1432 5492 1569 5548 sicut
1604 5492 1692 5558 ille
1722 5491 1899 5548 malus

310 5593 375 5638 et
403 5583 559 5656 piger
596 5596 812 5645 servus,
844 5581 1144 5663 ideoquod
1195 5581 1304 5638 Deo
1335 5592 1552 5653 gratum
1595 5591 1679 5638 est
1715 5597 1899 5652 prom-

391 5674 935 5778 (.l).Aiiis.E.ncratea,
952 5698 1136 5755 Crtece
1161 5699 1515 5772 Ἐγκράτεια,
1546 5694 1901 5767 continentia,

317 5773 388 5825 ut
404 5763 562 5823 infra
595 5767 818 5822 dicitur.

648 5834 932 5923 Parnm...
963 5867 1078 5925 Gn.
1122 5865 1386 5929 XCVIII.

2003 4865 2298 4922 apponere,
2330 4854 2718 4910 convenienter
2762 4857 2951 4913 divino
2984 4857 3441 4932 PsalmOgrapho,
3479 4882 3584 4920 un-
3648 4928 3653 4937 ,

2002 4961 2167 5017 quam
2194 4957 2282 5004 est
2312 4949 2606 5005 meditatus
2633 4948 2807 5022 (Psat.
2836 4968 2946 5019 ut,
2979 4954 3002 5007 i
3035 4955 3384 5027 seqq.).iloc
3414 4974 3583 5015 unum
3651 5012 3655 5027 λ

2003 5045 2186 5093 autem
2221 5052 2518 5121 possumus
2567 5041 2773 5110 dicere,
2810 5045 2956 5113 quod
2990 5023 3508 5106 omni—auctoritate
3533 5060 3590 5107 et
3650 5023 3657 5071 ε

2003 5126 2239 5195 maxima
2283 5130 2606 5187 excellentia
2648 5133 2791 5203 apud
2837 5148 2956 5200 eos,
3005 5137 3100 5206 qui
3154 5153 3251 5208 per
3274 5139 3340 5195 id
3372 5150 3587 5213 tempus

2004 5214 2373 5288 imperabant,
2404 5219 2675 5293 Georgius
2704 5224 2827 5294 ejus
2858 5236 3011 5296 pater
3035 5238 3091 5282 et
3119 5231 3195 5282 rei
3227 5244 3424 5286 nomen
3455 5247 3589 5290 con-

2006 5307 2231 5379 veniens
2277 5311 2469 5366 sortita
2526 5325 2701 5371 mater
2747 5315 2868 5385 ejus
2904 5302 3170 5391 Encratia
3223 5300 3320 5393 (t),
3365 5333 3588 5395 propter

2006 5414 2278 5477 summam
2325 5401 2597 5472 justitiam
2651 5407 3082 5480 primas‘partes
3112 5412 3483 5479 obtinuerunt,
3517 5422 3583 5468 ex

2007 5490 2369 5549 Patriciorum
2418 5496 2853 5577 serie-derivati,
2902 5504 3165 5577 appellari
3222 5503 3440 5559 Patricli
3482 5505 3583 5576 (2).

2007 5582 2254 5650 Quorum
2289 5596 2445 5656 pater
2473 5588 2691 5657 quidem
2716 5575 2844 5672 cum
2876 5575 3213 5650 ascendisset
3242 5596 3310 5649 ad
3337 5580 3585 5661 altitudié

2196 5702 2407 5786 Nomen.
2435 5686 2799 5786 Patriciorum
2831 5710 2929 5786 illo
2966 5720 3081 5766 tero
3112 5710 3167 5767 in
3210 5711 3583 5786 utroque‘im-
3620 5728 3625 5733 ·

2011 5785 2045 5842 p
2068 5778 2164 5827 :rio
2206 5778 2442 5833 Orientis
2468 5787 2521 5832 et
2569 5780 2876 5835 Occidentis
2904 5796 3131 5838 summae
3161 5795 3278 5838 erat
3317 5778 3370 5839 ei
3406 5782 3586 5855 digni.

3186 5872 3261 5935 44
