4090 6286
398 336 536 400 1389

1929 325 2124 396 VI‘I‘A.

3455 335 3628 400 “1390

395 465 556 521 quem
588 450 784 522 Cypria
813 459 997 506 natum
1025 448 1240 524 excepit
1265 446 1528 514 Salamis,
1556 449 1632 521 (7)
1668 459 1852 504 sancte
1882 449 1960 518 (8)
1992 457 2034 510 Α
2065 451 2264 518 accipit
2308 451 2572 518 dolorem,
2613 461 2672 506 ut
2708 451 2758 506 ei
2790 451 3063 507 inhaeserit
3101 449 3257 504 vibex
3309 449 3628 505 immedica-

394 551 449 596 et
487 543 695 608 i..tegre
738 543 952 596 clavum
989 557 1184 614 regens
1217 541 1530 604 sacerdOtii,
1577 555 1702 605 cum
1754 539 1959 594 mi‘aria

394 631 576 686 adhuc
607 631 814 701 vigeret
854 633 1098 698 haeresis,
1149 649 1272 704 quae
1301 641 1528 688 accusat
1571 631 1954 686 Christianos:

393 739 584 778 eorum
611 765 627 789 ,
659 723 908 794 .inquam
931 765 946 790 ,
1002 726 1099 796 qui
1165 725 1384 780 abolent
1421 723 1713 793 imaginem
1755 719 1958 775 Christi

393 818 502 868 veri
539 815 634 869 Dei
665 817 840 871 nostri
883 815 1073 872 carnis
1121 814 1506 885 susceptionis.
1557 820 1612 868 et
1657 813 1797 882 ejus,
1837 825 1960 879 quas

391 922 516 959 eum
558 921 684 960 vere
711 915 766 961 et
796 908 1017 976 proprie
1045 907 1267 976 peperit
1310 905 1407 959 Dei
1441 903 1650 965 Matris,
1685 912 1738 956 et
1775 901 1970 956 incor-.

391 1010 706 1064 porearum,
747 1007 798 1050 ut
847 997 977 1050 visae
1018 1004 1167 1062 sunt,
1213 1004 1584 1065 potestatum;
1618 1003 1670 1046 ct
1697 991 1809 1060 jam
1841 1005 1960 1043 om-

391 1101 489 1138 nes
523 1085 698 1138 sancti
751 1095 1152 1154 Oppugnatores
1201 1084 1280 1154 (9)
1341 1081 1564 1136 haeresis
1619 1095 1648 1134 a
1702 1079 1850 1134 brevi
1907 1088 1960 1132 et

391 1178 602 1232 caduca
633 1178 733 1232 hac
763 1180 871 1232 vita
913 1179 1304 1244 excessissent,
1336 1188 1391 1232 et
1417 1175 1650 1232 traducti
1677 1182 1862 1228 essent
1893 1173 1958 1226 ad

345 1299 354 1305 ι
390 1279 602 1333 eorum,
631 1285 752 1338 qua
778 1270 832 1322 in
868 1270 976 1324 vita
1001 1281 1306 1340 gesserant,
1347 1283 1471 1338 quae
1498 1269 1558 1322 ﬁt
1589 1268 1722 1330 illic,
1753 1266 1960 1321 discre-

393 1361 635 1425 tionem;
675 1373 730 1416 et
773 1363 1100 1430 sei-pentina:
1137 1361 1410 1415 doctrinae
1460 1361 1614 1414 virus
1649 1359 1810 1414 etiam
1837 1367 1960 1428 post

389 1455 594 1507 exitum
637 1453 1105 1508 evomuissen‘tex
1149 1451 1424 1518 Ecclesia;
1463 1467 1606 1522 aegre
1651 1451 1860 1506 ferebat
1905 1459 1960 1504 et

292 1574 296 1578 -
389 1543 578 1597 animo
611 1542 1166 1613 angebatur‘Paulus,
1199 1559 1324 1598 cum
1371 1557 1476 1598 non
1506 1543 1751 1606 haberet,
1785 1539 1876 1610 qtti
1907 1541 1956 1595 ei

351 1649 554 1705 'opem
601 1634 793 1700 ferret,
839 1644 894 1690 et
937 1638 1166 1690 'manum
1203 1636 1469 1706 prteberet
1511 1634 1579 1688 ad
1629 1643 1791 1688 rectae
1833 1632 1956 1686 ﬁdei

389 1728 814 1788 correctionem,
865 1727 1152 1796 propterea
1183 1725 1332 1796 quod
1383 1739 1578 1780 omnes
1616 1725 1953 1778 adliaererent

390 1815 617 1883 lmresi,
689 1829 924 1884 eamque
983 1814 1378 1870 conﬁterentur
1427 1824 1482 1870 et
1527 1814 1952 1871 assentirentur.

390 1907 546 1976 Capit
606 1907 791 1977 itaque
848 1905 1158 1962 consilium
1199 1907 1428 1973 dignum
1481 1921 1580 1960 sua
1639 1905 1953 1976 prudentia.

387 1994 526 2052 Nam
561 2011 688 2054 cum
743 1997 1032 2052 incidisset
1089 1997 1144 2051 in
1180 1997 1455 2061 morbum,
1501 1996 1595 2067 qui
1635 1997 1684 2051 ei
1727 2003 1956 2052 mortem

387 2097 506 2144 erat
559 2086 848 2155 allaturos,
905 2097 961 2143 et
1004 2089 1340 2144 deducturus
1395 2089 1462 2143 ad
1509 2088 1806 2160 longaevam
1837 2104 1958 2158 quae

391 2179 503 2234 illic
547 2187 652 2244 est,
693 2180 1086 2235 resolutionem
1113 2196 1229 2245 ,'sc
1288 2179 1426 2235 cl'am
1473 2181 1582 2250 (ιο)
1629 2181 1884 2238 subducit
1927 2200 1958 2238 e

387 2273 514 2324 sele
559 2287 572 2322 :
621 2277 676 2322 et
727 2285 866 2325 cum-
898 2271 1138 2326 \eni‘ssct
1195 2272 1261 2324 ad
1311 2270 1452 2325 F’lori
1500 2273 1614 2342 (ll)
1679 2283 1956 2328 monaste-

389 2361 554 2423 rium,
607 2361 660 2414 in
693 2347 988 2416 numerum
1048 2361 1442 2416 monachorum
1493 2377 1552 2417 se
1595 2365 1798 2429 retulit,
1835 2381 1956 2419 mu-

387 2463 499 2508 tato
547 2456 775 2510 amictu.
814 2454 1109 2526 Postquam
1152 2465 1332 2512 autem
1371 2467 1557 2513 notum
1597 2458 1720 2527 fuit,
1759 2477 1868 2530 quo
1897 2475 1956 2516 se

387 2547 697 2602 demisisset
749 2543 1239 2618 pontifexﬁidque
1299 2549 1412 2617 jam
1478 2553 1816 2620 pervenisset
1885 2553 1954 2606 ad

386 2653 546 2693 aures
589 2653 813 2704 eorum,
859 2639 950 2709 qui
1017 2655 1112 2708 per
1161 2640 1212 2695 id
1272 2651 1487 2712 tempus
1543 2656 1724 2696 rerum
1781 2643 1956 2712 potie~

384 2731 584 2783 bantur
633 2727 824 2794 (lreue
879 2738 1059 2783 autent
1093 2731 1158 2784 ct'
1195 2726 1593 2786 Constantinus
1637 2731 1757 2800 ejus
1809 2731 1954 2804 illius

383 2822 588 2889 primas
612 2823 864 2890 potentia:
893 2831 1072 2889 partes
1093 2831 1222 2884 tunc
1256 2823 1950 2893 pnichre'obtinebant),ii,

386 2911 532 2982 quod
577 2927 662 2968 res
709 2912 1003 2990 accidisset
1048 2929 1188 2969 nova
1238 2923 1294 2968 et
1330 2914 1584 2977 insolita,
1630 2907 1813 2968 animo
1845 2929 1950 2968 non

387 3019 577 3072 ['al'llm
634 3005 964 3068 conturbati,
1019 3013 1333 3060 statuerunt
1389 3005 1573 3060 venire
1622 3003 1688 3058 ad
1747 3005 1950 3058 dictum

387 3095 807 3150 mo:.asterium.
863 3085 1157 3165 Postquam
1192 3110 1318 3150 vero
1349 3091 1692 3164 agnoverunt
1734 3093 1952 3165 pontiﬁ-

389 3201 506 3242 cem
565 3187 802 3242 subiisse
831 3187 1097 3242 habitum
1155 3187 1504 3253 humilitatis,
1545 3188 1622 3242 ira
1672 3186 1856 3256 repleti
1901 3193 1957 3240 et

385 3289 534 3334 metu
583 3265 912 3349 rogaverunt
953 3293 1100 3344 eum,
1137 3279 1236 3350 qui
1281 3294 1340 3334 se
1385 3279 1453 3332 ad
1497 3285 1702 3332 tantam
1733 3277 1955 3332 dederat

388 3371 698 3436 audaciam,
731 3384 978 3440 quaenam
1013 3366 1208 3424 fuisset
1235 3383 1402 3424 causa
1433 3369 1706 3440 pontilicis
1737 3367 1879 3438 fuga:
1901 3375 1956 3420 et

388 3469 649 3528 tonsurae,
677 3470 992 3530 reputantes
1028 3476 1158 3515 num
1193 3461 1350 3526 nihili
1387 3464 1534 3514 esset
1563 3453 1804 3512 facturus
1829 3473 1956 3526 gra-

361 3567 508 3606 ‘vem
539 3552 884 3622 imperatoris
907 3552 1370 3620 intlignationem.‘
1389 3549 1594 3602 Paulus
1628 3551 1816 3602 autem
1831 3548 1954 3600 initi

387 3657 451 3697 ac
479 3642 687 3710 placida
719 3639 968 3695 oratione
1001 3639 1160 3708 (talis
1193 3638 1338 3692 extim
1373 3645 1509 3702 erat,
1542 3637 1588 3690 si
1617 3635 1758 3690 ullus
1791 3635 1954 3704 alius)

387 3735 528 3787 iram
578 3732 784 3787 leniens
841 3727 1285 3800 imperatoriam,
1343 3729 1615 3797 persuasit
1676 3737 1736 3781 ut
1787 3726 1952 3782 irasci

385 3824 712 3880 desisterent
743 3840 756 3876 :
785 3831 840 3893 et
888 3825 1100 3891 aperuit
1131 3835 1374 3884 causam,
1421 3836 1542 3890 quae
1578 3833 1704 3874 cum
1747 3819 1812 3874 ad
1850 3819 1953 3874 hoc

385 3915 696 3977 deduxerat,
733 3914 842 3968 lioc‘
870 3911 1033 3966 modo
1070 3911 1234 3966 verba
1275 3911 1513 3965 faciens:

457 4006 510 4058 6.
547 4001 650 4070 Me,
682 4017 716 4057 O
744 4003 1122 4070 imperatores,
1173 4013 1228 4054 et
1267 4001 1491 4056 morbus
1527 4009 1581 4056 ct
1621 4001 1954 4072 improvisus

386 4097 580 4152 mortis
629 4097 898 4150 adventus
951 4093 1128 4162 coegit
1182 4095 1285 4148 hoc
1323 4093 1524 4156 facere,
1565 4095 1732 4147 multo
1768 4105 1950 4148 autem

385 4190 561 4261 magis
589 4189 654 4242 ad
697 4187 748 4243 id
783 4187 997 4256 itnpulit
1043 4185 1299 4240 Ecclesia:
1341 4185 1678 4251 deformitas,
1711 4200 1831 4254 qua:
1869 4185 1950 4238 la-

385 4284 546 4339 borat
574 4281 787 4348 haeresi,
819 4290 873 4335 et
901 4294 967 4334 ex
999 4278 1258 4334 diuturna
1286 4279 1428 4332 mala
1450 4276 1708 4347 Opinione
1741 4285 1949 4332 tantum

456 4506 532 4576 (7)
571 4504 708 4576 Aliis
738 4503 1034 4568 Salamina,
1060 4505 1116 4576 in
1146 4499 1346 4576 _No_titia
1373 4501 1686 4576 Graecorum
1721 4493 1946 4576 episco-

385 4571 614 4644 pain’um
664 4573 808 4626 facta
865 4586 1010 4626 anno
1055 4572 1162 4625 882
1207 4571 1526 4626 Constantia
1559 4610 1576 4636 ,
1635 4572 1951 4640 metropOlis

384 4643 515 4704 Cvm
531 4643 568 4696 i-

431 4661 629 4784 y(p8l)hln
663 4709 1031 4784 Citronologia
1072 4709 1361 4784 Nicepltori
1389 4724 1402 4760 :
1437 4727 1456 4760 ι
1485 4707 1691 4784 Paulus
1719 4708 1950 4784 Cyprius

387 4779 693 4843 Diaconos,
733 4780 1074 4834 orthodoxus
1121 4790 1175 4836 et
1220 4779 1532 4834 Confessor.
1563 4795 1584 4829 ›
1642 4781 1682 4830 Α
1737 4779 1948 4832 Zonara

389 4855 556 4912 etiam
591 4853 790 4904 dicitur
834 4865 853 4898 ι
897 4849 1066 4902 lector
1092 4852 1454 4904 orthodoxus.
1503 4865 1523 4898 ι

460 4923 536 4990 (9)
561 4921 736 4989 Aliqui
773 4917 1082 4990 referuntur
1109 4934 1142 4990 a
1166 4917 1496 4987 TheOphane
1519 4932 1704 4984 supra,
1723 4923 1952 4990 saucius

387 4985 746 5060 Theophanes
768 4989 1293 5060 _martyrii_palmam
1322 4985 1654 5060 consecutus
1673 4985 1914 5060 ,._Papias
1933 5025 1948 5048 ,

391 5055 692 5125 Strategius
716 5099 732 5123 ,
761 5055 996 5113 Jacob‘ns
1029 5055 1490 5124 Protospatarius,
1525 5055 1658 5120 Leo,
1687 5056 1947 5117 Thomas,

389 5146 580 5184 Omnes
617 5130 779 5182 aultci
813 5127 1012 5196 Leonis
1050 5127 1447 5196 imperatoris,
1472 5140 1948 5196 quetnnperperani

385 5199 654 5253 Baronius
681 5192 918 5252 Leonem
955 5192 1252 5250 Armenum
1287 5192 1578 5250 scribit’in
1630 5192 1784 5247 Notis
1825 5193 1886 5246 ad
1917 5194 1952 5246 4

391 5269 664 5332 Decemb.,
701 5281 810 5336 quo
839 5267 925 5320 die
949 5278 1324 5328 sacra'eornm
1365 5263 1625 5318 memoria
1661 5263 1953 5332 quotannis

389 5339 670 5394 recolttur.
971 5359 978 5366 ·
1255 5371 1274 5383 -.

470 5406 582 5476 (l0)
621 5405 802 5476 Dici3l
833 5403 1080 5474 Augusti.
1102 5403 1374 5476 ind_ict.;_7,
1403 5415 1547 5476 anno
1582 5401 1954 5476 imperiiCon~

388 5473 612 5530 stantini
637 5486 688 5529 ct
721 5475 902 5528 lrcnes
929 5473 1138 5540 quarto.
1187 5473 1259 5527 Ita
1289 5473 1678 5538 Theophanes,
1713 5474 1802 5540 qui
1840 5476 1954 5528 hanc

389 5547 636 5614 pluribus
665 5552 867 5614 narrat.
900 5541 992 5596 Est
1045 5543 1091 5597 is
1133 5557 1310 5614 annos
1335 5542 1454 5597 784.

461 5615 506 5682 (l
523 5615 570 5682 l)
586 5613 914 5682 Subscrips't
935 5613 1180 5680 sequenti
1221 5613 1438 5682 Synodo
1459 5611 1689 5667 Nicaeum
1713 5610 1952 5680 Ἱλαρεων

390 5681 686 5752 meditatio;
714 5681 816 5734 τῶν
841 5682 1090 5752 Φλώρων.

2063 541 2190 598 bilis
2224 561 2238 597 :
2271 554 2326 598 et
2373 543 2485 614 (l2)
2527 553 2610 598 ter
2637 544 2752 615 jam
2784 559 2880 614 per
2917 558 3114 598 manus
3162 551 3217 597 ct
3263 552 3626 598 atramentum

2063 631 2323 701 inscripta
2355 636 2544 690 haarcsi
2581 635 2850 691 assensio.
2894 633 3084 704 Neque
3113 635 3258 688 enim
3307 635 3440 688 mihi
3476 634 3630 688 licuit

2061 721 2294 794 eli‘ugcre
2335 715 2470 780 retia
2515 727 2672 782 malua
2705 727 2982 797 opinionis
3026 741 3042 780 ε
3080 725 3173 780 sed
3209 725 3430 790 accidit,
3478 738 3540 780 ut
3574 734 3630 780 ct

2061 813 2242 882 lingua
2277 825 2329 870 et
2356 833 2520 872 manu
2567 817 2620 872 in
2669 833 2734 872 ea
2773 817 3106 888 implicarer.
3135 815 3294 882 Quod
3342 817 3508 870 etiam
3545 832 3630 869 me

2063 906 2236 974 inagis
2275 907 2447 976 angit,
2481 919 2539 963 ut
2565 909 2717 978 'qnod
2745 894 2940 964 credat
2989 923 3182 964 sensus
3241 907 3434 972 animi,
3469 907 3629 960 video

2061 1009 2252 1051 omnes
2278 997 2429 1052 orbis
2460 1008 2724 1053 terrarum
2753 1009 2960 1070 partes,
3014 1017 3137 1071 qua:
3167 1001 3218 1053 in
3256 1009 3435 1054 vestra
3464 1015 3626 1052 manu

2061 1095 2325 1158 tanquam
2359 1091 2412 1144 in
2452 1099 2654 1146 statera
2700 1093 3102 1162 appenduntur,
3135 1091 3260 1147 ﬁdei
3297 1090 3626 1146 immobilem

2014 1175 2020 1179 ”
2061 1173 2454 1233 conservantes
2508 1179 2791 1247 trutinam,
2836 1193 2889 1236 et
2940 1184 2994 1236 in
3047 1193 3194 1238 recta
3246 1190 3628 1251 permanentes

2061 1268 2312 1323 doctrina
2343 1278 2398 1323 et
2426 1271 2790 1350 exsultantes,
2839 1273 2908 1326 ab
2939 1271 3181 1328 Ecclesia
3229 1283 3414 1328 nostra
3469 1273 3630 1342 longe

2060 1361 2327 1416 dissidere
2347 1402 2360 1424 ,
2405 1349 2458 1418 et
2485 1349 2742 1434 tanquam
2773 1381 2804 1418 a
2831 1365 3034 1420 Christi
3069 1379 3228 1435 grege
3257 1365 3462 1420 alienas
3501 1378 3630 1418 oves

2061 1454 2344 1522 repellere.
2371 1453 2435 1508 Et
2459 1455 2583 1510 ideo
2607 1469 2804 1511 recuso
2823 1472 2943 1512 esse
2961 1465 3146 1526 pastor
3169 1467 3342 1527 cretus
3369 1455 3626 1520 haeretici,

2058 1551 2112 1596 et
2161 1544 2324 1598 statui
2367 1545 2552 1614 potius
2606 1545 2854 1600 habitare
2907 1545 3242 1614 sepulcrum,
3291 1561 3456 1614 quam
3505 1559 3629 1600 csse

2058 1633 2331 1689 obnoxius
2379 1635 2822 1690 anathematibus
2869 1651 3038 1692 sacra:
3081 1637 3458 1706 quaternionis
3489 1637 3623 1705 (i5),

2060 1724 2272 1777 aedium
2311 1724 2764 1792 apostolicarum.
2800 1723 2908 1778 Sed
2939 1740 3064 1780 cum
3097 1725 3298 1794 sceptri
3327 1725 3623 1792 potentiam

2058 1815 2112 1869 iu
2141 1823 2352 1870 vestras
2377 1830 2574 1870 manus
2597 1813 2742 1870 Deus
2765 1813 3066 1879 tradiderit,
3087 1823 3142 1870 et
3164 1815 3498 1884 imperialem
3525 1831 3624 1870 cu-

2060 1923 2176 1962 ram
2203 1907 2409 1979 geratis
2431 1905 2888 1962 Christianissimi
2909 1905 3111 1978 gregis,
3138 1907 3232 1978 qui
3255 1918 3339 1964 est
3363 1909 3466 1962 sub
3491 1911 3626 1974 sole,

2055 2013 2124 2054 ne
2167 1999 2485 2068 despiciatis
2525 1997 2804 2052 tristitiam
2853 1998 3047 2053 matris
3089 2010 3283 2053 vestra:
3333 1999 3625 2054 Ecclesiae.

2049 2091 2158 2167 sed
2189 2091 2426 2156 studete,
2460 2099 2520 2146 ut
2549 2105 2612 2150 ea
2641 2106 2835 2146 rursus
2859 2100 3096 2144 veterem
3135 2091 3359 2159 recipiat
3387 2091 3626 2160 pulchri-

2058 2181 2323 2236 tudinem.
2344 2181 2421 2236 Nc
2446 2181 2726 2251 patiamini
2745 2181 3170 2236 abominandam
3205 2182 3454 2236 haeresim
3483 2198 3630 2237 nunc

2055 2285 2276 2340 quoque
2313 2283 2574 2340 tanquam
2624 2284 2776 2324 suem
2816 2285 2881 2326 ex
2939 2279 3220 2340 querceto,
3273 2280 3332 2324 ut
3387 2262 3624 2332 dicftur,

2057 2369 2274 2415 vastare
2319 2375 2382 2416 ac
2412 2360 2643 2430 perdere
2676 2359 2888 2414 vineam
2939 2368 3131 2414 vestra:
3174 2361 3540 2427 imperatoria:
3573 2369 3627 2414 ct

2056 2451 2232 2507 ﬁdelis
2272 2451 2640 2524 agriculturae,
2670 2460 2724 2504 et
2765 2468 2795 2504 ιι
2828 2459 3144 2524 transeunte
3170 2451 3314 2504 viam
3358 2467 3464 2504 non
3499 2455 3626 2505 trita

2055 2552 2110 2598 et
2139 2559 2354 2613 aspera,
2387 2542 2527 2596 mala
2563 2541 2824 2612 Opinione
2855 2542 3084 2611 turpiter
3111 2556 3230 2594 eam
3264 2541 3504 2608 pctvadi.
3530 2541 3628 2595 Est

2057 2634 2212 2690 vobis
2237 2632 2641 2688 scientissimus
2656 2619 2917 2702 agricola,
2933 2631 3025 2702 qui
3045 2633 3242 2686 aluerit
3258 2625 3474 2688 botrum
3491 2649 3628 2688 verre

2055 2726 2442 2792 confessionis,
2477 2735 2532 2780 et
2584 2741 2708 2781 eum
2756 2725 3087 2796 expresserit
3121 2725 3172 2778 in
3211 2725 3395 2780 divina
3439 2737 3626 2780 tot'cuc

2055 2817 2190 2870 laria
2223 2814 2386 2870 unius
2410 2815 2654 2871 et'solius
2680 2814 2959 2879 Ecclesiae,
2981 2810 3174 2869 etcum
3203 2815 3435 2884 implerit
3454 2827 3629 2870 crate-

2055 2922 2170 2962 rem
2195 2907 2496 2976 sapientire,
2513 2903 2786 2980 paraverit
2811 2903 3130 2962 ﬁdelissimo
3152 2907 3352 2975 pepulo
3377 2907 3624 2976 poculum

2055 3009 2215 3052 rectae
2239 2998 2542 3053 sententiae.
2569 2995 2634 3073 Et
2659 3013 2952 3080 quemnam
2983 2999 3132 3052 hunc
3163 2997 3384 3052 innuis?
3407 2998 3457 3052 ei
3478 2999 3628 3052 dixe—

1981 3107 2024 3166 c
2057 3099 2182 3144 runt
2215 3089 2590 3158 imperatores.
2625 3087 2914 3160 Tarasium
2939 3083 3069 3142 mea
3117 3089 3389 3160 signiﬁcat
3426 3091 3626 3156 oratio,

2057 3183 2152 3253 qui
2201 3183 2288 3237 est
2326 3177 2612 3251 priinus.a
2665 3179 2899 3236 secretis
2943 3175 3112 3235 divini
3167 3175 3332 3236 vestri
3391 3181 3624 3250 imperii.

2057 3274 2212 3328 Illum
2245 3275 2383 3340 scio,
2404 3281 2456 3327 et
2481 3269 2800 3343 quicunque
2829 3281 2975 3339 recte
3001 3272 3162 3342 sapit,
3187 3261 3481 3328 Ecélesiatit
3503 3287 3628 3328 esse

2057 3375 2368 3436 opportune
2400 3359 2808 3434 suscepturum,
2847 3373 2899 3420 et
2937 3351 3104 3434 virga~
3138 3355 3356 3436 quidem
3395 3365 3626 3420 rationis

2057 3443 2324 3523 participe
2355 3451 2621 3506 hz‘eresum
2651 3447 2970 3522 nugasesse
2997 3457 3311 3529 exacturum
3346 3473 3360 3508 :
3395 3453 3626 3508 docendi

2043 3553 2236 3598 autem
2279 3552 2334 3598 et
2362 3542 2622 3614 pastorali
2661 3537 2859 3596 baculo
2891 3533 3332 3598 introducturum
3380 3545 3432 3598 'et
3473 3545 3624 3599 l’oras

2032 3636 2380 3690 'educturum
2413 3635 2480 3689 ad
2508 3633 2720 3688 stabula
2747 3641 2801 3687 et
2829 3635 3086 3688 mandras
3109 3634 3376 3699 veritatis,
3408 3649 3623 3704 gregem

2035 3711 2655 3784 'divinissimum..Cum
2693 3725 2919 3780 auribus
2956 3725 3321 3794 imperatoriis
3355 3727 3435 3780 sic
3461 3729 3624 3780 semi-

2036 3824 2242 3877 ‘nasset
2279 3815 2606 3884 orationem,
2644 3828 2697 3872 et
2731 3833 2852 3872 eam
2885 3809 3162 3873 effecisset
3208 3801 3518 3888 genitalem,
3569 3828 3624 3875 et

2057 3929 2179 3984 qua:
2209 3913 2322 3983 jam
2371 3904 2610 3967 fructum
2639 3899 2860 3964 tulerat
2896 3909 2949 3963 in
2979 3913 3318 3980 centuplum,
3357 3910 3624 3989 gravitate

2056 4003 2236 4060 morbi
2287 4016 2605 4074 Oppressus,
2647 4001 2714 4055 ad
2771 4000 3110 4056 tabernaculi
3162 4001 3619 4070 dissolutionem,

2055 4111 2150 4167 per
2177 4105 2408 4150 mortem
2443 4093 2783 4160 conﬁdenter
2810 4091 3118 4156 festinabat,
3151 4093 3560 4147 aediﬁcationem
3586 4109 3620 4149 a

2057 4187 2169 4242 Deo
2201 4201 2298 4256 per
2330 4181 2817 4253 incorruptionem,
2847 4190 2905 4238 ut
2942 4182 3116 4237 dicam
3149 4184 3474 4254 apostolicc,
3494 4197 3618 4238 sor-

2054 4281 2186 4340 titus
2225 4275 2358 4350 (li).

2125 4499 2236 4571 (12)
2259 4499 2320 4571 in
2345 4495 2613 4571 rescripto
2643 4493 3031 4571 imperatorum
3051 4492 3398 4571 Constantini
3427 4501 3482 4571 et
3506 4491 3617 4546 Ire-

2051 4561 2151 4626 nes
2190 4561 2411 4645 actiope
2520 4561 3019 4645 synpdiLNiea-rnte,
3072 4578 3192 4632 quae
3212 4563 3362 4645 illud
3405 4564 3618 4645 σᾴκρειν

2051 4639 2306 4708 appellat,
2337 4633 2539 4708 Paulus
2562 4631 2842 4687 indui-itur
2871 4631 3124 4708 dixisse:
3163 4651 3182 4682 ι
3212 4631 3288 4684 Eo
3315 4634 3460 4701 quod
3491 4631 3618 4687 cum

2053 4701 2362 4776 liii]usrnotli
2389 4705 2517 4757 viris
2530 4711 2894 4776 conversatus
2915 4701 3110 4776 luerim
3141 4711 3192 4776 et
3215 4710 3612 4776 conmutatum

2051 4769 2169 4830 lino
2196 4776 2494 4831 secundum
2529 4771 2912 4839 Theophanem
2937 4811 2952 4835 ,
2990 4789 3007 4821 ι
3035 4769 3257 4826 Patricii
3303 4769 3356 4824 ct
3397 4780 3618 4824 senatus

2051 4847 2316 4914 primores
2377 4845 2645 4902 dixerunt,
2680 4841 2730 4896 ei
2773 4859 2788 4894 :
2837 4839 3018 4907 Quare
3065 4839 3458 4914 subscripsisti,
3492 4855 3616 4894 cum

2051 4907 2454 4970 consecrareris
2489 4926 2596 4965 non
2634 4919 2684 4964 te
2717 4917 3162 4965 eonsceraturum
3192 4907 3402 4962 iconam
3429 4907 3452 4962 ’ἒ
3486 4929 3506 4960 ι

2124 4986 2236 5053 (15)
2277 4983 2536 5037 Romanae
2582 4979 2824 5053 scilicet,
2865 4989 2918 5032 et
2959 4995 3078 5053 qttz‘c
3126 4979 3260 5053 hinc
3291 4979 3618 5053 colliguntur

2053 5053 2180 5108 huic
2217 5049 2512 5108 adhaesisse
2543 5061 2732 5104 contra
2761 5049 3122 5102 itonoelastas
3146 5089 3160 5112 ,
3199 5049 3577 5103 Alexandrina:
3599 5087 3616 5114 ,

2051 5124 2406 5177 Antiocheam
2427 5131 2480 5175 et
2500 5119 3022 5177 Hierosolvtuitanai.
3063 5116 3174 5171 Hoc
3197 5121 3484 5173 atiathema
3514 5120 3622 5174 Ico-

2055 5175 2593 5248 noelastisitninatus
2629 5199 2712 5242 cst
2740 5175 3032 5258 Gregorius
3069 5186 3372 5258 “Lillﬂile
3413 5187 3618 5258 Grego-

2054 5264 2168 5316 rius
2193 5261 2280 5325 lll,
2315 5269 2376 5314 nt
2413 5275 2477 5312 ex
2507 5259 2797 5311 Anastasio
2823 5253 2874 5308 in
2905 5257 3098 5310 horum
3136 5253 3276 5324 Vna,
3309 5253 3620 5311 Zonara'dc

2053 5331 2233 5386 Leone
2271 5331 2544 5390 Aruleno,
2593 5328 2824 5394 aliisque
2871 5335 3104 5379 constat.
3145 5325 3298 5391 Quod
3333 5329 3619 5380 anathema

2054 5415 2184 5454 nom
2234 5397 2426 5466 reliqui
2484 5397 2754 5450 dictarunt
2804 5395 3172 5450 Ecdesiarum
3221 5394 3452 5463 amplexi
3508 5394 3622 5446 sint

2053 5465 2411 5540 patriarchas,
2445 5465 2572 5518 hinc
2603 5467 2790 5540 liquat:
2866 5531 2928 5540 ___
3058 5531 3070 5540 _
3426 5529 3457 5540 L
3526 5528 3561 5540 η
3603 5527 3615 5538 ,

2125 5539 2236 5606 (14)
2273 5535 2347 5588 Ex
2392 5528 2578 5606 hunc.
2643 5528 3246 5606 iitqttitATheophancs,
3301 5529 3462 5598 erepit
3510 5528 3614 5606 diei

2053 5617 2108 5663 et
2131 5599 2403 5676 disputari
2461 5599 2878 5676 superisanctis
2939 5599 3266 5670 imaginibus
3325 5613 3506 5654 Sermo
3549 5599 3619 5654 ah

2057 5678 2312 5733 euntibus
2347 5688 2468 5729 cum
2504 5675 2720 5729 ﬁducia.
