4090 6286
541 303 672 368 139i
1382 364 1387 367 _

1142 411 1368 467 CAPUT
1408 408 1493 466 ΙΙΙ.

538 547 723 604 Sancti
770 547 977 599 Tarasii
1018 544 1200 599 eiectio
1237 554 1286 598 et
1326 544 1650 599 consecratio
1705 541 2103 611 patriarchafia.

612 683 662 735 7.
693 681 758 735 Et
786 684 866 736 sic
901 678 1120 749 quidem
1155 693 1213 733 se
1253 678 1423 749 gessit
1454 675 1655 732 Paulus
1687 693 1698 729 :
1744 675 2107 745 imperatores

540 784 722 830 autem
764 774 815 826 in
848 748 1087 842 pastoris
1129 748 1396 825 electione
1443 775 1677 822 mentem
1719 748 1982 821 habentes
2010 780 2105 820 oc-

537 872 814 937 cupatam,
850 872 902 916 et
931 861 1081 915 Pauli
1114 872 1366 917 sermone
1399 856 1684 920 stimulati,
1718 855 1772 909 in
1818 854 2108 910 Tarasium

540 963 723 1023 aperte
768 950 1008 1023 defigunt
1038 948 1227 1004 oculos
1263 966 1277 1002 :
1319 957 1374 1003 et
1430 962 1574 1009 eum,
1611 945 1720 1000 Deo
1768 945 2001 1010 volente,
2050 953 2111 999 ut

539 1045 763 1097 viduato
792 1041 939 1111 gregi
970 1047 1244 1109 praeesset,
1276 1037 1552 1092 communi
1591 1050 1860 1090 consensu
1891 1034 2110 1104 sapien-

541 1145 622 1190 ter
666 1134 895 1205 eligunt.
934 1130 1024 1185 Eis
1066 1130 1485 1195 assentiebatur,
1529 1127 1791 1197 quidquid
1824 1118 1943 1181 erat
1967 1126 2110 1195 opti-

541 1241 690 1280 mum
735 1234 789 1278 et
820 1220 1332 1292 praastantissimum
1371 1233 1401 1273 e
1441 1232 1601 1272 sacro
1650 1225 1864 1280 senatu,
1892 1213 2111 1270 divinus

540 1317 700 1388 plane
721 1323 896 1369 coetus
929 1330 943 1366 :
980 1320 1039 1366 ut
1073 1310 1163 1382 qui
1193 1311 1417 1364 omnino
1456 1308 1670 1364 scirent
1692 1296 1959 1361 virumin
1987 1321 2109 1360 om-

545 1407 706 1461 nibus
752 1403 1097 1475 prtefulgcre,
1155 1411 1208 1455 et
1261 1401 1506 1471 dignum,
1557 1398 1643 1453 cui
1694 1396 2114 1452 demandaretur

543 1498 783 1569 dignitas
830 1493 1143 1566 pastoralis.
1178 1491 1455 1561 Quidquid
1506 1498 1686 1546 autem
1741 1499 1862 1545 erat
1905 1487 2112 1559 promi-

545 1603 737 1643 scuum
769 1584 1285 1648 circumforaneum,
1316 1592 1369 1635 et
1396 1583 1677 1637 lucernam
1710 1580 1983 1636 redolcbat
2003 1579 2115 1634 ha!-

546 1675 796 1742 réticam,
833 1674 1013 1730 Patris
1053 1674 1420 1736 sanctitatem,
1450 1673 1613 1728 etiam
1645 1681 1769 1726 ante
1801 1687 2013 1727 sacram
2046 1670 2114 1724 ab

1623 305 1683 365 S.
1722 302 2029 363 TARASII
2086 301 2589 364 PATRIARCHAZ
2637 300 2743 360 CP.

2135 416 2179 473 Α
2206 407 2576 480 prehendatur
2598 405 2742 477 quod
2769 403 3131 462 desideratur.
3159 404 3399 476 Tempus
3430 413 3687 478 estergo.
3712 419 3765 464 ut

3640 295 3763 363 1392

2206 506 2532 555 contexatur
2568 498 2832 568 praeclara
2867 504 2921 551 et
2959 496 3121 551 valde
3145 495 3381 566 optanda
3408 495 3667 554 Ecclesiae
3692 508 3765 555 tu-

2208 580 2352 654 nica,
2382 578 2553 660 quain.
2592 587 2757 642 scidit
2801 586 2971 658 pestis
3001 587 3244 642 haeresis.
3284 586 3443 643 Nunc
3482 591 3765 659 appmpin-

2208 688 2341 751 quat
2362 680 2488 750 dies,
2513 678 2742 749 insignis
2770 686 2824 732 et
2855 677 3135 740 salutaris.
3166 677 3218 731 in
3241 692 3353 748 quo
3382 678 3637 735 Christus
3661 697 3767 739 ces-

2210 784 2334 825 sare
2380 769 2584 825 faciens
2626 768 2906 824 fremitum
2949 768 3157 824 erroris
3195 768 3640 837 simulacrorum,
3688 788 3768 826 an-

2210 860 2330 914 nuit
2367 860 2606 931 copiosis
2659 859 2777 915 suis
2830 858 3300 927 miserationibus,
3352 870 3413 916 ut
3454 861 3580 931 ejus
3620 878 3768 920 vene-

2210 952 2382 1007 randa
2416 952 2720 1023 erigeretur
2757 959 2961 1016 statua,
2987 952 3133 1022 quod
3184 953 3382 1008 attinet
3429 954 3498 1007 ad
3528 953 3768 1009 humani-

2213 1050 2399 1098 tatem.
2432 1041 2733 1098 Transiens
2760 1057 2893 1112 ergo
2929 1043 2998 1098 ad
3029 1052 3242 1113 septum
3287 1044 3613 1109 sacerdotii,
3655 1061 3766 1101 cum

2210 1136 2480 1192 adversus
2516 1135 2766 1190 haeresim
2801 1134 3190 1198 decertaveris,
3222 1149 3357 1190 cane
3382 1135 3629 1190 victorias
3655 1151 3769 1190 can-

2214 1227 2381 1283 ticum
2413 1226 2673 1282 adversus
2720 1225 2995 1281 inimicos.
3041 1227 3087 1288 Α
3123 1225 3234 1282 Deo
3277 1227 3564 1296 prtemium
3604 1236 3657 1283 et
3685 1241 3768 1284 co-

2212 1333 2405 1374 ronam
2433 1326 2776 1388 accepturus,
2807 1318 3084 1389 egredere.
3166 1346 3171 1350 ι

2282 1409 2336 1465 9.
2379 1410 2640 1465 'l‘arasius
2693 1420 2873 1465 autem
2922 1410 3266 1479 imperatoris
3298 1410 3633 1467 allocutione
3679 1409 3771 1466 ob-

2214 1500 2577 1573 stupefactus,
2610 1510 2664 1556 et
2693 1509 2952 1571 tanquam
2988 1515 3020 1556 a
3057 1501 3271 1557 cmlesti
3301 1501 3493 1571 aliquo
3537 1516 3672 1557 sono
3698 1511 3772 1555 at-

2216 1592 2447 1658 tonitus,
2487 1591 2768 1662 respondit
2799 1592 2852 1646 in
2885 1592 3027 1647 hanc
3074 1591 3404 1647 sententiam
3436 1592 3508 1647 ad
3550 1606 3635 1657 ea,
3664 1606 3774 1662 qua

2214 1682 2360 1737 dicta
2399 1680 2618 1736 fuerant
2643 1699 2657 1736 :
2682 1680 3092 1752 Tempestatem.
3107 1681 3351 1753 quidem,
3376 1698 3503 1752 qua:
3541 1683 3596 1736 in
3626 1683 3773 1737 fidem

544 1784 610 1825 80
637 1776 915 1837 acceptam
953 1776 1182 1831 Vestem,
1234 1773 1292 1819 υῑ
1350 1766 1416 1819 ad
1461 1764 1793 1835 arguentium
1827 1764 2117 1819 νθὶιθιηθιι-
2147 1756 2189 1811 Β
2216 1780 2271 1827 et
2293 1772 2610 1847 universum
2642 1786 2935 1827 commune
2955 1771 3305 1829 vehementer
3328 1772 3513 1838 irruit,
3542 1780 3597 1826 et
3618 1786 3778 1841 usque

546 1860 813 1915 tissimam
843 1868 898 1912 et
947 1856 1351 1921 acutissimam,
1405 1866 1715 1926 suspectam
1767 1855 1974 1909 habens
2025 1867 2113 1908 se-

546 1952 764 2017 curim,
810 1948 1032 2004 nolebat
1080 1947 1334 2003 assentiri
1391 1946 1772 2002 communibus
1817 1945 2110 2013 suffragiis,

547 2058 655 2099 non
688 2041 878 2097 volens
905 2039 977 2095 ab
1031 2039 1254 2109 antiqua
1293 2054 1389 2094 sua
1439 2038 1763 2109 resipiscere
1790 2038 2059 2094 sententia
2097 2054 2111 2092 ;

548 2141 603 2189 et
627 2134 863 2188 malebat
896 2131 1100 2199 involvi
1131 2144 1291 2185 emno
1330 2130 1446 2185 limi
1496 2131 1785 2193 haereseos.
1818 2145 1981 2200 quam
2017 2145 2111 2200 po.

550 2224 654 2279 tari
683 2224 898 2278 vivifico
919 2221 1128 2276 fluento
1154 2220 1277 2292 puri
1317 2226 1373 2275 et
1418 2220 1796 2291 imperturbati
1826 2219 1991 2276 fontis
2016 2221 2115 2276 do-

547 2315 739 2370 ctrina:
758 2312 998 2368 Tarasii.
1049 2312 1152 2367 Sed
1188 2312 1319 2367 vicit
1355 2311 1431 2378 id,
1462 2312 1606 2382 quod
1629 2312 1836 2381 justum
1869 2322 1984 2366 erat
2017 2330 2030 2366 :
2062 2318 2116 2367 et

554 2405 852 2459 admissum
888 2411 992 2469 est,
1038 2402 1181 2473 quod
1216 2417 1316 2473 pro
1362 2403 1561 2472 pietate
1597 2400 1891 2468 ferebatur,
1925 2403 2139 2471 dcere:

549 2508 687 2552 tum.
712 2482 913 2550 Jubent
952 2494 1137 2563 itaque
1178 2493 1536 2563 imperatores
1563 2494 1746 2547 statim
1777 2508 1958 2548 coram
1996 2494 2114 2548 sisti

549 2586 863 2650 Tarasium,
896 2592 977 2646 ut,
1020 2598 1143 2654 quae
1172 2581 1285 2637 Deo
1311 2581 1638 2637 videbantur
1681 2591 1736 2637 et
1766 2582 1976 2653 legibus
2023 2597 2117 2637 ec-

549 2674 895 2740 clesiasticis,
925 2672 1047 2743 jura
1087 2671 1143 2727 in
1188 2686 1257 2728 eo
1299 2672 1707 2728 confirmarent.
1740 2671 1837 2726 llle
1868 2688 1994 2727 vero
2024 2673 2119 2725 ad-

550 2774 668 2821 erat
696 2781 820 2822 cum
851 2766 940 2836 pia
971 2775 1025 2820 et
1058 2765 1292 2821 honesta
1328 2764 1528 2834 specie.
1563 2772 1621 2820 et
1646 2778 1786 2835 quas
1814 2778 1845 2818 a
1879 2763 1993 2817 Duo
2019 2764 2119 2816 ha-

554 2857 733 2923 bebat,
766 2856 957 2926 gratiis
983 2854 1359 2911 circumdatus
1389 2876 1401 2911 :
1431 2855 1575 2925 apud
1604 2869 1764 2924 quem
1793 2852 2035 2908 honestis
2066 2860 2119 2905 et

550 2949 781 3019 egregiis
807 2956 1030 3017 agentes
1060 2947 1435 3011 sermonibus,
1467 2958 1522 3002 et
1555 2955 1812 3017 tanquam
1853 2946 1964 3015 jam
1992 2960 2115 2999 cum

2214 1863 2283 1919 ad
2312 1863 2664 1919 fundamenta
2688 1861 2990 1919 Ecclesiam
3020 1862 3344 1933 periculosis
3367 1864 3594 1934 agitavit
3622 1862 3778 1918 ﬂucti-

2212 1954 2341 2021 bus,
2373 1962 2430 2009 et
2458 1954 2657 2009 animae
2683 1951 3031 2025 naufragium
3062 1953 3250 2009 multis
3273 1954 3618 2020 conciliavit,
3643 1955 3775 2009 nulla

2212 2052 2299 2099 est
2340 2045 2515 2109 auris,
2548 2060 2673 2114 qua:
2715 2058 2825 2101 non
2873 2044 3166 2115 acceperit,
3199 2046 3417 2100 etiamsi
3451 2047 3616 2115 pauci
3652 2045 3770 2100 edu-

2215 2136 2396 2206 gerint
2418 2136 2525 2190 vim
2550 2135 2820 2204 procellas.
2850 2133 3008 2191 Hune
3029 2151 3159 2191 vero
3190 2136 3380 2193 sedare
3411 2139 3701 2203 turbinem,
3727 2149 3777 2195 et

2215 2229 2497 2275 nocturnm
2523 2236 2719 2291 pugna:
2738 2221 2867 2276 luna
2895 2237 3004 2277 non
3030 2222 3247 2279 lucente
3277 2225 3418 2281 hanc
3443 2240 3644 2295 pacare
3662 2244 3774 2295 pro-

2215 2309 2430 2377 cellam,
2482 2311 2659 2377 majus
2690 2319 2796 2377 est,
2853 2327 3021 2382 quam
3071 2322 3133 2368 ut
3166 2313 3300 2369 ulla
3324 2316 3467 2369 vires
3509 2316 3560 2370 id
3591 2326 3778 2385 queant

2218 2410 2500 2471 praestare.
2524 2400 2659 2467 Quis
2678 2402 2847 2467 enim,
2878 2419 3000 2474 qum
3021 2412 3129 2460 tam
3156 2403 3362 2460 nefarie
3385 2406 3639 2472 invaluit,
3662 2424 3779 2464 cou-

2217 2493 2589 2561 suetudinem,
2644 2501 2698 2549 et
2745 2504 2958 2551 natura:
3005 2495 3115 2550 vim
3162 2496 3389 2566 accepit,
3435 2510 3495 2552 et
3527 2499 3774 2553 mundum

2215 2585 2610 2655 propemodum
2642 2584 3003 2656 jurejurando
3030 2587 3210 2658 adegit
3245 2590 3514 2645 adversus
3552 2589 3775 2645 divinam

2217 2682 2562 2741 potestatem,
2592 2676 2943 2742 converterit,
2981 2685 3037 2731 et
3061 2674 3253 2731 fecerit
3287 2677 3503 2734 discere
3539 2680 3678 2750 quod
3705 2690 3779 2736 est

2216 2763 2455 2835 melius,
2483 2764 2590 2819 nisi
2639 2765 2780 2822 Deus
2822 2767 3095 2836 aspexerit
3128 2775 3184 2821 et
3219 2766 3528 2823 defenderit
3559 2781 3781 2827 vestram

2219 2852 2460 2909 divinam
2503 2858 2868 2923 potestatem?
2909 2855 3178 2921 Ecclesia,
3221 2873 3343 2927 quae
3388 2857 3683 2927 impietatis
3709 2870 3780 2930 ty-

2219 2942 2448 2998 rannide
2493 2944 2624 3000 olim
2658 2944 2763 3002 fuit
2794 2956 2960 3004 exuta
2988 2947 3193 3003 veteris
3233 2947 3448 3004 decoris
3498 2949 3780 3019 pulchritu-

550 3039 735 3106 Patre,
760 3039 827 3094 de
851 3052 916 3093 eo
946 3039 1090 3108 quod
1121 3048 1240 3093 erat
1271 3046 1461 3109 postea
1492 3037 1961 3103 constituendum,
1981 3052 2117 3111 gou-
2147 3072 2190 3129 ο
2222 3034 2366 3101 dine,
2408 3037 2708 3110 laeerisque
2749 3040 2948 3109 pannis
2990 3039 3083 3095 diu
3134 3054 3258 3096 esse
3307 3041 3503 3097 induta
3534 3042 3780 3097 sustinuit

550 3133 735 3189 silium
767 3130 1045 3198 ineuntes,
1076 3131 1163 3186 usi
1194 3139 1327 3186 sunt
1348 3131 1530 3186 verbis
1559 3130 1827 3201 ejusmodi
1868 3145 1880 3182 :

623 3223 678 3280 8.
700 3221 821 3279 Non
861 3231 1120 3295 putamus
1164 3221 1337 3277 latere
1376 3230 1525 3276 tuam
1574 3222 1944 3293 prudentiam,
1977 3223 2123 3293 quod

544 3297 846 3381 praeteritis
899 3310 1238 3381 temporibus
1286 3309 1589 3366 Ecclesiam
1659 3310 1859 3389 invasit
1919 3312 2125 3383 vertigo

556 3404 824 3459 haeretica:
846 3398 1117 3473 caliginis,
1147 3416 1268 3471 qua:
1290 3401 1464 3456 nihilo
1492 3401 1829 3457 tolerabilius
1849 3416 1969 3456 eam
1998 3416 2128 3472 Ope-

556 3494 687 3561 ruit,
744 3509 907 3565 quam
943 3508 1083 3548 nova
1130 3494 1288 3565 plaga
1327 3492 1669 3565 Egyptiaca,
1732 3494 1991 3560 tenebrae,
2045 3494 2129 3546 in-

555 3601 744 3658 quam,
799 3586 1118 3658 palpabilcs,
1173 3595 1229 3641 et
1278 3601 1453 3656 usque
1482 3588 1537 3641 in
1595 3586 1920 3641 hodiernum
1980 3572 2126 3638 diem

554 3677 737 3732 cancri
770 3691 924 3732 more
958 3676 1133 3746 serpit
1164 3692 1262 3747 per
1292 3692 1509 3747 gregem
1539 3692 1554 3728 :
1587 3682 1639 3731 et
1684 3691 1777 3746 per
1811 3676 2126 3730 universum

555 3765 671 3822 fere
704 3766 970 3821 mundum
1020 3766 1075 3820 in
1121 3768 1360 3821 animam
1390 3764 1691 3822 commovit
1729 3774 2123 3838 tempestatem.

557 3855 689 3922 Sed,
727 3857 993 3926 quoniam
1023 3855 1168 3913 Deus
1200 3857 1463 3913 ineffabili
1509 3866 1646 3912 nutu
1683 3874 1801 3913 eam
1849 3858 2126 3929 produxit,

556 3948 677 4018 ejus
699 3948 978 4013 ductores,
1015 3948 1109 4017 qui
1150 3962 1261 4002 non
1296 3949 1445 4019 juSIe
1484 3948 1692 4019 justum
1724 3950 1980 4019 persequi
2021 3959 2129 4005 sta-

558 4045 795 4102 tuerant,
820 4038 970 4108 justo
992 4037 1202 4108 judicio
1247 4039 1316 4092 ab
1362 4038 1594 4108 imperio
1620 4038 1821 4092 exemit
1849 4048 1903 4092 et
1933 4053 1962 4091 a
1992 4037 2125 4105 vita,

555 4141 612 4183 et
636 4138 894 4205 tanquam
927 4128 1234 4199 lampadem
1260 4130 1643 4199 praelucentem
1670 4135 1910 4205 nostram
1936 4115 2129 4183 accen-

558 4219 639 4273 dit
667 4201 992 4288 petentiam.
1038 4227 1098 4272 ut
1147 4219 1301 4271 malae
1346 4217 1621 4286 opinionis
1660 4201 1946 4286 abiga'mus
1982 4225 2129 4271 tene-

560 4310 707 4373 bras,
740 4316 795 4362 et
825 4307 1095 4363 faciamus
1136 4309 1339 4362 exoriri
1383 4309 1557 4362 solem
1603 4307 1968 4374 cognitionis;
2004 4321 2130 4361 ecce

2225 3137 2443 3196 propter
2469 3129 2648 3199 putria
2679 3136 2733 3183 et
2761 3129 3029 3186 imbecilla
3067 3130 3323 3203 dogmata
3359 3132 3611 3198 haeresis,
3645 3146 3779 3187 nunc

2226 3233 2255 3273 a
2283 3217 2394 3273 Deo
2429 3219 2582 3274 vobis
2604 3228 2829 3287 ornetur
2855 3220 2964 3292 piis
2993 3220 3369 3276 varietatibus.
3407 3221 3512 3277 Per
3538 3238 3632 3278 vos
3659 3235 3780 3291 ergo

2227 3319 2554 3363 renoventur
2589 3310 2840 3364 mandata
2867 3312 3261 3380 apostolorum,
3290 3326 3386 3381 per
3427 3327 3556 3384 qua:
3580 3308 3781 3367 refulsit

2227 3399 2483 3469 splendor
2511 3414 2651 3454 verte
2694 3398 2841 3455 fidei.
2893 3400 3183 3471 Respirent
3232 3416 3513 3457 sacrarum
3557 3403 3779 3472 synodo-

2226 3508 2347 3547 rum
2379 3508 2516 3563 pura
2554 3493 2793 3557 decreta,
2817 3508 2939 3563 qua:
2976 3493 3312 3564 evangelicis
3359 3502 3649 3548 servantur
3680 3502 3780 3548 tra-

2227 3584 2696 3647 ditionibus,‘nec
2740 3585 3019 3639 sustinent
3071 3584 3124 3638 in
3176 3597 3439 3640 aeternum
3478 3585 3779 3640 ullomodo

2228 3687 2389 3742 posse
2441 3673 2662 3742 surripi.
2720 3673 3050 3743 Aperiantur
3108 3674 3376 3728 vestibula
3436 3683 3777 3743 paternorum

2227 3764 2568 3834 dogmatum,
2602 3772 2656 3817 et
2683 3763 2889 3818 Christi
2921 3763 3191 3834 pecudum
3223 3765 3277 3818 in
3300 3763 3382 3820 eis
3409 3780 3600 3835 greges
3624 3775 3781 3819 trans-

2228 3865 2375 3921 eant,
2410 3864 2479 3911 ,et
2509 3864 2766 3926 tanquam
2798 3870 2861 3911 ex
2920 3854 3105 3911 divino
3141 3855 3393 3926 paradiso
3431 3842 3780 3911 confiteantur

2228 3944 2532 4000 doctrinam
2567 3954 2729 3999 rectm
2753 3943 3138 4000 confessionis.
3166 3946 3267 4002 Per
3303 3944 3654 4016 Caiphaicum
3680 3946 3779 4016 (15)

2228 4038 2372 4091 enim
2405 4038 2695 4092 concilium
2729 4036 2873 4091 facta
2901 4046 2986 4092 est
3018 4038 3231 4092 abortio
3260 4036 3407 4092 fetus
3426 4038 3663 4092 haeresis.
3689 4040 3780 4092 Per

2228 4128 2623 4183 meumcnicam
2676 4129 2942 4199 synodum
2991 4139 3289 4183 nascantur
3322 4129 3417 4198 filii
3446 4128 3713 4189 Ecclesiae.
3733 4138 3781 4182 et

2229 4217 2297 4272 ad
2321 4232 2631 4271 mensuram
2664 4220 2839 4272 aetatis
2864 4217 3066 4273 Christi
3092 4218 3486 4273 incrementum
3503 4219 3777 4288 accipiant.

2228 4306 2364 4362 Nam
2386 4309 2431 4364 si
2462 4311 2565 4364 hoc
2596 4312 2797 4363 factum
2825 4308 3011 4376 fuerit,
3036 4318 3090 4364 et
3119 4311 3342 4380 antiqua
3369 4324 3432 4364 ac
3460 4311 3632 4379 prima
3656 4309 3778 4361 ami-

560 4408 614 4453 te
642 4412 935 4454 evocemus
981 4397 1326 4453 defensorem
1378 4405 1433 4451 ct
1458 4405 1935 4466 propugnatorem,
1973 4400 2027 4451 et
2056 4397 2123 4451 ad
2153 4400 2203 4457 ι)
2226 4405 2348 4452 ctus
2386 4382 2651 4468 dignitate
2702 4396 2868 4452 fuerit
2912 4397 3188 4461 decorata,
3242 4407 3297 4452 et
3346 4412 3487 4471 verte
3526 4396 3777 4468 opinionis

563 4493 665 4545 hoc
692 4485 968 4545 certamen
998 4487 1325 4558 adjutorem,
1357 4495 1414 4542 ut
1437 4486 1527 4555 qui
1558 4488 1799 4541 sciamus
1821 4494 1876 4542 te
1904 4486 2129 4553 pulchre

562 4594 722 4650 posse
753 4580 959 4633 armari
1010 4580 1077 4633 ad
1134 4587 1337 4632 ret-tam
1391 4576 1644 4631 tuendam
1679 4576 2031 4639 sententiam,
2075 4584 2131 4630 et

561 4683 765 4727 structa
794 4687 858 4726 ex
894 4672 1159 4726 divinitus
1194 4670 1476 4740 inspiratis
1510 4669 1812 4740 Scripturis
1857 4670 1994 4731 acie,
2029 4683 2129 4737 pro

559 4782 626 4821 ea
660 4765 951 4837 conﬂigere
981 4776 1035 4819 et
1086 4772 1137 4819 te
1188 4763 1443 4833 praeclare
1474 4777 1678 4833 gerere.
1709 4760 1785 4815 Ne
1818 4775 1949 4830 ergo
1980 4771 2128 4831 terga

561 4867 743 4911 vertas
774 4856 844 4910 ob
882 4871 970 4921 ea,
1016 4871 1137 4925 quae
1169 4856 1254 4924 pie
1312 4870 1344 4907 a
1380 4853 1538 4908 nobis
1581 4860 1978 4933 proponuntur,
2033 4851 2127 4920 qui

562 4948 862 5003 mundanis
887 4948 1081 5016 opibus
1109 4956 1163 5000 et
1191 4946 1363 5016 copiis
1385 4943 1668 4999 studemus
1709 4936 1997 5011 procurare
2034 4957 2130 5012 pa-

562 5042 644 5093 cis
687 5032 1027 5093 utilitatem:
1074 5038 1207 5106 quin
1255 5038 1417 5090 etiam
1486 5034 1712 5103 pedibus
1766 5042 1820 5087 et
1874 5033 2127 5087 manibus

560 5144 720 5200 opem
754 5130 916 5194 ferre,
951 5139 1005 5183 ct
1036 5143 1255 5182 omnem
1304 5139 1523 5178 movere
1556 5124 1807 5193 lapidem,
1840 5134 1900 5178 ut
1927 5124 2127 5179 dicitur

561 5222 616 5275 in
647 5221 980 5285 Proverbiis,
1010 5231 1069 5273 ut
1100 5216 1407 5270 inveniatur
1437 5215 1582 5283 quod
1626 5214 1909 5282 quaeritur,
1938 5223 1993 5269 et
2034 5228 2129 5281 ap-

637 5396 747 5465 (15)
790 5392 913 5465 Ηξιξο
945 5400 1028 5445 est
1074 5387 2029 5465 pseudosyuodus“Constantinopoli
2075 5393 2128 5446 in

565 5460 772 5535 palatio
814 5464 1010 5515 literne
1044 5463 1112 5512 ab
1157 5460 2131 5535 itnperatore__(.‘.on_sta_ntino_t20pro-

572 5528 734 5606 iiymo
763 5540 1117 5606 congregata,
1150 5542 1296 5581 nimo
1325 5528 1531 5594 imperii
1589 5531 1677 5606 i.‘5_,
1725 5528 2036 5606 lmlicliOne
2072 5532 2125 5594 7,

573 5597 774 5658 Clu-isti
818 5597 940 5663 751,
973 5597 1286 5667 'hahitaque
1314 5612 1343 5648 ιι
1374 5610 1571 5665 quarto
1617 5600 1722 5654 dus
1780 5597 2126 5663 Februarias,

568 5674 634 5727 ad
682 5681 891 5726 sextum
932 5669 1054 5723 ldus
1102 5669 1414 5737 Augustas:
1457 5668 1604 5725 nulla
1653 5679 1916 5737 praesente
1947 5684 2009 5723 ex
2036 5684 2129 5724 ca-

2230 4489 2356 4559 pius
2382 4489 2700 4560 dogmatum
2731 4487 2952 4543 Lucifer
2978 4497 3163 4545 vestro
3195 4490 3374 4544 studio
3404 4504 3524 4544 eam
3560 4488 3777 4542 illustra-

2231 4582 2388 4644 verit,
2443 4580 2901 4635 habebitomues
2950 4579 3134 4636 fideles
3187 4582 3242 4635 in
3290 4581 3476 4635 eadem
3531 4577 3776 4635 se..tentia

2230 4669 2632 4737 convenientes,
2675 4678 2729 4723 et
2759 4685 2891 4741 suas
2933 4670 3143 4724 animas
3192 4670 3600 4743 profundentes.
3639 4679 3693 4723 ut
3721 4683 3773 4719 ra

2230 4746 2496 4818 stabiliter
2555 4761 2801 4827 fundata,
2853 4772 3206 4818 conservetur
3255 4779 3420 4834 supra
3459 4766 3665 4835 firmam
3695 4772 3775 4827 pc-

2230 4865 2370 4909 tram
2403 4854 2545 4910 fidei.

2302 4947 2392 5001 l0.
2443 4946 2579 5001 Cum
2622 4947 2738 5003 haec
2788 4962 2969 5002 coram
3022 4945 3351 5015 imperatore
3396 4945 3589 4999 animm
3639 4938 3773 4994 utilia

2231 5038 2562 5093 declarasset
2591 5040 2866 5107 mysteria,
2903 5039 3018 5105 ipse
3046 5052 3170 5091 eum
3207 5046 3382 5106 rogat,
3426 5044 3485 5089 ut
3507 5050 3626 5090 eum
3655 5044 3773 5101 quo-

2231 5144 2339 5199 que
2383 5129 2450 5183 de
2491 5131 2577 5183 his
2620 5130 2979 5183 disserentem
3035 5128 3220 5181 audiat
3274 5127 3580 5181 communis
3618 5132 3772 5177 utrius

2232 5221 2436 5290 populi.
2475 5218 2610 5274 Nam
2662 5222 2765 5293 hoc
2812 5230 2993 5305 caput.
3020 5230 3179 5273 recta:
3225 5217 3361 5273 fidei‘
3388 5218 3588 5272 ferebat
3636 5212 3770 5267 turha

2233 5400 2452 5454 tholicis
2506 5401 2750 5461 sedibus,
2807 5400 3051 5454 Romana
3116 5400 3359 5463 scilicet,
3421 5394 3775 5451 Antiochena,

2231 5470 2620 5541 Alexandrina,
2646 5470 3139 5541 Hierosolymitana
3159 5487 3187 5541 _:
3224 5469 3276 5522 in
3308 5468 3579 5541 eac_ultus
3603 5474 3771 5541 sacra-

2231 5554 2351 5607 rum
2383 5540 2680 5607 imaginum
2710 5533 3000 5594 damnatus
3023 5550 3124 5594 est.
3159 5538 3391 5607 Legendi
3419 5533 3767 5603 Theophanes:

2232 5606 2569 5678 Nicephorus
2600 5612 2653 5663 in
2683 5607 2955 5663 Breviario
2994 5606 3251 5672 historiw,
3294 5608 3509 5677 aliique.
