4090 6286
361 356 497 421 1393

359 566 669 622 adorandas
694 567 1038 625 venerandos
1068 568 1358 640 imagines.
1394 569 1539 626 Nutu
1586 586 1717 642 ergo
1746 570 1934 626 Eccle-

360 656 456 715 siae
482 657 589 713 hoc
616 657 796 714 facere
824 659 1106 726 incitatus,
1133 650 1480 718 cumfuisset
1505 663 1558 718 in
1583 663 1788 735 inclyto
1827 663 1935 720 Ma-
2030 700 2035 705 -

359 760 583 819 gnaurae
610 746 723 820 (16)
749 749 976 818 palatio,
1002 751 1257 807 universa
1296 753 1607 810 conﬂuente
1633 754 1852 811 civitate
1879 763 1934 812 et

359 837 683 894 sacerdotali
722 840 1096 907 multitudine,
1129 858 1191 897 se
1236 843 1459 913 quidem
1499 845 1800 905 excusavit.
1834 861 1933 901 va-

356 927 484 984 lidis
527 930 913 988 demonstrans
960 933 1290 998 rationibus,
1338 934 1514 1005 qualis
1555 944 1702 991 esset
1747 950 1934 991 sacer-

354 1018 488 1076 dotii
522 1018 796 1090 professio
826 1030 881 1078 et
912 1022 1169 1093 dignitas,
1210 1032 1266 1080 et
1299 1025 1366 1079 ad
1399 1027 1932 1110 quantanLaltitudi—

354 1123 480 1165 nem
508 1120 563 1166 et
597 1112 1029 1182 magnitudinem
1061 1114 1269 1170 evehat
1285 1130 1436 1184 eum,
1472 1118 1565 1188 qui
1593 1118 1709 1173 vult
1738 1118 1807 1174 ad
1828 1119 1934 1185 hoc

353 1201 652 1273 procedere
688 1222 702 1258 :
735 1218 903 1274 seque
935 1220 1045 1260 non
1073 1220 1196 1262 esse
1238 1204 1498 1263 idoneum
1544 1210 1611 1264 ad
1658 1210 1708 1264 id
1753 1211 1933 1267 susci-

355 1293 640 1363 piendum,
703 1303 763 1349 ut
813 1296 909 1366 qui
963 1296 1077 1366 jam
1124 1297 1252 1354 olim
1304 1297 1471 1354 fuerit
1519 1300 1834 1371 implicatus
1878 1303 1931 1357 in

358 1386 549 1439 mundi
579 1386 967 1458 dignitatibus,
1004 1396 1060 1444 et
1082 1388 1137 1444 in
1169 1389 1335 1460 hujus
1358 1391 1482 1447 vita:
1508 1392 1683 1449 turbis
1704 1401 1758 1448 et
1785 1393 1936 1449 solli-

357 1476 697 1533 citudinibus
726 1479 1024 1549 plurimum
1056 1480 1359 1547 involutus,
1391 1489 1447 1537 et
1468 1483 1758 1555 mysticum
1788 1485 1935 1541 hunc

355 1577 558 1625 statum
593 1571 838 1626 nondum
865 1573 1185 1643 gustaverit.
1222 1572 1361 1629 Eum
1387 1574 1554 1639 enim,
1582 1577 1675 1646 qui
1704 1577 1768 1631 ad
1795 1578 1936 1634 hanc

355 1660 702 1717 vocationem
738 1671 793 1717 et
841 1663 990 1719 hunc
1019 1665 1250 1734 gradum
1299 1674 1576 1737 properat,
1635 1667 1823 1735 illotis,
1874 1676 1936 1725 ut

359 1749 581 1814 dicitur,
636 1751 894 1808 manibus
941 1752 1051 1808 cito
1100 1754 1166 1807 ad
1201 1754 1255 1808 id
1301 1754 1531 1823 insilire,
1571 1769 1626 1814 et
1665 1774 1787 1829 quae
1825 1775 1933 1816 non

358 1842 505 1912 tangi
544 1853 795 1913 possunt,
847 1854 1070 1915 tangere
1115 1861 1224 1902 non
1270 1856 1562 1904 estrtutum
1599 1870 1613 1906 :
1653 1852 1748 1908 sed
1782 1867 1929 1919 eum,

353 1933 450 2002 qui
489 1943 573 1989 est
605 1933 875 1991 educatus
904 1936 959 1991 in
996 1938 1088 2005 iis,
1124 1952 1246 2009 qua
1273 1939 1340 1993 ad
1370 1939 1478 1995 hoc
1511 1939 1934 2012 ferunt,justill-

352 2024 702 2091 cationibus,
742 2035 796 2081 et
829 2028 1072 2084 directus
1118 2029 1450 2100 evangelicis
1504 2040 1557 2086 et
1591 2036 1929 2104 apostolicis,

355 2124 416 2170 ut
466 2131 565 2185 par
617 2126 720 2185 est,
781 2119 1013 2177 viviticis
1065 2121 1351 2188 doctrinis,
1406 2124 1473 2179 ad
1508 2122 1931 2182 discernendum

353 2207 498 2261 viam
526 2218 730 2265 rectam
764 2221 818 2267 ct
845 2212 1126 2269 incurvam
1162 2231 1176 2269 :
1215 2224 1276 2270 ut
1308 2216 1400 2271 illa
1430 2215 1653 2289 quidem
1680 2233 1934 2290 pa5tora-

352 2298 475 2354 liter
501 2300 736 2367 deducat
783 2304 849 2359 ad
892 2306 1162 2375 meliora;
1202 2309 1345 2365 hanc
1386 2318 1567 2365 autem
1604 2311 1840 2368 declinet
1880 2322 1935 2370 et

351 2391 504 2455 viset,
560 2395 954 2451 convenienter
995 2398 1197 2456 divinae
1256 2400 1636 2470 admonitioni,
1698 2417 1756 2460 ιιι
1813 2422 1935 2476 qua:

350 2485 545 2553 procul
601 2484 740 2549 ferat
776 2503 807 2543 a
862 2489 972 2545 Deo
1018 2499 1072 2546 et
1115 2493 1236 2562 ejus
1287 2494 1791 2552 constitutionibus.
1839 2497 1933 2554 His

350 2572 575 2644 fretum,
614 2578 825 2634 traduci
858 2590 1073 2651 oportet
1121 2585 1187 2639 ad
1229 2586 1679 2657 magnitudinem.
1726 2588 1809 2645 Me
1837 2605 1936 2645 au;

352 2676 482 2734 tem,
540 2681 602 2727 ut
641 2674 747 2729 scit
792 2673 966 2743 Deus,
1008 2679 1075 2733 ad
1124 2681 1229 2735 hoc
1280 2682 1688 2753 suscipiendum
1744 2700 1936 2740 mona-

351 2763 579 2818 sterium
611 2765 842 2823 invitum
870 2781 1170 2841 coegerunt
1219 2773 1600 2844 imperatores,
1651 2776 1776 2832 cum
1827 2779 1933 2834 hoc

352 2855 488 2909 mihi
525 2872 804 2928 nunquam
846 2862 1088 2918 venisset
1120 2863 1174 2918 in
1209 2873 1470 2932 mentem,
1520 2883 1700 2938 neque
1730 2869 1798 2924 de
1832 2870 1935 2927 hac

353 2960 590 3016 unquam
623 2951 865 3007 rectione
880 2954 1230 3025 cogitassem.
1253 2954 1539 3028 Tanquam
1589 2959 1763 3014 electo
1804 2975 1934 3030 ergo

351 3035 447 3091 Dei
493 3040 697 3110 pepulo
741 3051 794 3097 et
832 3044 983 3115 gregi
1024 3061 1198 3101 meam
1248 3048 1601 3105 communico
1643 3051 1933 3106 conscien-

1894 367 2094 429 VITA.

359 473 634 539 militaris,
662 482 723 529 ut
749 473 840 531 cui
883 488 991 531 non
1019 474 1298 533 videretur
1339 490 1461 534 esse
1489 477 1851 536 admittendos
1881 487 1936 534 et
1964 483 2011 537 Λ

2646 474 2875 531 CAPUT
2919 475 3004 528 IV.

2037 585 2220 643 Sancti
2258 586 2471 643 Tarasii
2494 590 2807 643 exercitatio
2831 589 3088 658 virtutum
3119 602 3245 658 erga
3278 601 3351 653 se,
3385 585 3608 652 clerum,

2508 674 2789 729 pauperes,
2830 656 3141 714 monachos.

2106 748 2192 804 l2.
2213 747 2620 805 Continentiam
2641 750 2787 805 enim
2821 760 3082 820 tanquam
3115 748 3397 804 Encratete
3430 747 3608 816 filius,
3645 820 3657 829 Ι

2034 845 2089 894 et
2117 840 2213 909 qui
2252 855 2372 895 eam
2420 841 2535 910 jam
2569 841 2776 912 pridem
2813 841 3029 896 abunde
3059 849 3404 906 exercuerat,
3433 855 3611 910 usque

2034 933 2172 988 adeo
2201 930 2307 989 sibi
2344 935 2558 1005 paravit
2583 950 2649 990 ex
2675 950 2763 1002 eo,
2795 936 2941 1005 quod
2986 943 3131 990 esset
3161 935 3349 1004 paucis
3388 945 3613 991 conten-

2038 1033 2147 1090 tus,
2200 1036 2261 1081 ut
2300 1033 2449 1083 esset
2501 1027 2623 1097 ejus
2672 1028 2849 1083 victus
2901 1042 2930 1082 a
2985 1028 3151 1082 rebus
3191 1026 3613 1098 supervacaneis

2036 1116 2262 1171 omnino
2300 1114 2536 1181 alienus,
2582 1125 2773 1183 etnon
2808 1116 3093 1173 luxurians
3135 1132 3310 1188 usque
3350 1118 3417 1173 ad
3448 1117 3613 1172 satie-

2039 1215 2224 1261 tatem.
2260 1205 2400 1264 Vitae
2441 1218 2624 1263 autem
2665 1224 2779 1265 suae
2806 1209 3049 1274 habenas
3085 1208 3160 1264 ita
3195 1208 3606 1274 moderabatur,

2037 1307 2091 1354 ct
2120 1299 2287 1353 animi
2319 1300 2793 1370 perturbationum
2826 1301 3093 1356 tumultus
3140 1300 3214 1357 ita
3253 1301 3610 1372 reprimebat,

2037 1398 2095 1446 ut
2125 1400 2271 1447 esset
2306 1391 2565 1448 omnibus
2615 1392 3022 1449 divinissimum
3055 1393 3333 1464 exemplar
3364 1392 3613 1464 proposi-

2036 1490 2176 1548 tum,
2224 1482 2312 1537 cui
2355 1498 2637 1554 nunquam
2689 1483 3006 1554 persuaderi
3041 1493 3275 1554 poterat,
3325 1493 3399 1557 ut.
3427 1497 3611 1538 move-

2037 1578 2195 1625 retur
2221 1569 2287 1626 ad
2323 1574 2619 1642 appetitum
2647 1573 2961 1644 voluptatis.
3004 1573 3140 1628 Cum
3174 1583 3352 1629 autem
3383 1572 3448 1629 ad
3475 1572 3614 1628 divi-

2038 1676 2233 1717 narum
2261 1661 2671 1734 Scripturarum
2698 1664 3106 1721 meditationem
3126 1667 3230 1722 sibi
3254 1666 3611 1723 domeSticam

2039 1752 2325 1818 aseiyisset
2350 1752 2617 1824 vigiliam,
2656 1768 2910 1808 somnum
2946 1763 3005 1807 nt
3035 1753 3280 1808 membra
3315 1753 3532 1809 solvens
3559 1763 3615 1809 et

2037 1842 2229 1899 inutile
2267 1843 2602 1899 amandahat
2644 1845 2983 1914 mancipium
3018 1852 3115 1899 :ct
3163 1858 3288 1898 cum
3336 1859 3469 1899 usus
3502 1844 3616 1917 exi-

2036 1941 2213 2004 geret,
2265 1936 2460 1989 rur‘sus
2501 1934 2984 2005 jubebatadesse.
3030 1934 3165 2001 Quis
3190 1935 3337 1989 enim
3381 1950 3506 1990 eum
3558 1936 3613 1988 in

2036 2025 2180 2081 lecto
2207 2026 2639 2092 recumbentem,
2673 2036 2769 2082 aut
2804 2027 3058 2082 mollibus
3085 2028 3347 2100 stragulis
3374 2042 3613 2098 unquam

2037 2116 2174 2173 vidit
2213 2117 2567 2172 involutum?
2612 2116 2750 2185 Quis
2800 2119 3041 2174 tunicam
3095 2128 3148 2175 et
3204 2134 3400 2174 zonam
3450 2132 3616 2190 super
3702 2164 3707 2167 ι

2036 2210 2217 2266 cubile
2247 2211 2612 2268 dimittentem
2647 2227 2889 2283 unquam
2918 2213 3129 2283 accepit
3171 2221 3222 2269 et
3262 2212 3612 2284 prmparavit,

2036 2309 2098 2356 ut
2129 2313 2277 2359 esset
2305 2303 2608 2375 elegantior
2630 2315 2685 2361 et
2715 2302 3081 2362 concinnior?
3108 2304 3239 2373 Quis
3275 2320 3341 2360 ex
3372 2306 3493 2375 eius
3522 2320 3616 2376 pe-

2036 2392 2199 2450 dibus
2231 2410 2474 2465 unquam
2507 2395 2743 2452 detraxit
2770 2398 3006 2463 calceos,
3034 2405 3089 2453 et
3114 2397 3333 2468 alligata
3361 2398 3612 2468 spongia,

2039 2493 2098 2539 ut
2137 2500 2257 2540 mos
2286 2493 2391 2550 cst,
2428 2479 2698 2559 laevigavit
2727 2497 2781 2544 ct
2814 2487 3013 2559 poliit?
3054 2487 3159 2545 Sed
3194 2489 3310 2559 ipse
3340 2497 3458 2544 erat
3486 2488 3613 2552 sibi,

2039 2584 2097 2629 ut
2125 2574 2348 2642 dicitur,
2381 2576 2688 2647 balneator,
2719 2586 2774 2635 et
2805 2579 3138 2636 inserviebat
3184 2580 3286 2636 sibi
3331 2582 3398 2637 ad
3453 2596 3616 2637 usum

2036 2667 2288 2736 corporis
2323 2686 2335 2722 :
2375 2668 2431 2722 in
2464 2668 2569 2724 hoc
2606 2685 2828 2741 quoque
2860 2669 3141 2727 Christum
3180 2672 3503 2744 magistrum
3536 2672 3618 2727 die

2039 2756 2167 2811 vino
2187 2756 2306 2813 zelo
2338 2758 2594 2827 imitans,
2630 2759 2768 2816 dixit
2800 2778 2813 2815 :
2855 2779 2875 2813 ι
2907 2759 3025 2817 Non
3055 2763 3177 2816 veni
3198 2770 3257 2817 ut
3295 2762 3426 2817 mihi
3458 2761 3618 2817 mini-

2037 2858 2327 2916 straretnr,
2358 2851 2452 2911 sed
2504 2859 2565 2907 ut
2598 2852 2969 2909 ministrarem
3025 2853 3249 2925 (Matth.
3280 2871 3372 2918 xx,
3418 2853 3519 2925 28)
3549 2872 3562 2909 :
3594 2873 3610 2906 ι

2036 2943 2347 3012 exemplum
2368 2933 2720 3001 humilitatis
2743 2946 2992 3017 praebens
3023 2946 3139 3002 suis
3178 2933 3486 3017 discipulis.

2109 3034 2200 3089 15.
2250 3033 2497 3093 Habebat
2543 3047 2728 3094 autem
2762 3040 3164 3110 precationem,
3212 3055 3333 3110 quae
3379 3047 3615 3095 mentem

350 3126 507 3195 tiam,
566 3139 646 3197 ut,
700 3134 747 3188 si
799 3148 888 3188 me
941 3135 1069 3191 huic
1121 3139 1363 3194 maxime
1398 3140 1610 3195 muneri
1646 3141 1931 3199 volueritis
1962 3149 2004 3206 C
2038 3127 2276 3186 sublime
2311 3132 2377 3194 ad
2411 3132 2582 3187 οαὲίοε
2613 3132 2899 3197 “dicit”.
2952 3145 3008 3189 ει
3051 3133 3151 3189 δοίί
3203 3132 3314 3188 1)εο
3359 3129 3620 3189 reddebat

352 3220 598 3292 alligare,
652 3233 710 3279 et
760 3240 849 3280 me
895 3226 1060 3298 hujus
1109 3229 1303 3302 jugum
1364 3231 1551 3290 subire
1604 3235 1930 3301 statueritis,

351 3310 633 3366 traditioni
669 3316 1027 3373 mcumenicae
1061 3317 1186 3374 ﬁdei
1226 3334 1325 3375 vos
1349 3336 1569 3392 quoque
1596 3322 1745 3393 ipsos
1771 3324 1932 3379 incli-

350 3405 515 3477 netiks,
565 3414 621 3461 et
657 3422 727 3463 ne
775 3424 874 3464 vos
909 3410 1066 3481 sequi
1106 3411 1288 3483 pigeat
1334 3412 1547 3481 Patres,
1584 3415 1677 3484 qui
1712 3416 1817 3472 hac
1849 3417 1934 3471 via

351 3504 481 3550 sunt
514 3496 769 3568 ingressi,
800 3508 857 3555 et
886 3517 984 3557 sex
1020 3502 1132 3573 (17)
1169 3504 1379 3560 sanctis
1429 3504 1792 3560 (ecutnenicis
1842 3522 1935 3577 sy-

350 3584 533 3651 nodis,
569 3597 624 3641 et
653 3587 742 3654 iis,
785 3604 909 3658 quae
950 3591 1034 3659 pie
1075 3591 1144 3644 ab
1194 3591 1331 3660 ipsis
1366 3601 1498 3646 sunt
1527 3593 1772 3658 decreta,
1804 3610 1937 3650 con-

351 3675 567 3738 sentire,
595 3692 665 3731 ne
692 3681 976 3734 recusetis.
1011 3680 1093 3735 Ad
1122 3696 1419 3752 supernam
1456 3685 1602 3738 enim
1647 3680 1936 3741 haeredita-

350 3774 459 3820 tcm
514 3769 898 3825 transmittunt
932 3785 1053 3838 eos,
1111 3774 1217 3843 qui-
1251 3774 1386 3844 ipsis
1439 3785 1651 3845 parent,
1694 3784 1748 3831 et
1800 3778 1937 3833 [lunt

349 3864 607 3914 auctores
636 3871 852 3931 magute
881 3871 935 3918 et
974 3862 1310 3920 immortalis
1338 3862 1827 3925 remunerationis.

422 3949 511 4004 11.
563 3951 698 4022 Ejus
744 3953 929 4024 itaque
978 3955 1387 4019 admonitiones
1440 3966 1703 4030 tanquam
1753 3959 1934 4031 angeli

349 4054 515 4097 voces
549 4044 791 4101 admittit
820 4047 1077 4118 populus,
1111 4057 1166 4103 et
1194 4047 1420 4119 polliciti
1453 4065 1515 4108 se
1551 4051 1725 4106 instar
1749 4053 1933 4107 ovium

352 4146 642 4190 secuturos
671 4136 962 4195 ducentem
991 4141 1363 4211 pastoraliter,
1386 4156 1465 4208 se,
1489 4152 1548 4197 ut
1570 4141 1682 4197 Deo
1710 4143 1828 4199 etei
1850 4143 1931 4198 vi-

350 4228 534 4293 detur,
563 4230 619 4285 in
651 4231 912 4288 omnibus
954 4233 1235 4302 perituros
1272 4231 1638 4289 alllrmabant.
1677 4232 1835 4290 Tunc
1868 4233 1935 4290 de

350 4331 552 4377 cetero
612 4323 977 4394 inspiratione
1007 4322 1121 4396 (l8)
1147 4323 1469 4394 principalis
1510 4334 1567 4379 et
1599 4325 1771 4381 divini
1806 4324 1932 4396 Spi-

353 4412 515 4479 ritus,
549 4415 903 4485 conspirante
931 4416 1096 4471 etiam
1130 4417 1366 4473 consilio
1415 4416 1786 4488 imperatoris,
1814 4418 1930 4474 limi

349 4504 619 4559 mundani
652 4515 860 4561 mutata
889 4507 1173 4578 dignitate,
1205 4516 1262 4564 et
1297 4517 1455 4564 tonsa
1492 4524 1651 4565 coma
1685 4511 1791 4565 ritu
1820 4511 1933 4567 cle-
1966 4492 2008 4546 θ

350 4593 475 4654 rici,
509 4593 851 4664 honestoque
886 4603 943 4650 et
970 4596 1286 4650 venerando
1313 4596 1422 4649 alio
1449 4605 1671 4666 sumpto
1699 4597 1929 4662 amictu,

348 4684 552 4741 divinis
584 4694 639 4739 et
669 4685 1010 4755 spiritalibus
1033 4686 1508 4750 invocationibus,
1562 4688 1707 4744 sicut
1746 4686 1931 4743 Aaron
1968 4718 1985 4733 κ

348 4785 404 4832 et
430 4775 683 4842 Pbinees,
715 4777 946 4847 suscipit
979 4779 1298 4834 auctionem
1346 4780 1574 4836 honoris
1612 4781 1930 4837 sacerdota—

346 4868 441 4933 lis,
471 4877 526 4923 ct
551 4869 800 4925 ascendit
827 4869 895 4924 ad
930 4868 1279 4924 altitudinem
1308 4871 1585 4927 cathedrae
1610 4873 1929 4943 pastoralis,

346 4960 459 5015 luci
493 4959 667 5017 lucem
703 4961 1035 5032 adjungens,
1067 4970 1123 5017 et
1162 4962 1419 5019 virtutem
1446 4955 1676 5038 {augens
1714 4970 1933 5025 virtuti-

347 5053 475 5117 bus,
524 5061 580 5108 et
630 5053 851 5109 modum
904 5055 1296 5125 superantibus
1341 5057 1683 5127 profectibus
1712 5061 1933 5129 datum,

347 5145 787 5204 sacratissimum
819 5148 1087 5204 talentum
1117 5149 1509 5221 multiplicans.

423 5342 538 5413 (l6)
580 5341 951 5413 Luitprandus
989 5343 1085 5399 lib.
1126 5342 1215 5409 Vl,
1255 5342 1330 5398 De
1362 5348 1513 5399 rebus
1552 5346 1932 5415 imperatorum

351 5423 401 5489 et
432 5428 632 5489 regum,
662 5428 780 5489 cap.
817 5416 873 5478 2,
916 5415 993 5469 ait
1022 5415 1182 5489 dici_r
1213 5415 1371 5484 quasi
1400 5430 1652 5489 magnam
1683 5418 1864 5472 aulam
1900 5434 1934 5489 ρ

349 5483 473 5557 loco
499 5483 529 5535 λ
554 5484 761 5557 posita,
810 5483 1245 5557 esseque_tnir:e
1276 5483 1678 5557 magnitudinis
1708 5501 1773 5542 ac
1807 5483 1933 5557 pull-

330 5552 720 5626 chri_tudiuis_:
758 5571 779 5605 ι
819 5552 1182 5626 _et_plutjibus
1238 5552 1404 5609 situm
1439 5552 1933 5626 ornatumque-de-

350 5622 560 5677 scribit.
586 5620 783 5679 Fuisse
814 5624 871 5679 in
904 5620 1188 5680 Hebdomo
1219 5626 1486 5681 suburbio
1514 5627 1643 5681 olim
1680 5620 1730 5681 a'
1750 5626 1934 5683 Theo-

350 5691 758 5763 dosiojuniore
810 5695 929 5750 urbi
978 5694 1214 5758 incluso,
1276 5695 1437 5750 docet
1485 5694 1683 5753 Gillius
1735 5699 1828 5751 lib.
1867 5697 1931 5751 IV

355 5759 734 5832 Topographia:
762 5763 1287 5831 Constantinopoleos
1319 5781 1438 5836 cap.
1474 5766 1527 5834 4,
1568 5769 1824 5838 additque
1865 5770 1932 5823 ab

2039 3219 2393 3291 familiarem,
2425 3232 2482 3279 et
2522 3224 2893 3295 coniungebat
2940 3225 3297 3295 incorporeis,
3330 3234 3384 3279 et
3429 3224 3615 3293 expel-

2035 3312 2185 3369 lebat
2233 3330 2451 3370 omnem
2507 3315 2906 3381 tentationem,
2959 3317 3344 3373 convenienter
3400 3314 3616 3370 Domini

2036 3405 2278 3476 eloquio.
2304 3405 2523 3461 Nullum
2548 3408 2694 3463 enim
2720 3418 2839 3463 erat
2862 3416 3095 3478 tempus,
3121 3422 3231 3479 quo
3252 3423 3361 3486 non
3387 3407 3618 3463 habebat

2038 3495 2217 3549 solum
2241 3509 2366 3550 eum
2395 3511 2536 3566 genu
2568 3496 2877 3553 ﬂectentem
2901 3509 2955 3554 et
2981 3509 3317 3572 surgentem,
3343 3507 3398 3556 et
3424 3515 3617 3555 manus

2039 3583 2107 3638 ad
2153 3584 2323 3640 cmlos
2370 3586 2746 3656 extollentem,
2796 3596 2853 3644 et
2894 3604 3134 3660 superne
3188 3591 3545 3661 accipientem
3587 3607 3618 3644 a

2040 3674 2153 3732 Deo
2189 3677 2674 3736 illuminationem.
2719 3679 3096 3737 Humilitatem
3133 3696 3292 3749 vero,
3329 3690 3390 3738 ut
3421 3698 3543 3753 qua:
3568 3685 3616 3738 ei

2039 3783 2070 3824 a
2098 3783 2272 3839 puero
2301 3768 2479 3825 fuerat
2510 3771 2822 3840 familiaris,
2851 3773 2921 3827 ita
2948 3782 3029 3829 est
3053 3774 3392 3844 complexus,
3427 3781 3484 3829 ut
3511 3789 3618 3829 non

2039 3861 2221 3918 solum
2254 3876 2320 3917 ea
2364 3862 2418 3917 in
2456 3863 2577 3934 ipso
2620 3864 3057 3936 conspiceretur,
3105 3875 3159 3922 et
3211 3879 3278 3921 ex
3304 3880 3369 3922 ea
3403 3865 3620 3921 laudem

2036 3960 2433 4025 assequeretur
2465 3973 2479 4009 :
2512 3956 2608 4011 sed
2657 3955 2825 4011 etiam
2884 3956 3146 4011 transiret
3195 3957 3263 4011 ad
3317 3955 3477 4020 alios,
3526 3956 3618 4023 qui

2037 4047 2295 4116 exemplo
2335 4061 2441 4102 suo
2484 4045 2943 4102 informabantur.
2992 4046 3179 4103 Multis
3224 4047 3371 4103 enim
3416 4063 3480 4102 ex
3529 4047 3597 4100 iis

2037 4137 2133 4208 qui
2167 4146 2328 4193 erant
2374 4137 2533 4194 relati
2572 4138 2627 4193 in
2658 4153 2948 4194 numerum
2978 4138 3329 4203 clericorum,
3374 4138 3466 4208 qui
3491 4152 3619 4192 suos

2036 4229 2254 4286 lumbos
2287 4232 2443 4288 zonis
2475 4231 2771 4303 cingebant
2809 4230 3011 4298 aureis,
3050 4238 3106 4286 et
3136 4230 3315 4286 cruati
3345 4239 3503 4285 erant
3528 4244 3622 4281 va-

2037 4320 2138 4376 riis
2183 4330 2238 4378 et
2275 4323 2532 4393 pretiosis
2584 4324 2832 4379 vestibus
2869 4323 3118 4389 sericeis,
3161 4338 3356 4378 aurum
3392 4324 3612 4392 quidem

2039 4412 2285 4480 ademit;
2342 4413 2472 4469 fecit
2519 4424 2719 4483 autem,
2756 4415 3076 4485 succingere
3132 4414 3350 4479 lumbos
3387 4415 3623 4483 cingulis

2037 4509 2310 4563 contextis
2338 4523 2405 4562 ex
2444 4508 2572 4579 pilis
2605 4523 2917 4578 caprarum.
2952 4507 3023 4564 lis
3049 4523 3198 4571 vero,
3231 4508 3323 4578 qui
3373 4507 3469 4561 tuti
3501 4522 3625 4561 cor-

2035 4600 2157 4670 pori
2186 4615 2254 4655 ex
2273 4594 2466 4654 iisdem
2505 4600 2609 4655 filis
2629 4614 2934 4670 purpureas
2961 4608 3141 4655 vestes
3173 4599 3447 4653 habebant
3487 4614 3623 4653 con-

2038 4698 2256 4756 textas,
2308 4691 2589 4761 excogitat
2648 4691 2864 4747 tunicas
2912 4699 3156 4746 remotas
3215 4705 3244 4745 a
3296 4689 3621 4745 curiositate

2036 4781 2210 4839 nimii
2244 4789 2300 4839 et
2329 4782 2567 4846 deliciis,
2603 4791 2665 4838 ut
2691 4799 2813 4853 qua:
2837 4782 3288 4839 essent‘vestitus
3334 4783 3620 4841 honesms,

2038 4882 2095 4929 et
2138 4875 2501 4929 convenirent
2540 4874 2631 4938 iis,
2680 4874 2775 4944 qui
2810 4872 2924 4928 Deo
2967 4873 3175 4929 servire
3208 4880 3539 4935 statuerunt,
3573 4885 3628 4931 et

2037 4967 2364 5035 prolltentur
2405 4965 2800 5021 humilitatem.
2836 4967 2914 5020 Ex
2948 4979 3059 5036 quo
3108 4963 3241 5034 quid
3277 4962 3502 5019 evenit?
3551 4962 3623 5019 Ut

2038 5058 2320 5113 tolleretur
2358 5057 2605 5127 quidem,
2637 5058 2906 5129 quidquid
2958 5057 3148 5112 damni
3200 5071 3265 5111 ex
3307 5071 3374 5111 eo
3428 5070 3626 5111 nasce-

2035 5149 2232 5214 batur;
2266 5149 2635 5204 honoraretur
2667 5156 2851 5206 autem
2886 5147 3197 5220 frugalitas,
3242 5156 3301 5202 ut
3327 5148 3625 5204 thesaurus

2037 5349 2316 5420 aliquibus
2364 5349 2600 5432 ita_dici,
2651 5350 2800 5432 quod
2836 5349 3164 5432 Anastasius
3223 5351 3346 5406 iSllC
3394 5348 3620 5419 perierit

2037 5435 2233 5489 tnagna
2264 5435 2400 5475 aura
2434 5428 2819 5489 tempestatum
2856 5428 3183 5476 exstinctus.

2109 5486 2222 5614 g7)
2265 5489 2390 5545 llaec
2427 5486 2563 5545 sunt
2605 5490 2820 5545 Niczena
2855 5490 2895 5550 l.
2931 5487 3536 5567 Constantinopolitana
3573 5486 3615 5559 i,

2109 5580 2116 5610 l
2157 5561 2309 5614 esina
2338 5598 2353 5614 .
2445 5561 2906 5614 Chalcedonensis
2941 5600 2956 5614 .
3053 5557 3615 5614 Constantinonoltta-

2038 5557 2361 5682 Eplrlasina",l
2445 5561 2906 5617 Chalcedonensis
2941 5600 2956 5624 ,
3053 5557 3617 5627 ConstantinOpolita-

2038 5645 2104 5682 na
2211 5639 2265 5682 et
2369 5671 2381 5682 .

2036 5630 2415 5771 né(:l8)elllltlilnc
2467 5701 2730 5770 indicant,
2780 5714 2902 5771 qurc
2944 5699 3001 5753 in
3037 5714 3098 5755 eo
3137 5696 3427 5753 eluxerunt
3462 5698 3617 5768 signa

2038 5769 2136 5826 vlri
2171 5769 2479 5827 aitolici.
