4090 6286
549 307 686 372 1395)

1603 316 1661 373 S.
1694 314 2004 376 'I‘ARASII
2033 315 2542 374 ΡΑΤΒΙΑΗΟΗΕ
2575 315 2682 374 CP.

3655 319 3784 384 1396

553 419 824 490 quispiam
857 419 1302 490 pretiosissintus.
1349 420 1669 476 Castitalcm
1708 439 1866 484 vero,
1911 435 1966 477 ct
1995 439 2118 494 quae
2147 431 2188 484 Α
2224 423 2513 478 vocabatur
2545 423 2689 479 Estia
2724 423 2856 494 (2t),
2893 427 3160 483 veniebat.
3209 428 3324 484 lllic
3369 428 3519 483 enim
3564 431 3785 499 parabat

555 525 680 564 cum
717 525 779 564 ea
809 510 974 564 simul
1008 510 1174 581 degit,
1202 513 1642 581 temperantiam,
1675 523 1731 568 ut
1761 529 1882 584 qua:
1912 514 2115 568 sancti-

553 601 860 656 ficationem
921 601 1314 667 conciliarent,
1380 605 1668 674 appellavit
1723 619 1984 662 sorores:
2020 621 2116 676 per

551 706 716 761 quas,
763 707 886 760 quas
925 708 1144 748 carnem
1176 694 1412 757 invadit,
1463 697 1738 751 sordidam
1767 707 1821 751 et
1854 697 2117 752 adulteri-

552 797 678 834 nam
715 783 1089 838 exterminans
1123 785 1506 855 cegitatiouem
1542 797 1595 840 et
1635 787 1946 856 ignominia:
1986 787 2118 843 affe-

551 874 760 926 ctiones
791 873 1128 942 depopulans
1153 917 1168 940 ,
1223 891 1254 930 a
1295 877 1403 931 Deo
1439 876 1542 930 fuit
1577 876 2117 936 redimitus-victrice

552 977 755 1017 corona
793 963 1242 1031 impatibilitatis.

625 1053 712 1106 l4.
761 1051 1306 1112 Cominiscrationcm
1357 1067 1536 1112 autem
1583 1069 1633 1113 et
1683 1059 2011 1124 ditissimam
2061 1061 2114 1114 in

552 1159 814 1214 pauperes
849 1147 1274 1202 miscricordiam
1305 1157 1414 1202 tam
1444 1149 1707 1216 hilariter,
1743 1159 1803 1205 ut
1834 1151 1925 1205 ille
1957 1151 2113 1216 dixit,

555 1233 836 1302 impertiit,
882 1244 1270 1306 utsuperaret
1303 1253 1514 1303 omnes,
1556 1241 1646 1308 qui
1700 1241 2118 1310 suppeditabant

550 1326 901 1394 pauperibus,
947 1335 1004 1382 ct
1047 1327 1198 1382 fieret
1231 1345 1404 1385 novus
1451 1327 1670 1400 Josepb,
1693 1330 1832 1386 dans
1877 1330 2116 1384 frumen-

552 1425 668 1468 tum
701 1417 1002 1486 egentibus.
1039 1416 1163 1472 Sua:
1191 1420 1334 1473 enim
1366 1435 1569 1474 mensae
1603 1420 1827 1475 obsonia
1853 1421 1906 1473 in
1943 1420 2115 1476 frusm

550 1509 954 1576 comminucns,
1003 1511 1068 1564 ad
1123 1494 1465 1580 accipfendos
1506 1528 1622 1576 eos,
1659 1513 1749 1582 qui
1782 1514 2112 1579 esuriebaut,

552 1596 606 1650 in
648 1598 764 1653 dies
807 1600 886 1652 eis
915 1601 1136 1669 parabat
1169 1603 1500 1658 convivium.
1535 1605 1762 1658 Abunde
1795 1615 1976 1659 autem
2009 1605 2114 1659 bu-

546 1689 636 1756 jus
668 1690 742 1742 rei
774 1699 902 1745 sunt
951 1699 1116 1751 testes
1160 1709 1332 1764 usque
1376 1695 1429 1748 in
1466 1695 1786 1749 hodiernum
1823 1695 1988 1766 diem,
2024 1697 2118 1750 de-

2216 513 2500 582 egentibus
2553 512 2870 580 inaximum,
2925 531 3034 586 quo
3088 518 3486 588 acciperentur,
3544 520 3782 589 epulum.

2201 604 2368 670 Quos
2405 618 2528 658 cum
2582 602 2802 659 fecisset
2833 607 3168 672 recumbere,
3209 607 3512 678 incipiebat
3547 608 3664 677 ipse
3692 625 3785 664 nn-

2219 695 2472 759 nistrare,
2504 693 2692 748 vinum
2727 693 3012 752 cll‘undens
3036 711 3102 752 ex
3135 707 3363 764 cratere,
3401 707 3454 753 et
3498 708 3688 768 potum
3711 702 3786 756 eis

2218 781 2573 838 distribuens.
2613 782 2820 838 Deinde
2856 799 2982 838 cum
3011 786 3116 840 hoc
3153 801 3354 842 munus
3383 787 3642 852 obiisset,
3682 788 3784 844 ibat

2218 873 2274 928 in
2325 873 2548 928 domum
2605 887 2759 928 suam
2815 876 3254 943 patriarchicam,
3315 892 3425 932 non
3476 879 3782 949 aliquorum

2219 961 2600 1024 liinnulorum,
2635 971 2692 1015 ut
2716 963 2848 1016 dicit
2877 961 3082 1026 fabula,
3111 966 3364 1022 medullis
3393 983 3454 1022 se
3502 969 3748 1024 nutriens
3768 1011 3781 1036 ,

2219 1067 2396 1122 neque
2439 1038 2624 1108 mensa
2677 1053 2976 1124 Sybaritica
3024 1055 3136 1128 (22‘)
3189 1059 3492 1128 excipiens,
3544 1075 3647 1115 nec
3673 1077 3786 1130 quae

2219 1154 2462 1199 ventrem
2496 1144 2712 1200 titillant
2745 1154 2800 1199 et
2840 1147 3182 1216 impingnant
3224 1150 3488 1216 bellariis,
3547 1152 3644 1205 sed
3689 1151 3787 1206 fru-

2219 1235 2430 1305 galtbus
2458 1235 2724 1298 obsoniis,
2753 1245 2807 1290 ct
2829 1252 2947 1306 qua:
2969 1254 3074 1292 non
3105 1241 3423 1308 spectabant
3447 1241 3516 1295 ad
3547 1243 3782 1310 delicias,

2219 1342 2279 1382 se
2312 1327 2581 1382 relicieus.
2644 1329 2780 1394 Quis
2823 1330 2888 1383 ad
2933 1338 3138 1384 tantam
3184 1331 3510 1387 humilitatis
3561 1334 3787 1388 altitudi-

2220 1434 2341 1472 nem
2371 1427 2706 1474 memoratur
2734 1417 2906 1474 fuisse
2941 1427 3155 1474 erectus
3185 1435 3246 1474 ex
3288 1421 3377 1488 iis,
3409 1423 3508 1490 qui
3551 1438 3783 1491 unquam
3869 1447 3872 1451 -

2221 1509 2478 1563 fuerunt?
2519 1509 2654 1575 Quis
2683 1510 3068 1566 demiSsionem
3099 1511 3298 1566 Christi
3331 1513 3410 1568 sic
3438 1522 3528 1568 est
3552 1513 3786 1570 imitatus

2219 1600 2472 1670 (Philipp.
2515 1616 2577 1664 ιι,
2623 1602 2698 1667 7),
2737 1601 2832 1671 qui
2875 1603 3083 1671 paterni
3139 1605 3293 1658 sinus
3338 1618 3448 1657 non
3515 1603 3784 1662 exinanita

2221 1691 2612 1759 magnitudine,
2663 1700 2862 1746 nostra:
2887 1693 3218 1762 paupertatis
3243 1693 3409 1747 subiit
3450 1692 3710 1763 speciem,
3738 1703 3786 1750 et

552 1780 702 1834 ﬁnita
753 1771 1090 1850 receptacula
1121 1799 1310 1838 eorum
1357 1800 1542 1850 causa,
1574 1787 1666 1854 qui
1703 1785 1938 1854 hospitio
1973 1787 2117 1841 acci-
2153 1770 2192 1824 Β
2225 1781 2586 1834 ministrando
2613 1783 2814 1837 docens
2846 1783 2912 1836 ad
2961 1783 3160 1839 caelum
3202 1784 3442 1851 evolare,
3495 1782 3623 1837 fecit
3661 1797 3786 1836 con-

550 1871 859 1940 piebantur,
889 1883 943 1926 et
974 1889 1274 1943 pauperum
1315 1883 1626 1930 nostrorum
1659 1874 1915 1931 iratrum.
1948 1876 2088 1944 Quin

549 1962 710 2016 ctiam
753 1979 1067 2018 mansuram
1122 1967 1364 2034 pecuniae
1393 1967 1666 2021 dationem
1695 1968 1817 2022 aliis
1847 1969 1932 2038 pie
1963 1969 2120 2022 attri-

547 2053 689 2118 buit,
725 2054 777 2107 in
812 2055 1174 2125 pugillaribus
1209 2073 1402 2112 nomen
1447 2059 1880 2129 uniuscujusque
1913 2061 2132 2130 siguilia

551 2159 703 2198 cans.
756 2145 1136 2211 Quotidianam
1193 2161 1371 2203 autem
1423 2149 1884 2217 distributionem,
1952 2166 2116 2220 quam

551 2250 716 2290 manu
749 2252 845 2290 sua
879 2239 1094 2308 propria
1129 2241 1182 2294 in
1218 2255 1411 2295 manus
1436 2256 1733 2311 pauperum
1768 2242 2114 2310 imminebat,

551 2325 678 2393 quis
709 2327 1059 2382 ratiocinator
1087 2329 1368 2385 dimensus
1403 2329 1568 2384 fuerit
1611 2329 1952 2400 Diopliantus
1981 2330 2114 2402 (i9),

552 2423 646 2469 aut
689 2415 1053 2484 multiplicans
1081 2423 1385 2478 numerarit
1426 2421 1792 2478 Nicomachus
1829 2422 1963 2492 (‘20),
1998 2437 2120 2493 quae

551 2516 668 2562 erat
711 2524 874 2564 arena
915 2512 1209 2582 copiosior,
1251 2523 1306 2570 et
1331 2529 1632 2586 egenorum
1663 2523 1880 2569 ventres
1908 2515 2120 2570 reﬁcie-

553 2599 685 2654 bat?
711 2599 930 2670 Jejunio
951 2619 1102 2667 vero,
1133 2606 1276 2674 quod
1298 2617 1379 2661 est
1409 2615 1534 2662 ante
1553 2605 1756 2662 Christi
1783 2607 2115 2676 passionem,

551 2705 804 2760 magnam
825 2707 1048 2764 erogare
1075 2695 1416 2766 largitionem
1447 2701 1501 2754 in
1530 2700 1759 2756 diversis
1781 2701 1994 2767 lociset
2017 2715 2122 2756 coe-

552 2782 784 2848 naculis,
817 2783 904 2850 iis,
931 2787 1022 2855 qui
1045 2802 1238 2857 magna
1257 2791 1640 2858 premebantur
1665 2791 1867 2860 inopia,
1891 2789 2007 2860 ipse
2023 2807 2119 2844 ex-

553 2871 809 2938 cogitavit
841 2889 1014 2944 usque
1048 2877 1114 2930 ad
1141 2877 1340 2932 Christi
1375 2878 1548 2933 lucem
1590 2879 1864 2947 alfcrentis
1921 2879 2117 2932 festum

553 2961 820 3016 festorum
859 2963 1346 3024 ltesnrrectioncm.
1386 2965 1450 3022 Et
1469 2969 1582 3022 otio
1614 2979 1665 3022 et
1695 2979 1935 3037 tempore
1955 2969 2118 3038 longo

2219 1875 2398 1932 sidere
2425 1892 2545 1931 cum
2587 1885 2811 1946 paterna
2842 1875 3160 1946 majestate?

2293 1969 2376 2023 16.
2405 1967 2504 2022 llic
2537 1969 2671 2038 ipse,
2708 1967 2802 2036 qui
2833 1983 2976 2021 nunc
3003 1967 3280 2046 laudatur,
3310 1966 3532 2022 etiamsi
3581 1967 3634 2022 in
3679 1980 3792 2022 me-

2219 2061 2324 2116 diis
2355 2061 2656 2130 iactaretur
2679 2059 3024 2124 tumultibus,
3059 2074 3166 2113 non
3199 2059 3375 2115 solum
3407 2057 3616 2114 amavit
3639 2059 3783 2129 quie-

2219 2159 2328 2206 tem
2363 2161 2417 2205 et
2447 2149 2748 2214 silentium,
2789 2149 2882 2204 sed
2927 2149 3052 2204 aliis
3079 2164 3298 2220 quoque
3327 2164 3388 2204 ea
3419 2149 3628 2204 alfatim
3661 2164 3781 2220 sup-

2218 2242 2500 2312 peditavit,
2547 2255 2642 2296 eos
2675 2256 2705 2296 a
2745 2241 2948 2295 mundo
2997 2241 3273 2296 abducens
3305 2249 3360 2294 et
3410 2239 3524 2300 Deo
3563 2239 3783 2294 reddens

2220 2331 2540 2398 familiares,
2568 2341 2622 2386 et
2651 2331 2864 2386 virtutis
2897 2330 3134 2386 cliiciens
3169 2329 3330 2394 ﬁlios,
3375 2317 3438 2384 ut
3470 2331 3634 2400 hujus
3667 2343 3786 2383 san-

2219 2431 2320 2478 ctae
2344 2423 2468 2476 vita:
2494 2431 2548 2477 c‘t
2581 2422 2915 2490 operationis
2941 2422 3152 2493 genitor
3179 2418 3585 2492 et'productor.
3617 2419 3777 2487 Hujus

2221 2523 2398 2568 autem
2430 2513 2508 2568 rei
2567 2513 2725 2568 tidem
2761 2512 2892 2568 facit
2943 2514 3190 2578 omnino,
3219 2527 3286 2566 ex
3328 2513 3646 2566 haereditate
3698 2525 3784 2564 eo-

2219 2621 2365 2672 rum,
2406 2621 2528 2676 quae
2557 2608 2625 2660 ad
2677 2605 2854 2676 ipsum
2891 2606 3008 2676 lege
3055 2605 3197 2662 dotis
3238 2619 3303 2660 ex
3347 2605 3510 2660 bonis
3552 2600 3781 2674 palemis

2219 2698 2466 2753 redibant
2513 2695 2838 2752 aedificatum
2892 2699 3282 2753 monasterium
3322 2697 3438 2768 (ἓὸ)
3474 2697 3530 2750 in
3572 2695 3784 2752 sinistra

2220 2801 2374 2859 parte
2413 2790 2641 2860 Bospori
2705 2788 2945 2844 Thracii.
2983 2787 3040 2844 In
3093 2806 3204 2858 quo
3239 2806 3363 2845 cum
3396 2790 3657 2844 arborum
3713 2796 3792 2836 ra-

2219 2878 2384 2932 tionis
2412 2879 2734 2948 participum
2763 2877 3061 2946 plantasset
3081 2892 3343 2952 generosa
3374 2873 3644 2945 germina,
3669 2883 3786 2939 qua

2221 2969 2646 3040 pinguescebant
2690 2967 2908 3024 liuentis
2951 2968 3383 3034 exercitationis,
3427 2976 3483 3022 ct
3521 2967 3784 3036 augeban-

552 3052 685 3106 mihi
713 3068 850 3122 opus
886 3055 1067 3120 fuerit,
1104 3065 1164 3112 ιιι
1204 3073 1298 3126 per
1319 3059 1562 3115 ordinem
1599 3059 1860 3113 collocem
1895 3057 2116 3112 accubi-
2143 3071 2192 3154 ρ’
2223 3069 2310 3112 tur
2337 3059 2574 3128 copiosis
2601 3059 2964 3114 condimentis
2995 3058 3358 3122 abstinentiae,
3388 3073 3453 3113 ea
3488 3057 3616 3124 fecit
3642 3054 3785 3110 Chri-

551 3150 640 3196 tus
670 3141 1024 3198 invitatorum
1052 3145 1325 3216 hospitum
1361 3158 1414 3202 et
1443 3149 1866 3218 proselytorum,
1897 3147 2118 3202 claudo~

552 3248 785 3302 rumque
829 3243 884 3288 et
912 3249 1181 3290 cmcorum
1238 3247 1292 3290 et
1333 3239 1650 3292 mutilorum
1697 3237 2000 3292 ordinatam
2037 3251 2119 3293 se-

551 3337 726 3392 quens
757 3328 1219 3395 consequentiam,
1255 3337 1306 3382 et
1357 3329 1588 3397 posteris
1638 3327 1759 3382 dem
1805 3326 2116 3397 exemplum

551 3417 794 3471 munifici
823 3432 886 3471 ac
916 3419 1155 3474 liberalis
1181 3419 1434 3475 instituti.

623 3527 712 3583 15.
749 3527 986 3599 Tempus
1029 3539 1210 3586 autem
1259 3533 1496 3604 byemis,
1532 3536 1675 3606 quod
1738 3546 1858 3593 erat
1911 3540 2118 3595 acerri-

551 3633 740 3686 mum,
778 3621 1011 3692 nichue
1054 3632 1107 3678 et
1152 3625 1271 3693 gelu
1329 3634 1384 3681 et
1431 3628 1602 3697 glacie
1642 3639 1800 3684 terrae
1845 3631 2118 3688 vinciebat

552 3707 832 3774 intestina,
868 3721 923 3766 et
953 3712 1040 3778 iis,
1073 3716 1162 3783 qui
1206 3716 1259 3768 in
1304 3715 1422 3786 ipsa
1463 3729 1641 3785 erant,
1677 3721 1992 3790 imponebat
2031 3722 2118 3777 in-

553 3809 670 3856 star
727 3801 964 3870 collaris,
1015 3803 1443 3876 frigefacientem
1476 3824 1708 3880 eamque
1735 3812 2117 3883 gravissimam

553 3893 882 3958 molestiam,
919 3897 1194 3964 quomodo
1238 3896 1292 3951 in
1333 3913 1448 3964 eos,
1481 3899 1572 3969 qui
1621 3899 1934 3968 horrebant,
1961 3913 2011 3958 et
2039 3902 2119 3957 la-

471 4021 477 4027 .
553 3983 698 4037 ceris
725 3986 920 4054 pannis
947 3996 1100 4040 erant
1141 3987 1324 4054 obsiti,
1364 3996 1417 4042 ct
1439 3989 1614 4044 solum
1655 3990 1904 4060 pudenda
1939 4000 2122 4048 conte-

555 4073 774 4143 gebant,
805 4089 937 4130 usus
961 4075 1452 4133 n'iachinationibus
1478 4077 1709 4134 foventis
1742 4080 2117 4148 rccrcationis,

557 4167 936 4236 propulsat-it?
967 4167 1203 4226 Tunicas
1237 4171 1402 4238 enim,
1456 4173 1706 4240 penulas,
1753 4182 1810 4227 et
1857 4184 2119 4241 praeterea

558 4266 868 4326 tegumenta
901 4273 969 4313 ex
997 4261 1356 4318 crassissimis
1399 4263 1535 4316 laute
1565 4261 1669 4316 filis
1699 4271 1754 4317 et
1794 4263 2121 4322 staminibus

553 4347 824 4418 confecta,
857 4361 911 4405 et
940 4352 1137 4408 vellere
1159 4353 1327 4408 denso
1359 4354 1565 4424 gravia,
1599 4369 1797 4424 magno
1831 4355 1950 4408 auri
1991 4369 2124 4424 pon-

551 4439 680 4493 dere
701 4454 908 4508 emens,
932 4451 984 4497 et
1014 4443 1106 4508 iis,
1131 4444 1225 4512 qui
1253 4446 1352 4499 sub
1377 4445 1467 4499 dio
1493 4445 1691 4500 misere
1717 4446 2118 4516 allligebantur,
2151 4445 2196 4498 Ι)

553 4531 912 4600 distribuens,
942 4537 1162 4592 arcebat
1195 4551 1414 4606 gravem
1448 4538 1754 4592 molestiam
1785 4537 2024 4608 frigoris.
2061 4537 2118 4590 ln

553 4625 782 4680 salutari
817 4638 998 4684 autem
1047 4630 1201 4700 prius
1244 4629 1390 4684 dicto
1429 4629 1518 4685 die
1559 4629 1870 4684 reverendae
1916 4628 2119 4684 Christi

552 4713 1012 4784 Resurrectionis,
1030 4725 1154 4788 post
1177 4719 1374 4773 divinae
1399 4721 1622 4789 synaxis
1644 4727 1696 4773 et
1715 4719 2122 4774 communionis

552 4815 835 4876 peractum
864 4811 1207 4880 mysterium,
1240 4809 1421 4866 adhuc
1455 4813 1625 4866 sacris
1655 4810 1902 4866 vestibus
1933 4809 2122 4864 candi-

553 4895 737 4965 datus,
770 4898 836 4953 ad
869 4899 1070 4955 veteris
1099 4899 1338 4955 basilicae
1365 4899 1478 4970 jam
1508 4900 1753 4956 dirutum
1799 4898 2000 4964 locum,
2027 4897 2120 4968 qui

623 5137 735 5210 (ιθ)
774 5137 948 5210 Hujus
975 5149 1154 5196 exstat
1191 5141 1544 5196 Arithmetica
1573 5147 1627 5210 et
1658 5141 1910 5210 Algebra.

626 5207 738 5277 (20)
777 5207 1145 5265 Nicomachus
1175 5210 1482 5266 Gerascnus
1511 5207 1751 5280 εονίρεὶί
1768 5211 1836 5264 de
1863 5211 2125 5267 arithme-

549 5279 681 5340 tica.
712 5280 1030 5345 geometria,
1069 5281 1378 5340 harmonia.
1413 5291 1520 5336 etc.

623 5347 736 5418 (2t)
769 5347 971 5422 scribit
997 5350 1334 5422 Soaonienns
1359 5351 1450 5422 lib.
1501 5365 1562 5414 ιι,
1597 5367 1717 5422 cap.
1761 5351 1818 5416 2,
1857 5348 2125 5422 'Ectiatva

553 5427 798 5490 tempore
813 5418 1160 5490 Constantini
1185 5421 1238 5490 in
1267 5419 1513 5490 maximo
1534 5418 1744 5476 honore
1773 5437 1802 5476 a
1825 5419 2124 5490 peregrinis

551 5496 608 5543 et
654 5487 866 5543 civibus
900 5489 1140 5543 habitam
1202 5488 1414 5555 fuisse;
1473 5498 1528 5544 et
1577 5487 1918 5546 Michaelinm
1959 5487 2123 5544 etiam

553 5557 662 5627 dici
691 5559 762 5612 ob
787 5559 962 5627 sancti
993 5558 1302 5624 archangeli
1335 5561 1719 5627 apparitioncs.
1753 5561 1857 5615 Sed
1890 5560 1937 5615 is
1972 5560 2124 5612 locus

553 5628 608 5700 in
632 5626 874 5700 Bosporo
919 5626 1184 5700 Tliracico
1225 5626 1383 5700 situs,
1409 5626 1808 5700 navigantibus
1844 5645 1908 5683 ex
1953 5629 2138 5696 Ponto,

553 5697 1082 5768 Constantinopolim
1114 5698 1179 5753 ad
1210 5697 1453 5754 dextram
1500 5697 1742 5770 apparet,
1791 5709 1843 5756 et
1873 5700 2026 5785 Wst
2057 5699 2124 5752 ab

2218 3151 2287 3205 sti
2347 3151 2760 3220 agriculturam,
2821 3151 3154 3206 tricesimum
3193 3158 3250 3205 et
3285 3151 3688 3221 sexagesimum
3731 3154 3784 3201 et

2217 3243 2574 3297 centesimum
2599 3242 2858 3296 virtutum
2909 3242 3144 3298 fructum
3178 3243 3409 3298 fideliter
3439 3238 3784 3311 producentia

2218 3334 2272 3388 in
2306 3333 2594 3388 sanctitate
2645 3342 2700 3388 et
2729 3333 2962 3404 justitia.
2998 3334 3074 3389 Ex
3110 3334 3312 3403 quibus
3359 3333 3518 3388 multi
3569 3333 3634 3386 ab
3667 3331 3779 3400 ipso

2217 3437 2344 3480 sunt
2379 3425 2556 3479 vocati
2605 3426 2669 3478 ad
2725 3427 3044 3494 dignitatem
3089 3425 3438 3496 pastoralem,
3493 3433 3567 3488 et,
3599 3432 3654 3476 ιιι
3693 3433 3782 3490 par

2217 3525 2357 3588 erat,
2386 3525 2652 3572 ornaruut
2674 3517 3076 3587 possessionem
3101 3516 3389 3596 sacerdotii
3419 3534 3432 3568 :
3463 3517 3783 3582 fueruntque

2217 3609 2486 3663 columnae
2543 3609 2851 3664 immobiles
2880 3609 3004 3662 ﬁdei
3031 3608 3334 3662 catholicae.
3383 3606 3542 3673 Quod
3571 3605 3782 3676 quidem

2217 3699 2460 3754 ostendit
2518 3700 2805 3755 tenebrosa
2861 3699 3144 3754 inundatio
3220 3699 3469 3765 haeresis,
3530 3698 3782 3753 adversus

2217 3804 2379 3858 quam
2423 3789 2638 3844 fortiter
2660 3798 2983 3860 pugnantes,
3015 3796 3070 3844 et
3097 3790 3294 3844 nubem
3328 3789 3628 3845 subeuntes
3659 3785 3780 3840 mul-

2221 3888 2398 3934 torum
2432 3880 2803 3950 periculorum
2849 3881 2904 3935 in
2935 3879 3404 3951 perseeutionibus
3433 3887 3492 3934 et
3541 3875 3776 3934 aﬂlictio-

2221 3969 2402 4034 nibus,
2435 3977 2490 4024 et
2537 3969 2642 4026 sub
2689 3969 2780 4026 dio
2818 3970 3288 4040 perpessionibus,
3328 3969 3396 4024 ad
3445 3968 3778 4040 splendorem

2221 4061 2446 4131 superni
2479 4061 2723 4126 luminis,
2760 4076 2880 4116 eam
2920 4061 3174 4117 fuderunt
3203 4076 3267 4116 ac
3289 4061 3695 4117 dissolverunt:
3726 4056 3776 4109 in

2220 4165 2329 4218 qua
2378 4151 2750 4204 etiam-suum
2800 4151 3079 4221 cognitum
3134 4151 3416 4207 reddidere
3447 4151 3773 4220 magistrum,

2223 4249 2479 4308 tanquam
2514 4253 2730 4310 semper
2755 4239 3026 4295 lucentem
3067 4239 3400 4296 Luciferum.
3433 4240 3498 4296 Et
3527 4242 3639 4296 haec
3663 4237 3776 4310 qui-

2221 4331 2344 4385 dem
2383 4337 2593 4398 postea.
2618 4395 2624 4402 ἰ

2839 4441 3068 4499 CAPUT
3109 4443 3174 4499 V.

2225 4533 2467 4606 Synodus
2515 4550 2588 4590 vtt
2657 4533 3011 4590 OEcumem'ca
3061 4534 3256 4589 Nica'a:
3291 4536 3496 4590 habita.
3533 4532 3774 4603 Imagines

2877 4626 3150 4680 restituta.

2299 4718 2385 4772 l7.
2425 4717 2547 4787 ipse
2589 4723 2772 4771 autem
2803 4715 3058 4784 perfectis
3109 4714 3404 4770 virtutibus
3435 4729 3563 4769 usus
3601 4719 3681 4766 est
3715 4706 3772 4760 ad

2227 4805 2560 4870 satietatem,
2587 4820 2710 4858 cum
2748 4813 2987 4859 mentem
3023 4819 3177 4858 suam
3208 4805 3426 4858 actione
3459 4803 3608 4874 prius
3633 4811 3772 4854 exer-

2225 4895 2444 4961 cuisset,
2487 4905 2548 4950 ut
2567 4895 2888 4950 ascenderet
2923 4895 2992 4950 ad
3021 4894 3559 4965 contemplationem,
3591 4899 3644 4945 et
3667 4887 3770 4956 ejus

2225 5143 2382 5208 urbe,
2415 5142 2459 5196 si
2495 5139 2617 5194 navi
2643 5138 2964 5206 trajicialur,
2988 5138 3206 5193 circiter
3233 5138 3304 5194 '55
3329 5136 3538 5202 stadiis;
3567 5133 3608 5190 si
3637 5131 3768 5186 sinus

2227 5213 2542 5282 interiectus
2587 5209 2816 5282 pedibus
2842 5219 2952 5282 aut
2977 5223 3120 5277 equo
3157 5209 3540 5282 circumeatur,
3573 5211 3768 5282 septua-

2228 5268 2397 5352 ginta:
2424 5268 2632 5335 Forsa'n
2665 5280 2736 5352 ob
2770 5279 2906 5332 bella
2931 5268 3321 5352 frequentiora,
3357 5285 3417 5352 ut
3453 5268 3764 5352 populi:.rel‘i:

2227 5341 2374 5422 Eioni
2417 5348 2904 5412 obsecundaretur,
2933 5363 3000 5402 ea
3031 5341 3210 5402 'statio
3243 5347 3298 5402 in
3330 5341 3468 5400 urbe
3503 5341 3764 5399 constituta

2225 5422 2350 5475 fuit.

2298 5490 2412 5563 (εἳ)
2453 5490 2720 5563 Sybaritas
2743 5489 2798 5544 in
2827 5501 3020 5558 magna
3047 5485 3256 5542 Graecia
3280 5485 3431 5541 luxui
3455 5480 3762 5542 habebantur

2229 5561 2674 5634 nilltillm‘dCtiiti.
2764 5630 2775 5634 _
2900 5627 2966 5634 __
3137 5626 3148 5634 _
3200 5625 3219 5634 _
3321 5626 3350 5634 _,
3393 5623 3422 5634 ,ν
3605 5631 3611 5634 _
3685 5614 3708 5634 .-

2300 5611 2520 5700 (iiii—’11;
2532 5611 2871 5702 citi-sepultus
2896 5627 3016 5693 fuit,
3047 5635 3106 5683 ut
3136 5625 3280 5683 infra
3304 5623 3495 5682 dicitur
3519 5631 3657 5680 nume
3680 5611 3756 5670 52'
