4090 6286
112 4712 173 4749 ⁸’.τ

112 4766 153 4787 ,ν’

282 267 419 338 1401

1810 297 2005 361 VlTA'.

3381 306 3519 372 1402

278 386 388 484 ﬁde
439 388 668 469 haberet
710 396 1037 453 sententiam
1087 406 1145 455 et
1177 401 1510 460 voluntatem
1561 406 1839 477 aperiret,
1870 413 1914 470 Α
1943 412 2126 484 Mysta:
2157 416 2364 480 eximii,
2393 432 2515 473 cum
2553 419 2620 473 ad
2650 429 3012 476 sacrosanctae
3051 421 3306 477 Ecclesiae
3334 424 3518 477 venis-

278 475 656 535 adhortantes.
711 484 1044 542 Acclamavit
1094 502 1474 548 sacrosanctus
1524 475 1726 561 cintus,
1770 496 1845 552 ita

277 580 419 631 esse,
450 576 509 624 et
531 584 592 625 se
617 571 691 626 ita
719 574 922 630 sentire
941 577 1010 632 de
1039 570 1475 640 venerandarum
1496 583 1607 657 (46)
1648 587 1845 660 imagi-

276 670 410 712 nnm
443 660 667 730 antiqua
696 662 969 722 etﬁctione
1005 676 1063 723 et
1090 670 1425 742 adoratione,
1457 677 1644 743 multis
1691 679 1846 738 libris

276 745 500 802 Patrum
543 750 722 806 allatis
771 761 828 808 et
884 758 1231 826 synodalibus
1278 762 1547 833 decretis,
1591 768 1845 839 verisque

276 840 527 926 adductis
572 842 861 899 sententiis
904 854 958 900 et
1000 847 1577 921 demonstrationibus,
1622 865 1677 911 et
1717 858 1847 926 dili-

279 925 432 997 genti
470 933 854 1001 persecutione
887 934 1172 1006 impressis
1216 940 1272 995 in
1319 944 1544 1000 auribus
1575 947 1841 1004 omnium.

276 1017 336 1072 ld
369 1027 551 1073 autem
583 1037 691 1076 non
724 1025 891 1079 semel
919 1042 1021 1082 nec
1054 1029 1164 1096 bis,
1200 1032 1296 1087 sed
1332 1033 1400 1087 ad
1433 1035 1719 1105 septimam
1746 1055 1842 1094 us-

279 1121 389 1176 que
403 1110 715 1198 sessionem
746 1125 801 1168 et
829 1116 1163 1174 auditionem
1201 1129 1317 1176 toto
1354 1124 1445 1179 die
1487 1140 1841 1198 conspectum

274 1204 364 1251 est
389 1196 509 1253 ﬁeri
554 1218 568 1254 :
605 1208 883 1270 quomodo
919 1207 1084 1263 etiam
1123 1211 1256 1266 Acta
1302 1214 1521 1284 scriptis
1562 1196 1839 1286 mandata,

276 1302 377 1356 per
417 1289 663 1346 divinam
709 1298 1154 1365 consequentiam
1189 1310 1244 1356 et
1287 1304 1533 1361 ordinem
1572 1307 1838 1367 iudicant.

277 1376 519 1434 Tandem
564 1396 692 1437 cum
735 1383 1013 1455 Tarasius,
1069 1400 1125 1445 et
1168 1392 1292 1462 pius
1339 1395 1432 1465 qui
1471 1412 1595 1452 cum
1628 1414 1695 1454 eo
1725 1409 1843 1456 erat

275 1476 454 1524 coetus
506 1471 768 1529 collectus
825 1476 1083 1546 Patrum,
1134 1485 1504 1540 venerandum
1562 1488 1841 1545 decretum

274 1555 581 1614 litterarum
626 1564 760 1618 tutis
802 1570 1173 1625 monumentis
1223 1575 1553 1642 mandasset,
1579 1585 1635 1633 et
1679 1587 1740 1633 ut
1784 1579 1840 1634 id

272 1647 484 1703 salvum
512 1658 569 1705 et
600 1652 872 1724 integrum
903 1668 1174 1725 maneret,
1201 1671 1454 1729 precatus
1480 1675 1644 1731 esset,
1688 1677 1744 1723 et
1781 1678 1841 1725 ut

271 1735 487 1805 Patres,
510 1743 601 1811 qui
625 1744 863 1812 primam
880 1747 1143 1805 adversus
1168 1749 1431 1808 furiosum
1461 1756 1649 1811 Arium
1671 1757 1839 1815 victo-

270 1825 410 1881 riam
431 1839 591 1886 erant
606 1836 910 1902 consecuti,
939 1839 1217 1909 adjutores
1230 1843 1523 1912 baberent,
1549 1854 1606 1902 et
1626 1863 1837 1917 eorum,

270 1933 393 1988 quae
420 1931 568 1977 recta
598 1924 815 1981 decreta
852 1926 1093 1997 fuerant,
1147 1934 1424 2001 custodes,
1472 1935 1643 1991 Deum
1680 1938 1838 1994 invo-

269 2020 507 2076 cassent,
561 2022 619 2069 et
669 2022 820 2072 vante
859 2018 1148 2091 inanisque
1191 2024 1357 2093 hujus
1394 2029 1680 2083 sententiae
1723 2028 1836 2100 (47)

268 2109 544 2169 auctores,
578 2111 633 2159 et
655 2105 833 2162 omnis
863 2105 1087 2165 haeresis
1117 2110 1448 2180 inventores,
1477 2116 1547 2170 ab
1570 2119 1709 2172 atrio
1745 2133 1838 2173 ec-

275 2191 589 2249 clesiastico
642 2209 742 2266 per
793 2200 1082 2255 anathema
1126 2213 1496 2273 separassent,
1545 2206 1601 2260 in
1650 2208 1835 2262 urbem

265 2282 472 2352 regiam
532 2287 710 2344 delata
753 2290 1058 2346 orthodoxa
1114 2292 1365 2365 dogmata
1415 2306 1832 2357 conservarunt.

265 2367 416 2437 Quos
448 2388 662 2431 summa
689 2378 1067 2436 benevolentia
1091 2394 1426 2455 exceperunt
1455 2386 1833 2458 imperatores.

334 2463 427 2517 21.
462 2466 573 2539 (48)
608 2469 802 2525 Erecta
842 2472 1026 2543 itaque
1070 2475 1327 2531 cathedra
1373 2477 1618 2547 ipsorum
1661 2479 1836 2550 impe-

263 2562 530 2619 ratorum,
585 2568 641 2613 et
687 2561 856 2617 totius
900 2578 931 2618 a
987 2564 1097 2621 Deo
1145 2567 1336 2622 electae
1366 2569 1581 2640 synodi,
1625 2570 1681 2624 in
1721 2572 1833 2642 jam

264 2643 426 2700 dictae
472 2645 783 2719 Magnaurae
817 2653 1019 2725 insigni
1055 2656 1193 2724 inde,
1235 2665 1291 2712 et
1326 2674 1468 2715 novo
1499 2661 1717 2716 decreto
1747 2677 1835 2718 re-

262 2735 453 2801 citato,
496 2754 621 2794 cum
667 2758 828 2798 aures
864 2744 1246 2816 imperatorias
1292 2750 1512 2806 divinus
1556 2752 1835 2823 implesset

265 2826 501 2898 Spiritus
543 2832 873 2918 (audiebant
901 2837 1047 2891 enim
1105 2853 1200 2894 eos
1232 2840 1289 2894 in
1314 2856 1483 2896 unum
1507 2844 1834 2899 convenisse

262 2933 592 2977 concentum
622 2928 827 2981 auxilio
855 2929 976 2999 ejus
997 2969 1011 2993 ,
1042 2929 1136 2999 qui
1164 2930 1347 2985 omnia
1375 2932 1640 2999 continet,
1690 2941 1746 2988 et
1777 2934 1832 2988 in

1945 516 2068 561 sent
2112 508 2482 578 praefecturas,
2518 518 2575 565 et
2604 511 2804 566 divinis
2833 512 3099 569 doctrinis
3129 513 3386 583 populum
3429 514 3515 568 in-

1944 601 2268 655 struxissent
2309 617 2373 657 ac
2412 603 2878 671 corroborassent,
2925 605 3013 671 iis,
3061 605 3151 674 qui
3205 606 3261 659 in
3307 606 3512 660 clerum

1943 691 2180 760 cooptati
2218 691 2432 747 fuerant
2459 700 2553 748 aut
2575 694 2948 764 episcopatum
2987 696 3268 759 tenebant,
3299 696 3510 751 nullum

1942 790 2071 836 ante
2092 782 2379 852 synodum,
2410 794 2504 837 aut
2552 784 2608 837 in
2661 786 2893 856 synodo,
2926 796 3041 841 aut
3085 796 3208 856 post
3247 786 3511 856 synodum

1942 870 2148 926 crimen
2200 871 2492 927 intendunt
2516 874 2584 927 de
2613 875 2781 944 priori
2828 876 2968 930 mala
3003 876 3283 945 opinione,
3332 889 3513 945 neque

1941 976 2057 1029 eos,
2078 962 2168 1033 qui
2186 963 2431 1018 ordinati
2463 963 2676 1019 fuerant
2703 966 2771 1019 ab
2802 966 3090 1032 haereticis,
3121 981 3153 1021 a
3180 966 3396 1036 pascuis
3420 981 3510 1022 se-

1942 1063 2167 1124 gregant
2191 1054 2604 1110 Ecclesiasticis.
2642 1054 2748 1110 Sed
2779 1047 3103 1127 synodalem'
3136 1065 3191 1111 et
3225 1065 3509 1127 paternam

1942 1153 2232 1211 sequentes
2254 1142 2737 1213 dispensationem,
2765 1158 2861 1199 eos
2885 1145 3125 1214 quidem,
3154 1144 3245 1214 qui
3270 1145 3337 1199 ad
3364 1145 3508 1215 piam

1942 1234 2346 1306 transfugerant
2384 1237 2744 1301 sententiam,
2785 1237 3038 1292 manibus
3085 1236 3199 1291 suis
3240 1238 3509 1308 complexi
3608 1294 3613 1301 ι

1940 1334 2071 1381 sunt
2093 1334 2349 1396 tanquam
2367 1326 2566 1382 fratres
2595 1338 2650 1383 et
2680 1328 2914 1399 collegas
2940 1327 2994 1382 in
3025 1342 3253 1382 munere
3288 1328 3507 1398 pontiﬁ-

1940 1422 2134 1469 catus:
2161 1430 2257 1470 eos
2279 1430 2430 1480 vero,
2462 1417 2555 1485 qui
2588 1416 2644 1470 in
2678 1432 2738 1471 re
2764 1417 2941 1487 aliqua
2965 1417 3425 1484 claudicaverant,
3458 1427 3513 1473 et

1940 1502 1998 1557 in
2038 1502 2124 1571 iis,
2173 1519 2293 1573 quas
2336 1503 2403 1558 ad
2446 1504 2607 1558 ﬁdem
2652 1505 2947 1585 pertinent,
2981 1504 3252 1575 perversis
3280 1519 3510 1575 aspexe-

1942 1602 2065 1649 rant
2094 1594 2288 1660 oculis,
2321 1603 2378 1650 et
2409 1595 2606 1650 deinde
2633 1611 2662 1650 a
2692 1595 2849 1667 lapsu
2879 1595 3241 1665 resipuerant,
3269 1604 3327 1649 et
3360 1594 3513 1650 lihel-

1943 1681 2008 1736 lis
2025 1681 2588 1752 comprehendendam
2612 1684 2938 1755 abrogarant
2957 1684 3293 1753 opinionem,
3319 1682 3509 1738 iisdem

1941 1774 2333 1843 amplectentes
2374 1773 2694 1833 visceribus.
2728 1774 3068 1830 collocabant
3118 1776 3173 1829 in
3218 1777 3332 1829 suis
3364 1775 3512 1829 sedi-

1937 1859 2041 1915 bus
2073 1877 2087 1912 :
2119 1867 2173 1914 et
2202 1861 2254 1913 in
2284 1860 2513 1930 paeiﬁco
2537 1868 2680 1914 statu
2710 1871 2766 1916 et
2795 1863 3187 1932 tranquillitate
3210 1863 3374 1918 nullis
3396 1864 3510 1934 agi-

1854 2002 1871 2009 -
1939 1956 2050 2004 tata
2082 1949 2357 2015 ﬂuctibus,
2403 1959 2798 2006 conservaruut
2826 1951 3120 2008 Ecclesium
3156 1954 3305 2009 orbis
3331 1963 3507 2008 terrm.

2004 2043 2095 2096 23.
2145 2035 2211 2097 Et
2258 2043 2313 2096 in
2352 2043 2418 2099 iis
2463 2042 2705 2112 quidem,
2736 2059 2857 2112 quae
2893 2043 2961 2098 ad
3008 2044 3295 2114 gloriosam
3347 2045 3505 2098 [idem

1935 2134 2233 2205 pertinent,
2287 2134 2369 2190 sic
2417 2150 2645 2205 magnus
2679 2134 2910 2190 affectus
2942 2134 3219 2197 Tarasius,
3267 2135 3333 2190 ad
3386 2149 3507 2191 eam

1934 2234 2081 2280 recte
2103 2233 2160 2279 et
2189 2233 2376 2296 aperte
2408 2225 2805 2294 explicandam,
2839 2235 2893 2280 et
2918 2225 2986 2280 ad
3015 2240 3132 2287 eos,
3164 2225 3256 2295 qui
3285 2225 3508 2280 vacilla-

1932 2315 2067 2372 bant
2089 2325 2145 2371 et
2164 2316 2411 2386 utrisque
2430 2316 2660 2386 pedibus
2689 2316 3086 2383 claudieahant,
3117 2324 3178 2371 ut
3200 2326 3349 2372 recto
3368 2317 3507 2386 pede

1933 2404 2270 2467 incederent,
2305 2402 2734 2474 persuadendos,
2766 2416 3022 2472 magnum
3054 2401 3295 2470 suscepit
3324 2409 3506 2457 certa-

1932 2510 2059 2549 men
2084 2505 2139 2550 et
2189 2495 2518 2550 immensum
2551 2494 2792 2548 laborem
2821 2493 3104 2562 :quotidie
3136 2492 3354 2561 quidem
3385 2506 3500 2558 eos,

1932 2588 2026 2658 qui
2062 2587 2415 2650 accedebant,
2454 2586 2701 2641 honestis
2740 2584 2962 2640 monitis
3010 2584 3272 2639 inducens
3304 2600 3319 2637 :
3354 2590 3411 2638 et
3454 2585 3506 2639 si

1931 2690 2070 2746 quos
2093 2675 2311 2730 videbat
2353 2674 2518 2731 corde
2548 2688 2858 2745 perversos,
2883 2688 2978 2729 eos
3005 2672 3272 2743 dirigebat
3307 2672 3505 2727 verbo-

1933 2784 2053 2823 rum
2084 2765 2582 2839 congressionibus,
2615 2781 2819 2836 eosque
2847 2765 3058 2837 legibus
3082 2765 3340 2835 colligans
3362 2764 3504 2819 veri-

1934 2861 2080 2927 tatis,
2104 2859 2408 2915 adducebat
2429 2858 2683 2915 Ecclesiae
2703 2873 2887 2913 sacras
2909 2856 3021 2929 (ιθ)
3052 2858 3279 2913 hostias.
3309 2854 3504 2913 Osten-

1932 2949 2095 3005 debat
2125 2958 2306 3004 autem
2346 2949 2549 3003 nullam
2589 2949 2814 3004 omnino
2843 2948 3044 3003 habere
3086 2948 3503 3002 consensionem

264 3025 428 3064 unam
455 3017 798 3073 consensisse
827 3020 1204 3089 sententiam),
1228 3020 1478 3076 admirati
1511 3031 1641 3077 sunt
1665 3038 1831 3079 accu-

265 3103 531 3132 -ιιθῖιηυησ,
569 3125 581 3132 .
617 3116 666 3132 Α.
707 3124 820 3132 μ.--
860 3111 1155 3132 A-A._s_-_‘
1208 3112 1385 3132 νύξ-μ
1434 3114 1510 3132 μ-
1536 3115 1572 3132 ,-
1618 3115 1703 3132 μιν
1763 3115 1793 3132 ον

1937 3048 2029 3094 aut
2058 3028 2519 3103 convenientiam,
2557 3047 2720 3108 prout
2753 3038 3035 3094 videbatur
3068 3037 3194 3092 fidei
3222 3044 3503 3100 accusato-

265 3103 533 3159 rationem
568 3125 582 3161 :
614 3116 669 3163 et
702 3124 825 3164 esse
854 3111 1161 3166 doctrinam
1193 3112 1393 3168 divinae
1433 3114 1828 3185 inspirationis,

1937 3129 2109 3193 ribus,
2140 3129 2408 3185 idolorum
2440 3103 2876 3184 abominationes
2904 3144 3027 3184 cum
3070 3128 3177 3198 piis
3209 3137 3266 3183 et
3301 3127 3506 3182 divinis

265 3207 388 3262 (Ιυω
423 3196 492 3250 ab
524 3196 606 3251 eis
640 3196 861 3254 decreta
906 3199 1143 3265 Ῑυυτληιν
1189 3202 1468 3272 sapienter
1503 3203 1831 3273 Ῑυάίοειηιθεν
1934 3216 2119 3287 ﬁguris
2155 3217 2588 3274 venerandarum
2618 3216 2939 3286 imaginum.
2977 3196 3111 3271 Nam
3138 3216 3353 3270 illorum
3380 3214 3504 3284 qui-

267 3295 325 3373 et
352 3300 531 3354 penna
560 3295 616 3342 et
644 3304 809 3345 manu
839 3290 1187 3362 imperatoria
1235 3309 1298 3349 ea
1337 3295 1541 3364 optime
1578 3308 1835 3364 compro-
1934 3301 2080 3366 dem,
2111 3302 2291 3357 aiebat
2339 3304 2452 3371 ille,
2506 3304 2793 3372 productio
2833 3303 2996 3359 simul
3049 3303 3327 3373 inquinata
3379 3318 3505 3357 cum

267 3372 402 3428 bam
429 3382 485 3429 ει
517 3377 877 3434 conﬁrmant:
911 3389 968 3435 et
997 3396 1106 3435 non
1138 3383 1338 3437 vilibus
1374 3383 1534 3438 donis
1567 3384 1833 3454 synodum
1933 3392 2127 3462 primis
2156 3393 2576 3461 exemplaribus,
2627 3393 2859 3448 efﬁcitur
2894 3394 3056 3463 plena
3088 3372 3235 3449 omni
3271 3393 3505 3463 turpitu-

267 3464 568 3531 prosecuti,
607 3482 1049 3539 unumquemque
1097 3471 1322 3526 mittunt
1363 3471 1417 3525 in
1463 3487 1617 3527 suam
1645 3472 1835 3527 civita-

267 3557 377 3604 tem
407 3561 463 3606 et
492 3553 559 3608 ad
586 3569 777 3627 greges
806 3558 1032 3613 rationis
1061 3559 1376 3630 participes.

848 3710 1095 3811 ‘CAPUT
1135 3755 1221 3810 γι.

269 3880 562 3955 Pro/ligata
602 3902 635 3939 α
688 3896 872 3943 sancto
908 3893 1130 3946 Tarasia
1179 3895 1389 3949 hazresis
1439 3904 1489 3950 et
1546 3898 1772 3951 simonia
1813 3914 1833 3953 :

568 3977 874 4034 immunitas
903 3979 1150 4038 Ecclesia:
1173 3995 1528 4056 propugnata.

334 4104 424 4158 22.
484 4102 741 4163 Tarasius
796 4116 979 4165 autem
1037 4121 1095 4167 et
1155 4115 1573 4183 apostolicarum
1623 4116 1835 4172 sedium

264 4231 491 4313 epistola
515 4235 684 4290 sancti
712 4235 919 4295 Tarasii
949 4241 1016 4295 ad
1045 4241 1387 4310 patriarchas
1418 4244 1630 4301 sedium
1653 4245 1836 4300 orien-

268 4301 479 4378 talium,
495 4315 563 4378 et
588 4318 777 4359 eorum
809 4301 1152 4378 responsum.

337 4371 451 4441 (46)
493 4371 618 4427 Haec
691 4377 877 4431 omnia

265 4448 438 4509 gesta.
998 4492 1011 4503 .

338 4509 712 4597 (Hgiﬂqlignc
728 4511 784 4597 εξ,
823 4519 931 4597 qua
962 4529 1016 4597 et
1049 4526 1158 4572 tres
1188 4521 1842 4597 patriarchge‘Constanti-

264 4582 568 4651 nopolitani
597 4582 942 4651 Anastasius,
973 4582 1367 4646 Constantinus
1386 4601 1442 4647 et
1464 4591 1680 4650 Nicetas
1705 4608 1839 4648 ana-

263 4649 491 4703 tite-mali
522 4651 750 4718 subjecti
771 4662 918 4708 sunt.

337 4718 451 4858 (48;
474 4718 658 4800 Mense
688 4721 1001 4786 Novembri,
1036 4726 1113 4780 ait
1135 4726 1515 4798 Theophanes.

340 4787 430 4856 (49
478 4789 573 4843 Hu-
598 4790 749 4846 zelus
772 4808 1021 4858 magnam
1055 4795 1279 4851 'l‘arasio
1312 4802 1515 4858 peperit

340 4787 450 4858 (49)
478 4789 573 4870 _Hir
598 4790 749 4870 zelus
772 4808 1021 4862 magnam
1055 4787 1518 4870 'l‘arasio'peperit
1558 4803 1837 4870 invidiam.

267 4873 373 4937 qua
408 4860 735 4937 calumniam
764 4860 963 4937 passus
990 4877 1101 4937 est,
1116 4868 1273 4937 quasi
1307 4860 1680 4935 peEmniariam
1709 4860 1835 4932 eum

266 4929 391 4982 labe
419 4927 743 5010 §imoniaca_
765 4927 988 5010 ΐιεεῇεεθι
1010 4927 1411 5010 ordinationem
1439 4955 1454 5005 ;
1485 4943 1627 5010 quod
1652 4927 1836 5000 verum

268 5013 381 5080 non
408 4998 582 5080 fuisse
607 5001 765 5080 tradit
807 4999 958 5056 Theo
982 5004 1369 5080 ’ort_ts_Studi_ta
1399 4998 1454 5061 in
1501 4998 1735 5080 epistola
1769 4998 1836 5070 ad

272 5067 605 5147 Sit-pltaﬂuttt
657 5069 912 5147 lectorem
950 5074 1087 5147 apud
1127 5075 1416 5147 Bai-ouium
1472 5067 1553 5133 ad'
1596 5096 1686 5136 an.
1712 5067 1835 5140 “737‘

268 5151 423 5212 num.
453 5137 540 5199 59,
562 5139 682 5192 licet
703 5138 934 5212 fateatur
962 5137 1014 5196 in
1034 5145 1398 5212 suspicionem
1422 5162 1484 5202 ea
1502 5150 1568 5203 de
1586 5166 1644 5204 re
1669 5137 1840 5209 fuisse

270 5205 565 5286 adductum
588 5210 729 5287 apud
757 5210 1066 5287 quachos.
1083 5223 1116 5264 ἰ
1131 5205 1363 5287 :Utergo
1382 5219 1447 5270 ad
1468 5235 1580 5273 rem
1598 5205 1835 5287 veniant,

269 5277 467 5349 i_nquit,
507 5278 765 5349 quidnam
826 5279 948 5344 fuit,
997 5284 1141 5349 quod
1177 5277 1467 5341 diSsEntire
1496 5303 1595 5343 nos
1640 5291 1767 5346 ferit
1806 5277 1833 5348 5

270 5340 539 5399 Tarnsio‘?
569 5340 955 5424 Fides?Atqui
1018 5340 1199 5417 palam
1233 5340 1455 5424 quidem
1490 5340 1836 5419 οὲιὶιόᾶοἶυζ

269 5424 406 5498 erat,
431 5432 615 5498 sacras
649 5422 888 5498 synodos
941 5422 1299 5498 sequebatur,
1327 5433 1381 5478 et
1420 5442 1543 5480 cum
1589 5428 1712 5484 aliis
1744 5447 1838 5498 pa-

272 5487 525 5566 triarchis
554 5487 949 5566 consctttiebat,
982 5487 1054 5566 ες-
1075 5487 1370 5547 maximum
1405 5507 1565 5551 antea
1606 5513 1705 5566 pro
1733 5487 1836 5554 [ide

273 5565 545 5635 certamen
581 5558 957 5635 __sustittuerat.
1012 5560 1290 5635 Eorumne
1348 5580 1537 5629 causa,
1606 5558 1699 5635 qui
1765 5572 1836 5625 ab

275 5627 466 5678 lteri-si
503 5624 795 5702 redierant,
854 5633 1167 5700 susceptio?
1220 5635 1289 5686 At
1337 5649 1443 5688 non
1477 5624 1545 5688 ab
1586 5624 1680 5692 illo
1717 5624 1833 5693 haec

278 5703 512 5755 prun-im
557 5705 793 5759 iuventa,
842 5713 967 5755 cum
1020 5716 1050 5755 a
1085 5702 1289 5760 sanctis
1329 5704 1587 5761 Patribus
1636 5708 1834 5768 triolici

1934 3481 2060 3536 dine
2077 3523 2093 3542 ,
2119 3481 2312 3535 harum
2336 3496 2468 3535 vero
2492 3496 2616 3537 cum
2645 3484 2758 3538 sint
2786 3485 3092 3537 veneranda
3123 3485 3297 3554 prima
3323 3500 3509 3540 exem-

1934 3572 2128 3642 plaria,
2157 3571 2473 3626 necessario
2500 3572 2665 3627 etiam
2693 3572 2856 3627 simul
2887 3577 3504 3643 venerandaapparent,

1934 3679 2057 3735 qua:
2088 3678 2158 3718 ex
2187 3663 2294 3718 illis
2342 3664 2740 3734 producuntur.
2772 3666 2841 3720 Et
2867 3672 2997 3719 sunt
3043 3664 3133 3719 illa
3164 3666 3382 3734 quidem
3421 3667 3506 3719 in-

1935 3764 2096 3812 venta
2137 3756 2357 3828 gentilis
2408 3756 2557 3812 falsa:
2602 3757 2901 3827 religionis,
2931 3755 3105 3812 effieta
3136 3773 3202 3811 ex
3232 3771 3320 3820 eo,
3360 3759 3505 3826 quod

1934 3862 2204 3916 nusquam
2238 3855 2355 3902 est:
2407 3847 2492 3902 hac
2536 3855 2742 3916 autem,
2769 3862 2889 3917 qua:
2931 3862 2963 3902 a
3004 3846 3312 3903 Christiana
3362 3857 3508 3902 recte

1935 3938 2076 3997 ﬁunt
2107 3937 2412 4001 sanctitate,
2443 3954 2508 3993 ex
2537 3952 2603 3994 eo
2646 3938 2791 4008 quod
2843 3946 2945 4005 est,
2984 3938 3052 3992 ad
3099 3939 3152 3993 id
3212 3940 3357 4009 quod
3401 3946 3505 4003 est,

1937 4029 2255 4095 en‘ormatae,
2286 4029 2490 4086 habent
2513 4039 2934 4101 consequentem
2965 4030 3289 4101 exemplaris
3310 4032 3508 4086 arche-

1939 4123 2048 4195 typi
2082 4122 2445 4178 sanctitatem.
2482 4144 2493 4151 λη

1936 4255 2101 4311 modo
2131 4254 2369 4324 suscepti
2395 4253 2671 4310 fuerint...
2694 4255 2777 4308 An
2811 4253 3084 4309 ordinatio
3106 4268 3201 4324 per
3224 4253 3506 4324 pecunias,

1937 4339 2061 4395 quae
2090 4326 2144 4378 in
2181 4321 2580 4395 depositionem
2614 4327 2930 4395 necessario
2985 4321 3261 4395 incurrit?
3295 4321 3506 4395 Necuid

948 4380 1291 4448 Potissimum
1348 4381 1565 4439 actione
1612 4386 1648 4441 4
1706 4393 1836 4440 sunt
1867 4391 1913 4445 Ι)
1941 4380 2169 4465 prorsus
2217 4380 2407 4465 viarum
2445 4402 2546 4450 est.
2579 4411 2598 4444 ι
2634 4393 2878 4458 Interim,
2914 4401 2974 4451 ut
3002 4401 3125 4465 post
3153 4393 3259 4465 al_ia
3314 4393 3504 4465 addit,

1952 4461 1971 4516 ξ
2000 4465 2208 4528 zelotas,
2245 4464 2338 4532 qui
2386 4473 2499 4517 tum
2555 4472 2736 4526 erant,
2784 4470 2839 4516 et
2875 4463 3074 4527 exacti,
3106 4470 3160 4516 et
3191 4461 3418 4516 Tarasio
3450 4479 3508 4518 se

1945 4534 2366 4600 conjunxerant,
2392 4543 2447 4587 et
2484 4535 2609 4587 cum
2660 4548 2727 4587 eo
2764 4532 3202 4593 consentiebant,
3237 4543 3292 4586 et
3325 4533 3508 4587 subito

1943 4613 2067 4672 post
2094 4604 2361 4673 synodum
2380 4602 2773 4657 discessionem
2800 4601 3046 4673 fecerunt
3071 4601 3143 4673 ob
3172 4615 3506 4673 susceptam,

1945 4671 2004 4725 ut
2035 4671 2168 4742 ipsis
2220 4671 2398 4726 visum
2454 4681 2558 4738 est,
2599 4671 2970 4742 pecuniariam
3027 4671 3431 4726 ordinationem
3455 4682 3509 4726 et

1941 4738 2079 4797 alias
2104 4743 2367 4810 quasdam
2396 4738 2780 4810 quaestiones.»
2812 4738 3040 4804 Verum,
3061 4750 3120 4795 ut
3148 4743 3505 4810 praemiserat,

1950 4829 1968 4861 ‹
1990 4826 2169 4879 operae
2192 4813 2451 4865 duximus
2475 4812 2705 4878 pretium
2736 4810 2888 4879 pacis
2920 4812 3100 4864 studio
3125 4827 3248 4864 cum
3279 4825 3345 4864 eo
3370 4825 3505 4862 con-

1941 4880 2180 4934 cordiam
2212 4883 2514 4935 retinere...
2552 4880 2615 4933 Et
2640 4880 2729 4933 ubi
2788 4880 2935 4948 quod
2987 4881 3208 4934 oﬂendit
3266 4881 3506 4950 suspicio

1940 4960 2044 5019 est,
2077 4949 2273 5005 melius
2304 4957 2386 5003 est
2432 4950 2708 5014 assentiri,
2760 4964 2924 5019 quam
2973 4950 3302 5018 pertinacem
3360 4949 3502 5006 esse.

1940 5017 2054 5074 Nec
2087 5033 2214 5073 vero
2244 5020 2349 5089 ipsi
2379 5035 2478 5073 vos
2493 5020 2558 5073 de
2578 5017 2914 5072 conscientia
2948 5017 3125 5072 vestra
3148 5022 3503 5076 deducimus:

1942 5105 2041 5143 nec
2063 5103 2157 5142 vos
2187 5105 2404 5143 rursum
2442 5090 2491 5142 id
2527 5089 2745 5158 exigite,
2781 5097 2838 5141 ut
2863 5103 2962 5143 nos
2988 5091 3053 5141 de
3101 5104 3209 5143 non
3275 5090 3504 5146 manifeo

1941 5166 2083 5211 stata
2108 5160 2265 5213 nobis
2291 5160 2629 5229 cognitione;
2652 5158 3095 5229 quandoquidem
3127 5169 3177 5212 et
3203 5177 3432 5229 persona
3453 5172 3507 5216 et

1941 5238 2156 5301 tempus
2181 5228 2598 5301 etrxperientin
2624 5228 2918 5301 conciliare
2954 5231 3092 5282 solet
3131 5228 3258 5301 eos.
3286 5233 3377 5301 qui
3439 5233 3506 5285 de

1938 5298 2143 5350 eisdem
2192 5299 2355 5351 rebus
2386 5314 2489 5352 neu
2526 5300 2714 5349 eadem
2773 5299 3038 5352 sentiunt.
3074 5317 3093 5351 ι
3128 5298 3349 5354 Demuin
3404 5304 3503 5354 sub

1940 5367 2100 5419 fluctu
2137 5375 2370 5420 testatur
2424 5382 2801 5435 perseverasse
2829 5368 3039 5422 TaraSii
3097 5384 3222 5423 eum
3261 5371 3502 5423 Romana

1939 5434 2181 5504 Ecclesia
2234 5434 2696 5490 communionem.
2729 5456 2747 5487 t
2780 5437 3126 5492 Manifestum
3166 5452 3268 5502 ρει,
3305 5438 3500 5504 inqui',

1937 5519 2061 5558 cum
2111 5503 2482 5559 Romanorum
2520 5507 2775 5561 Antistite
2800 5507 3013 5561 'l‘arasii
3047 5503 3387 5575 temporibus
3404 5521 3501 5575 su-

1937 5575 2211 5629 criticasse
2242 5575 2639 5644 Apocrisiarios
2676 5578 2801 5632 hinc
2845 5578 3042 5631 missos
3101 5574 3171 5629 et
3199 5575 3342 5629 illius
3394 5574 3504 5629 for-

1938 5657 2082 5701 tasse
2105 5660 2227 5699 cum
2256 5645 2644 5701 Orientalibus.
2670 5665 2687 5700 ο
