4090 6286
613 323 754 390 1403

1695 327 1756 387 S.
1805 324 2114 387 TABASH
2160 324 2660 388 PATRIARCHE
2701 327 2811 387 CP.

3713 323 3829 391 1105

683 439 775 495 ΩΑ.
814 439 951 494 Cum
979 439 1124 494 enim
1157 438 1456 494 invenisset
1493 437 1788 494 Ecclesium
1819 439 2180 510 praestigiato-
2208 439 2251 494 Α
2278 454 2400 494 cum
2435 457 2626 512 graves
2652 450 2707 496 et
2736 440 2944 496 acerbae
2972 439 3039 496 de
3060 455 3126 496 eo
3145 438 3479 496 haberentur
3500 439 3826 510 quaestiones,

615 530 694 584 ris
742 539 793 584 et
831 528 1170 584 circulatoris
1217 529 1274 584 in
1309 544 1518 584 morem
1549 528 1800 584 aﬂ‘ectam
1831 537 1885 584 et
1912 539 2184 585 errantem

616 621 672 675 in
695 620 973 674 montibus
993 619 1240 697 haeresis,
1263 629 1318 675 et
1337 621 1696 676 sustinentem
1719 622 1916 676 famem
1941 631 1998 676 et
2017 622 2182 688 sitim,

615 723 726 762 non
760 707 912 776 panis
938 719 993 762 et
1032 723 1204 778 aquae,
1237 711 1328 762 sed
1373 709 1570 762 famem
1608 707 1861 763 audiendi
1893 708 2044 762 verbi
2079 707 2184 761 Do-

616 799 769 861 mini,
802 815 921 854 eam
947 800 1099 854 alens
1127 801 1182 854 in
1219 801 1437 870 pascuis
1475 802 1696 870 quietis,
1726 811 1784 856 et
1815 801 2090 856 deducens
2117 801 2186 856 ad

615 889 836 946 semitas
861 891 1106 959 justitiaa,
1144 906 1359 962 gregem
1408 892 1539 947 fecit
1568 893 2004 962 pinguissimum,
2037 892 2186 946 salu-

611 982 825 1038 taribus
865 983 1266 1052 pingttefactum
1301 985 1626 1046 actionibus,
1649 991 1706 1038 et
1729 985 1872 1039 dulci
1898 984 2038 1040 lacte
2063 985 2186 1039 ﬁdei

617 1087 794 1127 acrem
826 1074 1062 1128 lueretici
1087 1073 1340 1128 fermenti
1365 1077 1778 1131 amaritudinem
1805 1085 2182 1146 exspuentem,

615 1171 670 1215 et
697 1163 954 1216 eaet-tum
983 1179 1180 1218 novam
1213 1167 1680 1234 conspersionem.
1714 1166 1779 1222 Et
1807 1167 2041 1236 primum
2071 1168 2190 1236 qui-

616 1253 738 1306 dem
771 1254 881 1322 (50)
924 1253 1244 1308 Simoniacae
1288 1271 1560 1310 crumena:
1605 1259 1860 1312 scindens
1887 1253 2189 1325 vinculum,

615 1356 726 1410 quo
781 1351 998 1397 sanctus
1061 1343 1294 1413 Spiritus
1350 1347 1553 1400 dontttn
1605 1349 1798 1402 venale
1847 1350 2186 1418 proponitur,

619 1434 827 1497 statuit,
875 1443 936 1488 ut
985 1437 1324 1490 sacerdotum
1353 1439 1518 1508 gratis
1566 1439 1758 1494 fierent
1795 1441 2098 1496 creationes
2133 1450 2190 1496 et

618 1521 992 1576 ordinationes
1028 1541 1041 1576 :
1076 1540 1143 1578 ex
1170 1526 1309 1588 atrio
1341 1527 1712 1583 ecclesiastico
1756 1544 1970 1583 omnem
2018 1546 2188 1600 pecu-

617 1612 848 1666 niariam
881 1605 1159 1684 expellens
1184 1619 1659 1684 consuetudinem,
1694 1627 1749 1674 et
1777 1622 2036 1690 quidquid
2071 1631 2189 1677 erat

616 1717 872 1770 asperum
897 1705 1140 1771 ejiciens,
1171 1715 1347 1760 rectas
1369 1707 1497 1762 facit
1532 1709 1753 1762 semitas
1797 1710 1942 1775 fidei,
1971 1726 2185 1780 gregem

2288 547 2466 602 neque
2519 535 2570 589 ei
2609 533 2902 604 quidquam
2952 533 3172 588 daretur
3219 531 3540 594 laxamenti,
3593 532 3686 586 sed
3715 533 3831 588 allii-

2287 625 2469 680 ctione
2494 634 2549 680 et
2577 626 2822 681 cruciatu
2852 625 3000 679 omni
3039 639 3110 678 ex
3148 632 3298 694 parte
3329 633 3640 694 urgeretur,
3671 625 3833 681 detur-

2287 713 2520 767 bahatur
2569 714 2623 767 in
2693 713 3022 783 profundum
3076 712 3476 782 desperationis
3525 729 3640 782 pra:
3689 717 3832 770 animi

2286 805 2628 876 aegritudine.
2678 805 2730 859 Is
2767 820 2891 859 cum
2944 813 3160 879 noctem
3210 805 3560 858 observasset
3594 805 3834 876 intempe-

2287 903 2446 958 stam,
2476 911 2572 949 eos
2599 895 2797 958 latens,
2826 901 3057 965 quorum
3085 895 3344 950 custodiae
3376 894 3557 948 fuerat
3599 898 3830 961 creditus,

2287 985 2354 1039 ad
2382 985 2566 1054 templi
2597 985 2838 1040 divinum
2872 999 2931 1040 se
2981 985 3207 1040 contulit
3249 984 3541 1056 refugium.
3575 985 3706 1040 Cum
3750 1003 3833 1041 au-

2290 1081 2396 1128 tem
2429 1072 2622 1128 fuisset
2649 1074 2791 1128 intra
2823 1075 3000 1144 adyta,
3033 1074 3358 1128 veneranda:
3406 1090 3616 1129 mensa:
3655 1078 3824 1131 mordi-

2287 1177 2385 1218 cus
2419 1165 2776 1233 apprehensis
2821 1165 3097 1229 cornibus,
3134 1180 3196 1218 ea
3245 1166 3464 1220 tenebat
3505 1180 3632 1220 cum
3665 1183 3835 1237 magno

2288 1263 2523 1309 tremore
2578 1263 2634 1308 et
2684 1255 2896 1309 timore.
2939 1255 3074 1309 Cum
3119 1270 3246 1325 ergo
3300 1270 3427 1309 eum
3481 1255 3834 1320 cognovissent

2287 1343 2580 1414 aufugisse,
2614 1356 2761 1399 metu
2792 1361 2860 1400 ne
2892 1346 3031 1400 idem
3063 1347 3310 1401 subirent
3339 1345 3688 1416 supplicium,
3711 1347 3837 1400 velo-

2287 1433 2442 1489 cibus
2494 1435 2725 1504 pedibus
2751 1445 3021 1490 venerunt
3071 1436 3138 1490 ad
3177 1435 3421 1488 divinum
3464 1435 3742 1503 templum,
3791 1443 3836 1490 et

2287 1536 2413 1576 eum
2451 1523 2777 1592 aspicientes
2822 1539 3064 1578 mensam
3113 1523 3348 1578 divinam
3409 1523 3835 1592 apprehendisse.

2289 1613 2627 1668 circumdant
2657 1614 2799 1684 adyti
2849 1614 3134 1677 ambitum,
3171 1622 3413 1682 tempore
3461 1613 3574 1666 cibi
3611 1613 3837 1668 sumendi

2290 1714 2385 1757 reo
2422 1702 2730 1772 aperientes
2779 1701 3107 1773 ingressum,
3159 1717 3267 1756 non
3302 1702 3500 1756 dantes
3557 1702 3749 1766 locum,
3792 1711 3841 1758 ut

619 1791 802 1844 multis
831 1807 1126 1860 provocans
1149 1798 1510 1859 sermonibus.
1535 1807 1588 1852 et
1609 1800 1908 1853 ascendens
1929 1801 1982 1854 in
2009 1815 2186 1856 sacra-
2220 1771 2260 1825 Β
2288 1805 2472 1865 posset
2501 1796 2578 1849 uti
2613 1785 2835 1866 reliquis
2871 1795 3192 1850 necessariis
3229 1811 3243 1848 :
3277 1795 3369 1848 sed
3411 1795 3712 1872 sperabant
3740 1781 3840 1850 fore

619 1877 890 1933 tissimum
921 1882 1232 1947 ambonem,
1273 1885 1495 1952 parabat
1533 1902 1773 1941 mensam
1805 1889 2187 1956 doctrinte,_ex

2291 1893 2350 1939 ιιι
2387 1899 2511 1939 eum
2546 1886 2795 1954 proderet
2831 1885 3147 1948 necessitas,
3203 1894 3260 1940 et
3291 1902 3416 1940 eum
3467 1886 3554 1940 vel
3589 1886 3842 1940 nolentem

617 1966 882 2024 divinitus
933 1972 1210 2041 inspiratis
1256 1974 1554 2046 Scripturis
1580 1995 1786 2034 venans
1817 1981 2064 2052 obsonia,
2121 1982 2188 2036 ad
2285 1976 2601 2044 expelleret.
2649 1977 2998 2030 Adhibebant
3029 1977 3208 2046 itaque
3245 1976 3510 2045 majorem
3540 1965 3839 2031 custodiam.

615 2056 840 2113 alendas
865 2061 1077 2115 animas
1105 2063 1276 2117 utilia.
1309 2063 1453 2130 Quin
1481 2066 1641 2120 etiam
1671 2069 1899 2137 sparsim
1930 2070 2190 2138 colligens

616 2147 826 2202 cantica
866 2149 1138 2215 Davidica,
1173 2167 1269 2221 per
1307 2155 1754 2224 perspicuitatem
1799 2164 1853 2211 et
1881 2157 2214 2214 evidentem‘

619 2253 798 2292 rerum
830 2240 1259 2307 distinctionem,
1290 2245 1432 2299 clare
1458 2247 1736 2315 aperiebat
1763 2263 1849 2314 ea,
1876 2264 1997 2318 quae
2016 2251 2190 2306 'intcl-

617 2329 924 2400 ligehantur
960 2355 971 2386 :
1005 2334 1140 2387 adeo
1171 2343 1230 2388 ut
1266 2349 1451 2392 essent
1484 2338 1648 2393 veluti
1679 2338 1732 2392 in
1763 2349 2061 2410 conspectu
2101 2343 2187 2407 iis,

618 2419 710 2489 qui
738 2433 896 2476 erant
928 2423 1140 2490 lecturi,
1171 2432 1228 2480 et
1253 2435 1401 2482 recta
1435 2427 1500 2482 iis
1535 2429 1630 2498 qui
1684 2430 1970 2512 inveniunt
2002 2433 2190 2503 cogni-

620 2511 844 2566 tionem.
1943 2532 1950 2539 '

685 2599 774 2654 25.
799 2600 951 2668 Quod
979 2611 1158 2657 autem
1187 2608 1577 2676 propemodum
1593 2611 1946 2679 praetermisi,
1973 2620 2026 2668 et
2049 2615 2193 2684 quod

617 2691 937 2744 memeriam
963 2693 1232 2764 etl'ttgiens
1261 2711 1369 2750 non
1401 2706 1517 2752 erat
1544 2702 1962 2766 enuntiandum,
1995 2712 2050 2758 et
2077 2714 2195 2760 erat

617 2781 920 2836 eelatnrum
953 2799 1136 2838 curam
1162 2785 1327 2840 divini
1355 2787 1549 2854 Patris,
1574 2805 1733 2858 quam
1757 2794 1973 2861 gerebat
1997 2793 2052 2846 in
2076 2807 2191 2860 eos,

617 2870 711 2940 qui
762 2873 1098 2940 laborabant,
1143 2893 1246 2945 qua
1289 2877 1406 2947 ipse
1447 2894 1541 2935 eos
1577 2880 1809 2945 levabat.
1845 2891 1901 2936 et
1930 2883 2106 2952 cujus,
2135 2891 2194 2938 ut

617 2962 832 3030 opinor,
871 2962 973 3018 luit
997 2965 1111 3034 ipse
1138 2969 1350 3036 primus
1374 2971 1574 3040 opifex,
1607 2987 1730 3026 cum
1757 2973 1808 3026 in
1839 2973 1984 3028 hunc
2013 2975 2195 3031 locum

620 3053 884 3116 venerim,
945 3067 1200 3124 tanquam
1258 3061 1668 3116 condimentum
1729 3064 1945 3132 aliquod
1983 3073 2040 3120 et
2086 3067 2193 3120 mel

621 3141 778 3195 dulce
817 3144 1128 3200 admiscens
1159 3149 1370 3216 reliquo
1403 3152 1617 3220 corpori
1651 3153 1936 3215 orationis,
1982 3156 2192 3212 viscera

620 3232 923 3287 clementius
952 3244 1008 3288 et
1034 3239 1418 3295 misericordia:
1451 3242 1613 3295 statui
1655 3243 1896 3298 inserere
1931 3245 1985 3300 in
2014 3248 2194 3302 cordi-

621 3321 722 3375 bus
774 3338 984 3386 eorum,
1025 3325 1118 3392 qui
1167 3335 1298 3381 sunt
1335 3328 1552 3398 benigni
1593 3337 1649 3384 et
1697 3330 2011 3385 clementes.
2062 3331 2192 3387 Nam

621 3412 914 3480 aliquando
947 3417 1166 3483 quidaut
1201 3432 1265 3471 ex
1299 3418 1383 3476 iis.
1409 3419 1498 3488 qui
1535 3420 1796 3489 gerebant
1823 3421 2190 3491 magistratus,

621 3503 911 3572 splendore
954 3516 1010 3562 et
1060 3508 1227 3578 gloria
1257 3518 1312 3564 et
1346 3511 1549 3565 divitiis
1583 3512 1832 3582 insignis,
1861 3513 1952 3582 qui
2005 3515 2210 3582 etiam,-

621 3603 682 3648 ut
711 3596 820 3665 (5i)
850 3612 1036 3652 ensem
1067 3599 1474 3669 imperatorium
1501 3611 1756 3674 gestaret,
1787 3605 2049 3661 honorem
2077 3616 2194 3662 erat

619 3685 870 3756 adeptus,
901 3705 1001 3760 pro
1031 3705 1226 3764 magno
1247 3695 1498 3764 pecuniae
1526 3696 1768 3766 pondere
1799 3697 1958 3753 luens
1983 3713 2190 3769 poenas,

690 3827 804 3901 (50)
865 3826 1150 3901 Sincerum
1207 3827 1328 3901 ejus
1387 3829 1654 3901 animum,
1709 3846 1820 3899 quo
1872 3831 2192 3901 hujusmodi

621 3897 843 3968 crimen
865 3897 1082 3968 penitus
1125 3898 1358 3952 evellere
1383 3901 1612 3962 studuit,
1641 3897 1848 3954 indicat
1876 3897 2188 3968 conscripta

621 3965 688 4042 ad
716 3964 1014 4042 Adrianum
1047 3965 1262 4042 Papam_
1279 3969 1700 4042 epistola,_qute
1733 3970 1837 4042 sub
1869 3972 2029 4026 tinem
2061 3964 2190 4042 sep-

621 4035 771 4108 tima:
791 4035 987 4108 synodi
1002 4035 1185 4108 exstat
1222 4035 1640 4108 Graecofbatiu'a
1656 4053 1721 4094 ex
1745 4035 2193 4108 interpretatione

623 4103 900 4177 Quastasii
954 4103 1383 4177 Bibliothecarii.
1423 4105 1479 4161 In
1527 4123 1592 4162 ea
1645 4117 1772 4177 post
1823 4103 1988 4164 citata
2017 4127 2191 4166 sacrae

624 4171 947 4242 Scripturte,
988 4175 1206 4228 Patrum
1235 4171 1678 4231 etConciliorum
1729 4177 2066 4242 testimonia,
2114 4180 2188 4234 ita

623 4254 842 4318 perorat
876 4258 946 4318 ε)
985 4245 1076 4318 Sic
1111 4259 1211 4299 nos
1238 4247 1452 4306 doceto.
1490 4246 1984 4318 virsacratissime,
2029 4249 2189 4318 sequi

620 4311 860 4386 divinam
895 4311 1256 4380 Scripturam,
1280 4327 1333 4369 et
1373 4315 1707 4386 evangelica,
1736 4317 2054 4385 apostolica,
2095 4311 2190 4372 ca-

2288 2063 2590 2120 Prohibent
2636 2065 2785 2120 enim
2845 2064 3070 2119 omnino
3112 2064 3417 2134 ingressum
3473 2063 3544 2118 ad
3580 2077 3744 2127 aram,
3792 2069 3844 2116 ut

2288 2171 2454 2210 nemo
2497 2170 2620 2209 cum
2667 2169 2920 2209 sermone
2969 2153 3300 2225 impertiret,
3344 2162 3437 2208 aut
3491 2155 3562 2208 ad
3612 2169 3722 2218 eos,
3763 2151 3844 2222 qui

2289 2253 2444 2301 erant
2466 2254 2641 2310 extra,
2679 2244 2894 2313 aliquod
2929 2245 3154 2298 verbum
3191 2242 3261 2297 ab
3286 2257 3350 2296 eo
3378 2245 3840 2297 transmitteretur.

2357 2337 2448 2392 26.
2480 2335 2616 2391 Cum
2651 2337 2766 2392 haec
2801 2339 2964 2407 igitur
2989 2337 3268 2391 venissent
3303 2336 3370 2419 ad
3405 2351 3574 2390 aures
3604 2333 3842 2398 Pastoris,

2290 2443 2414 2484 eum
2449 2427 2798 2496 repleverunt
2842 2427 3073 2481 maxima
3101 2427 3267 2480 animi
3301 2427 3650 2498 aegritudine,
3687 2439 3740 2481 ut
3763 2427 3844 2496 qui

2290 2518 2502 2572 videret
2542 2515 3006 2586 contemptionem
3039 2517 3348 2571 divinorum
3393 2527 3841 2570 sacramentorum

2291 2623 2512 2663 movere
2561 2611 2628 2662 ad
2677 2609 3105 2678 indignationem
3149 2607 3415 2661 bonorum
3465 2607 3725 2662 datricem
3762 2605 3842 2660 Dei

2291 2697 2707 2768 benignitatem.
2741 2695 2846 2751 Sed
2874 2697 3053 2750 videte
3095 2712 3125 2750 a
3171 2696 3515 2750 misericordi
3549 2695 3704 2750 Patre
3727 2709 3844 2764 sup-

2292 2791 2592 2860 peditatum
2625 2801 2755 2845 tttnc
2783 2791 2829 2844 ei
2857 2789 3139 2853 auxilium,
3172 2797 3226 2843 et
3247 2789 3593 2842 admiratnini
3625 2787 3843 2858 pruden-

2295 2881 2445 2935 tiam.
2487 2879 2560 2934 Eo
2589 2882 2734 2936 enim
2784 2888 3058 2948 tempore,
3101 2894 3210 2948 quo
3237 2879 3527 2948 oportebat
3556 2879 3733 2933 cibum
3762 2891 3846 2930 su-

2295 2987 2445 3026 mere
2474 2987 2620 3035 eum,
2649 2971 2738 3039 qui
2763 2968 3120 3040 amigebatur,
3151 2983 3303 3023 sacra
3338 2979 3489 3022 veste
3521 2983 3582 3022 se
3608 2967 3842 3032 inductis,

2221 3100 2262 3156 ε
2297 3062 2745 3132 proﬁciscebatur
2793 3061 2858 3115 ad
2901 3061 3118 3130 adytum
3154 3078 3167 3114 :
3207 3069 3262 3113 et
3293 3075 3387 3129 per
3419 3060 3700 3113 dexteram
3737 3073 3848 3126 por-

2299 3161 2407 3206 tam
2461 3151 2802 3224 ingrediens,
2835 3166 2956 3220 qute
2989 3150 3056 3204 ad
3103 3149 3452 3204 reﬁciendum
3487 3149 3660 3203 virum
3707 3156 3849 3203 erant

2294 3242 2624 3307 necessaria,
2675 3241 3076 3310 suppeditabat,
3113 3239 3328 3294 abunde
3373 3255 3438 3293 ex
3487 3255 3547 3295 se
3587 3240 3845 3294 alTerens:

2296 3341 2350 3387 et
2379 3331 2574 3386 deinde
2605 3331 2806 3394 abibat,
2837 3345 2960 3384 cum
2983 3329 3320 3398 relinquens.
3347 3328 3404 3382 Si
3439 3331 3658 3398 quando
3681 3339 3847 3383 autem

2294 3433 2504 3486 venter,
2539 3421 2624 3476 cui
2659 3420 2843 3491 negari
2876 3435 2982 3473 non
3019 3426 3214 3488 potest,
3247 3433 3372 3473 eum
3399 3427 3624 3488 cogeret
3663 3418 3846 3480 facere,

2293 3531 2415 3585 quae
2444 3521 2572 3568 sunt
2603 3512 2863 3582 requisita
2893 3519 3104 3565 naturae
3124 3551 3138 3574 ,
3171 3511 3236 3563 ex
3280 3511 3387 3564 alto
3413 3524 3608 3564 rursus
3639 3509 3848 3564 descen-

2293 3604 2449 3668 dens,
2518 3611 2574 3657 et
2628 3616 2753 3656 eum
2805 3599 2871 3654 ad
2910 3613 3184 3655 secessum
3223 3598 3502 3653 deducens
3533 3610 3588 3654 et
3637 3611 3844 3668 exspec-

2294 3701 2434 3759 tans,
2490 3701 2545 3748 et
2612 3706 2738 3747 eum
2787 3697 2976 3762 postea
3023 3703 3188 3743 manu
3233 3689 3494 3758 capiens,
3548 3687 3846 3744 restituebat

2294 3829 2348 3884 in
2388 3827 2734 3883 Theodorum
2771 3824 3174 3887 Balsamonem,
3205 3822 3361 3893 quasi
3387 3821 3433 3876 is
3450 3821 3841 3893 acerbissimos

2293 3898 2552 3953 Romanu:
2579 3896 2835 3950 Ecclesiae
2865 3895 3036 3949 hostis
3065 3893 3204 3948 hanc
3226 3891 3416 3948 inusta
3443 3891 3703 3946 Simonis:
3731 3901 3814 3946 not

2292 3966 2756 4034 contemptibilem
2813 3965 3036 4034 reddere
3096 3963 3370 4034 voluerit;
3417 3961 3580 4034 cujus
3650 3960 3842 4026 injuria

2293 4053 2422 4108 reus
2462 4031 2679 4108 videtur
2716 4031 3285 4108 Bonelldius‘aliusle
3340 4032 3414 4086 ita
3473 4033 3840 4108 interpretatus

2291 4103 2676 4178 vcrhaGrteca
2709 4118 2871 4178 supra
2907 4104 3077 4156 relata
3107 4121 3120 4156 :
3162 4118 3182 4152 t
3224 4099 3486 4178 Fraterna
3527 4099 3658 4169 ἐς·ςο
3677 4107 3837 4178 vestra

2292 4173 2648 4230 sacerdotalis
2675 4163 2960 4235 sanctitas,
3013 4186 3137 4240 quae
3191 4185 3299 4224 non
3347 4169 3490 4240 jure,
3526 4163 3627 4224 nec
3668 4183 3727 4222 ex
3758 4163 3836 4218 Dei

2289 4245 2573 4315 voluntate
2610 4241 2942 4315 pontificale
2975 4239 3607 4315 -munus_admin_istrat,
3661 4249 3835 4315 magna

2293 4315 2504 4368 laborat
2544 4308 2786 4375 infamia,
2831 4328 2850 4362 ι
2917 4309 3289 4378 ιιιιθιιιγὶηἰιιε
3341 4308 3495 4361 iulldi
3550 4308 3836 4378 interpretis

622 4384 838 4466 punica.
879 4392 933 4436 ct
971 4374 1193 4466 paterna
1229 4374 1856 4466 pt'zecepta."0bedinius
1887 4374 2186 4466 enim'ver-
2220 4411 2264 4466 υ
2293 4383 2706 4466 translationem
2830 4374 3480 4466 .cortigitAhe‘u‘uelavius
3499 4374 3833 4466 attigerit:

623 4451 708 4504 bis
731 4453 841 4521 oris
870 4455 1053 4506 vestri.
1080 4451 1256 4521 Super
1279 4451 1492 4510 excelsa
1535 4459 1842 4510 conscende
1879 4473 1892 4509 :
1919 4459 2095 4512 exalta
2131 4457 2185 4512 itt

624 4520 946 4595 fortitudine
966 4520 1330 4595 voce-mtuam
1367 4541 1380 4578 :
1415 4523 1586 4595 abigin
1617 4526 1922 4589 latitudine,
1951 4527 2184 4595 prtedica

622 4607 745 4642 cum
791 4591 1007 4653 liducia,
1034 4592 1402 4648 utaufo-ratur
1431 4601 1483 4647 et
1513 4594 1566 4646 in
1615 4591 1964 4649 abolitionem
2006 4597 2186 4650 veniat

625 4661 896 4731 lilipttSlllO
919 4676 1134 4720 manus.
1152 4678 1272 4728 quae
1295 4679 1386 4729 per
1410 4664 1666 4731 pecunias
1687 4665 1762 4725 fit,
1791 4685 1811 4716 ι
1838 4674 1940 4719 etc.
1961 4663 2097 4718 Nam
2129 4675 2189 4720 ιιι

624 4730 727 4782 sub
761 4731 973 4782 initium
1007 4731 1214 4793 scribit,
1243 4748 1262 4781 ‹
1287 4730 1525 4786 lt-aterna
1559 4743 1614 4786 et
1639 4749 1856 4788 summo
1881 4736 2186 4788 sacerdotio

621 4801 876 4870 decorata
914 4809 1185 4870 sanctitas
1229 4811 1424 4863 vestra,
1471 4803 1593 4870 jure
1641 4818 1706 4857 ac
1752 4803 2054 4856 secundum
2091 4802 2184 4856 Dei

623 4869 978 4931 vnlu:ttatem,
1009 4869 1372 4938 pontificalem
1404 4873 1664 4924 ordinans
1693 4873 1967 4939 pietatem,
2002 4874 2190 4939 opina-

625 4939 888 5020 tissimant
923 4939 1090 5020 habet.
1122 4940 1370 5020 gloriam:
1395 4961 1414 4992 ι
1449 4941 1655 5020 Graece,
1701 4941 1762 4992 'll
1793 4937 1887 5020 οιξν
1920 4937 2184 5020 ἀδξλήςρὶικῂ

624 5005 778 5078 et».th
803 5005 1145 5076 ἀρχιεροπὴξ
1164 5009 1438 5076 ἁγιωσύνῃ
1465 5009 1738 5078 meapte;
1765 5013 1856 5062 xui.
1878 5012 2018 5062 κατὰ
2049 5005 2185 5064 Θεοῦ

624 5075 880 5148 gratiﬁcer
922 5075 1336 5148 πρυτσζνεύουσα
1374 5075 1494 5148 τὴνγ
1518 5075 1836 5148 ἱεράρχικὴν
1875 5080 2182 5146 ἁγὶστειαιν,

621 5145 1168 5218 διαὸὁηῖοζέχειντὴν
1190 5147 1369 5218 δόξξιντ
1389 5145 1588 5200 Eadem
1623 5145 1900 5218 iiaGriece
1927 5145 2187 5217 leguntur

623 5223 677 5266 et
705 5216 842 5280 apud
878 5213 1220 5271 Theodorum
1285 5215 1660 5270 Balsatnonem
1694 5217 1834 5270 inter
1871 5213 2185 5272 sanctorum

623 5284 846 5354 Patrum
881 5284 1147 5352 Epistolas
1175 5285 1502 5346 Cauonicas,
1562 5286 1631 5338 ab
1663 5301 1726 5338 eo
1783 5297 1902 5354 post
1932 5287 2187 5342 Cauoucs

623 5352 1006 5422 Apostolorum
1059 5364 1112 5408 et
1167 5355 1536 5408 Conciliorum
1595 5352 1804 5420 editas,
1853 5367 1907 5410 et
1965 5369 2110 5410 torno
2166 5355 2186 5408 ι

622 5421 772 5476 Jut-is
807 5423 1258 5478 (iunco-Romani
1295 5439 1325 5476 a
1355 5423 1565 5476 Joanne
1589 5422 1916 5480 Leunclavio
1949 5425 2182 5488 collecti,

626 5491 721 5566 lib.
755 5492 848 5554 lll,
890 5494 1224 5566 quipritnus
1259 5503 1343 5546 est
1373 5491 1724 5566 Decretorum
1749 5495 2188 5566 synodaliutnab

628 5560 936 5617 Enimundo
964 5560 1242 5617 Bonelidio
1264 5569 1391 5631 ante
1421 5560 1610 5617 Latine
1637 5560 1877 5620 redditus
1900 5582 1913 5618 :
1945 5579 2009 5618 ex
2028 5565 2188 5631 cujus

626 5633 877 5702 versione
926 5642 1132 5702 partem
1181 5630 1346 5702 hujus
1401 5633 1642 5699 epistolte
1693 5633 1864 5688 edidit
1923 5630 2187 5688 Batonius

625 5714 718 5752 an.
744 5699 864 5766 787,
898 5699 1047 5756 rium.
1087 5703 1145 5754 tit
1183 5714 1230 5756 et
1257 5701 1346 5768 62,
1388 5702 1625 5757 sedante
1663 5719 1811 5758 num.
1845 5703 1915 5760 60
1943 5703 2186 5758 invectus

2295 4468 2425 4523 ergo
2451 4444 3016 4523 vestrasacerdotalis
3039 4449 3328 4523 sanctitas,
3362 4461 3486 4523 qua:
3518 4444 3751 4514 legitime
3780 4455 3835 4494 ac

2295 4517 2598 4593 secundum
2637 4519 2732 4593 Dei
2769 4517 3510 4593 voluntatempontificalem
3567 4524 3832 4593 consecra-

2295 4592 2499 4646 tionem
2526 4588 2896 4652 administrat,
2950 4585 3316 4656 percelebrem
3336 4586 3510 4656 habet
3544 4585 3777 4656 gloriam.
3807 4595 3825 4630 ι

2294 4662 2595 4714 Gentianus
2628 4651 2893 4710 Hervetus
2938 4651 3276 4708 Baisatnonis
3331 4651 3602 4726 interpres
3640 4651 3707 4703 ita
3733 4651 3832 4726 haec

2297 4730 2491 4783 habet:
2534 4746 2553 4779 t
2591 4727 2846 4798 Fraterna
2868 4740 2999 4794 ergo
3029 4732 3219 4798 vest_ra_
3267 4723 3620 4798 sacerdotalis
3649 4723 3826 4798 sant-ti-

2298 4809 2399 4864 tas,
2428 4815 2548 4867 qua:
2573 4795 2812 4867 legitime
2845 4785 3008 4864 atqttc
3034 4808 3107 4867 ex_
3133 4793 3222 4867 Dei
3254 4795 3528 4867 voluntate
3555 4785 3829 4867 pontiﬁcale

2295 4861 2505 4938 munus
2531 4861 2896 4938 administrat,
2922 4861 3300 4938 'pe‘rcelebt‘ctn
3341 4863 3504 4916 habet
3541 4861 3774 4938 gloriam;
3807 4869 3824 4902 ι

2296 4935 2420 4990 llaec
2460 4937 2706 5004 pluribus
2729 4923 3044 5004 deducenda
3071 4933 3345 5004 (lusimus,
3384 4923 3720 5004 ut'stfspigio
3741 4923 3826 5000 Ba:

2295 4995 2737 5070 ronii'tollatur,
2807 5003 2876 5057 de
2925 5003 3027 5056 hac
3085 4995 3602 5070 epistola'nomine'
3642 4995 3824 5050 Tarasii

2293 5075 2438 5130 ﬁcta.

2367 5143 2477 5215 (5|)
2507 5141 2875 5215 Theophanes
2897 5139 3094 5215 Indici.
3120 5138 3415 5215 _l§,_ann_o
3449 5135 3662 5214 imperii.
3697 5130 3822 5215 Cott-

2293 5205 2517 5268 sta‘nti’ni
2539 5223 2590 5268 et
2615 5205 2797 5267 lreues
2817 5211 2904 5274 l0,
2932 5209 3136 5264 Christi
3162 5209 3282 5273 790,
3313 5226 3330 5260 ι
3361 5205 3620 5279 Augusta,
3652 5205 3820 5279 inquit.

2294 5285 2717 5352 comprehensos
2761 5271 3012 5334 homines
3068 5271 3672 5352 imperatorisfonmes
3709 5271 3822 5352 girls

2294 5337 2609 5406 verberibus
2640 5365 2810 5406 caesos
2839 5359 2894 5404 et
2938 5358 3124 5402 tonsos
3149 5337 3265 5401 'uua
3300 5337 3436 5401 cum’
3478 5345 3680 5399 Joanne
3709 5337 3821 5391 Pro.

2296 5422 2626 5495 tospathario
2642 5431 2694 5474 et
2713 5419 2895 5495 bajulo
2917 5416 3220 5495 lpsit-I-S,‘0lli
3242 5416 3820 5495 Picridiuscog‘gl'ofﬁfﬁ‘

2298 5477 2434 5553 tuu't,
2478 5493 2544 5546 ad
2577 5477 2818 5544 remoto's
2863 5477 3240 5556 imperiilincs
3271 5501 3447 5554 usque
3485 5485 3556 5556 in
3594 5477 3817 5556 ’δίρῑιὲιπὲ

2295 5545 2552 5632 relegavit
2573 5559 2809 5632 exsules.
2829 5576 2858 5632 _i
2904 5545 2976 5612 D'e
3001 5558 3103 5611 hoc
3125 5545 3698 5632 {genueintelligcnda

2295 5622 2592 5684 arbitratur
2645 5627 2914 5683 Barottius
2950 5640 3092 5682 anno
3128 5624 3230 5682 789
3263 5623 3358 5680 ubi
3395 5623 3534 5678 hanc
3564 5622 3814 5676 historiam

2297 5697 2461 5756 refert
2487 5715 2638 5753 num.
2664 5699 2719 5766 ὅ,
2753 5697 2784 5750 4
2821 5708 2876 5752 et
2906 5695 2940 5750 5
