4090 6286
256 313 394 376 1405

1775 320 1974 382 νιΤΑ.

3355 319 3498 389 1405

239 425 531 501 tribunali.
576 425 742 496 quue
788 441 896 482 non
941 427 1110 484 semel
1154 433 1210 484 et
1253 428 1340 484 bis
1369 427 1428 483 in
1455 428 1544 484 die
1569 428 1824 493 faciebat,
1855 441 1899 492 Α
1929 446 2176 502 personae
2219 433 2403 490 divitis
2438 434 2792 504 gratificans:
2827 433 2922 488 sed
2970 433 3022 486 in
3067 432 3322 488 omnibus
3361 435 3500 503 juris

249 517 346 570 sed
374 517 589 587 quoties
611 525 870 572 evocatus
887 526 1004 572 erat
1027 517 1094 572 ad
1124 519 1229 573 hoc
1257 517 1622 574 ministerium
1647 519 1716 574 ab
1736 532 1824 586 eo,

237 607 341 685 ⁹(ιιιὶ
377 607 616 678 graviter
641 607 1073 680 periclitabatur.

321 697 604 754 27.1Ianc
657 699 1019 754 insatiabilem
1063 699 1232 754 divini
1283 699 1384 755 viri
1438 700 1826 762 demissionem

248 787 591 844 admirantes
614 787 838 856 milites,
863 797 918 843 et
943 788 1060 843 fieri
1091 804 1200 844 non
1235 803 1398 860 posse
1425 789 1746 861 cogitantes,
1771 797 1830 843 ut

249 879 345 949 qui
373 879 600 949 supplex
631 887 770 944 erat,
825 890 1131 950 caperetur,
1177 880 1418 950 quandiu
1461 880 1594 950 justi
1633 893 1830 934 manus

247 984 378 1024 eum
413 979 646 1041 regeret,
689 971 1001 1042 improbum
1031 971 1084 1024 in
1115 987 1239 1025 eum
1269 979 1488 1026 struunt
1515 971 1826 1037 consilium,

251 1060 402 1128 quod
433 1062 726 1130 superabat
758 1075 974 1116 omnem
1008 1061 1258 1116 fraudem
1287 1069 1345 1114 et
1367 1061 1644 1116 astutiam.
1679 1061 1829 1115 Clam

251 1151 404 1206 Cnim
455 1167 556 1222 per
602 1153 768 1207 alium
825 1153 1046 1224 adytum
1109 1152 1378 1208 collocant
1436 1152 1706 1216 insidias,
1773 1161 1834 1206 ut

252 1241 478 1310 quando
501 1255 566 1297 ex
601 1242 770 1296 sacris
809 1243 988 1314 adytis
1021 1257 1179 1297 ovem
1210 1251 1394 1312 pastor
1442 1242 1685 1302 traheret
1731 1259 1833 1297 na-

254 1328 396 1384 tura:
443 1326 796 1399 servientem,
843 1348 963 1388 eam
1013 1333 1186 1387 instar
1234 1333 1484 1404 luporum
1537 1344 1830 1404 raperent:

253 1425 406 1495 quod
437 1425 600 1479 etiam
637 1424 839 1480 factum
868 1433 983 1481 .est.
1017 1425 1156 1478 Nam
1188 1440 1312 1479 cum
1361 1435 1582 1480 sanctus
1623 1427 1747 1491 viri,
1775 1435 1836 1480 ut

257 1515 493 1583 solebat,
523 1531 707 1570 curam
733 1524 968 1587 gereret,
1001 1525 1054 1570 et
1079 1517 1146 1572 ad
1181 1517 1442 1586 requisita
1474 1528 1680 1572 natura:
1709 1535 1834 1574 eum

255 1607 508 1670 duceret,
559 1606 617 1672 ii,
669 1607 762 1676 qui
807 1621 1000 1662 secure
1053 1609 1295 1662 latebant
1341 1609 1396 1662 in
1448 1609 1681 1674 insidiis,
1739 1625 1836 1686 per

257 1700 422 1769 aliam
454 1709 668 1768 portam
699 1699 1086 1770 irrumpentes,
1120 1717 1245 1755 eum
1274 1700 1514 1769 rapiunt,
1550 1708 1606 1754 et
1639 1700 1711 1754 ad
1748 1715 1836 1754 re-

257 1791 400 1861 giam
436 1805 533 1860 per
559 1791 666 1844 vim
698 1791 942 1846 trahunt.
973 1790 1266 1862 Postquam
1297 1801 1478 1846 autem
1512 1792 1836 1847 sceleratam

258 1884 559 1940 infelicium
583 1884 1042 1940 machinationem
1069 1886 1122 1939 in
1145 1899 1268 1939 eum
1294 1885 1612 1939 adornatam
1639 1899 1838 1954 cogno-

260 1977 344 2031 vit
392 1983 579 2044 pastor
615 1975 1035 2040 sanctissimus,
1085 1975 1164 2028 ira
1211 1982 1266 2030 et
1312 1975 1836 2042 dolorearreptus,

262 2068 411 2122 nulla
447 2074 602 2121 utens
639 2067 922 2132 dilatione,
953 2067 1020 2121 ad
1053 2066 1166 2137 (ὅῖ)
1197 2066 1494 2120 Eleutherii
1533 2066 1716 2120 aulam
1746 2079 1838 2118 re-

262 2153 404 2225 giam
439 2151 587 2223 (illic
615 2154 762 2208 enim
805 2163 934 2208 tunc
987 2155 1126 2210 forte
1165 2155 1389 2224 contigit
1425 2155 1623 2225 degere
1665 2155 1840 2222 impe-

261 2244 551 2312 ratrieem)
599 2245 828 2302 accedit.
881 2247 1015 2301 Cum
1063 2247 1100 2300 ii
1151 2261 1278 2304 vero
1321 2246 1498 2302 Patris
1541 2246 1838 2301 adventum

264 2335 582 2400 sensissent,
635 2343 690 2390 et
727 2337 848 2405 ejus
905 2337 1250 2406 praesentiam
1299 2337 1356 2390 in
1399 2337 1548 2407 ipsos
1597 2337 1841 2392 futuram

264 2426 385 2481 zelo
428 2426 642 2496 plenam
681 2435 738 2482 et
783 2427 960 2484 instar
1005 2428 1150 2482 acuti
1196 2427 1358 2498 gladii
1409 2428 1840 2498 suspicarentur,

265 2533 391 2572 eum
423 2509 674 2573 siverunt
724 2528 878 2573 extra
931 2519 1154 2590 regiam.
1207 2533 1279 2574 ne
1320 2533 1574 2574 sermone
1620 2519 1842 2588 quidem

266 2607 496 2678 dignati.
547 2608 639 2662 Ille
679 2617 861 2663 autem
905 2609 1098 2664 videns
1144 2624 1303 2664 suum
1358 2609 1656 2663 adventum
1706 2609 1841 2664 nihil

269 2697 374 2752 sibi
414 2697 710 2767 profuisse.
754 2700 1146 2756 ecclesiasticae
1181 2716 1357 2770 pinnae
1389 2701 1622 2756 vinculis
1652 2716 1845 2756 omnes

267 2791 634 2845 communiter
659 2791 875 2862 alligat,
911 2795 1274 2863 pronuntians
1318 2793 1572 2860 indignos
1599 2810 1846 2849 contmn-

267 2881 438 2936 nione
469 2882 670 2938 Christi
706 2893 1200 2950 sacramentorum,
1231 2885 1275 2939 si
1317 2885 1426 2940 ullo
1459 2887 1606 2955 gravi
1646 2886 1846 2941 damno

269 2972 550 3028 adicerent
599 2990 746 3041 eum,
781 2977 873 3044 qui
907 2977 1225 3047 confugerat
1270 2977 1498 3046 supplex
1544 2977 1612 3030 ad
1661 2977 1846 3032 Eccle-

1926 520 2366 578 indeelinabilem
2420 537 2642 578 servans
2685 521 3148 584 distributionem,
3197 537 3306 576 non
3339 521 3499 577 dabat

1926 611 2104 667 locum
2132 613 2222 677 iis,
2257 613 2352 682 qui
2391 615 2649 669 volebant
2693 615 2944 684 proximo
2991 613 3173 668 facere
3221 613 3494 682 injuriam.

1929 701 2040 758 Sed
2084 702 2229 758 forte
2257 703 2439 774 legum
2477 705 2698 774 quidem
2747 714 2946 760 rectam
2977 714 3033 760 et
3057 720 3325 774 nusquam
3365 718 3500 772 prc—

1927 793 2260 864 pendentem
2308 796 2655 850 conservavit
2693 797 2980 860 trutinam,
3031 797 3280 866 despexit
3318 803 3500 849 autem

1926 883 2048 954 jura
2072 925 2088 951 ,
2125 900 2250 954 quae
2294 886 2552 955 praeclare
2600 893 2915 942 statuuntur
2953 903 2984 941 a
3021 885 3364 942 canonibus?
3399 885 3502 939 Mi-

1931 974 2120 1030 nime:
2155 976 2249 1030 sed
2271 991 2395 1030 cum
2430 977 2598 1030 sciret
2630 977 2807 1047 legum
2832 979 3177 1034 severitatem
3230 975 3505 1032 canonica:

1931 1066 2272 1122 auctoritatis
2293 1067 2379 1120 “in
2431 1067 2615 1121 multis
2647 1082 2768 1122 esse
2797 1083 3039 1122 sororem
3077 1077 3134 1122 et
3173 1076 3503 1128 consortem,

1933 1167 1990 1212 ut
2043 1159 2284 1227 prudens
2330 1159 2496 1228 judex
2537 1159 2677 1214 hanc
2705 1174 2826 1213 cum
2869 1159 2956 1213 illa
2994 1167 3401 1227 eontemperat.
3452 1169 3507 1212 et

1936 1249 2182 1304 ostendit
2227 1264 2351 1303 esse
2393 1249 2687 1320 legitimam
2719 1265 2986 1304 canonum
3017 1250 3419 1304 accurationem
3453 1248 3504 1300 in

1934 1339 2022 1402 iis,
2058 1355 2181 1408 quae
2211 1341 2472 1394 canonice
2499 1341 2877 1410 corriguntur;
2919 1341 3096 1411 legum
3125 1357 3252 1394 vero
3285 1340 3508 1392 rectitu-

1935 1429 2118 1483 dinem
2147 1429 2202 1482 in
2233 1430 2320 1494 iis,
2354 1444 2475 1500 quae
2502 1431 2740 1500 legitime
2774 1439 3030 1500 aguntur,
3065 1431 3380 1484 canonicam
3408 1429 3510 1483 ob-

1936 1520 2321 1590 signationem.
2377 1521 2530 1587 Quod
2565 1529 2746 1576 autem
2787 1538 2898 1576 non
2934 1521 3232 1592 prodiderit
3275 1523 3375 1576 hoc
3415 1520 3506 1576 Dei

1936 1619 1991 1666 et
2021 1612 2266 1666 divinum
2298 1621 2650 1682 praeceptum,
2687 1614 2781 1668 scd
2819 1629 2884 1667 ex
2916 1629 3071 1682 azquo
3101 1629 3363 1667 canonem
3392 1629 3510 1667 ser-

1935 1704 2148 1758 vaverit
2177 1715 2231 1758 et
2255 1704 2446 1774 legem.
2486 1720 2596 1758 non
2621 1713 2704 1758 est
2733 1705 3002 1758 obscurus
3023 1707 3210 1768 'testis,
3243 1719 3404 1774 quem
3429 1714 3513 1760 est

1937 1803 2339 1864 consequenter
2369 1797 2670 1849 adductura
2703 1797 2896 1850 oratio.
3169 1803 3178 1808 '
3489 1784 3502 1795 ’

2007 1886 2099 1940 29.
2133 1885 2320 1940 Dictus
2355 1885 2457 1940 fuit
2490 1886 2600 1956 (55)
2651 1887 2950 1956 imperator
2987 1885 3382 1940 Constantinus
3422 1883 3514 1952 ju-

1937 1975 2116 2040 venis,
2149 1975 2451 2030 desistente
2480 1985 2656 2030 matre
2688 1975 2842 2030 Irene
2877 1991 2906 2030 a
2935 1977 3224 2045 conjuncta
3258 1991 3380 2029 cum
3422 1973 3514 2028 illo

1939 2067 2182 2122 rectione
2215 2067 2454 2137 imperii,
2502 2075 2558 2122 et
2603 2067 2751 2123 solus
2779 2069 3002 2122 tenebat
3036 2067 3246 2121 clavum
3281 2064 3516 2120 adminio
3575 2070 3577 2073 '

1939 2159 2238 2214 strationis.
2261 2159 2361 2225 Qui
2384 2175 2509 2215 cum
2531 2168 2682 2214 esset
2704 2159 2906 2229 alioqui
2929 2159 3124 2224 bonus,
3157 2173 3267 2210 non
3289 2158 3516 2210 oinnino

1939 2257 2120 2304 autem
2153 2250 2381 2304 firmiter
2415 2251 2648 2310 tenebat.
2685 2265 2804 2319 qua:
2839 2250 2905 2304 ad
2942 2265 3130 2318 puram
3155 2257 3210 2302 ct
3247 2251 3516 2302 sinceram

1940 2340 2102 2396 ﬁdem
2135 2342 2434 2411 pertinent,
2477 2349 2532 2394 et
2569 2341 2713 2410 quod
2744 2341 3022 2410 juniorum
3055 2340 3329 2394 mentibus
3375 2352 3518 2408 smpe

1941 2431 2081 2486 solet
2111 2431 2426 2494 usuvenire,
2459 2431 2636 2486 elatus
2667 2447 2804 2486 vana
2841 2431 3212 2501 persuasione,
3242 2429 3384 2499 quod
3415 2429 3518 2483 sibi

1941 2520 2246 2586 videbatur,
2285 2521 2633 2574 existimabat
2683 2520 2884 2589 justius
2925 2520 3140 2590 scriptis
3187 2519 3415 2589 legibus.
3472 2517 3520 2572 Is

1943 2609 2249 2680 aggreditur
2293 2609 2568 2685 inﬁrmare
2617 2609 2781 2680 leges,
2831 2615 2885 2662 ct
2933 2608 3074 2677 quod
3105 2623 3136 2662 a
3179 2607 3407 2661 Domino
3434 2606 3520 2660 di-

1943 2707 2090 2753 ctum
2121 2707 2204 2754 est
2233 2699 2290 2753 in
2315 2699 2642 2770 Evangeliis,
2677 2699 2980 2770 patrocinio
3009 2708 3168 2754 utens
3194 2714 3304 2753 sua:
3335 2709 3527 2768 potenu

1945 2789 2032 2843 tite
2065 2807 2076 2842 :
2103 2797 2300 2842 etcum
2333 2790 2611 2842 statuisset
2641 2803 2672 2842 a
2707 2805 2802 2842 sua
2833 2789 2945 2855 (5i)
2976 2789 3204 2856 conjuge
3232 2786 3410 2841 facere
3440 2785 3523 2840 di-

1945 2881 2201 2941 vortium,
2236 2889 2290 2934 et
2330 2881 2441 2950 (55)
2481 2881 2640 2934 aliam
2690 2880 2745 2934 in
2784 2881 2966 2934 animo
2999 2879 3227 2933 haberet
3263 2878 3525 2933 extollere

1947 2973 2014 3026 ad
2051 2972 2260 3042 imperii
2287 2973 2651 3035 altitudinem,
2681 2971 2899 3042 juvenis
2928 2967 3155 3024 adornat
3193 2969 3400 3022 facinus
3439 2969 3524 3022 in-

271 3067 431 3121 siam.
474 3067 612 3122 Cum
644 3067 760 3122 htec
785 3083 916 3138 ergo
944 3077 1201 3138 tanquam
1228 3083 1293 3124 ex
1334 3068 1626 3137 apostolica
1658 3075 1846 3122 aucto-
1873 3089 1916 3144 ς
1949 3063 2170 3134 dignum
2193 3079 2292 3124 sua
2317 3071 2604 3132 potestate.
2648 3063 2702 3116 Id
2730 3069 2909 3116 autem
2941 3060 3044 3114 fuit
3073 3059 3365 3114 mortifera:
3396 3058 3526 3112 insi-

273 3157 434 3212 ritate
469 3158 639 3213 libere
673 3159 920 3222 dixisset,
965 3169 1053 3214 est
1092 3175 1367 3214 reversus.
1402 3160 1482 3214 Illi
1520 3170 1700 3213 autem
1731 3175 1848 3213 ma-

271 3248 429 3318 gistri
456 3249 588 3305 linis
617 3252 848 3318 astricti,
879 3267 1003 3306 cum
1036 3267 1144 3307 non
1180 3260 1406 3322 possent
1431 3251 1672 3322 elfugere
1695 3267 1849 3306 sacra

273 3339 407 3406 retia
448 3353 622 3407 poenae
670 3341 1076 3404 ecclesiasticae,
1110 3343 1177 3396 de
1219 3357 1312 3396 reo
1343 3342 1564 3410 quidem
1595 3357 1706 3396 non
1736 3358 1853 3396 am-

275 3429 420 3499 plius
450 3431 692 3486 habuere
721 3433 1076 3502 quaestionem
1100 3432 1409 3498 tormentis,
1435 3433 1530 3487 sed
1559 3433 1852 3486 verborum

274 3521 406 3576 solis
447 3524 964 3585 examinationibus,
987 3524 1054 3578 de
1076 3525 1274 3592 quibus
1299 3523 1559 3591 agebatur
1581 3523 1852 3591 pecuniis,

275 3611 538 3666 trutinam
587 3613 988 3677 exinanientes,
1042 3623 1299 3682 tanquam
1339 3613 1692 3667 innocentem
1729 3627 1854 3667 eum

275 3703 586 3758 absolvunt.
623 3702 772 3758 Talis
799 3712 918 3758 erat
961 3704 1016 3757 in
1051 3719 1244 3759 omnes
1281 3704 1366 3758 vir
1401 3703 1640 3766 divinus,
1671 3704 1857 3758 divina

276 3791 566 3850 vindicans
593 3807 658 3847 ac
689 3791 1013 3863 defendens,
1047 3802 1104 3850 et
1141 3809 1242 3865 pro
1268 3795 1448 3867 gregis
1491 3794 1690 3850 ovibus
1715 3794 1862 3866 peri-

278 3884 462 3940 culum
495 3883 711 3940 adiens.

881 4055 1112 4114 CAPUT
1152 4056 1266 4114 VII.

283 4187 510 4245 Sanctus
542 4189 796 4262 Tanusius
837 4169 1047 4262 fortiter
1074 4189 1394 4262 Imperatori
1440 4190 1655 4262 resistit,
1689 4189 1866 4262 legiti-

357 4274 499 4382 mtzm
534 4260 810 4340 conjugem
837 4249 1236 4330 repudiarefet
1257 4249 1651 4314 cubicularium
1673 4249 1866 4314 ducere

357 4345 418 4382 vo
443 4340 570 4382 entt.

357 4340 570 4383 volenti.

1950 3155 2072 3217 dite,
2115 3169 2143 3207 a
2187 3154 2420 3224 conjuge
2464 3152 2807 3222 imp'eratrice
2849 3151 2898 3205 ei
2947 3159 3172 3220 paratae.
3217 3149 3528 3204 Allirmabat

1951 3255 2134 3300 autem
2171 3245 2224 3300 id
2269 3261 2390 3300 esse
2414 3257 2710 3308 venenum,
2741 3243 2886 3314 quod
2919 3259 3042 3299 cum
3076 3251 3206 3312 potu
3253 3244 3525 3305 haustum,

1953 3347 2180 3394 mortem
2214 3338 2376 3392 simul
2411 3337 2736 3392 attrahebat.
2779 3334 2938 3402 Quod
2978 3335 3195 3403 quidem
3231 3333 3532 3387 conabatur

1953 3431 2180 3498 probare
2215 3437 2268 3482 et
2299 3428 2522 3482 cuilibet
2557 3428 2906 3496 persuadere,
2937 3437 2995 3480 ut
3027 3427 3273 3497 putabat.
3309 3424 3534 3478 Putabat

1955 3518 2100 3572 enim
2138 3517 2253 3568 Iieri
2304 3531 2414 3569 non
2458 3531 2640 3584 posse,
2675 3524 2736 3568 ut
2769 3515 2900 3568 fides
2930 3516 3028 3568 sibi
3077 3529 3184 3566 non
3220 3515 3531 3576 haberetur,

1958 3623 2082 3665 cum
2112 3617 2257 3662 esset
2285 3608 2600 3676 imperator,
2631 3613 2684 3660 et
2709 3607 2871 3659 verba
2898 3603 3102 3657 faceret
3132 3603 3272 3672 apud
3299 3617 3412 3665 eos,
3441 3603 3534 3669 qui

1958 3700 2186 3772 subjecti
2217 3707 2372 3754 erant
2397 3700 2518 3767 ejus
2564 3696 2810 3766 imperio.
2845 3693 3036 3749 Nullus
3068 3711 3199 3748 vero
3243 3699 3536 3762 persuade-

1957 3792 2141 3855 batur,
2175 3791 2280 3846 nisi
2314 3791 2406 3860 qui
2451 3787 2767 3861 gratiﬁcans
2801 3785 3134 3856 imperatori,
3175 3793 3397 3854 propter
3420 3783 3562 3856 gIo-.

1960 3887 2095 3940 riam
2125 3883 2182 3938 in
2199 3883 2446 3938 animum
2475 3881 2767 3936 inducebat
2790 3879 2940 3949 justo
2966 3877 3056 3948 jus
3077 3877 3338 3931 adimere.

2033 3978 2122 4032 50.
2153 3965 2446 4045 Postquam
2477 3982 2660 4028 autem
2689 3972 2922 4026 excitata
2950 3969 3092 4024 fama
3117 3969 3220 4022 hoc
3241 3965 3542 4022 transmisit

1963 4083 2137 4138 usque
2168 4067 2238 4122 ad
2281 4066 2416 4121 atria
2459 4063 2738 4128 Ecclesize,
2776 4070 2832 4117 et
2879 4060 3088 4116 nefaria
3123 4059 3263 4114 actio
3294 4058 3543 4128 pervenit

1965 4173 2140 4228 usque
2167 4158 2235 4213 ad
2263 4171 2425 4212 aures
2451 4154 2744 4226 pontificis,
2774 4153 2828 4208 id
2857 4167 2982 4208 eum
3011 4149 3246 4206 reddidit
3266 4149 3418 4204 valde
3443 4150 3543 4204 du-

1966 4249 2116 4304 bium
2147 4257 2204 4302 et
2235 4248 2587 4318 perplexum;
2613 4245 2740 4298 dum
2766 4242 2908 4314 apud
2943 4257 3001 4298 se
3027 4243 3245 4312 cogitat,
3273 4239 3544 4309 quomodo

1969 4355 2029 4395 se
2088 4346 2326 4393 armaret
2373 4337 2637 4390 adversus
2691 4333 2835 4388 hanc
2888 4331 3334 4394 decertationem,
3385 4335 3440 4381 et
3489 4328 3542 4380 in

357 4438 450 4493 23,
493 4437 628 4493 cum
660 4448 841 4494 autem
876 4449 930 4494 ει
961 4441 1106 4510 leges
1135 4450 1391 4496 accurate
1430 4449 1674 4506 teneret,
1707 4450 1764 4496 ει
1797 4443 1852 4496 in
1887 4425 1932 4480 Ι)
1960 4433 2138 4502 ipsum
2161 4431 2568 4500 imperatorem,
2600 4425 2679 4481 rei
2705 4425 2912 4480 bellicae
2937 4421 3324 4494 peritissimum
3351 4429 3404 4474 et
3431 4418 3545 4474 for-

292 4527 447 4583 omni
499 4542 700 4597 genere
750 4529 1028 4584 canonica:
1073 4531 1417 4584 rectitudinis
1463 4540 1610 4585 esset
1651 4532 1866 4585 excrci-

292 4629 460 4686 tatus,
500 4635 622 4688 quae
650 4619 909 4674 universo
939 4622 1219 4674 communi
1261 4622 1577 4676 incidebant
1609 4623 1750 4685 lites,
1774 4623 1868 4693 ju-

290 4713 544 4776 dicabat,
582 4719 636 4764 et
689 4711 1009 4768 acutissima
1058 4715 1287 4783 cegcbat
1336 4715 1546 4783 prolata
1595 4715 1868 4770 sententia

291 4819 390 4861 eos
415 4805 560 4859 inter
595 4821 656 4861 se
687 4805 1024 4860 convenire:
1062 4821 1172 4858 non
1216 4807 1490 4876 pauperis,
1531 4807 1626 4875 qui
1677 4807 1732 4861 in
1781 4807 1870 4876 jus

291 4897 594 4952 vocabatur
619 4933 634 4962 ,
679 4895 853 4951 ﬂexus
887 4895 1264 4951 misericordia
1295 4913 1310 4950 :
1349 4912 1526 4966 neque
1571 4898 1878 4968 quidquam

369 5079 484 5150 (δελ)
517 5079 782 5134 Palatium
825 5077 1126 5134 Eleutherli
1170 5078 1378 5150 lrenem
1411 5072 1874 5150 Augustam‘azdi-

299 5148 516 5208 lic-asse.
554 5151 606 5202 in
642 5167 816 5220 eaque
865 5160 920 5204 et
946 5151 1150 5206 multas
1186 5149 1448 5218 pecunias
1494 5148 1872 5220 abscondisse,

297 5232 409 5277 eta
470 5220 583 5274 lilio
638 5218 1004 5274 Constantino
1067 5221 1185 5275 solo
1241 5227 1499 5277 regnante
1543 5219 1872 5272 collocatam

299 5306 422 5346 esse
447 5304 636 5344 mense
679 5288 987 5354 Decembri,
1013 5291 1212 5345 lndict.
1257 5286 1345 5352 l4,
1372 5303 1517 5341 anno
1537 5287 1737 5342 Christi
1769 5286 1876 5341 790

301 5360 470 5417 tradit
495 5360 876 5426 'l'beopbanes.
909 5357 1170 5414 Eamilem
1227 5358 1636 5427 imperatrieem
1673 5358 1873 5410 iterum

301 5431 632 5486 declaratam
663 5429 858 5485 Indica
878 5429 960 5494 ts,
979 5431 1065 5484 die
1091 5431 1156 5484 15
1169 5427 1440 5495 Januarii,
1459 5427 1874 5493 anniChr.795,

303 5500 448 5568 idem
479 5499 1084 5568 asserit'l‘hwpbanes.

377 5567 488 5634 (55)
515 5565 810 5638 Indictione
834 5565 923 5630 f4,
952 5583 1138 5624 mense
1165 5567 1472 5638 Septembri
1515 5581 1700 5638 annus
1726 5565 1876 5620 Con-

307 5637 537 5708 stantini
553 5637 741 5708 isolius
763 5638 1034 5708 regnantis
1057 5639 1222 5708 coepit
1246 5637 1549 5708 numerari,
1567 5652 1699 5706 ergo
1727 5651 1874 5708 anno

309 5708 440 5762 Chr.
477 5706 596 5762 790.
630 5705 914 5777 Legendus
935 5708 1001 5764 de
1028 5724 1092 5764 ea
1120 5705 1304 5764 rerum
1325 5708 1468 5783 apud
1487 5705 1875 5762 Constantino-

1969 4525 2238 4579 tissimum
2293 4531 2672 4592 pugnatorem,
2715 4535 2783 4574 ex
2819 4519 3074 4588 pharetra
3110 4525 3164 4570 et
3212 4529 3340 4568 arcu
3379 4513 3542 4567 telum

1963 4615 2314 4686 jacularetur,
2345 4615 2456 4682 jam
2490 4600 2618 4666 olim
2671 4613 2971 4665 honoratus
3003 4607 3324 4662 sacerdotali
3351 4607 3549 4659 borum

1969 4709 2214 4763 omnium
2244 4707 2512 4760 nuditate.
2544 4703 2680 4759 Cum
2711 4705 2828 4758 haec
2856 4701 2998 4772 apud
3023 4717 3080 4755 se
3110 4699 3336 4770 magnus
3367 4707 3555 4750 mente.

1969 4808 2212 4854 versaret
2250 4797 2526 4861 Tarasius,
2565 4804 2621 4850 et
2655 4802 2869 4865 pararet
2897 4808 2954 4848 se
2986 4791 3053 4846 ad
3088 4787 3552 4858 congrediendum

1971 4907 2095 4946 cum
2120 4893 2464 4960 imperatore,
2507 4897 2561 4943 et
2589 4885 2984 4944 decertandum
3019 4881 3185 4938 armis
3207 4877 3552 4936 sacerdotali-

1973 5073 2246 5142 politanos
2272 5067 2691 5142 perturbatione
2719 5062 3104 5142 Thegpbanes.
3182 5127 3248 5142 Μ.

2045 5124 2159 5212 (54)
2198 5124 2380 5212 Primo
2410 5140 2779 5212 dCS|IQll-t8l_‘al
2835 5124 3122 5212 Ilotrudim
3178 5127 3342 5212 filiam
3365 5124 3552 5212 Caroli

1975 5197 2154 5282 magni
2189 5197 2611 5282 ex_lldde:gai'_de
2640 5207 2816 5276 prima
2870 5205 2992 5282 ejus
3016 5214 3220 5282 uxore,
3251 5207 3312 5254 ut
3346 5197 3551 5282 dictum

1983 5285 2036 5338 in
2066 5272 2232 5350 hujus
2260 5278 2384 5350 Vita
2422 5272 2492 5331 2'8
2525 5272 2904 5350 Januaracap.
2936 5273 2990 5326 6.
3015 5272 3088 5350 Ea
3126 5280 3306 5349 tamen
3331 5272 3556 5350 minime

1975 5342 2157 5416 ducta,
2190 5351 2296 5403 sibi
2343 5349 2604 5418 junxerat
2661 5342 2896 5416 puellam
2950 5359 3016 5396 ex
3058 5342 3418 5418 Armeniaeis,
3449 5348 3542 5418 no-

1975 5424 2126 5478 mine
2148 5415 2384 5473 Mariafn
2412 5419 2480 5471 ab
2504 5415 2722 5481 Amnia,
2753 5423 2808 5469 et
2859 5415 3386 5481 consummaverunt
3421 5417 3556 5481 adp.

1979 5472 2086 5547 ibi;
2103 5472 2294 5544 mense
2317 5488 2636 5554 Novembri,
2651 5472 2952 5557 indictione
2981 5484 3064 5542 l2,
3089 5480 3138 5557 id
3163 5488 3248 5557 est
3267 5487 3412 5557 anno
3428 5472 3547 5557 7.88.

1975 5541 2598 5628 lla—fere’ilv‘beopbanes.
2621 5541 2772 5610 llanc
2807 5553 2971 5622 cmpit
2999 5549 3260 5622 paulatim
3294 5542 3422 5598 odio
3453 5541 3556 5595 ha-

1975 5627 2383 5704 bere_gac_velle_’
2397 5627 2704 5704 repudiare.
2740 5696 2751 5704 _
2827 5694 2837 5704 .

2049 5701 2162 5772 (55)
2189 5696 2502 5756 Theodoten
2538 5696 2953 5752 cubiculariam.
