4090 6286
590 286 726 351 1407

589 407 713 470 bus,
749 417 877 459 ecce
915 402 1134 472 quidam
1165 415 1231 456 ex
1263 401 1352 467 iis,
1383 399 1476 471 qui
1500 401 1766 472 gerebant
1792 399 2163 470 magistratus,
2196 405 2236 456 Α

590 494 659 561 ab
681 491 1009 561 imperatore
1047 490 1369 555 instructus,
1413 489 1739 544 renuntians
1778 489 1921 558 quod
1950 486 2165 541 factum

591 599 657 641 ac
692 591 1064 652 comparatum
1105 582 1340 636 inaniter
1373 581 1657 635 dicebatur
1692 579 2040 639 veneﬁcium,
2078 593 2170 635 ac-

592 674 759 729 cessit
803 673 869 726 ad
901 687 1229 743 gnomonem
1280 671 1589 728 castitatis:
1650 685 1883 738 cumque
1927 669 1978 723 id
2006 683 2168 736 quam

592 762 861 835 potuisset
891 763 1297 817 accuratissime
1324 771 1380 817 et
1405 762 1759 815 subtilissime
1778 759 2168 821 contexuissi-t,

594 854 776 911 omnia
803 869 924 908 esse
953 854 1260 917 verissima,
1292 862 1347 908 et
1375 869 1497 922 qua:
1526 854 1729 907 nullam
1760 853 2051 907 admittant
2079 864 2173 904 ca-

595 945 882 1010 lumniam,
915 944 1213 998 afﬁrmabat
1248 961 1263 998 :
1291 952 1347 998 et
1380 953 1441 998 ut
1469 945 1823 1000 consentiret.
1850 950 1912 996 ut
1937 941 2171 1009 impera-

596 1047 681 1088 tor
721 1043 907 1103 posset
935 1037 1125 1089 venire
1161 1035 1228 1089 ad
1276 1036 1573 1089 secundum
1604 1037 1946 1089 contra‘etum
1985 1031 2174 1085 matri-

596 1125 787 1186 monii,
830 1125 1084 1179 instabat:
1124 1126 1247 1180 Haec
1283 1141 1407 1180 cum
1442 1127 1686 1184 dixisset.
1723 1125 2073 1194 exspectabat
2116 1133 2175 1178 ut

596 1217 662 1270 de
690 1216 757 1269 iis
785 1231 1105 1284 responsum
1137 1217 1429 1284 arciperet.
1458 1216 1583 1281 Cui,
1616 1231 1740 1268 cum
1769 1231 1833 1269 ex
1857 1215 1966 1269 imo
1992 1214 2173 1282 suspi-

597 1313 773 1358 rasset
802 1313 858 1357 et
880 1303 1302 1374 lacrymabiliter
1325 1304 1663 1369 subrisisset,
1704 1314 1925 1359 sanctus
1948 1319 2177 1372 respon-

597 1395 677 1449 dit
712 1412 727 1448 :
761 1395 817 1448 Si
864 1395 1001 1453 haec.
1039 1402 1184 1457 uttu
1224 1394 1440 1461 dixisti,
1482 1396 1740 1462 cogitavit
1775 1395 2087 1463 imperator,
2124 1402 2176 1447 et

595 1497 820 1537 carnem
848 1482 1033 1536 divina
1063 1482 1180 1552 lege
1210 1483 1654 1552 conglutinatam,
1683 1491 1737 1537 et
1766 1498 1888 1552 qua:
1918 1498 2023 1536 una
2052 1496 2177 1535 cum

599 1572 720 1641 ipso
755 1571 890 1626 facta
931 1584 1034 1635 est,
1071 1572 1260 1626 statuit
1288 1572 1628 1637 exscindere,
1662 1574 1865 1637 nescio,
1913 1572 2176 1641 quemad-

601 1663 824 1717 modum
847 1663 989 1717 feret
1014 1663 1415 1733 gravissimum,
1449 1664 1592 1732 quod
1621 1667 1673 1717 in
1707 1678 1834 1717 eum
1866 1678 1896 1716 a
1922 1663 2177 1733 gentibus

602 1751 945 1807 inferendum
977 1761 1085 1816 est,
1115 1753 1405 1820 probrum,
1436 1761 1531 1805 aut
1557 1752 2016 1821 quemadmodum
2055 1752 2177 1823 ejus

602 1850 846 1912 potestas
874 1857 1090 1911 gregem
1123 1852 1277 1912 coget
1304 1842 1373 1896 ad
1402 1843 1835 1912 temperantiam,
1865 1852 1917 1897 et
1948 1842 2181 1896 fornica-

602 1934 810 1989 tionem
838 1933 1026 2000 puniet
1064 1933 1486 1997 etadulterium,
1521 1948 1647 1987 cum
1682 1933 1796 2002 ipse
1822 1933 1892 1986 sit
1917 1941 2024 1987 tam
2062 1941 2178 1987 tur-

604 2023 755 2093 pium
806 2023 1088 2077 convictus
1135 2021 1485 2093 ﬂagitiorum.
1540 2022 1672 2077 Nam
1717 2022 1929 2077 etiamsi
1963 2022 2180 2077 dederi-

603 2128 727 2170 mus
758 2113 864 2166 ﬁde
893 2113 1053 2183 digna
1082 2127 1222 2174 esse,
1252 2128 1372 2182 quae
1405 2128 1434 2167 a
1470 2121 1521 2167 te
1549 2113 1917 2179 adducuntur,
1954 2122 2009 2167 et
2034 2120 2182 2167 esset

603 2202 850 2258 mulieris
875 2203 1102 2257 evidens
1128 2202 1472 2267 maleﬁcium,
1522 2203 1600 2257 sic
1632 2203 1793 2257 etiam
1823 2212 2104 2272 oporteret
2130 2204 2181 2257 id

603 2308 798 2350 cavere
836 2302 1055 2361 pr0pter
1104 2293 1466 2346 reverentiam
1495 2292 1643 2347 vocis
1685 2292 1922 2358 Domini,
1950 2308 2072 2361 quae
2095 2292 2181 2347 di-

604 2380 723 2436 cit:
756 2380 857 2446 Qui
897 2381 1119 2435 dimittit
1149 2396 1373 2435 uxorem
1415 2396 1594 2444 suam,
1647 2392 2006 2452 praeterquam
2050 2399 2182 2453 pro-

606 2480 727 2542 pter
742 2470 1174 2534 fornicationem,
1201 2473 1502 2526 moechatur
1526 2473 1742 2541 (Manli.
1765 2490 1818 2537 v,
1841 2474 1953 2543 52).
1977 2475 2182 2540 Quem-

512 2618 519 2626 _
562 2568 565 2571 ’
605 2579 732 2618 nam
767 2572 950 2617 autem
994 2564 1222 2632 imperio
1272 2564 1710 2619 excellentiorem
1762 2565 1865 2619 sibi
1920 2566 2181 2621 societate

605 2652 933 2707 matrimonii
977 2653 1146 2708 voluit
1170 2653 1523 2723 conjungere,
1553 2668 1674 2722 qua:
1714 2654 1783 2708 ad
1808 2662 2017 2709 tantum
2052 2671 2182 2724 pro-

605 2744 775 2800 cessit
808 2743 1110 2815 ﬂagitium?
1142 2744 1251 2800 Sed
1290 2747 1392 2799 hoc
1426 2744 1548 2799 ideo
1586 2746 1920 2813 pratexitur,
1975 2754 2035 2800 ut
2080 2747 2183 2803 h0-

607 2832 880 2888 norabiles
914 2833 1120 2903 nuptis:
1178 2842 1233 2889 et
1282 2842 1432 2889 torus
1471 2833 1851 2890 immaculatus
1904 2835 2178 2891 violetur:

606 2924 987 2980 introducatur
1018 2940 1146 2980 vero
1173 2925 1412 2980 dedecus
1449 2926 1843 2993 fornicationis,
1878 2936 1934 2982 et
1965 2943 2181 2998 germa—

608 3030 742 3068 num
771 3029 958 3069 semen
987 3013 1080 3068 ﬁat
1100 3015 1487 3079 adulterinum,
1519 3025 1574 3070 et
1597 3016 1798 3071 alienet
1824 3017 1898 3079 id.
1929 3017 2074 3086 quod
2099 3026 2183 3072 est

610 3112 921 3175 cognatum,
972 3104 1284 3158 introducto
1322 3104 1522 3158 furtivo
1575 3114 1630 3159 et
1671 3106 1814 3175 turpi
1867 3107 2182 3162 concubitu.

610 3193 764 3251 lianc
790 3211 920 3268 ergo
955 3214 986 3253 a
1020 3201 1177 3255 nobis
1202 3211 1259 3256 et
1311 3202 1396 3268 iis,
1439 3203 1531 3273 qui
1567 3214 1696 3260 sunt
1741 3206 1913 3261 nostri
1961 3206 2187 3271 similes,

611 3286 798 3356 accipe
821 3292 1252 3358 responsionem,
1275 3305 1330 3348 et
1349 3296 1497 3364 aperi
1528 3296 1614 3360 iis,
1639 3297 1730 3366 qui
1757 3298 2048 3353 miserunt.
2071 3299 2191 3353 Non

613 3375 763 3430 enim
788 3378 1045 3434 cedemus
1077 3381 1163 3446 iis,
1223 3398 1345 3453 qua:
1375 3400 1405 3438 a
1434 3393 1488 3440 te
1510 3386 1802 3455 jactantur.
1837 3387 2063 3444 Mortem
2095 3405 2193 3459 po-

615 3467 726 3521 tius
757 3476 814 3522 et
841 3472 1021 3540 gravia
1069 3474 1373 3532 subibimus
1400 3478 1684 3547 supplicia,
1732 3496 1895 3549 quam
1945 3482 1998 3535 in
2028 3483 2192 3537 rebus

614 3557 883 3626 ejusmodi
928 3563 977 3616 ei
1021 3564 1132 3617 ullo
1162 3566 1323 3620 modo
1364 3568 1595 3624 velimus
1649 3569 1934 3628 inservire.
1997 3572 2193 3627 Audiat

616 3648 912 3719 imperator
938 3669 1039 3709 nos
1087 3655 1215 3711 huic
1258 3658 1601 3726 lmprobabili
1645 3662 1875 3717 consilio
1909 3678 2021 3718 non
2070 3678 2191 3719 esse

616 3738 794 3806 paritu
804 3756 911 3796 ros.

688 3832 777 3887 31.
811 3832 910 3887 His
937 3837 1118 3892 verbis
1152 3841 1468 3898 coelestibus
1490 3845 1759 3900 attonitus
1787 3845 1858 3908 is,
1887 3845 1980 3914 qui
2017 3846 2190 3916 impe-

618 3923 838 3977 ratoriis
870 3926 1141 3981 serviebat
1166 3933 1469 4000 responsis,
1498 3936 1652 3990 vultu
1681 3944 1869 4005 tegens
1894 3935 2188 4002 tristitiam,

618 4015 769 4071 venit
798 4030 957 4084 quam
988 4018 1248 4076 citissime
1280 4023 1347 4077 ad
1380 4039 1527 4086 eum.
1569 4026 1661 4096 qui
1694 4027 1936 4088 miserat,
1977 4041 2189 4095 eorum,

616 4123 740 4178 qua:
776 4110 866 4164 ille
899 4113 1174 4181 sperabat,
1215 4116 1351 4171 nihil
1396 4119 1543 4189 quod
1588 4121 1639 4174 ei
1684 4129 1831 4175 esset
1872 4122 2041 4186 cordi,
2074 4136 2194 4175 om-

619 4197 754 4252 nino
785 4200 1039 4257 aﬂ‘erens.
1087 4202 1380 4273 Postquam
1424 4216 1606 4262 autem
1641 4210 1969 4264 sacrosancti
2013 4221 2193 4280 pasto-

621 4288 698 4343 ris
729 4293 1087 4348 constantiam
1118 4296 1255 4350 vidit
1276 4297 1572 4367 imperator
1598 4314 1804 4368 quercu
1839 4315 1960 4355 esse
1985 4300 2191 4355 ﬁrmio-

2208 3049 2253 3107 ο

1676 290 1741 351 S.
1775 287 2085 349 TARASII
2131 281 2638 345 PATRIARCHE
2694 280 2803 341 ΕΡ.

3770 267 3901 332 1408

2268 396 2544 451 lutabatur
2580 396 2632 448 in
2660 391 3039 449 fornicatione.
3094 390 3362 465 impulsus
3387 388 3563 445 enim
3608 386 3689 440 ab
3721 386 3900 456 impn-

2269 486 2474 550 dentia,
2507 486 2594 541 his
2625 484 2804 540 verbis
2835 498 2963 538 usus
2983 490 3066 537 est
3087 483 3150 534 ad.
3180 480 3513 550 pontiﬁcem
3550 495 3566 531 :

2341 579 2429 633 52.
2457 577 2569 647 Ego
2594 576 2811 645 quidem
2862 574 2939 635 id,
2973 574 3116 643 quod
3143 572 3254 639 jam
3286 570 3515 640 pridem
3574 566 3724 621 mihi
3758 568 3897 622 acci-

2275 669 2376 733 dit,
2416 669 2482 722 ad
2508 677 2744 721 vestram
2798 665 2960 719 retuli
3014 664 3379 718 sanctitatem.
3411 660 3590 714 Nihil
3638 660 3795 714 enim
3848 670 3898 714 te

2271 763 2416 819 volui
2450 762 2647 824 celare,
2681 761 3027 814 affectionem
3068 773 3131 811 ac
3186 753 3661 810 benevolentiam
3733 752 3899 821 patris

2272 856 2331 909 in
2380 864 2435 908 te
2468 852 2736 907 indicans.
2767 851 2938 905 Porro
2972 858 3152 902 autem
3188 862 3335 901 nunc
3366 859 3615 914 quoque
3648 859 3756 911 per
3777 859 3895 896 eam

2279 945 2524 1009 linguam
2562 941 2995 1012 imperatoriam,
3041 939 3204 993 statui
3234 937 3431 991 clarius
3489 948 3676 1005 agere
3726 950 3897 987 meam

2275 1050 2514 1091 causam.
2555 1033 2672 1087 Meo
2710 1032 2856 1085 enim
2908 1021 3139 1099 imperio
3182 1027 3576 1087 insidiantem,
3625 1039 3756 1091 qua:
3793 1039 3891 1085 non

2276 1140 2345 1179 ex
2405 1125 2516 1178 Deo
2560 1122 2694 1177 mihi
2742 1121 2899 1176 unita
2958 1119 3155 1183 fuerat,
3207 1117 3582 1187 adjutrieem,
3631 1130 3764 1168 cum
3815 1114 3890 1167 lex

2276 1222 2463 1283 aperte
2508 1213 2718 1282 iubeat,
2751 1212 2883 1280 quin
2929 1210 2997 1265 ab
3025 1225 3087 1264 ea
3131 1209 3333 1278 possim
3363 1195 3694 1270 divertere,
3738 1220 3889 1258 nemo

2276 1304 2634 1359 contradicet.
2691 1300 2824 1355 Nam
2865 1316 2988 1355 cum
3015 1300 3126 1354 sint
3151 1296 3433 1352 manifesta
3489 1295 3767 1357 crimina,
3806 1303 3892 1347 aut

2277 1411 2425 1450 mors
2477 1409 2596 1449 eam
2653 1392 2905 1462 excipiet.
2948 1400 3062 1454 aut,
3108 1391 3251 1460 quod
3282 1397 3366 1443 est
3409 1387 3756 1457 benignius,
3802 1401 3891 1455 per

2281 1495 2447 1541 totam
2479 1487 2644 1539 vitam
2672 1494 2793 1552 aget
2818 1482 3218 1551 pmnitentiam.
3250 1481 3365 1534 Non
3393 1479 3562 1533 enim
3597 1477 3672 1531 ad
3704 1468 3889 1544 quem-

2280 1578 2425 1648 piam
2449 1591 2517 1631 ex
2550 1574 2707 1645 vulgo
2734 1583 2852 1629 erat
2917 1573 3294 1635 transiturum,
3325 1569 3481 1639 quod
3503 1568 3600 1621 ab
3632 1582 3698 1621 ea
3730 1567 3887 1620 ador-

2280 1678 2469 1723 natum
2510 1675 2647 1729 erat,
2688 1666 2910 1720 scelus:
2954 1664 3048 1717 sed
3088 1662 3155 1716 ad
3186 1674 3519 1731 germanum
3568 1657 3886 1725 coniugem,

2282 1769 2340 1815 et
2394 1759 2768 1813 ﬁdelissimum
2824 1756 3235 1819 imperatorem,
3269 1760 3325 1805 et
3352 1749 3635 1820 gentibus
3669 1746 3885 1801 terribi-

2281 1845 2408 1908 lem,
2455 1852 2512 1899 et
2561 1843 2629 1898 ad
2681 1843 2994 1897 universum
3048 1841 3236 1895 orbem
3293 1848 3457 1893 terrae
3517 1852 3886 1906 pervasurum

2281 1943 2399 1990 erat
2442 1933 2785 1988 maleﬁcium.
2825 1930 2944 1997 Quo
2987 1930 3115 1998 quid
3153 1943 3275 1982 esse
3311 1927 3579 1997 potuerit
3609 1924 3888 1995 periculo-

2281 2026 2396 2081 sius
2447 2033 2503 2079 et
2561 2025 2732 2094 magis
2785 2022 3044 2077 horribile
3074 2021 3099 2074 ?
3128 2021 3264 2074 adeo
3316 2027 3375 2072 ut
3430 2017 3568 2087 ipsa
3621 2017 3884 2083 deinceps

2281 2117 2451 2188 possit
2478 2116 2545 2170 ad
2581 2115 2785 2170 nullam
2823 2113 3120 2183 confugere
3151 2110 3568 2166 defensionem.
3615 2107 3715 2161 Est
3741 2107 3883 2160 enim

2280 2208 2490 2278 privata
2523 2206 2671 2262 omni
2716 2205 2981 2262 oratione.
3027 2212 3084 2258 et
3112 2218 3233 2272 qua:
3260 2203 3435 2272 ipsam
3475 2198 3879 2255 commendare

2282 2300 2530 2368 possint,
2583 2297 3037 2368 probationibus,
3096 2303 3155 2349 ut
3211 2309 3333 2364 quae
3393 2299 3878 2363 argumentorum,

2281 2407 2402 2461 quae
2426 2390 2618 2446 evitari
2646 2404 2754 2443 non
2785 2397 3033 2459 possunt,
3078 2386 3279 2440 habeat
3321 2394 3521 2439 contra
3575 2400 3639 2437 se
3687 2383 3877 2437 verita-

2283 2491 2392 2536 tem
2457 2481 2526 2535 ad
2587 2480 2882 2549 perfectam
2945 2479 3482 2534 condemnationem.
3549 2476 3629 2529 De
3686 2480 3878 2528 caetero

2283 2581 2466 2627 autem
2509 2580 2667 2626 vocat
2712 2579 2946 2640 tempus,
2991 2578 3052 2624 ut
3080 2570 3197 2638 ipsa
3235 2566 3468 2622 letifera:
3519 2562 3766 2635 potionis
3792 2575 3874 2615 ve-

2283 2676 2426 2716 nena
2453 2660 2694 2730 aperiam
2719 2677 2733 2714 :
2776 2669 2836 2714 ut
2868 2675 2993 2714 cum
3023 2666 3203 2713 vestra
3234 2667 3426 2712 sancta
3459 2653 3676 2709 viderit
3702 2661 3875 2721 pater-

2281 2753 2428 2809 nitas
2457 2753 2682 2809 sceleris
2726 2753 3174 2825 magnitudinem,
3222 2752 3275 2806 id
3320 2759 3540 2806 certum
3590 2748 3795 2803 habens
3824 2750 3875 2800 et

2283 2844 2645 2914 exploratum,
2708 2860 2818 2899 non
2871 2845 3104 2913 amplius
3157 2842 3404 2905 dubitet,
3464 2856 3659 2908 neque
3719 2838 3875 2892 ullam

2282 2942 2560 3004 exspectet
2619 2950 2826 2989 moram
2876 2943 3000 2989 aut
3056 2934 3317 3003 temporis
3374 2933 3726 2993 dilationem,
3785 2926 3873 2983 sed

2283 3026 2682 3097 quamprimum
2721 3040 2840 3081 eam
2870 3026 3014 3098 jugis
3040 3024 3294 3095 subjiciat
3324 3016 3641 3080 canonicis.
3672 3029 3729 3075 et
3753 3033 3872 3089 per-

2292 3117 2518 3171 suadeat
2548 3116 2597 3170 ei
2629 3116 2794 3171 vitam
2815 3117 3014 3187 eligere
3038 3115 3280 3185 quietam
3304 3129 3369 3167 ac
3403 3112 3796 3172 monasticam,
3829 3106 3872 3161 si

2290 3208 2423 3263 velit
2450 3223 2568 3263 eam
2601 3223 2823 3263 manere
2851 3209 2993 3263 inter
3036 3208 3209 3263 vivos.
3238 3207 3374 3261 Nam
3401 3221 3533 3261 cum
3582 3203 3691 3257 hoc
3718 3199 3874 3254 male-

2291 3300 2471 3356 ﬁcium
2503 3301 2573 3355 sit
2598 3299 2732 3354 mihi
2782 3300 3013 3368 positum
3047 3307 3173 3354 ante
3206 3298 3412 3360 oculos,
3448 3296 3574 3352 ﬂeri
3625 3309 3735 3348 non
3779 3305 3873 3361 po-

2291 3403 2418 3457 test,
2456 3402 2516 3449 ut
2541 3408 2664 3448 cum
2697 3408 2762 3448 ea
2789 3393 3023 3463 amplius
3071 3407 3284 3447 servem
3321 3393 3446 3462 jura
3484 3388 3750 3459 coniugii,
3784 3395 3868 3439 aut

2290 3481 2465 3536 amice
2492 3481 2722 3549 amplius
2756 3496 2879 3535 cum
2907 3496 2969 3534 ea
3016 3482 3319 3551 coniungar
3361 3488 3418 3533 et
3446 3479 3635 3534 foedus
3679 3477 3867 3529 ineant.

2291 3572 2588 3629 Nocentem
2616 3574 2784 3639 enim,
2812 3581 2871 3628 ut
2906 3571 3035 3628 dicit
3071 3571 3443 3641 proverbium,
3489 3569 3637 3623 Deus
3663 3576 3864 3635 quoque

2291 3666 2655 3735 persequitur.
2694 3663 2878 3718 lnnuit
2904 3678 3055 3735 ergo,
3090 3671 3146 3717 et
3194 3661 3356 3715 allata
3388 3667 3522 3713 sunt
3553 3672 3681 3712 vasa
3708 3655 3862 3709 vitrea

2291 3770 2416 3811 cum
2462 3756 2674 3826 liquore
2718 3755 2935 3810 turbido
2982 3755 3197 3809 curiose
3242 3753 3552 3823 composito
3588 3749 3655 3804 ad
3686 3747 3858 3801 falsam

2292 3847 2697 3902 accusationem
2726 3862 2877 3917 :quaa
2892 3854 3020 3900 ante
3051 3843 3245 3900 faciem
3265 3844 3384 3909 ejus
3410 3853 3468 3898 et
3494 3840 3677 3911 magni
3702 3835 3856 3891 Patris

2292 3948 2624 4001 statuerunt,
2654 3938 2747 4008 qui
2796 3938 3119 4000 aﬂ'erebant,
3162 3936 3362 4005 quibus
3415 3935 3654 3996 dicebat,
3684 3928 3856 3995 conju-

2293 4043 2414 4100 gem
2445 4028 2529 4083 vel
2584 4036 2817 4083 mortem
2863 4030 2915 4083 ei
2960 4041 3083 4084 esse
3132 4026 3524 4092 machinatum,
3570 4023 3652 4078 vel
3679 4016 3855 4077 mentis

2292 4119 2650 4174 emotionem.

2363 4208 2451 4262 '53.
2496 4207 2703 4263 Videns
2724 4222 2855 4278 ergo
2888 4222 3120 4278 magnus
3145 4206 3403 4262 Tarasius
3434 4206 3526 4272 iis,
3552 4204 3644 4275 qui
3668 4210 3850 4266 nequa-

2292 4312 2455 4369 quam
2488 4297 2908 4362 conveniebant,
2948 4298 3180 4352 nexibus
3217 4303 3437 4367 captum
3470 4297 3844 4365 imperatorem.

621 4393 758 4442 rem,
782 4396 902 4449 quae
930 4384 1000 4438 ab
1055 4385 1264 4454 impetu
1294 4399 1579 4444 ventorum
1618 4407 1728 4446 non
1773 4393 2101 4459 concutitur,
2140 4393 2194 4446 in
2227 4390 2271 4445 Ι)
2300 4396 2355 4442 et
2389 4388 2505 4442 falsi
2536 4387 2857 4458 labyrinthis
2891 4387 3218 4452 involutum,
3256 4398 3317 4443 ut
3345 4386 3581 4442 evadere
3619 4394 3721 4436 non
3742 4387 3844 4446 pos-

619 4470 982 4528 admiratione
1011 4474 1222 4541 habuit,
1251 4479 1395 4546 quod
1426 4479 1629 4536 factum
1657 4483 1852 4549 fuerat,
1880 4484 2099 4549 timens,
2127 4499 2196 4538 ne

623 4560 806 4633 inclyti
848 4562 1023 4621 Patris
1052 4582 1207 4622 mens
1236 4569 1546 4628 inﬂexibilis
1574 4575 1725 4628 nullo
1767 4575 1995 4644 strepitu
2025 4584 2198 4631 terre-

624 4661 795 4708 retur.
834 4654 1043 4713 Rursus
1070 4674 1199 4730 ergo
1229 4661 1471 4729 mittens,
1506 4664 1665 4734 jubet
1707 4666 1897 4721 adesse
1926 4679 2196 4730 sanctum,

624 4746 876 4812 credens,
911 4750 954 4804 si
987 4766 1171 4806 coram
1213 4754 1497 4823 adfuisset,
1522 4757 1637 4812 fore
1669 4767 1729 4812 ut
1758 4773 1818 4813 se
1856 4760 2203 4821 submitteret

627 4841 913 4908 potestatis
941 4845 1271 4900 austeritati.
1300 4847 1437 4902 Cum
1479 4864 1608 4921 ergo
1633 4850 1879 4905 venisset
1912 4849 1967 4903 in
2000 4850 2200 4919 regiam

627 4937 686 4983 et
716 4929 782 4984 ad
806 4932 980 5000 ipsum
1007 4934 1411 5005 imperatorem,
1454 4948 1508 4993 et
1536 4955 1659 4994 cum
1691 4954 1759 4993 eo
1797 4940 1867 4994 de
1896 4955 2046 4995 more
2071 4956 2204 4996 con-

629 5018 883 5082 sedisset,
925 5022 1134 5078 hahens
1166 5041 1350 5081 secum
1380 5043 1569 5082 senem
1595 5029 1744 5082 illum
1774 5028 1884 5098 (56)
1914 5027 2200 5088 Joannem.

632 5122 817 5175 quem,
850 5127 972 5166 cum
1012 5114 1067 5167 in
1099 5119 1342 5186 synodali
1376 5129 1686 5173 versaretur
1723 5120 2076 5188 expositione,
2105 5121 2205 5175 ad—

633 5198 849 5252 monuit
882 5203 1053 5258 oratio
1102 5204 1273 5261 fuisse
1315 5208 1553 5278 legatum
1586 5208 1834 5263 dioecesis
1888 5208 2204 5275 orientalis;

633 5288 927 5359 multisque
952 5295 1278 5351 salutaribus
1303 5297 1763 5354 admonitionibus
1786 5300 1928 5370 apud
1969 5300 2205 5370 impera-

635 5387 812 5434 torem
843 5394 989 5439 esset
1015 5402 1144 5440 usus
1173 5388 1429 5457 princeps
1448 5399 1742 5457 pastorum,
1767 5400 1823 5444 et
1849 5405 1960 5444 non
1982 5406 2209 5461 persua-

637 5468 799 5525 sisset
823 5489 836 5524 :
863 5482 980 5528 erat
1004 5476 1170 5540 enim,
1198 5485 1257 5530 ut
1279 5485 1363 5531 est
1387 5476 1441 5531 in
1471 5478 1776 5547 proverbio,
1811 5481 2033 5552 hydram
2061 5482 2209 5537 scin-

638 5558 787 5624 dere,
823 5577 946 5618 eum
977 5581 1007 5619 a
1042 5567 1194 5636 lapsu
1221 5567 1470 5635 liberare,
1511 5570 1600 5640 qui
1626 5570 1737 5639 jam
1767 5572 1879 5629 suis
1912 5573 2083 5629 instar
2112 5589 2208 5629 vo-

715 5671 830 5743 (56)
861 5673 1023 5732 Num.
1056 5679 1121 5732 l9
1150 5678 1348 5733 dicitur
1389 5682 1678 5749 synccllus.

2300 4480 2392 4544 sit,
2442 4477 2548 4534 labi
2589 4479 2645 4533 in
2698 4479 2905 4549 peccati
2940 4478 3268 4548 periculum,
3314 4477 3664 4533 sacerrimum
3701 4467 3839 4522 telum

2299 4569 2476 4641 inﬁgit
2506 4569 2563 4624 in
2589 4570 2707 4640 ejus
2736 4571 2921 4635 corde,
2965 4571 3046 4625 sic
3068 4570 3259 4624 dicens
3285 4586 3299 4624 :
3330 4567 3413 4622 Ne
3448 4578 3682 4623 moveas,
3704 4574 3734 4612 0
3755 4557 3838 4608 im-

2300 4672 2539 4733 perator,
2599 4679 2747 4718 arma
2795 4663 2961 4718 surda
3008 4663 3270 4717 adversus
3323 4660 3419 4716 Dei
3473 4660 3636 4729 leges.
3691 4656 3835 4714 ηεαιιε

2301 4763 2528 4824 propter
2549 4753 2744 4808 harum
2798 4753 3307 4825 transgressionem,
3347 4748 3649 4806 clanculum
3679 4742 3831 4794 contra

2302 4845 2524 4899 milites.
2552 4846 2649 4900 Est
2677 4846 2823 4900 enim
2863 4843 3226 4914 imperatoria:
3269 4841 3554 4912 potestatis
3587 4829 3826 4890 indicium,

2303 4935 2483 4988 omnia
2508 4950 2633 4989 cum
2655 4934 2825 4988 libera
2844 4932 3020 4987 facere
3046 4930 3401 4996 conscientia,
3426 4937 3482 4984 et
3507 4923 3640 4982 nihil
3665 4923 3826 5010 tectth

2305 5039 2370 5080 ac
2402 5025 2801 5081 dissimulatum
2841 5032 3024 5079 mente
3071 5022 3283 5093 agitare
3312 5022 3573 5076 adversus
3600 5027 3730 5074 eum,
3754 5016 3825 5072 (ιω

2305 5116 2456 5171 dedit
2484 5131 2764 5182 coronam,
2803 5124 2859 5169 et
2891 5115 3123 5169 maxime
3159 5112 3458 5169 evertendo
3483 5108 3703 5166 divinum
3730 5095 3821 5164 eius

2306 5208 2626 5263 mandatum
2687 5216 2742 5263 et
2788 5207 3141 5263 voluntatem.
3197 5205 3484 5261 Neminem
3537 5196 3669 5256 enim
3721 5188 3821 5284 lalfi

2307 5301 2516 5356 nullum
2539 5300 2913 5356 intercessisse
2946 5300 3121 5354 scelus
3147 5298 3214 5353 ad
3244 5313 3328 5362 ea,
3355 5312 3477 5366 qua;
3500 5303 3635 5348 nunc
3654 5280 3816 5339 nefarie

2311 5399 2599 5446 struuntur
2622 5389 2881 5445 adversus
2917 5388 3337 5459 imperatricem,
3381 5394 3437 5441 et
3482 5397 3595 5455 quis
3624 5386 3724 5433 eam
3745 5378 3815 5419 το·

2308 5485 2430 5538 lunt
2486 5484 2755 5554 subjicere
2782 5482 3145 5537 maleﬁcorum
3200 5478 3495 5542 vencﬂciis,
3528 5483 3576 5531 et
3599 5464 3809 5527 afﬁrmant

2311 5591 2431 5632 eam
2459 5575 2821 5632 machinatam
2858 5590 2977 5633 esse
3003 5583 3234 5631 mortem
3256 5571 3523 5645 majestati
3544 5561 3808 5624 ιιιεὶιιοοην
