4090 6286
293 356 432 424 1409

1827 353 2028 420 VlTA.

3401 343 3538 409 1410

286 463 611 535 parabilem.
635 461 768 530 Quis
799 462 970 528 enim,
1001 470 1062 519 ut
1094 462 1246 534 prius
1262 463 1396 531 dixi,
1420 463 1658 536 glorians
1683 464 1940 533 specie-A
1968 458 2179 523 rodem,
2209 458 2301 529 qui
2323 466 2448 529 post
2470 464 2699 513 mortem
2734 454 2918 512 fratris
2943 458 3063 527 ejus
3095 455 3312 528 sponsas
3343 458 3498 516 insan

247 555 588 631 .juventutis
629 555 931 625 comparari
976 554 1217 625 potuerit
1260 570 1385 610 cum
1435 566 1526 610 tua
1554 556 1863 626 pulchritu-

286 645 439 713 dine,
469 655 528 701 ut
559 662 592 703 a
633 645 823 701 fraude
864 646 1107 701 inescata
1133 645 1231 700 tibi
1273 661 1545 702 venenum
1595 646 1865 717 praeberet

287 737 629 800 muliercula,
672 745 728 791 et
761 747 820 790 se
849 736 917 791 ab
946 752 1032 804 ea,
1082 752 1205 807 quae
1241 745 1327 791 est
1371 737 1426 791 in
1456 746 1527 803 te,
1566 738 1864 793 abduceret

288 828 532 882 amicitia
560 835 615 882 et.
648 843 903 898 germano
926 828 1161 883 ardore?
1199 828 1460 894 Quisnam
1496 838 1722 898 apparet
1747 844 1863 883 ma-

282 919 392 989 jori
437 920 673 990 glorians
717 920 1057 985 excellentia,
1100 935 1263 989 quam
1307 920 1470 975 vestri
1511 921 1721 989 imperii
1751 921 1861 991 (57)

287 1008 629 1079 quadruplici
667 1010 957 1079 purpura?
986 1010 1157 1076 Quem
1196 1010 1368 1065 oculis
1397 1018 1452 1064 et
1485 1011 1707 1065 nutibus
1751 1011 1866 1081 pel-

289 1097 492 1153 lectum
541 1115 767 1156 summa:
836 1110 1034 1155 vestrae
1104 1101 1337 1168 praetulit
1388 1101 1682 1171 dignitati?
1730 1102 1863 1169 Quis

291 1198 484 1243 contra
526 1190 867 1245 adversarios
904 1189 958 1243 in
989 1197 1069 1244 tot
1102 1190 1299 1260 przeliis
1345 1205 1403 1245 se
1453 1200 1560 1245 tam
1606 1192 1863 1261 praeclare

289 1278 460 1348 gessit
491 1293 653 1347 supra
672 1285 905 1332 vestram
932 1279 1054 1348 plus
1073 1294 1232 1347 quam
1262 1279 1565 1333 liavidicam
1590 1280 1864 1335 fortitudi~

289 1382 440 1432 nem,
474 1378 533 1423 ut
552 1369 620 1424 ab
641 1370 755 1439 ipsa
776 1377 1049 1423 amaretur
1076 1369 1198 1438 plus
1216 1384 1374 1437 quam
1402 1378 1492 1424 tua
1517 1370 1863 1451 imperatoria

287 1457 620 1527 dominatio?
649 1458 768 1514 Non
809 1470 914 1525 est,
953 1475 1064 1517 non
1095 1469 1180 1514 est
1207 1459 1300 1514 ita.
1338 1459 1581 1516 Fuerunt
1627 1463 1743 1516 haec
1774 1462 1863 1516 in-

286 1554 450 1602 venta
481 1557 537 1603 et
580 1548 906 1618 excogitata,
959 1556 1020 1602 ut
1063 1549 1538 1618 praetenderentur
1585 1552 1653 1606 ad
1700 1567 1864 1607 omne

286 1637 518 1694 vitium:
576 1639 877 1709 proposita,
909 1650 970 1695 ut
1007 1640 1183 1695 labem
1226 1641 1447 1695 inurant
1492 1650 1705 1709 sceptro
1759 1644 1862 1698 im-

288 1729 447 1799 perii,
484 1729 794 1798 parabolam
843 1729 901 1785 in
927 1731 1201 1802 gentibus,
1253 1738 1310 1785 et
1339 1731 1633 1787 motionem
1670 1734 1869 1807 capitis

289 1818 344 1873 in
372 1820 583 1889 populis
613 1835 707 1875 vos
740 1832 946 1890 ponere
977 1821 1217 1891 graviter
1249 1823 1521 1892 urgentia.
1559 1821 1857 1893 Propterea

288 1908 524 1980 legitima
547 1912 674 1981 jura
702 1923 897 1969 vestrae
921 1915 1220 1986 conjugalis
1242 1924 1296 1970 et
1321 1916 1682 1984 imperatoria:
1703 1918 1859 1971 unio-

288 2001 374 2055 nis
405 2018 513 2055 non
535 2004 800 2058 audemus
829 2005 1153 2069 dissolvere,
1183 2005 1277 2060 Dei
1302 2005 1633 2076 legislatoris
1661 2009 1861 2062 timen-

291 2096 372 2144 tcs
410 2094 735 2147 sententiam
772 2112 786 2148 :
834 2109 1012 2164 neque
1052 2095 1235 2149 verbis
1259 2135 1274 2160 ,
1325 2111 1447 2165 quae
1500 2106 1750 2162 spectant
1793 2097 1861 2153 ad

285 2183 653 2249 accusandum
695 2192 843 2239 tuam
898 2186 1209 2256 conjugem,
1250 2188 1474 2243 credere
1505 2190 1857 2255 sustinemus,

285 2269 501 2323 etiamsi
556 2271 700 2326 mille
723 2273 987 2328 mortibus
1015 2281 1071 2328 et
1102 2275 1389 2330 tormentis
1417 2276 1648 2346 subjecti
1690 2277 1861 2331 fueri-

282 2374 428 2420 mus.
458 2364 633 2432 utqui
659 2363 897 2418 sciamus
943 2364 1199 2419 diuturna
1229 2365 1655 2422 inﬂammatione
1684 2369 1856 2422 teneri

284 2454 433 2504 tuam
476 2451 822 2506 aﬂectionem
872 2453 926 2507 in
959 2454 1338 2509 mulierculam
1382 2456 1524 2511 illam
1557 2456 1861 2513 fornicatri-

285 2553 426 2593 cem.
459 2536 599 2605 Quin
631 2542 795 2595 etiam
826 2542 930 2597 hoc
959 2558 1174 2612 quoque
1204 2553 1394 2609 notum
1421 2544 1652 2603 facimus
1674 2561 1857 2601 coram

284 2622 466 2683 Dedin
494 2630 679 2699 primis
705 2629 1038 2686 honoranda:
1079 2620 1184 2686 tua:
1214 2649 1490 2703 purpurae,
1530 2635 1678 2703 quod
1711 2636 1855 2689 intra

284 2720 553 2775 cancellos
600 2721 900 2776 incruentas
952 2737 1177 2787 mensae,
1244 2724 1300 2778 in
1362 2740 1468 2794 qua
1528 2726 1855 2781 sacriﬁcium

285 2824 493 2881 magnae
532 2810 721 2877 hostias
749 2812 948 2867 Christi
987 2814 1366 2871 venerabiliter
1417 2816 1713 2885 peragitur,
1743 2831 1855 2883 non

285 2896 530 2954 sinemus
565 2901 797 2970 amplius
844 2901 1126 2955 nobiscum
1153 2911 1389 2957 vestram
1417 2903 1624 2975 ingredi
1656 2912 1853 2974 poten-

286 2988 436 3054 tiam,
462 3002 544 3044 ue.
562 3004 663 3045 nos
691 3006 908 3061 quoque
931 2992 1235 3053 audiamus.
1267 2994 1413 3062 quod
1436 2994 1491 3047 in
1522 2997 1853 3051 exsecratio-

1964 565 2151 606 amore
2197 551 2505 615 tenebatur,
2553 548 2728 619 arguit
2772 548 2999 619 (Matth.
3034 565 3147 614 nv,
3180 549 3242 619 5)
3265 590 3282 616 ,
3317 550 3406 605 hic
3432 566 3532 606 au-

1966 649 2096 706 tem,
2139 656 2264 696 cum
2312 642 2493 697 adhuc
2522 651 2668 696 esset
2692 649 2971 712 superstes
2999 656 3136 696 uxor
3166 640 3538 712 imperatoris,

1963 740 2019 786 et
2048 747 2171 786 cum
2200 747 2263 786 ea
2281 742 2471 787 ornata
2502 741 2652 803 esset
2672 733 2885 802 imperii
2906 733 3235 799 diademate,
3260 743 3315 789 et
3335 734 3534 789 deinde

1963 822 2190 891 expulsa
2213 833 2378 885 esset,
2401 838 2510 877 non
2528 824 2815 878 ferendum
2837 839 2959 879 esse
2978 833 3129 880 ratus
3158 827 3300 896 quod
3329 832 3532 881 tactum

1965 910 2163 975 fuerat,
2197 911 2300 965 fuit
2339 913 2731 979 convenienter
2762 912 3210 983 Psalmographo,
3253 915 3319 967 ad
3358 921 3533 968 matu-

1965 1001 2137 1054 tinum
2184 1001 2500 1056 acutissima
2539 1002 2934 1070 reprehensio,
2981 1003 3197 1057 etiamsi
3236 1003 3436 1065 cribro,
3470 1011 3532 1056 ut

1963 1087 2181 1152 dicitur,
2218 1090 2480 1152 hauserit,
2533 1098 2589 1144 et
2636 1091 2852 1145 acinum
2901 1089 3124 1170 inﬂarit,
3179 1106 3302 1146 cum
3347 1092 3529 1146 saucia
3591 1166 3596 1170 ι

1961 1186 2105 1231 esset
2132 1187 2188 1232 et
2216 1178 2509 1248 pertineret
2539 1196 2693 1235 mens
2723 1158 3070 1250 imperatoris
3097 1182 3269 1253 (Psal.
3306 1198 3357 1245 c,
3390 1185 3469 1251 8).

2031 1266 2118 1321 55.
2154 1268 2368 1322 Etenim
2396 1285 2516 1324 cum
2548 1273 2731 1325 statim
2757 1286 2901 1335 eam,
2924 1288 3046 1341 quin
3071 1273 3171 1328 sibi
3199 1273 3527 1328 matrimonii

1956 1356 2082 1426 jure
2108 1360 2396 1429 conjuncta
2430 1370 2566 1422 erat.
2597 1377 2625 1414 a
2658 1376 2718 1416 se
2752 1364 3127 1430 amandasset,
3163 1373 3219 1419 et
3251 1365 3319 1419 ab
3356 1365 3528 1434 impe’-

1964 1450 2166 1503 ratoria
2216 1452 2336 1504 aula
2371 1452 2686 1516 alienasset,
2741 1462 2798 1507 et
2830 1454 2942 1523 (58)
2988 1455 3200 1523 privato
3242 1456 3427 1509 habitu
3471 1466 3529 1511 et

1964 1537 2085 1593 loco
2122 1554 2240 1593 eam
2269 1539 2807 1610 circumscripsisset,
2833 1557 2864 1595 a
2896 1550 3218 1612 tempestate
3250 1554 3306 1599 et
3335 1545 3526 1615 caligi-

1963 1642 2102 1681 noso
2152 1628 2244 1681 illo
2288 1628 2422 1692 salo,
2467 1630 2611 1698 quod
2652 1629 2892 1684 subierat
2929 1630 3133 1694 animo,
3174 1632 3400 1696 destitit,
3432 1646 3529 1701 per

1963 1719 2362 1797 separationem
2403 1734 2432 1772 a
2461 1734 2718 1789 germano
2751 1736 2852 1774 suo
2900 1723 3167 1777 membro.
3218 1724 3353 1776 Cum
3397 1737 3527 1776 vero

1960 1809 2296 1865 volutaretur
2326 1809 2382 1864 in
2413 1825 2573 1864 coeno
2603 1811 2898 1866 introducti
2932 1813 3079 1866 illius
3105 1814 3448 1878 concubitus,
3470 1823 3528 1868 et

1960 1901 2196 1953 maxima
2230 1900 2279 1953 vi
2308 1899 2358 1953 ei
2391 1900 2580 1962 allata,
2635 1901 2831 1955 crebro
2862 1902 3175 1971 pontiﬁcem
3226 1904 3523 1969 incitasset,

1961 1996 2023 2042 ut
2052 1988 2175 2057 ejus
2204 1989 2395 2044 vertici
2426 1998 2746 2051 contexeret
2774 2007 3031 2047 coronam
3067 1994 3344 2048 tenebrosi
3379 1994 3526 2049 illius

1959 2089 2016 2133 et
2043 2072 2242 2134 occulti
2283 2088 2633 2148 contractus,
2677 2097 2785 2137 non
2825 2082 2927 2138 fuit
2962 2085 3106 2153 quod
3133 2084 3344 2139 volebat
3372 2100 3525 2140 asse-

1959 2179 2134 2225 cutus.
2167 2170 2469 2243 Degcaetero
2494 2185 2674 2228 autem
2716 2175 2825 2230 huc
2864 2176 3069 2241 obibat,
3116 2192 3366 2246 qua-rens
3409 2177 3524 2248 (59)

1958 2261 2320 2325 sacerdotem,
2351 2262 2443 2331 qui
2485 2250 3137 2332 coronam‘contexeret,
3196 2275 3257 2322 ut
3309 2278 3525 2338 turpem

1958 2348 2110 2404 illum
2141 2350 2442 2407 celebraret
2476 2351 2843 2423 hymenaeum.

2537 2505 2765 2562 CAPUT
2807 2507 2942 2590 vni.

1957 2612 2142 2687 Sancti
2179 2619 2385 2671 Tarasii
2417 2620 2676 2687 patientia
2725 2620 2781 2673 in
2813 2621 3091 2675 adversis:
3129 2621 3417 2674 admonitio
3453 2623 3525 2675 ad

2051 2686 2250 2740 clerum
2279 2687 2342 2740 de
2373 2686 2631 2757 frenando
2678 2689 2869 2743 illicito
2898 2705 3144 2743 sensuum
3171 2694 3432 2759 appetitu.

2030 2798 2121 2852 36.
2160 2770 2247 2854 ~Et
2294 2798 2364 2854 de
2413 2799 2760 2869 imperatoris
2809 2800 3028 2871 quidem
3084 2802 3138 2855 in
3194 2801 3524 2862 infirmando

1957 2903 2235 2964 praecepto
2264 2895 2630 2959 recusatione,
2664 2906 2720 2949 et
2748 2894 2916 2949 divini
2950 2893 3127 2950 Patris
3165 2892 3292 2949 forti
3334 2907 3398 2948 ac
3425 2907 3522 2962 ge-

1957 2998 2153 3052 nerosa
2182 2985 2489 3039 constantia
2520 2985 2805 3039 hactenus.
2830 2983 3019 3054 Neque
3047 2985 3193 3038 enim
3222 2984 3305 3037 fas
3331 2991 3415 3038 est
3430 2997 3521 3037 res

286 3078 449 3135 nibus
494 3079 607 3149 jam
671 3080 806 3135 olim
873 3081 1075 3137 dicitur
1117 3085 1185 3140 ad
1230 3087 1577 3157 sacer-agre“
1636 3088 1856 3144 Calcare
1883 3112 1925 3169 ο
1960 3074 2104 3132 illius
2161 3076 2391 3130 ulterius
2436 3076 2697 3131 mandare
2747 3076 3118 3130 monumentis
3174 3075 3521 3142 litterarum,

286 3165 484 3221 atrium
534 3181 717 3220 meum
754 3181 866 3220 non
921 3168 1208 3237 adjicietis.
1255 3170 1383 3224 Haec
1433 3150 1724 3243 .Tarasius,
1760 3175 1854 3244 qui

289 3257 448 3327 primi
467 3255 707 3313 Pastoris
734 3257 935 3313 Christi
961 3272 1095 3314 oves
1113 3261 1333 3331 regebat
1356 3263 1700 3331 spiritaliter,
1728 3281 1854 3320 eum

288 3363 469 3404 coram
512 3350 858 3420 imperatore.
892 3352 1457 3418 pronuntiasset'cum
1503 3354 1683 3410 cordis
1720 3332 1861 3409 con-3

284 3438 528 3504 tritione,
564 3442 865 3496 orationem
894 3442 1164 3497 conclusit
1190 3443 1424 3498 silentio.

359 3529 448 3583 34.
484 3530 785 3583 Praedictns
817 3539 998 3584 autem
1028 3529 1286 3595 Joannes,
1325 3546 1451 3586 cum
1494 3532 1610 3600 ipse
1638 3544 1856 3603 quoque

287 3617 356 3673 ad
391 3617 773 3688 imperatorem
813 3620 997 3674 multis
1026 3629 1174 3674 esset
1208 3636 1337 3674 usus
1368 3622 1852 3690 admonitionibus,

287 3709 553 3765 sustinuit
606 3711 871 3764 maximos
904 3710 1101 3765 ﬂuctus
1156 3712 1465 3782 ignominia:
1510 3714 1579 3768 ab
1625 3715 1712 3780 iis,
1761 3716 1855 3785 qui

289 3807 541 3870 prmtnras
585 3800 851 3871 dignitate
896 3804 1270 3872 gloriabantur
1322 3812 1381 3858 et
1427 3805 1637 3860 honore
1683 3809 1854 3876 patri-

287 3893 463 3948 ciatus
497 3912 510 3946 :
546 3891 639 3962 qui
672 3893 837 3948 etiam
862 3894 1215 3948 minabantur
1246 3910 1305 3950 se
1332 3910 1536 3957 ensem_
1565 3898 1855 3955 adacturos

287 3998 387 4054 per
414 3983 672 4037 intestina
711 3984 876 4044 senis,
931 3991 991 4037 ut
1038 3984 1130 4053 qui
1181 3985 1545 4053 imperatoriae
1593 3985 1853 4055 potestati

288 4074 455 4129 verba
487 4083 779 4144 exspueret
809 4074 1104 4138 contraria,
1124 4084 1177 4128 et
1202 4090 1310 4129 non
1346 4075 1456 4129 cito
1485 4076 1857 4145 acquiesceret

286 4166 549 4222 voluntati
585 4167 947 4243 imperatoris.
978 4166 1114 4220 Cum
1142 4175 1326 4220 autem
1358 4166 1567 4220 firmam
1600 4174 1657 4220 et
1683 4167 1852 4221 stabi-

288 4259 394 4312 lem
430 4272 649 4312 manere
700 4259 986 4326 utriusque
1032 4257 1380 4323 sententiam,
1431 4256 1728 4326 imperator
1767 4257 1853 4312 his

290 4349 469 4404 verbis
493 4350 759 4404 sensisset
782 4358 837 4403 et
860 4349 1043 4412 minis,
1090 4348 1337 4403 fervente
1370 4348 1450 4402 ira
1478 4350 1753 4411 incensus,
1795 4358 1850 4402 et

1957 3181 2081 3236 qua
2110 3165 2199 3233 iis,
2248 3167 2340 3236 qui
2371 3167 2637 3229 audiunt,
2681 3166 2887 3221 nullam
2935 3166 3174 3220 afferunt
3211 3165 3520 3220 utilitatem.

1957 3255 2073 3311 Hoc
2097 3266 2278 3311 autem
2310 3263 2531 3326 oportet
2557 3249 3008 3320 commemorare,
3046 3255 3190 3324 quod
3215 3270 3244 3307 a
3276 3263 3525 3323 tempore

1955 3347 2102 3402 illius
2129 3347 2315 3417 lapsus
2345 3348 2641 3416 imperator
2661 3358 2922 3416 magnum
2945 3345 3216 3415 oppressit
3236 3345 3518 3400 Tarasium

1954 3438 2144 3491 multis
2166 3437 2592 3498 tentationibus,
2622 3437 2672 3491 ei
2696 3437 2964 3492 adhibens
2995 3437 3271 3499 custodes,
3303 3435 3394 3504 qui
3420 3450 3518 3490 no-

1952 3526 2102 3582 mine
2137 3525 2357 3594 quidem
2392 3524 2474 3579 usi
2516 3532 2649 3579 sunt
2677 3524 2789 3594 (60)
2838 3524 3228 3593 syncellorum,
3275 3525 3522 3579 moribus

1954 3630 2086 3671 vero
2111 3617 2270 3685 longe
2298 3616 2528 3670 aberant
2552 3629 2581 3668 a
2616 3615 2841 3682 pietate.
2880 3613 3030 3678 Quos
3056 3613 3163 3666 nisi
3190 3615 3521 3683 assumpsis-

1954 3715 2066 3772 set,
2103 3714 2159 3760 et
2199 3705 2305 3759 nisi
2358 3720 2455 3774 per
2493 3716 2682 3757 eorum
2724 3701 2913 3757 oculos
2945 3701 3269 3765 transiisset.
3304 3717 3412 3755 non
3445 3703 3515 3756 li-

1953 3798 2110 3854 cebat
2148 3798 2399 3866 cuiquam
2437 3796 2506 3850 ad
2535 3794 2781 3850 divinum
2809 3802 2863 3847 et
2889 3792 3195 3862 sapientem
3236 3801 3515 3862 pastorum

1955 3888 2252 3962 principem
2282 3887 2564 3962 accedere,
2597 3895 2652 3940 et
2693 3900 2754 3940 ea
2786 3899 2907 3956 quae
2948 3882 3272 3962 videbantur
3308 3882 3512 3952 eloqui.

1954 3960 2150 4045 Taceo,
2180 3960 2440 4051 quantam
2466 3978 2772 4048 imperator
2796 3960 3109 4031 ostenderet
3136 3968 3513 4030 crudelitatem

1952 4070 2006 4122 in
2037 4084 2151 4135 eos,
2187 4070 2279 4138 qui
2324 4068 2401 4123 illi
2440 4064 2971 4136 apprOpinquabant,
3022 4070 3077 4116 et
3103 4075 3227 4115 eum
3256 4062 3515 4117 observa-

1953 4162 2085 4215 bant
2130 4168 2400 4231 germana
2425 4153 2721 4221 servitute,
2778 4154 2948 4224 plagis
2994 4152 3233 4207 aﬂiciens
3273 4161 3331 4207 et
3377 4168 3514 4207 con-

1951 4251 2217 4306 demnans
2242 4249 2448 4305 exsiliis
2475 4249 2622 4305 nulla
2659 4248 2804 4317 justa
2829 4246 2895 4299 de
2923 4258 3111 4307 causa,
3136 4243 3513 4301 studenseum

1950 4342 2187 4415 dejicere
2218 4357 2248 4395 a
2291 4355 2420 4395 cura
2455 4353 2636 4394 rerum
2680 4336 3007 4398 divinarum,
3039 4342 3097 4387 et
3129 4341 3345 4388 tentans
3381 4348 3508 4388 eum

286 4439 463 4493 sciens
494 4430 561 4492 se'
574 4453 686 4492 non
720 4454 878 4507 posse
912 4445 1099 4493 contra
1128 4438 1242 4493 haec
1270 4438 1473 4502 dicere,
1496 4438 1659 4508 jussu
1693 4453 1786 4492 eos
1818 4453 1849 4492 τι
1884 4427 1925 4482 υ
1954 4432 2168 4486 aiiiccre
2201 4430 2443 4486 tristitia.
2476 4429 2564 4483 Ille
2593 4437 2774 4482 autem
2801 4423 2927 4479 forti
2951 4438 3014 4478 ac
3036 4423 3306 4477 constanti
3330 4422 3511 4477 excel-

285 4544 344 4586 se
382 4530 600 4599 expelli,
655 4531 892 4584 victores
939 4531 1058 4585 sine
1106 4530 1396 4593 vibicibus,
1445 4537 1502 4583 et
1547 4538 1846 4600 martyres,

282 4617 427 4686 quod
467 4618 535 4672 ad
583 4632 643 4672 se
674 4618 891 4674 attinet.
925 4617 1267 4688 proclamans
1305 4633 1507 4673 corona
1543 4619 1847 4673 redimitos.

282 4707 425 4774 Quid
457 4708 563 4763 hoc
592 4708 751 4762 abest
774 4723 804 4762 a
837 4706 1063 4762 Joannis
1092 4707 1400 4764 miraculo?
1433 4708 1527 4765 llle
1552 4710 1701 4766 enim
1741 4707 1848 4766 He-

352 4840 466 4914 ί57)
501 4841 739 4908 Quartus
766 4840 1171 4914 in'st_|ai.'amilia
1218 4853 1617 4914 consequenter
1676 4845 1848 4914 impe-

282 4909 460 4982 rabat,
486 4923 603 4980 post
626 4922 836 4982 patrem
880 4909 1140 4982 Leonem,
1206 4909 1846 4982 avum—Constantinum

279 4978 687 5067 Cogaonvmu'm
715 4988 769 5034 et
803 4995 1063 5063 proavum
1083 4978 1328 5067 heonem
1378 4979 1702 5036 Isauricum.

353 5048 465 5121 (58)
488 5048 678 5119 Coegit
714 5048 857 5112 eam,
888 5051 1063 5121 inquit
1083 5048 1459 5117 Theophanes,
1495 5061 1552 5105 ut
1582 5052 1847 5107 monacha

282 5118 469 5174 ﬂeret:
502 5118 662 5185 quam
687 5136 809 5172 cum
834 5118 1061 5185 inﬂexu,
1088 5122 1341 5184 tmondit,
1369 5121 1630 5185 intlict.3,
1659 5137 1846 5176 mense

279 5189 565 5252 Januario,
607 5203 753 5242 anno
780 5190 989 5257 imperii
1018 5189 1070 5252 5,
1113 5188 1316 5243 Christi
1354 5189 1477 5244 795.

354 5259 466 5323 (59)
506 5257 729 5311 Michael
765 5260 1064 5311 monachus
1098 5259 1152 5311 in
1198 5257 1318 5311 Vita
1359 5259 1532 5311 sancti
1583 5258 1847 5313 Theodori

286 5328 539 5397 Studitaa,
555 5327 629 5380 ait
650 5346 667 5379 ι
690 5333 962 5395 νίψει-[ειη]
987 5343 1107 5381 esse
1133 5329 1501 5397 presbyterum
1518 5329 1842 5396 ‘quemdam,

280 5396 482 5465 Joseph
532 5397 980 5465 ncmine,gradn
1016 5412 1143 5450 vero
1184 5396 1530 5451 mcdnomum
1564 5398 1843 5462 Ecclesiae,

284 5466 376 5533 qui
416 5464 559 5534 plus
610 5467 702 5520 illo
738 5464 1007 5536 (Tarasio)
1044 5465 1282 5536 sapiens,
1330 5468 1620 5536 dhinnque
1660 5470 1844 5522 ouniia

283 5542 655 5605 contemnens,
688 5535 999 5588 ἰιιιοίιθνυω
1039 5535 1369 5605 nuptiarum,
1430 5535 1574 5605 quod
1617 5537 1845 5593 minime

283 5604 492 5675 debuit,
522 5605 765 5675 lenonem
784 5618 852 5675 se
884 5604 1132 5672 praestitit
1161 5604 1597 5675 initiatoremque
1623 5618 1677 5662 et
1705 5620 1843 5662 cun-i

283 5673 581 5726 ciliatorem
610 5672 868 5743 conjugii,
899 5675 1283 5743 obsequentem
1313 5688 1372 5729 se
1403 5672 1708 5743 per—omnia
1733 5677 1837 5730 im-

281 5749 517 5813 peratori
532 5742 797 5812 praebens,
814 5742 893 5797 vir
908 5742 1010 5798 (ide
1035 5757 1226 5798 servus
1248 5742 1483 5812 atque’ac
1504 5746 1805 5802 voluntate.
1821 5763 1841 5797 ι

1953 4537 2123 4592 soque
2154 4529 2210 4575 et
2252 4520 2483 4575 infracto
2522 4519 2705 4574 animo
2748 4531 2833 4579 ea,
2879 4529 3002 4584 quae
3038 4512 3358 4568 accidebant
3385 4523 3509 4568 tan-

1951 4628 2111 4682 quam
2147 4610 2268 4681 qua:
2297 4619 2455 4689 erant
2482 4609 2633 4665 utilia
2667 4615 2945 4676 reputans,
2986 4616 3178 4675 graves
3220 4602 3342 4657 illos
3366 4617 3506 4672 prte-

1949 4704 2124 4762 fecto's
2147 4745 2161 4771 ,
2218 4714 2474 4775 tanquam
2526 4700 2868 4774 Egyptiacos
2915 4709 3141 4767 operum
3189 4702 3503 4760 exactores,

1951 4836 2018 4893 Et
2075 4837 2156 4892 sic
2203 4836 2504 4892 secundum
2534 4830 2914 4900 Theophanem
2960 4843 2979 4876 ε
3009 4824 3509 4900 Augusto_men_sc

1895 4938 1913 4946 ι
1953 4906 2242 4962 coronavit
2288 4907 2582 4974 imperator
2630 4893 2954 4974 Theodoten.
2990 4893 3384 4974 cubicularium
3449 4894 3502 4949 in

1948 4976 2271 5047 Angustam,
2306 4962 2745 5047 et'desponsavit
2772 4982 2891 5047 eam
2932 4964 3145 5047 inique.
3186 4962 3317 5047 Dein
3358 4978 3503 5047 a‘nno

1949 5032 2163 5116 implet-ii
2192 5032 2275 5101 sui
2296 5032 2686 5116 semgfmense
2711 5034 3035 5116 Septembri,
3052 5032 3505 5116 iii-perator‘Conf

1949 5099 2221 5171 staiitilius
2265 5129 2389 5168 cum
2422 5099 2703 5183 T'heodote
2727 5099 2941 5174 nuptias
2972 5104 3024 5156 in
3062 5099 3264 5183 palatio
3299 5099 3501 5183 ξυλεῖ-μ

1948 5185 2241 5239 Mamantis
2287 5185 2596 5251 celebravit.
2637 5197 2655 5229 ι
2683 5177 2733 5230 ls
2761 5171 2875 5251 erat
2923 5171 3101 5251 annus
3129 5171 3334 5251 Christi
3372 5172 3499 5251 795,

1949 5253 2211 5309 lndict.‘4
2246 5261 2438 5320 empta.
2475 5250 2592 5315 Quo
2624 5262 2731 5320 non
2759 5245 3138 5300 animadverso
3175 5245 3389 5320 tertiam
3417 5245 3503 5320 in-

1947 5326 2240 5380 dictionem
2307 5311 2397 5375 hic
2455 5311 2815 5390 legi___dehere
2876 5322 3026 5390 ratus
3090 5322 3174 5367 est
3232 5311 3499 5390 Batonius

1948 5410 2099 5449 num.
2131 5395 2221 5447 41.
2252 5392 2330 5446 lta
2362 5384 2524 5460 idem'
2548 5386 2902 5460 Theophanes
2942 5384 3007 5436 ad
3039 5396 3243 5460 annum
3287 5384 3495 5460 Imperii

1948 5448 2291 5519 Cunstantini
2340 5470 2392 5514 et
2423 5459 2598 5530 lrenes
2633 5448 2926 5530 septimum
2965 5465 3151 5505 mense
3191 5448 3493 5530 Septembri

1947 5533 2190 5604 aujungit
2226 5531 2438 5585 initium
2473 5525 2780 5604 indictionis
2811 5523 3056 5604 decimae,
3072 5523 3326 5604 etprima
3338 5531 3494 5604 anno

1946 5586 2185 5673 imperii,
2212 5595 2550 5673 Constantini
2591 5595 2761 5649 solius
2797 5603 3056 5673 mensem
3114 5586 3489 5656 Septembrem

1946 5664 2069 5729 cum
2095 5671 2390 5725 indictione
2422 5664 2626 5738 decima
2654 5671 2841 5733 quarta
2873 5664 3082 5738 statuit.
3231 5733 3240 5738 Δ
3281 5724 3293 5738 ο

2026 5723 2392 5812 ἕίιὶέειιί
2422 5736 2633 5808 proprie
2657 5723 2850 5789 domus
2872 5730 3127 5798 cellaeque
3158 5723 3495 5798 patriarcha-
