4090 6286
649 323 781 392 illi

1751 325 1812 384 S.
1850 324 2163 384 TARASII
2191 324 2697 386 PATRIARCHE
2731 325 2842 386 CP.

3751 327 3866 396 1412

647 439 927 505 sustinuit,
961 449 1016 494 et
1059 439 1113 492 in
1155 438 1301 494 omni
1345 437 1648 494 tentatione
1689 445 1746 492 et
1789 439 1976 494 labore
2007 453 2068 493 se
2099 437 2212 509 (6t)
2246 445 2292 503 Α
2319 441 2467 505 talis,
2504 451 2565 496 ut
2595 440 2830 496 rationis
2859 439 3134 510 particeps
3168 439 3461 513 attingeret
3487 439 3799 497 alimentum
3821 455 3870 502 et

646 527 878 598 probum
912 545 1034 585 esse
1077 529 1335 596 ostendit,
1370 529 1722 584 adamantina
1762 528 1886 584 Jobi
1920 529 2220 583 ratiocina-

647 621 795 676 tione
833 629 1094 690 tanquam
1133 620 1298 677 armis
1329 619 1598 683 munitus,
1627 628 1683 674 et
1713 620 1860 674 illius
1887 619 2224 690 inexpugna-

646 712 814 766 bilem
859 712 1106 766 imitatus
1143 712 1484 780 patientiam,
1521 711 1660 782 adeo
1689 719 1751 764 ut
1775 711 1967 780 ignave
1999 711 2222 764 verbum

646 801 977 872 insipientia:
1005 818 1037 856 e
1064 801 1234 856 labris
1259 803 1373 856 suis
1396 817 1676 871 nunquam
1701 803 1998 856 emitteret.
2037 801 2224 870 Neque

645 895 790 947 enim
829 893 1065 947 habebat
1116 893 1378 947 humilem
1432 901 1487 946 et
1535 894 1805 963 abjectum
1858 892 2100 946 animum
2143 891 2225 945 vir

648 984 740 1038 ille
782 986 966 1053 justus
1011 985 1064 1038 in
1111 985 1199 1049 iis,
1233 1000 1355 1053 quae
1396 985 1754 1048 accidebant,
1793 985 1888 1038 sed
1928 983 2226 1038 virtutibus

648 1075 936 1129 sublimem
964 1083 1018 1128 et
1046 1075 1346 1138 excelsum,
1381 1084 1438 1128 et
1474 1075 1880 1144 pontificalibus
1924 1075 2226 1129 Canonibus

646 1173 704 1220 et
763 1165 973 1236 legibus
1015 1166 1244 1234 pulchre
1297 1174 1564 1228 erectum,
1623 1173 1680 1219 et
1735 1165 1892 1234 plane
1947 1154 2226 1235 expertem

647 1257 832 1309 omnis
875 1256 1080 1310 limosa:
1123 1255 1406 1331 nequitiae.

719 1347 808 1400 '57.
865 1345 1058 1400 Divino
1098 1345 1262 1400 etiam
1310 1359 1564 1400 sermone
1600 1345 1874 1407 nutritus,
1914 1353 1970 1398 et
2011 1358 2230 1398 omnem

649 1449 872 1489 sensum
907 1433 1140 1502 irrigans
1189 1433 1378 1487 nitidis
1425 1441 1482 1487 et
1511 1439 1863 1488 sacrosancte
1893 1431 2230 1486 scatentibus

651 1523 910 1588 ﬂuentis,
975 1523 1208 1578 docebat
1262 1524 1462 1578 habere
1518 1525 1738 1578 oculum
1788 1521 2066 1576 videntem
2111 1535 2232 1574 om-

653 1630 778 1669 nem
815 1613 1227 1684 rectitudinem,
1262 1623 1320 1669 et
1347 1614 1626 1668 declinare
1657 1613 1980 1668 theatralem
2013 1626 2232 1667 omnem

651 1705 1096 1772 ostentationem,
1134 1719 1260 1758 eum
1311 1705 1640 1770 coercendo,
1698 1720 1770 1759 ne
1815 1705 1960 1759 circa
2014 1718 2105 1758 res
2135 1718 2234 1758 ex-

651 1803 834 1848 ternas
873 1801 1182 1864 vagaretur.
1229 1792 1426 1848 Multos
1479 1793 1662 1864 itaque
1700 1808 1764 1847 ex
1795 1793 1863 1847 iis
1886 1832 1902 1857 ,
1933 1794 2026 1862 qui
2075 1799 2232 1848 erant

653 1883 710 1937 in
738 1883 930 1948 sacris,
959 1882 1051 1951 qui
1085 1896 1352 1951 equorum
1384 1881 1782 1937 certaminibus
1823 1879 2132 1934 mirandum
2172 1879 2228 1934 in

653 1973 874 2028 modum
925 1973 1368 2038 delectabantur,
1412 1971 1712 2041 repressit,
1771 1979 1826 2026 et
1865 1979 1925 2025 ut
1971 1985 2031 2026 se
2085 1969 2232 2024 domi

654 2063 1022 2121 continerent.
1076 2078 1199 2118 cum
1249 2063 1366 2118 hinc
1409 2061 1626 2126 ﬁerent,
1676 2061 1892 2130 sibique
1933 2070 1988 2115 et
2033 2061 2232 2115 divinis

657 2154 951 2224 Scripturis
971 2153 1331 2217 attenderem,
1354 2153 1638 2208 admonuit
1667 2169 1684 2207 :
1709 2163 1764 2208 et
1794 2162 1854 2206 nt
1882 2152 2081 2206 nullam
2113 2161 2229 2204 tur-

655 2259 782 2312 pem
817 2252 872 2297 et
905 2243 974 2297 ab
1005 2245 1295 2298 honestate
1341 2242 1573 2297 alienam
1620 2243 1960 2296 auditionem
2003 2241 2228 2296 omnino

657 2335 1044 2399 admitterent;
1078 2335 1350 2389 Davidicis
1393 2350 1526 2389 vero
1573 2333 1774 2389 ﬁdibus
1812 2342 2020 2403 portam
2051 2332 2228 2402 aperi-

657 2435 803 2487 rent.
861 2436 917 2479 et
964 2425 1030 2480 iis
1070 2425 1242 2494 magis
1281 2425 1682 2478 delectarentur
1706 2463 1720 2487 ,
1778 2433 1839 2477 ut
1879 2439 1998 2492 qua:
2038 2439 2230 2494 graves

656 2529 946 2569 sermones
975 2523 1030 2567 et
1062 2515 1259 2568 animm
1290 2513 1451 2566 utiles
1475 2505 1848 2576 continerent,
1883 2528 2044 2581 quam
2075 2512 2230 2566 indc-

656 2608 802 2663 eoris
841 2616 896 2662 et
936 2607 1246 2661 inhonestis
1295 2607 1562 2671 canticis,
1616 2622 1738 2676 quin
1789 2615 2060 2660 canuntur
2105 2619 2230 2658 cum

658 2701 927 2769 tympanis
958 2709 1012 2753 et
1043 2699 1208 2763 tibiis,
1247 2701 1538 2768 persuasit.
1580 2698 1808 2753 Omnem
1833 2708 2014 2752 autem
2042 2711 2228 2751 rerum

658 2791 906 2845 suavium
939 2791 1250 2854 odoratum,
1273 2789 1366 2858 qui
1401 2798 1634 2843 mortem
1664 2789 1912 2854 attrahit,
1940 2787 2230 2842 admittere

659 2878 1052 2934 dehortabatur
1089 2896 1102 2934 :
1140 2894 1264 2932 cum
1295 2893 1443 2942 vero,
1477 2878 1571 2947 qui
1607 2879 1969 2932 conservabat
1997 2891 2230 2931 suaveo-

659 2968 884 3026 lentiam
919 2967 1298 3036 apostolicam,
1345 2966 1696 3021 festinantem
1743 2967 1810 3022 ad
1857 2967 2078 3020 odorem
2126 2980 2230 3018 un-

2321 533 2475 588 cibos
2533 533 2823 596 salutares,
2884 540 2940 586 et
3000 539 3324 601 perpetuum
3378 533 3576 586 anima:
3629 533 3886 607 praberet

2322 623 2544 693 epulum
2580 638 2683 677 πει
2713 639 2822 692 quo
2851 623 3060 678 accedit
3087 638 3434 692 concoquens
3463 624 3867 682 distributioeo-

2324 728 2444 767 rum
2471 754 2485 779 ,
2545 729 2666 782 quae
2719 715 2866 769 intro
2920 722 3284 784 aggregantur
3321 714 3746 769 imniaierialiter
3777 735 3790 769 :
3821 729 3867 772 ct

2323 804 2635 858 excernitur
2686 803 2868 858 omnis
2921 805 3270 873 superﬂuitas
3321 805 3477 859 mala:
3521 806 3864 868 babitudinis.

2325 910 2446 964 qua:
2473 895 2726 950 dissolvit
2757 896 2938 950 locum
2973 895 3196 951 animae.
3312 900 3314 904 ’

2397 985 2484 1040 58.
2522 984 2626 1038 Sed
2657 986 2782 1054 quis
2814 985 2870 1038 in
2901 985 2986 1040 his
3025 995 3130 1040 tam
3171 1001 3230 1040 sc
3257 996 3402 1040 recte
3434 987 3623 1057 gessit,
3657 997 3744 1042 aut
3771 1005 3868 1044 mc-

2327 1071 2432 1126 lius
2468 1073 2752 1144 castigavit
2795 1089 2984 1128 eorum
3025 1076 3435 1144 repugnantias,
3469 1092 3635 1145 quam
3667 1093 3786 1146 pura
3823 1088 3868 1132 et

2327 1165 2877 1219 reverendaTarasii
2909 1165 3277 1222 conscientia?
3311 1167 3444 1232 Quis
3482 1183 3552 1222 eo
3600 1169 3654 1222 in
3697 1169 3869 1223 dit-init

2330 1253 2437 1308 fuit
2471 1254 2814 1324 frequentius
2862 1257 3198 1324 occupatus?
3237 1256 3522 1326 Nunquam
3553 1255 3700 1310 enim
3749 1257 3872 1312 dedit

2330 1344 2500 1398 otium
2532 1345 2778 1410 auribus,
2809 1347 3027 1414 quando
3050 1347 3276 1400 vocabat
3300 1357 3516 1417 tempus
3535 1348 3870 1414 precationis:

2331 1435 2426 1488 sed
2481 1435 2598 1503 ipse
2637 1451 2857 1505 semper
2907 1451 3005 1490 sua
3065 1446 3259 1506 sponte
3311 1444 3566 1507 prompte
3615 1438 3870 1504 accedens,

2333 1525 2446 1580 Deo
2479 1527 2700 1582 abunde
2737 1527 3002 1582 oﬂ‘erebat
3029 1529 3302 1598 primitias
3329 1529 3644 1583 divinorum
3677 1530 3874 1600 hymno-

2333 1631 2478 1680 rum,
2510 1625 2770 1687 tanquam
2812 1617 3420 1675 fructuumoblationes
3449 1637 3461 1673 :
3495 1628 3555 1674 et
3573 1634 3746 1688 neque
3771 1633 3874 1674 cum

2336 1709 2645 1764 retardabat
2676 1717 2770 1763 aut
2797 1710 3107 1766 emolliebat
3129 1711 3400 1778 socordia,
3439 1727 3549 1766 nec
3569 1724 3874 1781 quacunque

2333 1798 2658 1853 accessisset
2686 1799 2984 1855 multitudo
3019 1815 3274 1856 curarum
3299 1802 3666 1872 publicarum,
3696 1801 3878 1856 abstra-

2334 1886 2566 1942 hebatur
2605 1905 2636 1943 a
2681 1889 2933 1960 precibus
2965 1907 2980 1945 :
3012 1892 3108 1946 sed
3146 1907 3270 1947 cum
3325 1907 3428 1946 suo
3467 1901 3713 1962 tempore
3754 1906 3877 1945 nun-

2331 1995 2494 2050 quam
2525 1981 2740 2037 deesset
2763 1983 3038 2052 precibus,
3073 1998 3256 2038 rerum
3298 1992 3650 2056 externarum
3691 1982 3876 2037 turbant

2330 2073 2684 2142 suscipiebat.
2709 2074 2817 2130 -Sic
2863 2075 2918 2128 in
2966 2075 3168 2130 divinis
3217 2075 3493 2147 mysteriis
3545 2074 3800 2138 initiatus,
3830 2083 3876 2128 et

2329 2160 2410 2216 sic
2461 2162 2686 2230 pulchre
2737 2179 2890 2218 sacra
2954 2180 3219 2234 peragens
3273 2165 3568 2234 mysteria,
3623 2164 3703 2216 vir
3755 2175 3876 2215 unus

2329 2252 2684 2321 cognoscitur
2715 2268 2779 2306 ex
2812 2253 2898 2318 iis,
2940 2255 3030 2323 qui
3066 2263 3188 2323 post
3223 2255 3473 2323 gratiam,
3523 2264 3579 2309 et
3601 2269 3662 2309 ex
3689 2253 3768 2315 iis,
3796 2252 3875 2322 qui

2331 2341 2387 2395 in
2421 2343 2588 2412 gratia
2619 2353 2676 2399 et
2699 2353 2829 2400 ante
2857 2345 3080 2415 gratiam
3119 2344 3452 2400 refulserunt
3481 2345 3538 2398 in
3569 2344 3815 2400 Ecclesia.

2927 2477 3150 2532 CAPUT
3207 2475 3300 2533 IX.

2331 2611 2676 2680 Comparatio
2731 2613 2902 2665 sancti
2957 2613 3170 2683 Tarasii
3243 2630 3359 2666 cum
3421 2610 3786 2679 confessoh'bus
3833 2621 3874 2665 et

2401 2683 2746 2752 martyribus.
2791 2683 3001 2738 Utilitas
3045 2699 3322 2746 sacrarum
3366 2685 3676 2752 imaginum,
3719 2693 3875 2736 contra

2404 2749 2779 2805 Iconoclastas.

2402 2863 2492 2918 39.
2515 2864 2583 2917 Et
2602 2872 2659 2917 ut
2684 2862 2844 2917 nobis
2861 2872 3009 2918 certa
3031 2864 3117 2918 via
3135 2873 3190 2918 et
3209 2864 3414 2919 ratione
3432 2864 3692 2934 procedat
3709 2864 3876 2928 oratio.

2333 2966 2388 3009 ct
2410 2955 2595 3024 regula
2621 2955 2926 3010 collationis
2949 2957 3211 3026 procedat
3240 2957 3617 3020 immobiliter,
3635 2959 3880 3028 erestigio

662 3065 989 3128 gnentorum
1024 3055 1261 3120 Christi,
1315 3056 1550 3110 maxime
1591 3056 1865 3109 attrahere
1901 3055 2230 3109 adhouaha-
2259 3094 2303 3154 Ε
2334 3047 2583 3101 ordinem
2627 3047 2860 3117 accipiat
2901 3044 3258 3117 comparatio.
3311 3047 3530 3104 Etenim
3570 3066 3681 3116 eos,
3724 3049 3878 3120 quiin

666 3157 773 3208 tur,
808 3155 864 3201 et
891 3144 1180 3199 vociferari
1219 3147 1350 3200 illud
1401 3159 1640 3215 sponsas,
1695 3145 1840 3214 quod
1893 3145 1949 3198 in
2003 3144 2233 3198 Cantico

661 3237 1002 3290 canticorum
1023 3233 1089 3287 ad
1109 3249 1370 3304 sponsum
1389 3231 1646 3302 praeclare
1665 3232 1879 3286 canitur
1909 3249 1960 3285 ει
1981 3230 2232 3284 Sauciata

661 3327 930 3384 charitate
959 3342 1082 3396 ego,
1131 3335 1188 3379 et
1221 3339 1436 3379 curram
1477 3324 1546 3378 ad
1577 3323 1800 3378 odorem
1824 3333 2232 3392 unguentorum

663 3427 880 3473 tuorum
921 3415 1103 3488 (Cant.
1131 3432 1174 3481 ι,
1211 3415 1300 3484 '5).
1331 3435 1351 3467 ι
1393 3414 1763 3470 Aversabatur
1787 3423 1966 3470 autem
1991 3421 2234 3468 mortuas

658 3519 716 3564 et
747 3508 1101 3563 maleolentes
1137 3522 1248 3562 non
1297 3521 1444 3560 sanae
1475 3507 1739 3561 doctrina:
1791 3505 2137 3568 abortiones,
2171 3511 2233 3557 ut

660 3613 784 3667 quae
809 3605 996 3652 essent
1027 3611 1206 3651 causae
1248 3590 1386 3652 tetri
1405 3597 1590 3651 odoris
1619 3597 1775 3650 mala:
1804 3597 2099 3665 opinionis,
2129 3594 2232 3648 hoc

660 3689 805 3744 enim
831 3695 954 3742 ante
979 3687 1086 3742 alia
1112 3688 1294 3742 omnia
1317 3689 1688 3758 praecipiebat.
1709 3689 1982 3750 declinare
2008 3700 2232 3754 asperas

659 3783 778 3834 vias
811 3781 1080 3834 hrcresum
1109 3795 1123 3830 :
1151 3777 1314 3833 simul
1353 3795 1485 3834 vero
1524 3779 1651 3832 ferri
1676 3779 1812 3834 citra
1835 3792 2077 3832 errorem
2105 3791 2228 3830 cum

657 3871 792 3926 sulci
836 3869 1040 3922 axibus
1078 3870 1480 3937 ecclesiasticis,
1513 3877 1877 3940 congruenter
1907 3869 2108 3922 divinae
2131 3868 2229 3922 ad-

661 3959 947 4015 monitioni
977 3960 1271 4028 proverbii.
1315 3960 1540 4016 Tactum
1571 3968 1775 4024 autem,
1807 3958 1898 4027 qui
1927 3969 2015 4014 est
2037 3968 2230 4011 neces-

659 4054 804 4109 sario
839 4051 1091 4104 minister
1119 4060 1328 4120 gustus,
1363 4051 1655 4107 cohibebat
1681 4049 1854 4104 frenis
1887 4049 2022 4118 legis
2065 4049 2228 4118 spiri-

661 4200 778 4240 rnm
826 4193 1106 4238 consortes
1154 4190 1302 4246 sunt,
1337 4183 1619 4238 convictus
1667 4199 1857 4238 eorum
1913 4181 2224 4251 participes,

661 4263 993 4310 secretorum
1048 4252 1286 4316 conscii;
1337 4253 1596 4306 individui
1649 4253 1699 4306 in
1756 4254 1922 4308 rebus
1967 4253 2226 4305 omnibus

661 4324 819 4386 socii,
855 4324 1154 4376 directores
1203 4328 1258 4374 et
1303 4324 1616 4385 consiliarii,
1661 4323 1852 4376 κελλία
1885 4322 2050 4375 etiam
2091 4335 2226 4386 cona-

661 4385 835 4446 tlavia
871 4393 1247 4460 episcoporum
1283 4392 1624 4454 dicebantur,
1662 4393 1772 4446 imo
1828 4402 1881 4446 et
1929 4385 2228 4460 imperato;

661 4477 805 4515 ruin.
835 4458 1074 4528 lta‘apud
1109 4461 1395 4531 Codinum,
1419 4477 1540 4529 cap.
1571 4463 1604 4517 5
1637 4461 1711 4514 De
1745 4462 1926 4531 ofﬁciis
1958 4458 2223 4531 Consum:

665 4526 1059 4602 ιὲηοροιὶιαῄὶδ,ἱ
1093 4545 1246 4602 num.
1281 4526 1532 4602 50,1196
1586 4531 1678 4584 τοῦ
1721 4526 1810 4584 cat
1859 4529 2093 4602 βασιλέαΔ
2130 4526 2226 4580 τοῦ

663 4598 874 4655 κελλίου
899 4599 1066 4672 agitor”)
1099 4598 1352 4672 ὲξελίζεῖν,
1372 4601 1410 4672 -ὁ
1429 4598 1950 4672 Προτόὸεστιαρίὲης
1973 4599 2228 4668 εὑρίσκε-

661 4687 752 4723 ται
795 4673 854 4722 ὲν
895 4667 974 4737 τῷ
1019 4667 1320 4740 τρικλινίῳ.
1359 4667 1676 4740 Priusquam
1707 4667 1996 4739 imperator
2027 4667 2092 4721 ea:
2129 4682 2228 4720 suo

663 4741 896 4794 conclavi
925 4735 1099 4799 exeat,
1141 4735 1594 4794 Protoi'estiiii'iies
1620 4743 1675 4794 in
1702 4735 1930 4795 triclinio
1967 4747 2226 4791 versatur.

662 4809 818 4880 Saepe
853 4807 1075 4878 syncelli
1105 4807 1286 4880 plures
1304 4817 1458 4880 erant
1486 4828 1500 4863 :
1532 4811 1673 4880 quod
1703 4812 1867 4866 etiam
1899 4822 2099 4880 nomen
2125 4821 2228 4860 au-

658 4876 1026 4948 cupabantnr,
1075 4876 1179 4930 etsi
1233 4878 1286 4931 in
1335 4876 1672 4933 Patriarchio
1717 4897 1833 4933 non
1897 4877 2228 4948 habitarent,

665 4942 827 5003 modo
884 4948 1310 5018 patriarchatum
1361 4959 1690 5018 expeterent,
1744 4956 1838 5002 aut
1891 4942 2076 5000 sctlem
2129 4945 2230 5018 ali:

661 5035 833 5106 tres",
848 5012 1385 5106 Δῆιεέξιπῑιξιξὲίιεξεξξειξτ,
1399 5012 2058 5106 ,ξέειὲεειιέῖιξξξξιξεξξῑξιξ
2081 5012 2228 5106 ³.ιὲιέ

661 5084 976 5142 (latronum
1031 5095 1141 5138 tres
1175 5085 1455 5156 syncellos
1487 5084 1610 5139 fecit
1642 5084 2015 5156 metropolitas
2045 5098 2058 5156 ς
2098 5097 2226 5156 eum

664 5158 862 5226 quibus
882 5225 886 5226 ν
907 5159 974 5209 de
1004 5155 1284 5226 superiore
1313 5156 1434 5226 loco
1483 5159 1796 5224 occupando
1822 5153 2231 5210 contendebant

664 5224 916 5295 syncelli.
957 5226 1032 5278 De
1057 5226 1134 5295 eis
1163 5225 1313 5292 plura
1338 5224 1438 5292 legi
1482 5233 1707 5295 possunt
1741 5229 1880 5294 apud
1913 5227 2232 5295 Grctscrutn

659 5293 722 5350 et
748 5296 980 5350 Goarem
1014 5295 1065 5347 in
1094 5293 1471 5362 Notationihns
1504 5294 1570 5345 ad
1599 5305 1755 5362 caput
1777 5293 1850 5349 ’10
1877 5293 2092 5350 C(ldllli.

738 5366 852 5452 git)
879 5365 1103 5444 Michael
1135 5361 1535 5452 ἰηχξρρέδαζηίιί
1568 5361 1818 5452 Theodori
1849 5361 2224 5452 Studitw‘aitj

668 5455 689 5487 ε
722 5433 1008 5488 'l‘arasiuin
1044 5448 1150 5486 non
1194 5433 1451 5484 habuisse
1485 5441 1597 5484 tum
1644 5434 1938 5490 ulciscendi
1975 5441 2230 5486 auctores

669 5507 1003 5564 facultatem,
1059 5503 1317 5572 temporis
1343 5501 1559 5572 injuria,
1593 5519 1709 5570 qute
1739 5507 1895 5558 vellet
1927 5517 2087 5572 agere
2118 5516 2226 5572 non

667 5577 1017 5646 permittente
1043 5589 1057 5625 :
1091 5573 1200 5624 imo
1223 5569 1475 5648 debuisse
1499 5572 1564 5625 de
1587 5569 1798 5648 sui.an
1823 5575 1947 5643 jure
1967 5569 2228 5648 nonnihil

667 5641 947 5698 remittere
967 5685 980 5704 ,
1019 5653 1220 5693 vesano
1251 5641 1572 5702 imperatore
1602 5641 1835 5698 minante
1862 5662 1920 5698 se
1955 5641 2226 5708 majorum

663 5718 920 5778 exemplo
970 5723 1251 5764 sacrarum
1309 5710 1600 5778 itnaginum
1657 5713 1860 5766 hostem
1931 5713 2081 5773 iure,
2121 5709 2228 5762 nisi

670 5788 817 5852 quod
866 5783 1049 5852 animo
1101 5789 1462 5852 conieprrat,
1527 5796 1776 5850 peragere
1825 5783 2097 5836 sincrum.
2128 5788 2229 5852 {et

673 5848 863 5909 laudat
885 5867 903 5904 ι
930 5849 1145 5920 sapiens
1163 5848 1473 5914 consilium,
1492 5861 1542 5902 et
1570 5848 1674 5904 alia
1697 5867 1885 5916 mente,
1906 5852 2079 5919 qualis
2103 5848 2222 5914 ejus

2335 3137 2622 3192 sanctitate
2650 3147 2706 3193 et
2733 3141 2946 3193 actione
2967 3148 3022 3193 ct
3041 3139 3506 3210 contemplatione
3531 3141 3754 3211 pulchre
3771 3148 3882 3196 sunt

2333 3229 2575 3293 educati,
2609 3239 2662 3286 et
2705 3231 2798 3300 qui
2844 3239 3000 3286 erant
3033 3232 3420 3301 propemodum
3451 3233 3638 3286 carnis
3660 3241 3880 3301 expertes

2333 3328 2392 3374 et
2415 3321 2697 3390 sanguinis
2725 3321 2862 3376 nihil
2890 3322 3122 3392 amplius
3153 3337 3406 3391 quamse
3439 3325 3641 3380 habere
3673 3323 3877 3384 sinebat,

2332 3412 2436 3465 nisi
2464 3413 2606 3481 quod
2642 3427 2887 3467 seorsum
2926 3413 2978 3468 in
3017 3428 3114 3482 spe
3155 3413 3497 3482 habitarunt,
3549 3424 3605 3470 et
3629 3416 3682 3468 in
3708 3415 3877 3468 solitu~

2331 3499 2460 3558 dine
2489 3508 2543 3554 et
2574 3501 2720 3554 solos
2759 3502 2967 3570 seipsos
3020 3516 3315 3556 exercuere
3343 3519 3356 3554 :
3400 3513 3500 3557 aut
3533 3503 3675 3572 quod
3700 3517 3878 3573 cogno-

2332 3599 2554 3648 scantur
2609 3591 2773 3644 etiam
2817 3606 3068 3646 servasse
3123 3593 3448 3662 pauciores:
3483 3595 3688 3662 reliqua
3717 3601 3876 3648 autem

2331 3681 2550 3735 virtutis
2585 3681 2884 3751 privilegia,
2926 3682 3118 3750 partim
3162 3683 3382 3751 quidem
3421 3684 3493 3737 ab
3535 3686 3614 3739 eis
3655 3693 3776 3738 sunt
3796 3697 3876 3736 ne-

2331 3777 2524 3848 glecta,
2563 3777 2758 3846 partim
2784 3791 2912 3830 vero
2944 3777 3104 3846 longe
3131 3777 3199 3831 ab
3233 3777 3315 3830 eis
3351 3776 3668 3831 abluerent.
3708 3777 3875 3844 Marty-

2330 3884 2450 3922 rum
2486 3876 2665 3924 autem
2701 3867 2953 3922 eximiam
2982 3877 3039 3942 et
3078 3867 3566 3936 incomparabilem
3627 3864 3874 3920 fortitudi-

2329 3974 2476 4022 nem,
2543 3967 2596 4012 et
2623 3959 3093 4032 generosissimam
3129 3958 3477 4029 phalangem,
3519 3975 3640 4030 qua:
3679 3959 3740 4012 ad
3762 3971 3871 4010 san-

2331 4052 2550 4121 guinem
2589 4065 2760 4120 usque
2800 4051 3003 4104 restitit
3049 4059 3290 4120 peccato,
3341 4065 3674 4120 corporaque
3699 4047 3870 4103 etaui-

2330 4185 2450 4251 fuit,
2469 4185 2716 4252 dignum.
2745 4205 2762 4239 ι
2785 4184 2988 4239 Verum
3025 4195 3246 4241 sanctus
3274 4184 3432 4240 Plato
3452 4184 3763 4240 Sacudionis
3789 4179 3870 4235 ab-

2329 4257 2428 4309 bas
2459 4257 2600 4324 apud
2633 4255 3043 4324 Theophanem,
3077 4256 3310 4326 abscidit
3351 4271 3411 4310 se
3447 4271 3478 4308 a
3509 4254 3868 4310 communione

2329 4327 2542 4380 'l'arasii
2573 4325 2897 4393 patriarcha)
2919 4367 2934 4386 .
2968 4327 3111 4396 qu_od
3146 4325 3532 4396 imperatorem
3562 4327 3628 4396 iu_
3653 4334 3866 4396 cominu-

2332 4395 2549 4449 nionem
2575 4390 2904 4462 recepisset.
2949 4390 3195 4456 {Tunc,
3228 4390 3308 4448 ut
3351 4395 3545 4448 scribit
3595 4390 3861 4451 Baronius,

2331 4480 2484 4516 num.
2511 4463 2598 4528 46,
2642 4483 2659 4514 ι
2697 4465 2878 4530 gravis
2909 4467 3159 4533 angustia
3207 4465 3490 4534 premebat
3520 4462 3746 4534 animum
3783 4472 3860 4534 ρεξ-

2334 4535 2606 4594 triarchae,
2661 4549 2787 4588 cum
2829 4531 3110 4587 vercrctur
3159 4533 3322 4586 nimis
3370 4531 3734 4601 exasperanda
3765 4531 3861 4577 ani-

2331 4618 2481 4658 mum
2515 4603 2886 4671 imperatoris,
2929 4611 2983 4657 et
3012 4603 3082 4656 ab
3115 4601 3360 4658 Ecclesia
3393 4601 3732 4659 removendo,
3756 4608 3859 4671 enin

2334 4671 2536 4728 faceret
2565 4673 2689 4726 lidei
2733 4673 3014 4729 catholicae
3037 4672 3370 4728 desertorem
3405 4689 3420 4722 :
3455 4671 3634 4726 adhuc
3659 4672 3860 4740 recentia

2331 4743 2590 4797 Ecclesiae
2623 4742 2868 4809 vulnera,
2897 4751 2950 4796 et
2991 4742 3078 4794 vix
3111 4743 3346 4795 obducta
3377 4749 3534 4794 erant
3577 4753 3669 4808 per
3704 4745 3859 4809 concio

2331 4812 2465 4866 lium
2496 4813 2616 4880 ejus
2645 4827 2808 4880 opera
2839 4805 3170 4868 celebratum
3203 4811 3396 4865 Nicaeae
3417 4805 3676 4864 adver‘ws
3704 4805 3860 4880 lcooof

2331 4882 2532 4937 claslas
2561 4899 2574 4934 :
2617 4879 2798 4936 adhuc
2824 4881 3074 4952 vigebant
3106 4881 3292 4952 hostes
3319 4881 3574 4952 Ecclesiae
3595 4895 3610 4930 :
3633 4883 3740 4952 erat
3765 4879 3858 4952 ψει

2331 4953 2650 5006 adolescens
2693 4945 2905 5007 animo'
2931 4951 3152 5006 mobilis
3195 4959 3250 5004 et
3281 4949 3568 5012 instabilis,
3601 4954 3655 5000 et
3678 4945 3857 4996 hereti-

2330 5036 2520 5075 corum
2577 5017 2860 5088 pa'rentum
2899 5023 3040 5074 mala
3089 5034 3350 5089 propago,
3407 5011 3775 5089 perfacilisquc
3806 5011 3853 5089 ul

2335 5091 2438 5144 levi
2475 5079 2608 5145 ﬂatu
2646 5091 2700 5144 in
2754 5092 3000 5144 haeresim
3037 5079 3290 5158 praeceps:
3321 5079 3682 5158 impelleretur
3706 5097 3718 5133 :
3745 5079 3854 5158 hinc,

2331 5160 2578 5228 inquam,
2607 5167 2661 5214 et
2689 5160 2796 5214 alia
2832 5156 3146 5227 huiusmodi
3189 5156 3386 5212 mentis
3413 5156 3638 5228 consilio
3665 5156 3852 5228 versant

2336 5222 2616 5300 Tarasins.
2656 5231 2740 5285 sic
2775 5222 2962 5284 errore
3008 5229 3336 5300 redarguere
3385 5227 3563 5300 voluit
3601 5222 3850 5300 impertiit?

2333 5315 2469 5371 rem,
2507 5295 2575 5371 ut
2602 5309 2782 5371 tamen
2817 5315 2978 5364 eum,
3033 5294 3270 5352 licet'ea
3313 5297 3738 5371 _pmna_di8"‘,'m’
3771 5294 3855 5371 '19:

2332 5368 2494 5422 luerit
2529 5369 2597 5421 ab
2625 5369 2864 5423 Ecclesia
2915 5361 3189 5436 separare.
3231 5386 3250 5418 ι
3311 5361 3436 5421 Haec
3476 5361 3852 5436 Baronius,_t|ll|

2331 5421 2435 5506 per
2461 5421 3026 5508 hazreticosparentes
3071 5451 3180 5490 non
3232 5437 3718 5508 intelligitiuatretn
3756 5421 3847 5508 lg?

2333 5486 2478 5571 item,
2515 5486 3648 5576 seniiaiiniiiifiiiiﬁnfimiimi?”mque
3675 5497 3736 5576 ita
3759 5486 3850 5576 If

2331 5563 2532 5637 rasilis.
2573 5563 2709 5633 teste
2737 5563 2927 5632 sancio
2959 5563 3244 5629 Theodoro
3275 5575 3508 5636 Studita,
3540 5563 3652 5640 post
3677 5563 3846 5646 οὺξιίξῗ

2333 5631 2684 5714 ittiperaloris
2715 5631 2779 5702 se,
2805 5649 2946 5716 apud
2963 5647 3244 5698 Platonem
3276 5631 3673 5714 purgansacu'"

2332 5700 2732 5790 communione
2753 5700 3100 5790 cntijupctus.
3156 5700 3421 5790 Collinttiif
3473 5700 3842 5790 satfcfslﬁfﬁlﬂo

2333 5789 2366 5840 4
2399 5790 2618 5858 Aprilis,
2659 5778 2880 5842 sanctus
2912 5785 3233 5839 Theodorus
3263 5783 3474 5838 Stuilita
3512 5782 3567 5836 η
3596 5778 3835 5830 Novembr.
