4090 6286
302 311 436 376 1413

286 519 486 573 sistens
512 514 867 587 tyrannicum,
891 512 952 567 in
979 512 1324 582 stadiumque
1350 521 1404 566 et
1425 525 1650 566 arenam
1673 511 1860 564 decer-

291 601 504 663 taturus
547 605 804 676 prodiens
840 611 938 658 est.
965 603 1224 666 imitatus,
1261 609 1317 656 et
1359 600 1532 656 erexit
1557 601 1857 670 tropltteum

287 694 562 748 veritatis:
593 693 688 748 sed
717 706 831 757 eos,
865 691 958 761 qui
988 689 1104 743 haec
1135 697 1190 744 et
1220 688 1308 743 his
1351 689 1555 758 majora
1584 686 1861 740 sustinue-

290 793 436 848 runt,
484 782 825 848 desiderans,
857 790 912 837 et
958 768 1115 834 miris
1165 778 1432 834 extollens
1473 777 1750 841 laudibus,
1805 781 1860 828 et

287 889 556 930 coronans
577 875 740 930 veluti
769 874 1092 944 quibusdam
1121 871 1401 926 victoriam
1427 867 1860 940 signiﬁcantibus

285 966 578 1022 verborum
625 965 1062 1032 diadematibus,
1125 973 1179 1017 et
1225 976 1415 1016 eorum
1470 961 1734 1014 salutares
1791 957 1859 1010 ad

286 1055 457 1110 Deum
504 1071 764 1110 reverens
795 1055 1254 1118 intercessiones,
1289 1059 1353 1109 et.
1383 1066 1580 1105 vocans
1610 1049 1675 1104 ad
1707 1048 1860 1102 auxi-

283 1149 416 1202 lium
447 1158 686 1218 paratam
720 1148 1050 1218 scripturam
1080 1155 1136 1201 et
1183 1146 1404 1211 librum,
1446 1161 1506 1200 se
1534 1159 1628 1198 sua
1665 1151 1860 1212 sponte

284 1235 612 1294 offerentem
643 1237 698 1292 in
731 1237 903 1292 sacris
935 1236 1178 1306 templis,
1207 1223 1510 1290 honoriﬁce
1542 1233 1609 1287 de
1636 1230 1858 1301 scriptis

285 1341 472 1382 eorum
522 1325 935 1390 certaminibus,
981 1325 1200 1395 posuit:
1237 1333 1297 1379 ut
1334 1324 1421 1389 iis,
1467 1323 1558 1393 qui
1589 1321 1856 1388 viderent,

283 1419 521 1490 aperiret
547 1418 812 1474 vestibula
853 1417 1312 1488 compunctionis,
1355 1425 1410 1470 et
1437 1415 1670 1470 athletas
1701 1413 1858 1468 indu-

283 1517 450 1574 ceret,
481 1523 673 1564 eorum
705 1509 824 1564 zelo
857 1523 1138 1583 accensos,
1169 1517 1231 1564 ut
1267 1507 1522 1570 similem,
1555 1505 1599 1560 si
1644 1512 1857 1573 tempus

281 1607 532 1664 vocaret,
578 1599 795 1656 beatam
859 1599 1168 1670 arriperent
1228 1597 1678 1654 decertationem.
1747 1592 1858 1648 Res

280 1685 428 1741 enim
463 1687 733 1758 ejusmodi
779 1687 881 1744 scit
921 1689 1214 1744 conciliare
1254 1687 1468 1751 oculus,
1515 1672 1609 1756 qui
1643 1692 1729 1740 est
1754 1683 1854 1738 bo-

1837 309 2037 371 VITA.

289 442 408 482 mas
443 431 664 498 propter
722 423 892 478 Deum
930 421 1203 494 prodegit,
1239 435 1350 476 non
1400 419 1468 476 ad
1511 392 1750 474 tribunal
1798 433 1858 472 se
1891 427 1933 480 Α
1963 420 2090 474 tne?
2121 419 2254 488 Quis
2287 436 2412 478 eum
2437 421 2650 488 videns,
2683 421 2771 476 cui
2819 433 2982 494 caput
3015 425 3294 496 tyrannica
3319 442 3542 500 propter

3409 317 3549 385 1414

1961 507 2238 567 Christum
2291 513 2396 568 fuit
2433 523 2774 583 amputatum
2806 519 3098 584 sententia,
3134 526 3191 574 et
3229 519 3322 589 qui
3380 535 3545 578 omne

1959 617 2133 672 genus
2191 603 2445 660 ﬂuctibus
2494 621 2740 660 seorsum
2799 605 2973 661 fertur
3019 624 3050 662 a
3085 609 3290 678 reliqua
3353 613 3544 680 cymba

1961 695 2227 763 corporis,
2254 704 2308 749 et
2331 705 2466 750 nutu
2501 697 2669 755 divini
2702 699 2888 753 auxilii
2916 714 2980 754 ea
3012 699 3164 753 unita
3185 709 3240 754 et
3262 717 3360 770 per
3389 717 3542 756 mare

1963 789 2218 850 tanquam
2278 800 2374 852 per
2429 785 2636 838 aridam
2697 795 2848 840 recto
2903 787 3099 848 itinere
3154 789 3542 859 ingredientia,

1961 873 2170 927 etiamsi
2225 874 2425 929 duritie
2479 892 2572 928 cor
2627 878 2823 930 habeat
2877 877 3172 943 ﬂuctuans,
3221 895 3328 934 non
3357 883 3543 935 statim

1959 963 2109 1015 venit
2138 963 2204 1015 ad
2237 972 2448 1031 portum
2481 966 2883 1034 tranquillitatis
2913 968 3173 1035 spiritalis
3193 968 3216 1022 ?
3236 968 3369 1032 Quis
3391 984 3541 1033 eum,

1960 1052 2118 1119 cujus
2180 1069 2390 1121 ungues
2453 1055 2810 1110 arundinibus
2867 1058 3040 1112 acutis
3089 1059 3458 1127 perforantur,
3489 1067 3546 1115 et

1959 1142 2050 1210 qui
2085 1141 2139 1194 in
2186 1129 2504 1196 bullientem
2551 1143 2686 1212 picis
2718 1146 2950 1199 lebetem
2991 1163 3236 1218 praeceps
3264 1149 3544 1220 immergi-

1960 1243 2048 1288 tur
2073 1241 2126 1288 et
2151 1251 2340 1288 rursus
2389 1239 2641 1301 emergit,
2675 1245 2730 1288 et
2759 1237 2934 1304 gladio
2979 1237 3252 1292 hostiliter
3280 1255 3544 1294 consum-

1961 1323 2160 1390 matur,
2203 1325 2496 1395 aspiciens,
2542 1342 2652 1380 non
2684 1341 2882 1380 manus
2910 1327 2977 1380 ad
3016 1326 3183 1380 Deum
3211 1328 3451 1392 sustulit,
3487 1337 3542 1384 et

1958 1431 2068 1490 non
2094 1418 2300 1488 optavit
2340 1420 2540 1474 deinde
2571 1420 2730 1473 talem
2766 1419 3005 1488 experiri
3030 1421 3331 1480 cruciatum
3357 1421 3380 1475 ?
3405 1419 3541 1486 Quis

1957 1521 2073 1573 eos,
2098 1509 2188 1577 qui
2225 1503 2347 1579 gelu
2389 1509 2618 1564 hiberno
2662 1518 2716 1564 et
2759 1510 2902 1566 aeris
2934 1511 3119 1580 algore
3151 1520 3537 1576 concrescunt,

1957 1606 2012 1650 et
2040 1597 2171 1652 nudi
2205 1599 2512 1662 decertant,
2537 1606 2742 1654 attente
2762 1600 3120 1654 considerans
3153 1615 3166 1664 ;
3205 1608 3261 1654 et
3287 1599 3378 1670 qui
3410 1615 3540 1654 cru-

1957 1702 2077 1742 rum
2114 1689 2388 1743 sustinent
2409 1687 2732 1752 'fractiones,
2757 1697 2813 1744 et
2841 1705 2962 1744 cum
2987 1689 3246 1745 ardentes
3271 1690 3538 1746 carbones

279 1791 411 1831 num
463 1788 841 1850 argumentum
879 1791 1226 1846 consecutus,
1277 1787 1335 1834 et
1370 1777 1616 1834 auditum
1651 1790 1855 1844 prtece-
1885 1779 1930 1836 Β
1957 1787 2166 1834 natura:
2190 1779 2386 1834 robore
2416 1778 2728 1847 effugerint,
2762 1779 2816 1832 in
2847 1779 3137 1833 ﬂuviorum
3171 1778 3376 1833 ﬂuenta
3407 1771 3540 1838 mit-

279 1865 432 1920 dere.
486 1864 616 1937 ipse
651 1867 798 1924 enim
846 1868 1146 1924 secundum
1193 1869 1460 1922 honorem
1506 1875 1624 1936 post
1676 1864 1852 1920 visum

279 1966 366 2012 est
415 1957 682 2028 adeptus,
737 1967 794 2015 et
838 1975 964 2016 eum
1021 1961 1210 2017 oculus
1251 1960 1457 2030 abéque
1513 1958 1855 2028 expositione

279 2063 492 2112 eorum,
519 2065 639 2119 quae
667 2059 798 2105 sunt
844 2051 1112 2122 subjecta,
1144 2051 1340 2122 ﬁguras
1365 2049 1598 2120 accipiat
1626 2047 1854 2103 eviden-

280 2145 386 2204 tes,
437 2130 654 2196 auditus
709 2157 924 2212 semper
973 2143 1273 2199 secundum
1331 2141 1510 2196 locum
1565 2149 1736 2205 tenet,
1796 2147 1856 2194 ut

279 2231 414 2286 dixit
437 2232 654 2302 quidam
685 2233 930 2304 sapiens.

351 2321 442 2376 40.
480 2320 614 2388 Quis
653 2323 798 2378 enim
831 2324 1106 2379 coloribus
1135 2339 1452 2394 expressum
1487 2323 1679 2378 videns
1705 2337 1854 2385 eum,

279 2410 371 2480 qui
415 2409 678 2477 decertat,
715 2419 772 2466 et
802 2412 979 2482 ignem
1018 2413 1435 2482 despicientem,
1483 2421 1536 2465 et
1564 2411 1711 2464 nube
1759 2409 1858 2464 ﬂa-

279 2501 542 2573 gellorum
589 2503 1010 2570 circumdatum,
1063 2513 1120 2560 et
1170 2505 1224 2558 in
1275 2505 1360 2560 his
1399 2503 1644 2560 Creatori
1685 2501 1859 2558 conﬁ-

281 2589 477 2644 denter
537 2591 790 2660 spiritum
844 2594 1208 2658 emittentem,
1245 2609 1358 2648 non
1399 2593 1588 2649 calidis
1617 2593 1856 2648 circum-

283 2681 528 2736 tunditur
572 2683 843 2753 lacrymis,
895 2693 952 2738 et
999 2685 1250 2756 suspiriis
1289 2701 1351 2740 ac
1381 2686 1674 2757 gemitibus
1703 2701 1858 2740 com-

283 2774 582 2844 pnngitur?
611 2760 746 2840 Quis
771 2789 918 2840 eum,
946 2772 1041 2846 qui
1077 2788 1137 2832 se
1164 2777 1313 2830 exuit
1339 2777 1403 2832 ad
1431 2777 1615 2848 gravia
1647 2772 1860 2832 crucia-

283 2878 436 2918 tuum
478 2873 535 2918 et
577 2865 970 2935 suppliciorum
1020 2882 1242 2940 genera,
1287 2875 1341 2922 et
1372 2875 1651 2936 postremo
1681 2876 1859 2923 tortus

283 2950 407 3020 fuit,
457 2955 748 3026 aspiciens,
794 2973 903 3011 non
937 2959 1116 3013 cordis
1145 2957 1470 3014 contritione
1499 2966 1691 3028 pectus
1733 2969 1866 3036 tun-l

285 3045 423 3101 dens
451 3049 698 3104 recedit?
727 3047 858 3117 Quis
895 3065 1019 3106 eum
1049 3051 1258 3118 videns,
1300 3053 1390 3121 qui
1421 3065 1519 3121 pro
1547 3049 1766 3106 Christo
1800 3065 1860 3105 se

1957 1877 2144 1924 tuntur
2165 1885 2354 1949 eorum
2390 1867 2650 1939 reliquiae,
2691 1885 2801 1924 non
2841 1869 3172 1924 desideravit
3212 1885 3308 1924 eos
3339 1870 3540 1926 habere

1953 1971 2234 2028 patronos,
2287 1967 2340 2014 et
2372 1959 2630 2030 precibus
2683 1959 2966 2014 attrahere
3017 1975 3207 2014 eorum
3269 1975 3451 2016 acrem
3483 1968 3540 2017 ct

1953 2049 2168 2122 dignam
2204 2049 2622 2106 defensionem?
3301 2056 3304 2060 ί

2023 2142 2113 2196 41.
2153 2140 2278 2197 Haec
2304 2153 2484 2196 autem
2513 2139 2712 2195 videris
2745 2138 2858 2194 ﬁeri
2897 2154 3008 2194 non
3035 2140 3209 2210 solum
3239 2140 3292 2194 in
3321 2156 3538 2196 mascu-

1951 2232 2040 2293 lis,
2091 2233 2184 2286 sed
2227 2233 2388 2286 etiam
2439 2231 2492 2286 in
2550 2230 2792 2300 feminis,
2845 2247 2966 2301 qum
2998 2231 3219 2299 paribus
3256 2231 3540 2287 decertant

1957 2323 2372 2388 certaminibus,
2409 2331 2466 2377 et
2511 2321 2870 2391 equuleorum
2909 2328 2964 2375 et
3001 2330 3243 2376 rotarum
3291 2331 3348 2376 et
3371 2330 3538 2378 cate-

1957 2431 2141 2468 rorum
2171 2423 2568 2469 tormentorum
2593 2415 2802 2468 nullam
2835 2415 3044 2468 ducunt
3085 2415 3372 2469 rationem.
3405 2414 3540 2481 Quis

1957 2503 2102 2558 enim
2151 2505 2268 2558 huic
2319 2503 2435 2558 ﬁeri
2485 2505 2760 2573 aspiciens
2791 2504 2846 2558 in
2881 2505 3203 2558 mollissima
3230 2515 3449 2568 natura,
3479 2505 3541 2575 ,εἰ

1957 2593 2125 2650 veluti
2155 2595 2363 2648 litteras
2391 2595 2698 2658 attendens,
2729 2595 2871 2665 legat
2905 2595 3140 2658 colores,
3191 2611 3302 2648 non
3345 2595 3541 2650 mulie-

1958 2684 2111 2740 brem
2144 2685 2366 2752 abjiciat
2413 2685 2778 2748 timiditatem,
2824 2695 2878 2738 et
2921 2684 3112 2739 fiducia
3154 2685 3400 2749 indutus,
3430 2701 3542 2741 non

1959 2782 2141 2828 autem
2190 2775 2480 2828 temeraria
2531 2774 2777 2837 audacia,
2827 2782 2885 2828 et
2935 2775 3004 2828 ad
3039 2774 3207 2828 Deum
3255 2774 3541 2830 funebrem

1960 2873 2120 2919 canat
2178 2863 2564 2931 laudationem,
2626 2873 2682 2918 et
2725 2872 2914 2933 aperte
2964 2865 3286 2935 pronuntiet
3329 2866 3545 2920 beatam

1961 2955 2104 3010 hanc
2133 2954 2393 3010 invictam
2457 2955 2870 3010 fortitudinem?
2915 2955 3050 3020 Quis
3104 2955 3298 3010 videns
3348 2954 3544 3010 imma-

1962 3055 2209 3100 turorum
2239 3060 2532 3114 puerorum
2583 3053 2800 3099 aetatem
2831 3045 2886 3098 in
2919 3044 3236 3114 asperrimis
3265 3043 3546 3100 doloribus

285 3138 506 3193 tradidit
529 3113 830 3208 lictoribus,
855 3142 1207 3212 compedibus
1227 3113 1562 3212 manicisque
1583 3152 1636 3198 et
1662 3143 1861 3198 ﬁdibus
1887 3113 1932 3174 θ
1965 3147 2218 3208 tanquam
2243 3137 2300 3231 in
2332 3136 2488 3207 aquis
2514 3136 2875 3200 innatantem,
2907 3145 2962 3192 et
2990 3113 3264 3206 tanquam
3298 3137 3384 3192 lac
3414 3150 3550 3200 eoa-

285 3231 606 3302 constringi,
629 3242 684 3287 et
703 3233 900 3290 deinde
935 3233 1150 3289 fortiter
1179 3237 1462 3306 exspirare
1493 3237 1550 3290 in
1579 3235 1862 3305 suppliciis

287 3322 658 3388 Intolerandis,
721 3340 832 3380 non
857 3317 1158 3380 admiratur
1195 3327 1535 3396 patientiam,
1569 3327 1862 3384 invictam-

287 3429 395 3484 que
431 3415 632 3470 excelsi
675 3417 842 3472 animi
885 3417 1140 3472 virtutem
1180 3425 1236 3472 et
1289 3418 1496 3472 ﬁdem?
1558 3417 1692 3484 Quis
1739 3435 1864 3472 cum

289 3513 564 3573 spectans,
589 3507 704 3574 qui,
753 3523 824 3560 ne
873 3491 1087 3576 aliquod
1122 3503 1348 3562 verbum
1403 3508 1680 3562 emitteret
1719 3508 1864 3560 indi-

290 3609 456 3666 gnum
493 3595 712 3664 pietate,
749 3605 803 3651 et
840 3597 895 3650 in
942 3597 1203 3652 lateribus
1235 3605 1292 3652 et
1326 3597 1382 3652 in
1419 3597 1581 3651 dorso
1605 3597 1862 3662 laniatur,

291 3701 404 3742 non
439 3686 739 3765 emollescit
764 3687 1278 3744 commiseratione?
1303 3687 1437 3753 Quis
1462 3703 1574 3746 non
1606 3688 1866 3756 impletur

291 3769 674 3835 admiratione,
700 3779 754 3824 et
791 3771 1032 3840 quatitur
1055 3772 1272 3836 timore,
1302 3773 1522 3842 quando
1545 3773 1690 3828 videt
1716 3788 1864 3848 eum,

292 3860 388 3933 qui
415 3875 514 3932 pro
535 3861 640 3916 ﬁde
665 3861 890 3932 patitur,
925 3866 1108 3918 omnia
1139 3863 1382 3918 membra
1410 3879 1506 3918 sua
1531 3861 1866 3918 distribuen-

294 3963 446 4021 tem;
479 3954 608 4009 dum
641 3954 927 4022 'scinditur,
963 3963 1017 4010 et
1053 3957 1119 4012 ad
1152 3953 1245 4010 Dei
1273 3955 1598 4010 sacriﬁcium
1626 3963 1681 4010 et
1716 3955 1868 4010 abla-

299 4046 498 4100 tionem
531 4060 593 4100 ea
630 4046 882 4114 secrevit,
925 4063 1046 4118 quae
1075 4062 1248 4118 usque
1285 4046 1352 4102 ad
1389 4046 1669 4100 musculos
1700 4044 1896 4100 femo--

300 4146 469 4206 raque
502 4145 558 4190 et
587 4137 723 4192 talos
761 4146 816 4192 et
857 4146 1034 4192 tarsos
1073 4137 1392 4192 dividuntur
1423 4133 1870 4190 immisericordi-

305 4237 404 4291 tcr,
437 4243 548 4283 non
591 4230 892 4286 admiratur
927 4228 1408 4286 laboriosissimum
1456 4229 1509 4282 in
1542 4215 1874 4282 decet-tando

302 4310 654 4392 patientiam?
713 4321 846 4388 Quis
886 4303 1044 4378 'eum
1100 4323 1412 4392 aspiciens,
1469 4320 1563 4390 qui
1623 4319 1875 4374 leonibus

1927 3227 2251 3303 'gulatum,'
2285 3227 2554 3284 emulsum
2609 3243 2674 3284 ex
2735 3229 2998 3284 uberibus
3059 3227 3220 3292 ﬁdei,
3273 3238 3332 3283 et
3383 3244 3548 3296 omne

1961 3336 2132 3393 genus
2166 3321 2422 3375 tormenti
2452 3328 2506 3376 et
2550 3319 2803 3388 supplicii
2835 3319 2996 3372 simul
3023 3317 3288 3372 ferentem
3321 3325 3548 3388 propter

1961 3409 2263 3470 Christum,
2319 3425 2431 3463 non
2485 3410 2786 3476 coniecerit
2841 3409 2946 3463 hoc
2999 3424 3124 3464 esse
3179 3425 3322 3478 opus
3371 3403 3545 3464 divini

1963 3499 2172 3560 auxilii,
2222 3500 2368 3568 quod
2405 3506 2460 3552 et
2498 3499 2821 3553 muliebrem
2879 3497 3310 3553 imbecillitatem
3341 3500 3548 3556 virtute

1963 3589 2101 3646 virili
2130 3588 2260 3643 fecit
2289 3587 2675 3649 robustiorem.
2708 3596 2765 3642 et
2802 3587 3142 3654 impuberem
3183 3604 3248 3642 ac
3279 3589 3550 3656 puerilem

1967 3679 2436 3750 imperfectionem
2463 3677 2706 3732 ostendit
2735 3676 2934 3745 spiritu
2971 3691 3036 3730 ac
3079 3691 3244 3732 sensu
3273 3693 3394 3732 esse
3426 3693 3550 3732 mu-

1969 3775 2130 3822 tatam
2185 3769 2242 3823 in
2297 3767 2526 3823 senilem
2564 3765 2932 3822 vetustatem?
2997 3765 3133 3831 Quis
3185 3766 3440 3822 'l‘heclam
3493 3761 3590 3822 ρι’

1971 3855 2330 3937 Stephanum,
2379 3857 2472 3926 qui
2535 3855 2700 3926 primi
2746 3865 2871 3926 post
2899 3855 3180 3911 Christum
3224 3857 3548 3912 athleticam

1971 3957 2180 4018 portam
2207 3937 2540 4018 aperuerunt
2563 3947 2912 4018 martyribus,
2946 3946 3096 4001 hunc
3117 3947 3338 4014 quidem
3357 3947 3552 4004 videns

1969 4041 2244 4111 lapidibus
2275 4041 2601 4111 appetitum,
2646 4048 2702 4094 et
2733 4039 3038 4094 occisorum
3073 4053 3170 4107 per
3197 4053 3422 4107 precum
3465 4041 3555 4092 inq

1975 4133 2360 4188 tercessionem
2395 4133 2540 4203 apud
2580 4133 2750 4186 Deum
2791 4145 2978 4186 curam
3023 4138 3346 4199 gerentem;
3394 4130 3550 4191 illam

1975 4241 2104 4279 vero
2147 4209 2204 4280 εἰ
2255 4225 2495 4280 ferarum
2549 4223 2812 4279 saevitiam
2851 4221 3270 4292 deSpicientem,
3328 4229 3550 4289 propter

1977 4331 2129 4371 suam
2163 4331 2276 4370 non
2307 4315 2485 4372 ﬁctam
2541 4315 2596 4368 in
2636 4315 2933 4378 Christum,
2977 4327 3138 4383 quem
3183 4311 3547 4377 desiderabat,

209 4485 230 4494 '
303 4412 556 4483 obiicitur
583 4413 946 4479 devorandas,
979 4425 1035 4468 et
1055 4414 1310 4468 dentibus
1343 4427 1533 4468 eorum
1562 4409 1871 4476 molendus,
1911 4447 1952 4500 υ
1979 4406 2320 4471 charitatem,
2357 4422 2466 4461 non
2505 4405 2690 4462 statim
2718 4405 2880 4461 discit
2921 4419 3027 4458 non
3063 4402 3201 4458 male
3233 4401 3440 4472 precari
3465 4401 3551 4457 in-

303 4515 360 4561 et
396 4505 564 4559 veluti
610 4505 852 4559 caelestis
883 4505 1038 4575 panis
1083 4519 1284 4560 mensae
1313 4501 1522 4558 coelesu
1558 4499 1876 4571 conspergi-

305 4604 414 4662 tur,
459 4608 570 4650 non
600 4603 682 4650 est
717 4594 1381 4666 intelligentia-particeps
1417 4593 1564 4648 illius
1591 4589 1872 4666 martyrici

305 4683 568 4755 spiritalis
617 4679 892 4738 convivii?
944 4681 1077 4748 Quis
1135 4697 1260 4736 eum
1305 4681 1722 4752 contemplans,
1783 4675 1876 4749 qui

307 4773 500 4831 acerba
531 4781 720 4830 catena
737 4781 960 4844 propter
991 4772 1159 4828 Deum
1188 4773 1510 4844 exagitatus,
1541 4781 1598 4836 et
1624 4773 1680 4826 in
1709 4771 1878 4824 altum

309 4868 574 4932 sublatus,
616 4873 672 4938 et
699 4865 829 4920 loris
858 4879 920 4920 ac
945 4865 1164 4920 sttttinis
1189 4865 1392 4920 vibices
1409 4864 1574 4919 habet
1603 4871 1876 4926 extensus,

309 4968 366 5014 et
395 4958 612 5013 tandem
657 4956 835 5028 gladio
876 4963 1115 5010 mortem
1137 4953 1305 5017 subit,
1341 4970 1454 5008 non
1479 4954 1725 5029 seipsum
1759 4967 1880 5007 om-

311 5051 446 5106 nino
487 5049 665 5105 cordis
697 5048 1027 5105 contrahens
1052 5047 1500 5111 contritionibus,
1545 5047 1882 5102 convertitur

313 5145 379 5200 ad
413 5151 621 5216 gratam
661 5143 756 5198 Dei
805 5141 1284 5214 gloriﬁcationem?
1322 5140 1463 5220 Quis
1495 5155 1619 5196 eum
1665 5139 1880 5204 videns,

312 5239 404 5309 qui
440 5245 620 5293 rectus
653 5235 706 5289 in
742 5233 885 5305 ligno
928 5233 1182 5298 vincitur,
1223 5241 1280 5288 et
1311 5231 1468 5302 cujus
1497 5231 1886 5286 exinaniantur

314 5326 575 5385 intestina
623 5325 998 5396 frequentibus
1043 5326 1242 5380 ictibus
1286 5323 1618 5394 ﬂagellorum
1646 5363 1662 5388 ,
1699 5331 1754 5376 et
1791 5321 1884 5392 qui

313 5416 628 5474 diuturnam
666 5415 810 5469 illam
840 5414 1070 5470 sustinet
1103 5412 1158 5467 in
1186 5411 1332 5482 ligno
1365 5411 1798 5481 perpessionem,
1832 5419 1887 5464 ct

316 5513 434 5566 sine
485 5505 786 5561 visceribus
845 5503 1184 5574 ingrediens,
1263 5501 1886 5570 funebrem-quamdam

319 5598 480 5654 saltat
517 5597 883 5661 saltationem,
921 5611 1034 5652 non
1085 5595 1270 5650 divino
1315 5595 1422 5648 telo
1465 5595 1522 5648 in
1554 5594 1718 5649 corde
1760 5607 1888 5647 sau-

319 5691 514 5756 ciatur,
547 5687 1066 5757 tabernaculumque
1091 5695 1146 5742 et
1170 5688 1436 5757 templum
1468 5686 1688 5756 pietatis
1717 5683 1888 5740 eﬂicL

1978 4497 2178 4563 imicis,
2197 4499 2292 4552 sed
2330 4506 2585 4566 tanquam
2620 4494 3059 4552 benef-actoribus
3095 4494 3178 4548 eis
3205 4491 3430 4564 gratiam
3463 4509 3565 4549 rc-.

1978 4589 2140 4650 ferre,
2170 4596 2226 4642 ct
2273 4589 2538 4643 adversus
2591 4592 2816 4642 omnem
2845 4584 3138 4640 belluinarn
3192 4590 3250 4636 et
3277 4591 3550 4641 amentem

1979 4675 2254 4737 decertare
2289 4674 2578 4734 haeresim?

2047 4763 2138 4820 42.
2177 4761 2284 4820 Sed
2321 4775 2539 4818 transeo
2585 4759 2653 4818 ad
2688 4761 2858 4816 Deum
2890 4776 3072 4816 meum
3120 4769 3178 4816 et
3215 4752 3512 4819 Dominum
3537 4803 3552 4823 ,

1981 4855 2075 4927 qui
2111 4865 2315 4927 martyr
2342 4864 2428 4910 est
2470 4854 2798 4926 appellatus,
2834 4863 2890 4909 et
2933 4853 3038 4908 fuit
3063 4854 3299 4924 posteris
3329 4855 3554 4924 dispena

1983 4958 2130 5004 sator
2180 4946 2424 5004 victoriae
2458 4964 2470 5000 :
2504 4961 2670 5017 quem
2712 4945 2766 4998 in
2815 4945 2965 5016 ligno
3010 4959 3243 5000 cernens
3275 4945 3444 5001 clavis
3467 4944 3556 5000 af-

1986 5042 2174 5106 ﬁxum,
2211 5048 2266 5094 et
2303 5039 2530 5110 spongia
2566 5045 2723 5093 aceto
2752 5045 2809 5092 et
2841 5036 2968 5120 felle
3003 5045 3270 5106 potatum,
3310 5037 3552 5092 etlaterc

1985 5132 2174 5186 lancea
2217 5139 2503 5206 punctum,
2549 5139 2604 5195 et
2633 5144 2698 5184 ex
2729 5143 2796 5184 eo
2822 5126 3036 5184 viviﬁca
3069 5127 3272 5184 ﬂuenta
3301 5129 3526 5183 emittes

1989 5232 2122 5286 tem,
2155 5223 2354 5277 horreo
2383 5229 2440 5277 et
2473 5237 2504 5275 a
2539 5236 2625 5276 me
2651 5220 2894 5284 discedo,
2943 5219 3264 5290 honoroque
3305 5221 3426 5291 ejus
3473 5220 3556 5274 in-

1987 5314 2360 5386 vestigabilem
2401 5322 2458 5368 ct
2485 5312 2812 5382 stupendam
2849 5311 2931 5366 sui
2967 5311 3380 5372 demissioncm,
3414 5312 3552 5379 ejus-

1987 5423 2094 5478 que
2142 5405 2382 5470 admiror
2428 5419 2655 5461 summa:
2689 5403 2956 5458 malorum
2989 5404 3289 5458 tolerantiae
3315 5402 3583 5470 pelagus.

1989 5497 2203 5554 Etenim
2233 5507 2456 5568 propter
2481 5495 2786 5551 clementia:
2806 5495 3258 5565 magnitudinem,
3289 5501 3345 5546 et
3372 5491 3558 5544 ineﬂ‘a-

1989 5593 2152 5648 bilem
2216 5588 2609 5644 misericordia
2667 5587 3009 5649 bonitatem,
3083 5600 3208 5639 cum
3259 5591 3566 5652 accepisset

1989 5697 2209 5740 carnem
2245 5680 2526 5752 ejusdem,
2571 5679 2728 5752 cujus
2779 5687 2990 5746 nostra,
3037 5675 3306 5744 essentiae,
3355 5688 3563 5744 nequa-
