4090 6286
564 276 703 344 1415
1628 262 1689 321 S.
1743 253 2051 317 TARASII
2089 246 2599 312 PATRIARCH/E
2632 244 2743 304 CP.
3688 234 3809 300 1416

556 407 719 465 quam
751 405 810 445 se
857 403 976 442 esse
1018 386 1191 441 Deum
1224 381 1521 445 inficiatus,
1557 377 1726 432 verbo
1754 373 1976 445 quidem
2005 368 2140 425 v'eri-
2168 381 2216 440 Α
2247 365 2319 420 sit
2361 364 2483 434 ejus
2514 359 2796 431 exemplar
2834 353 3228 465 venera’ndum,
3276 350 3589 465 etnlovem
3622 351 3818 465 abomi-

742 441 1255 535 a—verbiiministris
1282 441 1592 528 atramento
1618 441 1882 530 colorate,
1905 472 1967 519 ut
1989 463 2142 526 licet,
2243 455 2394 508 naris
2411 494 2432 518 ,λ
2475 447 3135 544 proptercxsecrandam
3154 445 3276 544 ejus
3320 441 3646 544 libidinem.
3671 453 3817 544 atque

563 534 925 627 annuntiatur
955 586 969 621 :
1016 582 1075 622 re
1109 582 1237 620 vera
1264 572 1450 619 autem
1483 558 1765 616 coloribus
1808 556 1878 611 ab
1926 554 2062 625 ipsis
2088 560 2145 606 et
2242 542 2643 618 petulantiam?
2684 540 2806 596 Non
2847 538 3129 595 Christum
3154 536 3337 591 Deum
3370 534 3729 604 pronuntias,
3759 536 3820 591 ob

564 680 753 720 eorum
793 660 1018 716 asseclis
1049 652 1527 715 circumscribitur
1555 658 1612 705 et
1655 647 1986 718 depingitur,
2033 657 2145 697 non
2246 641 2593 696 sanctitatem
2622 638 2744 707 ejus
2772 630 3279 720 incomparabilem,
3316 636 3373 683 et
3413 642 3543 697 qua:
3577 642 3819 720 expressa

812 751 1055 807 materiae
1104 744 1590 804 commiscentibus
1638 716 2044 810 simplicitatem
2091 741 2148 786 et
2247 738 2330 783 est
2371 743 2468 797 per
2509 726 2798 780 materiam
2821 723 2891 778 ab
2918 721 3159 791 antiquis
3189 719 3552 782 honoratam,
3584 716 3745 770 [leum
3774 729 3823 773 et

565 845 759 900 formae
786 844 1117 899 vacuitatem
1148 859 1160 893 :
1196 853 1376 907 neque
1406 834 1554 890 enim
1585 827 2016 891 circumciditur,
2044 837 2149 879 nec
2252 821 2534 876 hominem
2582 817 2877 872 referentis
2922 813 3176 907 imaginis
3227 811 3482 907 admittis
3517 810 3821 907 similitudi-

567 938 717 993 subit
759 936 1103 991 affectionem
1138 949 1151 985 :
1187 902 1301 986 sed-
1321 927 1467 999 quod
1509 940 1605 978 sua
1649 930 1845 977 natura
1870 917 2024 973 cerni
2052 930 2152 985 po—
2248 926 2408 976 nem;
2449 908 2761 963 fabulosum
2797 915 2997 999 autem
3020 904 3194 999 illum“
3211 902 3576 999 parricidam,
3609 911 3665 999 et
3690 904 3821 999 ejus,

566 1036 678 1084 test
705 1037 761 1082 et
813 1025 1163 1091 contrectari,
1202 1018 1592 1095 .qnamoptime
1634 1011 2057 1085 depingentibus
2094 1013 2152 1062 et

571 1118 1168 1177 circumscribentibus.
1210 1116 1578 1183 Quamobrem
1607 1119 1720 1165 tota
1747 1109 1947 1172 anima,
1987 1104 2152 1160 corde

571 1220 628 1264 et
657 1208 1011 1279 cOgitatione,
1034 1222 1156 1276 qua:
1189 1213 1319 1260 sunt
1351 1205 1421 1259 ab
1454 1201 1535 1257 eis
1566 1201 1808 1262 decreta,
1852 1202 2072 1252 tuentes
2095 1198 2153 1247 et

572 1300 985 1369 amplectentes,
1037 1304 1090 1350 et
1126 1295 1218 1365 qui
1262 1309 1327 1348 ex
1383 1294 1497 1348 Deo
1542 1300 1673 1346 sunt
1718 1287 1918 1343 mentis
1954 1291 2154 1339 nostra

575 1405 799 1460 gressus
857 1389 925 1443 ab
999 1401 1066 1441 eo
1130 1385 1473 1455 apertissime
1528 1382 1795 1437 habentes
1852 1376 2151 1441 dilatatos,

574 1496 772 1552 magno
819 1478 1003 1533 studio
1049 1474 1438 1531 contendimus
1475 1474 1541 1528 ad
1573 1469 1977 1541 excipiendam,
2010 1475 2067 1521 et
2095 1472 2155 1520 ut

575 1573 658 1627 fas
698 1579 801 1635 est,
839 1560 1169 1625 adorandatn
1209 1566 1417 1623 Christi
1459 1564 1749 1635 imaginem
1786 1570 1842 1615 et
1882 1560 2003 1630 ejus
2030 1572 2156 1629 per-

577 1663 911 1734 pessionem,
962 1669 1019 1715 et
1051 1660 1119 1714 ad
1157 1674 1258 1715 nos
1301 1657 1640 1713 exhibendas
1691 1654 1884 1725 dignos
1929 1649 2154 1714 sanctis,

579 1751 672 1821 qui
724 1748 947 1804 fuerunt
996 1765 1026 1803 a
1074 1749 1293 1804 saeculo.
1329 1747 1613 1813 Quomodo
1643 1760 1775 1815 ergo
1807 1758 1918 1797 non
1966 1757 2031 1795 ex
2069 1740 2157 1794 his

577 1841 760 1897 bonus
790 1840 1024 1894 efficitur
1052 1838 1270 1908 aliquis,
1301 1836 1514 1892 etiamsi
1541 1851 1637 1890 cor
1662 1834 1859 1889 habeat
1885 1830 2159 1887 sententia

579 1928 896 1999 lapideum?
938 1927 1072 1993 Quis
1106 1942 1216 1981 non
1245 1935 1525 1980 reveretur
1550 1923 1843 1978 coloratam
1864 1921 2153 1991 picturam,

579 2034 702 2088 quae
743 2017 849 2072 fert
879 2016 1128 2086 exempla
1164 2015 1409 2086 pietatis,
1448 2029 1546 2084 per
1567 2028 1688 2083 quae
1716 2011 1902 2067 doceri
1931 2018 2162 2081 possunt

581 2117 798 2163 veteres
838 2122 926 2161 res
970 2116 1155 2177 gestae,
1197 2106 1387 2160 mundi
1421 2113 1595 2170 ortus,
1643 2103 1885 2182 legisque
1927 2114 1984 2158 et
2034 2116 2163 2171 pro,-

582 2198 895 2268 phetarum,
923 2211 1222 2265 senemque
1244 2204 1300 2251 et
1319 2196 1601 2265 antiquam
1630 2194 1845 2249 elliccre
1874 2193 2162 2265 cogitatio-

582 2288 752 2344 nem?
795 2287 898 2343 Per
922 2303 1085 2358 quam
1114 2288 1327 2343 accedit
1367 2286 1622 2343 meditari
1667 2286 1848 2341 divina
1888 2294 1944 2342 et
1968 2294 2161 2357 magna

584 2379 773 2452 gratiae
803 2378 1085 2441 miracula,
1113 2394 1236 2448 quae
1261 2379 1328 2434 ad
1360 2377 1456 2433 Dei
1491 2377 1716 2449 gloriam
1742 2377 2013 2432 inducunt
2038 2392 2163 2448 spe-

583 2479 844 2534 ctatores,
865 2470 957 2539 qui
981 2469 1168 2524 omnia
1192 2469 1325 2525 fecit
1352 2471 1409 2524 in
1437 2470 1722 2540 sapientia,
1747 2477 1804 2524 et
1824 2484 1952 2525 suos
1974 2483 2165 2525 servos

585 2576 686 2632 per
713 2576 865 2615 suam
897 2560 952 2614 in
988 2561 1137 2630 ipsos
1170 2560 1633 2624 benevolentiam,
1681 2560 1933 2614 maximis
1972 2560 2169 2616 extulit

540 2713 549 2720 _
587 2652 895 2707 honoribus
948 2651 1135 2723 (Psal.
1179 2667 1310 2719 cm,
1356 2651 1461 2721 24)
1497 2671 1512 2706 :
1544 2658 1599 2707 et
1642 2660 1931 2721 propterea
1977 2658 2166 2722 aperte

2250 1017 2373 1073 quae
2403 1016 2434 1055 a
2484 998 2774 1055 divinitate
2823 996 3061 1061 excidit,
3112 993 3343 1073 efﬁgiem
3402 992 3731 1049 transmittis
3771 995 3819 1049 in

2251 1068 2607 1172 profu.ndum,
2640 1088 2695 1142 in
2724 1101 2829 1156 qua
2859 1085 2978 1155 ipse
3004 1068 3175 1154 patri’s
3205 1083 3312 1145 sui,
3348 1098 3482 1151 qua:
3507 1081 3821 1150 absciderat,

2253 1180 2493 1236 verenda
2523 1188 2612 1235 est
2636 1176 2946 1249 jaculatus?
2969 1174 3064 1230 Nae
3088 1183 3145 1229 tu
3172 1172 3462 1229 Christum
3492 1173 3820 1229 Servatorem

2252 1269 2460 1325 habeas
2514 1268 2848 1340 propitium,
2897 1266 2991 1337 qui
3041 1264 3313 1320 materiali
3366 1273 3690 1320 sanctorum
3736 1281 3821 1319 ex-

2254 1376 2445 1433 pressa
2480 1361 2785 1416 delectatur
2809 1357 3003 1431 efﬁgie,
3030 1358 3157 1412 odio
3185 1365 3370 1411 autem
3420 1356 3592 1410 habet
3623 1354 3816 1412 Salame

2256 1462 2314 1507 et
2339 1452 2717 1522 improborum
2744 1451 2866 1521 ejus
2892 1450 3187 1505 satellitum
3216 1448 3672 1503 abominationes
3698 1467 3711 1503 :
3737 1450 3819 1519 qui

2257 1559 2381 1599 cum
2415 1543 2607 1598 vident
2638 1541 2845 1597 Christi
2876 1548 2933 1595 et
2955 1540 3078 1611 ejus
3111 1540 3401 1595 servorum
3450 1547 3667 1594 erectas
3704 1539 3825 1594 ima-

2258 1637 2435 1709 gines,
2470 1643 2818 1698 evertuntur,
2868 1632 3235 1705 ingemiscunt
3269 1639 3324 1688 et
3366 1630 3612 1695 deﬂent,
3654 1638 3707 1685 et
3737 1632 3824 1686 ad-

2259 1743 2454 1784 versus
2480 1742 2596 1793 eos,
2624 1726 2719 1797 qui
2747 1726 2864 1780 haec
2890 1724 3146 1779 lubenter
3171 1723 3408 1787 faciunt,
3434 1724 3673 1779 strident
3704 1724 3825 1779 den-

2260 1819 2427 1882 tibus,
2461 1827 2517 1873 et
2544 1817 2825 1889 pulverem
2847 1816 3091 1870 excitant
3117 1814 3523 1868 calamitatum.
3558 1812 3654 1868 llis
3675 1827 3825 1869 enco«

2259 1910 2497 1966 miorum
2535 1907 2720 1965 verbis
2758 1906 3006 1963 excitans
3061 1905 3360 1968 Tarasius,
3420 1914 3481 1960 et
3536 1905 3591 1958 in
3648 1904 3826 1959 tabulis

2260 2001 2559 2057 honorifice
2608 2000 2929 2069 insculpens
2984 1998 3054 2053 ab
3084 1997 3166 2053 eis
3197 2012 3299 2068 pro
3326 1996 3560 2071 Christo
3588 2005 3822 2065 suscepta

2260 2095 2566 2151 certamina
2599 2101 2655 2149 et
2695 2092 2978 2164 pericula,
3021 2106 3211 2146 eorum
3252 2088 3553 2144 insistebat
3585 2086 3822 2156 vestigiis,

2259 2179 2479 2234 etiamsi
2528 2178 2795 2234 manserit
2837 2177 2957 2234 sine
2996 2177 3288 2244 vibicibus,
3324 2191 3447 2231 non
3476 2185 3658 2235 autem
3688 2189 3774 2230 eos
3796 2189 3822 2227 a

2263 2279 2417 2342 tergo
2447 2270 2804 2342 sequebatur.

2876 2380 3105 2438 CAPUT
3143 2382 3211 2437 Χ.

2328 2472 2672 2542 Comparatio
2714 2474 2885 2529 sancti
2924 2472 3142 2596 thraszi
3158 2489 3277 2527 cum
3319 2471 3581 2541 apostolis
3603 2480 3650 2524 et
3677 2485 3765 2540 pa-

2949 2559 3088 2596 narc
3124 2559 3188 2596 ιδ.

2949 2559 3027 2596 na
3034 2559 3188 2597 νείκη.

2331 2633 2422 2689 44.
2464 2634 2759 2691 Videamus
2791 2649 2942 2698 vero,
2986 2650 3057 2689 an
3105 2635 3268 2690 etiam
3317 2633 3672 2690 contenderit
3711 2644 3820 2685 cum

588 2742 761 2797 voluit
791 2757 885 2797 eos
907 2722 1129 2813 depingi
1157 2757 1221 2797 ac
1252 2742 1510 2807 describi,
1545 2753 1597 2796 et
1622 2755 1815 2796 eorum
1847 2742 2165 2795 memoriam

2265 2723 2332 2778 iis
2358 2724 2450 2794 qui
2490 2732 2647 2778 erant
2689 2724 2743 2778 in
2790 2723 2978 2795 gratia.
3021 2723 3157 2812 l‘lazn
3187 2739 3311 2778 cum
3353 2724 3522 2778 Verbi
3572 2722 3821 2792 discipuli,

590 2847 711 2887 esse
745 2842 1065 2902 perpetuam
1111 2833 1166 2887 in
1212 2833 1416 2889 nostris
1453 2833 1732 2888 cordibus.
1777 2815 2065 2898 Quodnam
2100 2846 2165 2887 ex

2265 2814 2465 2868 mentis
2500 2813 2554 2866 in
2596 2813 2911 2884 Magistrum
2942 2813 3465 2879 inmutabilitatem,
3490 2829 3588 2884 per
3610 2814 3825 2868 divinam

592 2922 679 2977 his
701 2938 937 2991 unquam
962 2923 1219 2977 damnum
1251 2923 1318 2978 ad
1345 2923 1584 2977 animam
1611 2922 1876 2977 redierit?
1904 2921 2165 2987 Quisnam

2265 2902 2618 2958 ostenderent
2646 2902 3068 2969 confessionem,
3106 2904 3223 2974 ipse
3259 2907 3483 2974 quoque
3511 2919 3628 2959 eam
3659 2916 3826 2957 serva-

592 2985 937 3064 autem-non
982 3010 1161 3079 potius
1199 3014 1265 3067 ex
1306 3012 1377 3066 iis
1412 3011 1621 3083 accepit
1665 2985 1997 3066 utilitatem?
2033 3011 2165 3078 Quis

2268 2992 2347 3047 vit
2398 2995 2659 3065 integram
2711 3001 2767 3048 ct
2820 2985 3186 3048 inviolabilem
3215 3009 3244 3047 a
3275 3005 3531 3051 materno
3573 3002 3740 3058 utero,
3776 3000 3826 3046 et

593 3115 662 3155 ex
692 3100 885 3155 crebra
938 3115 1002 3154 ac
1039 3100 1285 3171 diligenti
1329 3118 1518 3158 eorum
1550 3082 2006 3157 consideratione
2055 3118 2165 3158 non

2272 3082 2432 3139 factis
2461 3085 2639 3154 ipsum
2675 3099 2864 3141 verum
2896 3084 3066 3139 Deum
3099 3084 3428 3155 prmdicans,
3466 3086 3560 3156 qui
3584 3100 3650 3139 ex
3678 3082 3823 3137 llaria

591 3197 914 3259 perpetuam
944 3189 1282 3258 comparavit
1311 3190 1635 3245 memoriam
1679 3189 1872 3244 salutis
1911 3191 2169 3246 concilia-

596 3281 785 3336 tricem
805 3281 830 3332 ?

664 3371 754 3423 45.
788 3367 885 3423 Dic
914 3367 1043 3421 mihi
1083 3368 1228 3422 enim
1251 3409 1264 3431 ,
1300 3369 1393 3438 qui
1437 3367 1660 3423 infamis
1706 3376 1761 3424 et
1798 3367 2172 3440 ignominiosae

596 3458 768 3527 partis
794 3456 1041 3511 ordinem
1071 3457 1275 3523 laudas,
1312 3472 1345 3513 ο
1379 3458 1664 3524 hzeretice;
1695 3472 1876 3527 neque
1912 3457 2061 3513 enim
2087 3459 2172 3512 di-

597 3547 774 3602 dicisti
826 3548 1095 3602 honorare
1151 3547 1297 3617 quod
1371 3559 1456 3602 est
1508 3548 1731 3619 dignum
1785 3548 2029 3610 honore;
2080 3546 2174 3617 qui

597 3637 757 3693 idolis
799 3649 854 3692 et
887 3638 1212 3692 venerandis
1243 3638 1590 3708 imaginibus
1638 3635 2173 3692 lubenter-eamdem

597 3727 794 3781 tribuis
826 3726 1204 3798 ignominiam,
1236 3728 1456 3796 quando
1486 3726 1702 3798 profani
1742 3734 1797 3781 et
1833 3725 2003 3780 sancti
2034 3726 2176 3781 scies

597 3819 989 3879 differentiam,
1028 3825 1085 3871 et
1117 3818 1206 3879 iis,
1239 3832 1360 3886 qua:
1401 3833 1465 3873 ex
1505 3818 1615 3872 illis
1647 3817 2023 3876 deducuntur,
2074 3814 2173 3869 tri-

597 3906 735 3961 bues
771 3906 821 3960 id
848 3906 991 3975 quod
1018 3906 1315 3962 convenit?
1347 3906 1442 3962 Est
1467 3908 1610 3962 enim
1642 3908 1923 3977 proprium
1958 3906 2092 3978 legis
2121 3914 2176 3961 ct

598 3996 946 4059 eruditionis,
1001 4006 1189 4051 sancta
1234 3998 1547 4053 discernere
1586 4013 1616 4052 a
1651 3998 1915 4067 profanis,
1968 4007 2026 4052 et
2072 3997 2175 4051 im-

599 4088 803 4142 munda
854 4103 882 4141 a
932 4088 1149 4142 mundis
1178 4106 1191 4142 :
1226 4088 1499 4158 quomodo
1539 4102 1730 4142 rursus
1761 4096 1843 4142 est
1873 4085 2176 4157 iniquitatis

598 4189 655 4234 et
686 4179 936 4244 inscitiae,
986 4196 1106 4249 qua:
1139 4180 1281 4234 inter
1329 4195 1389 4234 se
1426 4189 1691 4250 pugnant,
1739 4171 1901 4235 simul
1937 4193 2132 4250 cogere
2156 4218 2172 4243 ,

598 4270 977 4355 permiscendo
1001 4279 1058 4325 ct
1085 4271 1473 4326 confundendo
1498 4272 1699 4325 omnia.
1725 4270 1782 4326 Si
1807 4271 1956 4326 enim
1982 4270 2174 4326 Jovem

2271 3175 2329 3229 in
2355 3174 2559 3230 ultimis
2598 3173 2956 3243 temporibus,
2995 3181 3051 3228 et
3089 3189 3155 3229 ex
3181 3171 3345 3228 Patre
3378 3181 3506 3228 ante
3535 3172 3722 3228 saecula
3752 3179 3825 3224 est

2272 3266 2509 3339 genitus,
2538 3264 2815 3335 aequalem.
2837 3264 3004 3329 Patri,
3055 3265 3200 3334 quod
3247 3266 3447 3320 attinet
3493 3265 3561 3319 ad
3603 3264 3824 3333 ejusdem

2272 3357 2456 3428 gloria:
2511 3356 2770 3411 virtutem
2827 3354 3145 3411 divinitatis.
3207 3355 3300 3412 Sic
3341 3372 3470 3411 cum
3520 3355 3754 3425 Philippo
3778 3360 3826 3407 et

2274 3442 2484 3502 Thema
2532 3448 2815 3503 decretum
2875 3448 3142 3518 protulit,
3222 3447 3517 3503 Dominum
3573 3454 3628 3501 et
3676 3444 3825 3498 Deum

2273 3539 2555 3595 Christum
2597 3541 2807 3604 dicens,
2860 3556 2970 3594 non
3002 3540 3239 3611 palpatis
3273 3555 3399 3610 quae
3428 3539 3594 3594 clavis
3624 3535 3822 3592 confixa

2275 3631 2514 3699 fuerant,
2541 3632 2820 3695 manibus,
2850 3644 3029 3701 neque
3054 3631 3318 3701 quaesitis,
3336 3647 3463 3702 qua'
3488 3646 3585 3700 per
3606 3629 3822 3683 lanceam

2274 3723 2431 3778 factae
2465 3732 2644 3789 erant,
2680 3723 3069 3793 punctionibus
3118 3720 3313 3793 (Joan.
3352 3721 3609 3795 “,27).
3645 3716 3818 3785 Quam-

2274 3814 2461 3870 obrem
2508 3815 2731 3871 beatum
2783 3829 3002 3885 quoque
3050 3813 3216 3870 finem
3265 3825 3457 3885 aperte
3504 3812 3701 3881 accepit
3738 3822 3820 3879 per

2275 3906 2488 3963 ﬁdelem
2530 3917 2586 3962 et
2629 3906 2933 3963 ferventem
2977 3906 3405 3962 confessionem.
3458 3904 3547 3961 Sic
3602 3895 3816 3956 Zebedzi

2276 3996 2447 4051 ﬁlium
2490 4008 2716 4052 secutus
2757 4007 2862 4062 est,
2901 3998 2992 4067 qui
3037 3996 3341 4067 appellatus
3386 3996 3489 4051 fuit
3529 3986 3817 4048 filiustoni-

2276 4099 2364 4145 tru
2391 4088 2597 4160 (Marc.
2630 4105 2714 4153 ιιι,
2753 4089 2848 4155 l7)
2879 4107 2892 4143 :
2926 4097 3213 4159 propterea
3246 4088 3392 4157 quod
3444 4094 3624 4157 aperte
3649 4078 3814 4136 memi-

2275 4180 2361 4234 nit
2383 4174 2436 4233 in
2480 4178 2754 4252 principio
2776 4165 3017 4233 Verbum
3055 4193 3197 4239 esse,
3225 4185 3281 4232 et
3312 4178 3460 4248 apud
3493 4176 3651 4230 Deum
3674 4182 3810 4225 esse:

2276 4279 2331 4325 et
2361 4270 2622 4325 erudiens
2661 4269 2846 4324 effecit
2893 4268 3033 4325 alios
3088 4269 3285 4339 spiritu
3321 4268 3667 4341 apostolicos,
3704 4273 3808 4332 pro-

600 4373 725 4413 cum
755 4360 1045 4415 Scrvatore
1067 4376 1417 4431 comparans.
1448 4361 1500 4415 in
1525 4377 1591 4416 eo
1612 4362 1759 4431 quod
1786 4361 2173 4417 venerabiliter
2205 4356 2249 4411 D
2279 4371 2466 4432 pterea
2510 4360 2657 4432 quod
2699 4360 3159 4432 evangelistaruin
3215 4361 3481 4417 divinitus
3525 4357 3808 4426 inspiratam

597 4451 935 4521 exprimatur
954 4451 1177 4523 efﬁgies,
1209 4454 1313 4508 hoc
1355 4451 1592 4508 afﬁrmas
1646 4454 1764 4511 sine
1799 4454 1946 4508 omni
1976 4452 2174 4509 distin-

598 4542 822 4596 ctione:
873 4542 1141 4613 numquid
1169 4543 1553 4597 contumeliam
1609 4552 1665 4597 et
1711 4544 1969 4606 dedecus,
2026 4543 2172 4614 quod

593 4631 741 4697 Jovi,
790 4633 880 4703 qui
940 4633 1078 4687 falso
1130 4634 1358 4696 dicitur,
1409 4634 1641 4699 tribuis,
1702 4644 1905 4711 sancta:
1953 4648 2173 4704 quoque

595 4723 796 4779 Christi
827 4725 1017 4780 forma:
1042 4725 1275 4780 inures?
1311 4725 1507 4781 Αωιὶνί
1543 4728 1689 4782 enim
1724 4737 1777 4782 te
1808 4728 1991 4781 inania
2019 4744 2172 4798 quie-

595 4816 721 4871 dam
757 4815 1067 4885 hujusmodi
1090 4817 1375 4875 adducere
1408 4834 1474 4874 ac
1509 4819 1806 4885 blaterare,
1841 4827 1895 4873 et
1947 4819 2033 4885 iis,
2077 4820 2171 4890 qui

596 4927 627 4963 a
655 4908 862 4964 Christi
891 4916 1158 4965 vocantur
1182 4910 1429 4977 nomine,
1451 4921 1509 4966 et
1531 4909 1815 4965 Trinitatis
1841 4911 2028 4981 gloria:
2054 4911 2171 4968 cul-

597 5008 738 5065 tum,
773 5001 1036 5057 honorem
1072 5012 1128 5057 et
1170 5002 1341 5058 solam
1374 5003 1545 5057 latria:
1570 5002 1944 5058 adorationem
1977 5003 2170 5059 invisi-

597 5090 780 5146 hiliter
799 5100 855 5146 et
882 5103 1088 5147 canunt
1115 5101 1167 5147 et
1183 5093 1449 5158 tribuunt,
1472 5092 1744 5147 intentare
1771 5090 1975 5147 crimen
1994 5092 2164 5148 idolo-

595 5183 788 5248 latriae,
830 5193 885 5237 et
919 5185 1155 5256 maligne
1188 5185 1418 5239 miscere
1478 5200 1597 5254 quae
1622 5201 1735 5239 non
1772 5194 2003 5256 possunt
2031 5186 2171 5243 inter

594 5289 654 5330 se
677 5275 995 5330 convenire.
1030 5276 1146 5331 Non
1170 5276 1267 5331 das
1292 5276 1662 5331 differentiam
1688 5278 1942 5349 imaginis
1965 5277 2170 5333 Christi

594 5376 651 5419 et
683 5364 960 5421 simulacri
1005 5365 1200 5421 Jovis?
1243 5364 1360 5419 Non
1395 5366 1633 5421 honoras
1665 5368 1940 5422 Christum
1960 5408 1975 5435 ,
2024 5368 2169 5438 quod

666 5500 778 5571 (62)
820 5502 897 5573 tta
927 5502 1075 5573 apud
1106 5499 1472 5570 Nicephorum
1505 5504 1677 5573 sancti
1710 5502 1924 5559 Tarasii
1949 5516 2172 5561 succes~

596 5585 772 5645 gorem
824 5572 875 5624 iu
928 5572 1189 5645 Catalogo
1220 5572 1918 5645 episcoporum“Byzantﬁ.
1960 5575 2169 5645 primus

599 5640 836 5694 Andreas
868 5642 1150 5713 apostolus
1184 5656 1362 5710 pragco
1406 5643 1648 5713 Byzantii
1698 5640 1805 5698 fuit
1853 5640 2165 5709 Evangelii;

597 5713 867 5765 exstu:.~.it
898 5712 1090 5777 aedem,
1125 5713 1177 5765 in
1205 5729 1310 5783 qua
1342 5712 1598 5785 preCibus
1633 5714 1737 5783 piis
1770 5716 2160 5786 impiorum-tur

2275 4454 2726 4518 instrumentum,
2769 4463 2832 4508 ut
2874 4468 3109 4524 quorum
3150 4468 3285 4509 voce
3326 4453 3516 4508 mundi
3562 4450 3696 4505 salus
3737 4456 3806 4497 reo

2274 4555 2450 4611 sonet,
2489 4545 2541 4600 in
2595 4545 2882 4611 Ecclesiis,
2922 4562 3043 4617 quae
3096 4553 3253 4602 erant
3309 4547 3509 4618 ubique
3554 4550 3803 4598 terrarum.

2273 4633 2548 4692 coloribus
2580 4653 2896 4708 expressum
2928 4638 3320 4711 materialibus.
3349 4635 3718 4694 convenienter
3738 4627 3805 4681 di-

2274 4729 2414 4784 vina:
2442 4718 2497 4784 et
2526 4738 2768 4799 patemte
2797 4730 3075 4785 traditioni
3114 4730 3343 4801 jusserit
3372 4749 3384 4785 :
3413 4740 3471 4786 ut
3498 4740 3641 4783 mens
3678 4732 3800 4776 com-

2274 4831 2477 4889 puncta
2506 4836 2605 4893 per
2634 4822 3004 4895 evangelii-am
3037 4838 3358 4895 sacramque
3385 4822 3603 4894 effigiem
3623 4824 3671 4871 et
3695 4824 3799 4866 san-

2273 4912 2516 4968 ctitatem
2547 4911 2616 4967 ad
2655 4911 2851 4977 Deum,
2877 4912 2972 4983 qui
3012 4913 3130 4969 bzec
3160 4914 3242 4969 eis
3272 4912 3566 4985 inspiravit,
3596 4899 3796 4961 multifa-

2274 5001 2410 5057 riam
2443 5003 2706 5059 honorem
2736 5002 3154 5070 transmitteret,
3180 5014 3237 5061 et
3265 5005 3570 5061 efficeretur
3592 4997 3796 5062 recepta-

2275 5093 2463 5149 culum
2523 5093 2961 5150 venerandarum
3009 5092 3620 5153 auditionum.Andrcze
3668 5092 3790 5139 vero.

2273 5184 2367 5254 qui
2392 5210 2397 5215 ·
2425 5183 2529 5240 fuit
2563 5193 2787 5241 vocatus
2821 5184 3029 5255 primus
3057 5200 3121 5240 ex
3154 5186 3412 5255 apostolis
3447 5180 3612 5254 (Joan.
3644 5189 3676 5237 I,
3696 5164 3789 5235 40)»

2272 5276 2412 5332 adeo
2460 5274 2563 5331 fuit
2592 5276 2931 5347 propinquus
2973 5287 3029 5332 et
3060 5278 3386 5348 coniunctus
3412 5282 3647 5350 germano
3688 5259 3790 5315 vili?

2273 5366 2543 5434 instituto,
2579 5375 2641 5422 ut
2668 5366 2781 5439 (62)
2814 5367 3058 5425 habenas
3079 5369 3323 5439 ejusdem
3354 5361 3617 5440 pastoralis
3639 5351 3787 5412 ωιιιθ·

2274 5499 2440 5566 Deus,
2472 5500 2616 5556 ultra
2633 5501 2921 5574 regionem
2936 5503 2994 5574 _A
3005 5503 3278 5574 rgyropoli
3299 5545 3313 5569 ,
3344 5513 3396 5558 et
3424 5481 3781 5574 ordinafilfj‘ff

2272 5556 2501 5644 scopum
2560 5556 2891 5644 urbisvillius
2916 5556 3193 5644 _Stacl':yn:
3218 5556 3390 5643 cujus
3410 5563 3635 5644 inciuiuil
3664 5556 3778 5624 ᾹΡ⁰⁴

2273 5638 2448 5697 διοῐυε
2475 5641 2530 5696 in
2559 5641 2788 5712 epistola
2818 5642 2883 5697 ad
2915 5638 3211 5709 Romanos,
3242 5638 3360 5716 cap.
3395 5656 3495 5704 xvi,
3528 5638 3574 5689 9.
