4090 6286
365 355 500 424 1417

1901 355 2100 430 'VI’I‘A.

3475 355 3615 424 1418

357 473 642 542 Ilrze,post
661 478 738 526 tot
754 472 973 536 saecula,
1005 473 1100 529 sed
1125 487 1354 530 numero
1375 473 1534 530 valde
1565 473 1934 544 multiplicatae.
1962 481 2006 538 Α
2035 474 2277 546 pretioso
2317 473 2410 529 illo
2456 470 2748 544 sanguine,
2791 483 2954 540 quem
3001 468 3312 533 ostendens,
3349 469 3514 524 dabat
3548 471 3614 526 ad

359 553 649 632 acceperit,
679 574 736 616 et
759 563 827 616 ad
866 571 1068 618 metam
1093 564 1332 620 caelestis
1361 579 1556 621 cursus
1590 577 1807 638 gregem
1831 581 1928 636 per

359 653 618 708 virtutem
641 653 948 721 deduxerit,
973 663 1028 711 et
1045 655 1289 712 victoriae
1312 657 1392 712 eis
1417 671 1580 712 causa
1605 655 1774 711 fuerit
1800 669 1933 713 eon-

361 752 442 798 tra
472 743 834 802 adversarios.
873 745 1042 802 Paulo
1093 755 1276 803 autem
1323 745 1427 804 fuit
1453 747 1734 819 colligatus
1759 749 1813 802 in
1843 762 1931 814 eo,

357 837 502 906 quod
539 837 593 890 in
622 837 872 894 docendo
899 837 1104 909 primas
1149 850 1332 910 partes
1367 839 1687 895 obtinuerit.
1733 839 1932 895 Totum

357 927 504 980 enim
531 927 802 984 mundum
826 930 978 984 verbi
1007 931 1528 1002 nexibusinclusum
1555 933 1696 986 intra
1716 931 1934 988 decreta

357 1017 750 1080 ecclesiastica.
781 1021 1056 1090 sapienter
1074 1019 1254 1075 eﬂ‘ecit
1275 1021 1534 1092 populum
1564 1021 1676 1077 Deo
1695 1019 1934 1092 acquisi-

358 1115 472 1162 tum
525 1118 582 1164 et
633 1110 813 1181 regale
863 1110 1252 1166 sacerdotium.
1306 1111 1528 1166 Petrum
1585 1125 1740 1175 vero,
1788 1113 1934 1182 quod

357 1199 654 1255 multorum
689 1209 905 1270 patrum
935 1216 1184 1256 summus
1217 1203 1289 1258 sit
1317 1203 1641 1274 appellatus.
1687 1212 1743 1260 et
1785 1204 1934 1274 quod

357 1291 406 1346 ei
439 1292 709 1348 creditum
729 1293 896 1349 fuerit
919 1294 1087 1366 ligare
1107 1305 1164 1350 et
1185 1295 1419 1361 solvere,
1446 1296 1786 1366 quaecun’que
1804 1308 1936 1352 sunt

355 1381 577 1437 vinculo
614 1376 779 1454 digna
809 1390 866 1440 et
903 1385 1198 1450 solutione,
1226 1385 1442 1442 abunde
1471 1390 1758 1458 expressit.
1795 1387 1930 1444 Cum

357 1472 702 1530 Prmcursore
731 1477 1126 1548 convenienter
1171 1477 1392 1548 quidem
1442 1477 1516 1544 ei,
1569 1477 1662 1549 qui
1696 1479 1766 1535 ab
1816 1479 1935 1551 ipso

357 1565 462 1619 fuit
489 1563 800 1635 praedictus,
833 1575 890 1622 et
933 1567 1070 1623 dixit
1095 1569 1358 1640 majorem
1401 1565 1618 1626 Joanne
1663 1582 1774 1624 non
1809 1583 1934 1626 sur-

2031 567 2340 623 debitorum
2371 565 2568 620 animae
2589 562 2938 619 solutionem.

2103 659 2192 714 46.
2221 652 2424 713 Mosem
2454 665 2636 712 autem
2660 653 2930 726 expressit
2961 653 3014 706 in
3041 667 3128 716 eo,
3159 651 3304 723 quod
3330 661 3479 708 esset
3509 652 3616 707 mia

2033 749 2124 814 tis,
2156 755 2212 804 et
2241 749 2299 802 in
2321 747 2536 803 nullum
2567 744 2869 820 ostenderit
2903 743 3194 814 veStlgium
3225 741 3340 796 odii
3365 751 3422 796 et
3450 742 3617 802 male-

2033 841 2306 906 volentia,
2343 837 2558 896 etiamsi
2587 837 2780 894 furiosi
2809 845 2866 894 et
2899 835 3168 902 malevoli,
3199 833 3380 890 Patris
3405 833 3615 890 Tarasii

2033 923 2249 988 dicendi
2283 931 2612 996 libertatem,
2641 945 2762 1000 quae
2804 931 2872 984 ad
2920 926 3295 998 insipientium
3332 927 3617 997 spectabat

2033 1023 2456 1088 correctionem,
2483 1023 2618 1077 iram
2647 1031 2703 1078 et
2727 1021 2912 1077 odium
2938 1035 3060 1076 esse
3088 1020 3229 1074 male
3255 1019 3612 1086 conjecerint.

2033 1112 2282 1170 Gustavit
2311 1113 2432 1170 Jobi
2463 1113 2812 1178 tentationes,
2850 1109 3070 1166 etiamsi
3099 1126 3207 1164 non
3249 1109 3305 1163 in
3355 1109 3519 1164 rebus
3542 1109 3616 1164 si-

2035 1204 2278 1262 milibus.
2302 1203 2440 1262 Cum
2463 1203 2632 1260 Iacob
2653 1211 2714 1258 ut
2737 1201 2923 1274 gratiae
2945 1199 3208 1263 Israelita,
3233 1209 3288 1254 et
3311 1200 3615 1270 appellatus

2033 1303 2214 1356 mens,
2243 1305 2366 1361 quae
2389 1289 2562 1345 Deum
2588 1287 2831 1354 videbat,
2865 1287 3028 1342 simul
3061 1295 3326 1357 purgatus
3371 1283 3614 1340 sanctiﬁ-

2035 1388 2192 1436 catur
2246 1379 2430 1436 anima
2473 1389 2532 1438 et
2558 1379 2911 1452 cogitatione.
2945 1377 3119 1435 Simul
3157 1391 3282 1432 cum
3328 1375 3480 1432 lsaac
3513 1375 3616 1432 fuit

2033 1472 2140 1528 ﬁde
2161 1472 2550 1538 sanctiﬁcatus,
2581 1471 2794 1528 etiamsi
2822 1485 2933 1526 non
2963 1486 2992 1526 a
3023 1477 3201 1542 patre,
3249 1467 3346 1524 sed
3373 1467 3492 1538 ipse
3521 1482 3616 1524 cor
3707 1511 3712 1516 .

2035 1579 2196 1620 suum
2223 1565 2280 1620 in
2316 1565 2696 1620 holocaustum
2724 1561 3006 1620 offerens:
3037 1575 3274 1632 cumque
3309 1560 3502 1616 fuisset
3534 1559 3614 1614 vi-

352 1657 562 1712 rexisse
613 1656 760 1712 inter
790 1666 948 1714 natos
981 1659 1272 1715 mulierum
1305 1659 1524 1732 (Matth.
1551 1677 1630 1726 χι,
1671 1660 1790 1732 ll),
1816 1677 1932 1718 non
2035 1657 2198 1713 ctima
2249 1665 2307 1713 et
2361 1657 2660 1722 sacriﬁcus,
2706 1657 2761 1711 in
2812 1653 3039 1711 odorem
3084 1653 3371 1710 suavitatis
3419 1653 3616 1708 obtulit

353 1747 762 1802 audendumest
775 1763 902 1804 eum
931 1749 988 1803 in
1021 1751 1206 1806 multis
1229 1749 1500 1816 conferre,
1532 1751 1638 1808 nisi
1665 1753 1840 1808 solum
1873 1754 1930 1808 in
1965 1809 2007 1820 _
2035 1749 2466 1820 pulcherrimum
2516 1747 2628 1804 Deo
2655 1745 3002 1803 sacriﬁcium.
3033 1745 3169 1800 Cum
3216 1743 3513 1808 Abraham,
3548 1759 3615 1799 eo

353 1838 465 1892 acri
502 1847 558 1893 et
608 1839 896 1910 prtefracta
921 1840 1177 1922 libertate
1205 1809 1666 1912 reprehendendi,
1702 1845 1930 1915 zeloque
1963 1809 2010 1868 Β
2035 1809 2179 1912 quod
2214 1839 2383 1896 fuerit
2433 1847 2590 1911 pater
2637 1837 2898 1910 spiritalis
2944 1837 3237 1892 multarum
3290 1836 3530 1892 tribuum
3561 1845 3616 1892 et

353 1927 446 1997 qui
478 1929 702 2000 reprimi
745 1943 858 1985 non
889 1937 1127 2002 poterat,
1158 1929 1534 1988 aﬁirmandum
1559 1943 1772 1989 estnon
1805 1947 1934 2006 pro-
2035 1931 2382 2002 populorum,
2423 1939 2480 1987 et
2523 1930 2840 1994 crediderit,
2889 1937 2946 1985 et
2979 1927 3052 1994 ei,
3082 1927 3175 1998 qu‘i
3219 1941 3344 1983 eum
3385 1925 3612 1990 fecerat,

352 2019 441 2073 cui
500 2019 745 2076 abfuisse
785 2021 1093 2077 Tarasium.
2035 2039 2172 2097 pure
2201 2023 2475 2089 servierit,
2497 2023 2804 2080 divinarum
2831 2021 3258 2094 promissionum
3280 2019 3512 2074 fructum
3532 2030 3617 2074 cst

421 2111 513 2166 45.
563 2111 634 2168 Ut
683 2119 868 2168 autem
901 2127 1026 2168 eum
1064 2123 1282 2184 quoque
1326 2113 1510 2170 videas
1547 2115 1744 2170 merito
1777 2118 1932 2186 sequi
2035 2123 2384 2172 consecutus.
2409 2113 2516 2170 Sed
2546 2114 2674 2185 quid
2702 2114 2822 2184 eius
2842 2112 3109 2168 virtutum
3131 2109 3438 2167 transmitte
3465 2125 3615 2166 mare

351 2216 470 2268 eos,
495 2205 590 2272 qui
628 2201 934 2258 ﬂoruerunt
962 2213 1089 2258 ante
1119 2204 1382 2273 gratiam,
1428 2204 1560 2260 hinc
1601 2207 1762 2260 scies.
1794 2203 1932 2260 Cum
2033 2205 2408 2262 Atlanticum?
2435 2205 2784 2276 imponamus
2817 2217 2947 2274 ergo
2979 2202 3142 2258 rebus
3181 2199 3613 2268 conclusionem,

349 2295 614 2349 divinitus
641 2303 955 2351 motocuitu
981 2295 1369 2370 prophetarum
1392 2293 1932 2366 conspiravitdivino
2033 2305 2090 2352 et
2123 2313 2190 2353 ex
2242 2297 2508 2368 prommio
2563 2295 2726 2352 linem
2766 2293 3084 2354 eﬁlciamus.
3129 2299 3185 2349 et
3225 2307 3298 2348 ne
3343 2293 3615 2362 promisso

349 2386 552 2456 spiritu
599 2385 898 2456 inspiratus
927 2401 942 2436 :
971 2386 1416 2456 quandoquidem
1462 2386 1541 2441 illi
1575 2387 1795 2456 quidem
1834 2397 1932 2458 po-

352 2477 502 2548 pulo,
533 2478 624 2546 qui
653 2477 792 2533 duce
814 2475 964 2533 Mose
996 2490 1097 2548 per
1121 2489 1276 2532 mare
1320 2477 1566 2533 Rubrum
1597 2491 1774 2548 nuper
1810 2477 1932 2534 fue-

349 2577 436 2624 rat
475 2584 506 2624 a
539 2569 676 2624 dura
705 2568 974 2624 servitute
1005 2569 1288 2634 liberatus.
1321 2578 1378 2624 et
1422 2569 1494 2624 ab
1535 2569 1730 2625 insane
1776 2568 1926 2626 cultu

351 2659 622 2716 idolorum
658 2660 1054 2716 admirabiliter
1083 2661 1397 2726 transierat,
1431 2665 1554 2732 post
1587 2662 1832 2718 divinum
1859 2662 1928 2718 il-

350 2751 463 2805 lum
511 2749 607 2806 Dei
637 2747 1150 2822 contemplatorem,
1182 2752 1448 2808 salutares
1499 2748 1691 2823 portus
1728 2752 1928 2810 divini-

352 2849 442 2896 tus
459 2841 776 2905 adfuerunt,
807 2841 1110 2912 prophetia:
1139 2852 1370 2898 ancoras
1395 2843 1720 2911 relaxantes,
1749 2856 1806 2902 et
1832 2863 1928 2902 va-

349 2932 475 2988 lidis
505 2933 728 3002 pietatis
755 2933 1037 3004 alligantes
1060 2933 1402 2998 rudentibus,
1434 2941 1491 2990 et
1515 2934 1650 2990 citra
1683 2933 1925 2995 errorem

351 3023 686 3081 deducentes
713 3025 782 3080 ad
837 3033 1035 3095 terram
1065 3023 1174 3092 .‘Dei
1209 3025 1554 3098 cognitionis.
1602 3027 1702 3083 Hic
1745 3037 1928 3086 autem

351 3116 673 3208 Ecclesiam,
709 3131 833 3186 quin
870 3127 981 3170 nen
1007 3119 1168 3172 secus
1196 3131 1260 3173 ac
1289 3119 1480 3190 cymba
1507 3121 1564 3174 in
1591 3120 1727 3175 mari
1757 3118 1929 3192 agita-
1954 3149 1998 3208 ο

352 3210 512 3264 batur
540 3207 816 3273 ﬂuctibus,
850 3215 907 3263 et
930 3208 1186 3264 veniebat
1218 3208 1274 3263 in
1308 3209 1636 3280 periculum.
1673 3223 1746 3266 ne
1775 3212 1927 3266 iace-

350 3307 433 3354 ret
455 3299 725 3370 iacturam
756 3311 970 3364 eorum,
999 3311 1139 3369 quos
1173 3298 1426 3366 vehebat,
1463 3309 1750 3372 propterea
1779 3304 1922 3372 quod

349 3389 568 3444 deesset
591 3389 800 3460 peritus
831 3391 1186 3461 gubernator,
1213 3390 1308 3458 qui
1338 3377 1620 3446 resisteret
1647 3390 1923 3452 ﬂuctibus.

349 3497 498 3538 sana:
531 3481 656 3538 ﬁdei
688 3483 843 3537 clavo
877 3496 1094 3553 regens,
1141 3483 1200 3536 in
1229 3489 1392 3550 portu
1419 3481 1650 3537 collocat
1679 3499 1694 3535 :
1721 3491 1778 3538 et
1807 3493 1924 3546 eos,

348 3573 443 3644 qui
471 3582 632 3628 erant
669 3573 727 3627 in
754 3587 838 3638 ea,
872 3581 1244 3634 conservatos,
1273 3571 1466 3627 idolica
1489 3581 1548 3628 et
1571 3585 1731 3636 vana,
1761 3573 1924 3642 quam

348 3665 408 3719 in
435 3665 618 3735 lingua
643 3664 922 3719 habebant
945 3663 1212 3719 adversus
1231 3676 1416 3720 sacras
1441 3664 1726 3736 imagines,
1747 3665 1923 3720 ablata

348 3755 632 3826 opinione,
659 3755 1013 3826 synodalibus
1037 3756 1390 3826 paternisque
1415 3763 1469 3810 et
1499 3755 1666 3811 rectis
1691 3755 1926 3812 circum-

351 3849 574 3904 vallavit
615 3847 873 3904 decretis.
931 3847 1068 3902 Cum
1117 3856 1470 3902 sacrosancto
1513 3856 1698 3902 autem
1750 3849 1926 3918 psalte

353 3939 522 3994 David
552 3934 831 3994 concurrit
869 3938 926 3992 in
986 3937 1320 3999 innocentia,
1351 3947 1408 3992 et
1444 3953 1568 3993 cum
1597 3952 1665 3992 eo
1696 3937 1925 4008 diligens

347 4033 606 4086 decorem
646 4029 844 4086 domus
875 4029 1114 4094 Domini,
1147 4045 1260 4084 non
1293 4030 1442 4086 dedit
1468 4044 1720 4084 somnum
1751 4030 1925 4085 oculis
1948 4083 1961 4095 ,

348 4133 406 4180 et
427 4123 702 4194 palpebris
725 4122 1194 4184 dormitationem,
1215 4131 1272 4178 et
1295 4123 1540 4193 requiem
1563 4123 1921 4194 temporibus,

348 4213 526 4268 donec
552 4213 797 4284 seipsum
847 4213 1126 4284 exemplar
1155 4213 1386 4268 Domino
1413 4219 1470 4270 et
1510 4213 1922 4269 tabernaculum

349 4305 463 4360 Deo
487 4303 676 4372 Jacob,
725 4305 868 4362 sicut
908 4305 1018 4371 ille,
1067 4305 1336 4361 exhibuit.
1385 4307 1514 4362 Zeio
1568 4314 1750 4360 motus
1797 4323 1920 4364 cum

348 4389 606 4459 Phineas,
634 4396 882 4452 haeresim
909 4407 967 4452 et
998 4397 1118 4468 ejus
1161 4405 1434 4454 amatores
1477 4407 1737 4470 tanquam
1781 4413 1924 4456 verte

2031 2402 2146 2442 non
2175 2397 2327 2446 Stare,
2353 2399 2666 2459 arguamur,
2697 2386 2822 2458 plus
2850 2400 3014 2456 quam
3049 2401 3147 2455 par
3199 2385 3271 2440 sit
3307 2385 3615 2455 producen-

2033 2487 2116 2534 tes
2143 2479 2467 2536 orationem.

2645 2565 2872 2626 CAPUT
2910 2567 3002 2624 XI.

2066 2658 2251 2718 Sancti
2277 2657 2484 2718 Tarasii
2509 2667 2765 2728 senectus,
2795 2661 3024 2728 morbus,
3045 2661 3235 2726 obitus,
3259 2660 3554 2730 sepultura.

2081 2745 2192 2810 '47.
2229 2753 2356 2810 Post
2379 2753 2613 2825 plurima
2652 2751 2798 2809 enim
2836 2752 3158 2817 certamina,
3185 2759 3242 2806 et
3274 2746 3610 2821 profundum

2029 2843 2294 2900 doctrinae
2343 2843 2638 2910 infinitum,
2669 2850 2727 2898 et
2757 2841 2883 2898 vita:
2920 2842 3167 2896 honestae
3194 2839 3508 2910 puritatem,
3555 2848 3612 2893 et

2028 2950 2173 2991 verre
2201 2935 2326 2990 ﬁdei
2359 2933 2781 2999 confessionem,
2811 2941 2868 2988 et
2912 2933 3126 2988 ratione
3174 2930 3390 3002 przediti
3432 2933 3616 3003 gregis

2027 3027 2096 3082 ad
2137 3042 2222 3092 ea,
2255 3041 2378 3096 quae
2426 3036 2557 3082 sunt
2583 3025 2963 3096 praestantiora
2997 3035 3054 3080 et
3080 3023 3284 3090 divina,
3320 3025 3442 3093 ejus
3489 3038 3612 3078 mo-

2031 3117 2160 3172 uitis
2188 3117 2595 3181 deductionem,
2637 3125 2695 3172 et
2723 3117 2780 3172 in
2813 3117 3022 3172 alendis
3051 3116 3384 3186 pauperibus
3421 3117 3611 3186 cepio-

2031 3221 2147 3262 sam
2176 3208 2694 3278 suppeditationem,
2725 3219 2781 3263 et
2799 3209 3074 3263 assiduam
3097 3208 3300 3263 sanctis
3324 3209 3488 3264 rebus
3513 3209 3611 3264 da-

2032 3307 2138 3351 tam
2170 3313 2415 3366 operam,
2443 3297 2572 3352 etin
2599 3297 2855 3368 pastorali
2881 3313 3112 3352 munere
3132 3297 3446 3352 diuturnam
3489 3313 3610 3352 lno-

2027 3401 2146 3442 ram
2175 3388 2382 3458 (viginti
2439 3388 2586 3442 enim
2615 3398 2673 3442 et
2717 3391 2856 3444 duos
2879 3389 2991 3459 (65)
3029 3403 3206 3444 annos
3240 3387 3610 3460 pontificalem

2026 3479 2305 3552 decoravit
2350 3479 2718 3550 cathedram),
2751 3480 3012 3550 ingruens
3069 3483 3295 3537 morbus
3349 3491 3404 3537 et
3456 3483 3611 3538 valde

2027 3586 2246 3642 gravem
2279 3571 2330 3626 ei
2352 3572 2598 3626 dolorem
2631 3571 2889 3639 aﬁ‘erens,
2916 3587 3025 3628 non
3057 3575 3350 3643 persuasit,
3381 3585 3443 3630 ut
3471 3575 3610 3630 obli-

2029 3664 2333 3720 visceretur
2361 3665 2612 3734 perpetui
2648 3671 2708 3720 et
2736 3664 2910 3720 divini
2938 3664 3121 3720 cilicii.
3170 3665 3306 3720 Nam
3337 3675 3394 3722 et
3417 3668 3609 3722 morbo

2027 3764 2083 3813 et
2106 3757 2260 3813 senio
2281 3757 2554 3822 laborans,
2575 3771 2921 3828 nequaquam
2940 3758 3248 3814 satiabatur
3275 3762 3606 3816 sacrosancti

2027 3848 2267 3920 mysterii
2299 3849 2687 3913 celebratione,
2723 3850 2817 3905 sed
2867 3850 3086 3904 intenso
3122 3850 3190 3905 ad
3219 3851 3389 3906 Deum
3419 3866 3608 3906 amore

2025 3941 2244 4006 ardens,
2273 3949 2330 3994 et
2357 3939 2532 3994 morbi
2578 3939 2785 3994 nullam
2808 3940 3016 3994 ducens
3047 3942 3336 4007 rationem,
3387 3952 3606 4011 pectore

2026 4031 2271 4087 innitens
2304 4045 2507 4087 menste
2539 4031 2750 4100 ligneae,
2779 4046 2901 4101 quae
2943 4031 3252 4102 ponebatur
3303 4044 3428 4088 ante
3457 4048 3604 4088 aram

2025 4120 2286 4185 divinam,
2315 4129 2504 4176 sancta
2533 4121 2848 4192 peragebat.
2873 4120 2918 4178 0
2950 4121 3114 4178 fidem
3137 4131 3195 4177 et
3219 4123 3521 4192 sapientem
3550 4125 3604 4178 in

2025 4212 2190 4267 rebus
2216 4212 2421 4268 divinis
2449 4212 2819 4284 diligentiam!
2853 4213 3319 4272 ointerminatutn
3347 4215 3400 4269 in
3435 4214 3605 4270 Deum

2023 4320 2264 4361 amorem
2289 4307 2302 4360 l
2331 4305 2449 4360 Non
2474 4307 2622 4362 enim
2646 4321 2834 4362 curam
2853 4307 3076 4378 gerebat
3098 4307 3363 4378 corporis,
3393 4317 3452 4362 ut
3478 4323 3603 4362 cum

2024 4412 2207 4453 rerum
2264 4397 2572 4453 divinarum
2610 4413 2736 4453 eum
2787 4399 3022 4468 cepisset
3065 4398 3310 4461 satietas,
3351 4401 3606 4469 mysteria
3685 4465 3692 4470 .

347 4486 725 4542 fornicationis
761 4489 1166 4544 introducteres
1210 4498 1267 4544 et
1311 4489 1620 4560 dugmatum
1657 4491 1922 4548 adulteri-
1957 4492 2000 4548 ο
2027 4490 2210 4545 divina
2242 4489 2689 4560 interrumperet,
2731 4491 2828 4547 sed
2878 4489 3156 4546 laboribus
3196 4490 3601 4554 corroboratus,

345 4592 546 4632 norum
575 4579 871 4650 genitores,
895 4581 1157 4637 confodit.
1188 4581 1418 4636 Aarouis
1440 4586 1716 4653 superavit
1744 4599 1925 4641 sacen-

345 4669 581 4724 dotium.
611 4669 732 4725 Non
761 4671 904 4726 enim
949 4673 1313 4729 tintinnabula
1350 4683 1406 4731 et
1440 4675 1582 4731 mala
1619 4677 1839 4748 punica,
1871 4687 1926 4734 et

344 4759 556 4828 lapides
579 4761 818 4829 pectoris
845 4771 904 4814 et
934 4763 1418 4832 superhumeralis,
1445 4777 1624 4837 neque
1657 4769 1837 4831 mitra,
1869 4778 1924 4823 et

342 4849 562 4915 cidaris,
591 4857 648 4904 et
671 4849 880 4918 talaria,
905 4860 959 4907 et
1001 4853 1118 4907 auri
1163 4854 1382 4924 lamina,
1425 4857 1572 4914 hunc
1601 4859 1740 4914 sicut
1771 4860 1920 4914 illum

343 4939 636 4996 amiciebat
687 4942 796 4996 ritu
847 4943 1168 5012 sacerdotis,
1223 4961 1400 5016 neque
1452 4949 1775 5005 sacriﬁcium
1824 4965 1922 5020 per

343 5031 669 5101 sanguinem
699 5039 978 5088 taurorum
1023 5043 1082 5090 et
1126 5035 1426 5103 hircorum,
1457 5041 1578 5108 ejus
1629 5049 1683 5095 et
1737 5039 1918 5112 pepuli

339 5120 598 5189 expiabat
625 5119 1005 5190 ignorantias:
1043 5123 1138 5178 sed
1169 5125 1485 5181 moderatus
1523 5128 1757 5183 amictus
1794 5147 1917 5186 cum

341 5210 537 5280 spiritu
590 5213 948 5282 paupertatis,
979 5228 1104 5270 eum
1158 5214 1419 5271 reddebat
1453 5217 1819 5286 splendidum,
1863 5232 1920 5276 et

339 5300 499 5372 legali
535 5302 856 5358 bolocausto
882 5315 1041 5360 erant
1073 5306 1392 5372 sacratiora,
1429 5324 1551 5378 quae
1581 5311 1651 5365 ab
1685 5326 1752 5366 eo
1778 5313 1918 5368 oﬂ‘e-

341 5391 604 5444 rebantur
635 5409 649 5445 :
678 5399 742 5446 ut
777 5393 872 5462 qui
914 5409 1136 5466 agnum,
1167 5397 1260 5466 qui
1307 5397 1444 5453 tollit
1481 5381 1672 5454 mundi
1723 5417 1916 5470 pecca-

2026 4591 2226 4636 etcum
2259 4580 2424 4636 Paulo
2451 4582 2733 4637 clamans:
2764 4583 2899 4638 Cum
2939 4573 3205 4648 infirmor,
3243 4591 3376 4638 tunc
3409 4592 3603 4652 potens
3705 4630 3710 4635 .

2027 4688 2149 4728 sum
2181 4671 2270 4744 (ΙΙ
2298 4672 2421 4729 Cor.
2451 4689 2548 4740 xu,
2573 4675 2684 4746 10),
2715 4675 2916 4730 acriter
2949 4673 3174 4730 vacabat
3201 4674 3387 4729 divino
3409 4675 3600 4729 cultui.

2095 4765 2183 4818 48.
2228 4765 2458 4820 lnvaluit
2487 4780 2616 4835 ergo
2643 4765 2887 4829 morbus,
2921 4773 2976 4821 et
3012 4779 3138 4820 eum
3167 4765 3234 4820 de
3258 4775 3458 4821 cmtero
3483 4782 3604 4821 ces-

2023 4871 2146 4912 sare
2191 4856 2400 4914 faciens
2451 4873 2483 4913 a
2533 4858 2844 4914 divinorum
2896 4859 3236 4928 operatione,
3291 4859 3340 4912 ei
3393 4860 3605 4928 paravit

2023 4949 2224 5003 lectum
2255 4949 2610 5014 infirmitatis,
2639 4951 2785 5020 quod
2819 4950 3024 5005 utinam
3059 4963 3170 5007 non
3202 4950 3426 5006 fecisset
3473 4959 3602 5006 ante

2021 5044 2212 5097 oculos
2237 5057 2446 5106 eorum,
2477 5043 2571 5112 qui
2598 5058 2724 5098 eum
2747 5059 3026 5114 nunquam
3050 5044 3104 5098 in
3129 5043 3272 5099 lecto
3298 5058 3634 5113 conspexe-.

2020 5141 2164 5188 rant.
2201 5132 2374 5199 Tunc,
2411 5143 2542 5190 tunc
2567 5136 2628 5206 fit
2669 5135 2990 5192 miraculum
3015 5152 3216 5192 novum
3243 5147 3300 5192 et
3339 5137 3600 5202 terribile,

2019 5227 2162 5294 quod
2210 5239 2332 5287 nos,
2361 5225 2456 5295 qui
2510 5226 2821 5292 aderamus,
2857 5227 3220 5282 admiratione
3274 5229 3515 5298 implevit
3544 5241 3602 5284 et

2017 5316 2236 5380 timore,
2266 5317 2518 5372 videntes
2543 5332 2670 5372 eum
2696 5319 2861 5374 veluti
2897 5319 2949 5372 in
2981 5321 3150 5374 extasi
3180 5360 3194 5384 ,
3219 5330 3275 5374 et
3302 5321 3595 5373 luctantem

2017 5422 2140 5460 cum
2197 5408 2545 5474 adversariis,
2595 5411 2686 5480 qui
2731 5423 2843 5465 nun
2895 5412 3100 5466 cadunt
3155 5414 3259 5465 sub
3287 5424 3591 5478 aspectum.

343 5491 484 5575 tum,
513 5483 792 5575 Christum
821 5487 1156 5543 sacrificaret
1181 5489 1348 5544 sacris
1392 5489 1826 5549 invocationibus
1859 5505 1917 5550 et
2013 5499 2136 5554 Non
2175 5501 2319 5555 enim
2389 5503 2651 5559 adversus
2714 5520 2934 5561 carnem
2991 5516 3050 5560 et
3099 5503 3415 5575 sanguinem
3477 5513 3596 5560 erat

341 5569 582 5627 fidelium
613 5573 964 5658 distribuerat
985 5579 1262 5646 manibus,
1293 5588 1350 5634 et
1371 5595 1563 5639 omnes
1598 5597 1914 5657 aspergeret
2014 5590 2062 5644 ei
2094 5600 2396 5654 certamen,
2452 5593 2546 5648 sed
2581 5593 2845 5649 adversus
2895 5569 3254 5663 principatus,
3330 5592 3594 5647 adversus

413 5747 530 5818 (6³5)
570 5747 684 5804 Non
712 5753 1030 5819 completos,
1061 5763 1117 5808 ut
1144 5770 1307 5824 supra
1347 5757 1577 5814 ditium.

657 5868 924 5928 Parnm.
971 5873 1088 5931 Gn.
1140 5873 1412 5934 XCVIII.

3185 5890 3263 5948 1ιό
