4090 6286
515 325 676 393 ,ιςιθ

1597 330 1654 387 S.
1695 328 2004 388 TARASII
2043 329 2548 390 PATRHRCIIE
2583 329 2690 398 ΕΡ.

3621 327 3781 394 44Ξῦ

534 449 856 509 ,,.,u:states,
888 439 1148 492 adversus
1206 437 1463 507 spiritalia
1508 435 2015 505 nequilize.(ls‘plies.
2042 449 2116 500 vi,
2148 457 2191 511 Α
2222 437 2525 503 obtinebat,
2575 438 2770 504 Patris,
2799 442 3070 507 laminam
3124 439 3216 508 qui
3259 433 3526 496 contineri
3577 458 3774 511 r-f‘s‘scl,

538 534 651 597 1:2.)
704 532 983 600 Tanquam
1031 531 1176 584 enim
1225 531 1389 584 verba
1443 529 1650 584 faciens
1672 543 1796 582 eum
1821 528 2113 598 aliquibus,

536 626 625 694 qui
652 639 776 676 eum
811 623 1210 687 examinabant,
1239 631 1294 675 et
1331 633 1467 675 actae
1501 621 1623 676 vitae
1651 619 1918 673 rationem
1955 619 2024 673 ab
2053 633 2120 673 eo

536 717 842 787 exigebant,
881 715 954 769 ita
1009 730 1226 768 causam
1271 729 1430 768 suam
1483 713 1696 784 agebat.
1747 711 2118 778 Quamobrem

511 808 722 861 -lnttllis
748 807 1034 860 videbatur
1053 821 1176 860 esse
1200 819 1326 858 reus
1345 804 1604 868 debendi,
1635 811 1690 857 et
1713 803 1980 858 rationem
2005 802 2122 858 red-

536 903 666 953 dere
698 898 1020 960 eaactionis,
1065 905 1181 950 erat
1205 910 1338 948 vero
1363 895 1569 964 justum
1601 893 1866 963 judicium
1895 893 2120 962 superni

527 993 722 1046 auxilii
765 1007 984 1045 onmem
1048 989 1172 1043 vita:
1229 988 1498 1042 maculam
1558 987 1763 1051 eluere,
1815 994 1872 1040 et
1908 985 2119 1039 nullum

537 1089 684 1140 illinc
729 1087 872 1139 ferre
911 1082 1173 1137 delictum
1220 1099 1233 1135 :
1269 1079 1531 1150 appellari
1567 1087 1749 1132 autem
1782 1075 1919 1131 lucis
1961 1075 2124 1146 parti-

535 1179 732 1248 eipem,
765 1186 819 1230 et
852 1175 1013 1236 simul
1064 1169 1218 1229 obire
1249 1171 1564 1226 etelestibus
1607 1168 1851 1224 materia:
1889 1167 2124 1236 experti-

535 1271 637 1324 bus
666 1267 1049 1338 potrstatibus.
1098 1263 1234 1320 Nam
1265 1262 1505 1333 quandiu
1536 1261 1756 1331 quidem
1799 1259 1990 1313 habuit
2021 1258 2124 1312 Iin-

533 1377 693 1430 gnam
735 1360 822 1418 iis,
859 1357 951 1424 qui
979 1349 1297 1418 audiebant,
1331 1369 1490 1410 sensa
1513 1365 1703 1422 aperte
1735 1350 2121 1421 explicantem,

535 1449 714 1508 verbis
741 1446 1142 1505 resistebat,.ct
1173 1451 1420 1512 prompta
1447 1442 1611 1497 dabat
1643 1455 1904 1512 responsa
1937 1440 2005 1494 ad
2056 1456 2120 1495 ea

515 1557 653 1608 qum
682 1537 1098 1608 objiciebantur,
1125 1535 1316 1590 dicens
1341 1548 1400 1588 se
1423 1533 1625 1588 nullius
1649 1548 1838 1586 eorum
1865 1547 1986 1587 esse
2017 1531 2121 1586 sibi

516 1631 836 1696 -r~onseium,
869 1643 1103 1700 quorum
1133 1643 1259 1682 eum
1293 1641 1564 1681 accusare
1581 1627 1888 1680 voluerant.
1911 1623 1956 1680 Ο
1987 1624 2122 1679 nulli

533 1725 705 1790 culpa!
735 1723 948 1776 affinem
975 1737 1098 1775 eum
1132 1705 1243 1773 lico
1265 1719 1710 1790 conjunctionein
1738 1719 1750 1771 !
1779 1716 1896 1771 Non
1927 1727 2122 1786 potuc-

2221 525 2453 596 cupiens
2499 528 2794 598 prohibere
2845 528 3177 592 decessum.
3254 530 3504 602 lacrymis
3559 533 3780 598 ftedata,

2221 617 2526 687 acerbeque
2555 634 2681 674 eum
2709 635 2977 676 revocans
3005 629 3060 677 et
3079 623 3434 692 amplectens,
3455 633 3511 680 et
3539 635 3783 695 tanquam

2219 724 2342 777 qua:
2395 711 2688 766 multorum
2740 712 3011 768 bonorum
3069 725 3350 782 pateretur
3398 717 3780 786 amissionem,

2221 797 2449 866 perinde
2484 807 2650 868 atque
2679 799 2832 864 rivis,
2867 801 3147 871 rigabatur
3176 804 3452 876 lacrymis.
3749 805 3756 810 ’

2293 888 2380 944 5|.
2415 889 2674 946 Ecclesia:
2719 902 2902 947 autem
2939 893 3126 949 laatitia
3164 897 3400 952 deflebat
3448 899 3782 957 utilissimum

2223 994 2385 1034 suum
2421 990 2860 1049 procuratorem,
2888 985 3206 1054 agricolam,
3238 987 3620 1057 plantatorem,
3647 1005 3780 1058 eum,

2220 1071 2315 1140 qni
2353 1071 2504 1125 omni
2539 1073 2680 1126 aetati
2723 1073 3128 1130 incrementum
3162 1077 3388 1132 dederat
3420 1080 3488 1134 ad
3519 1079 3781 1148 virtutem,

2221 1163 2316 1231 qui
2361 1163 2498 1218 nulli
2544 1165 2772 1220 macula:
2817 1167 3120 1244 obnoxium
3147 1181 3500 1229 conservarat
3545 1173 3785 1228 sacerdo-

2226 1253 2381 1318 tium,
2415 1253 2506 1323 qui
2539 1269 2760 1310 omnem
2795 1273 2984 1328 rugam
3032 1259 3188 1314 male
3227 1260 3503 1330 opinionis
3543 1277 3575 1315 a
3603 1262 3784 1316 divinis

2222 1346 2380 1399 atriis
2409 1347 2765 1413 absterserat,
2806 1349 2898 1418 qui
2945 1365 3046 1420 pro
3081 1351 3310 1408 veritate
3339 1359 3644 1414 sermones.
3681 1365 3786 1408 tan-

2223 1453 2386 1505 quam
2419 1439 2690 1508 pretiosos
2721 1440 2952 1510 lapides,
3003 1441 3056 1496 in
3095 1440 3354 1497 Ecclesiae
3385 1443 3656 1498 inﬂixerat
3681 1444 3788 1498 dia-

2221 1530 2460 1593 demate,
2499 1529 2591 1598 qui
2623 1539 2742 1585 erat
2786 1530 3138 1602 incorruptus
3165 1533 3418 1598 antistes,
3457 1537 3554 1602 qui
3587 1535 3654 1587 ad
3685 1549 3788 1589 ma-

2223 1638 2398 1677 nuum
2439 1623 2846 1695 impositionem
2893 1627 3056 1681 donis
3099 1627 3242 1682 allici
3287 1641 3398 1681 non
3442 1636 3678 1697 poterat,
3706 1629 3788 1697 qui

2227 1715 2560 1771 Simoniacze
2593 1717 2784 1790 magia:
2817 1734 3013 1774 aurum
3053 1721 3425 1778 adulterinum
3452 1739 3582 1780 esse
3615 1735 3790 1779 osten-

538 1826 668 1872 runt
701 1815 921 1884 maligni
943 1813 1145 1867 inimici
1174 1829 1300 1866 eum
1332 1811 1412 1865 vel
1441 1826 1607 1880 parva
1635 1811 1688 1863 in
1721 1827 1778 1862 re
1807 1810 2112 1879 deprellen.
2149 1809 2190 1864 Β
2219 1809 2394 1875 derat,
2431 1809 2523 1879 qui
2565 1823 2682 1865 erat
2725 1813 3098 1882 apostolorum
3148 1829 3436 1871 successor
3480 1817 3540 1872 in
3570 1817 3786 1882 virtute,

535 1909 666 1960 dere
685 1905 1001 1967 obnoxium,
1035 1900 1546 1972 vellabominandis
1594 1900 1710 1952 suis
1747 1899 2045 1954 sceleribus
2071 1897 2122 1950 ei

537 1997 738 2065 aliquid
767 1991 1026 2066 affingcre
1052 2034 1067 2058 ,
1102 1993 1196 2048 sed
1232 2008 1325 2048 eos
1353 1991 1560 2061 redegit
1585 1990 1652 2044 ad
1680 2005 1899 2044 onmem
1935 1988 2122 2043 consi-

535 2089 590 2141 lii
624 2086 886 2157 inopiam,
913 2100 1013 2155 per
1039 2083 1351 2156 generalem
1387 2091 1443 2138 et
1485 2080 1784 2136 terribilem
1828 2078 2122 2134 inliciatio-

537 2198 682 2244 nem,
721 2187 902 2234 ut'ncc
931 2178 984 2232 in
1033 2193 1159 2232 eum
1189 2175 1412 2252 quidem
1448 2182 1672 2245 possent
1701 2171 1864 2225 ullam
1900 2185 2122 2227 causam

535 2275 591 2326 in
622 2271 1080 2342 speeiemdcere
1115 2267 1478 2338 probabilem.
1511 2265 1741 2332 Quando
1783 2271 1968 2317 autem
2021 2262 2126 2314 lin-

521 2383 656 2435 gua:
685 2363 1440 2433 obtorpuitinstrumentum,
1479 2373 1582 2413 nec
1610 2373 1670 2413 se
1700 2356 1884 2412 verbis
1910 2363 2124 2426 poterat

537 2449 858 2521 «lelenderc,
904 2455 1077 2521 labro,
1108 2463 1165 2509 et
1207 2468 1394 2518 manu,
1427 2461 1484 2506 et
1517 2460 1658 2506 nutu
1694 2465 1794 2506 eos
1821 2447 2124 2512 evertebat,

518 2562 592 2606 et
621 2565 728 2604 non
757 2547 1009 2603 cessabat
1039 2560 1134 2602 eos
1156 2543 1472 2614 expellere.
1516 2541 1815 2596 Videbatur
1843 2537 1993 2594 enim
2024 2551 2127 2592 no-

540 2644 624 2699 bis
645 2652 905 2712 tanquam
950 2642 1007 2696 in
1057 2637 1312 2694 inimicos
1347 2635 1602 2691 ferociter
1647 2617 1906 2695 fremere,
1941 2638 1999 2686 et
2021 2643 2126 2685 eos

523 2751 664 2790 eum
695 2735 772 2788 ira
817 2733 1103 2803 repellere,
1157 2729 1335 2784 donec
1385 2741 1578 2782 sensus
1603 2733 1891 2795 creperum
1932 2719 2125 2777 conni-

539 2845 690 2883 γεγε.

611 2943 702 2997 49.
723 2939 877 2996 Tunc
894 2938 1042 2995 enim
1061 2933 1510 3007 tranquillissime
1539 2931 1758 2995 habitu,
1779 2916 2128 3000 vespertinas

543 3031 731 3087 laudes
777 3031 1094 3085 celebrante
1143 3027 1414 3092 Ecclesia,
1459 3033 1516 3080 et
1539 3023 1813 3078 clamante
1850 3015 2124 3082 :lnclina,

546 3126 798 3190 Homine,
833 3134 890 3176 et
923 3119 1118 3175 exaudi
1147 3134 1256 3184 me,
1292 3119 1410 3189 ipse
1440 3117 1732 3187 pelliceum
1779 3114 1928 3168 hunc
1974 3111 2128 3166 exuit

544 3217 808 3271 amictum
839 3231 852 3266 :
884 3220 942 3267 et
975 3207 1185 3266 relictis
1221 3209 1458 3264 vinculis
1487 3207 1726 3274 carneis,
1767 3204 1921 3260 venit
1940 3202 2006 3256 ad
2036 3201 2124 3254 lu-

543 3312 758 3364 minosa
800 3306 943 3362 atria
1005 3301 1334 3368 cmlestium,
1385 3310 1443 3356 et
1497 3299 1710 3354 habitat
1757 3297 1813 3350 in
1861 3291 2125 3350 ineﬂ'abili

545 3403 752 3462 Lrtitia,
776 3413 897 3468 quae
925 3395 1231 3466 percipitur
1249 3391 1635 3463 intelligentia,
1671 3405 1738 3444 ex
1767 3403 1852 3454 ea,
1885 3402 2008 3456 quat
2036 3385 2125 3440 hic

544 3505 648 3558 est,
683 3491 1037 3562 improbitate
1067 3487 1122 3541 in
1154 3485 1340 3542 anima
1367 3484 1582 3539 nullum
1610 3483 1826 3552 signum
1860 3479 2122 3534 inferens.

545 3585 680 3638 Nam
713 3597 837 3638 cum
888 3579 979 3634 hic
1025 3587 1235 3650 ageret,
1295 3573 1593 3630 virtutibus
1641 3581 1818 3626 morte
1865 3569 2126 3624 aﬂecerat

529 3676 776 3732 mortale
822 3675 928 3729 boc
969 3667 1409 3733 tabernaculum,
1441 3665 1821 3722 erubescebat
1860 3663 2008 3718 enim
2037 3661 2126 3715 di-

545 3774 807 3829 midia'ex
839 3778 997 3842 parte
1027 3775 1277 3822 naturam
1320 3763 1524 3818 habere
1573 3755 1940 3814 immortalem
1986 3751 2124 3824 (64).

546 3868 795 3921 Mortuus
827 3874 1012 3918 tamen
1042 3869 1149 3924 est,
1191 3858 1450 3914 existimo
1491 3861 1679 3908 autem
1714 3849 1878 3906 simul
1908 3860 2127 3918 quoque

545 3976 668 4011 rum
717 3972 784 4012 eo
827 3957 1056 4009 virtutes
1095 3965 1218 4006 esse
1269 3957 1539 4007 mortuas,
1592 3943 1698 3998 nisi
1745 3942 1885 3995 forte
1933 3939 2124 4001 fallor,

546 4046 743 4117 insigni
779 4044 1005 4099 audacia
1036 4055 1295 4110 magnum
1327 4037 1456 4107 quid
1486 4043 1542 4090 et
1569 4032 1810 4088 terribile
1839 4031 2123 4099 eloquens.

617 4139 708 4192 5t).
747 4136 1013 4192 Universa
1047 4149 1182 4187 vero
1216 4130 1434 4193 civitas,
1470 4122 1854 4182 ineonSolabili
1891 4123 2044 4176 luctu
2072 4127 2128 4174 et

537 4229 799 4302 «lacrymis
824 4242 950 4282 eum
971 4240 1094 4280 lnon
1122 4223 1380 4280 cessabat
1413 4219 1638 4283 deﬂere,
1678 4227 1934 4284 tanquam
1965 4227 2127 4267 suum

535 4335 835 4392 1atroiunn
871 4331 927 4375 et
957 4320 1332 4375 defensorem.
1363 4315 1470 4380 Qui
1514 4323 1698 4368 autem
1735 4310 1967 4366 ﬁdeliter
1999 4317 2130 4363 tunc

539 4426 764 4486 sceptra
825 4411 1244 4466 :nlministrabat
1275 4408 1360 4478 (is
1399 4421 1530 4461 vero
1556 4413 1674 4460 erat
1697 4404 1811 4474 (65)
1852 4401 2128 4471 Nicepho-

2221 1899 2316 1970 qui
2365 1901 2687 1957 considebat
2718 1914 2774 1958 et
2821 1906 3257 1960 eonversabatur
3304 1922 3430 1963 eum
3477 1909 3788 1978 patriarebis

2221 1999 2277 2047 et
2291 1992 2564 2060 Patribus,
2584 1994 2818 2064 quicum
2840 1996 3031 2051 electis
3050 1999 3427 2055 consentiebat
3445 2002 3689 2072 synodis,
3703 2004 3787 2072 qui

2223 2085 2406 2140 omnia
2429 2085 2604 2142 factus
2615 2089 2985 2155 estomnibus,
3006 2091 3284 2161 utaliquos
3297 2094 3788 2149 omninosalvosfa-

2222 2184 2371 2231 ceret
2392 2175 2442 2246 (I
2470 2175 2686 2244 Coma,
2725 2177 2846 2248 εξ).
2877 2180 3274 2236 convenienter
3289 2197 3490 2255 magno
3521 2197 3580 2239 et
3619 2186 3789 2240 divino

2223 2269 2498 2338 apostolo.
2542 2269 2932 2327 Monachorum
2943 2282 3141 2328 autem
3150 2283 3328 2330 cretus
3360 2276 3790 2348 religiosissimus

2227 2357 2282 2412 in
2312 2374 2465 2425 eum,
2503 2369 2565 2416 ut
2591 2361 2834 2432 probum
2859 2377 3020 2418 suum
3043 2364 3424 2432 excitatorem,
3449 2376 3511 2422 et
3534 2383 3790 2422 summurn

2223 2449 2420 2506 ducem
2463 2453 2548 2508 ad
2598 2453 3009 2521 abstinentiam,
3035 2457 3351 2512 ostendens
3388 2459 3700 2524 tristitiam,
3741 2469 3793 2516 et

2226 2540 2461 2612 hymnos
2490 2551 2794 2598 contexens
2825 2545 3100 2617 lacrymis,
3145 2549 3586 2618 prosequebatur
3608 2551 3673 2606 ad
3703 2569 3792 2621 pa-

2227 2639 2356 2698 tres,
2387 2633 2484 2703 qui
2511 2635 2668 2704 prius
2697 2634 3028 2692 refulserant
3060 2637 3115 2692 in
3148 2639 3570 2706 exercitatione,
3599 2653 3791 2713 patrem

2224 2721 2320 2791 qui
2337 2732 2458 2778 erat
2477 2725 2834 2782 continentia:
2860 2728 3329 2798 propugnaculum
3340 2729 3791 2803 inexpugnabile.

2225 2814 2330 2880 Qui
2364 2825 2525 2872 erant
2555 2817 2734 2889 egeni,
2777 2833 2941 2873 suum
2985 2819 3453 2890 suppeditalorem
3487 2841 3502 2878 :
3533 2825 3626 2893 qui
3649 2823 3791 2885 orbi.

2222 2907 2446 2964 oculum
2477 2910 2611 2978 :qui
2633 2909 2840 2974 claudi,
2859 2911 3056 2980 pedem
3090 2913 3224 2984 :qui
3249 2914 3406 2980 nudi,
3436 2925 3648 2971 vestem
3674 2918 3791 2986 :qui

2227 2999 2504 3070 hospites,
2555 3008 2906 3071 exceptorem
2943 3019 2957 3056 :
2988 3001 3082 3072 qui
3127 3002 3182 3057 in
3228 3003 3492 3070 vinculis,
3538 3006 3794 3060 visitatio-

2228 3103 2354 3143 nem
2391 3107 2404 3143 :
2435 3089 2649 3155 viduae,
2697 3089 3047 3146 defensorem
3093 3107 3107 3145 :
3153 3092 3421 3161 orpliani,
3479 3094 3790 3164 adjutorem.

2227 3179 2420 3236 Omnis
2445 3181 2691 3237 conditio
2719 3190 2776 3237 et
2803 3182 2986 3237 omnis
3009 3190 3144 3236 aetas
3171 3182 3491 3240 confluebat
3517 3185 3684 3240 instar
3705 3185 3798 3238 ilu-

2228 3274 2413 3340 minis,
2449 3274 2650 3330 lectum
2679 3285 2933 3347 tangens,
2965 3285 3021 3330 et
3043 3290 3208 3331 sacro
3237 3276 3332 3332 illo
3360 3278 3677 3348 spectaculo
3699 3277 3796 3331 frui

2227 3368 2320 3439 pie
2346 3370 2712 3425 contendens.
2735 3369 2804 3425 Et
2830 3371 2936 3426 nisi
2967 3370 3264 3442 imperator
3280 3372 3486 3442 .pupuli
3514 3373 3797 3426 tumultum

2228 3470 2285 3517 et
2319 3462 2582 3533 impetum
2613 3463 2838 3518 militari
2887 3478 3054 3518 manu
3097 3463 3209 3519 cito
3235 3465 3620 3536 repressisset,
3651 3465 3796 3518 multi

2229 3555 2515 3614 venissent
2552 3557 2608 3610 in
2657 3556 2852 3611 mortis
2904 3557 3234 3626 perieulum,
3287 3557 3416 3612 dum
3474 3557 3701 3612 trudunt
3747 3565 3798 3610 et

2229 3645 2470 3701 vicissim
2513 3645 2834 3712 truduntur,
2863 3654 2918 3702 et
2955 3647 3230 3703 laudabile
3253 3647 3561 3704 ostendunt
3591 3648 3796 3704 deside-

2231 3739 2372 3794 rium
2398 3738 2452 3792 in
2486 3753 2634 3804 eum,
2668 3740 2764 3810 qui
2791 3739 3236 3796 desiderabatur.

2299 3831 2391 3887 5'1.
2431 3831 2707 3902 Sepelitur
2740 3848 2873 3906 ergo
2898 3834 3332 3906 gloriaplenum
3374 3836 3637 3906 inclytum
3682 3849 3794 3889 enr-

2219 3942 2336 3997 pus
2385 3938 2702 3984 sanctorum
2752 3929 2996 3985 virorum
3044 3931 3322 3993 manibus,
3360 3931 3465 4000 qui
3509 3929 3702 3984 lembis
3745 3934 3794 3979 rt

2231 4020 2490 4076 lintribus
2544 4021 2713 4077 latum
2759 4037 2912 4078 mare
2965 4033 3167 4077 terram
3217 4021 3450 4077 solidam
3481 4021 3789 4078 eiecerant.

2230 4111 2362 4165 dum
2399 4112 2699 4167 transirent
2725 4113 2791 4168 ad
2825 4113 3220 4168 monasterium
3265 4113 3334 4167 ab
3377 4127 3448 4167 eo
3483 4111 3788 4167 aediﬁcatum

2233 4207 2289 4260 in
2326 4204 2570 4276 Bosporo
2597 4204 2929 4277 Byzantina,
2981 4206 3038 4258 in
3091 4205 3408 4260 venerando
3455 4205 3655 4274 templo
3681 4217 3788 4256 orn-

2231 4296 2386 4351 nium
2424 4305 2750 4367 martyrum,
2776 4295 2870 4364 qui
2897 4311 3000 4366 pro
3024 4293 3252 4350 Christo
3295 4296 3619 4366 sanguinem
3653 4292 3786 4347 θαυ-

2232 4383 2456 4450 derunt,
2487 4399 2614 4440 cum
2645 4384 2850 4439 mensis
2869 4382 3144 4439 Februar.
3175 4383 3294 4453 (66)
3319 4384 3575 4453 quintum
3599 4389 3786 4438 teneret

551 4473 664 4578 rus}
687 4547 701 4570 ,
722 4521 831 4560 non
867 4503 1119 4559 cessabat
1146 4473 1334 4555 dolore
1359 4497 1616 4554 cruciari.
1653 4494 1953 4549 Procidens
1982 4492 2128 4547 enim
2163 4492 2208 4547 D
2234 4475 2380 4531 diem
2407 4491 2546 4578 ‘cum
2577 4475 2868 4578 (ιυῖηιξιριο
2893 4475 3276 4576 quaternione.
3307 4476 3450 4529 Eum
3477 4483 3654 4576 autem
3678 4473 3785 4572 lout

547 4613 715 4670 supra
760 4605 952 4668 pectus
1004 4591 1227 4664 gloriosi
1281 4589 1563 4660 corporis,
1603 4596 1659 4641 et
1707 4585 1884 4656 ipsum
1940 4594 2130 4654 tegens

542 4704 808 4762 purpura,
861 4686 1148 4741 funebrem
1202 4681 1439 4737 iaciebat
1476 4678 1949 4740 lamentationem,
2001 4689 2128 4728 eum

539 4797 752 4837 vocans
786 4789 1081 4851 pastorem,
1110 4774 1356 4839 Patrem,
1406 4772 1623 4842 imperii
1657 4769 1993 4838 adiutorem,
2020 4764 2132 4819 Lu-

543 4875 802 4937 ciferum,
838 4873 930 4942 qui
965 4883 1247 4940 nunquam
1279 4867 1502 4930 occidit,
1546 4863 1685 4934 reip.
1713 4862 1909 4918 ducem
1940 4859 2013 4913 ad
2041 4874 2129 4923 ea,

549 4979 672 5034 quae
703 4972 833 5016 sunt
858 4961 1102 5020 meliora.
1133 4969 1190 5013 ot
1215 4957 1465 5013 divinum
1479 4954 1824 5024 magistrum,
1854 4948 2134 5004 exercitus

508 5092 517 5102 .
552 5053 977 5124 inexpugnabile
1006 5047 1500 5121 propugnaculum,
1543 5043 1890 5098 inimicorum
1934 5055 2032 5097 sua
2066 5039 2135 5093 ad

553 5147 728 5200 Deum
758 5142 1157 5196 intercessione
1198 5149 1484 5193 strenuum
1535 5134 1958 5204 proﬂigatorem.
1995 5129 2135 5196 Quid

553 5233 793 5288 uenioue
827 5245 938 5283 non
967 5229 1196 5291 iaciens,
1241 5225 1373 5296 quid
1413 5239 1524 5280 non
1557 5224 1768 5289 dicens,
1797 5221 1947 5277 orbis
1979 5231 2138 5274 terra:

551 5329 818 5381 damnum
853 5329 1120 5392 reputans
1154 5317 1393 5388 pastoris
1415 5316 1730 5388 iacturam?
1771 5313 1906 5381 Qua:
1951 5321 2136 5367 autem

551 5419 610 5472 in
647 5411 1010 5484 potestatibus
1038 5417 1095 5462 et
1125 5406 1426 5462 honoribus
1459 5404 1758 5460 maximum
1789 5403 2137 5473 splendorem

633 5616 746 5686 (ut;
788 5615 1038 5686 Mortuus
1061 5620 1144 5666 est
1169 5623 1316 5686 anno

634 5678 745 5756 illi}
787 5687 940 5738 lreue
993 5681 1230 5756 fortunis
1270 5683 1550 5756 _oni_nibus
1608 5687 1797 5756 exuta,
1843 5678 2138 5756 imperium

567 5748 788 5826 adeptus
817 5765 895 5810 es!
927 5767 1074 5806 anno
1107 5751 1230 5816 802,
1269 5751 1329 5806 δι
1369 5751 1584 5814 Odoin,
1619 5748 1806 5802 ὶιιιιιρι.
1834 5749 1888 5803 ‘2.
1969 5821 1978 5830 ⁸

2232 4581 2359 4637 gum
2403 4573 2620 4634 tempus
2663 4565 2845 4620 celare
2895 4580 3005 4620 non
3050 4565 3277 4635 poterit,
3326 4575 3413 4620 est
3467 4565 3614 4620 enim
3654 4560 3784 4616 omni

2233 4666 2484 4726 tempore
2523 4655 2811 4710 excelsior.
2837 4653 3042 4710 Natura
3071 4655 3219 4710 enim
3247 4655 3470 4711 virtutis
3506 4671 3614 4710 non
3641 4653 3783 4708 susti-

2225 4757 2328 4802 net
2349 4746 2682 4802 oblivionem
2720 4765 2733 4800 :
2762 4761 2873 4801 non
2898 4747 3025 4802 tabe
3053 4747 3200 4802 eiiim
3226 4747 3446 4802 invidia:
3471 4747 3780 4802 habebatur:

2233 4841 2318 4896 sui
2350 4840 2497 4894 enim
2527 4839 2857 4893 memoriam
2887 4837 3018 4894 facit
3047 4839 3410 4894 immortalem
3456 4839 3654 4894 nostris
3680 4835 3783 4891 ani-

2235 4933 2359 4999 mis,
2390 4942 2450 4987 et
2481 4947 2590 4987 non
2625 4931 2761 4988 sinit
2791 4931 3030 5004 dispergi
3061 4939 3118 4986 et
3151 4931 3258 5002 tegi
3289 4931 3528 4986 silentio.

2831 5042 3061 5100 CAPUT
3099 5043 3218 5099 XII.

2343 5135 2602 5189 Miracula
2631 5138 2702 5188 ad
2734 5135 3030 5205 sepulcrum
3063 5137 3236 5190 sancti
3263 5135 3467 5192 Tarasii
3500 5144 3720 5208 patrata.

2444 5225 2686 5296 Tempus
2711 5233 2792 5280 est
2835 5235 3040 5292 autem,
3075 5227 3252 5292 vobis,
3291 5227 3384 5298 qui
3431 5228 3560 5282 estis
3593 5222 3782 5280 virtutis

2239 5316 2494 5382 studiosi,
2528 5315 2836 5386 exponendi
2877 5330 2966 5370 res
2995 5330 3026 5369 a
3056 5313 3214 5370 Patre
3246 5317 3504 5385 prmelare
3537 5324 3701 5386 gestas
3737 5327 3778 5362 ιιι

2241 5410 2517 5482 sepulcro,
2569 5424 2706 5480 quas
2745 5424 2856 5466 non
2907 5410 3109 5481 poterit
3157 5410 3444 5480 prohibere
3489 5419 3779 5462 monumen-

2245 5607 2428 5734 C.(66)
2471 5608 2519 5660 Is
2559 5608 2674 5662 dies
2720 5622 2786 5662 eo
2817 5623 2961 5660 anno
2990 5605 3182 5660 incidit
3228 5607 3280 5659 in
3328 5603 3516 5658 feriam
3558 5605 3774 5670 quartam

2291 5693 2525 5734 merum.

2291 5693 2525 5734 lﬂCl'lllll.
