4090 6286
444 417 568 484 1421

1967 444 2164 510 VITA.

3569 461 3702 528 1422

449 544 583 586 tum.
632 531 750 588 Non
798 544 884 590 est
929 537 1074 591 enim
1131 534 1274 595 illius
1307 555 1724 602 monumentum
1758 565 1776 602 :
1803 549 1897 604 sed
1935 561 2020 606 est
2046 559 2092 615 Α
2193 553 2426 610 55.1am
2449 572 2580 613 vero
2602 557 2764 614 etiam
2788 559 3052 618 adversus
3078 565 3385 634 haereticos,
3411 579 3696 642 postquam

439 621 531 678 ille
561 633 980 680 monumentum
1011 633 1376 688 monumenti.
1426 635 1578 692 Multi
1613 635 1759 692 enim
1791 639 1856 692 ad
1889 655 2014 694 eum

439 713 729 776 accedunt.
761 725 819 770 et
845 717 1149 775 liberantur
1175 721 1246 779 ab
1271 722 1362 788 iis,
1392 740 1515 795 quas
1543 726 1693 796 ipsos
1719 730 2011 794 vexabant,

437 803 841 862 atl'ectionibus.
871 807 916 864 Ο
946 809 1300 867 miraculum!
1350 816 1516 870 etiam
1553 828 1840 888 postquam
1886 821 2014 876 hinc

439 896 695 962 excessit,
731 911 942 964 eorum,
973 901 1066 968 qui
1108 901 1196 956 hic
1225 913 1376 970 sunt,
1427 923 1614 962 curam
1659 914 1815 979 gerit,
1858 915 2013 966 etab

437 982 526 1051 iis,
563 985 656 1054 qui
702 996 976 1054 quaerunt,
1031 988 1328 1056 invenitur,
1383 1002 1440 1048 et
1487 995 1578 1059 iis,
1635 1000 1729 1068 qui
1768 1001 2004 1069 pulsant,

435 1075 614 1142 aperit
661 1076 862 1131 ostium
898 1079 1223 1137 medicantis
1266 1099 1379 1139 suae
1426 1086 1780 1145 visitationis.
1809 1092 1858 1146 A
1885 1092 2010 1147 diu-

438 1171 602 1217 turno
632 1165 780 1218 enim
809 1169 1093 1237 sanguinis
1124 1170 1406 1240 profluvio
1447 1177 1688 1246 graviter
1734 1183 2007 1248 quondam

431 1252 648 1322 agitatae
675 1255 924 1322 quasdam
959 1259 1316 1325 mulierculae,
1359 1271 1414 1318 et
1445 1277 1676 1334 magnos
1707 1269 2006 1325 subeuntes

431 1340 631 1396 fluctus
658 1350 716 1396 et
752 1353 1126 1415 tempestates,
1159 1366 1284 1404 cum
1313 1352 1370 1407 in
1399 1356 1803 1412 medicamenta
1827 1361 2006 1414 maxi-

429 1447 571 1486 mam
617 1443 828 1502 partem
878 1453 1102 1494 suarum
1141 1441 1464 1499 facultatum
1513 1449 2003 1518 consumpsissem,

429 1535 487 1578 et
535 1539 644 1578 non
699 1528 1012 1596 potuissent
1069 1532 1318 1589 invenire
1365 1536 1492 1590 mali
1537 1541 1999 1608 tranquillitatem,

425 1618 792 1688 evangelicum
803 1621 948 1676 illam
961 1623 1226 1692 profluvio
1241 1629 1524 1698 sanguinis
1535 1631 1870 1686 laborantem
1887 1633 2004 1688 imi-

427 1718 546 1764 tata:
576 1710 860 1768 mulierem
889 1714 1149 1784 (Marem,
1167 1716 1258 1788 25)
1273 1734 1380 1785 prae
1403 1719 1661 1777 laudabili
1686 1723 2002 1793 impruden-

423 1802 496 1857 tia
523 1801 656 1873 (non
696 1804 901 1860 licebat
923 1807 1074 1860 enim
1102 1808 1315 1862 mulieri
1339 1816 1564 1880 tangere
1585 1815 1997 1877 monasterium,

421 1909 546 1949 cum
568 1894 620 1949 id
658 1895 894 1966 inclytus
936 1895 1098 1950 Pater
1135 1899 1262 1953 olim
1305 1901 1996 1969 constituisset),muliebri
2034 1907 2074 1960 li

419 1993 542 2040 astu
567 1986 769 2056 optime
793 2001 926 2052 usae,
946 1987 1086 2041 virili
1110 1999 1263 2044 veste
1283 1999 1528 2062 tegentes
1551 1993 1812 2062 pudorem
1838 1993 1994 2050 femi-

416 2091 606 2143 neum,
657 2086 712 2132 et
768 2094 880 2148 prae
913 2094 974 2136 se
1031 2081 1272 2136 ferentes
1316 2084 1556 2152 speciem
1585 2087 1989 2152 cunuchorum,

417 2165 556 2219 clam
611 2165 937 2238 confugiunt
993 2171 1062 2224 ad
1105 2171 1336 2242 egregii
1395 2173 1558 2244 hujus
1611 2175 1993 2244 gubernatoris

415 2269 660 2324 capsam,
707 2272 828 2326 qua:
867 2259 1040 2314 nullis
1069 2261 1304 2331 agitatur
1347 2262 1608 2321 ﬂuctibus
1638 2282 1654 2319 :
1685 2276 1742 2322 ct
1768 2284 1896 2324 cum
1924 2286 1991 2324 ex

415 2343 687 2416 lampade,
717 2363 836 2416 quae
863 2348 919 2403 in
947 2365 1012 2404 ea
1039 2351 1209 2419 lucet,
1237 2354 1420 2410 oleum
1459 2356 1794 2421 hausissent,
1835 2361 1989 2416 citis-

415 2435 553 2491 sime
593 2439 876 2507 appellunt
905 2439 958 2494 in
1005 2450 1225 2511 portum
1269 2447 1592 2503 curationis.
1636 2448 1782 2516 Quin
1821 2451 1986 2506 etiam

412 2527 500 2582 vir
533 2527 775 2598 quidam,
825 2530 914 2584 cui
951 2532 1088 2586 alter
1133 2549 1203 2590 ex
1233 2538 1410 2592 oculis
1455 2538 1596 2594 lema
1643 2544 1982 2606 caecutieb’at,

411 2637 539 2677 cum
578 2622 778 2678 fuisset
837 2641 1008 2696 prope
1048 2627 1290 2684 divinam
1341 2632 1592 2698 thecam,
1639 2643 1696 2690 et
1732 2637 1984 2693 salutaris

409 2712 690 2770 unctionis
725 2715 928 2771 auxilio
960 2727 1109 2772 esset
1141 2734 1294 2787 usus,
1340 2721 1540 2778 lemam
1567 2739 1680 2779 non
1709 2725 1784 2782 ita
1809 2729 1982 2784 multo

411 2813 536 2873 post
561 2804 719 2868 eluit,
749 2815 804 2860 et
845 2821 876 2860 a
919 2807 1032 2863 Deo
1061 2809 1240 2866 visum
1268 2823 1456 2881 aperte
1485 2815 1710 2886 recepit.
1743 2816 1981 2874 Alterius

408 2907 628 2962 quoque
675 2909 893 2962 manus,
943 2912 1063 2966 qua:
1111 2900 1397 2956 allatrahat
1440 2906 1676 2973 corpori,
1719 2914 1776 2961 et
1817 2907 1980 2980 longo

409 2994 654 3055 tempore
681 2997 958 3043 manserat
981 2989 1036 3042 in
1067 2991 1288 3046 assiduo
1326 3003 1478 3048 motu
1508 2998 1827 3065 operatione
1848 3001 1975 3054 mali

407 3077 694 3144 daemonis,
727 3079 840 3133 sola
873 3080 1216 3138 invocatione
1253 3088 1586 3142 sacrosancti
1625 3091 1890 3160 corporis,
1921 3103 1977 3147 et

407 3169 670 3224 unctione
722 3169 828 3224 olei
884 3171 1029 3226 illius
1076 3174 1279 3242 thecre,
1329 3192 1449 3246 quae
1496 3179 1626 3232 facit
1677 3183 1970 3248 miracula,

406 3261 618 3316 etiamsi
647 3263 836 3332 procul
863 3264 1100 3328 abesset,
1137 3281 1382 3337 repressa
1421 3277 1506 3324 est
1547 3287 1742 3328 manus
1788 3276 1856 3331 ab
1885 3277 1972 3332 illa
2003 3257 2044 3310 ί)

403 3349 578 3416 rabie,
611 3352 916 3407 etreddita
956 3354 1058 3409 fuit
1089 3370 1218 3410 sana
1249 3357 1390 3412 sicut
1427 3361 1620 3416 altera.

477 3441 570 3496 54.
599 3441 785 3498 Multis
813 3459 1031 3514 quoque
1058 3447 1199 3522 aliis,
1239 3449 1332 3518 qui
1367 3451 1707 3506 vexabantur
1742 3469 1774 3508 a
1815 3455 1972 3510 malis

403 3533 710 3603 spiritibus,
741 3535 998 3590 inventus
1028 3538 1132 3592 fuit
1175 3549 1328 3608 pater
1367 3527 1635 3598 medicus.
1679 3543 1745 3598 Et
1771 3546 1972 3601 daemo-

401 3639 534 3682 num
575 3623 802 3692 quidem
843 3626 1052 3695 expulit
1081 3630 1430 3697 Operationes
1459 3649 1472 3686 :
1507 3648 1603 3688 eos
1645 3642 1850 3700 autem,
1875 3637 1968 3706 qui

402 3723 673 3769 tormenta
725 3717 1098 3785 sustinebant,
1153 3721 1405 3778 allevavit
1433 3726 1717 3784 voluntate
1763 3739 1820 3784 et
1865 3745 1970 3800 ope

399 3802 828 3872 Omnipotentis.
860 3806 1006 3872 Quin
1027 3808 1191 3863 etiam
1217 3811 1500 3879 quosdam,
1531 3816 1623 3884 qui
1652 3817 1722 3872 ab
1743 3818 1967 3874 adversa

397 3903 666 3966 potestate
711 3899 946 3966 spectris
976 3898 1195 3955 fuerant
1223 3903 1608 3974 obstupefacti,
1641 3917 1697 3975 et
1719 3910 1810 3980 qui
1841 3925 1966 3964 sur-

397 3986 497 4042 dos
526 3996 582 4042 et
614 3975 797 4042 mutos
825 4004 922 4044 eos
952 3991 1235 4056 reddebat,
1277 4001 1550 4066 torporem
1595 3975 1966 4058 sustinuerant

395 4087 452 4134 et
473 4079 672 4135 deinde
697 4079 763 4136 ad
799 4081 967 4137 divini
1009 4083 1111 4139 viri
1139 4087 1447 4154 sepulcrum
1493 4089 1598 4146 ﬁde
1627 4103 1960 4161 manserant,

393 4184 491 4240 per
525 4171 713 4226 utilem
771 4181 826 4227 et
865 4175 1158 4230 salutarem
1205 4176 1439 4232 lucentis
1475 4179 1578 4235 olei
1607 4183 1919 4238 unctionem
1942 4223 1960 4250 ,

395 4263 537 4318 Deus
567 4264 826 4330 visitavit,
857 4267 1177 4326 et'liberatis
1207 4287 1238 4326 a
1267 4272 1466 4342 spectri
1494 4275 1780 4347 vertigine,
1811 4277 1963 4334 dedit

389 4361 449 4406 ut
473 4349 661 4409 auditu
693 4371 882 4412 rursus
907 4367 962 4414 et
989 4359 1173 4432 lingua
1206 4378 1339 4419 sane
1363 4375 1616 4436 agerent,
1643 4385 1766 4438 quae
1797 4371 1865 4425 ad
1895 4387 1959 4426 ea

386 4441 685 4511 pertinent.
715 4442 861 4510 Quin
892 4447 1058 4503 etiam
1101 4465 1223 4520 qure
1265 4452 1334 4507 ab
1366 4453 1792 4512 inflammatione
1831 4474 1954 4530 gra-

385 4535 524 4587 viter
549 4535 959 4602 cruciabantur,
1011 4547 1066 4594 et
1093 4541 1468 4600 laborantibus
1502 4546 1717 4602 dolores
1757 4549 1953 4605 affere-

383 4623 517 4678 hant
557 4623 952 4692 intolerabiles,
987 4628 1173 4686 divina
1221 4633 1566 4692 invocatione
1606 4639 1714 4694 olei
1755 4641 1947 4707 thecae,

380 4710 528 4781 quod
582 4717 776 4784 purgat
833 4729 898 4771 ac
959 4719 1218 4788 mundat,
1265 4733 1514 4801 assecuta
1569 4736 1700 4783 sunt
1748 4729 1950 4786 doloris

379 4803 784 4863 relaxationem.

446 5027 562 5108 (67)_
593 5027 896 5108 Nicephoro
920 5031 1244 5108 imperatore
1266 5052 1412 5108 anno
1443 5038 1567 5105 8H,
1587 5037 1714 5096 Julii
1747 5043 1836 5108 25,
1861 5045 1946 5100 ln-

373 5097 504 5153 dict.
533 5097 881 5180 ﬁerstincto,
908 5097 1306 5180 postregimen
1335 5097 1609 5180 Staurac'ii
1639 5097 1941 5180 paucorum

373 5167 666 5248 mensium,
697 5167 960 5248 successit
989 5167 1216 5248 Michael
1245 5175 1624 5248 Curupalates,
1642 5167 1702 5234 ’2
1739 5167 1933 5239 octob.

374 5237 674 5320 imperator
693 5240 980 5304 salutatus,
1019 5257 1130 5312 quo
1165 5237 1452 5316 imperium
1477 5237 1834 5318 relinquente
1851 5237 1942 5336 ca-

367 5315 594 5428 pfs'sltgltt
623 5304 735 5364 Leo
761 5312 1032 5367 Armentis
1057 5327 1204 5369 anno
1233 5317 1340 5369 815
1362 5355 1380 5384 ,
1406 5315 1524 5372 ind.
1551 5317 1606 5386 6,
1640 5321 1740 5378 fer.
1765 5323 1824 5387 2,
1851 5327 1940 5379 dte

1362 5355 1380 5384 ρ
1406 5355 1524 5372 ...νο
1552 5355 1606 5386 ν,
1640 5355 1740 5378 Ιῐὶις
1768 5355 1824 5387 8)

413 5377 426 5426 1
471 5374 579 5428 Jul.

439 5443 551 5528 (es)
593 5445 792 5528 Sancto
844 5447 1150 5528 Nicephoro
1196 5453 1509 5528 patriarcha
1559 5459 1740 5528 pulso,
1785 5461 1932 5518 Con-

365 5513 908 5598 sta'ntinopoltta‘num
956 5513 1162 5598 creavit
1197 5513 1516 5598 3antistitem
1561 5513 1932 5598 Theodotum,

365 5594 477 5666 quo
503 5596 634 5666 usus
657 5584 943 5666 hortatore
967 5589 1021 5641 in
1044 5604 1231 5646 sacras
1251 5591 1521 5666 imagines
1549 5608 1604 5654 et
1633 5584 1934 5660 monachos

365 5651 627 5705 atrociter
655 5651 953 5710 bacchatus
981 5667 1085 5712 est.

437 5717 549 5796 (69)
568 5716 847 5796 gedrenns
877 5740 890 5775 :
921 5742 941 5774 ‹
959 5722 1318 5796 Perturbabat
1340 5743 1394 5788 et
1423 5735 1526 5788 alia
1550 5738 1690 5792 haud
1721 5741 1932 5796 modice

366 5786 536 5854 visio,
567 5788 852 5844 Tarasium
882 5786 1277 5864 patriarcham'
1303 5786 1542 5858 nobilem
1569 5786 1927 5879 'iiiii..'."ji}iii

2117 645 2251 700 hinc
2281 649 2630 717 excessisset,
2675 653 2918 710 divinum
2947 657 3122 712 zelum
3153 659 3412 716 ardenter
3434 666 3690 721 ostendit.

2119 739 2234 808 (67)
2275 739 2384 794 Leo
2430 742 2574 796 enim
2618 745 2798 800 adhuc
2843 747 3208 818 imperatoria:
3255 753 3440 823 gloriae
3481 767 3692 828 sceptra

2115 832 2544 896 administrans.
2592 847 2648 891 ct
2701 837 2810 906 (68)
2888 841 3373 900 lconomachorum
3439 849 3690 904 ltmrcsim

2115 921 2326 976 nefarie
2375 926 2746 994 amplectens,
2802 946 2924 984 cum
2977 933 3025 986 ei
3071 937 3536 1009 appropinquaret
3566 941 3690 996 vita:

2089 1009 2256 1076 ‘finis,
2291 1029 2400 1082 quo
2431 1026 2550 1070 erat
2578 1020 2755 1088 gladio
2793 1021 3094 1086 feriendus,
3139 1035 3197 1080 ut
3225 1027 3338 1096 ipse
3381 1031 3560 1084 adhuc
3597 1049 3686 1086 su-

2111 1114 2322 1173 perstes
2381 1121 2480 1162 sua
2535 1124 2668 1164 voce
2727 1111 3062 1180 declaravit,
3121 1115 3233 1184 (69)
3288 1119 3422 1174 vidit
3465 1122 3684 1176 beatum

2111 1195 2396 1252 Tarasium
2431 1199 2484 1252 in
2512 1202 2721 1255 somnis
2742 1202 2809 1257 ad
2833 1219 2959 1259 eum
2989 1207 3276 1275 accedere,
3303 1220 3362 1266 et
3383 1227 3506 1266 cum
3534 1216 3685 1284 gravi

2109 1287 2188 1342 ira
2209 1289 2406 1359 jubere
2427 1291 2665 1357 cuidam,
2694 1293 2806 1364 (70)
2837 1295 3085 1352 Michaeli
3131 1303 3374 1368 nomine,
3407 1313 3464 1358 ut
3494 1322 3680 1360 ensem

2109 1380 2162 1433 in
2194 1382 2626 1452 eum=adigeret.
2681 1385 2774 1440 Ille
2807 1403 2940 1443 vero
2971 1389 3144 1457 jussui
3208 1408 3414 1448 morem
3462 1414 3679 1467 gert-ns,

2106 1470 2285 1540 gladio
2343 1475 2607 1544 transegit
2659 1477 3066 1546 imperatorem.
3138 1481 3274 1538 llinc
3334 1495 3515 1541 autem
3571 1487 3680 1541 Leo

2106 1557 2312 1616 multus
2343 1561 2396 1616 in
2433 1563 2538 1619 hoc
2576 1565 2698 1628 fuit,
2734 1583 2862 1623 eum
2889 1571 2979 1640 qui
3017 1572 3072 1625 in
3109 1576 3318 1631 somnis
3345 1576 3522 1648 ipsum
3550 1597 3679 1636 sau-

2103 1650 2365 1719 ciaverat,
2401 1650 2720 1710 Michaelem
2795 1661 3022 1714 omnino
3078 1677 3284 1720 conans
3323 1665 3571 1722 invenire
3619 1670 3674 1725 in

2103 1741 2276 1795 sancti
2325 1745 2680 1798 monasterio.
2727 1746 3090 1812 Quamobrem
3139 1753 3570 1824 cum'quosdam
3607 1776 3674 1815 ex

2101 1829 2192 1892 iis,
2232 1831 2328 1900 qui
2357 1832 2414 1886 in
2467 1833 2586 1902 ipso
2641 1845 2820 1900 erant,
2872 1841 3158 1896 monachis
3205 1845 3273 1898 ad
3315 1861 3373 1900 sc
3413 1845 3674 1916 jussissct

2101 1921 2320 1986 adduci,
2361 1925 2670 1982 carceribus
2707 1936 2764 1982 et
2794 1932 3081 1987 tormentis
3113 1948 3210 1988 eos
3254 1937 3522 2006 subjecit,
3567 1957 3670 1994 no-

2094 2021 2348 2068 cturnum
2384 2014 2503 2083 ejus
2536 2015 2946 2074 interfectorcm
2965 2037 3063 2090 per
3090 2037 3186 2077 eos
3217 2025 3321 2080 sibi
3353 2042 3475 2082 esse
3522 2031 3666 2085 iudi-

2091 2105 2325 2158 candum
2358 2104 2638 2166 fremens:
2671 2125 2830 2178 quem
2865 2112 3050 2177 etiam,
3095 2124 3154 2170 ut
3197 2132 3508 2174 eversorem
3560 2123 3660 2176 im-

2089 2195 2248 2263 perii,
2271 2211 2394 2252 esse
2409 2207 2651 2253 extrema
2681 2215 2992 2269 passurum.
3017 2204 3130 2262 lloc
3147 2209 3293 2262 enim
3316 2209 3367 2265 ei
3390 2216 3660 2281 persuasit

2087 2285 2175 2340 vel
2205 2286 2396 2352 invito,
2435 2289 2584 2360 quod
2622 2291 2828 2348 factmn
2876 2303 3016 2358 erat,
3058 2313 3282 2355 narrare
3323 2305 3609 2359 monachis
3642 2325 3658 2362 :

2086 2390 2116 2430 a
2165 2377 2363 2446 quibus
2402 2383 2528 2434 cum
2579 2397 2681 2437 nos
2724 2399 2942 2454 quoque
2997 2390 3358 2458 miraculum,
3401 2404 3658 2467 tanquam

2086 2475 2360 2522 maturum
2393 2468 2627 2526 fructum
2662 2474 3118 2546 decerpserimus,
3153 2484 3404 2542 venimus
3445 2489 3514 2543 ad
3561 2506 3660 2546 vos

2085 2555 2304 2624 ﬁdeles,
2367 2559 2660 2619 atl'erentes
2734 2575 3001 2624 craterem
3057 2571 3276 2628 la‘titiae.
3332 2576 3450 2632 Non
3506 2581 3654 2636 enim

2082 2649 2421 2716 praeterierat
2445 2661 2659 2724 tempus
2679 2667 2775 2712 Sex
2797 2657 3032 2724 dierum,
3060 2676 3184 2716 cum
3215 2664 3448 2721 Michael
3481 2671 3656 2724 susci-

2079 2737 2162 2808 pit
2209 2749 2426 2812 sceptra
2463 2744 2715 2815 imperii,
2759 2758 2816 2802 et
2864 2763 2988 2804 eum
3037 2753 3318 2823 interﬁcit.
3378 2759 3456 2813 lta
3509 2759 3654 2816 Deus

2080 2830 2243 2886 etiam
2274 2843 2404 2904 post
2435 2845 2684 2893 mortem
2704 2841 2968 2899 clat‘iticat
3011 2860 3140 2901 suos
3173 2847 3406 2906 famulos
3433 2891 3448 2916 ,
3474 2863 3528 2908 et
3557 2869 3656 2913 eos

2079 2921 2244 2991 delet,
2279 2925 2371 2994 qui
2405 2927 2599 2984 nolunt
2627 2929 2804 3000 ipsum
2835 2933 2922 3004 pie
2951 2937 3156 2994 colere.
3239 2919 3250 2932 ’

2147 3014 2236 3068 56.
2266 3012 2374 3071 Sed
2429 3033 2520 3073 me
2559 3028 2772 3092 tempus
2807 3025 3023 3082 deﬁciet
3051 3041 3369 3088 narrantem
3399 3039 3650 3106 praeclari

2075 3114 2130 3159 et
2156 3105 2328 3162 divini
2376 3107 2552 3167 Patris
2593 3129 2785 3184 magna
2823 3117 3105 3186 miracula,
3140 3137 3261 3192 qute
3591 3133 3648 3188 in

2077 3209 2231 3268 prato
2279 3218 2436 3266 rosae,
2491 3206 2690 3275 ubique
2745 3221 3064 3280 nascuntur,
3113 3224 3168 3272 et
3222 3217 3531 3290 hortantur,
3589 3237 3652 3283 ut

2081 3291 2320 3347 feramur
2361 3296 2430 3350 ad
2461 3297 2890 3372 uniuscujusque
2937 3305 3278 3368 electionem.
3309 3313 3422 3371 Nos
3463 3328 3649 3376 autem

2073 3397 2196 3435 cum
2244 3397 2353 3438 non
2407 3385 2702 3444 habeamus
2735 3391 2994 3464 linguam,
3026 3413 3146 3467 quae
3181 3403 3350 3471 possit
3375 3409 3554 3464 metiri
3585 3426 3650 3467 ac

2071 3472 2296 3537 referre,
2331 3490 2670 3547 quaecunque
2717 3497 2748 3535 a
2779 3483 2946 3540 Beato
2994 3487 3136 3544 facta
3175 3503 3304 3549 sunt
3357 3499 3643 3567 miracula,

2071 3559 2334 3616 hactenus
2382 3574 2622 3634 emptum
2661 3569 2926 3626 orationis
2978 3585 3198 3633 cursum
3271 3559 3644 3655 perficientes,

2069 3653 2339 3708 malumus
2383 3655 2449 3709 ad
2493 3657 2774 3714 silentium
2803 3665 3060 3730 transire,
3095 3677 3400 3730 statuentes
3433 3693 3461 3731 a
3493 3653 3644 3749 peri;

2067 3741 2188 3795 culo
2228 3753 2494 3800 remotam
2536 3749 2780 3818 requiem
2811 3752 2937 3824 plus
2975 3756 3112 3814 lucri
3152 3761 3368 3829 afferre,
3401 3779 3562 3837 quam
3595 3775 3640 3828 si

2066 3830 2348 3888 vincamur
2396 3850 2520 3898 cum
2570 3839 2835 3919 periculo.
2883 3843 3123 3918 Prompti
3173 3853 3318 3907 enim
3352 3865 3407 3910 et
3443 3859 3642 3929 alacris

2035 3920 2230 3999 animi
2265 3917 2643 3984 insatiabilitas
2681 3944 2826 4000 stupe
2867 3917 3232 4007 arrogantiam
3277 3945 3412 4000 solet
3440 3919 3640 4004 conci-

2066 4012 2216 4066 liare.
2249 4009 2329 4068 Tu
2364 4026 2492 4071 vero
2529 4007 2836 4077 veneranda
2870 4025 3014 4082 basis
3051 4032 3358 4098 sacerdotii,
3400 4053 3469 4092 ne
3503 4056 3638 4096 mea!

2065 4105 2386 4160 temeritatis
2419 4108 2786 4179 reprehendas
2816 4113 3102 4185 vomitum,
3130 4123 3221 4190 qui
3251 4127 3633 4200 audacissime,

2062 4193 2154 4248 sed
2185 4195 2301 4250 rudi
2331 4205 2387 4251 et
2409 4197 2686 4282 incondito
2713 4217 2984 4272 sermone,
3011 4217 3116 4264 tam
3145 4229 3366 4286 magnas
3403 4223 3631 4280 referam

2061 4281 2400 4344 narrationes
2425 4305 2438 4345 :
2467 4278 2574 4346 sed.
2598 4289 2866 4350 inteusam
2897 4311 3071 4354 meatu
3108 4278 3540 4366 benevolentiam
3569 4331 3633 4370 ac

2060 4373 2219 4430 fidem
2247 4385 2502 4448 tanquam
2545 4397 2768 4450 parvum
2815 4402 3014 4444 munus
3061 4391 3300 4452 oblatum
3351 4411 3630 4470 reputans,

2059 4469 2298 4524 concede
2325 4471 2506 4526 verbis
2540 4470 2738 4542 locum,
2775 4487 2835 4532 ut
2875 4480 3210 4552 accipiantur
3240 4499 3296 4543 et
3323 4469 3626 4560 quiescant.

2055 4549 2175 4610 Non
2213 4557 2358 4612 enim
2383 4561 2672 4617 obliviscar
2701 4563 2952 4622 utilitatis
2998 4579 3105 4627 tum
3139 4575 3190 4628 in
3227 4592 3312 4630 me
3342 4581 3624 4651 doctrinm,

2055 4660 2158 4700 nec
2209 4646 2470 4704 ferventis
2496 4653 2601 4708 mei
2651 4655 2705 4709 iu
2762 4664 2813 4712 te
2851 4661 3138 4720 ministerii
3187 4669 3626 4732 mediocritatis:

2055 4750 2178 4790 cum
2219 4738 2364 4794 illius
2392 4743 2610 4810 quidem
2645 4744 2856 4805 deliciis
2887 4768 2974 4808 me
3006 4758 3348 4830 expleverim
3396 4765 3449 4819 in
3490 4769 3626 4826 ﬂore

2048 4825 2371 4897 juventutis,
2399 4841 2453 4887 et
2481 4849 2510 4887 a
2547 4842 2599 4890 te
2630 4835 2821 4894 fuerim
2855 4825 3104 4902 initiatus
3135 4848 3187 4903 in
3227 4850 3313 4918 iis,
3345 4871 3466 4924 quae
3495 4872 3624 4916 sunt

2050 5048 2253 5137 dudum
2281 5062 2580 5137 mortuum,
2611 5056 2924 5137 Michaelem
2955 5073 3247 5136 quemdam
3289 5079 3616 5137 nominatim

2049 5119 2512 5222 ut.in
2540 5125 2782 5222 νξλιειοιιριιι
2813 5119 3618 5222 ίηιεειύιιι-’βδεῖτείξνίὲίεῖιῖᾆιιὲ

2050 5195 2468 5286 Letusterneret.
2501 5213 2520 5246 ι
2540 5195 2799 5278 zonaras.
2833 5221 2850 5253 ε
2877 5195 2972 5260 Est
2993 5195 3218 5286 etdivus
3247 5195 3617 5286 Térhé'iit'il‘t'e;

2047 5257 2150 5310 hac
2195 5274 2502 5344 aerumnosa
2551 5257 3224 5345 vita_n_uper_transl_atusv,
3258 5257 3612 5345 ’ρῖἱῑῖιῖέἱι”’

2045 5329 2254 5416 somnis
2301 5333 2487 5416 visus2
2515 5336 2620 5414 .qui
2659 5329 2978 5416 Michaelem
3018 5329 3612 5416 diti'tiiéiatiﬂiiéiéimé'l

2043 5404 2400 5482 penetratque
2419 5403 2484 5456 ad
2512 5403 2875 5466 invadendum
2901 5421 2957 5468 et
2985 5403 3609 5482 oc'cideuait‘hn'LESHéB.

2046 5465 2370 5523 hortaretur.
2420 5489 2440 5523 ι

2044 5602 2055 5624 2
2112 5535 2224 5624 (Ῡο)
2266 5537 2739 5624 MichaelBalbus,
2772 5565 2934 5624 quem
2965 5553 3107 5609 laesa!
3133 5557 3428 5624 maiestatis
3451 5577 3606 5619 reum

2043 5611 2096 5695 La
2123 5619 2350 5695 carcere
2398 5611 2673 5695 detinebat
2715 5611 2828 5673 Leo
2867 5621 3160 5695 Armentis,
3211 5611 3395 5695 ipsum
3404 5611 3604 5690 1183i;

2039 5671 2504 5800 3;:ali§2(?omini
2553 5682 2696 5755 inter
2748 5671 3408 5761 a'cri’iji's'ai'iiuéitiiiiit

3687 5261 3716 5321 Χ
