4090 6286
559 401 692 466 1423
1618 401 1677 460 S.
1711 399 2020 460 TARASII
2100 400 2102 405 “

2201 397 2604 463 Tauricam
2666 406 2773 468 cr.
3642 409 3764 484 ttat

553 519 760 588 optima
792 526 848 570 ct
879 514 1324 584 przcstantissima
1361 530 1424 568 cx
1461 513 1742 575 trimetris,
1775 511 2123 576 tctramctris,
2157 517 2201 566 Α
2232 514 2594 578 humilitatem
2625 529 2678 573 et
2701 519 3008 592 inornatam
3031 519 3344 586 dictionem,
3370 539 3440 578 ne
3467 539 3551 578 me
3571 537 3764 588 accuses

532 609 865 670 'trochaicis,
897 618 953 662 et
990 607 1331 676 anapmsticis
1373 622 1436 661 ac
1477 607 1716 671 heroicis
1750 623 1764 660 :
1813 606 1920 661 hoc
1942 614 2122 661 autem

550 701 777 755 obierint
810 700 863 753 in
897 698 1088 764 sacris,
1121 714 1244 768 qua:
1296 714 1325 752 a
1356 707 1407 753 te
1440 697 1707 753 concinne
1749 697 1990 767 quotidie
2025 697 2122 752 ha-

547 794 673 847 bitae
702 801 848 854 sunt,
872 791 1232 858 orationibus,
1263 792 1329 846 ad
1355 791 1656 846 animarum
1684 792 2117 856 aediﬁcationem,

545 895 600 938 et
635 893 985 954 augmentum
1010 883 1283 940 universae
1311 883 1636 938 veneranda:
1655 883 1920 939 Ecclesiae
1946 901 1959 938 :
1986 899 2122 954 quas

545 977 707 1030 celeri
740 976 949 1029 calamo
978 983 1033 1030 et
1062 984 1362 1028 atramento
1385 975 1530 1030 notis
1562 977 1861 1046 excipiens,
1890 986 1946 1032 et
1974 977 2119 1048 opti-

544 1067 648 1121 mis
683 1069 902 1121 tradcns
944 1067 1302 1136 scriptoribus
1327 1067 1562 1122 studium
1603 1067 1850 1130 adhibui,
1883 1077 1944 1123 ut
1986 1069 2119 1124 arti-

543 1161 726 1214 ﬁciose
777 1160 1110 1214 referrentur
1153 1160 1205 1213 in
1229 1159 1506 1216 codicem.
1537 1161 1680 1215 Sunt
1707 1175 1787 1216 ea:
1816 1175 1946 1216 vero
1972 1161 2120 1231 ejus-

541 1255 710 1318 modi,
742 1261 801 1306 ut
831 1268 927 1322 per
949 1267 1042 1308 eas
1061 1253 1316 1307 omnibus
1336 1262 1670 1323 proponatur
1691 1253 1814 1322 pius
1841 1269 2117 1324 purusque

541 1345 720 1398 cultus
753 1359 819 1398 ac
857 1343 990 1398 fides
1031 1361 1043 1396 :
1083 1343 1295 1412 publica
1330 1353 1512 1398 autem
1558 1353 1780 1398 notetur
1820 1345 2115 1414 ignominia

541 1435 810 1490 somnium
853 1434 1234 1490 hmreticorum
1314 1433 1369 1487 Si
1401 1435 1548 1488 enim
1581 1436 1657 1488 tui
1688 1435 2002 1498 obliviscar;
2029 1452 2118 1490 ex-

537 1527 712 1580 cidam
745 1541 776 1580 a
817 1525 910 1579 Dei
943 1524 1198 1579 memoria
1239 1543 1252 1578 :
1282 1533 1336 1579 et
1381 1524 1484 1578 nisi
1518 1524 1593 1578 tui
1633 1524 1956 1590 meminero,
1986 1525 2116 1596 lapi-

537 1618 698 1671 dibus
727 1617 980 1686 projiciar
1053 1616 1104 1669 in
1155 1615 1480 1684 profundum
1553 1634 1565 1668 :
1602 1625 1658 1670 et
1689 1615 1890 1687 lingua,
1938 1625 1998 1671 ut
2029 1616 2114 1671 di-

516 1707 857 1762 'cit-dtvinus
886 1707 1355 1778 Psalmograpbus,
1373 1707 1648 1762 adhazreat
1669 1706 1915 1764 faucibus
1936 1707 2111 1777 (Psal.

525 1815 747 1862 CXXXVI,
775 1798 871 1866 6);
911 1797 1014 1851 hoc
1041 1806 1124 1852 est
1173 1797 1316 1852 enim
1360 1798 1490 1852 mihi
1536 1797 1778 1852 omnium
1806 1799 2110 1854 debitorum

2225 607 2592 679 negligentia.
2626 608 2744 666 Non
2773 610 2921 666 enim
2953 610 3139 666 divino
3165 610 3311 670 Patri
3338 613 3538 684 aliquid
3571 616 3762 687 dignum

2225 699 2529 766 attulimus,
2564 710 2660 756 aut
2685 702 2965 771 potuimus
2993 717 3162 772 prope
3186 705 3446 760 accedere
3477 705 3544 760 ad
3565 707 3764 778 dignita-

2224 799 2335 844 tem
2371 790 2588 855 harum,
2635 806 2757 860 quae
2801 806 2971 861 prope
3013 801 3162 857 sunt,
3194 793 3480 850 virtutum.
3511 794 3613 851 Res
3639 800 3762 856 enim

2219 895 2438 935 omnem
2467 881 2681 936 dicendi
2715 881 3029 950 iacultatem
3058 895 3338 954 superant.
3361 885 3498 941 adeo
3522 885 3580 944 ut
3599 905 3763 948 omnes

2220 973 2535 1029 laudatores
2559 989 2626 1028 ex
2655 989 2815 1044 aequo
2848 989 2958 1029 non
2991 987 3354 1044 assequautur
3379 979 3620 1034 oratione
3637 998 3762 1048 eum,

2218 1068 2312 1138 qui
2345 1067 2448 1137 ipsi
2472 1067 2727 1134 debetur,
2757 1068 3046 1123 honorem.
3065 1067 3182 1138 Ego
3205 1077 3408 1134 autem,
3431 1069 3524 1139 qui
3549 1074 3763 1129 omnium

2216 1159 2534 1231 longissime
2557 1159 2750 1214 absum
2771 1159 2850 1213 vah
2877 1173 2945 1213 eo
2971 1157 3244 1212 laudando
3273 1173 3374 1228 pro
3401 1159 3626 1227 meritis,
3655 1177 3764 1231 pro-

2218 1266 2364 1320 pono
2411 1259 2722 1321 promptam
2773 1257 2829 1304 et
2870 1249 3104 1304 alacrem
3133 1248 3494 1312 voluntatem,
3546 1257 3602 1303 ut
3638 1252 3766 1306 accim

2215 1341 2417 1411 piatur,
2449 1351 2510 1396 ιιι
2545 1339 2640 1410 qui
2665 1349 2724 1394 et
2761 1339 3000 1394 laborem
3037 1337 3254 1393 dicendi
3291 1337 3492 1406 inopia,
3531 1339 3768 1409 senioque

2216 1441 2272 1488 et
2297 1432 2488 1488 morbo
2513 1431 2750 1502 frangar.
2779 1429 2860 1485 'l‘u
2889 1445 3022 1485 vero
3045 1429 3352 1485 mercedem
3380 1443 3445 1484 ac
3471 1445 3765 1506 remunera-

2216 1523 2419 1578 tionem
2449 1538 2480 1577 a
2503 1523 2612 1577 Deo
2643 1522 2942 1592 acceperis,
2971 1522 3410 1584 intercessorem,
3441 1520 3766 1577 defensorem

2205 1624 2269 1670 'et
2294 1623 2782 1685 propugnatorem,
2809 1623 2996 1668 etwa
3015 1613 3134 1682 spei
3163 1613 3600 1683 adimpletorcm,
3624 1629 3767 1683 quem

2213 1721 2282 1762 ex
2305 1707 2418 1761 Deo
2451 1705 2715 1771 dilexisti,
2747 1705 2958 1760 habens
2991 1703 3300 1758 Tarasium.
3342 1701 3449 1769 Qui
3477 1711 3539 1758 et
3577 1704 3688 1758 suis
3711 1705 3771 1759 ad

2212 1797 2384 1854 Deum
2434 1796 2923 1854 intercessionibus
2951 1795 3158 1851 aﬂ'atim
3201 1803 3258 1850 et
3297 1809 3491 1851 secure
3525 1795 3768 1864 praebeat,

534 1861 1012 1958 pretiosissimum,
1045 1890 1120 1944 tui
1159 1905 1376 1960 semper
1403 1889 1606 1945 habere
1632 1890 1689 1945 in
1717 1891 1888 1948 corde
1919 1907 2108 1947 monu-
2140 1861 2184 1917 Β
2210 1905 2332 1961 qum
2360 1897 2492 1946 sunt
2522 1888 2647 1944 usui
2681 1887 2748 1944 ad
2774 1889 2920 1943 hanc
2947 1887 3210 1942 caducam
3241 1885 3431 1954 vitam,
3460 1861 3770 1956 et—przestet.

521 1989 798 2034 mentum.

601 2071 686 2126 57.
725 2070 802 2127 De
831 2082 1028 2127 caetero
1057 2081 1241 2128 autem
1283 2087 1498 2142 aquum
1532 2083 1642 2138 est,
1687 2083 1750 2130 ut
1778 2077 1845 2131 ad
1877 2085 1931 2132 te
1969 2092 2104 2132 con-

530 2169 810 2215 vertamus
853 2161 1178 2228 orationem,
1225 2178 1261 2216 o
1314 2162 1408 2218 Dei
1439 2179 1618 2228 serve,
1647 2165 1977 2237 quicumque
2006 2183 2098 2228 es.

529 2251 624 2318 qui
655 2267 746 2306 me
773 2252 1047 2308 nolentem
1079 2253 1312 2308 incitasti
1356 2255 1424 2310 ad
1467 2257 1569 2310 hoc
1597 2266 1893 2319 certamen,
1927 2267 1984 2313 et
2010 2274 2102 2315 co-

513 2341 686 2412 egisti
739 2343 954 2413 aggredi
1007 2359 1092 2410 eat,
1143 2360 1266 2414 quae
1299 2346 1445 2401 vires
1489 2357 1772 2417 superant.
1809 2349 1931 2406 Tibi
1977 2367 2098 2408 mea

513 2442 750 2504 accepta
785 2436 861 2490 sit
887 2437 1218 2502 obedic-ntia,
1273 2447 1328 2492 ct
1374 2454 1509 2494 mea:
1539 2439 1801 2496 orationis
1829 2443 2100 2512 aspiciens

542 2574 744 2592 ..ι-..υ

541 2594 740 2606 ηομερ*

2195 1991 2266 2038 ut
2289 1990 2396 2037 tuae
2420 1981 2550 2037 vita;
2595 1981 2672 2036 ita
2713 1980 2829 2036 illic
2873 1979 3072 2034 reddas
3111 1978 3402 2042 rationem,
3435 1985 3500 2030 ut
3523 1992 3646 2030 reus
3670 1991 3765 2029 non

2199 2077 2502 2146 peragaris.
2535 2073 2696 2142 Quod
2741 2081 2924 2128 tecum
2973 2072 3134 2127 detur
3182 2069 3439 2125 omnibus
3493 2068 3764 2136 consequi.

2199 2167 2293 2238 qui
2329 2181 2466 2238 pure
2507 2182 2572 2223 ac
2619 2166 2834 2222 sincere
2883 2165 2941 2218 in
2986 2161 3158 2218 Deum
3217 2169 3605 2231 speraverunt,
3657 2159 3769 2226 ejus

2200 2258 2376 2330 gratia
2403 2267 2459 2313 et
2483 2256 2722 2327 copiosis
2755 2254 3228 2317 miserationibus,
3275 2250 3652 2307 intercedente
3693 2250 3768 2303 in-

2202 2357 2471 2406 temerata
2515 2358 2573 2404 et
2609 2357 2766 2404 casta
2817 2346 2912 2402 Dei
2944 2345 3238 2402 'Genitrice
3280 2351 3337 2398 et
3368 2340 3686 2398 caelestibus
3718 2349 3768 2394 et

2203 2445 2458 2500 omnibus
2491 2440 2714 2498 sanctis.
2743 2441 2939 2494 Amen.

742 2581 3698 2622 Μ

1134 2901 1143 2908 .
1243 2736 1364 2850 s.
1453 2739 2021 2858 TABASII
2097 2740 3060 2860 PATRIAR’CHE

1203 2930 2126 3032 APOLOGETICUS
2221 2939 2372 3027 AD
2463 2935 3084 3030 POPULUM.

1557 3083 1784 3154 .(MANI,
1811 3085 2016 3142 Coneil.
2035 3088 2302 3144 cottect.-t.
2329 3088 2448 3155 XII,
2483 3105 2537 3160 p.
2580 3089 2731 3160 985.)

525 3343 896 3412 tipaiogeticus
925 3339 993 3395 ad
1023 3317 1274 3410 populum
1305 3355 1338 3393 a
1361 3324 1664 3392 .‘Taras‘io'a
1705 3340 1918 3394 secretis
1951 3357 2095 3396 com-

2216 3344 2676 3413 Ἆπολογητικὸς
2724 3345 2876 3412 πρὸς
2901 3343 3004 3398 τὸν
3022 3339 3178 3398 λαόν
3197 3337 3592 3412 σχεδιασθεὶς
3617 3333 3777 3407 ἓνινῆ

596 3435 843 3502 peudiose
875 3433 1052 3486 dictus
1079 3431 1166 3484 die
1206 3445 1314 3500 qua
1356 3431 1733 3486 intitnaoerunt
1777 3432 2096 3499 imperantes

599 3525 754 3581 lrene
794 3533 842 3578 et
894 3522 1276 3579 Constantinus
1317 3522 1546 3593 populis,
1583 3533 1641 3578 stt
1665 3523 1825 3592 ﬁeret
1851 3527 2098 3594 patriar-

595 3619 692 3671 clta
718 3631 738 3670 .'
763 3617 854 3686 qui
879 3624 928 3669 et
955 3623 1222 3683 promotus
1243 3623 1321 3668 est
1347 3615 1634 3669 indictione
1659 3625 1866 3678 octava,
1885 3632 2036 3671 anno
2062 3633 2098 3670 α

594 3711 856 3764 creatione
890 3706 1076 3761 mundi
1103 3705 1266 3762 6293.

592 3841 960 3899 Immaculata;
989 3839 1108 3894 tidei
1147 3848 1368 3904 nostrae,
1417 3839 1470 3895 id
1509 3847 1594 3896 est
1629 3839 2093 3905 Christianorum,

518 3933 802 3998 custodes,
833 3941 888 3988 et
915 3947 1102 3986 eorum
1139 3947 1262 4002 quas
1290 3931 1344 3986 in
1377 3933 1605 4002 gloriam
1640 3932 1728 3988 Dei
1759 3933 1896 3988 ﬁunt
1924 3948 2096 3988 a‘muv

525 4033 743 4094 latores,
799 4026 985 4081 tldeles
1017 4027 1372 4095 imperatores
1427 4025 1624 4093 nostri,
1657 4035 1916 4096 tanquam
1944 4041 2092 4103 .om-

521 4123 674 4176 nium
722 4121 777 4174 in
813 4118 1210 4189 bencplacitum
1243 4117 1384 4188 ejus,
1415 4125 1470 4172 ct
1519 4117 1574 4172 in
1614 4119 1960 4174 commodum
1993 4135 2094 4174 no-

527 4223 723 4277 strum,
756 4210 1194 4267 Christianorum
1225 4210 1473 4264 videlicet
1502 4223 1695 4266 curam
1733 4209 2010 4277 facientes,
2041 4221 2096 4267 et

524 4306 767 4360 nntxime
819 4319 967 4360 nunc
1019 4302 1388 4358 ecclesiastica
1441 4302 1657 4376 negotia
1703 4303 1986 4372 diligenter
2037 4314 2093 4360 et

523 4397 753 4453 εηιιίοἰιο
769 4395 1198 4458 considerantes,
1225 4409 1334 4466 quo
1356 4396 1606 4450 summus
1632 4397 1888 4452 sacerdos
1915 4398 1966 4450 in
1991 4397 2093 4452 hac

523 4491 670 4558 regia
707 4487 843 4546 urbe
872 4503 970 4544 sua
1005 4487 1457 4552 constitueretur,
1488 4487 1544 4542 in
1577 4503 1691 4544 suae
1722 4489 1936 4559 pietatis
1968 4491 2090 4544 ani-

524 4596 674 4634 mum
715 4595 804 4635 me
854 4561 1298 4650 assumpserunt,
1354 4587 1408 4634 et
1457 4591 1520 4634 ut
1568 4579 1916 4636 manifestum
1959 4583 2088 4636 mihi

2267 3436 2480 3508 ἡμέρᾳ,
2503 3433 2544 3510 ᾖ
2565 3436 2886 3506 ἐδήλωσαν
2907 3439 2962 3491 οἱ
3001 3437 3444 3502 βασιλεύοντες
3464 3435 3597 3502 τοῖς
3609 3433 3782 3496 λαοῖς

2263 3527 2372 3584 τοῦ
2393 3529 2674 3598 γενέσθαι
2709 3515 3118 3598 ξπατριὰρχην,
3155 3527 3315 3595 παρὰ
3344 3529 3653 3596 Taparrlo-v
3675 3522 3780 3579 τοῦ

2267 3619 2368 3674 καί
2412 3619 2934 3690 πωχειρισθέηος
2995 3621 3084 3685 εις
3144 3617 3485 3673 ὶνιδικτιῶγα
3531 3617 3779 3688 ὀγδόην.

2264 3711 2441 3778 ἔτους
2465 3711 2585 3767 ἀπὸ
2616 3713 2870 3777 κτίσεως
2899 3710 3132 3780 κόσμου
3156 3710 3385 3783 ,ς’σιιγ’.

2266 3847 2328 3900 Oi
2359 3847 2460 3917 τῆς
2489 3846 2791 3918 ἀμωμήτου
2833 3847 2994 3924 ἡμῶν
3033 3847 3270 3910 πίστεως
3290 3845 3396 3899 τῶν
3424 3843 3780 3915 Χριστιανῶν

2195 3935 2460 4006 φύλακες,
2489 3940 2585 3990 καὶ
2609 3935 2850 4007 ζηλωταὶ
2879 3937 2988 3988 τῶν
3015 3937 3096 4001 εἰς
3120 3935 3280 4000 δόξαν
3308 3935 3444 3988 Θεοῦ
3467 3933 3778 4005 γινομένων

2197 4027 2382 4080 πιστοὶ
2445 4027 2686 4098 βασιλεῖς
2751 4027 2930 4099 ήμῶν,
2963 4027 3037 4092 ὡς
3091 4029 3312 4082 πάντων
3348 4026 3432 4088 είς
3473 4025 3780 4097 ἀρέσκειαν

2193 4117 2384 4184 αὐτοῦ,
2417 4107 2512 4172 καὶ
2533 4119 2616 4183 είς
2648 4119 2927 4191 συμφέρον
2970 4118 3128 4190 ἡμῶν
3163 4119 3272 4171 τῶν
3297 4117 3658 4190 Χριστιανῶν
3683 4115 3772 4186 sip

2194 4209 2458 4282 φροντίδα
2491 4210 2829 4280 ποιούμενοι,
2869 4209 3103 4280 μάλιστα
3150 4210 3207 4263 δὲ
3243 4209 3352 4262 τῶν
3373 4209 3773 4280 ἐκκλησιαστιο

2193 4301 2306 4354 κῶν
2344 4301 2440 4356 καὶ
2475 4301 2570 4355 νῦν
2601 4301 2875 4372 ἐπιμελῶς
2921 4301 3488 4373 διαμεριμνήσαντες,
3518 4301 3620 4353 καὶ
3658 4299 3769 4350 δια·

2193 4392 2476 4464 νοηθέντες
2505 4393 2602 4446 τοῦ
2642 4394 2905 4464 ἀρχιερέα
2929 4392 3378 4466 προχειρισθῆναι
3401 4394 3462 4446 ἐν
3495 4390 3678 4462 ταύτῃ
3708 4391 3776 4460 τῇ

2193 4482 2430 4554 βασιλίδι
2457 4484 2636 4541 αὐτῶν
2667 4485 2840 4550 πόλει,
2881 4486 2975 4539 ἐπὶ
3002 4489 3062 4540 τὸ
3093 4483 3294 4556 εὐσεϐῆ
3323 4483 3515 4538 αὐτῶν
3547 4483 3679 4536 νοῦν
3707 4496 3776 4550 με

2191 4576 2470 4638 ἀνέλαϐον,
2507 4577 2602 4630 καὶ
2656 4576 2908 4650 φανερῶς
2965 4595 3056 4646 μοι
3106 4577 3342 4643 ἐξειπεῖν
3386 4575 3450 4628 cs
3480 4573 3777 4646 βεϐουλευ-

525 4668 842 4720 rethlcretur
869 4665 1013 4736 quod
1039 4665 1313 4720 consiliati
1347 4673 1494 4734 sunt,
1533 4679 1924 4740 praeceperunt.
1951 4670 2086 4725 Cum

2201 4667 2360 4738 μένον
2385 4669 2568 4732 αὐτοῖς
2612 4668 2928 4722 ἐκέλευσαν.
2967 4667 3132 4738 Ἐμοῦ
3185 4667 3242 4720 δὲ
3281 4666 3421 4737 πρὸς
3455 4666 3628 4720 τοῦτο
3683 4664 3775 4717 ἁν-

523 4770 624 4826 cgo
655 4755 758 4810 hoc
781 4769 868 4810 me
887 4754 1168 4824 indignum
1193 4752 1856 4828 esse'pronuntiarem,'et
1883 4759 2088 4814 nullam

2201 4758 2339 4826 ἀξιον
2383 4758 2624 4828 ἐμαυτὸν
2653 4754 2793 4813 εἶναι
2847 4758 3295 4830 ἀποφηναμένου,
3326 4758 3423 4811 καὶ
3495 4755 3774 4828 μηδεμίαν

521 4845 1041 4903 condescensionem
1075 4846 1309 4902 facerem
1346 4849 1560 4919 (utpote
1585 4849 1678 4918 qui
1705 4847 1896 4918 jugum
1927 4850 2094 4921 hujus

521 4939 754 4993 sarcina:
791 4947 1010 5004 portare
1040 4947 1095 4994 et
1122 4938 1351 4994 sufferre
1379 4954 1490 4993 non
1524 4943 1788 5008 possem),
1809 4939 2093 5010 jusserunt

522 5041 615 5083 me
643 5025 844 5082 adduci
879 5035 1006 5083 ante
1034 5025 1229 5082 faciem
1277 5035 1536 5095 vestram,
1586 5042 1687 5094 pro
1731 5043 1799 5084 eo
1843 5031 1988 5100 quod
2037 5041 2093 5086 et

525 5118 690 5186 huius
718 5118 930 5173 consilii
985 5118 1280 5188 participes
1311 5117 1488 5174 eﬂecti
1523 5120 1643 5176 sitis
1676 5135 1690 5172 :
1723 5127 1777 5174 ct
1815 5136 1961 5176 nunc
1987 5122 2090 5176 viri

523 5207 818 5264 Dominum
872 5209 1148 5276 timentes,
1203 5219 1256 5263 ct
1305 5225 1430 5265 eum
1466 5227 1680 5280 semper
1731 5213 1784 5267 in
1837 5213 2095 5272 cordibus

519 5301 723 5361 vostris
765 5301 1052 5366 habentes,
1083 5317 1182 5356 vos
1226 5305 1338 5367 aio,
1386 5303 1480 5372 qui
1528 5303 1738 5358 Christi
1783 5305 2091 5367 vocatione,

521 5396 658 5462 veri,
689 5394 940 5449 videlicet
986 5393 1081 5448 Dei
1133 5393 1328 5460 nostri,
1359 5394 1720 5449 nomiuamini
1755 5395 2090 5454 Christiani:

521 5487 707 5542 audite
749 5485 930 5542 brevis
977 5484 1248 5542 sermonis
1275 5484 1343 5540 ab
1371 5485 1670 5557 exiguitate
1695 5501 1759 5540 ac
1788 5486 2095 5543 humilitate

522 5587 708 5632 nostra
752 5579 1038 5634 rationem.
1077 5577 1186 5649 Ego
1237 5575 1458 5646 quidem
1508 5576 1776 5646 quidquid
1824 5577 2089 5655 piissimis

521 5665 944 5735 imperatoribus
971 5667 1177 5724 nostris
1207 5675 1261 5723 et
1288 5681 1386 5736 per
1433 5667 1618 5722 omnia
1647 5668 1972 5723 orthodoxis
2001 5683 2086 5722 re-

523 5756 863 5826 sponderim,
887 5757 1049 5812 etiam
1082 5757 1135 5811 in
1163 5767 1453 5827 conspectu
1485 5767 1666 5812 vestro
1687 5757 1916 5813 ratiOnis
1951 5773 2083 5814 mea!

2191 4851 2589 4920 συγκατάθεσιν
2625 4851 2998 4922 ποιησαμένου
3021 4890 3038 4914 ,
3066 4850 3140 4913 ὼς
3177 4851 3267 4904 τὸν
3307 4847 3475 4918 ζυγὸν
3507 4847 3607 4904 τοῦ
3645 4863 3775 4920 φορ-

2152 5022 2156 5026 μ
2187 4942 2304 4996 τίου
2343 4943 2418 5014 μὴ
2439 4943 2744 5014 δυναμένου
2794 4941 3059 5013 βαστάσαι
3088 4941 3120 5012 ἢ
3159 4942 3511 5010 ὑπενεγκεῖν,
3545 4939 3772 4994 ἐκέλευ-

2191 5035 2291 5088 σάν
2323 5051 2390 5104 με
2431 5035 2745 5105 πρωγάγαι
2775 5033 2918 5088 κατὰ
2949 5033 3242 5104 πρόσωπον
3297 5032 3482 5102 ὑμῶν,
3515 5031 3658 5084 διότι
3681 5029 3771 5081 καὶ

2192 5125 2474 5196 σύμψηφοι
2494 5127 2756 5196 γεγόνατε
2787 5127 2852 5197 τῇ
2872 5124 3034 5195 βουλῇ
3053 5125 3245 5198 ταύτῃ.
3269 5121 3510 5178 Καὶ.νῦν
3535 5118 3660 5190 οὖν,
3683 5121 3772 5175 ἄν-

2189 5214 2312 5286 δρες
2345 5217 2669 5286 φοϐούμενοι
2692 5217 2784 5272 τὸν
2814 5217 2948 5271 Θεὸν
2967 5257 2982 5284 ,
3016 5219 3110 5271 καὶ
3138 5217 3354 5287 ἔχοντες
3386 5215 3564 5272 αὐτὸν
3599 5216 3691 5268 ἀεὶ
3716 5215 3772 5266 ἑν

2189 5309 2310 5370 ταῖς
2333 5308 2584 5376 καρδίαις
2607 5309 2780 5378 ὑμῶν,
2815 5312 2864 5364 oi
2891 5313 2958 5381 τῇ
3001 5308 3238 5381 Χριστοῦ
3270 5308 3466 5380 κλήσει
3497 5307 3602 5362 τοῦ
3638 5305 3771 5374 ἀλνγ

2191 5396 2339 5451 οινοῦ
2392 5399 2528 5453 Θεοῦ
2577 5400 2735 5471 ἡμῶν
2781 5401 3196 5473 ὀνομαζόμενοι,
3225 5401 3556 5473 Χριστιανοὶ
3607 5399 3771 5465 λέγω.

2189 5491 2459 5546 ἀκούσατε
2483 5491 2687 5562 βραχὺν
2720 5492 2878 5562 λόγον
2907 5492 3205 5563 ἀπολογίας
3235 5491 3388 5563 παρὰ
3421 5491 3537 5561 τῆς
3573 5489 3773 5559 ἡμτὲο

2197 5597 2294 5644 ρας
2343 5581 2619 5645 εὐτελείας
2647 5585 2740 5636 καὶ
2771 5583 3142 5654 οὐθενότητος.
3177 5581 3322 5651 Ἐγὼ
3347 5583 3448 5653 μὲν
3490 5581 3551 5634 εἴ
3577 5597 3632 5633 τι
3663 5582 3774 5640 τοῖς

2190 5671 2471 5726 εὑσεϐἐσιν
2494 5672 2651 5744 ἡμῶν
2680 5673 2959 5745 βασιλεῦσι
2999 5674 3094 5728 καὶ
3140 5673 3281 5728 κατὰ
3324 5671 3512 5726 πάντα
3550 5667 3773 5741 690066-

2189 5763 2300 5830 ξοις
2360 5763 2790 5840 ἀπελογησάμην
2809 5810 2824 5837 ,
2851 5767 2944 5822 καὶ
2971 5767 3202 5823 ἐνώπιον
3241 5767 3392 5840 ὑμῶν
3419 5763 3772 5837 προσαπολο-
