4090 6286
563 332 589 398 l
606 334 704 400 £35

1619 331 1681 394 S.
1731 335 2048 396 TABASII
2083 336 2592 400 PATRIARCH/E
2623 341 2731 404 CF.

3651 360 3770 427 ιιδε

557 465 723 520 quam
754 446 997 502 diversas
1012 443 1231 515 quidem
1264 440 1713 515 signiﬁcationes,
1737 449 1834 503 sed
1861 450 2125 520 homony-

2233 453 2382 522 ἡμᾶς
2407 470 2420 484 ·
2459 473 2479 505 ‹
2507 455 2716 524 Κύριον
2774 457 2865 522 τὸν
2909 461 3045 514 Θεόν
3097 479 3193 517 σου
3246 469 3646 538 προσκυνήσεις,
3687 481 3762 530 καὶ

557 554 705 594 mam
727 537 912 592 vocem
933 535 1312 597 habentem.et
1337 548 1442 589 non
1463 535 1564 588 soli
1577 535 1808 592 addidit.
1831 539 2003 594 Porro
2023 555 2134 592 ver-

557 631 665 686 eies
693 629 778 683 illi
813 627 915 682 εοίί
943 625 1082 681 dixit
1109 643 1124 692 ;
1165 626 1367 682 etenim
1397 626 1500 681 soli
1531 625 1642 684 Deo
1659 629 1979 684 servitutem
2009 644 2136 686 nos-

557 736 698 778 tram
728 721 1151 779 referimusﬂis
1178 738 1308 794 ergo
1333 723 1416 779 sic
1447 725 1842 795 comprobatis,
1868 727 2135 782 veraciter

555 827 611 870 rt
637 821 1014 872 incunctanter
1039 829 1162 870 esse
1190 829 1375 871 coram
1415 814 1529 872 Deo
1565 827 1851 888 acceptum
1883 827 1937 874 et
1965 811 2142 874 bene?

555 909 818 980 placitum
848 914 1088 973 constat,
1109 907 1434 978 imaginales
1463 906 1818 966 formationes
1851 911 2136 984 dispensa-

556 1001 724 1055 tionis
745 999 959 1054 Domini
983 999 1154 1055 nostri
1173 997 1300 1054 Jesu
1332 999 1556 1064 Christi,
1591 1011 1644 1055 et
1672 1001 2007 1057 intemeratae
2041 1002 2134 1058 Dei

561 1094 858 1149 Genitricis
890 1107 1216 1162 semperque
1249 1092 1476 1162 virginis
1504 1092 1707 1160 Mariae,
1735 1109 1797 1148 ac
1842 1093 2137 1150 honorabi-

556 1185 690 1240 lium
727 1185 1062 1256 angelorum,
1085 1194 1139 1238 et
1155 1184 1402 1238 omnium
1434 1192 1754 1240 sanctorum
1775 1224 1791 1251 ,
1822 1185 2055 1240 adorare
2081 1194 2137 1240 et

513 1349 518 1352 _
555 1277 792 1333 osculari
823 1286 908 1332 :et
935 1275 1281 1347 quisquissic
1311 1290 1369 1331 se
1399 1290 1506 1330 non
1533 1274 1892 1332 habueritsed
1920 1276 2136 1347 discep-

555 1371 754 1425 taverit
777 1410 791 1435 ,
822 1369 905 1424 vel
925 1353 1086 1423 etiam
1117 1368 1562 1440 elangueriterga
1591 1369 1980 1424 venerabilium
2001 1369 2137 1424 ima-

553 1462 740 1532 ginum
782 1462 1157 1516 adorationem
1192 1499 1209 1525 ,
1262 1462 1412 1515 hunc
1469 1461 1898 1518 anathematizat
1948 1471 2134 1516 sancta

551 1571 738 1614 noSIra
769 1573 823 1614 et
853 1557 1177 1614 universalis
1208 1558 1474 1630 synodus,
1509 1573 1632 1629 quae
1684 1563 1893 1614 munita
1937 1571 2024 1614 est
2049 1558 2134 1613 di-

549 1653 660 1706 vini
701 1651 940 1722 Spiritus
989 1651 1326 1720 operatione,
1364 1665 1428 1706 ac
1476 1653 1720 1720 paternis
1777 1663 1834 1706 et
1865 1652 2132 1706 ecclesia-

551 1746 640 1800 Slit
663 1746 710 1800 is
730 1744 1136 1800 traditionibus.
1162 1743 1334 1799 Porro
1361 1746 1649 1798 anathema
1682 1744 1816 1798 nihil
1847 1745 1996 1800 aliud
2023 1752 2128 1809 est,

2235 546 2386 616 αὐτῷ
2401 547 2547 619 μόνῳ
2568 549 2886 622 λατρεύσεις
2901 570 2916 584 ·
2931 571 2951 606 ι
2969 554 3068 626 τὴν
3088 557 3186 626 μὲν
3207 559 3570 632 προσκύνησιν
3591 567 3762 622 ἀπολύο

2235 653 2346 701 τως
2376 639 2468 692 καὶ
2495 641 2558 694 οὐ
2594 641 2744 712 μόνῳ
2776 643 3022 716 εῐρηκεν,
3045 645 3120 710 ὡς
3147 647 3380 718 διάφορα
3435 657 3763 727 σημαινόμενα

2236 727 2464 798 ἔχουσαν
2491 731 2586 785 καὶ
2613 732 2906 805 ὁμώνυμον
2935 730 3099 790 οὖσαν
3128 739 3230 809 τὴν
3256 741 3460 810 φωνήν.
3482 741 3555 794 Τὸ
3576 743 3644 808 δὲ,
3685 745 3765 800 λα-

2234 821 2487 892 τρεύσεις
2533 821 2684 894 αὑτῷ
2734 824 2902 896 μόνῳ,
2935 827 3124 898 εῐρηκε
3155 846 3167 858 ·
3201 829 3434 902 καὶγὰρ
3490 832 3625 902 μόνῳ
3667 834 3774 904 Θεῷ-

2234 907 2334 978 τὴν
2385 908 2642 980 λατρείαν
2691 913 2855 982 ήμετς
2903 912 3110 988 [ἡμῶν]
3168 917 3536 989 ἀναφέρομεν.
3580 922 3774 978 Τούτων.

2233 999 2416 1064 οὕτως
2465 1001 2920 1073 ἀποδειχθέντων,
2950 1007 3400 1078 ὁμολογουμένως
3423 1013 3514 1065 καὶ
3563 1015 3765 1085 ἀναμφι-

2238 1088 2528 1159 σϐητήτως
2557 1091 2857 1147 ἀποδεκτδν
2904 1096 3000 1148 καὶ
3027 1095 3323 1164 εὐάρεστον
3379 1096 3518 1154 εἶναι
3569 1103 3766 1156 ἐνώπιον

2237 1177 2389 1250 [αάά.
2419 1195 2484 1234 ea:
2510 1177 2636 1236 Lat.
2660 1178 2800 1236 εἶναι
2831 1183 3094 1256 πρόδηλον
3116 1185 3310 1259 ὲνώπ.]
3337 1187 3430 1240 τοῦ
3451 1189 3770 1256 Θεοῦ,εἰκονι-

2235 1270 2340 1336 κὰς
2362 1271 2740 1338 ἀνατυπώσεις
2759 1274 2860 1344 τῆς
2885 1291 2946 1328 τε
2973 1276 3283 1346 οίκονομίας
3300 1277 3393 1330 τοῦ
3413 1271 3612 1350 Κυρίου
3637 1283 3770 1350 ἡμῶν

2247 1364 2421 1436 Ἰησοῦ
2485 1367 2748 1438 Χριστοῦ,
2789 1371 2885 1422 καὶ
2940 1369 3040 1437 τῆς
3077 1369 3363 1440 ἀκρᾶν-σου-
3414 1372 3652 1428 θεοτόκου
3693 1379 3774 1430 καὶ

2233 1455 2606 1526 ἀειπαρθένου
2641 1457 2888 1528 Μαρίας,
2916 1457 3026 1511 τῶν
3056 1475 3120 1512 τε
3141 1459 3336 1530 τιμίων
3385 1461 3642 1530 ἀγγέλων,
3695 1466 3774 1517 καὶ

2234 1545 2450 1600 πάντων
2469 1546 2580 1601 τῶν
2603 1548 2794 1616 ἁγίων,
2823 1553 3148 1620 προσκυνεῖν
3175 1551 3270 1604 καὶ
3302 1551 3655 1617 ἀσπάζεσθαι.
3685 1556 3777 1609 Καὶ

2232 1639 2286 1692 εί
2324 1653 2409 1702 τις
2441 1637 2518 1708 μὴ
2549 1637 2721 1704 οὕτως
2758 1639 2894 1710 ἔχοι,
2927 1641 3043 1694 ἀλλ’
3102 1641 3478 1716 ἀμφισϐητοίη
3525 1647 3612 1698 καὶ
3651 1648 3779 1699 νοσοῖ

2233 1729 2366 1799 περὶ
2417 1729 2520 1800 τὴν
2544 1729 2654 1784 τῶν
2685 1729 2900 1784 σεπτῶν
2927 1732 3154 1786 εἰκόνων
3188 1733 3580 1805 προσκύνησιν,
3609 1735 3788 1788 τοῦτον.

550 1855 712 1903 quant
743 1839 1012 1908 separatio
1033 1854 1061 1892 a
1084 1839 1212 1894 Deo.
1248 1837 1303 1892 Si
1320 1840 1464 1894 enim
1488 1839 1706 1908 quidam
1738 1839 1944 1895 fuerint
1967 1841 2125 1895 alter-

2235 1819 2683 1894 ἅναθεματίξειὴ
2722 1823 2852 1894 ἁγία
2891 1825 3004 1878 καὶ
3059 1827 3410 1896 οἰκουμενικὴ
3452 1826 3604 1897 ήμῶν
3663 1825 3774 1880 σύν-

549 1939 736 1985 cantcs
755 1937 811 1984 et
848 1939 1040 1984 contra
1057 1945 1118 1984 ea
1135 1945 1256 2000 quae
1278 1929 1501 1984 definita
1523 1938 1651 1984 sunt
1668 1945 1776 1984 non
1793 1930 2130 1996 obedientes,

551 2023 604 2074 in
661 2023 915 2078 stimulos
966 2022 1302 2087 calcitrant,
1352 2032 1407 2078 et
1447 2038 1576 2078 suas
1630 2024 1879 2093 ipsorum
1922 2025 2134 2081 animas

549 2112 772 2178 laedunt,
807 2111 1092 2167 Christum
1123 2111 1468 2168 oll‘endentes
1489 2152 1504 2177 ,
1535 2122 1594 2166 et
1640 2111 1900 2168 Ecclesia:
1958 2114 2132 2183 ipsius

547 2204 845 2258 calumniis
876 2203 1168 2269 delectati,
1210 2207 1596 2274 impugnantes
1628 2219 1828 2258 vesane
1853 2206 2128 2275 pietatem,

549 2305 740 2364 ntpnte
794 2311 829 2364 p
861 2295 1109 2350 iscoram
1185 2295 1570 2352 haereticorum
1626 2297 2131 2352 communicatores

545 2397 600 2442 et
631 2389 982 2442 consentanei
1017 2398 1068 2442 et
1099 2387 1443 2444 contribules
1477 2403 1570 2456 per
1601 2389 1960 2458 impietatem.
1993 2388 2126 2444 Fra-

548 2486 657 2533 tres
707 2489 891 2537 autem
926 2491 980 2535 et
1023 2480 1434 2542 comministros
1465 2488 1684 2536 nostros
1710 2479 1820 2536 Deo
1865 2481 2128 2536 amabiles

546 2575 833 2644 ep'scopos
871 2574 1122 2631 misimus
1155 2590 1280 2630 cum
1343 2575 1636 2632 abbatibus
1673 2584 1728 2631 et
1773 2575 2007 2641 clericis,
2068 2585 2130 2630 ut

545 2665 788 2720 omnium
823 2681 944 2735 quat
976 2666 1030 2720 in
1063 2666 1220 2721 nobis
1263 2673 1418 2736 gesta
1449 2675 1579 2722 sunt
1627 2665 2122 2722 manilestationem

545 2757 872 2812 denuntient
913 2757 997 2812 dei
1013 2758 1155 2812 ~onis
1191 2757 1422 2820 auribus
1462 2756 1682 2813 vestris.
1721 2758 1894 2813 Porro
1931 2756 2000 2812 ad
2051 2757 2126 2812 si-

543 2849 836 2918 gnaculttm
858 2859 912 2904 et
933 2851 1100 2905 robur
1127 2865 1316 2905 eorum
1345 2865 1468 2920 quae
1489 2865 1517 2904 a
1541 2850 1703 2906 nobis
1723 2850 1945 2906 deﬁnita
1971 2857 2120 2916 sunt,

543 2940 676 3007 quin
712 2940 876 2994 etiam
907 2940 972 2993 ad
1006 2940 1437 2996 satisfactionem
1495 2942 1727 3010 piissimi
1765 2941 1979 3009 imperii
2024 2957 2122 2996 ve-

542 3031 664 3094 διιεῖ,
685 3031 1022 3100 subjecimns
1051 3043 1276 3100 paterna
1305 3033 1618 3088 testimonia
1642 3049 1706 3088 ex
1737 3033 1924 3088 multis
1947 3049 2120 3104 pauca

541 3120 769 3176 collecta
803 3160 820 3186 ,
849 3127 902 3173 et
942 3120 1191 3175 claritate
1251 3122 1502 3178 veritatis
1559 3124 1950 3178 certitudinem
1998 3125 2120 3178 illu—
2147 3145 2188 3202 ο

541 3213 790 3266 strantia.
827 3211 1096 3266 Caeterum
1153 3213 1399 3266 omnium
1438 3211 1686 3270 nostrum
1738 3214 1990 3270 Salvator
2025 3217 2119 3286 qui

539 3305 698 3360 vobis
731 3305 1024 3372 roimperat
1049 3343 1062 3365 ,
1100 3304 1303 3373 quique
1353 3319 1448 3374 per
1495 3320 1592 3361 vos
1631 3305 1890 3362 Eeclcsiis
1929 3323 2116 3386 pacem

540 3412 694 3452 suam
720 3396 1017 3451 concedere
1066 3396 1253 3456 voluit,
1291 3397 1610 3467 permultos
1635 3413 1808 3452 annos
1845 3399 2120 3454 custodiat

541 3505 768 3558 regnum
811 3502 1052 3544 vestrum
1101 3503 1225 3544 cum
1279 3497 1472 3544 senatu
1503 3497 1558 3544 ct
1605 3489 1942 3560 principibus
1977 3500 2030 3544 et
2059 3489 2120 3544 ti-

540 3581 824 3636 atulissimo
870 3581 1112 3636 exercitu
1177 3591 1358 3654 vestro
1386 3621 1402 3646 ,
1463 3591 1630 3650 atque
1679 3569 1929 3634 universa
1959 3596 2118 3650 repu-

537 3669 680 3730 blica
709 3687 720 3722 :
747 3669 1023 3738 donetque
1055 3669 1212 3728 vobis
1254 3669 1562 3724 victoriam.
1595 3669 1714 3738 lpse
1741 3669 1941 3738 quippe
1993 3671 2070 3724 ait
2100 3687 2113 3723 :

544 3779 562 3808 ι
595 3757 726 3812 Vivo
752 3772 852 3828 ego
899 3797 915 3822 ,
943 3757 1077 3816 dicit
1117 3758 1412 3824 Dominus,
1445 3759 1576 3828 quia
1606 3758 1977 3829 gloriﬁcantes
2031 3775 2117 3816 me

541 3849 859 3920 gloriﬁcabo
885 3849 956 3906 ¹³.
991 3869 1008 3900 ι
1031 3851 1152 3918 Ipse
1175 3862 1256 3914 est
1289 3851 1682 3920 quiprarcinxit
1706 3867 1802 3906 vos
1817 3851 2016 3907 virtute
2064 3862 2118 3906 et

540 3943 730 3997 tundet
771 3953 1001 3998 cunctos
1052 3941 1237 3998 bosms
1285 3985 1302 4008 ,
1343 3951 1398 3997 et
1441 3943 1666 3998 donabit
1718 3943 1875 4000 vobis
1924 3959 2116 4000 omnes

537 4033 894 4106 obedientes[
919 4035 1184 4108 Plangent
1202 4035 1410 4101 hostes,
1430 4045 1485 4090 et
1511 4035 1826 4106 gaudebunt
1847 4036 2048 4096 subditi
2070 4035 2110 4107 1.

536 4127 724 4182 Gaude
743 4142 896 4198 ergo,
928 4127 1150 4196 civitas;
1177 4127 1382 4193 bstare,
1410 4142 1546 4182 nova
1574 4126 1705 4182 Sion
1743 4167 1758 4193 ,
1788 4127 1938 4184 orbis
1957 4137 2117 4184 terra:

537 4219 836 4289 speculatio
854 4219 876 4294 [
897 4219 992 4276 Gr.
1019 4229 1073 4274 et
1102 4231 1156 4276 tu
1179 4219 1284 4276 civ.
1303 4219 1594 4293 specula].
1617 4219 1751 4275 Nam
1781 4230 1834 4276 et
1855 4221 1928 4275 ibi
1950 4220 2114 4276 David

536 4311 783 4378 regnavit
814 4349 830 4376 ,
885 4321 940 4366 et
988 4311 1078 4366 hic
1137 4311 1430 4368 Davidice‘
1463 4321 1515 4370 te
1580 4312 1684 4383 ipsi
1736 4310 1839 4384 [pii
1881 4311 2116 4382 impera-

540 4400 730 4474 tores]
779 4403 1116 4458 cnstodiunt.
1153 4402 1364 4474 [rerum
1397 4403 1727 4478 potiuntur].
1761 4404 2028 4460 Dominus
2057 4404 2110 4458 in

2233 1913 2372 1979 οδος,
2431 1911 2770 1984 ὀχυρωθεῐσα
2803 1917 2868 1985 τῇ
2893 1913 2987 1968 τοῦ
3016 1913 3162 1969 θείου
3205 1917 3525 1987 Πνεύματος
3551 1917 3786 1988 ἐνεργείᾳ

2233 2005 2326 2058 καὶ
2355 2007 2477 2068 ταῖς
2509 2008 2804 2077 πατρικαῖς
2833 2007 2926 2060 καὶ
2950 2007 3432 2078 ἐκκλησιαστικαῖς
3451 2009 3778 2081 παραδόσεσι.

2231 2097 2342 2150 Καὶ
2372 2096 2432 2148 τὺ
2461 2095 2712 2167 ἀνάθεμα
2739 2097 2894 2150 οὐδὲν
2923 2097 3110 2168 ἔτερόν
3139 2099 3309 2166 ἐστιν,
3333 2099 3365 2170 ἢ
3395 2100 3672 2171 χωρισμὸς
3691 2100 3801 2152 ἀπὸ.

2227 2186 2322 2241 τοῦ
2353 2187 2512 2242 Θεοῦ.
2549 2188 2612 2242 ΕΙ
2635 2189 2744 2260 γάρ
2771 2189 2915 2253 τινές
2937 2191 3043 2245 εισι
3083 2188 3547 2262 ζυγομαχοῦντες,
3579 2192 3704 2264 πρὸς
3723 2193 3796 2244 τὰ·

2227 2277 2514 2348 ὁρισθέντα
2563 2277 2643 2350 μὴ
2697 2279 3030 2350 πειθόμενοι,
3056 2281 3137 2344 είς
3190 2281 3396 2353 κέντρα
3463 2281 3784 2347 λακτίζουσι,

2229 2368 2324 2423 καὶ
2363 2367 2462 2433 τὰς
2487 2369 2699 2422 ἑαυτῶν
2729 2369 2975 2424 ἀδικοῦσι
2997 2369 3196 2440 ψυχὰς,
3229 2371 3454 2442 Χριστῷ
3489 2370 3776 2442 προσκρού-

2225 2479 2398 2527 οντες,
2431 2462 2527 2516 καὶ
2563 2465 2683 2528 ταῖς
2721 2465 2862 2518 κατὰ
2884 2463 2983 2534 τῆς
3022 2465 3350 2535 Ἐκκλησίας
3417 2463 3589 2518 αὐτοῦ
3640 2479 3785 2517 συκο-

2227 2553 2478 2622 φαντίαις
2508 2553 2782 2624 ἡδόμενοι,
2812 2554 3164 2626 εὑρίσκονται
3202 2553 3570 2625 πολεμοῦντες
3623 2556 3789 2624 ἐμμα-

2225 2645 2330 2710 νῶς
2355 2646 2454 2717 τὴν
2492 2646 2796 2713 εὐσέϐειαν,
2820 2647 2901 2710 ὡς
2943 2647 3054 2700 τῶν
3087 2647 3258 2702 πάλαι
3301 2647 3602 2718 αἱρετικῶν
3650 2648 3791 2710 ὄντες

2225 2739 2472 2793 κοινωνοὶ
2515 2739 2608 2793 καὶ
2639 2738 2913 2808 σύστοιχοι
2945 2739 3038 2792 καὶ
3064 2739 3326 2810 ὁμόφυλοι
3371 2739 3523 2795 κατὰ
3550 2739 3646 2810 τὴν
3673 2737 3793 2792 dci-

2223 2830 2398 2886 σειαν.
2430 2830 2569 2894 Τοὺς
2595 2830 2654 2884 δὲ
2695 2830 2961 2900 ἀδελφοὺς
3014 2829 3109 2884 καὶ
3149 2830 3603 2900 συλλειτουργοὺς
3643 2828 3787 2900 ἡμῶν

2223 2922 2491 2992 Θεοφιλεῖς
2537 2922 2869 2986 ἐπισκόπους
2895 2915 3298 2994 ἀπεστείλαμεν
3328 2923 3427 2976 σὺν
3475 2922 3790 2993 ἡγουμένοις

2221 3011 2317 3065 καὶ
2347 3013 2650 3082 κληρικοῖς,
2679 3013 2768 3065 ἵνα
2799 3013 3018 3067 πάντων
3043 3013 3154 3066 τῶν
3183 3015 3244 3066 ὲν
3289 2997 3424 3084 ἡμῖν
3476 3012 3796 3084 πεπραγμέ-

2221 3121 2328 3158 νων
2383 3104 2484 3172 τὴν
2527 3105 3206 3176 δήλωσιψάναγγείὶωσιν
3266 3107 3348 3170 εἱς
3402 3106 3510 3169 τὰς
3561 3105 3794 3173 οεοηχείς

2225 3196 2380 3266 ὑμῶν
2407 3197 2596 3259 ἀκοάς.
2632 3199 2776 3267 Πρὸς
2807 3197 2862 3250 δὲ
2893 3198 3289 3268 ὲπισφράγισιν
3321 3199 3422 3252 καὶ
3463 3199 3796 3268 ὲπικύρωσιν

2221 3284 2330 3338 τῶν
2375 3286 2508 3354 παρ’
2537 3288 2569 3354 ἡ
2580 3283 2698 3354 μῶν
2728 3287 3074 3354 ὁρισθέντων,
3104 3289 3198 3341 καὶ
3226 3289 3324 3358 μέν
3349 3305 3434 3342 τοι
3469 3289 3569 3342 καὶ
3601 3287 3796 3356 πληρο-

2222 3377 2416 3450 φορίαν
2461 3381 2558 3448 τοῦ
2611 3382 2874 3452 ὑμετέρου
2961 3381 3329 3446 πανευσεϐοῦς
3371 3383 3639 3454 κράτους,
3695 3382 3798 3433 ὐπ-

2221 3472 2499 3543 ετὰξαμεν
2532 3474 2806 3544 πατρικὰς
2833 3475 3076 3545 χρήσεις,
3099 3475 3164 3526 ὲκ
3201 3473 3412 3528 πολλῶν
3440 3475 3634 3544 ὀλίγας
3678 3489 3799 3525 συν-

2220 3565 2540 3632 αγαγόντες,
2571 3567 2636 3635 τῇ
2681 3564 3034 3635 λαμπρότητι
3060 3566 3158 3635 τῆς
3210 3564 3476 3636 ἀληθείας
3521 3579 3796 3632 καταυγα-

2220 3651 2420 3721 ζούσας
2455 3657 2516 3710 τὸ
2547 3657 2782 3726 βέσαιον.
2828 3657 2884 3710 Ὁ
2921 3657 2976 3710 δὲ
3005 3658 3224 3710 πάντων
3269 3657 3429 3728 ήμῶν
3455 3657 3654 3728 Σωτὴρ
3710 3655 3796 3708 καὶ

2221 3747 2640 3817 συμϐασιλεύων
2679 3749 2828 3818 ὑμῖν,
2889 3750 2916 3802 ὁ
2960 3750 3079 3812 ταῖς
3137 3749 3465 3818 ἐκκλησίαις
3521 3749 3594 3802 δι’
3653 3747 3803 3816 ὑμῶν

2217 3844 2316 3914 τὴν
2363 3843 2588 3914 εἰρήνην
2615 3841 2778 3894 αὑτοῦ
2813 3840 3119 3910 βραϐεῦσαι·
3151 3841 3474 3910 εὐδοκήσας,
3505 3841 3568 3895 ὲν
3591 3839 3798 3900 πολλοῖς

2219 3938 2364 3994 ἔτεσι
2392 3937 2649 4008 φυλάττοι
2670 3935 2731 3989 τδ
2759 3933 3030 4004 βασίλειον
3070 3932 3225 4002 ὐμῶν
3260 3934 3357 3986 σὺν
3412 3936 3484 4003 τῇ
3557 3931 3792 3999 συγκλή-

2216 4049 2296 4102 τῳ
2329 4031 2424 4084 xa‘t
2458 4029 2684 4099 ἄρχουσι
2743 4025 2837 4078 καὶ
2867 4024 2945 4094 τῷ
2995 4023 3306 4092 πιστοτάτῳ
3352 4024 3517 4092 ὑμῶν
3559 4021 3794 4094 στρατῷ,

2219 4123 2314 4178 καὶ
2343 4121 2506 4176 παντὶ
2529 4118 2608 4190 τῷ
2635 4116 2990 4186 πολιτεύματι
3013 4131 3028 4148 ο
3060 4115 3155 4168 καὶ
3185 4114 3504 4185 δωρήσαιτο
3567 4116 3698 4182 ὑμῖν
3741 4112 3796 4160 τὸ

2217 4210 2394 4278 νικᾷν.
2429 4207 2596 4268 Αὐτὸς
2637 4206 2744 4274 γὰρ
2772 4201 2926 4256 εἷπε·
2967 4221 2984 4253 ι
3014 4203 3102 4256 Ζῶ
3126 4201 3255 4272 ἐγὼ,
3287 4203 3439 4272 λέγει
3470 4203 3703 4276 Κύριος,
3721 4201 3795 4253 ὅτι

2215 4300 2341 4361 τοὺς
2378 4295 2702 4362 δοξάζοντὰς
2725 4312 2791 4365 με
2836 4293 3064 4359 δοξάσω.
3103 4313 3120 4347 ι
3153 4296 3324 4359 Αὐτός
3375 4299 3534 4348 ἐστιν
3566 4298 3604 4360 ό,
3649 4311 3795 4362 περι-

2218 4388 2471 4454 ζωννύων
2515 4387 2661 4456 ὑμᾶς
2707 4385 2969 4454 δύναμιν
3023 4384 3120 4438 καὶ
3176 4385 3405 4455 κόψεται
3454 4389 3572 4440 πᾶν
3598 4385 3661 4438 τδ
3704 4399 3796 4436 που

537 4472 805 4550 medio'tui
833 4493 894 4547 ιδ.
919 4494 985 4551 Ει
1006 4496 1077 4553 sit
1097 4472 1297 4554 nomen
1320 4472 1443 4568 ejus
1467 4472 1812 4555 benedictum
1832 4498 1888 4552 in
1916 4497 2114 4554 saecula

2223 4480 2408 4550 λὲμιον
2439 4478 2763 4548 ,χαρίσεται
2793 4476 2850 4530 δὲ
2902 4475 2964 4528 τὸ
3009 4476 3268 4544 ὑπήκοον.
3317 4477 3496 4548 Χαῖρε
3561 4473 3657 4530 οὖν
3709 4472 3794 4525 καὶ

537 4586 885 4642 sa-cnlorum.
925 4585 1119 4643 Amen.

2222 4575 2362 4644 αὐτὴ
2389 4569 2566 4633 πόλις,
2617 4566 2936 4640 εὐφραίνου,
2973 4568 3007 4636 ἡ
3031 4567 3128 4619 νέα.
3167 4565 3308 4620 Σιὼν
3336 4609 3350 4633 ,
3382 4569 3416 4638 ή
3477 4567 3586 4638 τῆς
3622 4567 3796 4620 οἰκου-

539 4678 706 4749 μένης
775 4681 1051 4750 περιωπή.
1112 4651 1288 4734 Κάκεί
1335 4679 1444 4752 γὰρ
1495 4681 1658 4752 Δασιδ
1721 4681 2058 4749 ἐϐασίλευσε,
2089 4677 2185 4732 καὶ
2245 4665 2350 4726 ὧδε
2403 4661 2708 4724 Δασιτικῶς
2776 4659 2828 4712 οἱ
2875 4658 3120 4722 εὐσεϐεῖς
3187 4656 3430 4727 βασιλεῖς
3495 4653 3796 4730 πρυτανεύ-

534 4788 676 4826 ουσι.
708 4773 908 4845 Κύριος
953 4749 1025 4828 ὲν
1071 4775 1224 4848 μέσῳ
1273 4749 1367 4830 σου
1405 4749 1425 4808 ί
1449 4749 1663 4848 καὶιεῐη
1720 4777 1780 4831 τὸ
1799 4777 1969 4849 ὄνομα
2007 4773 2173 4832 αὑτοῦ
2219 4762 2581 4836 εὐλογημένον
2619 4761 2698 4823 είς
2725 4757 2850 4821 τοὺς
2907 4754 3110 4849 αίῶνας
3147 4755 3254 4809 τῶν
3287 4753 3530 4810 αἰὼνωνο
3609 4752 3793 4824 Ἀμήν.

1291 4867 1358 4924 ll.

537 4959 642 5013 Per
665 4967 856 5012 cuncta
892 4960 1229 5014 sanctissimo
1258 4969 1309 5015 et
1332 4960 1638 5016 beatissimo
1679 4960 1840 5029 fratri
1867 4971 1918 5014 et
1966 4977 2110 5014 cont-

607 5049 872 5114 ministro,
911 5051 1124 5106 domino
1156 5050 1398 5106 Adriano
1448 5066 1596 5121 papa
1631 5052 1856 5106 senioris
1909 5052 2108 5118 Romaz,

612 5139 867 5194 Tarasius
897 5143 1269 5198 misericordia
1306 5141 1401 5197 Dei
1425 5145 1697 5214 episcopus
1729 5143 2110 5200 Cortstanlino-

602 5233 778 5301 paleas
805 5249 946 5288 novae
967 5233 1149 5291 Roma:
1170 5238 1222 5290 in
1255 5232 1481 5290 Domino
1509 5237 1759 5292 salutem.

606 5391 894 5448 Suﬂiceret
943 5393 1162 5464 quidem
1221 5396 1478 5452 salutaris
1527 5397 1862 5467 dispensatio
1921 5399 2107 5470 magni

537 5483 631 5538 llei
657 5494 711 5539 et
735 5482 1039 5542 Salvatoris
1081 5487 1254 5542 nostri
1281 5485 1407 5543 Jcsu
1445 5488 1644 5544 Christi
1667 5493 1732 5545 ad
1772 5507 1982 5561 pacem,
2013 5509 2108 5547 un-

539 5573 882 5631 animitatcm
915 5587 968 5632 et
1022 5579 1374 5634 concordiam
1425 5581 1682 5638 omnibus
1744 5583 2100 5641 Christianis.

541 5658 655 5727 Ipse
691 5681 924 5734 namque
957 5677 1078 5736 post
1105 5685 1170 5722 ex
1201 5669 1428 5722 mortuis
1460 5686 1694 5726 I'CSllll'Ct
1716 5672 1913 5727 tionem
1972 5690 2101 5742 apo-

613 5773 680 5828 ¹³1
709 5771 837 5844 Reg.
866 5791 924 5843 tt,
947 5776 1034 5831 50.
1113 5779 1302 5836 "Psal.
1341 5797 1458 5846 διν,
1494 5781 1544 5836 6.

2361 4900 2528 4954 ἒ-
2717 4943 2730 4954 .
2898 4847 3122 4954 .Π’.
3483 4937 3498 4954 ,
3646 4936 3658 4950 .

2217 4949 2304 5018 Τῷ
2339 4934 2414 5004 ὦ
2445 4949 2645 5002 πάντα
2696 4943 2997 5010 ἁγιωτάτῳ
3025 4940 3127 4994 καί
3154 4937 3596 5008 μακαριωτὰτῳ
3627 4934 3794 4990 ἁδελ-

2283 5041 2376 5113 φῷ
2407 5039 2508 5096 καὶ
2533 5031 3009 5104 συλλειτουρνῷ,
3055 5033 3239 5100 κυρίῳ
3279 5027 3574 5098 Ἀδριανῷ
3632 5025 3795 5090 adst:

2283 5117 2395 5204 τῆς
2427 5128 2836 5202 πρεσϐυτέρας
2871 5125 3116 5196 Ῥώμηςς
3155 5121 3442 5192 Ταράσιος
3470 5121 3631 5188 ἐλέῳ
3653 5114 3793 5174 Θεοῦ

2284 5225 2620 5288 ἐπίσκοπος
2638 5215 3333 5282 Κωνσταντινουπό.ίεως
3360 5213 3516 5280 νέας
3572 5212 3797 5279 Ῥώμης

2286 5316 2357 5370 ὲν
2383 5316 2583 5384 Kvpt'tp
2609 5314 2858 5384 χαίρειν.

2289 5409 2487 5479 Ἤρκει
2539 5406 2639 5477 μὲν
2666 5407 2699 5478 ή
2733 5397 3082 5475 σωτηριὼδης
3109 5399 3390 5470 οἰκονομία
3419 5396 3524 5448 τοῦ
3557 5393 3792 5464 μεγάλου

2211 5497 2348 5551 Θεοῦ
2381 5499 2476 5552 καὶ
2521 5496 2772 5566 Σωτῆρος
2805 5494 2963 5564 ήμῶν
3009 5491 3184 5563 Ἰησοῦ
3234 5487 3482 5561 Χριστοῦ
3533 5487 3678 5557 πρὸς
3719 5480 3792 5532 εί-

2215 5587 2384 5658 ρήνην
2413 5587 2666 5657 ὁμόνοιάν
2695 5603 2750 5638 τε
2800 5585 2896 5638 καὶ
2935 5584 3250 5653 συμφωνίαν
3301 5581 3438 5632 πᾶσι
3499 5581 3619 5638 τοῖς
3666 5575 3792 5642 Χρι-

2214 5684 2469 5745 otior/21;.
2499 5681 2665 5744 Αὐτὸς
2703 5681 2807 5753 γὰρ
2847 5681 2978 5752 grati
3016 5679 3112 5750 τὴν
3155 5679 3217 5730 ἐκ
3253 5673 3466 5744 νεκρίτ-ἰ
3497 5668 3792 5724 ἀναϐίωσιν
