4090 6286
325 336 462 407 1437

1749 346 2150 410 EPISTOUE.

3427 339 3564 407 1438

319 460 431 521 τοῖς
453 457 764 524 ἀποστόλοις
788 458 953 514 αὐτοῦ
980 460 1300 531 ἑμφυσήσας
1319 461 1423 532 ἔφη
1447 475 1458 490 ·
1487 480 1504 513 ι
1535 463 1776 532 Εἰρήνην
1801 463 1893 532 τὴν

2004 441 2296 518 ειοιίεέιιίε
2324 461 2604 517 insuiilans
2631 459 2746 514 ait:
2790 477 2809 511 ι
2850 456 3044 514 Pacem
3077 472 3252 513 meam
3287 457 3358 512 do
3381 460 3568 520 vohis,

321 549 458 620 ἐμὴν
491 549 682 620 δίδωμι
711 551 858 621 ὑμῖν,
894 552 1120 622 εἰρήνην
1146 553 1250 622 τὴν
1289 553 1427 624 ἐμὴν
1465 553 1669 624 ἀφίημι
1689 555 1836 624 ὑμῖν.
1867 575 1884 604 ο

325 640 592 694 Τούνεκεν
618 640 1120 712 διαμαρτυρόμενος
1179 645 1314 698 πᾶσι
1345 645 1476 713 ἡμῖν
1521 646 1572 696 ὁ.
1617 645 1892 715 ἀρπαγεὶς

323 733 402 794 εἰς
422 731 600 802 τριτον
625 731 872 804 οὐρανὸν,
899 733 996 787 καὶ
1027 736 1105 797 εἰς
1120 737 1208 788 τὸν
1240 736 1570 804 παράδεισον
1601 735 1885 798 εἰσελθὼν,

323 825 688 905 καὶςάκούσας
716 827 931 898 ἅῤῥητα
990 829 1234 899 ῥήματα,
1270 829 1546 891 Παῦλος-ό
1585 827 1727 890 θεῖος
1759 827 1892 879 ἁπό-

325 913 508 976 στολος
537 914 852 984 ἀπεφήνατο
891 915 1058 968 εἰπών
1083 933 1098 944 ·
1133 933 1152 967 ι
1193 916 1426 985 Χριστός
1465 918 1614 968 ἐστιν
1639 917 1674 986 ἡ
1700 917 1889 986 εἰρήνη

323 1003 502 1071 ἡμῶν,
529 1006 558 1057 ό
593 1005 830 1074 ποιήσας
873 1007 942 1059 τά
970 1007 1260 1076 ἀμφότερα
1291 1005 1365 1070 ἓν,
1400 1007 1492 1060 καὶ
1547 1006 1608 1059 τὸ
1645 1009 1892 1074 μεσότοι-

324 1111 417 1164 χον
443 1094 536 1146 τοῦ
572 1094 828 1165 φραγμοῦ
857 1095 1138 1160 διαλύσας,
1163 1097 1262 1166 τὴν
1282 1097 1482 1167 ἔχθραν
1509 1099 1568 1150 ἐν
1595 1101 1662 1169 τῇ
1726 1098 1892 1168 σαρκὶ

324 1179 508 1233 αὑτοῦ.
552 1199 572 1232 ι
609 1182 716 1233 Kal.
741 1177 897 1245 αὖθις
929 1182 1380 1238 Θεσσαλοηιικεῦσι
1425 1188 1652 1256 γράφων
1675 1203 1888 1256 παραγ-

325 1271 504 1339 γέλλει
531 1287 546 1302 ο
587 1291 606 1324 ι
641 1274 786 1343 Ἀρα
815 1270 929 1338 οὖν,
964 1275 1202 1345 ἀδελφοὶ,
1233 1278 1482 1347 στήκετε,
1517 1280 1610 1332 καὶ
1641 1281 1890 1351 κρατεῖτε

325 1365 425 1425 τάς
457 1364 806 1432 παραδόσεις,
859 1365 924 1430 ἃς
948 1366 1263 1437 ἐδιδάχθητε
1297 1369 1409 1422 εἴτε
1459 1370 1548 1422 διὰ
1597 1370 1779 1439 λόγου,
1811 1371 1891 1424 εἴ-

324 1469 383 1505 τε
417 1453 483 1506 δι’
536 1455 827 1524 ἐπιστολῆς
851 1457 1026 1526 ἡμῶν.
1070 1476 1088 1508 ι
1159 1457 1296 1512 Ἀλλ’
1327 1459 1514 1528 ἐπειδὴ
1575 1461 1604 1512 ὁ
1649 1461 1889 1530 ἀρχέκα-

327 1561 420 1608 κος
445 1544 638 1616 ἐχθρὸς
669 1547 914 1612 διάϐολος
969 1550 1030 1601 οὐ
1081 1549 1340 1603 κατέλιπε
1387 1549 1527 1602 κατὰ
1601 1551 1890 1620 διαφόρους

324 1637 552 1706 καιροὺς
584 1635 679 1706 τὴν
709 1639 1240 1710 ὲποικοδομηθεῖσαν
1271 1642 1365 1694 ἐπὶ
1395 1640 1473 1712 τῷ
1511 1641 1748 1715 θεμελίῳ
1783 1642 1890 1695 τῶν

324 1723 636 1777 ἀποστόλων
657 1725 748 1778 καὶ
776 1729 1075 1799 προφητῶν
1121 1729 1450 1800 Ἐκκλησίαν
1467 1731 1609 1784 κατὰ
1619 1732 1678 1787 τὸ
1699 1731 1890 1786 δοκοῦν

323 1811 470 1883 αύτῷ
498 1812 792 1882 διασχίζειν
821 1833 879 1868 τε
907 1819 1000 1871 καὶ
1039 1819 1409 1890 διαρῤήσσειν,
1443 1823 1633 1876 ἑαυτὸν
1670 1841 1890 1892 παρεισ-

325 1903 505 1974 φέρων
519 1903 608 1959 διά
623 1924 782 1960 τινων
803 1907 954 1979 αύτῷ
969 1909 1479 1965 ἐπακολουθούντων
1497 1913 1704 1984 ἀνδρῶν
1727 1931 1893 1986 πονη-

326 1993 555 2062 ρῶν,κα“ι
573 1995 788 2060 ζιζάνια
809 2001 1094 2070 ἐπισπείρε
1105 2019 1151 2054 ιν
1167 2003 1224 2054 ὲν
1245 2002 1416 2075 ταύτῃ
1433 2006 1497 2074 τῇ
1511 2005 1891 2078 γεωργηθείσῃ

329 2086 432 2138 ὑπὸ
452 2085 557 2138 τῶν
583 2088 898 2158 σαλπίγγων
913 2091 1004 2144 τοῦ
1025 2092 1162 2146 Πνεύ
1171 2111 1338 2162 ματος
1366 2095 1536 2162 ἁγίων
1553 2097 1888 2152 ἀποστόλων·

324 2177 488 2231 αὐτοὶ
515 2177 622 2250 γάρ
647 2179 875 2251 δύναμιν
893 2181 952 2249 ἐξ
974 2181 1144 2252 ὕψους
1165 2185 1442 2250 λαϐόντες,
1465 2187 1668 2256 ταύτην
1696 2191 1762 2259 τῇ
1794 2189 1892 2242 αὖ·

323 2266 451 2320 λακι
473 2267 572 2336 τῆς
595 2270 873 2340 ἐνεργείας
895 2272 1340 2344 ἀροτριάσαντες,
1364 2273 1571 2344 τροφὴν
1589 2273 1734 2344 ζωῆς
1761 2277 1892 2328 αἰω-

324 2355 438 2408 νίου
466 2356 759 2412 κατέλιπον
789 2359 1088 2429 δρέπεσθαι
1119 2363 1230 2424 τοῖς
1245 2362 1314 2432 δι’
1335 2361 1516 2416 αὐτῶν
1545 2363 1896 2416 πιστεύσασι·

323 2445 532 2500 τούτων
591 2449 688 2519 τὴν
733 2451 996 2522 θεηγόρον
1048 2452 1400 2507 διδασκαλίαν
1434 2455 1682 2520 λαϐόντες
1715 2457 1765 2508 οἱ
1794 2474 1892 2509 κα-

324 2538 392 2592 τὰ
421 2541 645 2610 καιροὺς
673 2541 876 2611 ταύτης
918 2543 1174 2612 ποιμένες
1203 2547 1298 2598 καὶ
1333 2545 1572 2616 φύλακες
1609 2547 1753 2616 ἅγιοι
1782 2550 1892 2602 lla-

323 2629 482 2698 τέρες
511 2629 691 2701 ἡμῶν,
717 2633 785 2683 τὰ
823 2633 922 2701 μὲν
951 2633 1186 2700 ζιζάνια,
1217 2635 1336 2705 ἦτοι
1374 2639 1612 2706 αἱρέσεις
1656 2639 1750 2692 καὶ
1772 2657 1892 2692 και-

325 2720 578 2791 νοτομίας
605 2724 1087 2794 παρεισκριθείσας
1122 2727 1216 2779 καὶ
1249 2729 1660 2796 ἐπεισαχθεὶσας
1718 2731 1890 2804 πρόρο

326 2807 474 2878 ριζον
501 2808 780 2880 ἐξέτεμον,
831 2812 926 2865 καὶ
954 2814 1046 2866 τὸν
1073 2813 1282 2885 ἀμητὸν
1315 2814 1556 2884 καθαρὸν
1585 2817 1651 2886 τῇ
1681 2816 1890 2886 ἀρούρῃ

323 2887 672 2969 διετήρήσαν.
717 2899 779 2952 'ii
807 2897 900 2954 οὖν
934 2901 1180 2978 ὑμετέρα
1245 2888 1686 2974 ἁρχιεροπρεπὴς
1736 2904 1892 2958 ἁδελ-

325 2991 462 3062 φικὴ
491 2992 769 3064 ἀγιωσύνη
818 2995 1030 3058 τούτοις
1063 2995 1372 3066 ὁμιλήσασα
1421 2995 1510 3048 διὰ
1555 2994 1662 3048 τῶν
1715 2997 1892 3051 αὐτῶν

325 3081 606 3155 θεηγόρων
636 3083 1016 3150 διδασκαλιῶν,
1053 3085 1148 3139 καὶ
1175 3087 1306 3155 παρ’
1332 3085 1512 3138 αὐτῶν
1543 3085 1778 3141 λαϐοῦσα
1800 3087 1890 3141 τὸν

323 3147 716 3243 τῆςνάληθείας
737 3173 918 3243 λόγον,
955 3147 1054 3238 τάς
1109 3177 1231 3230 νυνὶ
1257 3147 1618 3242 ἀκανθώδεις
1662 3177 1892 3248 βλαστη-
1915 3147 1960 3206 C

327 3263 498 3327 σάσας
535 3263 784 3334 βοτάνας,
813 3269 878 3338 τῇ
907 3267 1015 3320 τῶν
1038 3267 1374 3323 πιστοτάτων
1411 3271 1504 3323 καὶ
1537 3271 1892 3342 εἰρηνοποιῶν

325 3353 588 3422 βασιλέων
619 3355 776 3426 ἡμῶν
800 3357 1106 3428 συμφωνῶν
1137 3357 1384 3430 ἀληθείᾳ,
1421 3358 1630 3413 ὲκτῖλαι
1689 3362 1756 3431 τῇ
1790 3377 1892 3430 μα-

323 3443 490 3514 χαίρᾳ
518 3443 614 3498 τοῦ
657 3445 964 3516 πνεύματος
992 3449 1278 3515 ἔσπευσεν,
1329 3451 1698 3516 ἀποστείλασα
1751 3451 1892 3504 κατά

322 3535 420 3605 τὴν
447 3535 602 3606 ἡμῶν
643 3539 946 3606 γραφεῖσαν
979 3540 1116 3609 αὐτῇ
1168 3541 1406 3610 αἴτησιν,
1442 3539 1579 3610 πρὸς
1621 3540 1682 3592 τὸ
1739 3539 1893 3608 γενέ-

325 3626 452 3679 σθαι
481 3625 863 3695 οἱκουμενικὴν
893 3626 1130 3694 σύνοδον,
1187 3629 1516 3699 ὁμωνύμους
1568 3629 1768 3699 ἄνδρας
1813 3629 1892 3700 τῷ

324 3716 637 3787 πρωτάρχῳ
662 3716 771 3770 τῶν
798 3718 1110 3771 ἀποστόλων
1158 3719 1374 3790 Πέτρῳ.
1427 3715 1528 3773 Ὧν
1588 3737 1892 3790 παραγενο-

328 3809 529 3878 μένων,
561 3808 613 3861 οἵ
640 3824 698 3861 τε
731 3807 978 3872 εὐσεϐεῖς
1030 3809 1127 3864 καὶ
1155 3809 1512 3880 γαληνὸτατοι
1543 3811 1701 3883 ἡμῶν
1735 3811 1893 3882 βασι-

324 3899 438 3964 λεῖς
469 3900 692 3962 τούτους
722 3899 965 3972 εὐμενῶς
997 3889 1304 3970 δεξάμενοι,
1340 3901 1474 3974 πρὸς
1500 3905 1645 3973 ἡμᾶς
1677 3905 1894 3958 ἐκέλευ-

291 3981 303 4000 ”
324 4007 384 4042 ον
435 3989 772 4059 πέμπεσθαι,
803 3991 870 4044 δι’
899 3989 1082 4043 αὐτῶν
1106 3989 1412 4061 δεξαμένων
1434 3992 1590 4064 ἡμῶν
1619 3993 1687 4047 τὰ
1714 3995 1894 4065 γράμ-

329 4095 476 4148 ματα
516 4077 690 4149 ὑμῶν.
724 4079 832 4132 Καὶ
863 4079 1224 4150 ὁμιλήσαντες
1243 4081 1426 4144 αὐτοῖς
1451 4082 1520 4135 τὰ
1549 4085 1893 4154 προσήκοντα

327 4168 848 4240 προσεκαλεσάμεθα
885 4171 1132 4248 καὶτοὺς
1161 4172 1225 4224 ὲκ
1273 4171 1372 4241 τῆς
1427 4173 1692 4242 ἀνατολῆς
1753 4175 1893 4244 ἱερου

327 4261 558 4330 πρεπεῖς
584 4261 804 4329 ἄνδρας,
867 4260 1120 4332 Ἰωάννην
1154 4263 1250 4316 καὶ
1314 4263 1515 4334 Θωμᾶν
1571 4263 1732 4339 λόγου
1797 4266 1894 4318 καὶ

327 4348 582 4418 γνώσεως
613 4353 962 4420 μετέχοντας,
1007 4355 1101 4406 καὶ
1129 4353 1386 4425 εὐλαϐείᾳ.
1447 4355 1544 4408 καὶ
1593 4356 1891 4426 σεμνότητι

1993 566 2182 621 pacem
2223 566 2397 605 meam
2429 551 2679 619 relinquo
2708 549 2863 604 vobis
2897 549 2968 601 ”.
3007 567 3026 599 ›
3059 547 3234 618 Cujus
3273 548 3348 602 rei
3393 551 3566 620 gratia

1991 650 2305 698 soritestans
2331 641 2591 697 omnibus
2623 640 2780 696 nobis
2806 639 2896 695 ille
2915 639 3010 708 qui
3045 649 3232 709 raptus
3259 639 3317 693 in
3345 639 3565 694 tertium

1992 733 2214 794 omium,
2242 741 2295 787 et
2343 733 2396 786 in
2431 731 2747 800 paradisum
2781 730 3064 800 ingressus
3101 728 3310 784 audivit
3363 743 3564 784 arcana

1993 824 2176 888 verba,
2230 823 2436 878 Paulus
2491 823 2702 878 scilicet
2761 821 2982 876 divinus
3020 820 3301 890 apostolus
3331 823 3568 876 asseruit

1991 915 2218 969 dicens:
2260 931 2280 964 ι
2318 912 2573 968 Christus
2603 921 2688 967 est
2721 929 2826 982 pax
2865 913 3199 982 nostra,_qui
3231 911 3362 966 fecit
3411 924 3565 966 utra-

1991 1020 2098 1073 que
2123 1019 2288 1057 unum
2322 1021 2337 1070 ;
2368 1013 2423 1058 et
2455 1001 2693 1058 medium
2733 1003 2994 1071 parietem
3039 1002 3296 1058 maceria:
3365 1003 3566 1057 dissol-

1992 1111 2124 1151 vens
2155 1093 2452 1166 [dissolvit]
2489 1095 2532 1126 "
2567 1111 2581 1157 ;
2613 1093 2962 1148 inimicitiam
3015 1093 3068 1148 in
3102 1107 3268 1148 carne
3301 1108 3397 1148 sua
3433 1094 3471 1125 ”
3494 1135 3508 1148 .
3541 1113 3560 1144 ι

1994 1188 2060 1241 Et
2119 1203 2314 1242 rursus
2387 1185 2972 1242 The’ssaioriicensibus
3049 1171 3366 1256 praecipiens
3445 1189 3562 1240 ait:

1997 1296 2015 1328 ι
2051 1276 2257 1346 itaque,
2290 1275 2511 1340 fratres,
2567 1283 2730 1339 state,
2790 1287 2844 1329 et
2871 1283 3049 1330 tenete
3081 1275 3399 1330 traditiones
3427 1290 3565 1344 quas

1989 1365 2257 1422 didicistis
2288 1365 2404 1420 sive
2426 1380 2522 1434 per
2546 1361 2877 1428 sermonem,
2901 1363 3014 1417 sive
3031 1380 3126 1432 per
3151 1365 3438 1432 epistolam
3459 1379 3560 1417 no-

1990 1463 2158 1510 stram
2185 1455 2226 1485 ¹⁸
2251 1495 2265 1507 .
2297 1473 2316 1504 ι
2359 1452 2464 1507 Sed
2491 1453 2747 1520 quoniam
2777 1451 3141 1520 iuimicusqui
3170 1451 3239 1506 ab
3275 1452 3434 1505 initio
3467 1467 3564 1506 ne-

1989 1563 2152 1614 quam
2185 1555 2267 1600 est
2285 1531 2554 1606 diabblus,
2589 1543 2918 1598 nondimisit
2945 1558 3044 1614 per
3081 1543 3293 1597 diversa
3321 1553 3563 1613 tempora

1987 1637 2308 1694 aediﬁcatam
2327 1649 2490 1705 supra
2522 1634 2940 1690 fundamentum
2969 1635 3406 1702 apostolorumet
3438 1650 3564 1703 pro-

1992 1731 2274 1798 phetarum
2291 1725 2616 1788 Ecclesiam,
2637 1725 2938 1788 secundum
2965 1726 3112 1794 quod
3135 1725 3238 1780 sibi
3268 1725 3442 1778 visum
3458 1737 3558 1788 est,

1991 1817 2300 1874 discindere
2323 1826 2491 1884 atque
2544 1813 2914 1882 disrumpere,
2973 1822 3147 1868 semet
3183 1811 3428 1867 inferens
3467 1829 3564 1882 per

1991 1907 2256 1974 quosdam
2313 1918 2373 1958 se
2418 1907 2712 1970 sequentes
2767 1901 2917 1956 viros
2980 1902 3192 1967 malos;
3250 1911 3306 1956 et
3351 1901 3562 1957 zizania

1991 1991 2428 2062 superseminare
2463 1992 2515 2045 in
2553 1992 2777 2061 regione
2805 1991 2926 2058 hac,
2955 2007 3076 2062 qua:
3105 1993 3254 2046 culta
3288 2001 3373 2047 est
3412 2009 3442 2046 a
3470 2001 3560 2046 tu—

1991 2086 2074 2142 bis
2107 2084 2368 2154 Spiritus,
2396 2083 2660 2153 apostolis
2709 2082 2918 2138 scilicet
2962 2083 3168 2139 sanctis
3203 2100 3216 2136 :
3271 2082 3374 2151 ipsi
3409 2083 3556 2136 enim

1993 2179 2188 2232 virtute
2213 2192 2276 2232 ex
2317 2177 2428 2230 alto
2456 2187 2698 2246 accepta,
2738 2186 2793 2231 et
2853 2176 2954 2230 hac
2980 2175 3180 2230 divina:
3228 2175 3400 2230 sulcis
3429 2189 3560 2244 ope-

1991 2267 2222 2324 rationis
2261 2267 2564 2336 proscissa,
2584 2281 2779 2324 escam
2809 2276 3028 2323 aeterna:
3057 2267 3181 2321 vitre
3212 2267 3562 2334 reliquerunt

1993 2359 2077 2414 bis
2105 2359 2198 2429 qui
2226 2374 2320 2429 per
2341 2359 2490 2428 ipsos
2521 2359 2896 2422 crediderunt,
2947 2359 3276 2428 carpendam
3309 2375 3323 2410 :
3367 2359 3558 2412 horum

1991 2449 2294 2519 deiloquam
2335 2449 2638 2504 doctrinam
2683 2453 2857 2506 sancti
2887 2462 3066 2520 patres
3108 2432 3302 2506 nostri.
3333 2450 3424 2519 qui
3459 2449 3560 2503 hu-

1985 2539 2079 2608 jus
2127 2549 2376 2608 pastores
2406 2551 2458 2593 et
2499 2537 2758 2593 custodes
2812 2553 2907 2608 per
2958 2539 3172 2608 singula
3223 2539 3372 2592 fuere
3422 2551 3562 2593 tem-

1991 2645 2156 2700 pera,
2209 2629 2592 2698 suscipientes,
2656 2629 2892 2694 zizania,
2950 2630 3000 2683 id
3064 2639 3150 2684 est
3217 2631 3454 2684 haereses
3509 2639 3564 2684 et

1995 2723 2258 2776 novitates
2296 2721 2577 2776 addititias
2632 2719 2965 2794 [subreptus]
3010 2731 3172 2790 atque
3224 2721 3564 2776 introductus

1995 2813 2256 2868 radicitus
2309 2813 2680 2878 exciderunt;
2733 2821 2790 2868 et
2829 2828 3066 2868 messem
3123 2813 3380 2867 mundam
3432 2829 3566 2867 arvo

1993 2913 2474 2960 conservaverunt.
2519 2903 2710 2960 Vestra
2753 2919 2885 2976 ergo
2935 2904 3184 2973 fraterna
3241 2915 3296 2960 et
3349 2921 3565 2960 summo

1994 2994 2272 3064 pontificio
2290 2985 2552 3052 decorata
2577 2995 2845 3052 sanctitas
2875 3010 3002 3050 cum
3039 2997 3124 3050 his
3149 3011 3244 3064 per
3278 2997 3565 3066 deiloquas

1997 3101 2125 3140 suas
2179 3086 2459 3142 doctrinas
2511 3086 2919 3156 quodammodo
2971 3090 3358 3152 sermocinata,
3388 3095 3436 3142 et.
3495 3089 3564 3141 ab

1991 3178 2070 3234 eis
2095 3187 2320 3248 accepto
2357 3179 2604 3234 veritatis
2661 3179 2851 3243 verbo,
2888 3177 3142 3248 spinosas
3189 3181 3388 3234 herbas
3445 3195 3568 3246 qua:

1991 3286 2138 3324 nunc
2174 3270 2650 3340 germinaveruut,‘
2676 3268 3118 3324 ﬁdelissimorum
3143 3277 3198 3322 et
3216 3270 3564 3338 pacilicorum

1993 3363 2383 3432 imperatorum
2413 3363 2626 3416 veritati
2645 3361 3014 3428 concordatis,
3038 3361 3270 3417 evellere
3290 3361 3565 3416 machaera

1992 3455 2216 3524 spiritus
2241 3453 2544 3518 iestinavit,
2577 3457 2802 3508 mittens
2825 3455 3130 3513 secundum
3169 3455 3434 3523 scriptam
3459 3453 3564 3508 sibi

1991 3545 2308 3614 petitionem
2342 3555 2608 3609 nostram,
2660 3544 2731 3598 ad
2765 3544 3134 3602 universalcm
3185 3545 3454 3614 synodum
3485 3544 3568 3598 fa-

1992 3637 2237 3692 ciendam
2266 3635 2578 3705 aequixoeos
2637 3633 2786 3689 viros
2839 3634 3105 3704 principis
3188 3634 3564 3703 apostolorum

1992 3729 2158 3784 Petri.
2200 3727 2410 3794 Quibus
2441 3726 2882 3788 advenientibus,
2914 3725 2986 3795 pii
3023 3734 3081 3780 et
3131 3724 3566 3794 tranquillissimi

1993 3811 2349 3887 imperatores
2376 3815 2546 3871 nostri
2579 3831 2674 3871 eos
2712 3815 2948 3885 benigne
2975 3813 3356 3882 suscipientes,
3381 3813 3446 3866 ad
3467 3828 3568 3867 nos

1991 3909 2434 3980 jubebautmitti,
2464 3922 2556 3978 per
2585 3922 2680 3962 eos
2709 3906 2924 3962 litteras
2948 3913 3159 3960 vestras
3204 3905 3361 3959 nobis
3391 3903 3570 3958 susei-

1996 4003 2288 4072 pientibus.
2324 3999 2388 4054 Et
2433 3999 2600 4054 locuti
2639 4013 2765 4053 cum
2818 3999 2926 4053 illis
2956 4013 3078 4068 quae
3140 3995 3564 4062 conveniebant,

1993 4092 2382 4148 advocavimus
2407 4099 2462 4147 et
2497 4106 2592 4146 eos
2621 4089 2715 4160 qui
2745 4089 2814 4145 ab
2848 4087 3070 4144 Oriente
3091 4095 3354 4142 venerant
3381 4101 3567 4142 sacer-

1995 4184 2142 4239 dotio
2163 4182 2449 4237 decoratos
2485 4181 2652 4250 viros,
2698 4178 2963 4236 Joannem
2999 4186 3054 4232 et
3087 4176 3376 4240 Thomam,
3417 4175 3568 4231 verbi

1994 4285 2048 4331 et
2068 4275 2310 4331 scientia:
2343 4273 2661 4344 participes,
2689 4281 2857 4341 atque
2885 4269 3188 4346 reverentia
3217 4276 3274 4322 et
3297 4267 3567 4324 modestia

1997 4375 2358 4438 perornatus:
2418 4366 2646 4420 aderant
2699 4363 2848 4419 enim
2873 4363 2967 4418 hic
3013 4371 3068 4420 et
3105 4361 3209 4430 ipsi
3267 4376 3362 4442 per
3421 4360 3566 4415 idem

327 4442 778 4516 xsxpopnpévoag
806 4459 820 4472 ο
856 4444 1110 4514 παρῆσαν
1157 4444 1264 4515 γάρ
1295 4440 1529 4500 ἐνταῦθα
1587 4445 1733 4500 κατά
1797 4449 1890 4502 τὸν

2001 4468 2214 4528 tempus
2246 4457 2646 4528 pervenientes.
2687 4453 2878 4524 itaque
2925 4440 3570 4522 congregatis‘omnibus

329 4532 496 4585 αὑτὸν
528 4532 718 4602 καιρὸν
745 4533 838 4586 καὶ
868 4535 1023 4588 αὐτοὶ
1066 4535 1408 4606 ἐληλυθότες.
1469 4540 1582 4594 Καὶ
1633 4540 1698 4610 δὴ
1767 4557 1893 4596 συν-

331 4623 732 4694 αθροισθέντων
765 4626 980 4680 πάντων
1011 4627 1120 4680 τῶν
1148 4629 1418 4700 θεοφιλῶν
1447 4632 1769 4688 ἐπισκόπων
1798 4635 1896 4704 τῆς

330 4712 567 4766 ἐνταῦθα
590 4712 912 4784 διοικήσεως
957 4718 1076 4769 κατ’
1106 4718 1386 4774 ἐπίνευσιν
1421 4725 1518 4775 καὶ
1553 4723 1698 4777 θεῖον
1732 4724 1894 4794 ζῆλον

329 4805 439 4857 τῶν
476 4807 816 4860 πιστοτάτων
865 4809 958 4876 καὶ
987 4809 1227 4862 εύσεόῶν
1255 4809 1524 4880 βασιλέων
1559 4814 1736 4886 ἡμῶν,
1761 4819 1898 4871 καθ-

331 4899 464 4965 έδρα
519 4899 738 4952 συνόδου
764 4900 1008 4967 γέγονεν.
1055 4901 1216 4957 Ἀλλά
1235 4920 1380 4968 τινες
1409 4907 1469 4973 ἐξ
1497 4907 1753 4978 ἀφρόνων
1773 4929 1900 4982 φρε-

331 4989 439 5043 νῶν
479 4989 1084 5064 κινηθέντες,”ταραχὴν
1133 4997 1192 5048 ὲν
1249 4997 1461 5062 ἑαυτοῖς
1513 5005 1898 5074 ποιησάμενοι,

334 5081 701 5152 ἐξανέστησαν
745 5085 892 5155 ἡμᾶς
915 5085 1016 5154 τῆς
1067 5087 1336 5159 καθέδρας
1366 5106 1380 5120 ·
1421 5092 1516 5144 καὶ
1544 5094 1898 5163 κωλυθέντες,

333 5176 575 5262 ἐνιαυτὸν
603 5177 700 5230 ἕνα
732 5179 910 5250 ἠσυχῆ
932 5181 1300 5252 διεμείναμεν.
1331 5183 1437 5237 Τοῦ
1462 5183 1522 5238 δὲ
1543 5187 1734 5258 χρόνου
1759 5206 1901 5262 παρ-

334 5266 602 5330 ελθόντος.
651 5264 808 5330 αὖθις
865 5271 916 5323 oi
957 5271 1228 5341 θεοφιλεῖς
1257 5275 1548 5339 ἐπίσκοποι
1607 5279 1898 5352 συναθροί-

335 5358 523 5422 ζεσθαι
554 5364 610 5414 ἐν
637 5363 703 5430 τῇ
737 5359 985 5416 Νικαέων
1006 5364 1237 5437 λαμπρᾷ
1270 5369 1606 5438 μητροπόλει
1632 5371 1730 5442 τῆς
1749 5371 1900 5426 Βιθυ-

336 5449 444 5502 νῶν
481 5451 747 5522 ὲπαρχίας
781 5456 931 5523 παρά
962 5456 1070 5508 τῶν
1123 5459 1368 5511 εὐσεϐῶν
1423 5460 1689 5530 βασιλέων
1741 5465 1898 5534 ήμῶν

337 5538 672 5596 ἐκελεύοντο.
699 5543 809 5594 Καὶ
840 5543 903 5615 δὴ
936 5547 1094 5615 ἡμεῖς
1124 5549 1492 5620 συνεκδήμους
1523 5553 1653 5622 ἡμῖν
1708 5553 1896 5607 λαϐόν-

409 5719 453 5754 ¹⁸
474 5719 635 5777 Joau.
674 5740 782 5790 xiv,
807 5724 896 5778 27.
976 5729 1016 5759 ιε
1048 5726 1241 5786 ilCor.
1288 5747 1382 5798 xu,
1411 5734 1526 5787 2-1.

1997 4554 2108 4609 Deo
2137 4550 2464 4606 notabilibus
2492 4548 2769 4618 episcopis
2801 4547 2966 4617 hujus
2993 4546 3316 4608 dimceseos,
3341 4561 3434 4614 per
3465 4559 3572 4597 nu-

1993 4653 2108 4700 tum
2141 4655 2196 4699 et
2238 4642 2488 4697 divinum
2539 4640 2720 4693 zelum
2777 4639 3215 4697 ﬁdelissimorum
3244 4647 3298 4692 et
3355 4636 3572 4706 piorum

1993 4737 2412 4805 imperatorum,
2447 4733 2623 4787 sessio
2657 4731 2852 4802 synodi
2887 4730 3032 4788 facta
3059 4739 3166 4786 est.
3213 4729 3316 4784 Sed
3347 4728 3570 4797 quidam

1995 4843 2061 4881 ex
2084 4825 2382 4880 insensalis
2419 4823 2678 4878 sensibus
2707 4823 2861 4887 moti,
2903 4823 3381 4889 turbatiouemque
3427 4819 3574 4874 intra

2005 4932 2063 4971 se
2092 4915 2380 4980 facientes,
2407 4929 2708 4986 exsurgere
2770 4929 2870 4968 nos
2897 4913 3146 4974 fecerunt
3177 4927 3230 4976 ,ε
3265 4926 3527 4968 consessu
3553 4928 3568 4965 :

2005 5017 2059 5062 et
2099 5005 2382 5076 prohibiti,
2432 5020 2578 5060 attito
2633 5019 2744 5060 uno
2780 5005 2932 5060 taciti
2962 5005 3286 5060 mansimus.
3317 5005 3388 5056 At
3444 5018 3572 5058 vero

2005 5111 2148 5152 anno
2169 5103 2473 5159 transacto,
2503 5109 2698 5152 rursus
2721 5093 2830 5149 Deo
2855 5093 3118 5149 amabiles
3145 5093 3407 5162 .episcopi
3439 5109 3573 5146 cou-

2003 5188 2216 5258 gregari
2241 5189 2297 5242 in
2343 5186 2705 5242 Nicaeensium
2747 5187 2894 5245 clara
2926 5185 3210 5256 metmpoii
3254 5184 3574 5256 Bithynicu-

2005 5280 2147 5335 sium
2178 5279 2476 5348 provinciae
2500 5295 2530 5334 a
2561 5279 2666 5348 piis
2701 5279 3130 5349 imperatoribus
3183 5277 3386 5333 nostris
3427 5277 3568 5344 jussi

2005 5383 2152 5427 sunt.
2189 5372 2470 5442 Siquidem
2523 5383 2576 5426 et
2607 5387 2709 5426 nos
2743 5371 2978 5426 comites
3028 5369 3184 5424 nobis
3238 5367 3572 5422 ascisceutes

2007 5464 2114 5519 Deo
2137 5465 2403 5520 amabiles
2435 5465 2582 5518 viros
2610 5473 2666 5518 et
2696 5464 2804 5518 ioci
2827 5472 3135 5518 servatores
3163 5467 3396 5518 vestros,
3412 5455 3571 5508 simi-

1997 5557 2122 5612 liter
2154 5568 2204 5612 et
2228 5571 2323 5612 eos
2345 5558 2436 5626 qui
2468 5555 2536 5612 de
2561 5555 2780 5612 Oriente
2813 5563 3090 5620 venerant,
3134 5548 3473 5622 perreximus
3501 5544 3572 5598 ad

1609 5739 1648 5768 ¹⁷
1675 5737 1868 5804 i'lpitt‘s.
1902 5755 1960 5805 tt,
2001 5739 2086 5793 ii.
2165 5741 2205 5770 ”
2236 5738 2277 5794 ΙΙ
2303 5737 2465 5794 Thes.
2511 5756 2570 5806 ll,
2611 5739 2692 5794 Η-
