4090 6286
372 387 513 458 alii

1825 392 1946 450 EPI
1957 391 2229 450 STOL/E.

3497 389 3633 452 14·ίέ

379 520 508 557 νων.
565 501 851 562 "hastato;
887 500 994 568 γάρ
1021 499 1138 551 ἐστι
1173 498 1267 552 καὶ
1293 498 1741 568 ἀκαταμάχητος,
1768 495 1833 570 ἧς
1857 500 1952 550 πύ-

2071 499 2192 553 lzns.
2235 496 2538 552 lmmobilis
2564 497 2707 551 enim
2736 505 2819 552 est.
2847 506 2896 551 et
2931 497 3365 567 inexpugnabilis
3395 516 3408 550 :
3437 501 3635 553 adsere

377 596 466 648 λαι
496 593 624 663 ᾅδου
653 591 746 644 καὶ
773 591 1030 652 ἀπιστίας
1063 591 1124 642 ού
1159 589 1490 659 κατισχῦσαι
1523 605 1652 641 ποτε
1688 587 1948 658 δυνήσοντ

377 703 488 748 ται,
521 684 596 746 ὡς
619 684 685 736 ὲκ
715 681 816 750 τῆς
856 682 1143 752 Κυρωκῆς
1175 683 1362 752 φωνῆς
1393 683 1730 752 ἠκούσαμεν.
1785 691 1808 733 ἰ
1840 683 1948 736 Καὶ

377 771 672 842 ἐπληρώθη
704 771 879 842 χαρᾶς
907 771 970 825 τὸ
1011 773 1190 843 στόμα
1255 773 1434 844 ἡμῶν,
1483 775 1581 828 καὶ
1637 775 1673 844 ή
1729 773 1949 842 γλῶσσα

379 865 537 936 ἡμῶν
561 865 940 934 ἀγαλλιάσεως
969 879 986 897 ν
1019 883 1039 917 ι
1070 866 1166 920 καὶ
1193 865 1534 936 ἐγενήθημεν
1590 865 1952 936 εὐφραινόμε-

379 972 460 1008 νοι
490 957 548 1008 ἐν
575 959 642 1028 τῇ
687 952 1056 1032 Ἐκκλησίᾳῇ
1111 957 1568 1030 προκαθεζόμεθα
1625 956 1769 1010 κατὰ
1817 956 1950 1010 Θεοῦ

381 1044 656 1115 βούλησιν.
699 1048 887 1102 Ταῦτα
925 1045 1020 1120 οὖν(
1081 1049 1364 1116 γεγόνασι,
1425 1046 1664 1118 Χριστοῦ
1711 1045 1808 1100 τοῦ
1861 1048 1954 1100 ἐπὶ

380 1137 597 1192 πάντων
628 1137 787 1208 ἡμῶν
815 1138 950 1192 Θεοῦ
983 1140 1398 1209 εὐδοκήσαντος,
1431 1139 1521 1193 διά
1573 1137 1683 1192 τῶν
1738 1140 1954 1211 690066-

379 1225 486 1291 ξων
523 1229 618 1282 καὶ
663 1227 1055 1300 ἀνδρειοτάτων
1092 1228 1249 1300 ἡμῶν
1291 1229 1576 1300 βασιλέων.
1629 1230 1794 1284 Αὐτοὶ
1843 1231 1954 1302 γάρ

379 1319 522 1373 κατὰ
553 1320 756 1384 παντὸς
795 1321 962 1375 τόπου
999 1321 1099 1384 τὰς
1135 1321 1339 1384 σεπτάς
1375 1321 1595 1385 εἰκόνας
1625 1323 1952 1394 ἀνέστησαν,

377 1410 438 1463 ἒν
471 1429 530 1465 τε
563 1411 884 1482 σεϐασμίοις
917 1415 1090 1476 ναοῖς,
1120 1413 1215 1466 καὶ
1245 1413 1306 1466 ὲν
1331 1414 1450 1476 ταῖς
1473 1412 1666 1476 αὐλαῖς
1715 1413 1828 1466 τῶν
1859 1413 1952 1482 βα-

383 1505 600 1558 σιλείων
649 1505 851 1582 αύτῶν.
887 1499 984 1570 Οἷς
1029 1505 1234 1576 Κύριος
1285 1507 1313 1559 ό
1370 1505 1504 1569 Θεὸς
1552 1505 1654 1576 τὴν
1689 1505 1956 1560 ἀντίδοσιν

385 1593 684 1662 παράσχοι.
759 1593 912 1664 ὑψῶν
959 1595 1022 1648 τὸ
1075 1595 1244 1668 κέρας
1292 1595 1392 1664 τῆς
1449 1594 1725 1665 βασιλείας
1775 1595 1958 1649 αὐτῶν

385 1683 522 1754 πρός
550 1699 609 1736 τε
657 1685 882 1756 εἰρήνην
906 1684 1016 1739 τῶν
1053 1686 1389 1758 Ἐκκλησιῶν
1432 1687 1620 1754 αὐτοῦ,
1654 1691 1752 1743 καὶ
1785 1705 1960 1758 σωτη-

384 1774 509 1844 ρίαν
540 1775 758 1830 πάντων
810 1777 970 1848 ἡμῶν
993 1777 1102 1832 τῶν
1124 1778 1496 1850 Χριστιανῶν.
1548 1781 1647 1852 Εῐη
1674 1779 1737 1834 τὸ
1785 1779 1956 1850 δνομα

2059 607 2154 644 sus
2179 591 2337 660 cujus
2363 591 2520 645 [idem
2563 596 2733 659 poi-tae
2760 588 2918 643 inferi
2947 595 3002 640 et
3046 587 3380 642 inﬁdelitatis
3424 603 3633 658 prtevac

2052 682 2162 736 lere
2190 697 2296 735 non
2328 688 2605 748 poterunt,
2642 679 2784 734 sicut
2829 694 2896 732 ex
2945 677 3226 732 Dominica
3273 691 3408 732 τοι-ε
3468 679 3620 732 audi-

2051 772 2230 825 vimus
2281 773 2328 803 ’θ
2365 811 2378 825 .
2463 789 2480 820 ι
2508 769 2574 824 Ει
2598 769 2862 839 repletum
2909 778 2989 824 est
3025 767 3224 837 gaudio
3263 782 3328 824 os
3362 776 3634 832 nostrum,

2051 873 2105 916 et
2132 861 2316 930 lingua
2369 869 2550 915 nostra
2587 861 2954 916 exsultatione
3005 861 3089 912 ":
3128 877 3147 911 ι
3185 867 3240 912 et
3265 858 3391 912 l'acti
3443 875 3636 913 sumus

2052 953 2296 1007 laetantes
2343 952 2398 1006 in
2462 951 2729 1013 Ecclesia.
2791 951 2879 1004 cui
2922 949 3284 1020 przesidemns
3325 950 3632 1004 secundum

2057 1044 2148 1100 Dei
2196 1044 2550 1099 voluntatem.
2605 1041 2732 1098 Haec
2778 1042 2963 1111 itaque
3013 1043 3152 1096 facta
3199 1051 3330 1095 sunt
3383 1041 3631 1108 Christo,

2054 1135 2146 1204 qui
2174 1149 2340 1203 super
2371 1135 2558 1189 omnia
2583 1133 2728 1188 Deus
2753 1143 2940 1187 noster
2995 1141 3102 1196 est,
3127 1133 3364 1196 volente,
3399 1147 3496 1202 per
3545 1146 3636 1186 or-

2055 1225 2326 1280 tbodoxos
2358 1234 2413 1280 et
2464 1223 2798 1280 fortissimos
2842 1223 3205 1292 imperatores
3240 1233 3478 1278 nostros.
3526 1223 3637 1290 Ipsi

2054 1316 2201 1370 enim
2227 1315 2280 1369 in
2307 1315 2460 1372 omni
2481 1315 2604 1369 loco
2630 1313 2968 1366 vrnerahiles
3020 1312 3288 1380 imagines
3318 1324 3636 1374 erexerunt,

2057 1416 2165 1461 tam
2191 1405 2399 1460 srilicet
2438 1405 2495 1460 in
2553 1404 2927 1469 celeberrimis
2961 1404 3201 1471 templis.
3253 1418 3417 1470 quam
3456 1405 3508 1455 in
3551 1420 3638 1457 re-

2057 1497 2270 1569 galibus
2300 1495 2514 1566 palatiis
2544 1495 2684 1550 suis.
2733 1495 2945 1562 Quibus
2967 1495 3230 1550 Dominus
3265 1493 3636 1548 Detts\icissi-

2059 1588 2302 1642 tudinem
2339 1587 2566 1648 tribuat,
2598 1586 2847 1642 exaltans
2893 1601 3062 1641 cornu
3097 1585 3246 1654 regni
3281 1599 3469 1638 eorum
3527 1595 3636 1638 tam

2058 1680 2124 1735 ad
2162 1693 2354 1749 pacem
2385 1677 2754 1734 Ecclesiarum
2787 1691 3034 1738 suarum,
3071 1691 3236 1745 quam
3299 1675 3364 1728 ad
3406 1676 3638 1728 salutem

2059 1771 2304 1826 omnium
2336 1769 2795 1826 Christianorum.
2836 1766 2902 1822 Et
2957 1767 3028 1821 sit
3081 1781 3282 1820 nomen
3317 1767 3438 1834 ejus
3472 1765 3638 1820 bene-

381 1863 550 1918 αὐτοῦ
595 1837 972 1939 εὐλογημένον
1017 1871 1100 1934 εἰς
1135 1837 1262 1934 τοὺς
1301 1869 1506 1934 αἰῶνας
1541 1837 1653 1924 τῶν
1715 1837 1954 1926 αἰώνων.
1987 1837 2029 1891 Β
2057 1857 2262 1914 (“clum
2292 1858 2348 1913 in
2373 1859 2572 1917 $300k!
2606 1857 2956 1912 εωευιθῑυιηο
2993 1859 3186 1910 Μηθυ-

399 1957 592 2026 Ἀμήν.

1116 2045 1194 2100 Γ’.

391 2129 475 2198 1‘63
501 2133 573 2187 τὰ
600 2133 799 2188 πάντα
843 2134 1144 2206 ἁγιωτάτῳ
1177 2137 1280 2192 καὶ
1305 2139 1734 2208 μακαριωτάτη)
1777 2141 1957 2196 ἁδελ-

447 2222 546 2292 φῷ
578 2225 679 2278 καὶ
711 2228 1182 2296 συλλειτουργῷ,
1227 2229 1412 2298 κυρίῳ
1460 2229 1738 2298 Ἀδριανῷ
1787 2231 1960 2298 «(ista

454 2316 570 2381 τῆς
591 2317 1006 2385 πρεσϐυτέρας
1060 2317 1308 2388 Ῥώμης,
1367 2321 1658 2388 Ταράσιος
1711 2323 1962 2388 ἀνάξιος

447 2407 792 2542 ’Ξῖἑσκοπος
867 2412 1571 2476 Κωνσταντινουπόλεως
1625 2411 1695 2464 ἐν
1768 2415 1963 2480 Κιφίῳ

557 2492 712 2542 patr.

557 2492 712 2542 ρειν.

459 2561 796 2632 Πολυμερῶς
853 2563 945 2618 καὶ
997 2563 1368 2642 πολυτρόπως,
1395 2565 1788 2636 εὐαγγελικῶῖ,
1823 2567 1960 2620 ἁπο-

390 2655 653 2720 στολικῶς
703 2673 761 2709 τε
787 2659 882 2710 καὶ
915 2656 1198 2729 πατρικῶς
1225 2657 1596 2730 διδασκόμεθα
1653 2659 1960 2730 ἀφιλάργυ-

299 2800 306 2805 .
388 2765 485 2820 ρον
531 2751 732 2822 τρόπον
763 2748 908 2819 ἔχειν
931 2752 989 2802 ὲν
1013 2752 1081 2819 τῇ
1111 2749 1212 2819 τῆς
1237 2751 1538 2822 ἱερωσύνης
1570 2751 1845 2822 ἀγιστείᾳ,
1869 2751 1965 2804 καὶ

391 2839 470 2909 μὴ
503 2839 862 2910 χρυσίζεσθαι
915 2840 950 2912 ἢ
1004 2841 1401 2912 ἀργυρίζεσθαι
1459 2841 1494 2912 ἢ
1553 2841 1963 2913 σφετερίζεσθαι

389 2929 484 2980 ἐπὶ
524 2929 831 3000 χειροτονίᾳ
857 2927 1056 2992 παντὸς
1093 2926 1369 2998 ἱερατικοῦ
1407 2927 1621 2998 ἀνδρὸς,
1647 2928 1722 2990 ὡς
1748 2926 1963 2981 ὑποδεί-

389 3018 553 3090 ξομεν
591 3020 650 3072 ἐν
675 3020 798 3082 ταῖς
827 3017 1410 3088 καθυποτεταγμέναις
1443 3019 1704 3089 χρήσεσιν
1745 3019 1853 3072 ἀπό
1904 3034 1964 3070 τε

387 3109 676 3179 γραφικῶν
705 3107 1005 3179 θεηγοριῶν
1037 3107 1132 3160 καὶ
1183 3106 1466 3180 πατρικῶν
1496 3106 1875 3162 διδασκαλιῶν.
1902 3108 1964 3160 υἱ

388 3199 498 3270 γὰρ
526 3197 859 3260 ἐπιτιθέντες
890 3199 988 3262 τὰς
1018 3201 1226 3269 χεῖρας,
1255 3197 1522 3269 ὑπηρέται
1567 3198 1660 3250 τοῦ
1715 3197 1966 3267 Πνεύμα-

387 3291 480 3354 τός
518 3292 689 3354 είσιν,
727 3291 848 3360 οὐχὶ
883 3290 1090 3359 πράται
1117 3290 1212 3342 τοῦ
1237 3289 1574 3361 Πνεύματος.
1601 3289 1820 3361 Δωρεάν
1855 3289 1966 3360 γάρ

388 3379 644 3445 λαϐόντες
690 3381 790 3452 τὴν
823 3380 985 3452 χάριν
1015 3379 1112 3434 τοῦ
1144 3381 1484 3452 Πνεύματος,
1547 3380 1755 3450 δωρεάν
1821 3380 1962 3434 δίδο-

390 3467 516 3528 σθῖαι
530 3475 642 3538 τοῖς
665 3461 986 3545 παράὑτῶν
1007 3473 1518 3544 μεταλαμϐάνουσιν
1533 3473 1880 3542 ἀπεφήναντο
1901 3475 1965 3525 ὲκ

388 3565 489 3636 τῆς
517 3563 788 3634 κυριακῆς
817 3564 1001 3632 φωνῆς
1038 3563 1246 3632 ταύτην
1273 3563 1374 3632 τὴν
1433 3563 1849 3634 ἐλευθεριότητα
1882 3563 1963 3614 εί-

389 3654 642 3727 ληφότες.
683 3655 750 3707 Ei
784 3653 842 3706 δέ
865 3670 950 3716 τις
983 3652 1268 3724 ἐλεγχθείη
1321 3652 1533 3723 χρυσίῳ
1567 3653 1770 3724 ταύτην
1819 3653 1963 3722 ὠνη-

393 3746 652 3814 σάμενος,
710 3745 1104 3814 ἀποκήρυκτον
1159 3743 1536 3814 διαγορεύουσι
1588 3744 1680 3798 τὸν
1727 3744 1964 3797 τοιοῦτον

388 3839 488 3910 τῆς
519 3837 799 3908 ἱερατικῆς
815 3835 1019 3902 τάξεως
1040 3835 1274 3910 [alitus].
1302 3837 1364 3890 Et
1385 3837 1492 3908 γάρ
1513 3835 1610 3890 καὶ
1629 3837 1852 3908 ὀνόματι
1867 3837 1964 3908 τὴν

395 3929 699 4000 ἱερωσύνην
723 3927 1092 3998 κεκλήρωται,
1119 3927 1234 3982 ἀλλ’
1262 3923 1356 3982 οὖν
1381 3928 1725 3996 διαψεύδεται
1755 3931 1782 3981 ό
1807 3929 1964 3997 λόγος

393 4022 488 4074 ἐπὶ
512 4019 590 4091 τῷ
617 4020 922 4090 πράγματι.
958 4019 1146 4083 Οὐδεὶς
1165 4019 1274 4090 γὰρ
1305 4019 1424 4090 Θεῷ
1451 4018 1718 4072 δουλεύειν
1745 4019 1965 4074 δύναται

394 4113 490 4163 καὶ
525 4100 826 4182 μαμμωνᾷ,
862 4109 939 4174 ὡς
973 4109 1350 4180 εὐαγγελικῶς
1379 4111 1674 4182 ἐμάθομεν.
1700 4113 1810 4165 Καὶ
1845 4111 1966 4163 ἐπεὶ

387 4197 705 4270 ἠκούσαμεν
743 4199 1096 4268 προφητικῶς
1113 4197 1209 4252 τοῦ
1241 4199 1374 4252 Θεοῦ
1409 4197 1659 4269 βοῶντος,
1690 4217 1709 4250 ι
1755 4199 1964 4266 Ἱερεῖς,

393 4289 662 4360 λαλήσατε
699 4291 780 4354 είς
803 4290 903 4361 τὴν
944 4289 1174 4362 καρδίαν
1213 4289 1577 4362 Ἰερουσαλήμ
1609 4304 1623 4320 ⁸
1671 4307 1689 4339 ›
1727 4287 1884 4352 αὖθίς
1906 4307 1964 4342 τε

395 4379 819 4444 ἐπαπειλοῦντος
856 4381 952 4432 καὶ
979 4379 1231 4448 λέγοντος
1253 4395 1268 4410 °
1306 4397 1326 4431 ι
1374 4379 1434 4432 ’0
1459 4379 1663 4442 σκοπὸς
1713 4378 1810 4432 ἐὰν
1882 4377 1967 4450 ἴδῃ

2807 2031 2898 2090 ΠΙ.

2063 2122 2165 2178 Per
2186 2124 2366 2177 omnia
2393 2123 2732 2178 sanctissimo
2758 2133 2808 2177 et
2855 2123 3160 2177 beatissimo
3219 2123 3380 2193 fratri
3405 2131 3455 2176 et
3496 2139 3640 2178 com-

2129 2215 2376 2268 ministro
2430 2213 2672 2267 Adriano
2715 2229 2869 2282 papa:
2906 2215 3130 2268 senioris
3158 2211 3339 2268 Roma:
3382 2212 3641 2268 Tarast'us

2131 2305 2380 2373 indignus
2409 2307 2684 2374 episcopus
2711 2304 3240 2374 Constantinopoleos
3273 2321 3420 2361 nova:
3461 2305 3640 2360 Romw

2131 2396 2185 2448 in
2215 2393 2444 2450 Domino
2473 2395 2701 2450 salutem
2725 2395 2826 2465 ('5).
2919 2465 2924 2468 _

2134 2571 2429 2628 Multifarie
2461 2572 2759 2643 multisque
2803 2573 3004 2640 modis,
3036 2575 3348 2644 evangeltee
3393 2574 3558 2630 simul
3586 2582 3641 2628 et

2062 2665 2363 2734 apostolice
2395 2674 2558 2735 atque
2580 2673 2806 2734 paterae
2833 2667 3099 2722 docemur
3129 2668 3248 2722 sine
3283 2667 3511 2733 avaritia
3540 2669 3640 2722 ha-

2061 2755 2190 2812 bere
2239 2770 2421 2811 mores
2464 2755 2520 2809 in
2564 2755 2857 2811 sacerdotii
2907 2757 3366 2821 sanctiﬁcatione.
3424 2768 3480 2814 et
3529 2775 3640 2813 non

2061 2863 2280 2915 aurum,
2315 2863 2424 2904 non
2472 2858 2782 2920 argentum,
2807 2855 2904 2904 aut
2953 2849 3157 2920 aliquid
3199 2851 3346 2904 aliud
3373 2865 3641 2920 usurpare

2063 2955 2228 3010 super
2257 2955 2457 2996 manus
2479 2940 2830 3011 impositione
2851 2941 3038 2996 omnis
3061 2943 3258 2996 sacrati
3285 2942 3412 3005 viri,
3440 2957 3638 3012 quem-

2063 3030 2356 3105 admodum
2417 3031 2775 3086 ostendemus
2812 3031 2876 3086 .in
2911 3033 3179 3088 ordinatis
3223 3033 3450 3089 interius
3483 3033 3638 3090 testi-

1991 3164 2034 3221 ο
2068 3123 2288 3187 muniis,
2325 3131 2434 3176 tam
2487 3138 2550 3178 ex
2607 3123 2909 3193 Scriptum
2960 3122 3163 3179 divina:
3215 3125 3637 3187 assertionibus,

2067 3227 2232 3282 quam
2259 3227 2326 3267 ex
2364 3213 2609 3283 paternis
2638 3213 2972 3283 magisteriis
2995 3216 3315 3284 assumptis.
3359 3214 3464 3282 Qui
3488 3217 3638 3274 enim

2064 3317 2263 3358 manus
2293 3301 2600 3372 imponunt,
2633 3303 2872 3358 ministri
2893 3313 3022 3360 sunt
3065 3305 3326 3374 Spiritus,
3357 3321 3468 3360 non
3505 3323 3640 3361 ven-

2065 3390 2273 3444 ditores
2297 3391 2572 3456 Spiritus;
2597 3391 2766 3460 gratis
2797 3391 3000 3462 quippe
3029 3393 3364 3462 accipientes
3395 3396 3636 3464 gratiam

2067 3481 2328 3551 Spiritus,
2359 3480 2530 3548 gratis
2554 3479 2750 3550 bisqui
2783 3497 2814 3536 a
2854 3497 2914 3537 se
2941 3484 3273 3552 percipiunt,
3325 3485 3460 3542 dare
3495 3501 3641 3556 pra:-

2063 3571 2364 3641 eipiuntnr,
2398 3587 2465 3626 ex
2499 3571 2782 3627 Dominica
2825 3586 2956 3628 voce
2995 3569 3137 3630 hanc
3173 3576 3483 3650 libertatein
3516 3578 3641 3649 |(.‘r.

2067 3661 2480 3734 liberalitatem]
2509 3663 2708 3732 adepti.
2745 3660 2800 3718 Si
2825 3663 2949 3732 quis
2978 3673 3156 3719 autem
3175 3669 3456 3734 convictus
3481 3668 3644 3726 fuerit

2065 3755 2299 3826 pecunia
2327 3755 2468 3809 lianc
2491 3754 2819 3822 obtinuisse,
2845 3755 3120 3822 abiectum
3187 3756 3304 3812 fore
3337 3758 3406 3814 ab
3450 3760 3644 3816 ordine

2065 3854 2258 3902 sancto
2318 3845 2666 3914 promulgant
2715 3844 3078 3915 hujusmodi:
3133 3855 3188 3902 et
3243 3847 3371 3902 licet
3418 3850 3642 3903 nomine

2066 3933 2436 3990 sacerdotium
2467 3934 2754 3997 sortiatur,
2791 3933 2884 3988 sed
2931 3930 3138 3987 fallitur
3185 3950 3366 3990 sermo
3389 3936 3444 3990 in
3477 3952 3642 3991 causa

2066 4025 2146 4098 [in
2181 4024 2289 4098 re].
2318 4025 2488 4079 Nemo
2547 4025 2691 4079 enim
2744 4024 2951 4078 servire
2978 4035 3158 4094 potest
3208 4025 3319 4082 Deo
3378 4035 3433 4082 et
3469 4044 3645 4082 mam-

2067 4135 2264 4186 monae,
2293 4120 2434 4175 sicut
2460 4134 2525 4174 ex
2555 4117 2850 4189 Evangelio
2877 4119 3172 4174 didicimus
3203 4121 3247 4152 "
3279 4159 3294 4174 .
3329 4120 3466 4186 Quia
3513 4137 3644 4176 vero

2064 4211 2380 4282 prophetico
2411 4211 2720 4266 audivimus
2741 4211 2854 4266 Deo
2891 4211 3199 4267 clamante:
3241 4229 3261 4263 ι
3289 4211 3644 4281 Sacerdotes,

2068 4304 2355 4375 loquimini
2405 4305 2472 4359 ad
2499 4319 2594 4359 cor
2636 4302 2938 4359 Jerusalem
2965 4302 3013 4334 ³³
3041 4321 3057 4368 ;
3087 4321 3106 4354 ι
3142 4318 3448 4373 rursusque
3493 4320 3646 4360 eom-

2068 4395 2314 4450 minante
2336 4403 2506 4464 atque
2529 4395 2780 4450 dicente:
2817 4413 2837 4445 ‹
2871 4393 3193 4464 Speculator
3224 4395 3271 4449 si
3299 4395 3494 4450 viderit
3523 4396 3646 4466 gla-

393 4471 498 4538 τὴν
550 4470 828 4539 ῥομφαίαν
869 4471 1194 4541 ἐρχομένην,
1225 4469 1319 4524 καὶ
1352 4469 1428 4541 μὴ
1475 4470 1693 4544 σημάνῃ
1723 4471 1789 4539 τῇ
1843 4469 1965 4522 σάλ-

2069 4483 2218 4539 dium
2249 4483 2580 4547 venientem,
2606 4490 2660 4536 et
2691 4482 3122 4538 noninsonuerit
3153 4482 3306 4547 tuba,
3326 4493 3380 4538 et
3409 4485 3642 4553 populus

397 4575 580 4627 πιγγι,
611 4559 705 4611 καὶ
732 4559 762 4610 ὁ
788 4559 914 4622 λαὸς
948 4561 1023 4630 μὴ
1063 4560 1386 4630 φυλάξηται,
1412 4561 1505 4612 καὶ¹
1531 4559 1808 4630 ὲλθοῦσαὴ
1833 4562 1968 4630 ῥομ-

398 4649 534 4718 φαία
579 4648 720 4722 λάϐῃ
751 4648 810 4713 ἐξ
853 4649 1032 4703 αὐτῶν
1071 4649 1272 4721 ψυχὴν,
1315 4651 1376 4702 τδ
1423 4644 1562 4720 αἷμα
1594 4651 1659 4703 ὲκ
1702 4649 1804 4720 τῆς
1855 4667 1968 4720 χει-

399 4739 493 4812 ρὸς
521 4737 616 4792 τοῦ
651 4738 856 4792 σκοποῦ
892 4737 1202 4811 ἐκζητήσωο
1245 4758 1263 4791 ι
1287 4739 1450 4808 φόϐον
1475 4739 1569 4792 τοῦ
1601 4741 1700 4810 τῆς
1761 4741 1972 4811 σιωπῆς

399 4829 814 4911 κατακριματος
877 4829 1288 4900 ἀναγγέλλομεν
1343 4831 1456 4894 τοῖς
1517 4831 1796 4902 προέδροις
1838 4833 1971 4883 πᾶσι

398 4922 508 4975 τῶν
557 4920 680 4975 καθ’
709 4921 858 4992 ἡμᾶς
897 4919 1272 4991 Ἐκκλησιῶν,
1327 4919 1414 4972 ἵνα
1476 4921 1614 4990 μετὰ
1663 4921 1972 4993 παρρησίας

399 5013 545 5068 κατὰ
570 5013 664 5067 τὸν
690 5011 833 5067 θεῖον
869 5009 1189 5065 Ἀπόστολον
1226 5010 1469 5082 εἴπωμεν
1492 5025 1506 5040 ·
1537 5010 1781 5082 Καθαροί
1807 5013 1973 5082 ἐσμεν

399 5108 509 5162 ἀπὸ
551 5107 644 5161 τοῦ
679 5106 911 5176 αἵματος
954 5103 1064 5159 τῶν
1097 5101 1547 5174 παραϐαινόντων
1562 5101 1660 5165 τὰς
1684 5101 1972 5166 κανονικάς

399 5201 686 5267 διατάξεις,
719 5199 814 5252 καὶ
849 5199 1055 5266 πάνυγε
1091 5196 1293 5267 μᾶλλον
1323 5193 1433 5246 τῶν
1484 5195 1576 5246 ἐπὶ
1627 5196 1902 5264 χρήμασιν
1937 5191 1970 5264 ἢ

403 5287 896 5360 χειροτονησάντων
955 5285 988 5354 ἢ
1043 5283 1556 5354 χειροτονηθέντων,
1614 5282 1822 5354 Πέτρου
1873 5279 1968 5334 τοῦ

401 5382 547 5434 θείου
570 5377 894 5440 ἀποστόλου,
935 5369 996 5429 οὗ
1027 5375 1121 5430 καλ⁵
1153 5375 1251 5446 τὴν
1289 5375 1560 5444 καθέδραν
1616 5372 1964 5444 ἐκληρώσατο

401 5472 436 5539 ή
475 5469 742 5540 ἀδελφικὴ
783 5467 938 5538 ὑμῶν
966 5467 1210 5536 ἁγιότης,
1241 5465 1317 5529 ὡς
1369 5465 1589 5534 Σίμωνα
1632 5463 1725 5516 τὸν
1770 5465 1960 5532 Μάγον

471 5579 730 5662 ’σξριιξιέ
767 5593 881 5642 ιιι,
909 5577 994 5632 l8.
1067 5577 1112 5610 "
1135 5576 1280 5632 Psal.
1311 5592 1472 5639 cur,
1511 5577 1564 5630 5.
1617 5576 1688 5662 "'
1719 5575 1910 5630 Matth.
1949 5592 2022 5641 vr,
2057 5577 2148 5631 2t.

404 5663 496 5714 xx,
527 5649 620 5713 26,
653 5647 745 5702 ‘27.

2071 4584 2130 4624 se
2157 4583 2264 4623 non
2296 4568 2618 4622 custodierit
2648 4576 2742 4633 ;et
2779 4569 3002 4635 veniens
3027 4569 3242 4640 gladius
3273 4571 3544 4638 acceperit
3572 4586 3642 4624 ιικ

2068 4657 2150 4712 eis
2183 4656 2444 4721 animam,
2477 4657 2799 4726 sanguinem
2825 4657 2894 4712 de
2943 4673 3112 4712 manu
3147 4657 3510 4728 speculatoris
3557 4674 3642 4713 re-

2070 4747 2284 4818 quiram
2315 4746 2360 4778 ”
2381 4784 2396 4799 .
2429 4763 2450 4797 ι
2482 4745 2755 4800 Timorem
2789 4761 2854 4800 ex
2897 4747 3116 4802 silentio
3145 4746 3518 4820 damnationis
3544 4749 3641 4804 de-

2072 4839 2392 4892 nuntiamus
2424 4837 2750 4915 praesulibus
2797 4838 3054 4893 omnibus
3108 4837 3475 4893 Ecclesiarum
3519 4854 3642 4910 quae

2071 4931 2213 5000 apud
2244 4945 2346 4986 nos
2371 4939 2513 4992 sunt,
2545 4937 2605 4983 ut
2629 4944 2750 4984 cum
2783 4928 2978 4984 ﬁducia
3045 4931 3345 4986 secundum
3391 4930 3639 4986 divinum

2073 5023 2388 5088 Apostolum
2421 5021 2466 5052 "
2495 5021 2781 5076 dicamus:
2839 5021 3025 5077 Mundi
3081 5038 3273 5078 sumus
3310 5038 3342 5077 a
3373 5024 3642 5092 sanguine

2074 5104 2548 5174 prawaricantium
2588 5105 2882 5161 canonicas
2911 5105 3320 5176 dispositiones,
3361 5113 3416 5160 et
3466 5107 3642 5160 multo

2073 5197 2247 5267 magis
2269 5212 2456 5250 eorum
2481 5195 2574 5266 qui
2607 5211 2702 5266 per
2732 5197 2991 5265 pecunias
3037 5213 3232 5254 manus
3264 5198 3642 5270 imposuerunt

2073 5288 2161 5340 vel.
2187 5287 2477 5354 imponunt
2522 5283 2639 5358 [Gr.
2684 5287 2768 5342 vel
2799 5302 2994 5343 manus
3021 5287 3428 5358 impositionem
3483 5303 3638 5341 acce-

2073 5375 2290 5449 perunt]
2322 5394 2338 5444 ;
2375 5375 2538 5431 Petro
2564 5377 2748 5432 divino
2805 5379 3074 5447 apostolo,
3121 5379 3279 5448 cujus
3323 5377 3638 5432 «athedram

2067 5465 2256 5519 sortita
2295 5477 2378 5518 est
2403 5463 2640 5518 fraterna
2685 5466 2948 5520 sanctitas
2977 5476 3178 5526 vestra,
3237 5466 3335 5519 bos
3376 5457 3638 5532 tanquam

2296 5577 2342 5610 ⁸³
2375 5576 2478 5632 lsa.
2505 5593 2594 5644 ιι,
2625 5578 2680 5631 2.
2775 5576 2823 5610 ³⁵
2853 5577 3052 5634 Ezeclt.
3089 5591 3283 5643 xxxm,
3315 5575 3370 5628 6.
3446 5577 3492 5608 ³⁵
3513 5575 3636 5633 Act.

472 5737 552 5810 (3)
589 5737 687 5792 Est
712 5737 768 5790 in
801 5735 941 5791 libro
965 5731 1114 5790 Iuris
1143 5732 1590 5790 Graeco-Romani
1633 5732 1728 5788 Gr.
1769 5743 1824 5789 et
1850 5733 1970 5789 Lat.
2013 5751 2077 5790 ex
2119 5735 2226 5790 alia
2261 5735 2534 5792 versione.
2576 5731 2750 5789 Hann.
