4090 6286
486 375 622 441 1443

1586 373 1650 430 S.
1684 368 1991 431 TARASII
2029 368 2536 430 PATRIARCIIE
2565 370 2675 431 (ΣΡ.

3604 372 3740 439 ΠΗ

482 496 762 550 Simonem
817 488 1029 559 Magum
1100 484 1420 558 deponente.
1488 484 1665 555 Hujus
1741 484 1822 539 rei
1899 484 2047 554 grati:

2175 483 2396 547 τούτους
2429 483 2770 548 καθελόντος.
2796 483 3000 538 Τούτου
3030 485 3218 540 ἕνεκεν
3257 485 3358 557 οὐχ
3409 485 3738 542 ὑποστελλό-

483 601 594 656 non
618 581 1071 652 subterfugimus,
1099 595 1212 651 quo
1247 579 1432 633 minus
1483 575 1880 632 annuntiemns
1912 575 2063 629 veri-

484 687 670 741 tatem,
711 673 1083 730 custodientes
1108 679 1162 727 et
1215 678 1465 726 tenentes
1514 682 1694 738 qurea
1739 665 1950 725 sanctis
2003 672 2060 720 et

482 763 882 821 laudatissimis
908 761 1199 832 apostolis,
1232 769 1286 816 et
1324 757 1776 815 memorabilibus
1802 755 2060 811 Patribns

482 855 690 913 nostris
727 854 994 908 canonice
1022 863 1151 908 sunt
1188 851 1438 922 prolata:
1470 860 1525 904 et
1554 849 1656 905 bos
1676 848 1774 920 qui
1802 847 1932 917 quid
1959 846 2061 900 ho-

478 960 605 998 rum
633 941 1087 1012 contempserint,
1135 939 1540 996 abominamur.
1588 938 1762 1008 igitur
1815 937 2057 992 fraterna

479 1044 533 1092 et
565 1049 783 1090 summo
810 1033 1119 1089 sacerdotio
1139 1031 1398 1088 decorata
1420 1030 1684 1087 sanctitas
1709 1037 1911 1092 vestra,
1933 1027 2059 1098 jure

480 1141 545 1181 ac
575 1125 872 1182 secundum
897 1123 988 1178 Dei
1016 1124 1356 1178 voluntatem
1397 1120 1762 1192 pontiﬁcalem
1788 1120 2052 1176 ordinans

478 1216 735 1286 pietatem
765 1213 884 1288 [Gn
915 1227 1134 1269 sacrum
1165 1212 1570 1268 bierarchicutn
1621 1210 1935 1280 gubernans
1961 1225 2054 1263 or-

477 1305 706 1379 dinent],
737 1306 1171 1376 opinatissimam
1203 1303 1366 1359 habet
1411 1302 1668 1374 gloriam.
1727 1299 1873 1356 Dixit
1907 1302 2053 1356 enim

356 1409 361 1414 '
473 1379 573 1467 per
592 1398 912 1467 pmphctam
940 1398 1156 1466 primus
1178 1406 1232 1461 et
1260 1409 1492 1466 magnus
1511 1407 1763 1449 summus
1792 1393 2053 1448 sacerdos

476 1487 733 1542 Christus
764 1486 905 1543 Deus
930 1496 1119 1543 noster
1142 1505 1161 1542 :
1193 1507 1217 1541 ε
1246 1487 1383 1542 Vivo
1416 1484 1656 1558 ego,sed
1686 1481 2059 1554 gloriﬁcantes

478 1594 566 1635 me
598 1574 935 1648 'gloriticabo
957 1581 1003 1612 "
1032 1621 1047 1634 .
1070 1598 1089 1630 ›
1155 1577 1309 1635 Nosti
1331 1580 1505 1642 enim,
1536 1578 1623 1632 vir
1648 1576 2050 1632 desideriorum

477 1671 738 1742 Spiritus,
771 1671 900 1742 quia
946 1671 1279 1726 tolerabilior
1311 1679 1396 1726 est
1424 1666 1724 1725 Macedonii
1766 1677 1823 1722 et
1863 1680 2051 1721 eorum

479 1763 572 1832 qni
599 1763 744 1818 circa
772 1763 950 1832 ipsum
981 1769 1130 1825 sunt,
1164 1760 1403 1835 Spiritus
1425 1761 1864 1832 impngnatorum
1888 1759 2051 1828 impia

2171 573 2312 643 μεθα
2342 575 2438 628 τοῦ
2485 575 2770 645 ἀγγέλλειν
2803 575 2902 648 τὴν
2928 576 3211 649 ἀλήθειαν,
3248 577 3615 648 φυλάττοντες
3644 583 3738 635 καὶ

2167 663 2503 735 κρατοῦντες
2532 665 2606 738 τὰ
2646 665 2801 736 παρὰ
2847 665 2958 720 τῶν
3005 665 3178 735 ἁγίων
3223 668 3318 722 καὶ
3366 668 3739 741 πανευφήμων

2165 754 2500 820 ἀποστόλων,
2532 756 2628 810 καὶ
2658 756 2770 809 τῶν
2790 757 3056 828 ἀοιδίμων
3090 757 3352 829 Πατέρων
3377 758 3538 830 ἡμῶν
3573 776 3737 814 κανο-

2165 844 2332 910 νικῶς
2367 845 2658 900 ἐκδοθέντα
2691 863 2706 878 ’
2760 848 2856 900 καὶ
2898 847 2953 900 εί
2979 865 3034 900 τι
3066 847 3272 902 τούτων
3299 850 3590 921 παρεϐἀθη
3632 851 3737 905 ὑπό

2163 953 2349 1002 τινων,
2390 936 2810 1011 βδελυττόμεθα.
2859 936 2927 991 Ἦ
2972 933 3069 992 οῦν
3120 938 3382 1012 ἀδελφικὴ
3437 941 3590 1012 ὑμῶν
3630 943 3736 1012 ἀρ-

2163 1026 2534 1100 χιεροπρεπὴς
2597 1029 2876 1100 ἁγιωσύνη
2932 1028 3210 1100 ὲνθέσμως
3263 1029 3360 1085 καὶ
3417 1031 3560 1086 κοιτά
3600 1029 3734 1084 Θεοῦ

2168 1117 2424 1189 βούλησιν
2469 1119 2885 1192 πρυτανεύουσα
2929 1119 3032 1188 τὴν
3087 1121 3409 1194 ίεραρχικὴν
3431 1121 3730 1191 ἀγιστείαν,

2162 1208 2447 1281 διαϐόητον
2474 1208 2586 1280 ἔχει
2628 1210 2729 1282 τὴν
2775 1210 2953 1278 δόξαν.
2990 1211 3196 1283 Είρηκε
3225 1210 3334 1283 γὰρ
3369 1212 3456 1266 διὰ
3485 1211 3576 1266 τοῦ
3604 1230 3737 1285 προ-

2161 1301 2337 1372 φήτου
2373 1302 2403 1354 ό
2456 1301 2675 1374 πρῶτος
2707 1302 2806 1356 καὶ
2848 1302 3024 1374 μέγας
3081 1302 3374 1375 ἀρχιερεὺς
3423 1302 3658 1372 Χριστὸς
3703 1304 3734 1357 ὁ

2160 1389 2295 1454 Θεὸς
2321 1390 2480 1462 ἡμῶν
2509 1406 2526 1423 ⁸
2565 1410 2587 1445 ι
2620 1391 2712 1447 Ζῶ
2733 1391 2867 1464 ἐγὼ,
2915 1393 3035 1447 ἀλλ’
3059 1393 3094 1465 ἦ
3120 1394 3253 1459 τοὺς
3289 1390 3619 1460 εσξεοπύς
3665 1410 3739 1465 μα

2158 1482 2386 1549 δοξέω.
2411 1501 2432 1536 ι
2451 1480 2611 1550 οἶδας
2636 1485 2767 1557 γὰρ,
2789 1484 2923 1558 ἀνερ
2941 1483 3251 1556 ἐπιθυμιῶν
3279 1484 3374 1539 τοῦ
3393 1485 3730 1558 Πνεῦματος,

2158 1573 2243 1627 ὅτι
2292 1573 2638 1646 φορητοτέρα
2689 1572 2892 1644 μᾶλλόν
2940 1577 3056 1629 ἐστι
3104 1574 3438 1630 Μακεδονίου
3484 1576 3581 1629 καὶ
3621 1575 3735 1628 τῶν

2158 1667 2301 1736 ἀμφ’
2335 1665 2496 1721 αὐτὸν
2549 1667 3033 1739 Πνευματομάχων
3095 1669 3130 1738 ἡ
3158 1665 3441 1741 δυσσεϐὴς
3499 1665 3732 1737 αἵρεσις.

2170 1756 2427 1811 Ἐκείνων
2463 1758 2574 1828 γὰρ
2638 1756 2846 1826 κτίσμα
2907 1756 3005 1811 καὶ
3042 1756 3227 1810 δοῦλον
3287 1753 3385 1810 τοῦ
3433 1753 3570 1809 Θεοῦ
3635 1754 3735 1808 καὶ
3788 1764 3793 1768 ‘

479 1850 728 1905 haeresis.
788 1849 900 1905 illis
950 1850 1097 1903 enim
1167 1859 1474 1904 creaturam
1563 1857 1618 1904 ct
1683 1864 1898 1904 servum
1968 1846 2047 1902 De

2167 1847 2382 1918 Πατρδς
2440 1847 2503 1899 τὸ
2588 1845 2745 1914 ἅγιον
2810 1845 3036 1916 Πνεῦμα
3101 1843 3485 1916 ληρῳδούντων
3505 1882 3523 1907 ,
3584 1835 3734 1897 οὗτοι

476 1955 544 1996 ac
627 1940 809 1996 Patris
867 1939 1130 2012 Spiritum
1194 1940 1361 1996 drlirc
1422 1939 1764 2007 fatentibus,
1821 1940 1910 1995 isti
1974 1939 2058 1994 sui

477 2033 650 2102 ipsius
734 2049 882 2100 eum,
950 2041 1012 2088 nt
1099 2043 1409 2099 autumant,
1477 2048 1694 2090 servum
1797 2031 2054 2087 cﬂicinnt.

472 2123 667 2180 Omnis
715 2123 861 2180 enim
915 2123 1179 2180 dominus
1215 2127 1364 2196 quod
1395 2125 1668 2189 habuerit,
1700 2125 1750 2180 si
1799 2124 2052 2187 voluerit,

472 2215 791 2283 vennmdat,
848 2216 966 2272 sive
1026 2231 1269 2281 servum,
1302 2216 1419 2272 sive
1475 2216 1623 2272 aliud
1677 2215 1811 2287 quid
1865 2230 2055 2270 eorum

476 2318 598 2376 quae
636 2305 901 2376 possidet.
945 2304 1216 2361 Similiter
1244 2315 1299 2361 et
1323 2306 1417 2377 qui
1447 2305 1600 2371 emit,
1655 2305 1914 2360 dominus
1954 2321 2051 2359 vo-

476 2396 594 2452 lens
623 2411 745 2452 esse
779 2397 900 2466 ejus
929 2397 1074 2467 quod
1104 2398 1324 2462 emerit,
1381 2413 1481 2469 per
1529 2399 1765 2468 pretium
1810 2400 2055 2468 pecuniae

481 2487 615 2541 illud
646 2488 905 2557 acquirit.
948 2487 1026 2543 lta
1069 2497 1122 2543 et
1145 2489 1238 2559 qni
1290 2490 1431 2544 hanc
1485 2489 1724 2560 iniquam
1783 2491 2049 2545 aCIiOIIi'llI

475 2586 794 2650 operantur,
844 2580 1141 2656 detrahunt
1184 2579 1417 2650 Spiritui
1495 2591 1708 2647 sancto,
1771 2581 2051 2652 aequaliter

472 2677 761 2738 peccantes
788 2667 876 2724 bis
905 2665 1428 2739 quiblasphemant,
1481 2668 1725 2724 dicentes
1774 2669 1828 2724 in
1897 2669 2049 2724 Bcel'

476 2762 652 2817 zebub
683 2761 880 2831 ejicere
915 2761 1184 2816 daamonia
1217 2759 1500 2816 Christum
1523 2761 1568 2793 "
1593 2798 1609 2814 .
1643 2761 1820 2829 Atque
1868 2773 1928 2815 ut
1955 2776 2046 2816 re-

472 2854 592 2909 rins
636 2852 907 2918 dicamus,
956 2851 1113 2908 ludas
1159 2860 1554 2923 comparantur
1627 2854 1896 2918 tradituri,
1951 2852 2044 2924 qui

472 2941 569 2997 Dei
599 2941 936 2998 occisorihus
973 2938 1175 2998 Judmis
1206 2943 1381 3013 pretio
1405 2944 1618 3014 argenti
1647 2943 1920 2999 Christum
1954 2961 2045 2997 re-

474 3028 780 3083 numdedit.
811 3027 947 3082 Cum
974 3042 1107 3098 ergo
1138 3036 1360 3084 sanctus
1392 3030 1634 3100 Spiritus
1681 3033 2044 3086 consubstan-

2161 1937 2389 2002 ἑαυτῶν,
2454 1936 2531 2001 ὼς
2577 1936 2834 2002 δοκοῦσι,
2875 1935 3064 1992 δοῦλον
3126 1937 3259 1990 αὐτὸ
3325 1934 3557 1991 ποιοῦσι.
3615 1935 3735 1998 Πᾶς

2157 2029 2268 2098 γὰρ
2343 2026 2610 2099 δεσπότης
2645 2029 2675 2083 ὃ
2733 2044 2782 2082 τι
2845 2028 2912 2084 ἂν
2974 2027 3088 2100 ἔχοι
3128 2070 3144 2095 ,
3199 2031 3250 2083 εί
3307 2028 3594 2100 βούλοιτο,
3636 2047 3735 2085 πι-

2158 2121 2421 2191 πράσκει,
2476 2120 2589 2173 εἴτε
2614 2119 2852 2190 οἰκέτην,
2886 2118 3002 2173 εἴτε
3050 2120 3241 2191 ἕτερον
3285 2114 3364 2175 ὧν
3408 2119 3677 2190 κέκτηται
3708 2134 3729 2153 ⁸

2155 2209 2418 2274 ὡσαύτως
2447 2210 2542 2264 καὶ
2564 2213 2594 2264 ό
2637 2209 2949 2281 ἀγοράζων,
3004 2209 3272 2282 δεσπότης
3303 2209 3623 2282 βουλόμενος
3648 2205 3734 2265 εῖ-

2154 2321 2242 2357 ναι
2272 2302 2367 2357 τοῦ
2405 2303 2821 2375 ¹ὶιγοριιισμένου,
2883 2303 2980 2356 διὰ
3024 2304 3192 2376 τιμῆς
3245 2303 3513 2376 ἀργυρίου
3565 2303 3735 2360 τοῦτο

2153 2397 2370 2450 κτᾶται.
2407 2396 2596 2460 υῦτως
2625 2396 2676 2449 ei
2698 2396 2904 2468 ταύτην
2936 2394 3036 2466 τὴν
3062 2394 3304 2467 ἄθεσμον
3336 2397 3538 2466 πρᾶξιν
3557 2398 3729 2469 ἐργα-

2153 2486 2392 2560 ζόμενοι,
2446 2489 2884 2553 καταϐιϐἀζουσι
2913 2489 2976 2542 τὸ
3024 2487 3248 2559 Πνεῦμα
3301 2489 3364 2543 rb
3404 2489 3580 2559 ἅγιον,
3633 2488 3729 2545 ῐσα

2150 2580 2562 2652 ἁμαρτάνοντες
2583 2582 2696 2645 τοῖς
2725 2579 3162 2652 βλασφημοῦσιν,
3186 2583 3244 2632 ὲν
3272 2579 3603 2646 Βεελζεϐοὺλ
3629 2582 3728 2635 ὲκ-

2150 2671 2364 2726 ϐἀλλειν
2395 2671 2464 2726 τὰ
2488 2672 2743 2742 δαιμόνια
2769 2671 2860 2725 τὸν
2889 2670 3146 2742 Χριστόν.
3185 2671 3258 2724 Ἢ
3280 2670 3406 2737 τόγε
3432 2670 3730 2740 ἀληθέστει-

2151 2781 2248 2836 ρον
2273 2766 2472 2830 εἰπεῖν,
2526 2764 2888 2835 παρεοίκασιν
2929 2761 3103 2834 Ἰούδᾳ
3126 2759 3204 2832 τῷ
3243 2761 3499 2834 προδότῃ,
3527 2760 3586 2824 ὃς
3607 2763 3727 2826 τοῖς
3803 2778 3817 2790 ’

2149 2852 2462 2916 θεοκτόνοις
2487 2852 2766 2915 Ἰουδαίοις
2796 2850 2964 2921 τιμῆς
2987 2849 3252 2920 ἀργυρίου
3275 2849 3508 2920 Χριστὸν
3539 2849 3724 2920 ἀπεμ-

2148 2940 2439 3014 πολήσατο.
2487 2944 2574 3006 Ὡς
2594 2942 2770 2996 οῦντδ
2797 2942 2953 3010 ἅγιον
2993 2941 3217 3011 Πνεῦμα
3265 2939 3550 3010 ὀμοούσιόν
3603 2943 3725 2994 ἐστι

3037 3033 3207 3101 αὐτῆς
3256 3032 3422 3086 παντί
3476 3049 3580 3087 που
3622 3032 3723 3104 δῆ-

2919 3032 2950 3045 ~

2145 3033 2364 3106 Χριστῷ
2387 3033 2462 3106 τῷ
2490 3034 2610 3104 θεῷ
2646 3033 2827 3104 ἡμῶν,
2884 3033 2986 3101 τῆς

473 3119 622 3194 ιῖριίε
645 3119 719 3175 sit
745 3118 968 3175 Christo
995 3118 1108 3175 Dco
1164 3132 1373 3184 nostro,
1420 3123 1661 3207 ejusdem
1712 3123 1940 3177 omnino
1987 3132 2042 3178 ct

2151 3125 2246 3178 λον
2293 3125 2510 3178 ἔσονται
2567 3125 2824 3194 μερίδος,
2860 3123 2937 3186 ὡς
2973 3124 3370 3178 ἀποδέδεικται.
3424 3122 3489 3178 ιιι
3539 3124 3599 3179 δὶ
3654 3124 3721 3178 οῦ

473 3212 580 3282 ipsi
604 3211 872 3280 portionis
911 3221 1093 3275 erunt,
1139 3220 1201 3265 nt
1235 3219 1513 3267 ostensum
1541 3197 1655 3268 est.
1687 3213 1745 3266 Si
1778 3228 1904 3268 vero
1933 3228 2040 3267 non

472 3302 755 3368 venditur,
788 3302 1156 3372 (perspicuum
1185 3303 1328 3356 enim
1355 3313 1457 3371 est,
1506 3306 1648 3375 quod
1681 3306 1828 3360 nullo
1854 3310 2041 3378 modo)

474 3408 588 3448 non
617 3401 703 3449 est
734 3394 924 3462 procul
953 3393 1121 3448 dubio
1157 3390 1315 3448 in-eis
1343 3394 1518 3466 gratia
1552 3390 1805 3466 Spiritus
1843 3399 2041 3463 sancti,

471 3483 530 3540 id
557 3490 663 3547 est,
697 3484 990 3539 sacerdotii
1018 3485 1305 3542 sanctitas.
1336 3486 1469 3541 Nam
1494 3489 1638 3557 quod
1666 3504 1776 3542 non
1814 3482 2041 3561 accepe4

469 3587 624 3641 runt,
655 3590 764 3630 non
794 3575 1015 3632 habent.
1048 3575 1317 3633 Memores
1343 3593 1476 3651 ergo
1515 3580 1626 3636 sint
1658 3583 1833 3638 sancti
1873 3582 2040 3650 Petri,

471 3667 542 3724 ad
567 3683 690 3725 eum
715 3667 808 3739 qui
839 3668 946 3725 hoc
987 3670 1244 3724 Studebat
1296 3670 1371 3725 ita
1414 3671 1684 3728 dicentis:
1758 3693 1776 3726 ι
1805 3673 1923 3730 Νοιι
1959 3686 2045 3732 est

470 3759 570 3816 tibi
598 3772 752 3829 pars,
781 3772 960 3831 neque
983 3774 1104 3816 sors
1132 3760 1187 3815 in
1245 3776 1499 3818 sermone
1527 3762 1629 3820 hoc
1658 3765 1704 3797 ’⁸
1726 3808 1738 3820 .
1760 3783 1781 3816 ι
1819 3764 2041 3822 Sienim

470 3851 836 3906 venumdatur
865 3851 1161 3907 sacerdotii
1190 3851 1450 3923 dignitas,
1482 3869 1612 3926 ergo
1660 3856 1932 3926 superﬂua
1960 3865 2044 3912 est

471 3941 614 4012 apud
647 3943 794 4012 ipsos
852 3943 976 3997 vita:
1011 3943 1308 4012 probabilis
1359 3946 1527 4008 actio,
1579 3954 1633 4000 et
1686 3947 1740 4001 in
1791 3954 2041 4004 castitate

472 4032 706 4102 aliisque
780 4032 1074 4088 virtutibus
1145 4037 1512 4092 conversatio.
1575 4035 1897 4108 Snperﬂutts
1955 4051 2043 4096 est

471 4123 772 4178 secundum
827 4124 975 4194 ipsos
1018 4124 1187 4180 etiam
1242 4124 1444 4183 Paulus
1495 4127 1714 4184 divinus
1756 4133 2086 4200 apostolns'

468 4217 700 4279 docens,
773 4224 1027 4284 Oportere
1081 4233 1101 4266 ‹
1139 4215 1455 4285 episcopum
1510 4216 2038 4288 irrcprchcnsibilcm

468 4321 610 4371 (sse,
644 4304 988 4376 prudentem,
1009 4319 1290 4389 ornatum,
1309 4306 1617 4374 doctorem,
1640 4311 2036 4379 continentem,

469 4392 738 4459 sobrium,
771 4393 1192 4462 amplectentem
1225 4408 1350 4448 eum
1381 4396 1474 4464 qui
1501 4400 1802 4454 secundum
1837 4398 2041 4456 doctri-

2143 3217 2515 3287 πιπρὰσκεται
2553 3233 2568 3248 ο
2598 3215 2877 3285 ’πρόδηλον
2937 3218 3046 3287 γὰρ
3103 3215 3360 3288 οὐδαμῶς
3402 3227 3418 3244 ⁸
3474 3216 3721 3288 ἀναμφι-

2142 3307 2347 3370 λέκτως
2373 3309 2473 3360 οὐκ
2498 3308 2647 3361 ἔστιν
2673 3310 2731 3361 ὲν
2749 3309 2931 3371 αὐτοῖς
2963 3311 2994 3378 ἠ
3024 3309 3186 3379 χάρις
3217 3308 3314 3363 τοῦ
3343 3309 3502 3377 ἁγίου
3541 3309 3721 3364 Πνεῦ-

2145 3416 2335 3470 ματος,
2371 3381 2603 3468 εῖτουνή
2634 3398 2733 3470 τῆς
2761 3399 3062 3471 ἱερωσύνης
3107 3400 3380 3470 ἀγιστεία.
3421 3401 3534 3455 Καὶ
3559 3401 3588 3455 δ
3616 3401 3722 3461 οὐκ

2142 3492 2358 3558 ἔλαϐον,
2387 3493 2510 3547 οὐδὲ
2537 3490 2742 3563 ἔχουσι.
2767 3491 3189 3562 Μνησθήιωσαν
3207 3490 3300 3545 τοῦ
3325 3492 3482 3562 ἁγίου
3504 3492 3718 3566 Πέτρου

2144 3583 2282 3656 πρὸς
2326 3584 2420 3637 τὸν
2478 3585 2639 3638 τοῦτο
2697 3583 3129 3654 ἐπιτηδεύσαντα
3190 3583 3391 3637 οὑτωσὶ
3439 3583 3715 3654 λέγοντος,

2148 3692 2168 3727 ι
2191 3672 2309 3729 Οὐκ
2329 3673 2449 3728 ἐστι
2480 3690 2563 3728 σοι
2607 3674 2790 3746 μερὶς,
2821 3674 2945 3728 οὐδὲ
2989 3674 3192 3747 κλῆρος
3222 3675 3282 3729 ὲν
3308 3674 3388 3747 τῷ
3405 3674 3548 3749 λόγῳ
3589 3677 3717 3733 τού-

2140 3780 2240 3836 τῳ.
2271 3782 2290 3816 ι
2324 3763 2387 3817 El
2421 3762 2530 3833 γὰρ
2561 3762 2962 3831 ἀπεμπολείται
2986 3763 3020 3832 ἡ
3046 3762 3144 3830 τῆς
3210 3761 3514 3834 ἱερωσύνης
3562 3760 3715 3827 ἀξία,

2141 3853 2253 3925 ἄρα
2293 3853 2522 3933 περιττὴ
2573 3854 2706 3925 παρ’
2748 3854 2934 3916 αὐτοῖς
2963 3855 2997 3916 ἡ
3037 3852 3180 3907 κατά
3228 3851 3323 3906 τὸν
3371 3852 3488 3923 βίον
3535 3853 3716 3925 σεμνὴ

2142 3944 2410 4010 πολιτεία,
2440 3946 2536 4000 καὶ
2567 3947 2681 4016 ήὲν
2701 3943 2896 4016 ἁγνεία
2950 3946 3045 3999 καὶ
3103 3946 3329 4013 ἀρεταῖς
3373 3947 3712 4017 ἀναστροφή.

2141 4036 2400 4107 Περιττδς
2422 4036 2543 4090 κατ’
2581 4037 2778 4099 αὐτοὺς
2811 4035 2908 4088 καὶ
2956 4031 3165 4098 Παῦλος
3194 4036 3225 4088 ό
3252 4035 3396 4100 θεῖος
3416 4035 3715 4100 ἀπόστολος

2139 4126 2426 4190 διδάσκων,
2476 4127 2588 4180 δεῖν
2632 4144 2653 4179 ι
2689 4127 2784 4180 τδν
2805 4127 3105 4180 ἐπίσκοπον
3128 4126 3492 4197 ἀνεπίληπτον
3546 4122 3711 4193 εἶναι,

2143 4221 2415 4288 σώφρονα,
2443 4220 2690 4288 κόσμιον,
2735 4216 3070 4280 διδακτικόν,
3103 4217 3368 4290 ἐγκρατῆ,
3426 4217 3710 4289 νηφάλιον,

2139 4312 2497 4384 ἀντεχόμενον
2523 4309 2618 4366 τοῦ
2639 4309 2779 4365 κατά
2803 4311 2900 4378 τὴν
2921 4308 3148 4380 διδαχὴν
3182 4311 3380 4364 πιστοῦ
3409 4310 3603 4384 λόγου,
3620 4310 3710 4364 ἵνα

2137 4381 2360 4468 δυνατὸς
2449 4401 2544 4455 καὶ
2599 4399 2939 4472 παρακαλεῖν
2972 4401 3032 4453 ἐν
3072 4402 3142 4472 τῇ
3175 4400 3495 4473 ὑγιαινούσῃ
3554 4381 3708 4453 δίδα-

467 4499 595 4540 nam
634 4493 716 4541 est
739 4483 952 4540 ﬁdelem
981 4498 1315 4548 sermonem,
1339 4496 1397 4540 ut
1429 4497 1623 4556 potens
1643 4490 1714 4545 sit
1749 4491 2034 4549 exhortari

2150 4494 2360 4566 σκαλίᾳ,
2415 4497 2510 4547 καὶ
2562 4494 2691 4555 τοὺς
2724 4491 3104 4560 ἀντιλέγοντας
3147 4491 3410 4562 ἐλέγχειν.
3442 4511 3461 4544 ι
3488 4491 3710 4560 Οῐχεται

467 4577 525 4631 in
553 4576 805 4632 doctrina
843 4591 999 4642 sana,
1026 4583 1081 4632 et
1121 4591 1216 4632 eos
1272 4579 1366 4648 qui
1413 4580 1793 4637 contradicunt
1839 4600 2040 4656 argue-

467 4684 528 4724 re
545 4670 592 4704 "
619 4708 634 4724 .
658 4687 678 4722 ι
709 4667 1072 4725 Proieruntur
1107 4668 1500 4745 [Evancscunt]
1547 4673 1713 4744 igitur
1747 4675 1864 4732 bmc
1918 4693 2040 4734 om-

469 4762 560 4816 nia
591 4761 660 4817 de
709 4762 992 4818 venditare
1017 4778 1082 4820 ac
1104 4779 1352 4835 emptore
1383 4767 1633 4822 hcncilcii
1670 4767 2036 4845 [sacerdotii].

467 4849 640 4907 Porro
667 4852 912 4925 subjecta
938 4864 1260 4912 sanctorum
1294 4858 1609 4915 testimonia
1639 4860 1877 4917 alienum
1918 4879 2038 4919 ont-

466 4943 600 4999 nino
645 4959 675 4998 a
705 4944 1012 5001 sacerdotio
1034 4950 1388 5018 pronuntiant
1411 4965 1535 5005 eum
1562 4950 1656 5022 qui
1679 4952 1887 5008 dederit
1931 4956 2037 5011 ali-

465 5034 687 5103 quando
718 5035 797 5091 vel
833 5038 1103 5107 acceperit
1126 5039 1180 5093 in
1209 5039 1395 5110 aliquo
1423 5049 1689 5112 tempore,
1727 5043 1843 5100 sive
1881 5046 2035 5101 scili-

465 5135 554 5178 cet
581 5132 709 5180 ante
739 5140 937 5183 manus
965 5127 1400 5199 impositioncm,
1432 5132 1548 5188 sive
1571 5132 1624 5188 in
1679 5151 1874 5191 manus
1933 5137 2036 5192 im-

2136 4582 2313 4634 τοὲνυν
2359 4579 2529 4633 ταῦτα
2581 4578 2761 4633 πάντα
2783 4579 2846 4632 ὲκ
2875 4578 2970 4632 τοῦ
3001 4581 3208 4650 πράτου
3243 4581 3338 4633 καὶ
3397 4579 3707 4650 ἅγοραστοῦ

2135 4675 2233 4743 τῆς
2262 4670 2590 4743 ἱερωσύνηςο
2619 4672 2678 4724 αῖ
2697 4666 2792 4724 οῦν
2826 4671 3190 4742 ὑποκείμεναι
3232 4671 3546 4739 ἀγιόλεκτοι
3565 4673 3708 4744 χρή-

2136 4783 2249 4830 σεις
2282 4765 2562 4835 ἀλλότριον
2617 4764 2797 4833 πάντη
2825 4764 2926 4835 τῆς
2956 4764 3258 4837 ἱερωσύνης
3309 4765 3706 4835 ἀποφαίνονται

2133 4859 2226 4910 τόν
2257 4875 2386 4912 ποτε
2415 4858 2572 4912 δόντα
2603 4857 2637 4928 ἢ
2669 4856 2908 4910 λαϐόντα
2929 4857 2988 4909 ἑν
3010 4855 3308 4928 οίῳδήποτε
3334 4846 3343 4853 ’
3365 4855 3567 4928 χρόνῳ,
3590 4857 3704 4910 εἴτε

2135 4949 2232 5003 καὶ
2254 4948 2360 5020 πρὸ
2379 4948 2478 5016 τῆς
2505 4947 2857 5018 χειροτονίας,
2907 4947 3019 5001 εἴτε
3065 4946 3158 5000 καὶ
3187 4947 3245 5000 ὲν
3273 4947 3338 5018 τῇ
3371 4946 3704 5019 χειροτονίᾳ,

2132 5037 2166 5108 ἢ
2216 5037 2311 5091 καὶ
2362 5037 2501 5107 μετά
2545 5038 2646 5108 τὴν
2704 5036 3063 5107 χειροτονίαν.
3137 5034 3338 5089 Λαϐεῒν
3385 5035 3497 5107 γάρ
3543 5036 3704 5101 iam,

2130 5132 2193 5186 τὸ
2218 5131 2405 5185 λαϐεῖν
2459 5131 2771 5201 ὁτιδήποτε.
2811 5126 2968 5184 Ἀλλά
3021 5128 3118 5183 καὶ
3171 5128 3355 5192 πάσας
3406 5127 3704 5210 titulumq-

466 5214 754 5284 positione,
822 5217 937 5273 sive
971 5229 1094 5290 post
1130 5234 1330 5277 manus
1383 5223 1808 5294 impositionem.
1867 5227 2032 5283 Acci-

2150 5223 2323 5286 ιτικάς
2370 5221 2639 5294 προϐολὰς
2662 5221 2986 5294 ἀφαιροῦσιν
3035 5222 3129 5275 ἐπὶ
3167 5221 3233 5292 τῇ
3262 5218 3374 5274 τῶν
3400 5218 3704 5292 χρημάτων

465 5322 592 5378 pere
641 5316 730 5363 est
777 5308 946 5376 enim,
1022 5312 1272 5382 accipere
1333 5316 1792 5389 quandocunque.
1853 5317 1958 5376 Sed
1979 5329 2034 5376 et

463 5409 658 5451 omnes
689 5398 1062 5466 promotiones
1097 5403 1500 5461 ecclesiasticas
1540 5405 1796 5464 auferunt
1848 5408 1903 5464 in
1945 5409 2036 5466 da-

464 5489 614 5546 tionc
641 5493 1018 5563 pecuniarum.

529 5755 578 5791 "
606 5756 625 5812 l
650 5720 881 5831 Regni,
910 5760 1000 5815 30.
1075 5763 1121 5796 ’⁷
1151 5761 1286 5818 Luc.
1324 5778 1385 5830 ιι,
1417 5765 1501 5820 lii.
1578 5766 1622 5798 ’³
1650 5768 1769 5822 Act.
1805 5783 1924 5835 vni,
1964 5769 2054 5822 Ἦ.

2129 5314 2295 5369 δόσει.

2134 5770 2177 5802 ’³
2212 5768 2230 5822 ι
2260 5768 2402 5824 Tim.
2432 5784 2512 5836 tn,
2544 5770 2578 5824 2
2613 5786 2627 5829 ;
2659 5763 2769 5822 Tit.
2805 5781 2840 5834 ι,
2872 5768 2921 5824 8.
