4090 6286
337 353 482 418 lilii

413 559 477 612 Et“
501 575 584 620 τις
635 555 933 613 ἐπίσκοπος
980 551 1071 606 διὰ
1119 550 1418 622 χρημάτων
1465 549 1566 612 τῆς
1601 547 1756 613 ἀξίας
1787 545 1913 600 ταύ-

323 664 438 719 ’της
492 648 770 720 ἐγκρατὴς
828 645 1076 716 γένηται,
1107 645 1141 716 ἢ
1168 642 1564 715 πρεσϐύτερος,
1588 641 1621 712 ἢ
1642 641 1911 702 διάκονος,

337 740 708 812 καθαιρείσθω
737 739 833 792 καὶ
866 737 1029 800 αὐτὸς
1063 737 1158 789 καὶ
1191 737 1219 789 ὀ
1249 735 1663 806 χειροτονήσας·
1707 733 1800 784 καὶ
1821 731 1914 782 ἐκ·

337 831 624 886 κοπτέσθω
651 829 970 882 παντάπασι
1018 827 1114 879 καὶ
1141 825 1239 895 τῆς
1287 823 1595 887 κοινωνίας,
1625 821 1702 884 ὡς
1732 821 1916 890 Σίμων

337 925 365 976 ὀ
397 922 570 992 μάγος
604 919 849 986 ὑπ’ἐμοῦ
881 919 1115 985 Πέτρου.

472 1013 578 1066 Ἐκ
607 1011 725 1064 τῶν
743 1009 1029 1078 Πράξεων
1049 1007 1170 1062 τῶν
1189 1007 1372 1076 ἁγίων
1397 1005 1778 1060 ἀποστόλων.

419 1120 438 1152 ι
475 1099 624 1153 Ἰδὼν
648 1100 706 1152 δέ
729 1098 759 1150 ὀ
787 1098 994 1166 Σίμων,
1051 1097 1135 1150 ὅτι
1190 1095 1281 1149 διὰ
1329 1098 1429 1166 τῆς
1475 1095 1776 1159 ἐπιθέσεως
1807 1095 1918 1148 τῶν

345 1192 550 1265 χειρῶν
588 1190 698 1244 τῶν
747 1189 1065 1244 ἀποστόλων
1085 1187 1291 1242 δίδοται
1317 1187 1379 1240 τὸ
1401 1173 1715 1258 Πνεῦμαπό
1740 1186 1918 1257 ἅγιον,

345 1284 722 1356 προσήνεγκεν
783 1281 968 1344 αὐτοῖς
1009 1281 1270 1350 χρήματα
1305 1317 1322 1345 ,
1367 1278 1568 1348 λέγων,
1613 1279 1743 1332 Δότε
1818 1280 1922 1332 κά-

347 1379 438 1447 μοὶ
476 1376 574 1446 τὴν
627 1373 877 1442 ἐξουσίαν
918 1371 1120 1442 ταύτην
1149 1411 1164 1438 ,
1214 1372 1306 1426 ἵνα
1355 1365 1402 1440 ᾧ
1447 1371 1544 1425 ἐὰν
1598 1371 1774 1424 ἐπιθῶ
1821 1371 1922 1435 τὰς

328 1471 531 1538 ’χεῖρας
560 1507 575 1531 ,
635 1465 888 1536 λαμϐάνῃ
937 1462 1164 1534 Πνεῦμα
1212 1463 1389 1533 ἅγιον.
1448 1463 1656 1534 Πέτρος
1703 1461 1922 1522 δέ,εῐπε

345 1558 484 1627 πρὸς
512 1557 676 1610 αὐτόν
697 1573 714 1589 °
747 1557 820 1609 Τὸ
845 1555 1108 1626 ἀργύριόν
1135 1571 1231 1608 σου
1288 1557 1385 1610 σὺν
1422 1557 1508 1610 σοὶ
1548 1557 1636 1627 εἴη
1681 1559 1762 1620 είς
1821 1557 1927 1610 ἀπ-

346 1648 566 1712 ώλειαν,
625 1649 709 1702 ὅτι
735 1647 834 1719 τήν
861 1647 1070 1718 δωρεὰν
1087 1645 1184 1700 τοῦ
1213 1646 1352 1728 Θεού
1380 1647 1636 1719 ἐνόμισας
1662 1647 1753 1702 διὰ
1791 1664 1928 1718 χρη·

353 1739 542 1809 μάτων
569 1738 826 1792 κτᾶσθαι.
879 1739 994 1791 Οὐκ
1025 1738 1142 1792 ἐστι
1189 1754 1273 1792 σοι
1323 1737 1506 1810 μερὶς,
1555 1736 1676 1791 οὺδέ
1723 1737 1931 1810 κλῆρος

350 1832 409 1883 ἐν
432 1828 514 1900 τῷ
575 1829 723 1900 λόγῳ
757 1829 936 1901 τούτῳ
961 1846 977 1863 ·
1013 1833 1047 1902 ή
1074 1832 1184 1902 γὰρ
1223 1831 1428 1903 καρδία
1471 1847 1566 1884 σου
1625 1831 1726 1886 οὐκ
1775 1831 1926 1888 ἐστιν

350 1923 535 1975 εὐθεῖα
560 1921 790 1973 ἐνώπιον
817 1920 915 1974 τοῦ·
941 1920 1100 1976 Θεοῦ.
1147 1922 1504 1993 Μετανόησον
1545 1918 1640 1976 οὖν
1693 1921 1801 1976 ἀπὸ
1828 1921 1931 1992 τῆς

349 2013 550 2075 κακίας
581 2028 672 2065 σου
704 2011 932 2082 ταύτης,
959 2011 1054 2064 καὶ
1075 2013 1302 2083 δεήθητι
1327 2011 1424 2066 τοῦ
1459 2011 1696 2082 Κυρίου,
1737 2013 1786 2065 εί
1817 2013 1930 2083 ἄρα

345 2101 686 2172 ἀφεθήσεταί
731 2118 815 2156 σοι
872 2102 1162 2172 ήέπίνοια
1209 2102 1312 2172 τῆς
1368 2102 1598 2175 καρδίας
1657 2119 1776 2156 σου.
1835 2101 1932 2167 Είς

353 2193 466 2266 γὰρ
521 2193 690 2265 χολὴν
739 2193 966 2264 πικρίας
993 2195 1089 2248 καὶ
1129 2195 1428 2266 σύνδεσμον
1479 2196 1694 2259 ἀδικίας
1726 2194 1839 2266 ὁρῶ
1871 2211 1933 2248 σε

351 2285 502 2340 ὄντα.
528 2305 550 2338 ο
1303 2303 1311 2312 ’

647 2379 742 2431 Ἐκ
766 2376 876 2446 τῆς
897 2379 1102 2446 τρίτης
1119 2375 1239 2430 τῶν
1266 2375 1624 2432 Βασιλειῶν.

428 2485 451 2518 ί
473 2467 588 2522 Kal
634 2469 734 2522 οὐκ
767 2468 1104 2539 ἐπέστρεψεν
1143 2467 1434 2538 Ἱεροϐοὰμ
1457 2467 1568 2522 ἀπὸ
1595 2470 1698 2540 τῆς
1727 2467 1932 2531 κακίας

353 2558 521 2613 αὐτοῦ
556 2577 571 2592 ο
597 2560 694 2613 καὶ
723 2561 1048 2630 ἐπέστρεψε,
1079 2559 1176 2613 καὶ
1217 2560 1478 2630 ἐποίησεν
1509 2562 1573 2614 ἐκ
1605 2560 1810 2632 μέρους
1835 2558 1931 2612 τοῦ

354 2651 484 2704 λαοῦ
549 2651 714 2724 ἱερεῖς
773 2651 1016 2722 ὑψηλῶν.
1055 2651 1117 2706 Ὀ
1151 2650 1479 2723 βουλόμενος
1527 2651 1770 2722 ἐπλήρου
1832 2652 1932 2723 τὴν

355 2744 518 2815 χεῖρα
543 2729 732 2808 αὐτού,
767 2743 861 2796 καὶ
909 2741 1122 2811 ἐγίνετο
1175 2743 1355 2813 ἱερεὺς
1377 2744 1456 2804 είς
1488 2743 1556 2796 τὰ
1588 2742 1793 2815 ὑψηλά.
1822 2743 1934 2797 Kal

358 2834 574 2898 ἐγένετο
594 2834 656 2886 τὸ
682 2833 834 2905 ῥῆμα
867 2832 1024 2887 τοῦτο
1053 2835 1131 2896 εἰς
1181 2833 1463 2904 ἁμαρτίαν
1517 2835 1596 2906 τῷ
1647 2837 1783 2906 οίκῳ
1827 2835 1928 2888 Ἱε-

363 2925 592 2996 ροϐοὰμ,
635 2928 732 2980 καὶ
781 2929 860 2990 είς
921 2925 1234 2996 ἀφανισμὸν
1296 2925 1408 2980 ἀπὸ
1475 2927 1772 2998 προσώπου
1830 2927 1932 2998 τῆς

359 3033 482 3088 γης.
513 3036 534 3070 ι

373 3107 476 3162 Ἐκ
525 3107 636 3178 τῆς
665 3109 714 3162 δ’
769 3110 888 3167 τῶν
931 3108 1302 3180 Βασιλειῷν,
1359 3108 1496 3179 περὶ
1547 3108 1662 3180 τῆς
1689 3109 1932 3178 λέπρας
1961 3115 2008 3178 c

1046 3177 1243 3248 Γιεζῆ.

439 3289 456 3320 ι
485 3269 594 3324 Kal
619 3270 922 3340 ἐπέστρεψε
941 3270 1174 3342 Νεεμὰν·
1187 3269 1324 3338 πρὸς
1353 3269 1630 3330 Ἐλισσαιέ
1659 3271 1820 3335 αὐτὸς
1842 3269 1940 3326 xal

365 3360 518 3412 πᾶσα
549 3359 584 3430 ἠ
609 3359 931 3432 παρεμϐολὴ
958 3361 1124 3414 αὑτοῦ
1149 3377 1164 3392 ο
1193 3363 1290 3416 καὶ
1339 3357 1492 3432 ἦλθε,
1555 3363 1650 3416 καὶ
1678 3362 1810 3432 ἔστη
1850 3367 1939 3416 ἐν·

364 3445 539 3500 ὡπιον
556 3449 752 3506 αὐτοῦ.
787 3450 897 3502 Kal
929 3447 1084 3504 εἷπεν
1105 3466 1119 3482 ο
1138 3450 1268 3504 Ἰδοὺ
1305 3451 1370 3521 δὴ
1397 3449 1614 3518 ἔγνωκα
1634 3491 1649 3515 ,
1697 3455 1781 3506 ὅτι
1839 3453 1941 3506 οὐκ

365 3537 482 3592 ἐστι
535 3539 668 3604 Θεὸς
687 3541 747 3592 ἐν
781 3541 932 3612 πάσῃ
986 3545 1054 3610 τῇ
1109 3545 1216 3612 γῇ,
1270 3541 1442 3613 ἀλλ’ἢ
1473 3544 1533 3596 ἐν
1581 3542 1661 3612 τῷ
1697 3544 1937 3616 Ἰσραήλ.

366 3621 476 3683 Kal
503 3629 600 3682 νῦν
633 3629 768 3684 λάϐε
797 3631 900 3700 τὴν
963 3630 1216 3700 εὐλογίαν
1267 3631 1422 3704 παρὰ
1446 3631 1539 3686 τοῦ
1568 3633 1758 3686 δούλου
1820 3653 1938 3690 σου.

373 3723 484 3776 Kal
530 3716 687 3775 εἶπεν
725 3721 1024 3774 Ἐλισσαιὲ’
1057 3722 1132 3792 Ζῆ
1165 3721 1374 3794 Κύριος
1411 3716 1457 3792 ᾧ
1485 3724 1766 3796 παρέστην
1811 3725 1944 3779 ἐνώο

371 3831 496 3866 πιον
527 3811 716 3874 αὐτοῦ,
750 3813 798 3866 εί
827 3811 1090 3883 λήψομαι.
1127 3814 1236 3866 Kal
1271 3815 1642 3884 παρεϐιάσατο
1666 3816 1828 3870 αὐτὸν
1853 3817 1946 3871 λα-

373 3906 510 3969 ϐεῖν,
569 3903 667 3958 καὶ
702 3902 990 3974 ήπείθησε.
1013 3922 1032 3955 ι
1061 3903 1172 3956 Kal
1205 3907 1326 3975 μετ’
1374 3905 1534 3974 ὀλίγα
1558 3923 1572 3936 ·
1623 3925 1642 3958 ι
1665 3907 1782 3960 Kal
1822 3893 1944 3962 εἷπε

373 3995 536 4068 Γιεζῆ
591 3995 652 4049 τὸ
707 3994 994 4066 παιδάριον
1055 3995 1328 4048 Ἐλισσαιέ
1364 4011 1378 4025 ·
1425 3997 1556 4050 Ἰδοὺ
1619 3999 1876 4068 ἐφείσατο
1916 3999 1946 4052 ὀ

375 4088 566 4160 κύριός
621 4105 722 4158 μου
748 4085 842 4140 τοῦ
870 4087 1092 4158 Νεεμὰν
1122 4085 1218 4140 τοῦ
1269 4085 1466 4157 Σύρου,
1516 4087 1613 4142 τοῦ
1655 4088 1840 4143 λαϐεῖν
1882 4090 1948 4143 ἐκ

376 4179 556 4250 χειρὸς
581 4178 748 4232 αὐτοῦ
782 4171 858 4231 ὧν
889 4177 1132 4248 ἐνήνοχε.
1165 4179 1240 4248 Ζῇ
1284 4177 1510 4249 Κύριος,
1539 4179 1589 4231 εί
1617 4179 1691 4248 μὴ
1723 4178 1949 4248 δράμω-

383 4285 482 4339 μαι
535 4268 714 4322 ὀπίσω
739 4267 924 4333 αὐτοῦ,
962 4269 1059 4321 καὶ
1082 4265 1340 4338 λήψωμαι
1373 4268 1504 4338 παρ’
1534 4267 1700 4322 αὐτοῦ
1731 4285 1808 4321 τι.
1839 4269 1950 4324 Kal

381 4359 567 4424 ἐδίωξε
597 4358 763 4428 Γιεζῆ
793 4359 970 4413 ὀπίσω
1021 4358 1263 4430 Νεεμάν.
1297 4377 1316 4410 ι
1371 4359 1482 4412 Kal
1529 4357 1669 4430 μετὰ
1698 4353 1906 4431 βραχέα
1931 4375 1946 4390 ·

1778 337 2186 404 ΕΡΙΞΤΟΙΑΕ.

588 462 798 520 Κανὼν
815 461 936 536 τῶν
958 459 1142 530 ἁγίων
1160 458 1526 514 ἀποστόλων
1565 454 1679 511 κθ.1
1941 465 1985 512 Δ

3456 331 3593 396 1446

2275 448 2459 503 Conon
2493 449 2796 501 sanctorum
2847 443 3207 514 apostolorum
3231 443 3326 499 29;

2087 539 2143 593 Si
2168 539 2288 610 quis
2314 539 2628 608 episcopus,
2656 544 2746 589 aut
2774 535 3074 606 presbyter.
3096 545 3190 589 aut
3208 535 3473 591 diaconus
3495 551 3597 606 per

2015 634 2276 701 pecunias
2327 632 2466 684 hanc
2513 626 2814 684 obtinuerit
2837 626 3180 696 dignitatem,
3217 627 3506 696 deiiciatur
3538 636 3593 680 et

2016 725 2136 794 ipse
2160 731 2214 778 et
2235 723 2519 778 ordinator
2535 721 2680 790 ejus,
2705 727 2758 774 et
2779 733 2808 772 a
2843 719 3229 774 communione
3258 719 3438 774 modis
3473 735 3594 774 om-

2017 815 2179 868 nibus
2201 811 2577 876 abscindatur,
2605 811 2750 867 sicut
2777 807 2966 862 Simon
3004 809 3195 881 Magus
3230 825 3262 866 a
3293 825 3380 865 me
3409 809 3593 866 Petro.

2423 993 2498 1048 De
2540 993 2758 1046 Actibus
2803 993 3188 1062 apostolorum.

2102 1105 2122 1136 ι
2151 1083 2290 1140 Cum
2324 1085 2554 1139 vidisset
2583 1093 2764 1138 autem
2804 1082 3016 1146 Simon,
3063 1085 3194 1152 quia
3231 1098 3327 1153 per
3364 1083 3600 1154 imposi-

2023 1178 2228 1232 tionem
2247 1192 2442 1232 manus
2459 1176 2830 1247 apostolorum
2850 1177 3074 1230 daretur
3092 1175 3334 1246 Spiritus
3354 1185 3598 1239 sanctus,

2019 1269 2225 1335 obtulit
2251 1269 2333 1324 eis
2381 1269 2698 1339 pecuniam,
2733 1267 2960 1323 dicens:
2995 1266 3129 1322 Date
3182 1277 3237 1322 ct
3269 1267 3406 1322 mihi
3462 1268 3604 1322 hanc

2025 1371 2376 1432 potestatem,
2413 1370 2472 1415 ut
2499 1361 2811 1430 cuicunque
2849 1359 3170 1428 imposuero
3207 1373 3425 1425 manus,
3458 1363 3606 1412 acci-

2024 1453 2140 1524 piat
2178 1451 2446 1522 Spiritum
2507 1459 2783 1506 sanctum.
2844 1449 3044 1504 Petrus
3108 1460 3290 1503 autem
3343 1449 3482 1503 dixit
3533 1450 3640 1524 ad

2024 1560 2152 1602 eum
2181 1563 2194 1599 :
2233 1545 2475 1600 Pecunia
2507 1552 2598 1598 tua
2633 1552 2814 1598 tecum
2844 1543 2917 1598 sit
2945 1542 2999 1596 in
3048 1540 3434 1612 perditionem,
3477 1540 3604 1613 quia

2027 1639 2230 1694 donum
2263 1637 2358 1693 Dei
2388 1635 2718 1692 existimasti
2746 1635 2980 1705 pecunia
3020 1633 3328 1704 possidere.
3363 1631 3480 1688 Non
3521 1641 3608 1687 est

2029 1730 2128 1786 tibi
2180 1744 2326 1800 pars,
2375 1743 2554 1798 neque
2580 1743 2703 1784 sors
2762 1727 2816 1780 in
2847 1740 3102 1783 sermone
3129 1726 3268 1780 isto:
3321 1739 3418 1778 cor
3458 1723 3607 1778 enim

2027 1833 2320 1880 tuumnon
2359 1831 2454 1876 est
2512 1829 2723 1874 rectum
2779 1831 2968 1874 coram
3007 1816 3160 1872 ’Deo.
3221 1815 3609 1872 Paenitentiam

2030 1915 2216 1986 itaque
2250 1928 2351 1984 age
2393 1913 2464 1967 ab
2503 1911 2606 1966 bac
2637 1909 2882 1982 nequitia
2911 1919 3024 1974 tua,
3057 1918 3114 1964 et
3169 1924 3296 1980 roga
3327 1907 3522 1973 Deum,
3561 1909 3610 1962 si

2031 2005 2171 2060 forte
2201 2005 2513 2060 remittatur
2564 2001 2662 2056 tibi
2698 2001 2814 2056 haec
2857 2000 3123 2070 cogitatio
3168 1999 3352 2053 cordis
3405 1997 3505 2051 tui.
3550 1996 3608 2050 in

2030 2097 2158 2155 felle
2186 2095 2334 2152 enim
2373 2093 2760 2150 amaritudinis
2809 2099 2866 2148 et
2914 2089 3251 2162 obligatione
3303 2089 3612 2160 iniquitatis

2032 2191 2191 2246 video
2219 2200 2270 2244 te
2292 2201 2416 2243 esse
2445 2185 2524 2240 ³⁸.
2558 2204 2577 2237 ι

2433 2365 2516 2420 Ea;
2545 2365 2684 2420 libro
2720 2364 2878 2420 tertio
2907 2363 3228 2434 Regnorum.

2107 2477 2128 2510 ι
2158 2455 2278 2511 Non
2309 2465 2390 2512 est
2415 2470 2669 2512 reversus
2699 2453 2993 2510 Jeroboam
3020 2455 3090 2509 de
3118 2455 3202 2508 via
3234 2468 3332 2508 sua
3355 2453 3613 2523 pessima,

2033 2552 2128 2606 sed
2154 2549 2491 2606 ocontrario
2524 2547 2655 2604 fecit
2709 2547 2778 2602 de
2811 2547 3131 2603 novissimis
3177 2548 3366 2618 populi
3423 2563 3613 2601 sacer--

2034 2641 2194 2696 dotes
2224 2639 2591 2694 cxcelsorum.
2643 2635 2974 2706 Quicunque
3043 2635 3280 2702 volebat,
3343 2637 3612 2704 implebat

2033 2745 2258 2786 manum
2311 2746 2469 2786 suam
2504 2738 2560 2786 et
2592 2729 2754 2784 liebat
2801 2727 3064 2784 sacerdos
3122 2729 3496 2792 excelsorum,
3560 2739 3628 2810 οε

2033 2830 2259 2892 propter
2303 2821 2446 2874 hanc
2477 2834 2704 2875 causam
2743 2820 2988 2889 peccavit
3035 2818 3233 2873 domus
3293 2817 3614 2882 Jeroboam,

2031 2923 2087 2969 et
2115 2927 2310 2968 eversa
2333 2923 2438 2978 est,
2469 2919 2526 2966 et
2543 2911 2721 2966 deleta
2749 2911 2984 2980 desuper
3016 2909 3154 2966 facie
3185 2919 3346 2966 terrae
3376 2911 3442 2965 ".
3475 2931 3492 2962 ι

2180 3107 2266 3178 Ea:
2303 3108 2440 3164 libro
2469 3119 2663 3180 quarto
2696 3109 3021 3181 Regnorum,
3051 3111 3116 3165 de
3135 3111 3284 3180 lepra
3307 3109 3477 3166 αἱαὶ.

2115 3282 2134 3316 ι
2171 3263 2552 3334 Reversusquc
2600 3261 2844 3318 Naaman
2882 3263 2948 3317 ad
2997 3263 3174 3318 virum
3214 3263 3305 3319 Dei
3345 3280 3468 3321 cum
3496 3266 3621 3319 uui-

2042 3371 2204 3411 verso
2223 3358 2508 3414 Jzomitatu
2538 3370 2663 3422 suo,
2702 3356 2854 3410 venit
2899 3367 2953 3411 et
2995 3357 3147 3426 stetit
3193 3371 3380 3412 coram
3431 3373 3520 3420 eo,
3565 3369 3622 3415 et

2041 3448 2122 3500 ait
2152 3463 2164 3498 :
2218 3445 2355 3500 Vere
2382 3446 2498 3500 scio
2528 3445 2675 3514 quod
2707 3459 2820 3499 non
2841 3445 2914 3500 sit
2949 3447 3090 3500 Deus
3120 3447 3261 3502 alius
3287 3447 3340 3501 in
3363 3449 3620 3502 universa

2041 3547 2215 3602 terra,
2256 3536 2362 3590 nisi
2411 3544 2622 3590 tantum
2671 3536 2724 3588 in
2775 3535 2960 3590 lsrael.
3011 3537 3254 3592 Obsecro
3306 3540 3508 3609 itaque,
3564 3552 3624 3594 ut

2042 3627 2282 3698 accipias
2313 3625 2747 3702 benedictionem
2781 3641 2810 3680 a
2835 3642 2999 3681 servo
3031 3636 3147 3682 tuo.
3175 3627 3244 3681 At
3270 3629 3360 3683 ille
3396 3646 3622 3698 respon-

2043 3719 2122 3774 dit
2148 3737 2160 3772 :
2203 3717 2346 3772 Vivit
2374 3717 2658 3781 Dominus,
2683 3727 2810 3772 ante
2835 3733 2998 3788 quem
3029 3727 3134 3786 sto,
3161 3719 3290 3790 quia
3319 3737 3427 3775 non
3463 3725 3620 3778 ιιυυί-
3690 3750 3693 3754 -

2045 3815 2216 3884 piam.
2245 3811 2498 3881 Cumque
2521 3809 2632 3864 vim
2666 3809 2894 3877 faceret,
2947 3811 3168 3880 penitus
3235 3827 3346 3868 non
3389 3819 3622 3884 acquie-

2045 3906 2123 3960 vit
2149 3905 2270 3958 υ.»
2325 3903 2390 3958 Et
2434 3911 2558 3973 post
2611 3915 2830 3974 pauca:
2893 3921 2912 3956 ι
2956 3903 3211 3975 Dixitque
3268 3905 3420 3962 Giezi
3487 3924 3628 3977 puer

2045 3997 2151 4052 viri
2204 3993 2350 4052 Dei:
2403 3995 2657 4067 Pepercit
2685 3995 2940 4052 dominus
2990 4014 3146 4054 meus
3196 3997 3442 4054 Naamau
3487 4001 3626 4074 Syro

2047 4089 2164 4156 isti,
2207 4097 2268 4144 ut
2299 4103 2408 4143 non
2445 4087 2719 4157 acciperet
2747 4089 2818 4142 ab
2847 4104 2913 4142 eo
2941 4105 3060 4159 qua:
3098 4090 3301 4145 attulit.
3335 4089 3485 4148 Vivit
3517 4093 3627 4147 Do-

2049 4181 2257 4246 minus,
2293 4180 2422 4250 quia
2447 4194 2664 4234 curram
2716 4187 2840 4249 post
2888 4195 3037 4245 eum,
3072 4187 3128 4235 et
3157 4181 3425 4252 accipiam
3455 4183 3525 4237 ab
3562 4197 3626 4240 eo

2051 4269 2286 4341 aliquid.
2331 4267 2400 4324 Et
2459 4278 2682 4325 secutus
2727 4261 2808 4325 est
2837 4269 2987 4324 Giezi
3061 4281 3182 4340 post
3219 4281 3434 4344 tergum
3483 4271 3630 4328 Naa-

2051 4377 2179 4417 man
2196 4361 2288 4414 ’³³.
2318 4379 2338 4412 ›
2375 4361 2380 4366 ⁷
2415 4359 2485 4415 Ει
2522 4369 2647 4430 post
2695 4374 2870 4424 pauca
2906 4378 2920 4416 :
2992 4378 3011 4412 ι
3051 4361 3116 4416 Ει
3160 4361 3627 4424 dixit,Naaman:

387 4471 404 4500 ι
432 4451 541 4503 Kal
578 4447 700 4502 εἷπε
745 4449 1000 4519 Νεεμάνο
1027 4450 1174 4504 Λάϐε
1211 4451 1276 4524 δὴ
1331 4451 1594 4506 τάλαντον
1657 4445 1941 4524 ἀργυρίου,

2053 4444 2255 4524 Accipe
2289 4454 2551 4508 talentum
2589 4451 2799 4524 argenti
2826 4469 2840 4517 ;
2873 4463 2928 4508 et
2955 4455 3132 4524 coegit
3157 4469 3304 4519 cum,
3336 4455 3630 4524 Iigavitque

387 4541 495 4624 Kal
531 4539 692 4592 ἔλαϐε
730 4538 824 4590 δύο
851 4539 1092 4593 τάλαντα
1118 4541 1383 4612 ἀργυρίου
1406 4543 1465 4595 ἐν
1494 4541 1613 4595 δυσὶ
1642 4541 1950 4609 θυλακίοις,

385 4632 477 4685 καὶ
531 4630 626 4684 δύο
673 4630 1055 4702 ἀλασσομένας
1098 4633 1350 4696 στολάς.)
1408 4635 1521 4688 Kal
1581 4634 1702 4706 μεθ’
1759 4636 1950 4707 ἐτεραο

388 4743 406 4774 ι
434 4724 541 4776 Kal
567 4719 693 4776 εἷπε
713 4722 852 4793 πρὸς
881 4721 1044 4776 αὐτὸν
1082 4723 1358 4778 Ἐλισσαιέ
1380 4740 1394 4756 ’
1431 4725 1602 4780 Πόθεν
1630 4725 1830 4798 Γιεζῆς
1863 4727 1956 4782 καὶ

383 4810 504 4866 εἷπε
540 4811 704 4882 Γιεζῆ
725 4828 740 4844 ο
767 4813 841 4866 Οὐ
875 4813 1215 4885 πεπόρευται
1271 4815 1300 4866 ὀ
1325 4813 1516 4880 δοῦλός
1571 4833 1668 4870 σου
1703 4816 1833 4872 ἔνθα
1862 4809 1979 4872 καὶ(

385 4905 532 4960 ένθα.
563 4906 676 4959 Kal
699 4900 820 4958 εἷπε
853 4905 990 4976 πρὸς
1017 4904 1182 4960 αὑτὸν
1215 4905 1484 4960 Ἐλισσαιὲ
1506 4923 1523 4938 ο
1555 4907 1738 4982 Οὐχὶή
1761 4910 1960 4982 καρδία

391 5015 492 5068 μου
515 4997 789 5069 ἐπορεύθη
820 4997 960 5068 μετὰ
989 4996 1108 5063 σοῦ,
1143 4997 1239 5050 καὶ
1281 4993 1420 5064 οἶδα,
1469 4997 1560 5052 ὅτε
1613 4999 1961 5071 ἀπέστρεψεν

385 5091 414 5142 ὀ
437 5087 575 5159 ἀνὴρ
602 5089 710 5142 ἀπὸ
737 5088 832 5142 τοῦ
863 5087 1111 5160 ἅρματος
1150 5089 1232 5151 είς
1277 5088 1605 5160 συνάντησίι
1663 5106 1792 5158 σου;
1853 5091 1964 5145 Kal

387 5179 484 5234 νῦν
503 5179 694 5242 ἔλαϐες
721 5179 784 5232 τὸ
812 5177 1099 5250 ἀργύριον,
1127 5177 1223 5232 καὶ
1251 5177 1347 5232 νῦν
1395 5177 1589 5244 ἔλαϐες
1619 5180 1714 5233 καὶ
1739 5180 1808 5235 τὰ
1837 5181 1964 5252 ίμά-

385 5288 508 5327 ιιιια⁸
544 5271 642 5326 καὶ
693 5271 839 5342 λήψῃ
868 5271 927 5324 ἐν
949 5271 1099 5340 αὐτῷ
1140 5271 1378 5341 κήπους,
1418 5271 1516 5324 καὶ
1565 5270 1820 5339 ἐλαιῶνα,
1871 5275 1965 5328 καὶ

385 5359 706 5438 ἀμπελῶνα,
742 5369 836 5422 καὶ
852 5369 1118 5439 πρόϐατα,
1156 5366 1252 5420 καὶ⁴
1283 5365 1434 5435 βόας,
1487 5363 1582 5417 καὶ
1613 5363 1828 5429 παῖδας,
1862 5364 1958 5418 καὶ

390 5457 681 5522 παιδίσκας
712 5475 726 5489 ο
756 5458 851 5510 καὶ
879 5460 914 5528 ή
950 5458 1128 5528 λέπρα
1177 5456 1400 5527 Νεεμὰν
1445 5452 1844 5525 κολληθήσεται
1899 5459 1956 5510 ἐν

2051 4544 2164 4600 duo
2210 4544 2414 4600 talenta
2446 4546 2656 4615 argenti
2695 4544 2750 4598 in
2797 4540 3016 4598 duobus
3059 4545 3260 4610 saccis,
3301 4554 3354 4598 et
3387 4544 3630 4612 duplicia

2053 4637 2377 4692 vestimenta
2405 4633 2484 4689 “.
2513 4654 2532 4688 ι
2576 4635 2642 4690 Ει
2671 4645 2792 4706 post
2825 4635 2932 4690 alia
2965 4653 2980 4692 :
3023 4655 3040 4684 ο
3066 4633 3132 4690 Ει
3165 4634 3306 4689 dixit
3357 4633 3588 4689 Elisaeus
3615 4649 3631 4686 :

2055 4727 2214 4784 Unde
2245 4728 2397 4784 venit
2419 4727 2612 4782 Giezi?
2651 4726 2754 4794 Qui
2788 4726 3076 4797 respondit
3103 4745 3117 4781 :
3146 4725 3272 4780 Non
3316 4725 3415 4779 ivit
3435 4735 3629 4781 servus

2061 4829 2191 4876 tuus
2216 4834 2521 4890 quoquam.
2553 4818 2739 4873 Atille
2787 4819 2899 4874 ait:
2961 4818 3152 4872 Nonne
3200 4831 3296 4872 cor
3340 4829 3525 4871 meum
3564 4811 3618 4868 in

2069 4911 2320 4986 praesenti
2349 4920 2486 4970 erat.
2523 4911 2742 4981 quando
2790 4925 3046 4964 reversus
3069 4919 3153 4964 est
3183 4909 3348 4963 homo
3367 4908 3434 4964 de
3465 4924 3631 4966 curru

2060 5015 2164 5056 suo
2189 5001 2244 5054 in
2279 5013 2573 5056 occursum
2603 4999 2723 5054 tui?
2760 4997 2916 5052 Nunc
2939 4999 3104 5069 igitur
3133 4999 3397 5069 accepisti
3433 5013 3635 5070 argen-

2062 5102 2200 5159 tum,
2233 5101 2288 5148 et
2343 5091 2604 5163 accepisti
2686 5099 2904 5146 vestes:
2963 5099 3022 5144 ut
3077 5106 3230 5145 emas
3300 5090 3520 5158 oliveta,
3583 5099 3636 5146 ct

2061 5186 2292 5250 vineas,
2371 5191 2426 5239 et
2478 5198 2632 5248 oves,
2708 5193 2764 5238 et
2822 5186 3008 5247 boves,
3055 5192 3110 5236 et
3173 5198 3384 5246 servos,
3418 5194 3472 5238 et
3536 5199 3635 5236 au-

2063 5277 2262 5332 cillas:
2334 5273 2431 5329 sed
2506 5273 2654 5344 lepra
2707 5270 2952 5328 Naaman
3005 5273 3306 5328 adhaerebit
3341 5273 3436 5327 tibi
3463 5281 3515 5326 et
3550 5289 3638 5326 ει·-

2068 5368 2203 5422 mini
2262 5377 2356 5422 tuo
2411 5369 2466 5422 in
2532 5365 2951 5436 sempiternum.
3012 5363 3078 5418 Et
3141 5379 3396 5436 egwssus
3427 5375 3510 5420 est
3566 5363 3636 5417 ab

2067 5475 2134 5514 eo
2153 5459 2404 5529 leprosos
2439 5457 2596 5528 quasi
2623 5459 2712 5512 nix
2738 5459 2782 5490 "
2803 5501 2817 5514 .
2843 5477 2860 5508 ι

392 5549 475 5602 σοὶ
511 5548 604 5601 καὶ
633 5549 692 5600 ἐν
715 5547 790 5617 τῷ
823 5547 1096 5618 σπέρματί
1164 5565 1257 5600 σου
1307 5549 1388 5610 είς
1445 5547 1536 5599 τὸν
1594 5546 1784 5600 αίῶνα.
1849 5548 1957 5601 Kal
1995 5547 2220 5620 ἐξῆλθεν
2247 5553 2311 5602 ἐκ
2374 5549 2466 5602 τοῦ
2516 5548 2813 5619 προσώπου
2870 5547 3034 5601 αὑτοῦ
3067 5543 3474 5618 λελεπρωμένος
3504 5544 3638 5597 ὡσεὶ

395 5638 548 5709 χιών.
563 5658 581 5689 ι

466 5756 510 5789 ³ο
545 5755 664 5810 Act.
692 5769 806 5818 vm,
839 5753 1016 5808 lii-25.
1054 5755 1093 5786 ³¹
1137 5753 1200 5808 111
1230 5753 1359 5824 Reg.
1400 5769 1516 5820 xm,
1542 5755 1630 5822 54,
1661 5755 1748 5810 5i.
1830 5757 1870 5788 υ
1905 5753 1941 5807 l‘

2040 5770 2120 5827 eg.
2157 5771 2206 5821 ν,
2240 5754 2324 5822 lii,
2362 5754 2442 5810 16.
2477 5755 2520 5788 ³³
2547 5752 2678 5810 ibid.
2706 5754 2796 5818 20,
2830 5752 2876 5786 “
2902 5750 3010 5805 ibid
3035 5750 3126 5806 23.
3203 5750 3247 5783 ³⁸
3276 5749 3406 5804 ibid.
3431 5745 3626 5806 35-27.
