4090 6286
303 407 436 474 1449
1715 398 1901 462 EPIS'.

2003 397 2118 460 ΜΕ.
3441 386 3575 452 1450

301 527 410 577 τῶν
472 522 570 594 μὲν
625 521 847 586 λαϊκῶν,
898 521 1007 576 τῶν
1053 522 1113 575 δέ
1160 517 1574 592 πρεσϐυτέρων,
1633 513 1716 579 οἷς
1767 518 1885 571 ἕδο-

2003 515 2144 568 l~ant.
2177 513 2424 584 Cumque
2453 519 2838 584 permanerent
2888 516 3054 564 testes
3086 515 3198 562 tam
3248 503 3373 560 laici
3407 519 3576 574 quam

307 617 402 680 ξαν
430 592 828 687 τεθαρρηκέναι
849 630 861 643 ·
895 615 1060 668 τινῶν
1080 613 1145 667 δέ
1180 613 1277 667 καὶ
1335 611 1637 682 γυναικῶν,
1698 611 1794 662 καὶ
1819 607 1890 661 τὰ

2003 605 2327 675 presbyteri,
2363 603 2567 676 quibus
2603 603 2786 657 visum
2819 599 2996 655 fuerat
3048 599 3280 653 ﬁdenter
3319 592 3438 667 [Gn
3471 595 3576 649 visi

307 707 422 777 εἴδη
449 706 558 760 τῶν
585 705 860 778 ἐνεχύρων
912 706 1204 774 λεγόντων,
1230 705 1359 768 τοὺς
1388 704 1606 766 τόπους,
1635 702 1730 754 καὶ
1761 699 1890 763 τοὺς

307 795 558 864 καιροὺς,
609 795 706 848 καὶ
729 786 830 865 τὴν
883 796 1182 864 ποσότητα,
1217 795 1280 848 οὐ
1309 793 1450 848 πάνυ
1482 791 1660 856 καλῶς
1712 788 1890 844 αὐτῶν

308 885 660 958 διακειμένης
711 868 812 957 τῆς
873 888 1232 958 συνειδήσεως
1264 925 1280 950 ,
1331 885 1644 955 αὐθαίρετοι
1697 882 1890 954 ὁμολο-

310 977 472 1046 γοῦσι
494 979 622 1050 δίχα
675 978 878 1049 πολλῆς
922 980 1170 1048 ἀνάγκης
1201 993 1218 1008 ο
1257 979 1340 1032 ὅτι
1370 977 1706 1046 δεδώκαμεν,
1757 979 1890 1044 ὁμο-

310 1069 604 1140 λογοῦμεν,
637 1071 735 1156 καὶ,
783 1070 1091 1140 γεγόναμεν
1122 1070 1382 1138 τοιαύτην
1411 1067 1732 1140 νομίσαντες
1763 1067 1894 1121 ἀκο-

311 1160 533 1214 λουθίαν
596 1155 757 1216 εἶναι.
801 1162 918 1214 Ἵνα
949 1161 1198 1232 δόξωμεν
1231 1161 1333 1230 τῆς
1371 1161 1568 1236 βουλῆς
1603 1161 1702 1230 τῆς
1727 1159 1896 1230 δημο-

313 1253 436 1316 σίας
483 1251 924 1324 ἐλευθεροῦσθαί.
983 1253 1096 1305 Καὶ
1126 1253 1222 1305 νῦν
1254 1250 1511 1322 δεόμεθα,
1545 1253 1594 1304 εί
1620 1251 1722 1320 μέν
1744 1251 1895 1303 ἐστιν

311 1345 458 1397 ὅσιον
511 1344 659 1413 ἡμᾶς
692 1339 834 1396 εἶναι
880 1346 944 1396 ’ἐν
970 1345 1038 1414 τῇ
1070 1343 1385 1414 λειτουργίᾳ
1420 1345 1524 1410 τῆς
1551 1341 1847 1410 ἐκκλησίας
1872 1355 1890 1373 ⁸

310 1433 436 1486 ἐπεὶ
487 1435 592 1487 κᾶν
649 1433 712 1486 τὸ
759 1433 983 1505 χρυσίον
1013 1432 1046 1485 δ
1093 1431 1428 1503 δεδώκαμεν,
1479 1431 1568 1485 ἴνα
1613 1429 1891 1500 λάϐωμεν.

315 1527 442 1581 Τῶν
459 1525 574 1598 γὰρ
619 1525 894 1594 γυναικῶν
943 1523 1104 1596 ἡμῶν
1163 1523 1481 1596 δεδώκαμεν
1527 1540 1664 1577 τινακ
1699 1521 1892 1592 σκεύη.

326 1615 578 1684 Ἰωάννης
607 1613 746 1684 πρὸς
791 1612 968 1666 ταῦτὰ
991 1613 1263 1682 ὑπέσχετο
1306 1615 1373 1684 τῇ
1399 1611 1623 1682 συνόδῳ,
1654 1613 1738 1664 ὅτι
1786 1609 1896 1662 Τοῦ

319 1705 417 1774 μὲν
468 1705 852 1776 βουλευτηρίου
901 1703 1016 1774 ἐγὼ
1063 1707 1264 1780 αὐτοὺς
1322 1707 1420 1759 σὺν
1451 1703 1572 1776 Θεῷ
1615 1701 1898 1758 ἀπαλλάσ-

314 1814 396 1849 σω
429 1835 444 1862 ,
491 1795 728 1861 ἀξιώσας
779 1795 872 1849 τὸν
930 1795 1194 1867 βασιλέαο
1235 1797 1396 1868 ὑμεῖς
1442 1796 1500 1849 δέ
1545 1793 1893 1866 προστάξατε

317 1889 513 1952 αὐτοὺς
535 1888 718 1942 λαϐεῖν
748 1887 784 1942 ἃ
806 1886 1070 1942 δεδώκασι
1096 1875 1250 1958 παρά
1270 1887 1378 1941 τῶν
1415 1879 1736 1940 ’Λέντωνίνου
1766 1885 1898 1961 κλη-

319 1979 585 2050 ρονόμων.
645 1977 987 2049 Προσέταξεν
1031 1981 1065 2050 ἡ
1110 1978 1349 2042 σύνοδος,
1385 1976 1466 2031 τὸ
1514 1977 1616 2048 μὲν
1671 1976 1899 2048 χρυσίον

315 2070 516 2134 αὐτοὺς
576 2071 760 2123 λαϐεῖν
807 2068 961 2142 παρὰ
999 2068 1110 2122 τῶν
1161 2067 1520 2139 κληρονόμων
1550 2065 1896 2130 Ἀντωνίνου,

321 2165 594 2217 κοινωνεῖν
621 2163 678 2216 δὲ
701 2162 848 2216 ἔνδον
897 2159 994 2215 τοῦ
1060 2160 1480 2230 θυσιαστηρίου,
1538 2155 1678 2217 εἶναι
1707 2158 1764 2211 δὲ
1791 2157 1900 2212 ἀπὸ

320 2254 546 2325 ἱερέων⁹
577 2253 664 2307 ἵνα
691 2253 774 2325 μὴ
807 2253 1014 2308 τούτων
1057 2254 1544 2326 συγχωρηθέντων,
1586 2251 1708 2314 ἔθος
1737 2251 1900 2321 γένη-

317 2364 412 2398 ται
441 2345 732 2398 Ἰουδαϊκὸν
749 2346 780 2416 ἦ
799 2345 1096 2414 Αίγύπτιον
1122 2346 1218 2398 τοῦ
1252 2346 1458 2400 πωλεῖν
1489 2345 1587 2398 καὶ
1609 2343 1900 2414 ἀγοράζειν

319 2437 418 2507 τὴν
454 2436 772 2506 ἱερωσύνην.
807 2437 945 2489 Φασὶ
1003 2437 1114 2507 γάρ
1160 2435 1252 2489 τὸν
1307 2434 1562 2507 λυμεῶνα
1620 2435 1717 2488 καὶ
1770 2433 1904 2502 ψευ·

319 2526 566 2596 δ.ἱ›νυμον
589 2526 936 2596 πατριάρχην
978 2527 1088 2578 τῶν
1129 2525 1404 2579 Ἰουδαίων
1425 2525 1546 2580 κατ’
1585 2523 1707 2587 ἔτος
1738 2523 1902 2594 ἀμεί-

322 2617 459 2681 ϐειν,
485 2617 627 2688 ἢκαὶ
653 2619 784 2688 παρ’
813 2617 936 2682 ἔτος
961 2619 1089 2680 τοὺς
1109 2615 1625 2690 ἀρχισυναγώγους,
1650 2615 1742 2668 ἐπὶ
1775 2615 1902 2668 συλ-

323 2707 456 2777 λογῇ
488 2706 584 2760 τοῦ
613 2707 912 2776 ἀργυρίου·
943 2709 1146 2778 ὁμοίως
1175 2708 1271 2760 καὶ
1331 2707 1424 2760 τὸν
1471 2705 1724 2777 ζηλωτὴν
1779 2705 1906 2758 τού-

324 2815 418 2850 του
475 2797 584 2852 τῶν
639 2797 950 2866 Αἰγυπτίων
1005 2799 1388 2870 πατριάρχην·
1415 2797 1505 2851 ἵνα
1548 2793 1810 2866 πληρωθῇ
1843 2795 1943 2848 τὸ·

329 2889 668 2960 προφητικόν
688 2908 702 2920 ·
741 2907 761 2941 ι
785 2890 850 2942 Οἱ
881 2891 1046 2961 ἱερεῖς
1074 2891 1246 2962 αὐτῆς
1282 2888 1424 2960 μετά
1451 2887 1642 2960 δώρων
1667 2887 1906 2958 ἀπεκρί-

325 2999 498 3049 νοντο,
527 2982 620 3035 καὶ
649 2983 698 3036 oi
739 2983 1015 3054 προφῆται
1047 2983 1217 3054 αὐτῆς
1247 2981 1386 3054 μετά
1422 2981 1690 3054 ἀργυρίου
1739 2983 1908 3053 ἐμαν-

325 3092 611 3130 τευοντο.»

339 3170 435 3222 Ἐκ
469 3168 586 3222 τῶν
636 3171 914 3226 κανόνων
947 3165 1068 3222 τῶν
1121 3167 1462 3233 ἑξακοσίων
1487 3167 1808 3237 τριάκοντα
1841 3169 1906 3223 d-

397 3241 544 3310 γέων
568 3240 848 3310 Πατέρων
869 3237 991 3293 τῶν
1006 3239 1078 3294 ἐν
1093 3237 1437 3307 Χαλκηδόνι
1457 3237 1904 3305 συνελθόντων,

397 3307 600 3362 κανὼν
615 3307 914 3378 δεύτερος.

397 3400 467 3454 El’
490 3418 574 3465 τις
616 3403 921 3478 ’ἐπίσκοπος
950 3401 1046 3456 ἐπὶ
1085 3403 1338 3474 χρήμασι
1391 3401 1728 3474 χειροτονίαν
1751 3400 1908 3468 ποιή-

329 3508 499 3558 σαιτο,
551 3494 646 3550 καὶ
672 3497 754 3558 εἰς
810 3495 1016 3566 πράσιν
1066 3495 1360 3565 καταγάγῃ
1411 3497 1511 3562 τὴν
1539 3494 1787 3562 ἄπρατον
1810 3493 1909 3562 χά-

327 3605 436 3660 ριν.
471 3587 564 3640 καὶ
613 3589 973 3657 χειροτονήσῃ
1033 3587 1132 3638 ἐπὶ
1184 3587 1464 3657 χρήμασιν
1513 3582 1905 3654 ἐπίσκοπον,ἢ

326 3679 768 3751 χωρεπίσκοπον,
799 3679 832 3749 ἢ
862 3678 1262 3749 πρεσῦύτερον,
1296 3679 1391 3732 καὶ
1421 3678 1696 3742 διάκονον,
1726 3677 1760 3749 ἢ
1789 3677 1908 3729 ἐτε-

330 3775 421 3844 ρόν
447 3771 692 3828 τινατῶν
720 3774 778 3828 ἐν
803 3771 880 3842 τῷ
906 3773 1095 3843 κλήρῳ
1124 3771 1679 3842 καταριθμουμένων,
1708 3769 1741 3841 ἢ
1773 3785 1908 3840 προ-

326 3866 578 3920 σάλλοιτο
625 3867 718 3919 ἐπὶ
773 3867 1048 3937 χρήμασιν
1112 3865 1416 3934 οἰκονόμον,
1455 3865 1490 3936 ἢ
1541 3863 1777 3928 ἔκδικον,
1811 3861 1908 3916 καὶ

327 3954 765 4026 παραμονάριον,
810 3953 852 4025 ἢ
901 3952 1046 4014 ὅλως.
1083 3953 1206 4007 τινὰ
1257 3951 1356 4006 τοῦ
1399 3951 1650 4016 κανόνος,
1707 3951 1776 4004 δι’
1829 3949 1908 4004 αἱ·

327 4049 712 4120 σχροκέρδειαν
771 4045 1235 4110 οἰκείαν,ότοῦτο
1291 4045 1674 4115 ἐπιχειρήσας,
1725 4042 1909 4112 ἐλεγχ.

325 4140 440 4204 θεὶς
488 4139 851 4194 κινδυνευέτω
909 4139 1041 4208 περὶ
1093 4137 1184 4192 τὸν
1236 4138 1438 4190 οἰκεῖον
1467 4135 1684 4206 ’βαθμόν
1709 4151 1722 4163 ·
1757 4133 1855 4202 καί
1879 4135 1907 4186 ὁ

325 4231 832 4304 χειροτονούμενος,
866 4230 1040 4302 μηδὲν
1071 4231 1136 4283 ἐκ
1165 4228 1265 4298 τῆς
1319 4227 1438 4281 κατ’
1466 4225 1736 4298 ἐμπορίαν
1761 4224 1907 4294 ὠφε-

325 4323 523 4377 λείσθω
579 4323 922 4394 χειροτονίας
964 4321 997 4392 ἢ
1041 4317 1336 4392 προϐολῆς,
1389 4317 1506 4371 ἀλλ’
1559 4316 1700 4368 ἔστω
1746 4314 1906 4369 ἁλλό-

324 4432 476 4488 τριος
534 4417 634 4485 τῆς
691 4413 910 4484 ἀξίαςῆ
955 4403 1052 4466 τοῦ
1111 4411 1538 4483 φροντίσματος,
1591 4401 1764 4478 οὗπερ
1812 4407 1906 4460 ἐπὶ

1991 695 2211 750 fuerant
2231 692 2528 766 conﬁdere]
2559 708 2683 748 esse
2705 691 3036 747 credendum
3067 706 3081 757 ;
3115 688 3362 758 quaedam
3392 695 3576 742 autem

1993 797 2047 841 et
2075 786 2381 842 mulieres:
2421 786 2586 842 etiam
2637 787 2847 856 species
2901 783 3192 854 pignorum
3254 779 3493 852 prmfati,
3524 789 3581 836 et

1995 877 2132 943 loca,
2167 888 2220 932 et
2275 886 2542 946 tempora,
2579 887 2633 932 et
2664 876 3068 947 quantitatem;
3125 889 3234 927 non
3279 873 3579 927 admodum
3653 886 3661 936 ς

1995 968 2136 1022 bene
2155 968 2494 1023 conscientia
2528 982 2626 1022 sua
2651 967 2944 1037 disposita,
2974 966 3210 1020 ultronei
3249 964 3581 1018 conlitentur
3641 957 3660 1030 ζ

1995 1059 2206 1128 absque
2229 1061 2398 1113 multa
2433 1059 2798 1114 necessitate:
2853 1057 2991 1124 Quia
3033 1057 3308 1123 dedimus,
3349 1057 3584 1112 conlite-

1996 1166 2142 1214 mur,
2172 1159 2226 1204 et
2265 1150 2394 1206 facti
2453 1166 2667 1216 sumus,
2721 1153 2884 1205 talem
2946 1149 3333 1204 existimantes
3383 1165 3582 1204 consc-
3645 1131 3656 1148 “

1997 1242 2282 1312 quentiam
2339 1239 2851 1314 [consuetudinem]
2899 1255 3042 1306 esse,
3093 1250 3154 1295 ut
3203 1241 3518 1296 videremur
3552 1256 3585 1295 a

1997 1335 2150 1389 curia
2181 1335 2402 1400 publica
2439 1335 2684 1390 liberari.
2714 1333 2778 1389 Et
2813 1349 2962 1390 nunc
3005 1335 3386 1401 obsecramus,
3447 1345 3508 1388 ut
3536 1336 3584 1390 si

1997 1429 2227 1498 quidem
2245 1429 2460 1498 justum
2493 1438 2578 1484 est
2616 1444 2720 1484 nos
2749 1444 2874 1485 esse
2905 1429 2958 1484 in
2993 1429 3306 1485 ministerio
3335 1431 3585 1486 ecclesiae

1999 1521 2216 1576 simus:
2251 1522 2335 1576 sin
2363 1529 2570 1588 autem,
2613 1521 2806 1576 saltem
2851 1538 3048 1577 aurum
3097 1525 3242 1592 quod
3307 1522 3580 1584 dedimus,

1999 1607 2376 1682 recipiamus:
2408 1629 2534 1668 nam
2563 1629 2799 1668 uxorum
2849 1623 3164 1670 nostrarum
3202 1619 3450 1686 quaedam
3487 1617 3584 1670 de-

1999 1701 2180 1758 dimus
2209 1717 2357 1757 vasa.
2387 1699 2629 1757 Joannes
2650 1703 2715 1756 ad
2741 1703 2856 1758 haec
2888 1703 3298 1772 repromittebat
3327 1705 3583 1770 concilio,

2001 1795 2127 1864 quia
2165 1809 2193 1848 a
2243 1796 2399 1850 curia
2447 1796 2670 1865 quidem
2727 1811 2828 1868 ego
2857 1811 2954 1852 eos
2983 1791 3108 1852 cum
3151 1798 3264 1855 Deo
3318 1799 3583 1865 liberabo,

2001 1889 2288 1958 postulans
2329 1889 2750 1959 imperatorem:
2781 1905 2880 1946 vos
2917 1899 3099 1945 autem
3133 1893 3412 1964 prwcipite
3441 1896 3587 1949 acci-

2003 1995 2132 2050 pere
2177 1981 2302 2034 iilos
2337 1981 2481 2050 quod
2513 1977 2804 2048 dederunt,
2863 1983 2932 2038 ab
2960 1984 3268 2039 iueredibus
3296 1986 3583 2042 Antonini.

2000 2070 2273 2141 Przecepit
2327 2074 2567 2144 synodus
2601 2089 2795 2128 aurum
2827 2076 3047 2144 quidem
3089 2089 3182 2131 cos
3232 2077 3473 2148 recipere
3517 2079 3588 2132 ab

2002 2162 2314 2218 Incredibus
2365 2162 2654 2230 Antonini,
2718 2166 3132 2222 communicare
3203 2175 3385 2222 autem
3441 2168 3584 2222 intra

2000 2253 2284 2319 altare,‘et
2309 2269 2434 2310 esse
2473 2254 2719 2324 privatos
2750 2257 3062 2312 sacerdotio
3093 2274 3108 2312 :
3144 2273 3214 2314 ne
3243 2259 3366 2314 istis
3401 2260 3586 2336 indui;-

2002 2347 2239 2416 gcntiam
2275 2350 2616 2414 consecutis,
2645 2351 2988 2407 consuetudo
3023 2351 3180 2408 ﬁeret
3225 2353 3457 2410 Judaica
3501 2356 3586 2409 vel

2003 2439 2254 2510 IEgyptia
2281 2441 2545 2496 vendendi
2577 2443 2974 2509 sacerdotium,
3011 2445 3098 2499 vel
3133 2447 3371 2502 emendi.
3416 2447 3588 2502 Aiunt

2002 2533 2148 2588 enim
2177 2532 2525 2602 pestilentem
2555 2540 2608 2587 ct
2636 2534 2944 2611 falsidicum
2975 2537 3343 2606 patriarcham
3367 2537 3587 2593 Judaeu-

2003 2639 2126 2677 rum
2159 2638 2255 2692 per
2287 2622 2532 2692 singulos
2557 2639 2732 2679 annos
2775 2625 2860 2679 vel
2902 2625 3068 2689 infra,
3115 2627 3584 2700 ‘archisynagogos

2005 2731 2102 2784 per
2155 2715 2302 2770 vices
2341 2716 2678 2770 constituere
2723 2731 2886 2770 causa
2933 2716 3252 2788 colligendae
3299 2721 3584 2788 pecuuim:

2007 2805 2260 2860 similiter
2295 2815 2349 2860 et
2379 2807 2756 2860 aemulatorcm
2792 2806 2980 2872 hujus,
3040 2806 3422 2879 .Egyptiorum
3474 2811 3587 2864 sci-

2007 2893 2136 2952 licet
2161 2895 2566 2966 patriarcham;
2605 2905 2662 2951 ut
2688 2897 2980 2966 impleatur
3007 2897 3141 2954 illud
3164 2899 3586 2970 propheticum:

2013 3006 2032 3038 ι
2075 2986 2398 3044 Sacerdotes
2417 2989 2538 3058 ejus
2564 3004 2688 3043 cum
2721 2989 3048 3044 muneribus
3081 2991 3506 3058 respondebant,
3535 3001 3586 3047 ct

2010 3079 2286 3149 propheta:
2313 3079 2460 3134 illius
2483 3089 2610 3134 com
2645 3089 2872 3150 argento
2905 3064 3223 3136 divinabam
3250 3080 3318 3136 “.
3351 3101 3370 3134 ι

2014 3169 2096 3224 Eat
2131 3169 2421 3224 canonibus
2449 3181 2816 3224 sexcentarum
2846 3172 3074 3240 triginta
3115 3183 3428 3227 sanctorum
3481 3164 3587 3228 Ραέ

2083 3240 2700 3312 trum,quiChalcedone
2716 3251 3093 3310 convenerunt,
3125 3243 3304 3313 regula
3335 3245 3585 3300 secunda.

2080 3401 2140 3456 Si
2171 3402 2296 3471 quis
2329 3403 2621 3471 episcopus
2673 3417 2770 3472 per
2811 3403 3078 3472 pecunias
3129 3401 3321 3457 fecerit
3361 3402 3586 3457 ordina-

2009 3491 2235 3556 tionem,
2266 3499 2322 3546 et
2353 3491 2461 3547 sub
2495 3491 2670 3560 pretio
2713 3493 2985 3562 redegerit
3028 3494 3264 3562 gratiam
3319 3509 3442 3564 qua:
3477 3509 3586 3550 non

2011 3593 2185 3654 potest
2215 3583 2398 3648 vendi,
2424 3583 2873 3652 ordinaveritque
2911 3600 3006 3654 per
3055 3586 3344 3654 pecuniam
3371 3587 3588 3655 episco«

2009 3691 2163 3745 pum,
2199 3676 2282 3730 vel
2338 3676 2818 3745 cborepiscopum,
2877 3676 2969 3730 vel
3031 3677 3436 3746 presbyterum,
3495 3688 3586 3730 aut

2007 3769 2322 3833 diaconum,
2354 3766 2440 3822 vel
2477 3767 2778 3836 quemlibet
2821 3782 2889 3821 ex
2932 3766 3018 3821 his
3051 3767 3147 3836 qui
3172 3781 3584 3821 connumeran-

2009 3871 2096 3917 tur
2122 3863 2178 3916 in
2203 3862 2354 3916 clero
2387 3877 2402 3926 ;
2449 3871 2545 3914 aut
2573 3859 2914 3930 promoverit
2945 3873 3040 3928 per
3065 3858 3328 3928 pecunias
3364 3858 3586 3929 dispen-

2007 3969 2277 4021 saturem,
2301 3963 2395 4008 aut
2416 3951 2786 4018 defensorem,
2851 3951 2936 4006 vel
2971 3951 3433 4016 mansionarium,
3491 3961 3586 4007 aut

2007 4062 2339 4119 quemquam
2377 4045 2472 4116 qui
2505 4043 2786 4114 subjectus
2817 4051 2902 4099 est
2947 4043 3170 4113 regulae,
3208 4058 3309 4113 pro
3355 4045 3441 4098 sui
3469 4053 3585 4098 tur-

2007 4139 2217 4210 pissimi
2259 4137 2399 4192 lucri
2437 4135 2766 4191 commodo:
2821 4135 2869 4190 is
2913 4150 3077 4204 quem
3132 4137 3235 4190 hoc
3284 4144 3587 4192 attentasse

2007 4231 2296 4302 probatum
2339 4229 2524 4292 fuerit,
2560 4227 2768 4298 proprii
2796 4229 3000 4298 gradus
3037 4227 3286 4297 periculo
3335 4229 3589 4298 suhjacc-

2008 4325 2085 4380 bit
2115 4343 2128 4380 :
2165 4331 2221 4380 et
2249 4324 2340 4394 qui
2387 4324 2674 4378 ordinatus
2721 4331 2826 4388 est,
2859 4321 3083 4384 nihilex
3113 4326 3214 4378 hac
3239 4325 3587 4382 ordinatione

2006 4425 2100 4471 aut
2129 4418 2496 4486 promotione,
2527 4429 2651 4484 qua:
2702 4429 2798 4483 per
2822 4413 3254 4485 negotiationem
3312 4415 3456 4472 facta
3481 4429 3586 4482 est,

324 4509 605 4579 χρήμασιν
653 4504 865 4576 ἔτυχεν,
895 4507 944 4557 εἰ
975 4505 1032 4556 δέ
1061 4523 1146 4567 τις
1191 4505 1287 4557 καὶ
1340 4501 1640 4574 μεσιτεύων
1705 4501 1901 4570 φανείη

2006 4509 2283 4581 proﬁciat,
2325 4507 2422 4562 sed
2455 4508 2530 4562 sit
2559 4506 2776 4562 alienus
2825 4521 2889 4562 ea
2918 4507 3185 4576 dignitate
3231 4515 3287 4563 et
3319 4510 3586 4565 sollicitu-

322 4600 438 4661 τοῖς
465 4597 636 4659 οὕτως
667 4597 912 4674 αἰσχροῖς
943 4595 1040 4647 καὶ
1069 4594 1353 4664 ἀθεμίτοις
1383 4595 1653 4663 λήμμασι,
1679 4592 1776 4644 καὶ
1804 4587 1897 4646 οὗ-

323 4707 416 4753 τος
439 4689 488 4741 εἰ
535 4689 634 4758 μὲν
671 4685 934 4756 κληρικδς
987 4687 1072 4756 εἵη
1100 4726 1116 4752 ,
1175 4684 1270 4738 τοῦ
1315 4684 1521 4738 οἰκείου
1583 4685 1899 4736 ἐκπιπτέτω

326 4779 580 4854 βαθμοῦ·
621 4780 672 4831 εἰ
727 4776 786 4830 δὲ
823 4777 1008 4840 λαῖκὸς
1061 4778 1094 4848 ἢ
1153 4776 1442 4847 μονάζων,
1503 4773 1902 4846 ἀναθεματιζέ-

328 4873 463 4930 σθω.

262 5029 272 5038 .
337 4985 441 5039 Ἐκ
471 4985 585 5050 τῆς
627 4984 955 5054 ἐγκυκλίου
993 4980 1322 5052 ἐπιστολῆς
1335 4951 1671 5042 Γενναδίου
1693 4987 1798 5042 τοῦ
1837 4987 1904 5041 ἀ-

396 5056 682 5124 γιωτάτου
767 5055 1250 5122 ἀρχιεπισκόπου
1332 5059 1904 5112 Κωνσταντινουπό-

393 5123 570 5190 nemo,
603 5125 702 5179 καὶ
738 5124 850 5193 τῆς
877 5123 1000 5179 σὺν
1025 5125 1188 5186 αὐτῷ
1217 5125 1508 5180 συνόδου.

400 5219 584 5272 Ἔστω
617 5218 798 5272 τοίνυν
827 5219 922 5272 κοιλ¹
945 5215 1094 5278 ἐστιν
1153 5217 1562 5288 ἀποκήρυκτος,
1597 5219 1696 5272 καὶ
1725 5220 1908 5292 πάσης

327 5311 608 5381 ἱερατικῆς
634 5309 792 5374 ἀξίας
817 5327 878 5364 τε
908 5310 1002 5363 καὶ
1027 5309 1371 5380 λειτουργίας
1394 5308 1699 5380 ἀλλότριος,
1724 5311 1818 5365 καὶ
1837 5315 1904 5384 τῇ

326 5403 544 5474 κατάρᾳ
599 5403 696 5454 τοῦ
741 5401 1082 5472 ἁναθέματος
1114 5403 1498 5473 ὑποκείμενος,
1523 5405 1552 5456 ὅ
1580 5420 1640 5456 τε
1668 5405 1902 5458 κτᾶσθαι

325 5495 534 5564 ταύτην
563 5495 660 5565 τὴν
715 5494 1016 5564 ἱερωσύνην
1067 5495 1157 5548 διὰ
1183 5495 1485 5566 χρημάτων
1503 5495 1772 5562 οἰόμενος,
1807 5499 1905 5554 καὶ

325 5587 355 5639 ό
381 5586 590 5656 ταύτην
637 5586 901 5654 παρέχειν
957 5586 1050 5639 ἐπὶ
1097 5588 1379 5658 χρήμασιν
1423 5586 1854 5658 ὑπισχνούμενος
1885 5629 1901 5654 ,

325 5679 437 5733 εἴτε
465 5677 744 5750 κληρικδς,
781 5677 892 5729 εἴτε
922 5678 1108 5742 λαῖκδς
1143 5681 1227 5748 εἴη
1255 5694 1269 5710 ’
1304 5678 1408 5734 κᾶν
1468 5679 1776 5750 ἐλέγχοιτο,
1802 5681 1908 5736 κᾶν

402 5833 442 5862 ⁶¹
479 5830 639 5883 Mirh.
681 5843 762 5889 ιιι,
804 5825 890 5878 Η.
1043 5905 1059 5919 ⁸

615 5927 890 5983 ΡΑτιιοι..
925 5926 1043 5986 Gn.
1065 5925 1334 5988 XCVIII.

1995 4605 2144 4668 dine,
2171 4616 2336 4672 quam
2367 4599 2618 4668 pecuniis
2653 4599 2926 4668 quazsivit.
2952 4597 3010 4653 Si
3028 4599 3150 4670 quis
3171 4616 3298 4655 vero
3316 4602 3582 4658 mediator

1997 4709 2108 4755 tam
2141 4694 2393 4766 turpibus
2419 4701 2475 4746 et
2498 4689 2748 4746 nefandis
2767 4691 2909 4746 datis
2932 4691 3017 4746 vel
3034 4691 3272 4760 acceptis
3291 4695 3584 4760 exstiterit,

1998 4792 2044 4847 si
2069 4788 2289 4860 quidem
2327 4783 2558 4840 clericus
2604 4781 2788 4848 fuerit,
2810 4783 3030 4852 proprio
3079 4785 3247 4854 gradu
3275 4784 3512 4854 decidat,
3541 4788 3584 4841 si

1999 4896 2128 4938 vero
2173 4879 2347 4934 laicus
2378 4884 2472 4930 aut
2513 4874 2838 4937 monachus,
2873 4875 3384 4931 anathematizetur.

2007 4995 2094 5050 Ea:
2155 4989 2706 5066 synodicuAepistolu
2768 4986 3031 5066 θεοποιίξί
3101 4991 3431 5066 sanctissimi
3493 5010 3584 5047 ar-

2077 5058 2394 5133 chie'piswpi
2423 5058 2988 5136 Constantinopoleos,
3021 5068 3070 5114 et
3101 5061 3290 5129 synodi
3321 5078 3438 5131 qua:
3469 5079 3584 5118 cum

2075 5152 2136 5190 ιο
2169 5143 2305 5188 ενοι.

2077 5227 2164 5282 Sit
2195 5227 2383 5296 igitur,
2415 5234 2468 5279 et
2515 5233 2599 5279 est
2631 5223 2901 5294 abjectus,
2941 5235 2996 5278 et
3035 5221 3105 5278 ab
3140 5224 3290 5278 omni
3331 5226 3580 5279 sacerdo.

2004 5320 2102 5375 tali
2133 5317 2398 5388 dignitate
2442 5325 2607 5386 atque
2637 5315 2814 5371 ofﬁcio
2863 5315 3098 5383 alienus,
3129 5325 3186 5372 et
3215 5317 3581 5372 maledictioni

2011 5407 2378 5464 auathematis
2428 5405 2711 5468 subditus,
2755 5414 2864 5460 tam
2900 5409 2995 5475 qui
3038 5407 3320 5476 possidere
3355 5407 3458 5460 hoc
3505 5424 3592 5460 5.:-

2011 5499 2322 5557 cerdotium
2390 5514 2490 5568 per
2540 5498 2805 5568 pecunias
2856 5499 3138 5568 opinatur,
3197 5512 3360 5566 quam
3406 5498 3452 5550 is
3493 5500 3585 5567 (ιιί

2011 5589 2262 5661 praebere
2285 5586 2336 5642 id
2373 5594 2596 5656 propter
2630 5587 2897 5656 pecunias
2934 5587 3242 5656 pollicetur,
3275 5587 3390 5642 sive
3423 5587 3588 5641 cleri-

2015 5697 2134 5748 cus,
2165 5681 2282 5738 sive
2308 5681 2482 5736 laicus
2514 5679 2586 5734 sit
2617 5698 2630 5734 :
2657 5680 2772 5736 sive
2791 5682 3100 5747 convictus,
3127 5680 3242 5736 sive
3283 5695 3390 5735 non
3423 5679 3588 5737 fuerit

3095 5900 3184 5987 46
