4090 6286
491 387 502 394 ’
528 383 692 452 ἪΒΙ

1617 384 1703 446 ’5.
1747 385 2054 444 TARASII
2089 385 2596 446 ΡΑΊἪΙΛΒΕΗίΕ
2629 387 2736 448 CP.

3669 387 3700 456 ἰ
3716 389 3798 463 lii

561 503 847 566 convictus
879 501 984 554 hoc
1012 495 1192 553 facere
1223 515 1236 550 :
1267 510 1374 552 non
1411 505 1495 551 est
1535 496 1680 551 enim
1719 498 1982 567 possibile
2015 511 2142 552 con-

2248 495 2324 566 μὴ
2351 496 2624 567 ἐλέγχοιτο
2663 496 2820 550 τοῦτο
2884 501 3078 554 ποιεῖν.
3109 501 3184 554 Οὐ
3239 501 3350 572 γὰρ
3392 498 3502 556 οἶόν
3532 521 3588 558 τε
3622 511 3797 580 euth-

560 591 750 648 venire
777 587 1241 652 inconvenientia,
1288 601 1466 657 neque
1497 602 1624 642 eunt
1656 587 1770 642 Deo
1795 587 2140 643 concordare

561 695 898 748 mammona,
923 681 1009 736 vel
1038 695 1133 738 eos
1163 681 1256 752 qui
1277 680 1406 736 huic
1428 682 1694 749 serviunt,
1711 682 1917 737 servire
1935 680 2046 736 Deo
2068 681 2137 735 θ’.

559 775 842 832 Dominica
875 785 957 830 est
993 773 1156 830 etiam
1185 774 1457 830 sententia
1482 773 1733 844 haecque
1754 773 2140 828 incunctanter

558 865 761 920 asserit
795 879 902 920 non
949 878 1114 934 posse
1149 865 1260 920 Deo
1305 863 1514 920 servire
1535 871 1591 919 et.
1612 877 1940 918 mammonae
1962 861 2030 915 “.

561 955 644 1011 Ea:
669 955 960 1012 canonibus
992 965 1389 1080 εαηειιεεὲἕωὲιὲ
1431 955 1621 1058 agundi
1654 955 1840 1025 regula
1885 954 2138 1010 vicesima

1280 1044 1312 1080 ιι
1391 1044 1424 1080 ιι
1497 1065 1512 1080 .

1280 1044 1424 1080 ιιηαιι
1445 1044 1512 1080 ’⁷.

629 1119 739 1174 Eos
785 1117 878 1188 qui
915 1131 1014 1187 per
1057 1117 1321 1186 pecunias
1369 1116 1613 1172 ordinati
1665 1124 1820 1182 sunt,
1867 1115 1982 1172 sive
2021 1115 2140 1185 epi-

557 1211 738 1282 scopi,
787 1211 902 1266 sive
949 1210 1269 1280 quicunque
1309 1208 1520 1276 clerici,
1568 1217 1625 1264 et
1672 1223 1782 1262 non
1833 1206 2138 1264 secundum

561 1300 942 1374 probationem
997 1307 1052 1353 et
1100 1301 1224 1354 vitae
1279 1299 1592 1370 optionem,
1645 1297 1844 1369 deponi
1887 1297 2140 1369 praccipi-

564 1409 736 1449 mus:
773 1397 872 1447 sed
913 1400 966 1445 et
1018 1391 1140 1446 illos
1183 1391 1277 1462 qui
1325 1391 1428 1446 hos
1469 1391 1758 1447 ordinasse
1809 1399 2137 1446 noscuntur.

559 1484 865 1540 Audiamus
920 1483 1036 1539 hazc
1087 1484 1292 1550 omnia,
1351 1491 1408 1540 et
1457 1483 1687 1539 auribus
1748 1481 2137 1553 percipiamus,

562 1591 674 1632 non
697 1575 873 1632 solum
921 1575 1122 1630 summi
1155 1573 1472 1632 sacerdotes
1512 1585 1567 1630 et
1598 1574 1915 1630 sacerdotes
1957 1581 2013 1648 et
2045 1574 2138 1644 qui

563 1668 617 1722 in
653 1668 800 1722 clero
847 1676 1338 1732 connumerantur,
1377 1663 1474 1721 sed
1517 1673 1572 1721 et
1598 1679 1790 1721 omnes
1827 1664 1920 1734 qui
1951 1664 2137 1720 orhem

562 1761 883 1817 habitamus
937 1768 1234 1815 terrarum.
1290 1758 1517 1828 Oportet
1561 1757 1708 1812 enim
1765 1755 2140 1812 abundantius

2246 583 2516 656 ϐασθῆναί
2565 601 2699 639 ποτε
2730 587 2797 640 τὰ
2830 587 3144 659 ἀσύμϐατα,
3205 593 3328 646 οὐδὲ
3386 593 3504 669 Θεῷ
3528 600 3798 672 συμφωνῆι.

2249 692 2338 728 σαι
2371 678 2460 729 τὸν
2489 680 2800 748 μαμμωνᾶν
2827 718 2842 744 ,
2883 679 2916 750 ἤ
2942 682 3070 744 τοὺς
3121 683 3298 754 τούτῳ
3335 684 3672 752 δουλεύοντας
3693 688 3799 747 δου-

2245 767 2435 824 λεῦσαι
2464 767 2603 839 Θεῷ.
2629 771 2934 842 Δεσποτικὴ
2960 772 3099 845 αὕτη
3125 773 3272 828 ἐστὶν
3295 775 3568 843 ἀπόφασις
3585 778 3800 850 ἀναμφίι

2247 858 2458 924 λεκτος,
2481 859 2544 912 οὐ
2567 858 2828 914 δύνασθαι
2850 861 2968 932 Θεῷ
2999 863 3272 918 δουλεύειν
3297 865 3400 919 καὶ
3415 871 3704 942 μαμμωνᾷ.

2258 951 2356 1005 Ἐκ
2379 950 2500 1004 τῶν
2522 953 2804 1006 κανόνων
2825 953 2944 1041 τῆς.
2965 955 3141 1090 dri?
3182 955 3365 1025 ἕκτης
3416 959 3678 1016 συνόδου
3703 978 3798 1016 και-

2879 1041 3004 1078 νων
3033 1043 3068 1078 κ
3133 1064 3148 1080 .

2879 1041 3004 1078 νων
3033 1041 3148 1080 νβ’.

2317 1112 2457 1177 Τοὺς
2483 1113 2572 1168 ἐπ)
2605 1113 2856 1184 χρήμασι
2885 1115 3420 1185 χειροτονουμένους,
3453 1117 3562 1171 εἴτε
3594 1119 3801 1175 δπισκό-

2248 1222 2402 1271 πους,
2431 1205 2464 1276 ἦ
2487 1205 2839 1278 οἱουσδήποτε
2866 1207 3188 1280 κληρικοὺς,
3210 1209 3306 1262 καὶ
3331 1209 3398 1260 οὐ
3427 1209 3570 1263 κατὰ
3590 1209 3798 1282 δοκιμα-

2247 1297 2368 1352 σίαν
2395 1296 2608 1354 καὶοτοῦ
2639 1297 2757 1368 βίου
2783 1299 3018 1370 αἰρεσιν,
3043 1299 3436 1371 καθαιρεῖσθαι
3484 1301 3803 1373 προστάσσο-

2249 1405 2350 1460 μεν
2383 1406 2398 1420 ·
2427 1389 2564 1445 ἀλλὰ
2613 1390 2707 1444 καὶ
2761 1392 2890 1456 τοὺς
2941 1391 3803 1471 χειροτονήσαντας.ᾋκοΰσωμεν

2245 1480 2424 1535 ταῦτα
2445 1481 2643 1548 πάντα,
2673 1482 2770 1538 καὶ
2800 1482 3213 1556 ὲνωτισώμεθα,
3249 1484 3312 1539 οὐ
3344 1485 3512 1556 μόνον
3550 1487 3807 1559 ἀρχιερεῖς

2247 1573 2342 1627 καί⁵
2366 1574 2552 1646 ἱερεῖς,
2583 1575 2677 1630 καὶ
2700 1576 2748 1628 οἱ
2774 1574 2854 1645 τῷ
2875 1575 3065 1648 κλήρῳ
3122 1575 3636 1648 κατηριθμημένα,
3685 1580 3806 1634 ἀλλὰ

2246 1665 2340 1719 καὶ
2373 1665 2574 1730 πάντες
2597 1666 2646 1719 cl
2677 1667 3064 1732 κατοικοῦντες
3091 1668 3192 1740 τὴν
3223 1670 3580 1742 οἰκουμένην.
3605 1671 3695 1726 Δεῖ
3711 1671 3807 1744 γὰρ

2248 1757 2653 1829 περισσοτέρως
2677 1759 2826 1829 ἡμᾶς
2854 1759 3148 1830 προσέχειν
3177 1763 3292 1824 τοῖς
3331 1761 3672 1831 ἀκουσθεῖσι,
3711 1765 3805 1835 μή·

563 1867 666 1908 nos
701 1850 988 1907 intendere
1014 1849 1102 1904 his
1131 1864 1254 1920 quae
1297 1849 1618 1914 audiuntur,
1665 1861 1733 1902 ne
1761 1846 1906 1902 forte
1935 1846 2140 1904 deﬂua-

2246 1865 2375 1902 ποτε
2446 1851 2894 1923 παραῤῥρῶμενο
2931 1851 3178 1906 ("Os-toti
3214 1852 3483 1925 φθαρτοῖς
3519 1855 3806 1928 ἀργυρίῳῆ

562 1959 690 2000 mus
723 1961 737 2000 :
776 1961 796 1996 ι
835 1941 976 2009 Quia
1009 1957 1120 1996 non
1157 1939 1614 2011 corruptibilibus
1648 1948 1877 2011 argento
1920 1951 1972 1997 et
2005 1957 2142 1998 auro

561 2035 829 2107 redempti
862 2049 1054 2091 sumus
1079 2034 1146 2089 de
1167 2048 1305 2088 vana
1337 2042 1525 2088 nostra
1557 2031 1872 2088 traditionis
1899 2043 2142 2104 paternae

562 2124 1003 2190 conversatione,
1047 2121 1140 2179 sed
1176 2121 1421 2192 pretioso
1465 2122 1730 2193 sanguine
1779 2123 1904 2194 agni
1947 2122 2142 2177 imma-

562 2219 730 2276 culati
773 2226 828 2274 et
872 2213 1295 2272 incontaminati
1327 2211 1458 2269 Jesu
1511 2213 1719 2270 Christi
1740 2214 1808 2268 “.
1845 2233 1864 2267 ι
1899 2212 1992 2270 Sic
2038 2229 2140 2270 nos

563 2311 780 2373 doceto,
829 2306 914 2361 vir
947 2303 1349 2372 sacratissime,
1403 2305 1561 2377 sequi
1609 2305 1854 2361 divinam
1890 2303 2139 2377 Scriptu-

564 2418 708 2463 ram,
749 2409 805 2456 et
836 2399 1178 2470 evangelica,
1225 2398 1554 2468 apostolica,
1601 2399 1892 2465 canonica,
1939 2409 1994 2455 et
2042 2415 2138 2470 pa-

566 2503 718 2550 terna
759 2499 1052 2562 praecepta.
1083 2489 1387 2546 Obedimus
1421 2492 1570 2546 enim
1594 2491 1778 2547 verbis
1801 2492 1915 2548 oris
1946 2493 2136 2548 vestri.

570 2603 589 2636 ι
627 2581 806 2654 Super
851 2582 1068 2638 excelsa
1110 2581 1446 2647 conscende,
1485 2582 1665 2638 exalia
1711 2582 1768 2637 in
1815 2581 2142 2639 fortitudine

563 2690 756 2730 vocem
794 2683 944 2730 tuam
967 2675 1014 2708 “
1049 2693 1064 2730 :
1107 2692 1125 2726 ι
1158 2675 1247 2730 abi
1294 2673 1350 2730 in
1385 2675 1697 2737 latitudine,
1743 2675 1980 2756 praedica
2014 2691 2138 2732 cum

563 2769 789 2838 fiducia,
823 2777 884 2824 ut
912 2767 1198 2823 auferatur
1227 2774 1283 2823 et
1324 2767 1380 2823 in
1418 2767 1776 2824 abolitionem
1818 2769 2001 2824 veniat
2037 2769 2140 2823 im-

565 2859 770 2931 positio
811 2873 1011 2913 manus
1059 2873 1185 2928 quae
1222 2872 1321 2928 per
1371 2859 1638 2930 pecunias
1699 2858 1805 2914 ﬁt:
1842 2873 2058 2914 necnon
2087 2866 2142 2914 et

564 2950 831 3022 quidquid
887 2949 1030 3006 hanc
1075 2959 1301 3020 propter
1340 2950 1653 3016 avaritiam,
1709 2949 2037 3022 iniustitiam
2087 2957 2142 3004 et

565 3041 1016 3114 acquisitiouem,
1060 3040 1238 3110 turpis
1287 3040 1426 3096 lucri
1479 3041 1652 3112 gratia
1702 3043 1974 3112 sequitur.
2026 3040 2142 3097 Hac

565 3134 713 3188 cnim
770 3146 882 3188 una
927 3145 1054 3186 cum
1089 3130 1179 3186 his
1212 3146 1333 3202 qua:
1382 3146 1506 3186 cum
1562 3132 1652 3186 illa
1693 3131 2054 3208 conveniunt,
2106 3149 2138 3188 a

566 3226 770 3298 populo
804 3221 1186 3294 acquisitionis
1219 3223 1318 3294 qui
1359 3223 1583 3280 nomine
1615 3221 1824 3278 Christi
1857 3223 2133 3290 censetur;

565 3319 818 3390 ctgratis
876 3323 1213 3373 consecutus
1266 3323 1352 3370 est
1399 3314 1856 3386 redemptionem,
1919 3315 2139 3383 ablata,

565 3411 754 3467 omnia
783 3409 1044 3479 contagia
1067 3421 1192 3478 quae
1232 3405 1541 3477 nequitiam
1573 3413 1904 3476 sequuntur,
1932 3406 2139 3462 radici-

569 3513 659 3557 tus
701 3498 1158 3570 amputabuutar,
1198 3504 1254 3552 et
1295 3494 1611 3552 sacerdotes
1659 3505 1718 3552 ut
1751 3496 1938 3566 palma
1979 3495 2143 3552 ﬂore-

566 3593 728 3658 bunt,
758 3589 964 3646 Christi
993 3589 1219 3644 odorem
1271 3587 1360 3643 his
1397 3587 1495 3658 qui
1525 3587 1662 3644 salvi
1691 3587 1834 3643 fiunt
1863 3587 2144 3658 inspiran-

567 3694 690 3751 tes,
724 3691 780 3738 et
848 3681 1110 3738 Ecclesia:
1169 3679 1504 3750 triumphale
1546 3693 1772 3736 carmen
1827 3691 2091 3737 canentes
2124 3697 2139 3736 :

565 3773 808 3830 Abstulit
831 3771 1102 3827 Dominus
1134 3770 1436 3842 injustitias
1460 3779 1584 3826 tuas
1607 3785 1675 3832 ex
1700 3780 1773 3826 te.
1799 3771 1942 3838 Quin
1962 3779 2019 3828 et
2045 3786 2142 3828 eos

567 3866 662 3935 qui
692 3873 926 3932 carpunt
953 3862 1244 3918 dulcedine
1292 3862 1588 3932 replentes,
1619 3872 1676 3917 et
1705 3863 2142 3934 multiplicantes

569 3956 693 4010 illos
745 3954 800 4008 in
849 3961 994 4008 terra
1027 3952 1313 4025 pingui",
1359 3954 1644 4024 longaevas,
1689 3955 1938 4026 inquam,
1991 3955 2142 4013 illius

569 4029 786 4105 vitaa‘ac
819 4046 1256 4117 incorruptibilis
1285 4046 1532 4104 heredes
1560 4055 1960 4104 monstrantes.

1309 4155 1402 4211 IV.

567 4251 678 4305 Deo
731 4249 1100 4304 colendiasimo
1133 4249 1178 4280 ⁵³
1241 4249 1602 4304 comministro
1660 4249 1876 4304 domino
1939 4249 2140 4306 loanni

637 4320 941 4403 presbytero
967 4328 1016 4374 et
1057 4319 1346 4403 [tegumeno
1377 4335 1469 4403 sentt
1498 4319 1914 4403 anacltoretaa'f’,
1962 4321 2140 4376 Tara-

635 4387 749 4480 ζῖξιιε
796 4387 1369 4480 indignam-episcopus
1407 4387 1942 4480 ροηειαιιιίηοροίεοε
1991 4408 2139 4480 rigata

637 4459 820 4514 Romae
857 4458 1170 4514 in'Domino
1194 4458 1443 4512 salutent.

639 4549 743 4618 Qui
791 4566 859 4606 ex
893 4549 1111 4606 fluentis
1143 4548 1321 4604 divini
1359 4549 1598 4621 Spiritus
1630 4549 1912 4623 irrigatus,
1961 4563 2017 4610 et
2059 4554 2142 4610 in-
2174 4543 2227 4602 Ι)

571 4642 874 4714 spiratione
908 4640 1072 4712 hujus
1099 4649 1184 4696 est
1220 4641 1554 4707 illustratus,
1591 4639 1761 4698 David
1799 4643 1892 4700 ille
1936 4644 2148 4700 scilicet

572 4737 715 4792 inter
753 4749 912 4807 reges
945 4735 1212 4806 propheta
1259 4742 1316 4790 et
1353 4734 1492 4790 inter
1527 4735 1824 4807 prophetas
1873 4753 1992 4804 rex,
2022 4739 2147 4794 lau-

569 4831 709 4886 dans
737 4828 994 4884 dicebat:
1031 4846 1050 4880 ι
1083 4825 1247 4882 Initio
1275 4827 1508 4898 cognovi
1550 4827 1618 4882 de
1651 4827 1985 4884 testimoniis
2011 4828 2144 4896 tuis,

569 4919 830 4990 quoniam
877 4918 934 4974 in
973 4929 1238 4973 aeternum
1287 4917 1531 4974 fundasti
1567 4933 1632 4974 ea
1652 4917 1721 4974 '°.
1751 4938 1770 4972 ι
1811 4917 1942 4975 Sine
1987 4935 2143 4976 men-

571 5011 729 5066 dacio
754 5012 942 5080 itaque
975 5010 1062 5066 his
1099 5009 1194 5080 qui
1231 5011 1570 5066 intellectum
1603 5011 1829 5080 habent,
1864 5020 1948 5068 est
1979 5013 2144 5084 hym-

572 5103 736 5157 nodia
777 5102 916 5168 haec,
954 5110 1009 5156 et
1055 5103 1211 5156 urina
1255 5102 1343 5158 his
1381 5103 1474 5173 qui
1528 5105 1831 5159 concinunt
1875 5118 2018 5160 eam.
2052 5104 2144 5161 Ait

571 5197 718 5250 enim
759 5194 1038 5264 inspector
1079 5193 1174 5250 Dei
1219 5194 1431 5265 Moyses
1459 5195 1528 5250 de
1569 5195 1720 5252 omni
1747 5195 1944 5251 divinae
1989 5197 2142 5252 Scri-

571 5293 742 5354 pturre
787 5280 955 5340 aﬂatu
985 5301 1000 5338 :
1038 5302 1056 5333 ι
1084 5283 1142 5336 ln
1179 5283 1286 5338 illis
1323 5298 1433 5338 non
1469 5291 1552 5339 est
1588 5283 1807 5349 addere,
1853 5289 1907 5337 et
1937 5282 2006 5338 ab
2037 5282 2143 5339 illis

572 5391 679 5428 non
719 5383 802 5430 est
825 5371 1044 5430 auferre
1062 5371 1129 5428 ⁸¹.
1165 5391 1185 5424 ι

2243 1939 2454 2012 χρυσίῳ
2506 1941 2896 2013 ἡγοράσθημεν
2927 1943 2992 1996 ἐκ
3023 1943 3124 2015 τῆς
3173 1945 3422 2014 ματαίας
3477 1963 3808 2018 πατροπαρα-

2240 2031 2408 2084 δὸτου-
2425 2032 2796 2103 ἀναστροφῆς,
2821 2033 2960 2092 ἀλλὰ
3003 2034 3172 2104 τιμίῳ
3222 2035 3654 2108 αἴματι”Αμνοῦ
3674 2039 3807 2108 ape.

2245 2141 2346 2194 μου
2367 2123 2465 2177 καὶ
2486 2123 2716 2178 ἀσπίλου
2746 2124 2926 2196 Ἰησοῦ
2951 2124 3217 2196 Χριστοῦ.
3241 2144 3262 2177 ι
3287 2125 3486 2190 Οὕτως
3510 2129 3652 2198 ἡμᾶς
3677 2127 3808 2183 δίδα-

2241 2215 2354 2284 ξον,
2379 2215 2511 2288 ἆνερ
2539 2218 2822 2290 ἱερώτατε,
2846 2217 3080 2271 ἕπεσθαι
3109 2220 3226 2281 τοῖς
3284 2219 3586 2290 Γραφικοϊς
3608 2221 3695 2274 καὶ
3725 2221 3808 2274 εὑ-

2241 2309 2574 2378 αγγελικοῖς,
2615 2301 3018 2376 ἀποστολικοῖς,
3071 2313 3396 2376 κανονικοῖς
3414 2328 3476 2365 τε
3507 2313 3598 2366 καὶ
3623 2313 3807 2383 Πατρι-

2240 2399 2357 2462 κοῖς
2389 2399 2837 2470 παραγγέλμασι.
2874 2399 3184 2470 Πειθόμεθα
3214 2399 3324 2472 γὰρ
3349 2405 3467 2467 τοίς
3497 2402 3696 2473 ῥήμασι
3724 2404 3806 2458 τοῦ

2242 2491 2514 2561 στόματος
2543 2491 2697 2560 ὑμῶν
2726 2507 2740 2522 ·
2782 2509 2801 2543 ι
2853 2491 2977 2546 Ἐπὶ
3002 2493 3111 2548 τῶν
3141 2492 3368 2564 ὑψηλῶν
3397 2494 3646 2566 ἀνάϐηθι,
3675 2494 3806 2566 ὕψω-

2242 2599 2334 2636 σον
2363 2584 2421 2636 ὲν
2462 2582 2610 2654 ἰσχύϊ
2631 2585 2730 2654 τὴν
2758 2585 2944 2656 φωνήν
3004 2601 3102 2639 σου
3131 2601 3145 2617 ·
3180 2604 3203 2638 ι
3237 2587 3545 2658 πορεύθητι
3583 2589 3640 2642 ὲν
3693 2589 3810 2642 πλα-

2237 2673 2430 2745 τυσμῷ
2455 2691 2468 2706 ·
2505 2675 2742 2746 κήρυξον
2765 2677 2908 2745 μετὰ
2935 2677 3278 2750 παρρησίας,
3310 2679 3472 2744 ὅπως
3500 2679 3690 2753 ἐξαρθῇ
3726 2684 3807 2736 καὶ

2240 2767 2322 2828 είς
2369 2765 2680 2838 ἀφανισμὸν
2736 2767 3030 2839 οίχήσηται
3075 2770 3110 2840 η
3157 2769 3250 2823 διὰ
3295 2771 3606 2842 χρημάτων
3647 2789 3806 2844 χειρο-

2239 2856 2416 2922 θεσία,
2475 2859 2572 2913 καὶ
2594 2859 2705 2914 πᾶν
2747 2859 2852 2914 εῐτι
2899 2859 3074 2933 ταύτῃ
3119 2859 3208 2915 διὰ
3263 2862 3657 2935 φιλαργυρίαν,
3705 2865 3805 2918 ἀδι-

2239 2949 2364 3004 κίαν
2378 2967 2438 3002 τε
2456 2950 2551 3008 καὶ
2568 2951 2842 3023 ἐμπορίαν
2865 2951 3273 3024 αίσχροκερδῶς
3305 2956 3642 3027 παρέπεται.
3675 2956 3805 3009 Ταύ-

2237 3058 2338 3112 της
2352 3042 2459 3114 γὰρ
2489 3042 2628 3112 μετὰ
2650 3041 2757 3098 τῶν
2791 3043 3218 3114 συστοιχούντων
3243 3046 3392 3120 αὐτῇ
3435 3049 3808 3120 ἐξαιρουμένης

2241 3132 2306 3186 ὲκ
2342 3132 2438 3187 τοῦ
2467 3133 2781 3205 περιουσίαν
2797 3133 2951 3202 λαοῦ,
2974 3134 3066 3188 τοῦ
3099 3135 3179 3207 τῷ
3206 3137 3445 3208 ὀνόματι
3468 3139 3560 3194 τοῦ
3589 3141 3806 3212 Χριστοῦ

2243 3225 2606 3296 κεκλημένου,
2649 3227 2746 3282 καὶ
2798 3227 3010 3298 δωρεὰν
3061 3229 3322 3300 τυχόντος
3366 3231 3471 3302 τῆς
3509 3233 3807 3304 ἀπολυτρώο

2244 3332 2404 3382 σεως,
2449 3317 2632 3372 πάντα
2661 3317 2730 3372 τὰ
2765 3321 2834 3390 τῇ
2893 3319 3066 3392 κακίᾳ
3121 3321 3480 3393 συνεπόμενα
3543 3324 3807 3394 μιάσματα

2244 3409 2544 3482 πρόρριζον
2564 3410 3128 3482 συνεκτμηθήσονται,
3147 3413 3244 3467 καὶ
3267 3415 3319 3467 οἱ
3353 3417 3524 3488 ἱερεῖς
3553 3415 3628 3480 ὡς
3650 3414 3808 3486 φοίνιξ

2242 3499 2562 3573 ἁνθήσουσι,
2599 3499 2836 3571 Χριστοῦ
2889 3501 3118 3557 εὐωδίαν
3162 3505 3278 3567 τοῖς
3345 3504 3674 3576 σωζομένοις
3714 3508 3804 3577 ἐμ-

2245 3591 2520 3656 πνέοντες,
2551 3592 2649 3646 καὶ
2675 3593 2745 3665 τῇ
2782 3590 3092 3666 Ἐκκλησία
3121 3595 3416 3663 ἐπινικίους
3448 3597 3803 3670 προσᾴδοντες.

2243 3681 2506 3752 neptem.
2546 3683 2772 3754 Ktiptoc’
2801 3685 2866 3738 ὲκ
2897 3683 2993 3737 σοῦ
3049 3685 3120 3740 τὰ
3169 3685 3498 3757 ἀδικήματα
3555 3704 3664 3742 σου.
3701 3685 3806 3739 Ἐτι

2241 3789 2302 3827 τε
2336 3773 2434 3827 καὶ
2481 3772 2612 3837 τοὺς
2669 3773 3040 3844 δρεπομένους
3083 3773 3485 3843 γλυκάζοντες,
3535 3776 3808 3848 πληθύνον-

2241 3861 2403 3926 τίςτε
2424 3861 2624 3925 αὐτοὺς
2646 3863 2704 3916 ὲν
2725 3862 2796 3933 γή
2806 3879 2875 3933 pq.
2895 3861 3063 3929 πίονι,
3083 3864 3185 3931 τῆς
3213 3863 3501 3936 μακαρίας
3523 3862 3807 3937 [μακραίω-

2239 3951 2354 4025 νος]
2387 3952 2624 4022 ὲκείνης,
2655 3951 2820 4023 λέγω,
2852 3953 2950 4008 καὶ
2968 3953 3251 4026 ἀκηράτου
3279 3954 3434 4027 ζωῆς
3465 3953 3806 4029 κληρονόμους

2243 4043 2710 4110 ἀναδεικνύοντες.

3005 4163 3080 4214 Δθ.

2247 4247 2337 4316 Τῷ
2363 4249 2820 4322 θεοσεσεστὰτφ
2843 4251 2945 4306 καί
2963 4253 3393 4322 εὐλαϐεστάτῳ
3431 4257 3802 4322 συλλειτουρο

2311 4317 2414 4402 τῷε
2447 4317 2892 4402 ,κυρίφἸωάΪνῃ
2945 4323 3332 4402 πρεσσυςέρῳ
3358 4317 3478 4381 ⁷καὶ
3517 4321 3806 4402 ῄχουμέιψ

2307 4390 2411 4460 καί
2428 4389 2790 4457 ἀναχωρητῇ
2815 4389 2938 4445 τῶν
2961 4389 3273 4460 κοσμικῶν
3320 4389 3675 4460 φροντίδων,
3705 4389 3800 4444 Tac

2305 4457 2525 4526 ράσιος
2554 4457 3420 4530 Κωνσταντινουπὸλεωςζνέἁς
3436 4457 3676 4532 Ῥώμης-ι

2329 4549 2390 4603 ’0
2417 4551 2484 4604 ὲκ
2513 4549 2673 4604 θείων
2700 4551 2960 4622 ναμάτων
3017 4551 3113 4606 τοῦ
3134 4551 3284 4606 θείου
3341 4553 3662 4624 Πνεύματος
3713 4551 3800 4618 ἀρε

2241 4640 2483 4707 δευθεὶς,
2531 4643 2628 4696 καὶ
2670 4643 2738 4714 τῇ
2802 4643 3104 4713 ὲμπνεύσει
3133 4642 3330 4697 τούτου
3389 4639 3798 4712 καταυγασθεὶς,

2242 4731 2432 4797 Δαόὶδ,
2477 4733 2506 4786 ὁ
2547 4735 2606 4785 ὲν
2669 4731 2958 4802 βασιλεῦσι
3001 4735 3288 4806 προφήτης
3349 4735 3449 4788 καὶ
3501 4735 3559 4788 ἑν
3605 4729 3796 4802 προφή-

2239 4839 2362 4887 ταις
2387 4822 2665 4894 βασιλεὺς,
2700 4824 2888 4892 ὑμνῶν
2946 4824 3123 4894 ἔλεγεν
3157 4845 3175 4878 ι
3207 4826 3511 4897 Καταρχὰς
3569 4825 3726 4892 ἔγνων
3743 4821 3801 4872 ὲκ

2241 4911 2350 4965 τῶν
2385 4912 2705 4984 μαρτυρίων
2742 4930 2862 4978 σου,
2901 4914 2982 4968 δτι
3005 4915 3088 4979 είς
3113 4915 3205 4968 τὸν
3235 4915 3413 4970 αἰῶνα
3457 4913 3797 4986 ἐθεμελίωσας

2243 5003 2401 5058 αὑτά.
2423 5022 2442 5055 ι
2484 5003 2748 5077 ’Δψευδὴς
2773 5007 2886 5070 τοῖς
2914 5005 3038 5060 νοῦν
3066 5006 3284 5078 ἔχουσιν
3314 5007 3348 5078 ἡ
3383 5007 3629 5078 ὑμνῳδία
3653 5001 3799 5070 αὕτη,

2243 5097 2338 5150 καὶ
2358 5095 2553 5166 βεϐαία
2587 5101 2700 5164 τοῖς
2726 5099 2898 5170 αὐτὴν
2924 5099 3170 5172 ᾄδουσιν.
3207 5101 3356 5170 Ἔφη
3386 5099 3497 5170 γὰρ
3521 5097 3612 5152 καὶ
3635 5097 3664 5150 ὸ
3690 5093 3796 5148 θεό-

2242 5203 2384 5258 πτης
2409 5188 2658 5264 Μωῦσῆί
2673 5191 2802 5261 περὶ
2825 5191 3004 5262 πάσης
3029 5190 3318 5263 Γραφικῆς
3366 5189 3656 5261 θεηγορίας
3675 5184 3798 5256 [θεο-

2244 5275 2477 5351 λογίας].
2493 5298 2511 5330 ι
2535 5279 2654 5332 Ἐπ’
2672 5279 2857 5344 αὐτοῖς
2873 5281 2971 5336 οὐκ
2987 5279 3102 5334 ἐστι
3130 5277 3474 5350 προσθεῖναι,
3493 5279 3585 5333 καὶ
3606 5269 3796 5330 ἀπἀὐ-

2241 5372 2352 5428 τῶν
2379 5373 2480 5427 οὐκ
2507 5372 2654 5428 ἔστιν
2685 5373 2924 5444 ἀφελεῖν.
2964 5394 2984 5427 ι
3085 5405 3093 5412 ν

641 5556 686 5588 δ’
711 5555 902 5610 Matth.
931 5569 1007 5626 vt,
1037 5551 1128 5608 24.
1207 5551 1413 5626 "ibid.
1453 5551 1536 5626 __“
1558 5549 1638 5606 Ad
1670 5566 1822 5626 oram
1850 5567 1900 5608 c.
1937 5550 2173 5626 ,I_ol_y3ni.
2207 5549 2273 5606 Hi
2318 5567 2603 5626 _canortes_
2620 5568 2737 5626 _n_on
2778 5552 3341 5626 apudALatinpsgsed
3381 5544 3793 5626 apudquogdgln

578 5626 794 5680 (ιτα-(ξος.
826 5613 1204 5685 inveniuntur,
1236 5623 1380 5678 sicut
1417 5620 1524 5676 alia
1573 5623 1859 5676 nonnulla.
1933 5622 1980 5654 "
2005 5613 2142 5677 l'Pet

2243 5639 2272 5689 l,
2311 5622 2398 5688 18,
2427 5622 2513 5678 19.
2591 5623 2637 5654 ⁵⁸
2661 5621 2743 5678 lsa
2799 5613 2888 5686 in,
2919 5624 2972 5679 9.
3047 5624 3091 5655 "
3115 5613 3354 5677 Senecta
3389 5613 3794 5689 u'beri.;-_Videf

577 5702 666 5746 tur
700 5697 894 5766 legisse
915 5697 1104 5750 Anast.
1132 5694 1190 5747 ὲν
1216 5695 1286 5765 γῇ
1321 5701 1415 5766 aut
1438 5691 1592 5763 χώρᾳ
1653 5691 1708 5766 ,⁸⁸
1730 5692 1789 5746 In
1821 5690 2014 5747 Graeco
2039 5708 2054 5745 :
2094 5711 2112 5744 ι
2145 5689 2240 5748 Dei
2259 5685 2646 5766 'colentissimo
2671 5708 2735 5747 ac
2763 5685 3247 5766 reverendissimq.
3267 5710 3286 5742 ι
3313 5689 3485 5745 Hann.
3513 5686 3690 5766 _“6‘r.
3711 5685 3790 5766 εει

577 5750 942 5833 αικιοῑιῧνυιεε,
979 5750 1240 5820 ουτοι-σπη’
1261 5750 1473 5821 scilicet
1500 5750 1898 5818 mundanarum
1925 5763 2316 5834 contemptori.
2345 5782 2367 5816 ι
2445 5764 2495 5798 ⁸ο
2521 5761 2670 5820 Psal.
2709 5778 2901 5832 cxvttt,
2935 5750 3060 5819 15.2.
3133 5765 3175 5796 "
3204 5762 3374 5818 Deut.
3405 5775 3480 5826 tv,
3509 5759 3572 5829 2;
3606 5750 3786 5822 311,33:
