4090 6286
262 702 273 710 ’
352 722 624 768 πτοντες,
684 704 778 759 καὶ
835 707 901 776 τῇ
951 702 1252 772 ἀναγνώσει

352 409 374 466 l
390 402 489 465 £53

1777 403 2180 466 EPISTOL/E.

3473 403 3610 467 libi

421 523 486 576 Ol
542 515 636 576 οὖν
677 518 1064 594 ἐρευνητικῶς,
1107 517 1200 577 καὶ
1245 521 1306 576 οὺ
1350 518 1754 594 παροδευτικῶς
1785 525 1920 577 πᾶσι

2093 523 2198 588 Qui
2221 537 2352 592 ergo
2383 521 2750 577 scrutabiliter
2777 530 2830 578 et
2865 537 2974 577 non
3005 522 3320 578 transitorie
3345 524 3605 580 omnibus

349 617 464 680 τοῖς
524 615 824 686 Γραφικοῖς
873 613 968 667 καὶ
1027 613 1326 685 Πατρικοῖς
1376 613 1698 683 διδάγμασιν
1761 613 1928 682 ἐγκύ-

1331 703 1544 758 τούτωνι
1605 704 1924 776 ,προσέχον-

351 815 462 862 τες,
497 794 589 851 καὶ
614 796 706 850 τὸν
721 794 847 849 νοῦν
871 794 1076 848 ἑαυτῶν
1099 798 1164 865 τῇ
1197 793 1448 866 εὐσεϐείᾳ
1475 794 1571 848 καὶ
1603 797 1669 866 τῇ
1699 795 1926 866 ἀληθείᾳ

352 890 837 960 προσπηγνύντες,
889 887 984 940 καὶ
1057 887 1119 940 οὐ
1179 887 1318 958 πρὸς
1381 887 1442 940 τὸ
1513 887 1644 940 ῖδιον
1712 887 1928 957 θέλημα.

349 977 511 1034 τοῦτο
535 978 814 1049 φέροντες,
847 979 1172 1047 φωτίζονται
1204 976 1560 1048 θαυμαστῶς,
1617 977 1728 1030 ἀπὸ
1752 977 1926 1048 ὀρέων

349 1071 608 1138 αἰωνίων,
645 1071 1116 1142 καταυγαζόμενοι
1142 1068 1248 1124 ὑπὸ
1285 1071 1394 1122 τῶν
1423 1067 1800 1138 εὐαγγελικῶν
1830 1069 1926 1124 καὶ

349 1161 728 1217 ἀποστολικῶν
784 1162 1158 1232 ὲνταλμάτων.
1193 1163 1336 1233 Ὄρη
1370 1159 1478 1230 γὰρ
1504 1157 1719 1215 ταῦταὸ
1739 1159 1924 1229 ψαλμ-

347 1253 484 1325 ῳδδς
510 1251 790 1324 ὀνομάζει,
803 1253 884 1306 ὅτι
911 1241 970 1306 ἓν
983 1252 1164 1316 αὐτοῖς
1177 1251 1584 1322 ὲμμελετῶντες
1604 1251 1698 1303 καὶ
1711 1249 1924 1304 ὁδεύον-

347 1360 462 1408 τες,
514 1343 650 1414 πρὸς
705 1343 776 1398 τὰ
829 1343 1055 1414 ούράνια
1117 1342 1492 1412 ὲπιϐαίνομεν.
1557 1339 1763 1394 Δίώνια
1823 1339 1918 1404 δὲ,

350 1435 435 1488 ὅτι
463 1434 526 1486 ού
553 1433 868 1505 πρόσφατα,
909 1433 1062 1486 οὐδὲ.
1094 1433 1426 1504 πρόσκαιρα,
1483 1431 1618 1486 ἀλλὰ
1655 1431 1762 1503 πρὸ
1819 1449 1922 1484 κα-

349 1525 583 1597 ταδολῆς
608 1526 814 1597 κόσμου
844 1525 1192 1598 λελάληνται,
1229 1527 1276 1578 εί
1309 1526 1403 1579 καὶ
1427 1525 1516 1578 ἐπ’
1542 1525 1786 1595 ἐσχάτων
1810 1521 1920 1576 τῶν

351 1618 559 1688 χρὼων
595 1618 1020 1690 ἐκπεφώνηνται-
1040 1619 1195 1689 παρὰ
1211 1617 1320 1672 τῶν
1341 1617 1598 1688 κηρύκων
1635 1615 1730 1670 τοῦ
1753 1617 1921 1684 εὐαγ-

349 1699 569 1779 γελικοῦ
617 1711 995 1781 κηρύγματος.
1029 1711 1219 1780 Ἡμεῖς
1266 1705 1378 1774 οὖν,
1409 1709 1540 1779 ἄνερ
1588 1699 1918 1778 ἐπιθυμιῶν,

346 1801 458 1856 τῶν
515 1801 610 1856 τοῦ
664 1805 1020 1873 η’νεῠματος,
1069 1803 1146 1866 ὼς
1185 1801 1264 1870 τῷ
1315 1801 1434 1871 Θεῷ
1479 1818 1537 1852 σε
1567 1802 1632 1854 ἐκ
1675 1799 1922 1869 νεότητος

1991 649 2002 662 -
2033 616 2210 685 sacris
2240 613 2540 684 Scripturis
2580 625 2636 669 et
2666 614 2907 685 paternis
2944 615 3211 670 doctrinis
3255 615 3602 681 incumbunt,

2033 715 2088 760 et
2114 703 2334 760 lectioni
2367 703 2560 758 horum
2600 703 2913 770 intendunt,
2948 712 3004 758 et
3033 716 3270 759 mentem
3297 720 3456 760 suam
3485 705 3604 776 pie-

2033 795 2130 851 tati
2164 804 2219 850 et
2263 794 2477 849 veritati
2513 793 2764 865 inligunt,
2803 805 2858 848 et
2891 811 3002 850 non
3037 796 3102 850 ad
3141 797 3417 866 propriam
3463 797 3608 854 banc
3667 827 3683 849 .~

2033 891 2365 946 voluntatem
2421 891 2704 958 referunt,
2760 889 3146 949 illuminantur
3192 891 3528 948 mirabiliter
3575 911 3604 949 a
3689 900 3695 916 ⁷

2031 982 2314 1038 montibus
2345 982 2586 1048 aeternis,
2624 983 2878 1038 illustrati
2915 985 2983 1042 ab
3010 985 3344 1056 evangelicis
3385 997 3442 1040 et
3470 1001 3608 1056 apo-
3653 974 3686 1026 ’ἶ

2031 1073 2240 1129 stolicis
2293 1074 2598 1144 praeceptis.
2662 1073 2874 1132 Montes
2935 1077 3082 1130 enim
3140 1077 3258 1132 hac
3315 1075 3606 1132 Psalmista
3682 1063 3691 1130 ᾧ

2032 1164 2286 1220 nominat
2303 1165 2376 1230 υ,
2415 1165 2680 1234 quoniam
2713 1166 2766 1219 in
2801 1167 2886 1222 his
2917 1166 3248 1224 meditantes
3269 1175 3324 1222 et
3357 1165 3610 1222 inambu-

2031 1255 2231 1319 lantes,
2257 1255 2323 1310 ad
2359 1255 2607 1340 cmlestiq
2639 1255 3064 1325 pet‘transimus.
3104 1255 3369 1311 Eternos
3399 1265 3604 1320 autem,

2031 1347 2160 1418 quia
2202 1361 2310 1402 non
2347 1349 2585 1403 recentia
2617 1363 2721 1404 nec
2769 1349 3118 1416 temporalia,
3153 1347 3250 1404 sed
3285 1348 3357 1403 ab
3395 1347 3610 1418 origine

2030 1441 2218 1495 mundi
2259 1441 2518 1510 prazdicta
2579 1449 2712 1496 sunt
2753 1440 2875 1514 [δι’.
2927 1448 3054 1496 ante
3099 1440 3290 1506 mundi
3333 1443 3608 1495 constitu-

2027 1533 2232 1588 tionem
2261 1533 2406 1588 dicta
2453 1520 2641 1606 sunt];
2687 1548 3004 1604 quanquam
3039 1532 3352 1589 novissimis
3393 1543 3608 1601 tempo-

2027 1625 2182 1680 ribus
2239 1625 2452 1695 prolata
2515 1626 2627 1681 sint
2671 1640 2701 1680 a
2755 1625 3211 1696 praedicatoribus
3275 1623 3609 1693 evangelicae

2028 1715 2454 1784 praedicationis.
2494 1714 2604 1772 Nos
2656 1732 2788 1786 ergo
2813 1758 2828 1780 ,
2879 1717 2964 1770 vir
3005 1716 3414 1772 desideriorum
3441 1759 3456 1782 ,
3505 1731 3607 1772 eo-

2029 1821 2152 1860 rum
2179 1806 2431 1862 videlicet
2459 1821 2582 1876 qute
2626 1817 2758 1862 sunt
2785 1806 3044 1876 Spiritus,
3091 1808 3206 1862 Deo
3258 1818 3310 1863 te
3350 1823 3379 1862 a
3405 1808 3599 1878 juven-

344 1895 712 1964 γινώσκοντες
773 1894 1151 1965 ἀνακείμενον,
1183 1893 1284 1963 τῆς
1321 1891 1551 1964 καρδίας
1575 1891 1732 1960 ἡμῶν
1765 1890 1923 1958 ὀλίγα

2030 1904 2138 1950 tute
2185 1905 2578 1974 cognoscentes
2624 1897 2894 1962 deditum,
2937 1913 3144 1967 paucos
3193 1899 3380 1955 cordis
3432 1899 3604 1954 nostri

293 1975 300 1983 ’
351 1987 477 2042 τινὰ
502 1988 778 2058 κινήματά
796 2005 854 2040 τε
890 1987 984 2040 καὶ
1023 1983 1368 2056 βουλεύματα
1399 1983 1535 2054 πρὸς
1567 1981 1804 2052 ψυχικὴν
1828 1981 1921 2034 εύ-

349 2077 552 2146 θυμίαν
607 2077 995 2150 ἀνατιθέμεθα.
1044 2077 1132 2144 ,Τὰ
1177 2077 1285 2147 γὰρ
1340 2075 1562 2130 πλείονα
1610 2075 1788 2144 σιωπῇ
1837 2089 1921 2126 τι·

351 2167 568 2238 μὰσϐω.

425 2259 648 2325 Πάντως
692 2259 929 2330 ὲνηχήὉη
987 2258 1116 2330 ὑμῖν
1187 2259 1315 2330 περὶ
1369 2257 1468 2326 τῆς
1533 2255 1752 2308 συνόδου
1824 2253 1924 2324 τῆς

349 2352 652 2422 γενομένης
697 2352 918 2422 εὐδοκία
970 2350 1110 2405 Θεοῦ
1144 2352 1202 2404 ἐν
1227 2353 1292 2420 τῇ
1322 2349 1578 2402 Νικαέων
1610 2347 1763 2401 πόλει
1794 2363 1809 2377 ο
1841 2347 1924 2410 είς

354 2443 416 2512 ἣν
447 2442 662 2497 σύνοδον
685 2446 848 2515 ἡμεῖς
872 2461 933 2496 τε
967 2445 1056 2497 καὶ
1119 2441 1440 2512 ίερομύσται
1465 2439 1658 2509 ἄνδρες
1689 2455 1924 2507 τοποτη-

348 2535 516 2607 ρηταὶ
533 2534 628 2589 τοῦ
654 2552 714 2589 τε
737 2537 896 2591 πάπα
913 2537 1010 2606 τῆς
1041 2534 1418 2608 πρεσϐυτέρας
1433 2533 1673 2605 Ῥῴμης,
1699 2531 1922 2586 καὶτῶν

351 2627 450 2696 τῆς
480 2627 745 2697 ἀνατολῆς
766 2627 1090 2696 ἁγιωτάτων
1114 2626 1420 2698 ἀρχιερέων
1437 2624 1796 2696 συνήλθομεν,
1826 2622 1920 2675 καὶ

350 2718 620 2788 θεοφιλεῖς
659 2720 950 2774 ἐπίσκοποι
989 2719 1235 2772 πλεῖστοι
1295 2717 1438 2772 κατὰ
1485 2703 1781 2788 πρόσταξιν
1809 2713 1919 2766 τῶν

349 2809 589 2864 εὐσεϐῶν
612 2811 878 2880 βασιλέων
905 2811 1084 2883 ἡμῶν.
1127 2810 1400 2872 Ὡσαύτως
1429 2809 1522 2864 καὶ
1549 2807 1792 2869 εὐλαῦεξ
1821 2805 1920 2876 ἀρ·

349 2899 694 2972 χιμανδρῐται
742 2901 838 2954 καὶ
883 2899 1201 2971 ἡγούμενοι,
1241 2899 1338 2952 καὶ
1379 2898 1588 2969 πληθὺς
1643 2895 1914 2966 μοναχῶν.

348 2993 461 3046 Καὶ
493 2993 594 3062 ἠδη
617 2993 839 3046 πολλῶν
882 2993 1084 3064 μεταξὺ
1115 2991 1276 3062 ἡμῶν
1305 2988 1668 3062 λαληθέντων,
1693 2988 1756 3040 τὸ
1783 2987 1916 3048 ἀλη-

353 3081 442 3146 θὲς
465 3083 559 3136 καὶ
577 3083 800 3153 ἀρεστὸν
823 3081 901 3154 τῷ
911 3081 1032 3154 Θεῷ
1056 3083 1269 3156 ἐκρίθη.
1291 3083 1398 3136 Καὶ
1417 3081 1561 3137 κατὰ
1571 3081 1669 3150 τὴν
1687 3079 1918 3152 ἀρχαίαν

2024 1993 2208 2040 motus
2235 1993 2292 2040 et
2319 1987 2630 2040 voluntates
2656 1987 2723 2042 ad
2757 1987 2927 2041 animi
2957 1987 3296 2042 alacritatem
3321 2003 3603 2043 commen-

2024 2077 2222 2132 damus
2251 2093 2264 2130 :
2295 2076 2453 2148 plura
2487 2077 2690 2148 quippe
2730 2077 2951 2134 silentio
2979 2079 3342 2134 lionorentur.

2098 2257 2300 2330 Utique
2331 2260 2582 2335 auditum
2613 2271 2697 2317 est
2731 2277 2762 2316 a
2795 2263 2952 2320 vobis
2971 2262 3041 2317 de
3067 2263 3277 2336 synodo
3305 2277 3429 2333 quae
3457 2261 3602 2319 facta

2025 2358 2108 2404 cst
2132 2350 2476 2419 beneplacito
2517 2350 2613 2405 Dei
2651 2351 2706 2404 in
2735 2350 3102 2408 Nicteeusium
3125 2353 3260 2407 urbe
3290 2371 3304 2406 :
3335 2353 3402 2408 ad
3433 2367 3600 2424 quam

2023 2441 2282 2496 \idelicet
2323 2443 2594 2514 synodum
2641 2460 2743 2500 nos
2788 2453 2844 2500 et
2881 2447 3080 2500 sacrati
3111 2445 3214 2501 viri
3254 2454 3312 2502 et
3344 2447 3448 2502 loci
3483 2461 3601 2502 ser-

2023 2539 2244 2585 vatores
2279 2539 2390 2586 tam
2436 2547 2589 2603 papae
2627 2533 2863 2590 senioris
2897 2533 3119 2600 Ruina,
3141 2530 3309 2604 quain
3357 2534 3601 2592 Orientis

2023 2620 2505 2678 sanctissimorum
2565 2625 2874 2694 principum
2927 2625 3274 2680 sacerdotum
3338 2628 3601 2681 conveni-

2023 2728 2181 2777 mus;
2231 2729 2333 2769 nec
2383 2731 2493 2770 non
2537 2728 2590 2771 et
2625 2715 2734 2770 Deo
2775 2717 3042 2774 amabiles
3090 2719 3334 2790 episcopi
3376 2721 3599 2791 plurimi

2021 2807 2328 2862 secundum
2367 2810 2786 2879 praeceptionem
2818 2810 3034 2880 piorum
3070 2810 3466 2882 imperatorum
3503 2831 3602 2870 no-

2021 2905 2285 2954 strorum.
2327 2895 2602 2956 Similiter
2649 2911 2704 2956 et
2733 2903 3021 2958 reverendi
3055 2904 3503 2962 arcliimandrita:
3545 2919 3603 2963 et

2024 2988 2356 3058 begumeni,
2419 3000 2474 3045 et
2525 2990 2819 3046 multitudo
2875 2993 3302 3050 monachorum.
3350 2995 3603 3064 Cumque

2023 3077 2196 3134 multa
2235 3079 2378 3133 inter
2426 3093 2526 3134 uos
2556 3079 2894 3144 dicerentur,
2929 3081 3075 3150 quod
3111 3097 3302 3136 verum
3343 3091 3400 3137 et
3427 3083 3604 3153 placi-

347 3174 713 3245 ’θεσμοθεσίαν
740 3174 849 3229 τῶν
873 3175 1046 3244 ἁγίων
1075 3175 1332 3246 Πατέρων
1359 3174 1518 3244 ἡμῶν
1544 3175 1578 3244 ἠ
1619 3171 1918 3241 Ἐκκλησία

2030 3177 2140 3224 tum
2174 3179 2258 3225 cst
2282 3169 2416 3236 Deo,
2456 3171 2724 3226 sancitum
2765 3179 2885 3237 est;
2920 3177 2974 3226 et
3012 3171 3316 3228 secundum
3359 3173 3598 3244 priscam

349 3267 596 3321 ἆπέλαόε
613 3269 710 3338 τὴν
741 3268 852 3322 τῶν
876 3268 1101 3322 εἰκόνων
1127 3265 1593 3338 ἀναζωγράφησίν
1608 3281 1668 3318 τε
1684 3265 1776 3318 καὶ
1795 3279 1924 3330 στηα

351 3359 680 3430 λογραφίαν,
712 3359 850 3430 πρὸς
877 3358 1171 3430 ἀναγωγὴν
1213 3359 1309 3414 καὶ
1343 3357 1653 3426 ὑπόμνησιν
1674 3353 1770 3408 τοῦ
1805 3353 1929 3407 καθ’

353 3453 502 3522 ἡμᾶς
527 3451 666 3516 νοὸς,
699 3451 792 3504 καὶ
817 3453 1048 3521 μετοχήν
1082 3467 1226 3513 τινος
1247 3445 1545 3518 ἁγιασμοῦ.
1563 3445 1631 3500 Εἴ
1653 3463 1706 3500 τι
1732 3447 1840 3515 γὰρ
1871 3444 1931 3497 τὺ

357 3545 516 3614 ἅγιον
555 3543 886 3610 Εὑαγγέλιον
951 3543 1045 3595 διὰ.
1075 3545 1174 3610 τῆς
1207 3540 1568 3608 ἀναγνώσεως
1611 3536 1932 3606 ἐνσημαίνει

353 3638 510 3707 ἡμῖν,
544 3635 604 3688 τδ
633 3635 769 3687 αὐτὸ
817 3633 910 3686 καὶ
939 3633 996 3684 al
1026 3631 1234 3694 εἰκόνες
1257 3647 1274 3661 ο
1299 3629 1394 3683 καὶ
1425 3629 1480 3682 εῐ
1497 3643 1549 3680 τι
1575 3627 1632 3680 αἱ
1667 3641 1934 3697 μαρτυρι-

357 3727 455 3783 καὶ
484 3725 655 3797 βίϐλοι
681 3723 994 3795 διηγοῦνται
1023 3721 1270 3792 περὶτῶν
1293 3721 1634 3790 παθημάτων
1650 3718 1759 3772 τῶν
1793 3731 1932 3790 μαρ-

357 3821 560 3892 τύρων,
594 3817 802 3888 ὁμοίως
825 3816 922 3870 καὶ
949 3817 1006 3869 αἱ
1031 3814 1241 3878 είκόνες
1273 3830 1288 3846 ο
1317 3813 1414 3867 καὶ
1436 3811 1647 3876 ταύτας
1689 3810 1934 3876 ἀσπαζό-

363 3912 502 3983 μεθα
532 3910 609 3974 ὡς
639 3905 1024 3978 ὲκτυπώματα
1077 3905 1186 3959 τῶν
1230 3901 1605 3974 πρωτοτύπων
1657 3901 1805 3966 ὅντα,
1839 3903 1935 3956 καὶ

352 4006 510 4060 οὐδὲν
536 4005 746 4074 ἕτερον·
773 3999 1042 4071 πρόδηλον
1075 3995 1430 4058 πιστεύοντες
1462 3995 1544 4057 είς
1573 3992 1670 4048 ἕνα
1705 3991 1837 4046 Θεὸν
1875 3995 1934 4046 ὲν

359 4093 994 4168 Τριάὸιάνυμνούμενσν,
1039 4089 1138 4144 καῖ
1171 4087 1332 4156 αὑτῷ
1367 4085 1515 4156 μόνῳ
1552 4084 1931 4156 λατρεύοντες.

371 4189 615 4255 Ἐξαιτού
624 4187 764 4260 μεθα
791 4185 849 4239 δὲ
867 4183 1074 4246 καὶτὰς
1092 4178 1392 4253 πρεσϐείας
1407 4179 1507 4248 τῆς
1531 4177 1807 4249 ἀχράντου
1841 4179 1936 4244 Δε-

361 4275 754 4349 σποίνηςήμῶν
767 4277 866 4346 τῆς
889 4274 1051 4344 ἁγίας
1072 4272 1360 4336 Θεοτόκου,
1393 4270 1562 4337 ἁγίων
1585 4285 1646 4321 τε
1663 4267 1932 4336 ἀγγέλων,

359 4372 453 4426 καὶ
473 4371 692 4424 πάντων
707 4367 816 4422 τῶν
835 4367 1004 4435 ἁγίων
1019 4365 1117 4419 καὶ
1129 4363 1291 4418 ὁσίων
1309 4361 1572 4432 Πατέρων
1593 4363 1624 4432 ἠ
1631 4359 1767 4430 μῶν.
1797 4358 1935 4412 Τού-

358 4477 470 4514 των
483 4459 662 4520 οὖτως
679 4457 872 4520 ὕντων,
903 4455 1233 4512 ἐνεκάλεσαν
1251 4455 1316 4524 τῇ
1339 4451 1546 4522 συνόδῳ
1560 4453 1621 4505 τὸ
1653 4450 1816 4504 πλέον
1841 4451 1936 4520 μέ-

2031 3260 2430 3332 legislationem
2463 3269 2783 3316 sanctorum
2807 3261 3030 3317 Patrum
3069 3273 3387 3320 nostrorum
3425 3265 3606 3320 Eccle-

2031 3351 2114 3407 sia
2177 3351 2384 3420 recepit
2442 3351 2742 3418 imaginum
2802 3353 3072 3423 picturam
3138 3365 3193 3411 et
3247 3357 3478 3424 titulos,
3535 3359 3604 3414 ad

2031 3440 2374 3507 superiorem
2403 3454 2626 3494 sensum
2663 3439 3047 3511 [elevationem
3091 3445 3286 3520 animi]
3313 3457 3364 3502 et
3394 3463 3607 3505 memo-

2032 3529 2170 3583 riam
2205 3531 2406 3583 mentis
2449 3540 2674 3591 nostrae,
2713 3547 2778 3586 ac
2809 3533 3280 3602 participationem
3315 3539 3605 3608 cujusdam

2031 3619 2505 3675 sanctiﬁcationis.
2551 3621 2826 3692 Quidquid
2873 3623 3018 3678 enim
3063 3635 3313 3682 sanctum
3358 3630 3608 3702 Evange-

2033 3708 2166 3763 lium
2217 3724 2316 3778 per
2366 3710 2656 3766 lectionem
2703 3711 2949 3768 insinuat
2979 3715 3157 3782 nobis,
3217 3718 3270 3772 id
3321 3719 3498 3790 ipsum
3551 3735 3608 3779 et

2035 3797 2302 3868 imagines
2333 3814 2348 3852 :
2377 3810 2432 3855 ct
2456 3801 2720 3872 quidquid
2755 3812 3033 3874 gestorum
3071 3807 3196 3862 libri
3230 3809 3297 3864 de
3334 3813 3608 3880 passioni-

2033 3892 2138 3947 bus
2183 3899 2504 3964 martyrum
2531 3905 2773 3961 narrant,
2825 3896 3078 3954 similiter
3123 3912 3176 3956 et
3211 3903 3478 3974 imagines
3508 3923 3525 3962 :
3553 3919 3611 3963 et

2035 3985 2136 4038 has
2175 3985 2483 4041 salutamus
2533 3997 2795 4058 tanquam
2842 3988 3050 4045 formas
3079 3994 3509 4064 primitivorum,
3555 4012 3609 4054 et

2035 4075 2174 4130 nihil
2214 4075 2364 4132 aliud
2401 4096 2414 4132 :
2451 4078 2700 4148 profecto
2732 4079 2788 4134 in
2825 4097 2994 4136 unum
3035 4081 3206 4140 Deum
3253 4087 3306 4142 in
3337 4087 3610 4148 Trinitate

2037 4167 2370 4222 laudandum
2397 4169 2699 4236 credentes,
2726 4180 2781 4225 et
2809 4171 2912 4241 ipsi
2946 4174 3048 4228 soli
3074 4176 3396 4234 servientes.
3432 4183 3609 4252 Expe-

2039 4259 2204 4315 timus
2262 4260 2424 4315 etiam
2482 4261 2907 4319 intercessiones
2962 4264 3301 4324 intemeratae
3363 4259 3609 4330 Dominae

2037 4361 2240 4407 nostrae
2272 4364 2476 4408 sancta:
2504 4351 2598 4408 Dei
2629 4352 2946 4420 Genitricis,
2977 4371 3406 4432 sanctorumque
3440 4379 3609 4435 ange-

2037 4443 2253 4508 lorum,
2293 4451 2347 4498 et
2375 4445 2619 4499 omnium
2654 4459 2968 4504 sanctorum
3010 4449 3232 4508 Patrum
3264 4465 3604 4512 nostrorum.

359 4567 454 4622 ρος
485 4547 596 4601 τῶν
623 4545 868 4600 εὺλασῶν
893 4544 1164 4615 μουαχῶν.
1198 4545 1306 4596 Καὶ
1346 4545 1508 4614 ἡμεῖς
1541 4543 1598 4596 δὲ
1633 4539 1927 4612 προεγινώ-

2037 4533 2134 4589 llis
2189 4536 2264 4588 ita
2303 4550 2362 4590 se
2419 4535 2780 4602 habentibus,
2837 4551 3030 4610 questa
3079 4552 3164 4598 est
3209 4545 3420 4617 synodo
3477 4564 3609 4618 pars

363 4654 567 4710 σκομιν
598 4637 699 4708 τὴν
738 4634 1001 4704 ἔγκλησιν
1037 4635 1245 4701 ταύτην
1269 4649 1284 4662 ο
1314 4634 1398 4686 ὅτι
1426 4633 1476 4685 οἱ
1509 4631 1755 4694 πλείονες
1823 4629 1932 4684 τῶν

361 4732 679 4787 ἐπισκόπων
724 4730 1008 4799 χρήμασιν
1067 4727 1351 4796 ὠνήσαντο
1407 4725 1505 4794 τὴν
1577 4723 1882 4795 ἱερωσύνην
1915 4736 1930 4752 ο

361 4830 460 4885 καὶ¹
477 4825 578 4882 κᾶν
592 4820 892 4894 ἁμαρτίαις
903 4818 1204 4890 ἡμετέραις
1222 4815 1528 4889 περιπειρώ
1537 4817 1696 4888 paea,
1719 4817 1813 4869 καὶ
1825 4833 1934 4869 σει-

367 4919 486 4988 ραῖς
529 4917 736 4968 τούτων
789 4907 1221 4977 συσφιγγώμεθα
1247 4948 1262 4972 ,
1315 4907 1401 4976 ἐφ’
1449 4903 1536 4971 αίς
1587 4907 1750 4970 ἵλεως
1800 4905 1933 4976 ἡμῖν

363 5010 575 5078 γένοιτο
625 5003 828 5077 Κύριος
854 5017 869 5034 ·
901 4999 1019 5054 ἀλλ’
1053 4995 1148 5053 οὖν
1178 4998 1287 5052 τῶν
1341 4998 1715 5068 εὐαγγελικῶν
1741 4997 1932 5051 ὲνταλ-

364 5103 559 5172 μάτων
583 5097 679 5150 καὶ
707 5090 1016 5149 κανυνικῶν
1037 5089 1340 5155 διατάξεων
1359 5089 1458 5158 τὴν
1479 5090 1681 5160 γνῶσιν
1707 5089 1934 5161 εἰλήφα-

367 5208 490 5263 μεν,
537 5190 634 5242 καὶ¹
664 5188 724 5240 ὲν
753 5184 984 5256 καθαρῷ
1035 5180 1322 5246 συνειδότι,
1382 5182 1486 5235 καλ.⁴
1533 5181 1678 5254 ἁπλῇ
1711 5182 1930 5256 καρδίᾳ,

365 5283 460 5337 καὶ
485 5277 845 5351 ἀφιλαςργύρῳ
868 5277 1076 5349 τρόπῳ,
1104 5273 1272 5328 καὶέν
1302 5273 1604 5344 συνειδήσει
1624 5274 1933 5348 ἀνεπτερω-

370 5373 508 5445 gitur)
557 5371 695 5442 πρὸς
730 5369 841 5423 τδνο
867 5366 1020 5434 Θεὸν,
1045 5367 1114 5438 τῇ
1136 5365 1404 5435 κανανικῇ·
1452 5363 1546 5417 καί⁵
1604 5365 1930 5436 εύαγγελικῇ

365 5462 606 5527 διατάξει
635 5459 776 5516 κατὰ
801 5460 979 5514 πάντα
993 5457 1222 5512 ἕπεσθαι
1249 5453 1545 5526 εὐχόμεθιν
1580 5456 1673 5508 καὶ
1686 5455 1934 5524 καθῆκα.

367 5569 471 5624 μεν
493 5549 724 5612 ἑαυτοὺς
744 5548 844 5602 καὶ,⁵
872 5547 1244 5616 ὑπεκλίναμεν
1276 5541 1598 5598 δουλοῦσθαι
1621 5547 1731 5606 τοῖς
1769 5545 1933 5612 εὐαγ-

368 5643 604 5713 γελικοῖς
630 5641 722 5694 καὶ
739 5638 1113 5702 ἀποστολικοϊς
1135 5636 1423 5708 πατρικοῖς
1451 5635 1930 5708 παραγγέλμασιν

438 5755 650 5811 "Psal.
691 5769 855 5822 Luv,
891 5753 942 5808 5.

2037 4627 2212 4696 major
2254 4628 2681 4684 reverendorum
2719 4633 3114 4689 monachorum
3149 4635 3602 4713 [episcoporum].

2033 4717 2139 4773 Sed
2196 4728 2251 4772 et
2302 4733 2400 4774 nos
2457 4722 2835 4789 praescivimus
2889 4727 3170 4796 querelam
3222 4729 3422 4796 istam,
3479 4735 3608 4804 quia

2034 4811 2218 4881 plures
2245 4812 2631 4882 episcoporum
2669 4815 2922 4884 pecuniis
2953 4809 3314 4876 obtinuerunt
3351 4827 3609 4880 sacerdo-

2033 4905 2170 4960 tium
2203 4924 2215 4958 :
2247 4915 2300 4960 ct
2333 4907 2463 4961 licet
2504 4907 2743 4974 peccatis
2788 4910 2994 4965 nostris
3028 4911 3370 4968 obcteremur
3405 4913 3610 4986 [impli-

2035 4995 2278 5069 ceruur],
2339 5005 2394 5051 et
2451 4997 2647 5051 horum
2713 4999 2958 5056 restibus
3009 5003 3487 5075 constringamur,
3551 5008 3604 5062 in

2034 5091 2235 5160 quibus
2266 5089 2536 5160 prepitius
2569 5089 2728 5146 nobis
2763 5092 2838 5146 sit
2877 5093 3017 5148 Deus
3050 5113 3064 5148 :
3100 5103 3340 5152 attamen
3367 5114 3604 5172 evange-

2035 5180 2265 5236 licorum
2315 5181 2696 5236 mandatorum
2735 5193 2788 5237 et
2835 5185 3229 5243 canonicarum
3280 5196 3605 5264 praeceptio-

2033 5288 2164 5326 num
2199 5273 2561 5342 cognitionem
2595 5275 2956 5346 percepimus,
3009 5287 3066 5334 et
3115 5281 3170 5336 in
3221 5284 3423 5338 munda
3471 5301 3605 5340 con-

2035 5365 2286 5430 scientia,
2315 5374 2368 5420 et
2411 5367 2646 5436 simplici
2677 5370 2862 5435 corde,
2895 5380 2950 5426 ct
2980 5371 3034 5426 in
3071 5389 3226 5429 more
3263 5377 3383 5430 sine
3425 5359 3605 5431 avari-

2037 5457 2130 5520 tia,
2161 5463 2217 5508 et
2242 5455 2675 5525 imperturbabili
2717 5459 2784 5514 ad
2820 5459 2988 5516 Deum
3020 5463 3230 5528 habito,
3277 5467 3600 5526 canonicum

2035 5545 2153 5620 [σν.
2203 5549 2536 5604 conscientia
2565 5547 2840 5608 alacriter
2890 5555 3137 5625 erigente
3189 5572 3248 5612 se
3296 5557 3361 5612 ad
3406 5555 3601 5622 Deum,

2035 5635 2184 5708 eam]
2224 5652 2321 5706 per
2375 5639 2558 5694 omnia
2617 5641 2774 5710 sequi
2827 5651 3086 5712 Optamus
3135 5657 3469 5715 praeceptum
3504 5661 3518 5702 :
3551 5655 3606 5705 et
