4090 6286
481 341 490 349 ’
508 335 686 408 Ἶι155

1647 344 1707 404 S.
1739 342 2048 403 TARASll
2073 341 2586 405 PATRIARCHJE'
2619 344 2726 406 ΟΡ.

3641 343 3838 414 flia

547 453 1072 526 comprehendimus
1101 452 1514 526 [submisimus]
1557 454 1950 525 nosmetipsos,
1980 454 2134 509 incli-

2243 454 2638 526 ἀγωνιζόμενοι
2658 456 2894 520 καὶτοὺς
2913 455 3010 528 τὴν
3032 456 3334 528 ἱερωσύνην
3357 457 3842 528 κληρωσαμένους

548 548 802 602 navimus
839 545 904 600 ad
940 544 1291 600 serviendum
1339 543 1677 615 evangelicis
1707 553 1872 614 atque
1911 553 2136 615 aposto-

547 639 669 692 licis
699 647 754 692 ct
773 635 1026 706 paternis
1065 636 1526 706 dispositionibus
1561 654 1575 692 :
1609 637 1954 692 decertantes
1989 644 2049 692 ut
2079 636 2137 692 hi

545 728 637 797 qui
674 727 1047 783 sacerdotium
1091 727 1278 782 sortiti
1325 737 1474 792 sunt,
1506 727 1587 782 sic
1617 727 1820 798 degant
1857 734 1910 782 et
1949 725 2138 780 vivant

545 829 599 874 et
635 829 1056 886 conversentur,
1081 821 1190 876 sed
1225 830 1277 874 et
1317 835 1513 876 omnes
1545 821 1640 890 qui
1671 819 1880 874 Christi
1913 819 2137 874 nomine

544 913 887 968 vocitantur.
921 913 991 966 At
1021 913 1066 968 si
1102 911 1330 982 quidam
1372 927 1482 967 non
1511 911 1892 982 acquievcrint
1934 923 2136 980 praece-

547 1005 660 1074 ptis
697 1004 844 1066 istis,
881 1003 1322 1058 communicator
1356 1002 1548 1056 talium
1584 1001 1679 1072 qui
1709 1001 1974 1056 dicuntur
2011 999 2136 1069 qui—

547 1095 693 1161 dem,
726 1112 832 1150 non
882 1106 1061 1150 autem
1097 1105 1226 1150 sunt
1257 1094 1598 1158 sacerdOtes,
1631 1108 1754 1148 esse
1793 1107 1902 1146 non
1929 1091 2133 1161 patior,

549 1186 644 1238 sed
709 1184 1050 1240 alienusab
1113 1184 1312 1237 horum
1379 1197 1502 1236 sum
1567 1180 1954 1251 portione:et
1999 1176 2133 1230 mihi

549 1277 772 1347 quidem
825 1275 1116 1346 protestari
1153 1275 1270 1329 haec
1324 1289 1434 1329 non
1482 1273 1722 1344 pigrum,
1773 1269 1909 1342 ipsis
1951 1277 2134 1323 autem

547 1379 752 1424 tutum.
778 1368 959 1423 Divini
989 1385 1119 1438 ergo
1145 1381 1388 1423 canones
1419 1366 1636 1420 dantem
1663 1364 1745 1420 vel
1775 1362 2134 1432 accipientem

549 1463 605 1514 in
638 1461 993 1517 ordinatione
1019 1459 1338 1524 sacerdotii,
1371 1459 1673 1528 deponunt,
1715 1466 1768 1512 et
1795 1469 2138 1524 persequun-

550 1562 639 1606 tur
681 1549 1016 1624 [expellunt]
1064 1565 1094 1604 a
1143 1550 1474 1606 sacerdotali
1517 1549 1804 1619 dignitate.
1853 1545 2136 1616 inspector

547 1644 644 1698 Dei
670 1643 908 1715 Moyses,
952 1652 1012 1698 ut
1058 1641 1197 1709 dixi,
1233 1641 1475 1696 clamat:
1517 1658 1537 1692 ‹
1571 1639 1628 1694 in
1673 1639 1804 1704 illis,
1853 1637 2133 1707 inquiens,

548 1751 657 1789 non
708 1743 793 1790 cst
843 1733 1178 1800 addendum,
1235 1742 1290 1788 et
1341 1733 1412 1788 ab
1454 1733 1532 1788 eis
1578 1742 1686 1786 non
1734 1739 1819 1786 est
1879 1727 2137 1783 auferen-

2239 545 2412 609 οῦτως
2431 547 2872 618 ἀναστρέφεσθαι
2891 547 2982 602 καὶ
3001 547 3148 618 βιοῦν
3168 549 3264 602 καὶ
3282 545 3841 614 πολιτεύεσθαι,ἁλλὰ

2239 634 2336 692 καὶ
2359 639 2571 702 πάντας
2593 641 2721 702 τοὺς
2737 639 2816 710 τῷ
2831 637 3074 710 Χριστοῦ
3093 640 3316 709 ὀνόματι
3346 636 3754 710 κεκλημένους.
3772 640 3840 692 Et

2227 728 2294 784 ’δέ
2325 747 2472 794 τινες
2504 731 2796 784 ἀπειθοῦσι
2817 733 2932 794 τοῖς
2963 731 3266 801 ἐντάλμασι
3296 729 3534 795 τούτοις,
3564 731 3840 796 κοινωνὸς

2234 821 2348 876 τῶν
2375 820 2637 877 τοιούτων
2657 821 2969 892 λεγομένων
2995 821 3206 893 ἱερέων,
3255 821 3356 875 οὐκ
3383 821 3550 876 ὅντων
3572 821 3660 888 δὲ,
3691 817 3840 876 εἶναι

2237 913 2338 966 οὐκ
2391 914 2691 984 ἀνέχομαι·
2745 913 2880 967 ἀλλὰ
2941 913 3222 984 ἀλλότριος
3284 913 3384 985 τῆς
3441 913 3656 967 τούτων
3714 914 3838 984 είμὶ

2241 1001 2479 1074 μερίδος.
2522 1005 2636 1058 Καὶ
2672 1002 2800 1076 ἐμοὶ⁵
2820 1002 3299 1076 διαμαρτύρασθαι
3327 1001 3503 1058 ταῦτα
3525 1003 3630 1056 οὐκ
3660 1003 3836 1074 όκνη-

2242 1095 2354 1166 ρδν,
2423 1097 2605 1159 αὐτοῖς
2634 1095 2692 1148 δὲ
2723 1094 2996 1164 ἀσφαλές.
3031 1090 3215 1149 υίοῦν
3262 1095 3394 1148 θεῖοι
3449 1096 3684 1159 κανόνες
3739 1097 3835 1152 τὸν

2237 1185 2399 1240 δόντα
2428 1188 2460 1256 ἢ
2489 1185 2721 1240 λαϐόντα
2778 1185 2871 1240 ἐπὶ
2937 1187 3242 1259 χειροτονίᾳ.
3294 1187 3601 1258 ἱερωσύνης
3639 1187 3836 1243 καθαιο

2239 1275 2396 1349 ρεῦσι
2422 1276 2516 1330 καὶ
2556 1275 2924 1330 ἀποδιώκουσι
2967 1279 3066 1347 τῆς
3093 1276 3379 1348 ἱερατικῆς
3411 1277 3728 1348 ἁγιότητος.
3775 1277 3833 1333 '0

2237 1367 2477 1438 θεόπτης
2531 1367 2810 1441 Μωῦσῆς,
2866 1367 2942 1430 ὡς
2990 1366 3163 1439 ἔφθην
3213 1365 3408 1434 εἰπὼν,
3464 1367 3601 1437 βοᾷ·
3647 1388 3667 1420 ι
3713 1368 3831 1423 Ἐπ’

2239 1459 2424 1520 αὐτοῖς
2444 1459 2545 1511 οὐκ
2570 1456 2688 1510 ἔστι
2716 1457 3067 1528 προσθεῖναι,
3096 1459 3193 1510 καὶ
3218 1457 3316 1512 ἀπ’
3335 1457 3519 1513 αὐτῶν
3550 1460 3656 1512 οὐκ
3683 1459 3834 1514 ἐστιν

2238 1549 2480 1619 ἀφελεῖν.
2510 1568 2530 1601 ι
2572 1548 2848 1613 Ὡσαύτως
2895 1549 2989 1602 καὶ
3015 1550 3417 1620 όὺμνογρᾶφος
3467 1551 3639 1605 Δαϐὶδ
3690 1551 3829 1620 ψάλ-

2237 1639 2340 1704 λει,
2375 1641 2472 1694 καὶ
2507 1641 2674 1712 ἡμεῖς
2703 1642 2800 1695 σὺν
2831 1639 2980 1712 αύτῷ
3008 1659 3021 1672 ⁸
3053 1659 3072 1694 ι
3094 1642 3398 1714 Καταρχὰς
3427 1627 3607 1711 ἔγνων
3638 1644 3707 1696 ἐκ
3725 1643 3832 1697 τῶν

2237 1731 2566 1804 μαρτυρίων
2595 1749 2712 1797 σου,
2748 1732 2832 1787 ὅτι
2875 1735 2956 1796 είς
2993 1733 3085 1786 τὸν
3115 1733 3289 1788 αίῶνα
3331 1731 3710 1804 ἐθεμελίωσας
3738 1735 3830 1788 αύ-

550 1829 681 1880 dum
707 1825 776 1880 ⁸⁸.
812 1845 830 1876 ι
875 1824 1146 1880 Similiter
1182 1835 1238 1879 et
1276 1822 1730 1894 bymnographus
1774 1819 1941 1876 David
1973 1818 2134 1890 psal—

2237 1801 2369 1878 ea.»
2399 1801 2512 1876 Kal.
2545 1823 2632 1886 τίς
2672 1821 2856 1886 ίκανδς
2889 1823 3027 1894 πρὸς
3070 1823 3242 1877 ταῦτα
3272 1801 3637 1894 ἀντιστῆναις
3675 1826 3724 1878 εί
3752 1825 3824 1896 μή

558 1920 640 1984 lit,
676 1925 730 1972 et
760 1932 858 1973 nos
883 1932 1009 1972 cum
1053 1916 1148 1971 illo
1182 1933 1196 1968 :
1233 1935 1253 1968 ί
1284 1915 1368 1970 Ab
1410 1915 1568 1970 initio
1611 1913 1842 1986 cognovi
1883 1915 1950 1969 de
1985 1913 2135 1968 testi-

549 2009 754 2064 moniis
791 2009 924 2072 tuis,
961 2009 1090 2078 quia
1137 2009 1192 2063 in
1230 2016 1496 2063 aeternum
1527 2005 1774 2061 fundaSti
1821 2021 1885 2061 ea
1908 2004 1976 2060 ⁸⁸.
2012 2023 2030 2056 ›
2073 2005 2138 2058 Et

550 2100 677 2170 quis
709 2100 776 2154 ad
811 2101 925 2156 haec
951 2099 1248 2155 resistendi
1279 2099 1554 2154 idoneus?
1583 2099 1688 2153 nisi
1722 2097 1862 2152 forte
1895 2096 2136 2152 infatue-

553 2207 640 2248 tur
695 2209 894 2260 scnsu,
954 2202 1010 2248 ct
1069 2193 1275 2248 divinis
1326 2192 1457 2248 velit
1509 2191 1759 2246 illudcre.
1813 2188 1934 2244 Jam
1990 2190 2134 2246 enim

550 2285 781 2340 fundata
824 2292 958 2340 sunt
1005 2283 1326 2339 testimonia
1360 2281 1478 2349 Dei,
1525 2292 1578 2338 et
1612 2283 1853 2336 radicata
1907 2289 2037 2337 sunt
2081 2280 2134 2334 in

553 2377 796 2431 Ecclesia
865 2377 988 2446 ejus
1043 2395 1057 2431 :
1109 2376 1238 2430 licet
1293 2375 1514 2446 quidam
1585 2374 1958 2444 temporaliter
2027 2357 2134 2428 non

551 2469 892 2534 obedieutcs,
949 2467 1179 2522 minime
1225 2467 1542 2522 custodiant
1601 2481 1686 2520 ea.
1748 2464 1846 2520 llla
1901 2479 2032 2536 ergo
2081 2464 2138 2518 in

552 2569 819 2616 αξιοι-ηοω
875 2569 1132 2624 manent;
1185 2565 1238 2612 et
1271 2557 1417 2612 beati
1450 2555 1544 2626 qui
1594 2566 1918 2612 scrutantur
1960 2569 2046 2621 ea,
2083 2564 2140 2609 et

555 2652 640 2707 his
667 2651 934 2707 obediunt
961 2668 973 2704 :
1005 2660 1060 2706 et
1089 2665 1167 2705 va:
1201 2649 1295 2720 qui
1326 2663 1436 2704 non
1463 2648 1753 2705 obcdiunt.
2141 2653 2146 2657 ’

625 2770 822 2827 Omnis
863 2783 996 2840 ergo
1044 2768 1360 2839 episcopus,
1403 2766 1490 2823 vel
1535 2765 1844 2836 presbyter,
1894 2771 1991 2820 aut
2022 2764 2140 2820 dia-

554 2877 729 2916 conus
759 2859 1064 2923 convictus,
1085 2858 1236 2928 quod
1261 2873 1358 2927 per
1385 2855 1648 2926 pecunias
1679 2870 1876 2910 manus
1906 2854 2138 2925 imposi-

557 2952 762 3005 tionem
799 2947 1016 3004 dederit
1050 2948 1134 3002 vel
1165 2947 1466 3016 acceperit,
1503 2961 1533 3001 a
1567 2945 1880 3006 sacerdotio
1906 2945 2136 3014 decidit.

554 3041 842 3096 Fortassis
885 3050 1068 3108 autem
1109 3039 1302 3094 dicunt
1347 3039 1542 3108 aliqui,
1589 3037 1719 3106 quia
1756 3037 2137 3107 paenitentiam

557 3132 772 3202 agimus
801 3144 905 3200 pro
947 3135 1201 3198 peccato,
1251 3137 1305 3182 et
1341 3127 1483 3182 Deus
1512 3127 1749 3196 ignoscit
1779 3127 1934 3181 illud.
1968 3127 2050 3181 Ita
2083 3134 2138 3182 et
2165 3164 2207 3221 ο

557 3237 662 3292 ego
691 3221 836 3287 dico,
866 3219 998 3290 quia
1028 3227 1081 3274 et
1105 3233 1299 3274 omnes
1331 3225 1558 3286 agentes
1589 3217 1964 3286 pmnitentiam
1994 3216 2136 3274 Deus

558 3311 815 3384 suscipit,
843 3321 898 3368 et
927 3310 1174 3381 indulget
1211 3325 1307 3380 per
1341 3309 1723 3379 paenitentiam
1754 3317 1978 3378 peccata
2015 3325 2136 3377 quae

552 3402 667 3472 jam
703 3409 924 3474 patrata
976 3407 1126 3456 sunt.
1175 3397 1313 3454 Novi
1353 3397 1503 3454 enim
1556 3405 1612 3454 et
1648 3396 1816 3453 David
1869 3397 2136 3455 adulterio

555 3497 884 3565 depreSsum
928 3501 984 3549 et
1029 3491 1353 3556 homicidio,
1400 3491 1497 3547 sed
1535 3500 1658 3546 acta
1691 3491 2026 3562 pmnitentia
2050 3507 2137 3547 rc-

558 3595 804 3659 ceptum.
851 3595 908 3642 et
935 3584 1142 3655 divino
1181 3583 1500 3640 testimonio
1533 3582 1897 3654 approbatum
1931 3601 1944 3637 :
1994 3603 2013 3636 ι
2047 3582 2137 3638 ln-

555 3677 681 3734 veni
715 3675 909 3744 David,
946 3675 1150 3746 inquit,
1193 3673 1370 3728 ﬁlium
1399 3671 1574 3738 Iesse,
1607 3672 1786 3727 virum
1831 3671 2135 3728 secundum

555 3785 652 3824 cor
689 3784 898 3833 mcum,
935 3769 1030 3838 qui
1064 3765 1232 3822 faciet
1255 3779 1450 3820 omnes
1476 3765 1788 3820 voluntates
1815 3781 1966 3820 meas
1987 3765 2066 3830 5‘;
2109 3783 2128 3816 ι

553 3871 607 3915 ct
643 3869 833 3915 sancta
867 3857 1034 3913 David
1063 3857 1382 3928 prOphetice
1417 3856 1796 3911 testimonium
1829 3855 2086 3910 habentia
2117 3873 2131 3909 :

554 3951 907 4021 perspicuum
954 3965 1084 4020 ergo
1128 3957 1215 4004 est
1269 3965 1369 4020 per
1397 3951 1774 4020 paenitentiam
1804 3964 1928 4004 eum
1967 3949 2135 4004 fuisse

553 4050 867 4095 correctum
919 4038 1040 4112 [σν.
1087 4055 1273 4112 persp.
1308 4040 1398 4094 ubi
1451 4040 1498 4095 is
1545 4039 1806 4110 pmniten.
1856 4050 2134 4096 correctus

552 4133 679 4206 est].
714 4126 820 4187 Sed
849 4134 1052 4186 iterum
1091 4131 1217 4186 novi
1248 4131 1470 4186 audisse
1509 4131 1662 4184 illum
1691 4147 1720 4185 a
1759 4129 1873 4186 Deo
1906 4149 1918 4186 :
1959 4149 1978 4183 ι
2011 4129 2132 4186 Νοη

555 4236 610 4280 ιιι
656 4223 956 4280 ωιιὶίὶριιιήε
1007 4225 1141 4278 mihi
1188 4225 1452 4290 domum,
1496 4223 1623 4293 quia
1667 4223 1748 4276 vir
1795 4223 2130 4293 sanguinum

549 4334 608 4371 es
631 4317 698 4370 ⁵⁸.
743 4335 762 4368 ι
804 4315 940 4370 Νονί
991 4314 1302 4370 Manassem
1335 4329 1434 4384 per
1477 4311 1884 4368 confessionem
1926 4315 1998 4370 ab
2025 4315 2130 4368 im-

550 4413 756 4479 pietate
784 4408 1098 4463 dimissum.
1137 4408 1272 4463 Novi
1297 4417 1354 4462 et
1377 4408 1696 4462 meretrices
1725 4417 1778 4462 et
1803 4407 2128 4477 publicanos

2233 1921 2342 1965 ⁸που
2378 1912 2624 1984 μωραίνῃ
2647 1913 2746 1982 τὴν
2769 1913 3033 1978 διάνοιαν,
3055 1913 3150 1966 καὶ
3173 1913 3388 1978 παίζειν
3415 1914 3582 1986 ἐθέλῃ
3595 1917 3666 1969 τὰ
3686 1915 3822 1984 θεῖα;

2241 2005 2380 2075 Ἤδη
2426 2005 2534 2076 γὰρ
2589 2004 3017 2074 τεθεμελίωνται
3055 2004 3126 2058 τὰ
3171 2006 3450 2079 μαρτύρια
3507 2005 3614 2060 τοῦ
3666 2007 3822 2076 Θεοῦ,

2237 2096 2333 2150 καὶ
2385 2094 2736 2166 ἐρριζωμένοι
2789 2095 2929 2148 εἰσὶν
2961 2096 3020 2147 ἐν
3047 2097 3114 2166 τῇ
3153 2094 3450 2169 Ἐκκλησία
3481 2097 3678 2164 αὐτοῦ,
3724 2099 3824 2153 κᾶν

2237 2187 2594 2258 προσκαίρως
2627 2187 2771 2251 τινὲς
2804 2173 3163 2251 ἀπειθοῦντες
3185 2188 3245 2240 οὐ
3281 2189 3636 2258 φυλάττωσιν
3667 2191 3820 2246 αὑτά.

2244 2281 2468 2335 Ἐκεῖνα
2493 2274 2588 2334 οῦν
2610 2281 2690 2344 εἰς
2724 2279 2818 2334 τὸν
2857 2279 3028 2334 αἰῶνα
3069 2265 3312 2351 μενοῦσι,
3343 2281 3438 2334 καὶ
3481 2281 3748 2354 μακάριοι
3775 2285 3820 2338 oi

2238 2369 2637 2442 ἐξερευνῶντες
2663 2369 2824 2438 αὐτὰ,
2845 2369 2944 2442 καὶ
2968 2369 3182 2436 τούτοις
3210 2369 3558 2443 πειθόμενοι·
3583 2375 3678 2427 καὶ
3708 2373 3822 2426 οὐαὶ

2237 2461 2548 2518 ἀπειθοῦσι.

2311 2774 2428 2857 Πξς
2488 2771 2582 2830 οὖν
2643 2777 2972 2845 ἐπίσκοπος,
3006 2779 3040 2850 ἢ
3077 2766 3470 2854 πρεσϐύτερος,
3500 2783 3536 2853 ἢ
3587 2782 3818 2847 διάκονος

2238 2865 2518 2936 ἐλεγχθεὶς
2570 2869 2665 2922 ἐπὶ
2727 2871 2978 2941 χρήμασι
3019 2871 3122 2943 τὴν
3156 2874 3497 2946 χειροτονίαν
3543 2877 3579 2948 ἢ
3628 2878 3748 2940 δοὺς
3785 2877 3816 2947 ἢ

2252 2957 2438 3010 λαϐὼν
2471 2999 2486 3024 ,
2549 2959 2651 3030 τῆς
2706 2961 3008 3034 ἱερωσύνης
3066 2965 3342 3021 ἐκπίπτει.
3404 2971 3577 3032 Ἴσως
3634 2971 3689 3024 δέ
3739 2988 3815 3022 τι-

2239 3065 2329 3112 νες
2363 3049 2640 3118 λέγουσιν,
2671 3053 2753 3106 ὅτι
2782 3055 3174 3127 Μετανοοῦμεν
3202 3059 3344 3130 ὑπὲρ
3388 3061 3492 3131 τῆς
3527 3062 3811 3134 ἁμαρτίας,

2239 3139 2334 3192 καὶ
2367 3139 2552 3203 ὁΘεὺς
2609 3145 2886 3212 συγχωρεῖ
2935 3143 3128 3216 αὐτήν.
3186 3146 3298 3200 Nat
3347 3149 3445 3202 καὶ
3495 3151 3613 3220 ἐγὼ
3659 3151 3810 3219 λέγω,

2239 3228 2320 3282 ὃτι
2352 3231 2532 3284 πᾶσαν
2573 3233 2916 3301 μετάνοιανό
2940 3237 3074 3300 Θεὸς
3116 3238 3502 3310 προσδέχεται,
3545 3243 3642 3296 καὶ
3692 3258 3812 3310 συγ⁴

2237 3324 2410 3406 χωρεῖ
2441 3324 2526 3378 διὰ
2563 3326 2859 3392 μετανοίας
2887 3329 2956 3381 τὰ
2985 3331 3362 3400 προγεγονότα
3416 3333 3807 3406 ἁμαρτήματα.

2235 3405 2366 3464 Οἶδα
2404 3412 2513 3481 γὰρ
2561 3415 2656 3466 καὶ
2699 3414 2870 3470 Δαὸὶδ
2925 3419 3146 3490 μοιχείᾳ
3195 3405 3555 3492 συσχεθέντα
3585 3405 3675 3478 καὶ
3719 3428 3808 3493 φάο

2235 3517 2331 3572 νῳ.
2365 3501 2503 3556 ἀλλὰ
2567 3506 3002 3576 μετανοήσαντα,
3055 3509 3316 3580 δεχθὲντα
3376 3513 3470 3566 καὶ
3538 3532 3806 3586 μαρτυρη-

2236 3593 2437 3649 θένταο
2479 3589 2693 3666 «Εὗρον
2729 3599 2896 3654 Δαϐὶδ
2941 3601 3036 3664 τὸν
3091 3601 3188 3656 τοῦ
3231 3603 3398 3659 Ἰεσαὶ
3443 3606 3620 3679 ἄνδρα
3677 3608 3804 3662 κατά

2233 3685 2332 3757 τὴν
2382 3687 2610 3756 καρδίαν
2661 3707 2785 3758 μου,
2815 3691 2874 3754 ὃς
2925 3694 3146 3765 ποιήσει
3203 3695 3388 3750 πάντα
3423 3698 3497 3752 τὰ
3541 3699 3804 3770 θελήματά

2239 3793 2364 3848 μοι.)⁹
2382 3796 2400 3829 ι
2433 3779 2528 3832 καὶ
2557 3779 2626 3832 τὰ
2643 3780 2768 3835 ὅσια
2789 3782 2958 3836 Δαϐὶδ
2977 3787 3334 3858 προφητικῶς
3363 3792 3795 3863 μαρτυρούμενα,

2235 3867 2459 3940 εὔδηλον
2483 3872 2572 3926 διὰ
2604 3875 2894 3942 μετανοίας
2917 3877 3113 3931 τούτου
3153 3879 3620 3952 διορθωσαμένου.
3654 3882 3796 3936 Ἀλλὰ

2235 3959 2396 4014 πάλιν
2417 3956 2535 4014 οἶδα
2573 3962 2889 4020 ἀκούσαντα
2911 3967 3076 4023 αὐτὸν
3123 3971 3275 4041 παρὰ
3323 3971 3420 4026 τοῦ
3468 3975 3646 4042 Θεοῦ·
3685 3993 3704 4026 ι
3727 3973 3793 4026 05

2235 4050 2302 4104 σὺ
2336 4051 2720 4124 οίκοδομήσεις
2752 4073 2845 4126 μοι
2891 4053 3064 4126 οἶκον,
3087 4060 3170 4114 ὅτι
3225 4061 3366 4136 ἀνὴρ
3406 4067 3654 4137 αἱμάτων
3687 4061 3786 4118 εἴ.»

2189 4180 2201 4193 .
2234 4139 2366 4199 Οἶδα
2412 4146 2718 4218 Μανασσῆν
2771 4149 2838 4202 δι’
2891 4150 3299 4226 ἐξαγορεύσεως
3373 4159 3646 4226 ἀφεθέντα
3701 4159 3790 4227 τῆς

2231 4237 2505 4302 ἀσεϐείας,
2531 4234 2664 4307 Οἶδα
2681 4241 2776 4294 καὶ
2801 4243 3005 4313 πόρνας
3025 4245 3124 4298 καὶ
3139 4247 3384 4313 τελώνας
3405 4251 3688 4322 δεχθέντας
3708 4249 3788 4303 διὰ

2233 4327 2542 4396 μετανοίας,
2569 4329 2692 4383 οὐδέ
2719 4347 2842 4385 τινα
2873 4333 2932 4386 δέ
2959 4335 3168 4390 τούτων
3204 4339 3286 4401 είς
3333 4341 3634 4414 ἱερωσύνην
3675 4342 3784 4412 ἀρι-

2231 4415 2532 4488 θμηθέντα,
2577 4421 2628 4472 εί
2677 4421 2753 4491 μή
2803 4437 2905 4474 που
2941 4423 3048 4495 πρὸ
3105 4425 3200 4480 τοῦ
3233 4425 3609 4501 βαπτίσματος
3646 4430 3782 4483 τοῦτο

552 4513 804 4572 receptos
853 4517 950 4570 per
983 4500 1361 4570 paenitentiam
1403 4517 1418 4554 :
1465 4515 1654 4554 verum
1700 4499 1911 4554 nullum
1941 4516 2006 4554 ex
2041 4501 2127 4556 his

2234 4508 2534 4599 πέπρακεν.
2593 4507 2726 4565 Οἶδά
2781 4529 2933 4578 τινας
2985 4518 3279 4599 μοναχοὺς,
3331 4499 3450 4574 ὅτε
3479 4525 3580 4594 μὲν
3627 4525 3678 4575 ἐν
3713 4517 3780 4588 τῷ

549 4613 603 4648 ιιι
645 4593 938 4650 sacerdotii
987 4593 1257 4664 dignitate
1301 4600 1689 4658 numeratum;
1740 4593 1848 4647 nisi
1897 4591 2036 4648 forte
2070 4592 2125 4647 id

547 4695 677 4741 ante
716 4685 990 4755 baptisma
1027 4667 1390 4740 commiserit.
1420 4683 1560 4740 Novi
1603 4693 1658 4739 et
1691 4685 1992 4741 monachos
2021 4685 2124 4739 ali-

547 4790 712 4849 quot,
749 4793 874 4834 cum
913 4779 968 4834 in
1002 4777 1210 4833 mundo
1239 4785 1428 4832 essent
1451 4813 1468 4838 ,
1555 4777 1705 4832 omni
1738 4776 1962 4832 libidine
1991 4792 2125 4832 con.

546 4880 876 4940 spurcatos;
919 4885 1043 4926 cum
1071 4877 1253 4924 autem
1279 4869 1528 4925 solitarie
1559 4869 1826 4937 viverent,
1864 4878 2124 4938 tanquam

547 4965 700 5018 faces
735 4963 789 5017 in
826 4962 960 5017 orbe
993 4961 1404 5032 resplenduisse
1433 4980 1446 5016 :
1481 4961 1694 5016 nullum
1731 4972 1912 5016 tamen
1939 4976 2008 5016 ex
2042 4961 2125 5016 his

547 5059 604 5110 in
657 5055 1002 5110 sacerdotem
1059 5053 1464 5110 ordinatum".
1521 5052 1678 5120 Quod
1730 5053 1778 5110 si
1838 5061 2021 5108 autem
2069 5052 2122 5106 id

545 5149 718 5204 semel
749 5160 914 5218 atque
961 5149 1160 5204 iterum
1206 5147 1415 5202 factum
1459 5157 1563 5212 est,
1611 5161 1720 5200 non
1770 5153 1949 5200 tamen
1985 5159 2124 5199 con-

551 5243 734 5298 l'cstim
770 5240 944 5310 legem
995 5241 1050 5294 in
1081 5240 1328 5295 Ecclesia
1369 5237 1698 5308 prascribit.
1747 5236 1966 5293 Scimus
1996 5253 2126 5293 san-

551 5344 694 5390 ctam
731 5330 982 5406 [almam]
1029 5330 1258 5386 Mariam
1291 5329 1718 5403 [Egyptiacam]
1764 5330 1919 5402 prius
1949 5345 2127 5386 mere-

551 5427 744 5482 tricem
780 5416 973 5490 fuisse,
1013 5431 1204 5493 postea
1231 5421 1435 5478 factam
1463 5424 1834 5479 continentem
1865 5421 2128 5495 [fornica~

552 5519 714 5586 riam,
754 5532 950 5573 rursus
989 5524 1172 5572 autem
1209 5515 1493 5588 pudicam]
1533 5534 1548 5572 :
1585 5531 1696 5572 non
1748 5526 1930 5573 tamen
1981 5517 2122 5572 inter

613 5656 660 5690 ⁵³
692 5655 852 5712 Deut.
875 5671 952 5720 ιν,
978 5657 1048 5723 2;
1075 5671 1170 5723 ιιι,
1195 5655 1286 5712 52.
1361 5653 1409 5690 ⁸⁵
1432 5653 1576 5712 Psal.
1599 5670 1870 5722 cxxxvm,
1897 5655 2022 5712 l52.
2059 5655 2120 5689 ³⁸·

2234 5656 2280 5712 ιι,
2307 5671 2499 5722 vaul,
2522 5657 2614 5712 21.

2233 4597 2424 4670 κόσμῳ
2495 4595 2659 4670 ἦσαν,
2718 4603 2950 4676 πορνείᾳ
3009 4595 3372 4678 συσχεθέντας
3403 4627 3418 4642 ο
3473 4615 3779 4683 μονάσαντας

2227 4687 2303 4751 δὲ,
2343 4689 2418 4752 ὡς
2442 4691 2737 4762 φωστῆρας
2763 4695 2822 4748 ἐν
2846 4694 2925 4766 τῷ
2965 4698 3156 4770 κόσμῳ
3208 4701 3528 4772 λάμψαντας
3571 4705 3652 4758 διὰ
3694 4701 3776 4752 τοῦ

2227 4779 2530 4852 ἁσκητικοῦ
2565 4781 2684 4851 βίον
2719 4800 2733 4813 ·
2763 4785 2955 4840 οὐδένα
2987 4789 3045 4842 δὲ
3069 4792 3150 4854 είς
3179 4793 3482 4865 ἱερωσύνην
3514 4794 3770 4850 ἐπισάντα-

2227 4869 2294 4924 Εἰ
2328 4870 2386 4924 δὲ
2437 4872 2532 4925 καὶ
2595 4874 2824 4930 σπάνιον
2879 4877 3127 4947 γέγονεν,
3159 4883 3436 4956 οὐνόμος
3477 4883 3772 4955 Ἐκκλησίας

2227 4963 2405 5018 τοῦτο.
2437 4967 2550 5036 Τὴν
2608 4967 2762 5021 ὁσίαν
2798 4969 3020 5039 Μαρίαν
3059 4973 3268 5045 πόρνην
3288 4977 3350 5030 τὸ
3397 4979 3650 5050 πρότερον
3699 4975 3768 5026 ἴση

2226 5073 2372 5127 μεν.·
2403 5053 2570 5122 Αὖθις
2617 5057 2675 5112 δὲ
2731 5058 3006 5130 σώφρονα,
3040 5064 3102 5117 οὐ
3161 5067 3270 5138 μὴν
3303 5068 3360 5124 δὲ
3407 5073 3486 5136 είς
3529 5070 3622 5134 τὰς
3667 5066 3767 5120 δια-

2223 5150 2416 5212 κόνους
2439 5149 2862 5220 καταλεγεῖσαν,
2888 5154 3052 5223 ἁγίαν
3070 5156 3128 5210 δὲ
3159 5161 3254 5212 καὶ
3286 5153 3623 5236 ἐξηρημένην
3654 5173 3767 5211 παν·

2223 5237 2314 5303 τὸς
2339 5239 2578 5311 πονηροῦ
2637 5243 2982 5314 πράγματος.
3051 5248 3162 5303 Καὶ
3188 5251 3242 5304 τί
3267 5253 3442 5309 ταῦτα
3483 5254 3636 5322 λέγω,
3684 5247 3764 5300 τὸν

2225 5329 2404 5400 ἀληθῆ
2455 5331 2614 5400 λόγον
2657 5335 3027 5405 ἐπιστάμενος
3055 5355 3070 5404 ;
3103 5341 3254 5411 παρά
3299 5342 3408 5397 τῶν
3470 5344 3616 5399 θείων
3641 5342 3759 5393 ἁπο-

2230 5423 2432 5476 στόλων
2461 5424 2714 5496 μυηθεὶς,
2738 5428 2834 5482 καὶ
2861 5430 3014 5502 παρὰ
3042 5432 3153 5486 τῶν
3185 5435 3375 5501 αὐτοῖς
3395 5429 3760 5502 ἀκολούθησα-ιο

2227 5531 2336 5570 των
2367 5515 2536 5584 ἁγίων
2568 5516 2828 5590 Πατέρων
2845 5521 3027 5592 ἡμῶν,
3054 5528 3613 5601 πεπαρῤησιασμένως
3637 5517 3753 5593 βοῶ·

2725 5660 2841 5734 ﬂ."
2869 5660 3006 5734 Βεεο
3034 5681 3146 5732 XVI.
3175 5667 3228 5722 8.
3343 5671 3388 5703 ³⁷
3415 5635 3754 5726 Fornieationo

545 5726 816 5796 detentos,
865 5726 1091 5784 effectos
1119 5736 1303 5785 autem
1324 5727 1630 5784 monachos
1686 5729 1834 5784 sicut
1883 5727 2178 5782 luminaria
2212 5727 2266 5782 in
2309 5729 2512 5786 mundo
2553 5743 2651 5800 per
2678 5726 2980 5790 studiosam
3008 5726 3173 5793 vitam
3201 5739 3466 5800 lucentes.
