4090 6286
343 330 479 396 1457

1769 331 2182 392 EPISTOLzE.

3463 315 3524 382 Π
3531 317 3598 381 ίιδ

340 444 464 498 Ὀτι
513 445 540 496 ὁ
601 441 694 497 ἐπὶ
758 443 1006 514 χρήμασι
1049 439 1452 512 χειροτονηθεὶς
1502 441 1824 509 ἐπίσκοπος,
1881 441 1915 511 ἧ

2051 441 2288 500 Γῐιιροιιεε
2321 443 2491 500 relata
2523 446 2629 495 est.
2653 435 2935 504 Quorsum
2968 445 3100 486 vero
3123 427 3252 483 haec
3279 425 3440 482 ditio?
3473 442 3598 484 cum

341 531 739 602 πρεσϐύτερος,
770 531 804 600 ἢ
834 529 1103 593 διάκονος,
1170 527 1454 599 ἀλλότριός
1485 531 1600 582 ἐστι
1634 530 1730 600 τῆς
1753 531 1914 602 ἱερω-

2017 537 2268 593 veritatis
2323 545 2641 592 sermonem
2695 539 3030 598 cognoscam
3051 523 3122 588 ⁸⁸,
3167 531 3222 577 et
3269 534 3394 575 eum
3443 518 3601 588 quia

342 621 529 690 σύνης.
561 621 696 674 Οὐδὲ
724 619 834 692 γὰρ
855 622 888 692 ή
913 621 1009 674 τοῦ
1061 620 1205 674 θείου
1265 621 1586 691 Πνεύματος
1637 622 1798 692 χάρις
1828 641 1916 676 πι⁴

2061 631 2220 684 iviuis
2251 625 2522 699 apostolis
2552 621 2806 677 initiatus
2833 625 2937 683 est,
2977 615 3242 671 audacter
3273 611 3602 668 clamantem

341 713 672 784 πρὰσκεται.
727 712 1078 782 Καῖαφαῖκὸν
1098 715 1158 765 τὺ
1173 712 1424 784 ὲπιτήδευ
1433 728 1530 781 μα,
1575 713 1920 782 Σιμωνιακὸν

341 805 404 857 τὸ
433 804 759 874 ἐγχείρημα,
819 803 1099 876 ἀλλότριον
1131 804 1232 872 τῆς
1287 803 1569 874 ἱερατικῆς
1617 803 1920 871 ἁγιστείας.

343 895 458 948 Καὶ
510 895 603 946 ἐπὶ
653 895 884 966 πορνείᾳ
916 895 967 947 εἱ
1019 894 1200 964 ληφθῇ
1259 893 1393 946 ποτέ
1449 911 1536 956 τις
1582 893 1720 964 μετά
1741 894 1802 946 τὸ
1825 892 1924 963 βά-

346 1001 579 1055 πτισμα,
618 987 695 1050 είς
750 985 1050 1057 ἱερωσύνην
1079 985 1141 1038 οὐ
1197 983 1535 1056 προσεδέχθη
1564 999 1577 1014 ·
1627 983 1764 1038 θεῖοι
1827 1001 1926 1039 κα-

346 1077 497 1140 νόνες
519 1075 678 1130 τοῦτο
711 1077 1142 1147 διαγορεύουσιν.
1183 1075 1326 1130 Ἀλλ’
1348 1077 1397 1129 εἰ
1435 1077 1530 1130 καί
1573 1094 1659 1140 τις
1694 1077 1926 1148 εἰσήχθη

348 1169 430 1230 είς
495 1168 596 1238 τὴν
659 1169 962 1238 ἱερωσύνην
1015 1167 1259 1221 τοιοῦτόν
1287 1185 1340 1221 τι
1383 1167 1618 1240 πράξας,
1660 1167 1930 1236 γνωσθεὶς

349 1256 644 1339 ἐξεϐλήθη..
669 1259 857 1314 Πάντα
880 1259 937 1311 δὲ
961 1259 1130 1330 ἄνδρα
1152 1262 1218 1332 τῇ
1275 1260 1534 1332 μετανοίᾳ
1583 1277 1929 1332 προσκαρτε-

355 1346 552 1418 ροῦντα
595 1347 688 1400 ἐπί
741 1349 1127 1421 ἁμαρτήμασι,
1185 1349 1284 1422 τὴν
1319 1349 1637 1420 ἅγαθότητα
1662 1351 1756 1403 καὶ
1803 1350 1932 1418 φιλο

354 1437 667 1508 ανθρωπίαν
693 1439 786 1493 τοῦ
817 1439 950 1494 Θεοῦ
977 1439 1282 1510 γινώσκων,
1319 1437 1436 1495 οῖδα
1465 1440 1798 1513 λυτροῦσθαι
1833 1444 1935 1514 τῆς

353 1531 654 1616 ἁμαρτίας,
685 1530 866 1596 καθὼς
901 1533 997 1586 ml.
1029 1532 1287 1604 ἀνωτέρω
1315 1531 1763 1604 ἀποδεδώκαμεν.
1823 1533 1936 1587 Καὶ

356 1623 740 1694 ἀναθεματίζω
784 1626 1036 1680 Ναυάτον
1064 1627 1158 1680 καὶ
1207 1627 1334 1690 τούς
1359 1625 1554 1680 τούτου
1583 1626 1681 1698 τὴν
1702 1625 1939 1696 δυσσεὸἧ

361 1715 572 1785 αἵρεσιν
619 1717 1058 1787 ὲπισπωμένους,
1094 1718 1171 1782 ὡς
1227 1717 1556 1783 ἀθετοῦντας
1613 1719 1716 1790 τὴν
1772 1719 1937 1789 μετά⁴

360 1823 531 1872 νοιαν,
560 1807 656 1860 καὶ
685 1807 785 1878 τὴν
807 1808 1328 1879 φιλανθρωπίαντοῦ
1360 1809 1498 1864 Θεοῦ
1533 1809 1609 1882 μὴ
1641 1811 1943 1884 προσιεμέα

359 1916 504 1964 νους.
541 1899 814 1964 Ὡσαύτως
835 1900 893 1954 δὲ
922 1901 1018 1956 καὶ
1039 1901 1132 1956 τδν
1157 1902 1253 1956 ἐπὶ
1313 1905 1565 1975 χρήμασι
1617 1921 1940 1976 χειροτονη-

361 1995 521 2049 θέντα
545 1993 846 2049 ἐπίσκοπον
871 1995 1232 2066 μετανοοῦντα
1248 1997 1498 2069 ὁμολογῶ
1514 1999 1939 2071 προσδέχεσθαι·

361 2085 568 2154 ἀγαθὸς
622 2086 731 2156 γὰρ
777 2087 806 2140 ὁ
857 2085 990 2150 Θεὸς
1052 2087 1157 2168 ἐπὶ.
1205 2089 1408 2152 πᾶσιν
1457 2089 1552 2143 καὶ
1611 2090 1941 2163 ἀνεῳγμένα

361 2179 432 2233 τὰ
477 2177 758 2248 σπλάγχνα
819 2177 984 2244 αὐτοῦ
1047 2179 1141 2232 ἐπὶ
1219 2178 1386 2232 παντὶ
1435 2179 1715 2252 ἀνθρώπῳ
1773 2199 1944 2258 μεταο

363 2270 574 2325 νοοῦντι
601 2287 616 2302 ·
647 2270 742 2324 καὶ
775 2271 857 2332 είς
883 2269 982 2340 τὴν
1033 2269 1314 2340 βασιλείαν
1369 2271 1537 2326 αὐτοῦ
1593 2272 1786 2326 τοῦτον
1827 2276 1944 2328 cia-

365 2365 511 2432 άγει.
557 2361 696 2416 Ἀλλ’
721 2363 844 2415 ἐπεὶ
872 2361 1015 2416 κατά
1061 2363 1154 2416 τδν
1185 2362 1512 2417 Ἀπόστολον
1545 2365 1725 2435 ἱερεὺς
1753 2365 1946 2420 ἀνεπί-

365 2454 570 2525 ληπτος
616 2453 833 2522 ὀφείλει,
865 2447 1028 2524 εἶναι,
1063 2455 1090 2507 ὁ
1120 2452 1212 2506 ἐπὶ
1265 2455 1516 2525 χρήμασι
1561 2458 1948 2528 χειροτονήσας

363 2544 570 2616 τινά,ἢ
636 2545 1038 2617 χειροτονηθεὶς
1084 2545 1174 2600 ἐπ’
1214 2538 1420 2610 αὐτοῖς,
1461 2548 1742 2620 ἀλλότριός
1795 2551 1948 2604 ἐστιν

369 2635 692 2709 ἱερωσύνης,
747 2637 822 2700 ὡς
877 2637 1078 2702 πάντες
1115 2637 1340 2708 οἴδαμεν
1368 2639 1435 2691 οἱ
1475 2641 1576 2710 τῆς
1613 2638 1949 2710 Ἐκκλησίας

368 2729 648 2799 τρόφιμοι,
677 2730 742 2782 ἐκ
772 2730 1076 2784 κανονικῶν
1133 2729 1480 2801 μαθημάτων
1536 2731 1948 2796 παιδευθέντες.

369 2821 583 2876 Οὐκοῦν
615 2821 757 2892 καλὴ
793 2822 890 2875 καὶ
923 2821 1103 2892 ἀγαθὴ
1131 2823 1164 2888 ἡ
1201 2821 1488 2892 μετάνοια,
1511 2821 1610 2875 καὶ
1641 2823 1780 2894 πρὸς
1809 2823 1948 2879 Θεὸν

369 2906 704 2983 saxeum
731 2913 840 2967 τῶν
891 2913 1310 2984 ἁμαρτημάτων
1358 2913 1680 2984 λυτροῦται.
1732 2915 1950 2980 Καύτὸς

370 3005 480 3076 γὰρ
507 3003 828 3077 ὲγὼ⁴χρῄζω
850 3005 1060 3069 ἐλέους·
1087 3001 1206 3059 οἶδα
1235 3004 1346 3078 γὰρ
1397 3005 1498 3076 τὴν
1525 3006 1622 3060 τοῦ
1655 3005 1794 3060 Θεοῦ
1825 3008 1952 3076 φιλ-

2024 720 2078 794 [a
2132 698 2337 776 divinis
2393 712 2766 787 apostolis‘et
2816 707 3024 765 sanctis
3077 702 3337 759 Patribus
3403 698 3606 754 nostris

2025 793 2252 867 edoctus
2279 808 2542 864 audacter
2587 800 2778 874 clam.]
2811 799 3027 855 videam
3055 817 3068 852 :
3099 795 3258 862 Quod
3281 793 3609 864 quicunque

2027 918 2123 974 per
2157 895 2765 972 pecuniam'ordinatus
2795 901 2882 948 est
2902 891 3223 963 episcopus,
3255 896 3350 943 aut
3376 885 3607 956 presby-

2033 1005 2141 1060 ter,
2175 1003 2276 1049 aut
2315 993 2604 1055 diaconus,
2633 987 2871 1042 'alienus
2895 993 2980 1040 est
3008 999 3037 1039 a
3069 979 3397 1038 sacerdotali
3429 978 3609 1048 digni:-

2030 1095 2140 1142 tate
2181 1105 2196 1140 :
2247 1101 2360 1140 non
2404 1085 2553 1138 enim
2599 1080 2772 1137 divini
2817 1077 3060 1148 Spiritus
3110 1075 3284 1146 gratia
3336 1062 3610 1126 venditur.

2031 1176 2390 1248 Caiphaicum
2433 1175 2540 1229 hoc
2573 1171 2818 1230 studium
2850 1177 2956 1234 est,
2997 1165 3312 1224 Simoniaca
3350 1163 3464 1216 haec
3497 1177 3615 1214 ma.

2033 1269 2302 1334 chinatio,
2350 1276 2408 1322 et
2433 1267 2616 1321 aliena
2657 1279 2688 1318 a
2719 1259 3046 1320 sacerdotali
3085 1253 3524 1314 sanctiﬁcatione
3543 1253 3610 1304 ⁸³.

2035 1357 2094 1414 In
2153 1355 2492 1414 scortatione
2558 1365 2660 1410 aut
2719 1350 2992 1408 adulterio
3055 1349 3102 1406 si
3165 1344 3436 1418 quispiam
3493 1353 3617 1412 post

2037 1449 2310 1520 baptisma
2343 1447 2510 1504 fuerit
2554 1445 2957 1516 deprehensus,
2989 1439 3160 1496 divini
3193 1452 3434 1493 canones
3463 1435 3614 1488 illum

2038 1541 2106 1596 ad
2155 1539 2532 1596 sacerdotium
2588 1553 2698 1593 non
2761 1535 3062 1593 admittunt
3109 1550 3122 1585 :
3174 1532 3308 1601 quin
3357 1529 3522 1584 etiam
3571 1529 3616 1582 si

2040 1633 2314 1703 quispiam
2345 1640 2638 1702 promotus
2672 1631 2742 1686 ad
2777 1623 3300 1696 sacerdotinm»[Gr.
3330 1637 3504 1692 prom.
3538 1628 3621 1673 est
3691 1677 3695 1681 _

2043 1725 2112 1780 ad
2145 1725 2520 1785 sacerdotium
2551 1723 2646 1792 qui
2677 1720 2836 1793 tale],
2870 1720 2979 1774 tale
3017 1716 3223 1788 aliquid
3259 1710 3466 1775 fecerit,
3497 1726 3623 1774 con-

2043 1818 2228 1874 festim
2271 1817 2518 1888 ejicitur.
2561 1814 2756 1870 Omnis
2799 1814 2970 1885 igitur
3013 1811 3098 1866 vir
3128 1809 3224 1881 qui
3255 1808 3308 1863 in
3350 1809 3624 1878 pceniteu-

2047 1911 2119 1966 tia
2141 1910 2424 1981 perdurat,
2461 1923 2559 1979 per
2594 1907 2894 1963 bonitatem
2923 1902 3484 1960 eLmansuetudincm
3527 1897 3623 1952 Dei

2043 2003 2262 2058 veniam
2301 2009 2658 2072 peccatorum
2709 2014 2940 2056 suorum
2997 1996 3211 2052 obtinet
3231 1995 3300 2060 ‘°,
3354 1991 3622 2062 quemad-

2049 2093 2276 2149 modum
2343 2091 2512 2148 etiam
2559 2093 2614 2146 in
2668 2089 3046 2160 superioribus
3103 2081 3624 2140 demonstravimus.
3683 2109 3687 2115 -

2047 2184 2314 2240 Novatum
2369 2195 2578 2248 autem,
2613 2191 2668 2238 et
2709 2181 2831 2253 ejus
2879 2181 3064 2251 impia:
3113 2175 3354 2234 haeresis
3390 2173 3628 2229 asseclas

2045 2275 2480 2338 ‘anathematizo,
2541 2281 2735 2344 utpote
2781 2273 2876 2344 qui
2943 2269 3181 2341 injurius
3241 2268 3312 2323 sit
3365 2267 3630 2321 adversus

2050 2366 2453 2436 paenitentiam,
2487 2374 2542 2422 et
2575 2364 3052 2420 mansuetudinem
3084 2361 3184 2416 Dei
3215 2359 3412 2416 elevet.
3448 2355 3632 2422 Quare

2049 2459 2170 2528 ejus
2242 2457 2523 2528 opinionis
2586 2471 2752 2520 sum,
2811 2462 2872 2509 ut
2931 2451 3198 2508 conﬁtear
3252 2447 3631 2518 recipiendum

2049 2551 2373 2620 episcopum
2419 2563 2518 2618 per
2557 2545 2824 2618 pecunias
2855 2545 3194 2606 ordinatum,
3247 2540 3412 2596 modo
3456 2537 3633 2610 poeni-

2051 2645 2205 2692 teat:
2236 2637 2414 2692 bonus
2447 2635 2594 2691 enim
2632 2635 2776 2690 Deus
2801 2641 2886 2690 est
2922 2633 2976 2687 in
3019 2631 3300 2694 omnibus,
3336 2639 3392 2684 et
3417 2629 3628 2683 viscera

2052 2730 2176 2801 ejus
2225 2737 2416 2800 aperta
2465 2736 2597 2784 sunt
2643 2742 2810 2798 super
2855 2740 3074 2782 omnem
3135 2722 3412 2778 hominem
3457 2719 3635 2790 pumi-

2054 2831 2280 2890 tentem,
2313 2837 2478 2893 quem
2508 2823 2674 2878 etiam
2719 2821 2775 2875 in
2804 2834 3035 2892 regnum
3063 2833 3225 2875 suum
3255 2814 3506 2870 inducit-
3530 2811 3636 2867 Sed
3734 2797 3740 2802 ’

2051 2915 2514 2987 quoniam,juxta
2567 2912 2815 2968 divinum
2869 2910 3192 2980 Apostolum
3216 2909 3282 2974 “,
3345 2906 3640 2977 episcopus

2053 3007 2406 3078 inculpabilis
2457 3001 3042 3078 [irreprehensibilis]
3100 3015 3224 3056 esse
3267 2997 3494 3055 dcbet-:
3547 2995 3640 3065 qui

371 3095 710 3168 ανθρωπίαν,
733 3097 816 3151 ὅτι
850 3097 1030 3151 πάντα
1063 3098 1154 3150 τὸν
1182 3097 1628 3168 προσερχόμενον
1679 3099 1948 3170 ἀποδέχε-

2053 3108 2282 3170 propter
2306 3099 2572 3170 pecunias
2605 3097 2846 3168 aliquem
2884 3094 3126 3157 ordinat,
3163 3099 3260 3146 aut
3289 3091 3359 3144 ab
3391 3087 3516 3143 aliis
3551 3102 3642 3141 or-

373 3203 482 3240 ται.
514 3187 660 3254 Ἔφη
719 3186 829 3256 γὰρ
877 3185 965 3238 διὰ
1008 3185 1104 3240 τοῦ
1149 3186 1464 3257 προφήτου·
1511 3206 1528 3239 ι
1556 3188 1698 3259 Λέγε
1731 3189 1794 3242 σὺ
1849 3189 1949 3253 τάς

377 3276 648 3346 ἁμαρτίας
676 3292 767 3329 σου
795 3276 1032 3346 πρῶτος,
1059 3275 1146 3329 ἵνα
1175 3275 1537 3346 δικαιωθῇςπι
1571 3279 1700 3341 Καὶ,
1737 3296 1756 3330 ι
1783 3279 1948 3345 Εἰπα,

350 3367 722 3438 -ὲξαγορεύσω
763 3369 880 3422 κατ’
905 3367 1040 3438 ἐμοῦ
1069 3368 1166 3440 τὴν
1192 3369 1468 3441 ἁμαρτίαν
1499 3387 1604 3441 μου
1630 3371 1708 3442 τῷ
1735 3373 1950 3444 Κυρίῳ,

377 3461 472 3514 καὶ
491 3461 554 3514 σὺ
574 3461 798 3532 ἀφῆκας
820 3460 919 3532 τὴν
948 3461 1206 3516 ἀσέϐειαν
1225 3454 1326 3533 τῆς
1359 3462 1586 3532 καρδίας
1617 3479 1741 3533 μου.
1765 3482 1783 3512 ι
1818 3465 1952 3529 Καὶ,

385 3572 404 3604 ι
441 3553 612 3622 Ὑπὲρ
649 3551 854 3622 ταύτης
902 3553 1263 3623 προσεύξεται
1290 3553 1426 3624 πρὸς
1451 3553 1511 3606 σὲ
1539 3554 1648 3617 πᾶς
1699 3555 1844 3618 ὅσιος
1899 3556 1956 3607 ὲν

379 3644 558 3714 καιρῷ
607 3642 880 3713 εὐθέτῳ.»
928 3643 1040 3696 Καὶ
1071 3643 1162 3696 τὸν
1227 3642 1610 3713 πορνεύσαντα
1662 3645 1956 3716 Κορίνθιον

378 3732 498 3790 οῖδα
524 3735 922 3806 προσδεχθέντα
954 3735 1106 3806 παρὰ
1125 3735 1204 3808 τῷ
1247 3735 1377 3804 θείῳ
1403 3735 1688 3810 ἀποστόλῳ
1735 3737 1956 3810 Παύλῳ,

379 3827 441 3882 οὐ
477 3826 583 3899 μὴν
638 3825 696 3880 δὲ
729 3805 824 3891 είς
882 3805 1185 3899 ἱερωσύνην
1252 3805 1709 3884 ἀναϐιϐασθέντα.
1755 3831 1820 3884 Ei
1851 3805 1958 3903 γάρ

382 3919 572 3990 πατὴρ
597 3917 1052 3990 ἀποδημήσαντος
1079 3917 1218 3987 υἱοῦ,
1261 3919 1358 3972 καὶ
1409 3917 1603 3972 τοῦτον
1657 3919 1962 3991 ἀθετήσαν-

383 4027 497 4074 τος,
524 4005 678 4073 αὖθις
715 4009 774 4064 δὲ
806 4009 1271 4081 ὲπανερχομένου,
1329 4011 1818 4082 προσλαμϐάνεται
1874 4015 1964 4070 διὰ

384 4101 484 4171 τὴν
516 4099 750 4171 φυσικὴν
767 4100 1022 4170 στοργήν·
1053 4099 1202 4170 πόσῳ
1239 4098 1443 4170 μᾶλλον
1468 4099 1497 4152 ὁ
1526 4101 1710 4173 πατὴρ
1746 4104 1966 4160 πάντων

387 4193 422 4260 ἡ
433 4190 556 4260 μῶν.
573 4191 703 4254 Θεὸς
723 4193 900 4245 πάντα
924 4189 1292 4262 μετανοοῦντα
1339 4191 1436 4245 καὶ
1478 4192 1838 4263 προσδέχεται
1868 4195 1966 4248 καὶ

391 4282 842 4349 ἀγκαλίζεταιώς
874 4283 1258 4354 φιλάνθρωπος
1307 4301 1322 4348 ;
1385 4283 1446 4336 οὐ
1499 4285 1608 4356 γὰρ
1665 4285 1811 4340 θέλει
1878 4290 1969 4342 τὸν

2054 3194 2302 3258 dinatur,
2361 3190 2576 3265 alienus
2625 3197 2712 3245 est
2767 3204 2798 3244 a
2856 3183 3186 3243 sacerdotali
3230 3182 3520 3252 dignitate.
3583 3185 3645 3232 ut

2053 3301 2251 3342 omnes
2279 3284 2538 3340 novimus
2559 3283 2881 3354 quicunque
2903 3279 3166 3336 Ecclesia:
3189 3275 3398 3333 alumni
3425 3289 3641 3330 sumus.

2055 3376 2200 3447 Ergo
2231 3376 2377 3430 bona
2423 3384 2479 3430 et
2510 3375 2805 3430 laudabilis
2839 3373 3166 3444 poenitentia
3199 3386 3321 3442 qua:
3353 3369 3420 3424 ad
3471 3367 3643 3424 Deum

2055 3467 2227 3532 ducit,
2261 3473 2316 3520 et
2343 3480 2374 3519 a
2407 3464 2646 3532 peccatis
2693 3463 2915 3518 liberat.
2962 3463 3027 3516 Et
3073 3477 3175 3532 ego
3214 3475 3438 3532 quoque
3472 3459 3646 3515 mise-

2056 3559 2297 3616 ricordia
2325 3557 2548 3629 indigeo
2580 3573 2598 3612 :
2634 3555 2760 3611 novi
2805 3555 2952 3612 enim
3001 3553 3096 3608 Dei
3141 3552 3645 3629 mansuetudinem,

2058 3651 2153 3722 qui
2204 3662 2420 3704 omnem
2471 3647 2540 3703 ad
2585 3661 2644 3702 se
2674 3645 2984 3700 venientem
3035 3644 3254 3714 recipit.
3303 3642 3454 3698 Dixit
3501 3642 3647 3697 enim

2060 3759 2156 3814 per
2196 3741 2516 3812 prophetam
2551 3759 2564 3794 :
2611 3757 2629 3791 ι
2663 3737 2745 3793 Tu
2776 3737 2990 3808 primus
3029 3737 3116 3792 dic
3145 3745 3376 3807 peccata
3427 3743 3543 3797 tua,
3589 3743 3650 3787 ut

2058 3831 2380 3906 justillceris
2399 3832 2466 3886 θ’.
2506 3851 2525 3884 ι
2581 3831 2694 3886 Et:
2744 3849 2763 3882 ι
2797 3829 2916 3884 Dixi
2957 3848 2969 3884 :
3007 3829 3252 3898 Eloquar
3303 3826 3646 3897 iniquitatem

2055 3941 2244 3990 meam
2271 3938 2457 3980 coram
2509 3923 2766 3989 Domino,
2809 3929 2864 3976 et
2906 3927 2962 3974 tu
3008 3918 3272 3975 remisisti
3315 3917 3648 3988 impietatem

2066 4017 2249 4074 cordis
2276 4016 2470 4088 mei".
2510 4033 2530 4066 ι
2589 4014 2698 4069 Et:
2733 4032 2752 4065 ι
2788 4011 2900 4068 Pro
2950 4027 3014 4066 ea
3063 4009 3246 4065 orabit
3277 4009 3341 4062 ad
3392 4017 3442 4063 te
3472 4008 3651 4063 omnis

2067 4119 2295 4167 sanctus
2336 4109 2390 4164 in
2432 4119 2680 4179 tempore
2725 4117 3038 4178 opportuno
3061 4105 3128 4160 “.
3169 4123 3188 4158 ι
3231 4105 3362 4158 Nam
3398 4105 3444 4158 si
3477 4112 3650 4173 pater,
3691 4095 3694 4098 ί

2069 4203 2182 4259 tilio
2231 4216 2459 4272 peregre
2504 4201 2840 4265 exsistente,
2889 4207 2944 4254 et
2999 4213 3114 4264 rem
3167 4197 3332 4266 impie
3377 4203 3431 4251 et
3466 4195 3653 4265 inique.

2071 4301 2289 4364 agente,
2344 4289 2668 4344 redeuntem
2719 4287 2920 4342 iterum
2973 4286 3042 4340 ad
3081 4300 3143 4340 se
3181 4283 3422 4339 naturali
3465 4297 3654 4338 amore

389 4375 618 4426 θάνατον
663 4373 760 4426 τοῦ
809 4373 1154 4444 ἁμαρτωλοῦ,
1194 4373 1271 4437 ὡς
1293 4375 1354 4427 τὸ
1375 4375 1704 4446 ἐπιστρέψαι
1738 4379 1844 4440 ,καὶ
1869 4377 1950 4448 ζῇι

2070 4381 2424 4454 prosequitur
2455 4399 2468 4436 :
2505 4388 2716 4452 quanto
2745 4378 2922 4448 magis
2954 4377 3098 4433 Deus
3126 4377 3376 4432 omnium
3405 4385 3654 4430 nostrmu

387 4461 765 4517 αὐτόν.’Καθά
796 4463 892 4515 καὶ⁷
916 4463 1231 4532 ἠκούσαμεν
1259 4462 1320 4528 ἐξ
1343 4464 1514 4536 αὐτῆς
1543 4465 1642 4536 τῆς
1681 4469 1950 4538 Κυριακῆι

2075 4475 2264 4540 Pater,
2304 4487 2527 4530 omnem
2564 4473 2924 4542 paenitentem
2957 4469 3227 4540 suscipiet
3252 4469 3307 4524 in
3341 4467 3483 4522 ulnis
3517 4467 3652 4532 suis,

391 4553 577 4622 (μονῆς
625 4553 1008 4622 εὐαγγελικῶς
1056 4554 1378 4626 παραϐολὴν
1438 4556 1811 4628 διηγουμένης
1841 4578 1949 4632 περ

2073 4582 2199 4623 cum
2233 4565 2308 4620 sit
2353 4562 2710 4632 singulariter
2761 4560 3134 4617 misericors?
3171 4559 3292 4616 Non
3321 4560 3466 4614 enim
3510 4574 3658 4613 mor-

392 4646 485 4700 τοῦ
538 4643 766 4708 ἀσώτως
809 4645 900 4698 τὸν
951 4645 1066 4716 βίον
1089 4643 1378 4717 ζήσαντος,
1405 4648 1488 4702 ὅτι
1527 4653 1950 4724 μετανοήσαντα

2076 4669 2182 4715 tem
2217 4657 2354 4730 petit
2399 4653 2728 4726 peccatoris,
2767 4652 2864 4709 sed
2901 4653 3079 4724 magis
3121 4660 3194 4707 ut.
3222 4659 3575 4706 convertatur
3604 4659 3659 4702 et

393 4735 586 4806 αὐτοῦ,
654 4737 808 4808 παρὰ
851 4737 946 4790 τοῦ
963 4739 1029 4792 ,ὲν
1089 4739 1340 4810 οὐρανοῖς
1403 4742 1616 4813 Πατρὸς
1673 4745 1948 4819 ἀπεδέχθη

2075 4751 2222 4804 vivat
2242 4748 2306 4802 ⁸⁵.
2361 4743 2840 4815 Quemadmodum
2916 4741 3082 4797 etiam
3132 4741 3186 4794 in
3242 4737 3538 4809 Evangelio
3592 4738 3661 4791 ab

395 4837 593 4906 Xaipet
637 4833 746 4906 γὰρ
807 4833 900 4887 ἐπὶ
951 4833 1118 4886 παντὶ
1193 4833 1507 4906 ἁμαρτωλῷ
1593 4839 1970 4906 μετανοοῦντι.

397 4928 560 4994 Μέγα
617 4925 782 4980 ὅπλον
826 4925 1174 4997 ήμετάνοια,
1238 4927 1449 4997 μεγάλη
1501 4930 1777 5000 σωτηρίας
1829 4933 1969 4998 ὁδὸς,

399 5019 658 5090 πρόξενος
701 5015 950 5089 οὐρανῶν
996 5015 1296 5086 βασιλείας,
1335 5017 1620 5088 ἀφθάρτου
1685 5019 1834 5090 ζωῆς
1883 5022 1976 5075 ea-

399 5099 566 5180 ηγὸς,
599 5107 954 5182 μαρτυρικῶν
997 5107 1282 5178 ἀθλήσεων
1333 5109 1596 5182 πάρισος,
1658 5113 1795 5182 πρὸς
1845 5112 1979 5167 Θεὸν

399 5201 688 5270 ὁδηγοῦσα,
750 5202 848 5256 καὶ
880 5201 976 5255 σὺν
1003 5199 1122 5270 Θεῷ
1171 5196 1313 5254 εἶναι
1349 5200 1612 5264 ποιοῦσα,
1640 5201 1735 5256 τοῦ
1766 5203 1982 5275 ἀνθρω-

402 5292 558 5346 πίνου
587 5292 778 5362 γένους
825 5291 1120 5363 βακτηρία,
1159 5291 1466 5347 πιπτόντων
1509 5294 1823 5359 ἀνάστασις.
1856 5297 1978 5350 Μα-

513 5529 718 5603 Ῠξβιιιι.
747 5532 843 5603 βο.
910 5602 920 5603 7
956 5534 1000 5565 ”
1033 5533 1170 5588 (Jan.
1194 5544 1371 5603 apost.
1405 5535 1496 5590 56.
1611 5539 1655 5569 °°
1695 5537 1832 5592 Can.
1885 5539 1976 5592 25.

2077 4843 2196 4912 ipsa
2240 4838 2454 4896 Do'mini
2479 4852 2613 4892 voce
2633 4837 2680 4869 “
2721 4851 2820 4907 per
2858 4833 3178 4906 parabolam
3211 4833 3279 4890 de
3322 4831 3578 4902 prodigo.
3607 4839 3663 4884 et

2079 4942 2271 5004 postea
2301 4931 2625 5004 pceuitente,
2657 4929 2916 4984 instructi
2955 4941 3172 4990 sumus,
3205 4938 3236 4978 a
3262 4923 3424 4978 Patre
3454 4921 3661 4976 caelosti

2079 5033 2298 5094 recepto
2331 5025 2388 5079 in
2421 5013 2587 5080 coelis'
2615 5021 2696 5094 [in
2727 5021 2880 5077 coelis
2913 5017 3226 5090 redundat].
3271 5016 3486 5072 Gaudet
3513 5014 3660 5070 enim

2081 5133 2246 5187 super
2306 5131 2526 5172 omnem
2580 5114 2863 5168 hominem
2931 5121 3185 5182 agentem
3257 5107 3658 5180 paenitentiam.

2079 5206 2410 5263 Poenitentia
2429 5205 2660 5276 insignis
2682 5215 2766 5260 est
2790 5217 3092 5267 armatura,
3115 5217 3311 5270 magna
3333 5201 3528 5258 salutis
3555 5200 3658 5262 ria,

2081 5301 2304 5372 hospitii
2334 5301 2488 5373 regni
2515 5301 2787 5358 caelorum
2811 5299 3193 5371 dispensatrix
3219 5300 3287 5363 ⁸⁷,
3306 5293 3664 5368 incorrupti-

2091 5542 2133 5572 ⁶¹
2167 5541 2184 5594 1
2237 5541 2383 5596 Tim.
2411 5559 2472 5605 ιι,
2496 5543 2554 5596 2.
2665 5543 2710 5574 ⁶²
2755 5541 2857 5595 lsa.
2908 5558 3017 5604 xu,
3047 5539 3138 5594 26.
3251 5537 3295 5570 ⁸³
3329 5537 3474 5591 Psal.
3501 5551 3562 5600 ιι,
3597 5536 3656 5594 δ.

415 5600 459 5632 ⁸⁵
487 5599 620 5656 ibid.
653 5601 704 5680 6.
736 5601 830 5655 Gr.
859 5602 1029 5680 addit.
1067 5623 1086 5654 ι
1113 5599 1556 5680 -Ει-(Ζοιίιιιιῄιιιη
1593 5608 1686 5676 qui
1720 5608 2026 5666 fornicatus
2055 5620 2158 5670 est.
2189 5613 2312 5666 novi
2337 5627 2366 5666 a
2392 5599 2582 5668 divino
2614 5612 2864 5680 apostolo
2888 5599 3062 5666 Paulo
3095 5621 3400 5680 receptum,
3437 5599 3556 5680 non
3579 5616 3664 5662 ta-

414 5685 535 5722 men
565 5679 808 5725 evectum
844 5673 908 5724 ad
941 5674 1358 5730 sacerdotium.»
1429 5676 1474 5708 ⁸⁵
1499 5673 1694 5731 Ezecli.
1727 5693 1860 5732 xvm
1888 5691 1944 5732 et
1974 5697 2169 5736 XXXI".

413 5739 644 5794 ciliatrix
669 5758 682 5794 ;
709 5741 762 5796 in
789 5756 836 5796 c.
855 5741 1068 5798 Joliano
1091 5745 1292 5800 dicitur
1320 5765 1331 5800 :
1355 5744 1748 5802 Reconciliatio
1770 5749 1918 5818 regni
1949 5753 2074 5806 cwl.

2281 5683 2324 5712 ⁸⁵⁸
2355 5681 2487 5739 Luc.
2520 5700 2608 5748 xv,
2652 5677 2713 5736 ill
2747 5698 2899 5752 seqq.
2979 5683 3022 5714 ⁸⁷
3055 5680 3151 5736 Gr.
3183 5677 3335 5749 regni
3367 5678 3494 5735 coal.
3533 5687 3671 5732 cons
