4090 6286
384 261 518 332 ἷιίῦΙ

1801 267 2212 328 ΕΡῘΞἸῸΙΑΕῙ

3508 259 3642 324 1462

377 377 675 450 παιγμένον,
723 379 822 432 οὐκ
855 376 972 434 οῖδα
1003 377 1081 442 οἷς
1129 375 1396 449 κρίμασιν
1416 389 1430 406 ⁸
1470 375 1635 442 αὐτὸς
1658 379 1956 447 γινώσκει·

2081 379 2190 449 scit)
2244 377 2299 432 iu
2343 375 2656 433 cathedram
2717 374 3082 447 pontificalem
3151 373 3367 439 evexit,
3420 375 3639 430 hortatu

383 473 466 532 el;
491 471 670 525 θῶκον
693 470 1074 542 άρχιερατικὸν
1102 463 1417 534 άνεὸίϐασε,
1437 467 1754 540 προτροπῆς
1781 469 1962 539 βιαίας

390 563 540 634 παρὰ
585 563 684 633 τῆς
729 561 989 632 ἀληθείας
1044 559 1349 632 προμάχων
1414 559 1822 614 εὐσεϐεστάτων
1868 564 1964 615 καὶ

387 651 686 724 ὀρθσδόξων
717 650 984 722 βασιλέων
1015 651 1193 722 ἡμῶν,
1226 650 1322 704 καὶ
1365 649 1689 718 ἁγιωτάτων
1736 649 1960 704 ὲπισκό‹

389 761 506 804 πων
531 759 592 796 τε
627 743 722 796 καὶ
743 741 1038 812 κληρικῶν,
1069 743 1150 805 είς
1189 741 1290 810 ἐμὲ
1321 741 1641 812 γενομένης.
1679 740 1770 794 Διὸ
1790 743 1962 810 ἀναγ-

388 835 660 898 καστικῶς
692 833 977 904 ὑποκύψας
1031 833 1328 898 ὑπένευσα,
1357 835 1452 886 καὶ
1477 832 1571 886 τὸν
1593 833 1691 902 τῆς
1718 833 1966 902 ὑπακοῆς

391 927 603 999 καρπὸν
633 925 935 997 δρέψασθαι
965 925 1176 988 τούτοις
1205 923 1485 978 ἀπέδωκα.
1523 923 1630 978 Καὶ
1662 922 1968 995 παρακαλῶ

391 1019 518 1082 τοὺς
539 1017 833 1088 πανιέρους
861 1015 1029 1086 ὑμᾶς,
1061 1015 1138 1079 ῶς
1167 1015 1266 1086 μὲν
1285 1014 1532 1087 πατέρας
1557 1012 1967 1086 μικροψυχοῦν-

392 1125 460 1162 τα
493 1105 770 1177 βακτηρίᾳ.
802 1104 1259 1175 δυνάμειοςγταῖς
1297 1106 1596 1175 πατρικαῖς
1643 1103 1800 1174 ὑμῶν
1827 1103 1969 1157 διδα-

397 1198 644 1260 σκαλίαις
689 1195 1086 1267 ύποστηρίξαι·
1119 1193 1195 1258 ῶς
1235 1194 1293 1248 δὲ
1329 1193 1599 1265 ἀδελφοὺς
1642 1197 1765 1258 ταῖς
1795 1193 1970 1248 καθα-

397 1291 520 1360 ραῖς
582 1288 736 1360 ὑμῶν
775 1289 966 1359 εὐχαῖς
999 1286 1215 1360 βοηθεῖν
1245 1287 1401 1358 ἡμῖν,
1433 1286 1500 1358 τῇ
1537 1285 1634 1340 τοῦ
1665 1284 1802 1340 Θεοῦ
1834 1303 1970 1339 παν-

397 1377 560 1450 οπλίᾳ
610 1379 747 1450 πρὸς
799 1379 900 1442 τὰς
953 1377 1238 1449 μεθοδείας
1295 1366 1392 1431 τοῦ
1434 1376 1854 1448 Ἀντικειμένου,
1877 1376 1974 1429 καὶ

399 1471 639 1542 κύμασιν
677 1468 1106 1540 άλλεπαλλήλοις
1145 1467 1610 1523 δνθαλαττεύοντά
1664 1467 1732 1539 με
1778 1467 1973 1521 διακυ-

398 1561 749 1635 ϐερνηθῆναι,
781 1563 930 1625 ὅπως
960 1561 1360 1632 καθορμίσαιμι
1389 1560 1484 1614 ἐπὶ
1511 1559 1710 1632 λιμένα
1735 1559 1976 1630 θελήμα-

395 1672 488 1720 τος
516 1653 754 1726 Χριστοῦ
785 1652 879 1706 τοῦ
909 1651 1044 1706 Θεοῦ
1077 1651 1256 1724 ἡμῶν.
1280 1652 1437 1706 Ἔστι
1467 1650 1604 1724 γὰρ,
1633 1651 1781 1706 ἔστιν
1808 1651 1977 1715 ὅντως

2065 472 2248 527 valido
2281 486 2312 526 a
2347 469 2593 526 veritatis
2621 467 3146 540 propugnatoribus,
3182 465 3445 538 piissimis
3491 467 3642 521 vidc-

2061 564 2194 619 licet
2246 577 2313 616 ac
2379 561 2704 616 orthodoxis
2741 559 3166 629 imperatoribus
3200 558 3426 623 nostris,
3477 565 3643 628 atque

2065 655 2432 713 sanctissimis
2463 652 2757 724 episc0pis,
2792 667 2886 707 seu
2915 649 3152 716 clericis,
3177 649 3231 704 in
3269 664 3356 704 me
3378 649 3644 704 violenter

2067 747 2298 804 effecto:
2330 747 2420 813 cui
2461 745 2826 800 succumbens
2855 741 3048 808 annui,
3087 750 3141 796 et
3167 740 3492 796 obedientia:
3522 739 3643 794 fru-

2067 829 2214 895 ctum
2246 839 2333 894 bis
2363 837 2696 908 carpendum
2719 833 2992 890 commisi.
3014 833 3080 888 Et
3105 848 3238 904 rogo
3261 847 3358 889 vos
3389 833 3646 888 sacratis-

2070 931 2262 996 simcs,
2293 936 2355 984 ut
2404 941 2662 1000 tanquam
2689 937 2872 996 patres
2903 939 2992 980 me
3016 923 3422 995 pusillanimem
3447 923 3646 978 baculo

2069 1019 2346 1091 potentiae,
2379 1018 2432 1072 id
2464 1026 2571 1082 est,
2618 1015 2862 1086 paternis
2907 1015 3106 1071 vestris
3155 1013 3488 1085 magisteriis
3544 1012 3648 1068 ful-

2071 1111 2252 1179 ciatis,
2283 1119 2338 1166 et
2386 1109 2556 1166 veluti
2607 1107 2804 1164 fratres
2858 1108 3012 1178 puris
3073 1106 3422 1162 orationibus
3453 1105 3646 1161 vestris

2063 1218 2173 1258 nos
2237 1217 2362 1258 cum
2419 1208 2698 1256 armatura
2747 1199 2863 1255 Dei.
2899 1207 3088 1255 contra
3134 1197 3408 1253 versutias
3435 1197 3647 1268 antiqui

2063 1295 2246 1350 hostis
2305 1293 2598 1363 adiuvetis,
2635 1303 2799 1364 atque
2836 1289 3098 1348 ﬂuctibus
3149 1291 3385 1346 invicem
3418 1305 3648 1360 surgens

2063 1387 2218 1444 'tibus
2259 1387 2603 1443 vacillantcm
2649 1384 2990 1453 gubernetis,
3027 1391 3296 1453 quatenus
3341 1382 3646 1454 pertingant

2075 1480 2141 1535 ad
2171 1489 2384 1550 portum
2414 1478 2718 1534 voluntatis
2758 1476 2967 1532 Christi
3000 1475 3098 1531 Dei
3130 1475 3327 1530 nostri.
3365 1472 3464 1530 Est
3501 1473 3647 1528 enim

2073 1584 2302 1640 prorsus
2347 1566 2475 1640 [est]
2498 1568 2640 1639 apud
2663 1581 2764 1623 nos
2781 1565 3057 1638 quoddam
3073 1565 3320 1636 praelium
3343 1562 3461 1619 sine
3481 1561 3650 1624 ferro,

2079 1665 2208 1718 dum
2241 1677 2525 1720 sermones
2549 1661 2758 1733 iaciant
2781 1669 2835 1716 et
2857 1659 3158 1745 iaciantur.
3186 1656 3290 1712 Sed
3325 1655 3654 1726 triumphale

399 1749 457 1800 ὲν
487 1747 596 1809 τοῖς
621 1744 744 1800 καθ’
769 1745 919 1814 ἡμᾶς
953 1743 1194 1814 πόλεμός
1226 1761 1313 1808 τις
1353 1743 1634 1816 ἅσίδηρος,
1667 1743 1818 1813 λόγοι
1853 1743 1976 1813 βάλ-

2087 1755 2352 1810 habemus
2381 1753 2712 1823 trophaeum,
2743 1735 3046 1807 veritatem!
3070 1763 3194 1819 qua:
3238 1763 3345 1802 non
3389 1745 3651 1800 vincitur.

399 1836 584 1900 λοντές
609 1851 669 1889 τε
699 1835 794 1889 καὶ
819 1827 1159 1906 βαλλόμενοι.
1196 1833 1357 1888 Ἀλλὰ
1379 1833 1636 1904 τρόπαιον
1661 1834 1974 1904 νικητήριον

401 1927 597 1996 ἔχομεν
640 1925 740 1998 τὴν
789 1925 864 1997 μὴ
901 1923 1222 1996 ’νικωμένην
1267 1924 1551 1997 ἀλήθειαν.
1587 1921 1726 1980 Εἶτά
1771 1941 1830 1978 τε
1880 1925 1976 1978 xui.

315 2053 318 2056 .
403 2014 729 2084 καταιγίδων
752 2013 998 2085 σφοδρῶν
1017 2015 1384 2068 είσπνεουσῶν
1411 2015 1790 2078 συνασπιστὰς
1822 2013 1976 2084 ὑμᾶς

353 2145 356 2150 .
403 2091 710 2175 λαδόμενοι,
745 2104 845 2176 τὴν
877 2102 1086 2158 τούτων
1121 2102 1318 2175 μικρὸν
1351 2104 1763 2173 ὑπενέγκαντες
1785 2103 1974 2176 ζάλην,

405 2196 714 2266 εὑρήσομεν
751 2194 946 2260 αὐταῖς
998 2195 1235 2267 Χριστὸν
1273 2193 1640 2266 ἐπιτιμῶντα,
1685 2196 1778 2248 καὶ
1805 2194 1978 2266 γαλη-

407 2285 535 2348 νίως
583 2284 676 2338 τὸν
723 2283 838 2356 βίον
881 2285 1013 2356 ἡμῖν
1064 2284 1425 2353 ὲπεξάγοντα.
1467 2285 1580 2340 Καὶ
1615 2285 1820 2338 τούτων
1881 2285 1980 2355 μὲν

407 2373 726 2444 ἀρκούντως
767 2375 828 2428 ὲν
873 2373 1184 2445 προοιμίοις
1223 2377 1362 2446 ἡμῖν
1400 2375 1735 2448 εἰρημένων,
1775 2376 1834 2428 ἐν
1865 2377 1980 2438 τοῖς

333 2520 351 2539 .
409 2464 538 2536 ἑξῆς
571 2466 761 2533 σαφῶς
786 2465 818 2536 ή
847 2465 1083 2536 ἀκριϐὴς
1114 2466 1246 2538 περὶ
1269 2465 1450 2521 αὐτῶν
1501 2467 1702 2536 γνῶσις
1728 2467 1980 2536 διαγγελυ

409 2555 654 2626 θήσεται.
686 2555 802 2609 Νῦν
824 2555 883 2610 δὲ
913 2557 999 2626 ἐφ’
1028 2556 1218 2630 ἕτερον
1251 2546 1453 2613 σκοπὸν
1489 2557 1689 2624 λέξεων
1727 2557 1976 2630 ἔρχομαι.

422 2646 644 2717 Ἐπειδὴ
697 2647 806 2720 γὰρ
837 2649 1041 2720 ἀρχαία
1076 2667 1184 2715 τις,
1225 2650 1461 2722 τάληθὲς
1487 2651 1544 2705 δὲ
1575 2651 1806 2722 φράσαι,
1840 2655 1982 2706 ἀποο-

411 2739 632 2810 στολικὴ
647 2741 952 2812 παράδοσις
976 2743 1034 2794 έν
1051 2741 1255 2806 πάσαις
1281 2743 1400 2806 ταῖς
1435 2743 1787 2813 Ἐκκλησίαις
1802 2741 1980 2813 διῆκε,

409 2831 548 2903 πρὸς
591 2833 873 2902 ίεραρχίαν
913 2833 1214 2904 ἀγομένους
1243 2835 1359 2897 τοῖς
1393 2835 1496 2906 πρὸ
1530 2835 1712 2888 αὐτῶν
1739 2834 1838 2898 τὰς
1871 2837 1983 2906 ἱερ-

409 2927 606 2995 αρχίας
654 2923 1054 2996 ἐγχειρίζουσιν
1086 2965 1102 2990 ,
1141 2924 1218 2988 ὡς
1261 2925 1329 2980 ἃν
1396 2927 1510 2996 ἔχοι
1547 2927 1622 2981 τά
1651 2927 1750 2996 τῆς
1803 2927 1983 2982 αὐτῶν

2080 1847 2285 1902 Deinde
2309 1859 2530 1917 quoque
2557 1851 2610 1900 et
2637 1841 2887 1914 procellis
2911 1841 3328 1898 vehementibus
3377 1839 3656 1909 inspiran-

2082 1937 2250 2000 tibus,
2286 1934 2340 1989 in
2375 1933 2640 1989 auxilium
2675 1931 2836 1988 vobis
2864 1930 3183 2001 assumptis,
3212 1931 3410 1984 harum
3438 1928 3657 1998 pauxil-

2083 2026 2194 2081 lum
2246 2027 2377 2098 quid
2407 2025 2732 2082 sull‘erentes
2762 2032 2978 2087 aestum,
3019 2022 3298 2078 Christum
3337 2022 3438 2077 has
3474 2021 3656 2076 incre-

2073 2126 2300 2188 pantem
2353 2116 2685 2181 invenimus,
2721 2124 2777 2170 et
2814 2115 2979 2170 vitam
3005 2112 3303 2184 tranquille
3343 2127 3438 2182 per
3467 2111 3654 2166 omnia

2083 2209 2472 2280 transigemus.
2513 2209 2577 2265 Et
2625 2208 2710 2264 bis
2741 2206 2961 2278 quidem
2992 2203 3316 2262 suﬁicientct
3373 2204 3426 2258 in
3458 2201 3656 2272 praafa-

2083 2303 2230 2356 tione
2257 2312 2447 2359 nostra
2475 2300 2798 2372 praemissis,
2831 2297 3120 2354 in-caeteris
3147 2297 3430 2352 evidenter
3457 2295 3654 2349 borum

2083 2395 2328 2468 cognitio
2373 2393 2804 2451 denuntiabitur.
2857 2389 3014 2446 Nunc
3057 2397 3243 2444 autem
3279 2387 3346 2442 ad
3375 2386 3538 2442 aliam
3573 2387 3657 2440 in-

2073 2489 2380 2548 tentionem
2404 2485 2619 2542 dicendi
2653 2482 2932 2557 [dicendo]
2960 2479 3300 2553 progredior.
3333 2477 3478 2546 Quia
3509 2479 3655 2532 enim

2085 2583 2264 2652 prisca
2311 2578 2583 2649 quaedam,
2626 2585 2682 2632 et
2714 2585 2775 2630 ut
2818 2576 3004 2631 verius
3029 2572 3324 2634 fateamur,
3355 2569 3659 2640 apostolica

2086 2672 2303 2729 traditio
2333 2671 2389 2725 in
2417 2669 2674 2732 omnibus
2711 2663 3248 2731 Ecclesiis'inolevit,
3279 2671 3341 2717 ut
3375 2662 3431 2716 hi
3462 2661 3558 2732 qui
3588 2658 3658 2714 ad

2085 2764 2421 2836 pontificium
2469 2748 2872 2834 provc'ltuntur,
2909 2756 3349 2830 praecedentibus
3389 2770 3448 2810 se
3478 2753 3536 2807 in
3567 2767 3660 2808 eo-

2083 2858 2205 2912 dem
2229 2856 2438 2920 ordine,
2455 2854 2688 2925 qualiter
2714 2867 2773 2908 se
2794 2851 3036 2906 habeant
3063 2863 3186 2920 quae
3218 2863 3330 2903 sua!
3361 2845 3484 2900 tidei
3507 2851 3658 2906 sunt,

2085 2949 2406 3020 exponendo
2454 2945 2891 3002 commendent:
2929 2941 3120 2997 Visum
3171 2949 3253 2996 est
3309 2949 3360 2994 et
3391 2936 3525 2992 mihi
3552 2937 3662 2990 hoc

409 3019 646 3082 πίστεως
711 3017 1065 3074 ἀνατίθεσθαι
1107 3034 1123 3050 ο
1173 3017 1322 3084 εδοξε
1377 3019 1550 3091 κάμοὶ
1602 3019 1816 3084 τούτοις
1859 3005 1982 3074 erro-

2085 3039 2339 3105 seclanti,
2377 3053 2464 3094 me
2487 3038 2645 3093 vobis
2690 3036 2982 3108 inclinare,
3010 3042 3064 3088 et
3105 3030 3318 3102 liquido
3361 3027 3666 3083 confessio-

414 3111 558 3180 μένῳ
585 3111 872 3164 ὑποκλῖναι
891 3110 1130 3180 ἐμαυτὸν
1159 3111 1308 3182 ὑμῖν,
1327 3112 1420 3166 καὶ
1438 3111 1708 3194 ἀριδήλως
1740 3111 1837 3183 τὴν
1863 3113 1982 3166 κατ’

2086 3143 2215 3184 nem
2260 3125 2650 3192 pronuntiare,
2695 3119 3158 3194 quemadmodum
3210 3133 3241 3172 a
3291 3115 3436 3172 tubis
3488 3113 3664 3170 sancti

410 3203 528 3273 ἐμὲ,
556 3202 848 3273 ὁμολογίαν
887 3201 1272 3274 ἐξαγορεῦσαι,
1315 3202 1498 3266 καθὼς
1553 3204 1657 3257 ὑπὸ
1698 3204 1812 3258 τῶν
1851 3203 1982 3258 σαλ-

411 3289 628 3358 πίγγων
677 3291 772 3345 τοῦ
817 3290 1139 3362 Πνεύματος
1161 3309 1176 3326 ο
1213 3285 1288 3346 ὧν
1333 3291 1362 3345 ὁ
1411 3291 1646 3361 φθόγγος
1689 3293 1771 3357 είς
1803 3294 1985 3348 πᾶσαν

411 3383 510 3453 τὴν
546 3383 650 3454 γῆν
679 3383 892 3455 ἐξῆλθε,
937 3385 1036 3438 καὶ
1075 3385 1157 3450 εἰς
1188 3384 1256 3438 τὰ
1290 3385 1506 3451 πέρατα
1529 3385 1628 3455 τῆς
1659 3384 1987 3454 οἰκουμένης

411 3473 481 3528 τά
515 3477 737 3546 ῥήματα
756 3492 772 3508 ο
805 3477 902 3530 καὶ
931 3476 1086 3548 παρὰ
1105 3477 1212 3530 τῶν
1243 3475 1424 3529 αὐτῶν
1457 3475 1792 3544 θρεμμάτων
1810 3490 1870 3526 τε
1894 3472 1988 3526 καὶ

413 3567 820 3638 προϐλημάτων
887 3567 1050 3621 θείων
1091 3568 1383 3638 ’Πατὲρων
1441 3565 1599 3634 ήμῶν
1649 3564 1708 3629 ἐξ
1764 3563 1988 3617 ἁπαλῶν

413 3655 626 3724 ὀνύχων
655 3654 990 3728 ἀνατραφεὶς
1021 3654 1339 3724 μεμάθηκα.

469 3745 735 3798 Πιστεύω
765 3745 846 3808 είς
875 3744 970 3798 ἕνα
1003 3744 1138 3800 Θεὸν
1168 3744 1390 3816 Πατέρα
1417 3743 1860 3814 παντοκράτορα,
1887 3745 1980 3797 καὶ⁵

416 3835 498 3899 είς
535 3835 632 3889 ἕνα
665 3835 873 3908 Κύριον
914 3834 1126 3906 Ἰησοῦν
1165 3835 1402 3907 Χριστὸν
1428 3833 1522 3909 τὸν
1551 3835 1682 3888 Υίὸν
1727 3835 1820 3889 τοῦ
1851 3834 1990 3889 Θεοῦ

416 3925 513 3978 καὶ
539 3922 674 3993 Θεὸν
699 3923 878 3996 ἡμῶν,
907 3923 1243 3995 γεννηθέντα
1284 3926 1350 3978 ὲκ
1372 3923 1468 3979 τοῦ
1495 3923 1710 3995 [πατρὸς
1741 3924 1991 3995 άχρόνως

417 4017 515 4072 καὶ
553 4017 760 4080 άϊδίως.
783 4018 893 4072 Καὶ
923 4018 1002 4080 είς
1031 4015 1092 4070 τὸ
1116 4015 1342 4088 Πνεῦμα
1371 4017 1432 4071 τὸ
1457 4017 1634 4086 ἅγιον,
1661 4017 1754 4070 τὸν
1787 4018 1990 4086 Κύριον

417 4109 512 4162 καὶ
544 4108 861 4173 ζωοποιοῦν,
877 4108 940 4164 τὸ
972 4109 1036 4161 ὲκ
1071 4108 1167 4162 τοῦ
1190 4108 1407 4179 Πατρὸς
1436 4109 1504 4162 δι’
1534 4107 1666 4162 Υἱοῦ
1694 4108 1992 4178 ἐκπορευό-

421 4215 602 4268 μενον,
631 4201 728 4253 καὶ
755 4200 887 4254 αὐτὸ
913 4201 1048 4254 Θεὸν
1075 4199 1137 4253 ὅν
1165 4217 1222 4253 τε
1252 4199 1350 4252 καὶ
1377 4199 1802 4270 γνωριζόμενονσ
1826 4201 1994 4271 Τριάο

419 4291 487 4346 δα
527 4291 834 4362 ὁμοούσιον,
891 4291 1153 4363 ὁμότιμόν
1190 4293 1374 4346 τευκαὶ
1414 4291 1740 4364 ὑμόθρονον,
1799 4293 1990 4360 ἀΐδιον,

2075 3214 2324 3291 Spiritus
2349 3220 2601 3289 (quarum
2631 3229 2802 3272 sonus
2832 3215 2886 3268 in
2917 3227 3137 3267 onmem
3167 3221 3370 3265 terram
3397 3206 3585 3268 exivit,
3610 3211 3667 3259 et

2085 3312 2140 3366 in
2187 3312 2323 3366 ﬂues
2351 3320 2510 3363 terra;
2541 3305 2788 3375 verba")
2815 3313 2870 3360 et
2903 3303 2972 3358 ab
3008 3316 3198 3358 earum
3228 3297 3470 3354 alumnis
3499 3303 3664 3364 atque

2088 3401 2352 3466 asseclis,
2399 3397 2791 3453 sacratissimis
2854 3395 3111 3450 videlicet
3158 3389 3414 3446 Patribus
3461 3383 3662 3442 nostris

2088 3489 2377 3551 educatus,
2413 3500 2480 3540 ex
2511 3484 2648 3555 ipsis
2686 3483 2946 3538 mollibus
2977 3481 3194 3551 ungulis
3224 3478 3414 3535 didici.

2159 3749 2337 3806 Credo
2375 3750 2431 3806 in
2465 3761 2650 3804 unum
2669 3747 2838 3802 Deum
2871 3745 3086 3800 Patrem
3130 3743 3585 3812 omnipotentem,
3610 3750 3668 3796 et

2081 3829 2146 3896 in
2185 3853 2354 3894 unum
2387 3836 2676 3893 Dominum
2715 3832 2904 3890 Jesutn
2939 3831 3218 3886 Christum
3242 3827 3449 3883 Filium
3484 3825 3578 3881 Dei
3611 3836 3667 3881 et

2095 3933 2262 3989 Deum
2297 3939 2564 3996 nostrum,
2601 3938 2883 3985 natum-ex
2909 3926 3074 3984 Patre
3102 3926 3222 3981 sine
3256 3932 3504 3994 tempore
3523 3936 3665 3978 coae-

2082 4030 2306 4080 ‘ternum
2340 4043 2353 4080 :
2388 4031 2444 4080 et
2471 4023 2530 4077 in
2559 4020 2820 4091 Spiritum
2843 4026 3116 4084 sanctum,
3148 4015 3440 4072 Dominum
3463 4024 3517 4070 et
3536 4014 3666 4068 vivi-

2086 4115 2369 4180 ﬁcantem,
2427 4127 2496 4166 ex
2557 4109 2720 4165 Patre
2753 4123 2852 4178 per
2897 4107 3094 4162 Filium
3147 4105 3556 4176 procedentem,
3611 4109 3666 4158 et

2090 4203 2345 4260 eumdem
2364 4203 2539 4258 Deum
2565 4217 2687 4259 esse
2719 4210 2773 4257 et
2798 4199 3058 4269 cognosci
3092 4217 3106 4254 :
3146 4197 3472 4253 Trinitatem
3502 4197 3668 4252 unius
3785 4185 3794 4192 ’

2096 4295 2435 4362 substantiae,
2461 4293 2626 4349 unius
2657 4293 2882 4348 honoris
2911 4303 2966 4346 et
2996 4291 3164 4358 sedis,
3195 4291 3584 4360 sempiternam
3613 4298 3669 4344 et

419 4385 692 4452 άκτιστον,
727 4384 837 4438 τῶν
863 4385 1080 4440 πάντων
1106 4386 1422 4456 κτισμάτων
1444 4383 1780 4455 δημιουργόν
1805 4401 1817 4414 ⁸
1860 4385 1982 4455 μίαν

2097 4386 2426 4450 increatam,
2489 4384 2737 4439 omnium
2797 4391 3177 4438 creaturarum
3243 4379 3599 4436 conditricem
3651 4399 3664 4433 :

420 4477 616 4548 ἀρχὴν,
653 4478 780 4549 μίαν
807 4477 1041 4550 θεότητα
1070 4479 1166 4532 καὶ
1205 4479 1528 4548 κυριότητα,
1557 4479 1687 4546 μίαν
1715 4471 2013 4547 βασιλείαν

425 4568 516 4621 καὶ
550 4566 782 4638 δύναμιν
825 4568 922 4622 καὶ
961 4566 1210 4631 ἐξουσίαν
1259 4569 1318 4620 ὲν
1370 4569 1550 4636 τρισὶν
1599 4568 1992 4633 ύποστάσεσιν,

424 4658 750 4729 ἀδιαιρέτως
788 4657 1196 4730 διαιρουμένην,
1227 4659 1323 4716 καὶ
1349 4660 1636 4730 ἡνωμένην
1667 4659 1989 4730 διαιρετῶῳ

427 4751 502 4821 μὴ
537 4748 599 4814 ἐξ
633 4749 843 4802 ἀτελῶν
897 4748 1064 4818 τριῶν
1115 4749 1174 4802 ἓν
1220 4767 1275 4802 τι
1317 4750 1544 4812 τέλειον,
1579 4750 1696 4804 ἀλλ’
1730 4753 1796 4803 ἐκ
1825 4751 1996 4820 τριῶν

422 4841 646 4894 τελείων
679 4836 1065 4912 ἓνύπερτελὲς
1108 4844 1203 4896 καὶ
1237 4843 1575 4913 προτέλειον,
1618 4843 1693 4906 ῶς
1742 4845 1771 4896 ὁ
1824 4844 1998 4914 μέγας

315 4970 319 4974 .
425 4929 530 5002 ἔφη
563 4929 864 4993 Διονύσιος.
917 4931 1081 4984 Ὥστε
1131 4931 1274 4984 κατὰ
1319 4932 1422 5002 μὲν
1475 4933 1576 5004 τὴν
1617 4933 1860 5004 ἰδιότητα
1889 4935 1998 4989 τῶν

427 5020 740 5091 προσώπων
764 5021 892 5093 τρία
926 5025 995 5078 τὰ
1027 5021 1503 5092 προσκυνούμενα,
1533 5024 1678 5078 κατὰ
1708 5025 1766 5078 δὲ
1794 5025 1856 5078 τὸ
1881 5042 1998 5080 κοι-

428 5115 516 5168 νὸν
535 5114 632 5184 τῆς
661 5113 878 5183 φύσεως
907 5106 989 5176 εἷς
1017 5112 1151 5176 Θεὸς
1191 5113 1409 5167 πάντων
1440 5112 1671 5183 ποιητὴς
1701 5113 1914 5186 ὁρατῶν
1939 5132 2001 5169 τε

430 5206 524 5260 καὶ
557 5205 829 5276 ἀοράτων,
864 5202 1081 5258 πάντων
1123 5203 1450 5273 προνοητής.
1499 5203 1778 5274 Ὀμολογῶ
1803 5205 1860 5258 δὲ
1906 5206 2002 5259 καὶ

431 5298 529 5367 τὴν
567 5296 658 5351 διά
705 5295 804 5366 τὴν
853 5295 1130 5366 ἡμετέραν
1167 5295 1442 5364 σωτηρίαν
1475 5295 1564 5348 ἐπ’
1599 5296 1848 5366 ἐσχάτων
1889 5298 2002 5352 τῶν

434 5391 656 5460 ἡμερῶν
683 5388 824 5443 κατὰ
859 5387 1041 5459 σάρκα
1065 5388 1322 5459 γέννησιν
1367 5387 1460 5442 τοῦ
1519 5389 1640 5453 ἑνὸς
1685 5391 1786 5460 τῆς
1838 5392 2003 5460 ἁγίας

433 5479 662 5550 Τριάδος
694 5478 786 5532 τοῦ
815 5477 945 5532 Υίοῦ
975 5479 1069 5533 τοῦ
1108 5479 1265 5544 Θεοῦ,
1298 5478 1504 5551 Κυρίου
1535 5481 1590 5533 δὲ
1624 5481 1780 5552 ἡμῶν
1825 5483 1998 5552 Ἰησοῦ

539 5708 582 5742 ⁷³
609 5706 750 5765 Psal.
787 5723 936 5774 xun,
970 5711 1032 5778 5;
1068 5711 1225 5768 Rom.
1271 5728 1324 5778 κ,
1355 5713 1409 5770 8.

2093 4493 2266 4533 unum
2300 4477 2659 4548 principium,
2714 4489 2879 4530 unam
2927 4474 3184 4530 deitatem
3233 4481 3288 4528 et
3334 4472 3670 4528 dominatio-

2095 4585 2244 4632 nem,
2273 4584 2444 4622 unum
2497 4567 2808 4637 imperium,
2858 4574 3199 4636 potentatum
3241 4574 3292 4620 ct
3343 4573 3667 4634 potestatem

2089 4661 2153 4716 in
2183 4661 2359 4716 tribus
2401 4657 2799 4723 subsistentiis,
2845 4657 3126 4712 individue
3151 4655 3372 4728 quidem
3413 4656 3667 4717 divisam,

2091 4760 2153 4808 ct
2183 4752 2355 4807 divise
2377 4750 2586 4805 unitam
2625 4767 2640 4804 :
2681 4764 2793 4805 non
2826 4763 2894 4804 ex
2917 4747 3249 4819 imperfectis
3277 4746 3456 4802 tribus
3497 4761 3666 4801 unum

2094 4843 2302 4914 aliquid
2355 4841 2654 4912 perfectum
2697 4859 2713 4896 :
2742 4841 2858 4897 Tsed
2901 4857 2967 4896 ex
3003 4841 3180 4896 tribus
3208 4839 3468 4910 perfectis
3498 4855 3670 4893 unum

2095 4931 2563 5004 superperfectum
2578 4943 2632 4987 et
2648 4931 2935 5002 plusquam
2949 4931 3252 5001 perfectum
3267 4931 3419 4996 ",uti
3441 4944 3673 5000 magnus

2069 5026 2320 5082 .locutus
2353 5033 2438 5080 est
2475 5023 2792 5095 Dionysius.
2839 5022 3029 5094 Itaque
3075 5023 3378 5079 secundum
3431 5024 3672 5093 proprie-

2101 5124 2266 5173 tatem
2321 5129 2680 5188 personarum
2717 5115 2825 5170 tria
2851 5115 3070 5184 quidem
3111 5115 3421 5182 adoranda;
3452 5125 3509 5168 at
3542 5129 3671 5168 vero

2099 5206 2403 5264 secundum
2435 5219 2784 5260 communem
2814 5215 3024 5260 natura?
3054 5205 3324 5260 rationem
3357 5220 3498 5260 unus
3528 5202 3672 5258 Deus

2101 5299 2348 5355 omnium
2378 5296 2556 5352 factor
2585 5296 2884 5352 visibilium
2917 5304 2972 5352 et
3007 5297 3390 5364 invisibilium,
3423 5295 3667 5352 omnium

2103 5393 2376 5462 provisor.
2415 5387 2689 5445 Confiteor
2727 5397 2905 5444 autem
2938 5389 3138 5446 factam
3171 5398 3390 5459 propter
3437 5386 3676 5443 salutent

2104 5494 2343 5538 nostram
2401 5479 2456 5534 in
2509 5478 2822 5534 novissimis
2863 5479 3056 5534 diebus
3116 5478 3412 5532 secundum
3449 5490 3670 5531 carnem

1521 5716 1566 5748 "
1589 5696 1767 5771 Locus
1800 5715 2095 5779 obscurus,
2127 5721 2182 5768 ct
2215 5722 2375 5767 caute
2400 5711 2685 5783 legendus.
