4090 6286
465 236 596 296 Mli]

1493 246 1553 304 S.
1591 247 1899 306 'i'ARASlI
1941 246 2450 306 PATRIARCH/E
2499 247 2599 306 ΟΡ.

3581 236 3713 304 illi!

459 341 793 396 nativitatem
843 345 1002 399 unius
1054 356 1255 403 sanetur.
1291 351 1600 418 Trinitatis.
1648 354 1771 411 Filii
1821 358 2022 413 scilicet

2139 357 2378 427 Χριστοῦ
2427 357 2522 430 καὶ
2571 355 2730 418 Θεοῦ,
2764 357 2829 408 ἐκ
2861 354 2960 425 τῆς
2987 355 3210 424 ἀληθῶς
3250 354 3413 424 ἁγίας
3445 355 3712 410 Θεοτόκον

456 431 550 486 Dei
585 443 637 486 rt
676 433 892 489 Domini
950 440 1122 492 nostri
1173 439 1303 494 Jesu
1359 442 1590 506 Christi.
1649 462 1716 501 ex
1766 451 2028 504 veraciter

456 536 643 579 saacta
703 527 794 580 Dei
843 529 1106 598 genitrice
1151 548 1476 606 semperque
1537 537 1757 608 Virgine
1815 541 2029 596 Maria:

457 617 980 670 cmrsubslattlialent
1010 621 1228 688 quidem
1268 623 1474 679 factum
1515 629 1676 684 nobis
1703 631 1880 686 modis
1912 649 2034 687 om-

456 697 617 752 nibus
662 701 870 771 absque
907 717 1151 771 peccato,
1179 725 1284 762 nou
1317 723 1498 767 autem
1531 717 1872 773 desinentem
1907 730 2031 777 esse

383 795 388 799 ‘
456 789 600 854 quod
638 801 788 854 erat;
832 794 924 846 sed
969 795 1186 852 duabus
1228 803 1440 859 naturis
1478 807 1767 864 inconfuse
1808 821 2034 866 manen-

455 875 624 941 tibus,
661 894 763 930 una
821 894 944 933 cum
1007 886 1437 945 consistentibus
1485 891 1538 946 in
1584 910 1642 950 se
1682 897 1896 952 duabus
1936 913 2034 953 vo-

454 968 756 1024 luntatibus
796 979 851 1024 et
891 975 1347 1042 operatiouibus:
1382 984 1707 1039 crucilixum
1743 1002 1841 1056 pro
1868 989 2034 1044 nobis

453 1071 640 1126 carne,
681 1069 734 1116 et
789 1065 1088 1133 sepultum,
1120 1078 1176 1123 et
1229 1075 1622 1142 resurrexisse,
1653 1077 1707 1130 in
1755 1080 2034 1151 culosque

453 1152 786 1220 ascendisse,
813 1164 867 1210 et
895 1167 1187 1215 venturum
1218 1163 1468 1232 judicare
1488 1168 1643 1224 vivos
1673 1179 1727 1224 et
1757 1183 2029 1230 mortuos.

451 1238 684 1311 Insuper
704 1259 864 1314 spero
889 1251 1348 1308 resurrectionem
1369 1265 1733 1321 mortuorum,
1757 1269 1812 1315 et
1839 1263 2030 1334 singu-

451 1331 633 1387 lorum
664 1345 944 1404 gestorum
973 1341 1332 1398 redditioneru
1361 1345 1481 1419 (Gr.
1515 1347 1664 1402 addit
1722 1331 2028 1426 aeternam],

453 1424 724 1481 bonorum
773 1431 1003 1497 scilicet,
1047 1443 1101 1488 et
1127 1435 1214 1490 his
1265 1440 1694 1496 contrariorum.
1762 1424 2031 1514 Expetens

450 1519 616 1572 etiam
687 1520 1110 1582 intercessiones
1166 1531 1530 1588 sanctissimae
1575 1541 1630 1588 et
1696 1535 2032 1595 intemeratae

450 1609 698 1668 Dominae
733 1625 935 1671 nostra:
982 1615 1073 1673 Dei
1109 1619 1408 1678 Genitricis
1434 1632 1489 1679 et
1543 1640 1762 1694 semper
1791 1627 2030 1700 Virginis

2138 451 2232 502 καὶ
2269 448 2657 519 Ἀειπαρθένου
2712 445 2974 516 Μαρίας’
3020 446 3376 510 οὐσιωθέντος
3427 447 3526 514 μὲν
3580 449 3717 516 ἡμῖν

2133 539 2333 603 ὑλικῶς
2363 539 2532 610 χωρὶς
2563 537 2860 608 ἁμαρτίας,
2895 537 2971 608 μὴ
3004 538 3300 599 ἐκστάντος
3329 537 3386 589 δὲ
3415 530 3590 608 οὗπερ
3619 535 3715 607 ἦν,

2133 630 2233 684 καὶ
2271 631 2348 694 ὡς
2401 629 2510 682 τῶν
2555 629 2650 682 δύο
2696 629 2915 697 φύσεων
2953 628 3280 698 ἀσυγχύτων
3327 633 3715 700 μεμενηκυιῶν

2138 722 2278 790 μετά
2307 719 2401 772 καὶ
2429 719 2537 772 τῶν
2563 719 2624 771 ἐν
2645 718 2838 782 αὑταῖς
2871 717 2964 772 δύο
3004 718 3326 788 θελημάτων
3353 736 3413 771 τε
3438 720 3532 772 καὶ
3561 723 3718 791 ἐνερ-

2138 813 2334 882 γειῶψ
2393 811 2809 882 σταυρωθέντος
2859 827 2922 864 τε
2965 811 3107 880 ὑπὲρ
3159 809 3322 882 ἡμῶν
3378 813 3565 884 σαρκὶ,
3621 814 3718 866 καὶ

2139 903 2419 972 ταφέντος,
2447 903 2546 956 καὶ
2581 903 2940 967 ἀναστάντος,
2967 903 3045 965 είς
3074 901 3342 972 οὐρανούς
3369 920 3430 955 τε
3453 903 3716 972 ἀνεληλυ-

2135 995 2311 1061 θότος,
2342 997 2439 1049 καὶ
2471 995 2695 1066 ἥξοντος
2723 998 2907 1066 κρῖναι
2939 992 3150 1058 ζῶντας
3179 995 3273 1046 καὶ
3299 994 3546 1066 νεκρούς.
3590 995 3714 1049 Ἐπὶ

2133 1087 2350 1149 τούτοις
2371 1086 2427 1140 δὲ
2455 1085 2746 1158 προσδοκῶ
2771 1086 3071 1140 ἀνάστασιν
3099 1085 3332 1155 νεκρῶν,
3357 1085 3450 1138 καὶ
3480 1085 3714 1139 ἑκάστου

2133 1178 2245 1232 τῶν
2293 1178 2652 1249 πραχθέντων
2696 1177 2926 1231 αἰωνίαν
2963 1176 3237 1232 ἀντίδοσιν
3270 1176 3494 1246 ἀγαθῶν
3526 1195 3584 1230 τε
3615 1179 3714 1231 καὶ

2134 1271 2242 1324 τῶν
2294 1268 2576 1324 ἐναντίων.
2619 1267 2976 1338 Ἐξαιτοῦμαι
3019 1267 3077 1320 δὲ
3131 1268 3226 1321 καὶ
3267 1267 3368 1330 τὰς
3413 1267 3714 1336 πρεσϐείας

2135 1363 2232 1433 τῆς
2261 1379 2320 1416 τε
2354 1359 2628 1430 παναγίας
2649 1359 2920 1430 ἀχράντου
2937 1359 3033 1412 καὶ
3051 1357 3444 1430 Ἀειπαρθένου
3469 1359 3710 1428 Μαρίας,

2131 1455 2244 1510 τῶν
2275 1472 2337 1507 τε
2376 1453 2548 1524 ἁγίων
2573 1452 2846 1521 ἀγγέλων,
2878 1451 2973 1505 καὶ
2999 1450 3108 1504 τῶν
3134 1450 3306 1518 ἁγίων
3327 1449 3554 1517 ἐνδόξων
3578 1452 3716 1503 ἀποο

2135 1547 2360 1610 στόλων,
2395 1543 2714 1617 προφητῶν,
2767 1542 3088 1616 μαρτύρων,
3119 1541 3479 1612 όμολογητῶν
3515 1559 3578 1594 τε
3621 1543 3716 1595 καὶ

2131 1634 2492 1690 διδασκάλων.
2532 1634 2646 1688 Καὶ
2671 1632 2998 1703 ἀσπάζομαι
3037 1631 3136 1694 τὰς
3187 1633 3393 1696 σεπτὰς
3422 1632 3602 1686 αὐτῶν
3634 1634 3715 1684 εἰ-

448 1701 656 1772 Mariae,
686 1721 1115 1778 sanctorumque
1158 1714 1502 1783 angelorum,
1539 1726 1594 1771 et
1624 1731 1942 1774 sanctorum
1976 1731 2022 1777 et

450 1793 973 1818 ηιηιιὲληξ--2..---.---.-
1007 1815 1019 1818 Α
1038 1817 1060 1818 ρ
1085 1817 1094 1818 κ
1143 1811 1153 1818 .
1175 1803 1212 1818 ,I
1577 1808 1588 1818 ι

2130 1729 2314 1788 κύνας.
2349 1727 2460 1780 Καὶ
2498 1727 2680 1780 πᾶσαν
2729 1701 3016 1795 αἱρετικὴν
3054 1725 3374 1794 ἐρεσχελίαν
3423 1723 3714 1795 βδελύσσο-

448 1793 978 1861 gloriosissimorum
1001 1803 1400 1870 apostolorum,
1435 1808 1852 1876 prophetarum,
1877 1827 2025 1866 mar-

450 1895 654 1956 tyrum,
691 1890 1096 1958 coul'essorum,
1129 1904 1179 1950 et
1218 1897 1606 1966 magistrorum
1639 1899 1978 1977 [doctorum]
2011 1923 2024 1959 :

446 1977 694 2035 salutans
732 1991 786 2036 ct
834 1986 1177 2043 venerabiles
1223 1989 1415 2045 iconas
1446 2005 1661 2059 eorum,
1695 2003 1750 2049 et
1805 2010 2024 2057 omnem

447 2071 756 2128 haereticam
822 2077 1150 2136 abominans
1223 2083 1650 2151 contentionem,
1710 2102 1924 2144 necnon
1974 2098 2028 2144 et

2139 1836 2257 1889 μαι,
2303 1819 2398 1871 καὶ
2445 1819 2574 1880 τοὺς
2613 1815 2796 1870 αὐτῶν
2837 1815 3118 1886 ὴγήτοράς
3156 1833 3216 1868 τε
3260 1816 3355 1869 καὶ
3384 1815 3716 1884 προϐολέας,

2133 1911 2282 1980 λέγω
2322 1911 2388 1981 δὴ
2435 1910 2678 1980 Σίμωνα,
2723 1907 3054 1980 Μαρκίωνα,
3089 1908 3367 1975 Μάνεντα,
3411 1908 3623 1961 Παῦλον
3650 1927 3714 1961 τε

2134 2002 2224 2056 τὺν
2263 2001 2752 2073 Σαμοσατέα,,καὶ
2788 1999 3078 2053 Σασέλλιον
3121 1999 3214 2054 τὸν
3257 1999 3452 2064 Λίϐυν,
3493 2001 3585 2084 καξ
3640 2001 3713 2055 τὰ

2135 2091 2313 2146 αὐτῶν
2347 2093 2517 2161 ἐναγῆ
2546 2091 2816 2161 δόγματα.

445 2182 636 2222 eorum
681 2171 944 2230 ductores
987 2183 1154 2246 atque
1198 2178 1489 2247 primores,
1527 2181 1840 2238 Simeonem
1877 2185 2147 2253 videlicet,
2179 2187 2536 2250 Marcionem,
2594 2186 2886 2252 Manetem,
2939 2186 3168 2244 Paulum
3235 2199 3456 2256 quoque
3513 2182 3716 2236 Samo-

446 2271 721 2330 sateuum,
753 2277 808 2322 et
843 2267 1146 2326 Sabellium
1183 2270 1440 2342 Libyum,
1482 2289 1782 2347 eorumque
1798 2278 2054 2349 dogmata
2093 2280 2338 2338 nefaria.

519 2353 742 2422 lleeipio
770 2357 937 2411 etiam
979 2368 1200 2416 sanctas
1249 2371 1304 2416 et
1348 2364 1688 2420 universales
1728 2382 1826 2422 sex
1859 2384 2028 2440 syno-

351 2445 358 2451 ’
443 2446 566 2508 dos.
602 2456 654 2501 et
683 2463 874 2502 earum
909 2449 1095 2535 divina
1126 2453 1378 2523 dogmata
1413 2457 1620 2526 pariter
1647 2468 1704 2513 et
1725 2458 2026 2528 doctrinas,

444 2546 705 2607 tauquam
733 2555 854 2610 qua:
887 2541 1071 2597 divina
1099 2543 1460 2615 inspiratione
1494 2548 1653 2605 nobis
1675 2551 1874 2607 tradita
1905 2551 2027 2608 fue-

442 2631 574 2683 rint.
631 2630 696 2684 Et
753 2647 882 2687 cum
933 2634 1108 2703 prima
1156 2637 1378 2706 quidem
1425 2639 1759 2697 homousion
1808 2652 1865 2699 et
1917 2661 2026 2700 una

442 2736 567 2773 cum
604 2721 767 2804 Patre
817 2725 937 2779 sine
971 2725 1128 2781 initio
1172 2727 1371 2782 Filium
1413 2739 1536 2785 eSSe
1607 2733 1860 2798 credens,
1891 2750 2026 2790 ana-

444 2812 738 2867 thematizo
773 2814 1000 2886 impium
1025 2817 1238 2884 Arium,
1267 2821 1510 2888 Aetium,
1544 2811 2025 2891 Eunomium,Eu-

443 2903 692 2970 doxium,
718 2913 774 2962 et
803 2906 1182 2978 Dernopbilum
1230 2931 1244 2967 :
1282 2921 1406 2982 post
1435 2913 1537 2969 hos
1569 2915 1632 2968 ’et
1659 2930 1756 2970 eos
1788 2916 1879 2986 qui
1901 2917 2024 2986 jure

443 2991 706 3052 dicuntur
753 2993 1055 3054 Dissimiles
1090 3009 1146 3053 et
1195 2998 1546 3066 Semiariani,
1597 3014 1760 3074 atque
1805 3021 2020 3060 omnem

2215 2369 2578 2442 Ἀποδέχομαι
2617 2371 2677 2426 δέ
2718 2371 2815 2425 καὶ
2856 2370 2956 2435 τὰς
2995 2371 3160 2439 άγίας
3191 2369 3286 2423 καὶ
3322 2370 3714 2440 οίκουμενικάς

2129 2463 2191 2528 ἒξ
2241 2463 2515 2530 συνόδους,
2564 2464 2659 2517 καὶ
2715 2464 2786 2518 τὰ
2840 2461 3023 2516 αὐτῶν
3077 2461 3200 2514 θεῖα
3252 2459 3500 2531 δόγματα
3525 2479 3585 2514 τε
3614 2464 3712 2515 καὶ

2127 2556 2456 2626 διδάγματα,
2504 2555 2582 2620 ὡς
2625 2556 2748 2626 θείᾳ
2797 2555 3099 2626 ἐμπνεύσει
3137 2555 3270 2625 ἡμῖν
3304 2553 3708 2624 παραδοθέντα.

2127 2649 2242 2701 Καὶ
2262 2647 2362 2716 τῆς
2383 2648 2486 2717 μὲν
2518 2650 2745 2718 πρώτης
2773 2647 3062 2718 όμοούσιον
3084 2647 3183 2701 καὶ
3207 2647 3548 2718 συνάναρχον
3566 2643 3714 2700 εἶναι

2131 2737 2634 2810 κηρυττούσης⁶τῷ
2669 2739 2847 2810 Πατρὶ
2885 2737 2978 2790 τὸν
3013 2737 3164 2801 Υίδν,
3195 2735 3584 2806 ἀναθεματίζω
3615 2737 3712 2790 τὸν

2129 2829 2367 2900 δυσσεϐῆ
2425 2830 2670 2900 Ἀρειον,
2747 2828 2974 2894 Ἀέτιον,
3028 2827 3302 2892 Εὐδόξιον,
3356 2827 3706 2897 Δημόφιλον·

2133 2920 2254 2992 μεθ’
2279 2921 2372 2986 οὓς
2405 2921 2501 2975 καὶ
2529 2921 2656 2984 τοὺς
2681 2919 2907 2983 ἐνδίκως
2933 2919 3263 2991 λεγομένους
3317 2919 3628 2988 ’Λνομοίους
3649 2935 3708 2972 τε

2130 3013 2226 3066 καὶ
2273 3011 2647 3082 Ἡμιαρείους,
2683 3010 2777 3063 καὶ
2812 3011 2994 3064 πᾶσαν
3024 3010 3125 3082 τὴν
3181 3011 3570 3081 μεμιασμένην
3604 3012 3708 3078 ὁμο

445 3079 853 3148 coinquiuatam
895 3099 1084 3140 eorum
1123 3096 1422 3144 catervam.
1457 3091 1591 3146 Cum
1621 3095 1860 3148 secunda
1895 3111 2022 3151 vero

2125 3102 2324 3172 ήγυριν
2344 3079 2678 3172 ἀὐτῶν.Τῆς
2693 3101 2748 3178 δὲ
2771 3101 3052 3173 δευτέρας,
3081 3079 3214 3158 Θεὸν
3231 3079 3369 3154 εἶναι
3400 3079 3460 3154 τὸ
3485 3101 3709 3171 Πνεῦμα

441 3169 614 3224 Deum
645 3185 768 3226 esse
799 3173 1061 3243 Spiritum
1085 3189 1334 3232 sanctum
1378 3191 1428 3235 et
1461 3181 1848 3238 viviticatorem
1889 3201 2022 3240 con-

447 3265 626 3327 litens,
670 3266 872 3336 abjieio
921 3268 1299 3326 Macedonium
1359 3283 1414 3328 et
1470 3290 1665 3332 omnes
1719 3278 1812 3346 qui
1863 3281 2024 3334 unius

444 3373 568 3408 cum
601 3357 696 3411 illo
721 3371 850 3413 sunt
881 3376 1100 3427 sensus,
1134 3380 1258 3418 cum
1305 3365 1391 3421 his
1420 3375 1603 3422 autem
1637 3379 1692 3424 et
1717 3368 1827 3423 Deo
1860 3387 2023 3440 pero-

445 3466 566 3502 sum
601 3451 1029 3522 Apollinarium,
1061 3459 1152 3527 qui
1183 3458 1460 3516 insensate
1507 3461 1746 3533 desipuit
1773 3463 1895 3536 [σν.
1930 3467 2023 3536 qui

445 3543 566 3598 sine
598 3554 779 3600 mente
813 3547 1072 3616 opinatus
1112 3549 1244 3622 est.]
1274 3551 1411 3607 Cum
1447 3555 1605 3610 tertia
1632 3567 1816 3612 autem
1853 3573 2023 3614 unum

443 3632 741 3688 Dominum
794 3633 982 3692 Jesum
1010 3639 1290 3694 Christum
1343 3658 1532 3698 verum
1570 3645 1738 3701 Deum
1771 3659 2023 3706 nostrum

443 3737 510 3774 ex
544 3719 709 3778 Patre
743 3727 1008 3794 genitum,
1051 3731 1414 3802 eumdemque
1447 3735 1513 3789 in
1565 3737 1884 3794 novissiruis
1909 3741 2025 3816 die-

442 3816 549 3870 bus
575 3827 794 3886 propter
816 3821 1048 3876 salutem
1076 3832 1317 3878 nostram
1349 3825 1694 3883 incarnatum
1734 3845 1798 3885 ex
1833 3842 2022 3888 saneta

444 3903 542 3960 Dei
577 3907 852 3964 Genitrice
889 3926 1212 3982 semperque
1248 3916 1459 3986 virgine
1482 3916 2020 3989 Maria,praedicans,

444 3995 687 4054 hominis
717 3999 985 4056 cultorem
1025 4001 1363 4070 Nestorium,
1405 4013 1459 4059 et
1509 4007 1689 4079 bigam
1724 4025 1846 4080 quae
1875 4013 2021 4068 circa

442 4089 623 4154 ipsum
651 4101 754 4155 est,
790 4093 1080 4148 Diodorum
1123 4095 1198 4150 ait
1226 4111 1292 4151 ac
1319 4096 1691 4166 Theodorum,
1725 4118 1937 4159 necnon
1969 4113 2024 4160 et

452 4201 644 4240 eorum
675 4189 1036 4256 prodigiosam
1057 4190 1298 4246 fabulam
1317 4193 1697 4264 pradicantes,
1722 4197 1844 4253 etin
1861 4199 2023 4256 Chri—

443 4289 530 4332 sto
591 4281 936 4348 personalem
987 4283 1311 4339 dualitatem
1359 4284 1684 4354 formantes,
1743 4293 1938 4360 procul
1989 4309 2020 4347 a

442 4371 794 4429 confessione
830 4391 949 4430 mea
999 4377 1223 4446 repello.
1259 4378 1526 4434 Praeterea
1557 4396 1684 4436 cum
1720 4394 1915 4454 quarta
1951 4401 2015 4441 ex

443 4465 658 4520 duabus
699 4469 910 4522 naturis
953 4477 1006 4522 et
1035 4469 1090 4522 in
1130 4469 1346 4525 duabus
1369 4473 1583 4527 naturis
1607 4489 1778 4528 unum
1809 4483 2017 4531 sancta:

442 4557 730 4616 Trinitatis
778 4560 1062 4616 Christum
1093 4561 1257 4616 Deum
1285 4572 1532 4618 nostrum
1574 4580 1743 4620 earue
1801 4567 2019 4624 venisse

441 4651 704 4715 sentiens,
762 4653 1166 4708 auathematizo
1235 4654 1612 4726 Eutycbelem,
1665 4657 2014 4726 Dioscorum,

439 4750 495 4794 t-t
534 4753 702 4796 totam
747 4743 991 4810 ipsorum
1037 4745 1153 4800 siue
1197 4747 1372 4817 capite
1411 4747 1842 4816 multitudinem,
1906 4766 2016 4806 una

440 4849 566 4888 rum
600 4835 864 4892 divinitus
884 4836 1226 4894 fulminando
1259 4839 1486 4907 Severo,
1505 4849 1560 4896 et
1590 4840 1814 4897 infando
1838 4841 2017 4898 Julia-

439 4941 512 4979 no
553 4923 995 4994 Halicarnasseo,
1027 4930 1121 4999 qui
1165 4930 1408 4984 fabulose
1441 4930 1734 4986 Dominum
1761 4941 2010 4988 nostrum

394 5049 398 5062 ι
440 5019 821 5088 incorruptum
847 5037 1047 5091 corpus
1079 5023 1389 5092 Suscepisse
1428 5024 1722 5092 perhibuit.
1770 5024 2016 5096 Denique

439 5111 493 5162 iu
530 5111 742 5179 quinta,
795 5128 916 5182 qua:
953 5114 1094 5167 sicut
1139 5115 1404 5169 maclnera
1451 5115 1682 5184 spiritus
1727 5117 1778 5171 in
1821 5133 2016 5188 super-

439 5201 559 5255 ﬁcie
606 5202 1014 5272 quodammodo
1048 5221 1110 5258 ex
1155 5205 1428 5273 prioribus
1475 5209 1815 5278 temporibus
1858 5215 2015 5266 navi-

437 5300 632 5362 gantes
689 5293 910 5363 iniquas
963 5296 1188 5350 rescidit
1257 5295 1523 5358 haereses:
1584 5305 1638 5351 et
1697 5298 2013 5358 inventores

436 5383 696 5454 patefecit
723 5399 936 5449 earum,
978 5383 1266 5454 Origenem
1299 5385 1572 5447 videlicet,
1609 5397 1666 5441 et
1691 5386 2004 5458 Didymum,

437 5487 489 5531 et
535 5478 868 5548 Eragrium;
917 5477 988 5532 ita
1014 5483 1095 5532 ‘et
1130 5491 1230 5546 ego
1259 5476 1379 5541 has,
1419 5486 1608 5544 utpote
1662 5488 2010 5548 portentosas

437 5569 820 5624 ltrereticorum
871 5569 1258 5634 tabulationes,
1294 5569 1518 5639 repello.
1571 5570 1742 5627 Porro
1766 5589 1862 5643 per
1897 5591 2012 5630 sex-

435 5671 548 5714 tam
595 5662 732 5716 sicut
762 5678 825 5716 ex
875 5663 1089 5719 duabus
1126 5662 1339 5717 naturis
1373 5661 1679 5732 Christum,
1706 5682 1769 5720 cx
1812 5667 2012 5735 quibus

2123 3192 2187 3245 τὸ
2229 3191 2407 3259 ἅγιον,
2454 3191 2515 3246 τὸ
2561 3181 2901 3262 Κύριονκαὶ
2946 3191 3273 3256 ζοωποιοῦν’,
3322 3190 3710 3259 amentem;

2124 3283 2458 3338 Μακεδόνιον
2487 3284 2582 3338 καὶ
2621 3283 2832 3346 πάντας
2862 3284 2992 3346 τοὺς
3028 3285 3338 3354 ὁμόφρονας
3387 3281 3556 3352 αὐτῷ.
3602 3283 3709 3334 Σὺν

2123 3375 2336 3438 τούτοις
2365 3375 2422 3428 δὲ
2445 3375 2538 3430 καὶ
2561 3375 2654 3428 τὸν
2685 3372 2956 3444 θεοστυγῆ
2994 3374 3393 3444 Ἀπολινάριον,
3426 3373 3519 3426 τὸν
3551 3374 3712 3443 ἀνοήο

2125 3483 2233 3530 τως
2271 3467 2642 3536 φρονήσαντα.
2697 3465 2810 3535 Τῆς
2863 3465 2920 3517 δὲ
2976 3464 3191 3534 τρίτης,
3221 3463 3319 3516 Eva
3371 3463 3463 3515 τὸν
3497 3463 3710 3533 Κύριον

2127 3555 2285 3627 ἡμῶν
2330 3553 2540 3626 Ἰησοῦν
2569 3555 2808 3626 Χριστὸν
2851 3553 2944 3606 τὸν
2975 3553 3231 3623 ἀληθινὸν
3278 3553 3411 3607 Θεὸν
3441 3553 3597 3623 ἡμῶν
3643 3558 3709 3605 ἐκ

2125 3645 2219 3700 τοῦ
2262 3646 2476 3718 Πατρδς
2507 3645 2862 3716 γεννηθέντα,
2897 3646 3063 3700 αὐτόν
3093 3662 3154 3698 τε
3189 3647 3278 3699 ἐπ’
3303 3645 3547 3715 ἐσχάτων
3593 3645 3708 3697 τῶν

2127 3739 2352 3810 ἡμερῶν
2377 3737 2471 3793 διὰ
2505 3739 2606 3809 τὴν
2637 3739 2914 3810 ἡμετέραν
2948 3737 3230 3809 σωτηρίαν
3260 3736 3615 3807 σαρκωθέντα
3642 3739 3709 3790 ἐκ

2123 3834 2227 3902 τῆς
2259 3831 2418 3900 ἁγίας
2463 3830 2730 3885 Θεοτόκου
2787 3831 2882 3884 καὶ
2921 3829 3310 3901 Ἀειπαρθένου
3339 3829 3582 3899 Μαρίας,
3614 3828 3708 3882 τὸν

2124 3923 2589 3995 ἀνθρωπολάτρην
2626 3922 2923 3993 Νεστόριον
2949 3921 3047 3976 καὶ
3074 3923 3176 3991 τὴν
3211 3923 3351 3991 ἀμφ’
3383 3921 3546 3974 αὑτὸν
3574 3919 3704 3986 ξυν-

2123 4011 2320 4081 ωρίδα,
2385 4012 2530 4082 φημὶ
2574 4011 2640 4083 δὴ
2691 4011 2956 4081 Διόδωρόν
3011 4027 3070 4063 τε
3133 4012 3226 4064 καὶ
3276 4011 3572 4080 Θεόδωρον,
3609 4011 3707 4063 καὶ

2124 4105 2252 4168 τοὺς
2297 4103 2397 4174 τὴν
2441 4104 2623 4156 αὐτῶν
2669 4101 3072 4174 τερατομυθίαν
3122 4101 3592 4172 πρεσϐεύσαντας,
3628 4102 3708 4164 ὡς

2124 4196 2425 4265 νοήσαντας
2485 4195 2578 4248 ἐπὶ
2624 4193 2862 4265 Χριστοῦ
2923 4190 3025 4262 τὴν
3095 4191 3456 4262 προσωπικὴν
3511 4191 3703 4253 δυάδα,

2126 4284 2317 4358 πόρῤω
2338 4285 2438 4355 τῆς
2473 4285 2614 4356 ὲμῆς
2641 4285 2934 4356 ὁμολογίας
2975 4285 3223 4340 ἐκδιώκω
3250 4304 3264 4318 θ
3298 4285 3398 4354 τῆς
3422 4285 3478 4338 δὲ
3508 4286 3707 4355 τετάρ-

2124 4393 2245 4446 της,
2266 4377 2332 4430 ἐκ
2353 4375 2448 4430 δύο
2475 4376 2692 4446 φύσεων
2729 4376 2870 4430 εῖναι
2895 4379 2988 4430 τὸν
3017 4378 3115 4431 ἕνα
3152 4378 3251 4448 τῆς
3279 4379 3446 4447 ἁγίας
3471 4379 3704 4446 Τριάδος

2053 4439 2098 4495 D
2121 4439 2361 4536 Χριστὸν
2391 4439 2498 4519 τὸν.
2514 4466 2649 4519 Θεὸν
2687 4467 2846 4537 ἡμῶν
2881 4468 3050 4538 σαρκὶ
3083 4439 3532 4538 ἐπιδημήσανταξ
3568 4469 3703 4520 ἀνα-

2123 4560 2403 4631 θεματίζω
2429 4561 2698 4632 Εὐτυχέα,
2730 4562 3043 4632 Διόσκορον,
3085 4561 3180 4616 καὶ
3212 4565 3396 4616 πᾶσαν
3435 4561 3535 4632 τὴν
3569 4562 3701 4614 ἀκέο

2123 4652 2294 4722 φαλον
2317 4653 2499 4708 αὐτῶν
2531 4653 2765 4724 πληθὺν.
2802 4655 2941 4725 μετά
2979 4655 3073 4709 καὶ
3109 4654 3350 4724 Σεὸήρου
3377 4653 3472 4706 τοῦ
3505 4653 3704 4725 θεηλὰ-

2119 4763 2238 4812 του,
2289 4746 2383 4800 καὶ
2442 4745 2538 4800 τοῦ
2575 4747 2840 4818 ἀθεμίτου
2881 4747 3172 4802 Ἰουλιανοῦ
3201 4749 3297 4802 τοῦ
3343 4748 3704 4819 Ἀλικαρνασ-

2121 4839 2282 4901 σέως,
2305 4839 2398 4892 τοῦ
2433 4839 2846 4910 μυθευσαμένου
2881 4841 3160 4910 ἄφθαρτον
3191 4841 3349 4910 σῶμα
3374 4841 3466 4892 τὸν
3496 4839 3701 4909 Κύριον

2117 4931 2277 5002 ἡμῶν
2325 4931 2532 5001 Ἰησοῦν
2583 4931 2819 5001 Χριστὸν
2854 4931 3246 4988 ἁναλαὸἐσθαι.
3284 4931 3398 5000 Τῆς
3447 4931 3506 4984 δὲ
3558 4932 3702 5000 πέμ-

2121 5041 2284 5094 πτης,
2306 5025 2383 5087 ὡς
2418 5024 2452 5093 ἡ
2481 5022 2574 5076 τοῦ
2618 5021 2936 5094 Πνεύματος
2970 5023 3218 5092 μάχαιρα
3261 5022 3359 5084 τὰς
3400 5022 3461 5086 ἐξ
3491 5022 3702 5077 ἄνωθεν

2115 5116 2226 5170 τῶν
2281 5116 2491 5188 χρόνων
2545 5114 2984 5178 ἐπιπολαζούσας
3024 5115 3298 5184 ἀθέσμους
3339 5113 3581 5182 αἱρέσεις
3613 5113 3701 5178 ἐξ·

2115 5207 2298 5276 έτεμε,
2319 5209 2414 5258 καὶ
2425 5205 2552 5267 τοὺς
2581 5203 2881 5275 ἐφευρετὰς
2903 5203 3086 5258 αὐτῶν
3104 5202 3527 5273 ἐθριάμϐευσεν,
3559 5203 3700 5272 Ὠρι-

2111 5299 2302 5368 γένην,
2331 5297 2563 5367 Δίδυμόν
2592 5314 2652 5350 τε
2691 5297 2789 5351 καὶ
2843 5297 3140 5369 Εὐάγριον,
3181 5293 3342 5363 κάγὼ
3385 5293 3701 5364 ἐξωθοῦμαι

2121 5390 2197 5453 ὡς
2243 5389 2540 5458 αἱρετικῶν
2564 5389 2980 5460 τερετισμάτων
3030 5387 3202 5460 [ἄλλ.
3234 5382 3697 5457 τερατευμάτων]

2124 5482 2470 5552 μυθεύματα.
2523 5481 2635 5551 Τῆς
2692 5481 2750 5534 δὲ
2791 5481 2978 5554 ἕκτης,
3013 5481 3202 5552 ὥσπερ
3241 5481 3305 5532 ἐκ
3360 5478 3457 5532 δύο
3483 5478 3702 5548 φύσεων

2121 5576 2208 5627 τὸν
2240 5575 2496 5644 Χριστὸν,
2531 5573 2590 5638 ἐξ
2620 5567 2695 5628 ὧν
2725 5577 2894 5638 ἐστιν,
2926 5573 3100 5637 οὕτως
3125 5575 3221 5628 καὶ
3270 5569 3368 5632 τὰς
3399 5569 3494 5623 δύο
3540 5589 3701 5640 φυσιο

2119 5669 2220 5731 κάς
2284 5666 2532 5738 θελήσεις
2579 5684 2637 5720 τε
2693 5666 2786 5722 καὶ
2818 5665 3102 5737 ἐνεργείας
3141 5667 3199 5718 ἐν
3254 5669 3493 5738 ἑκατέρᾳ
3540 5665 3700 5734 φύσει
