4090 6286
395 275 534 346 1485

1831 287 2090 348 EPISTC
2103 291 2235 350 LE.

3525 301 3658 366 1566

391 415 756 481 πεπίστευκα,
788 414 1102 486 ἀνθρωπίνῃ
1135 433 1188 468 τε
1220 415 1312 467 καὶ
1339 413 1516 489 θιῖκῇ.
1552 419 1658 474 Καὶ
1691 419 1977 474 bneﬁcium

2082 411 2128 454 rt
2161 413 2265 463 est,
2296 406 2426 460 olim
2471 423 2592 463 esse
2640 408 2934 464 didiceram
2970 429 2984 476 ;
3020 411 3094 464 ita
3133 420 3186 466 et
3225 413 3358 468 duas
3381 418 3663 472 naturales

393 508 467 578 τῷ
520 507 824 580 άναθέματι
870 507 1077 578 Κῦρον,
1120 509 1368 580 Σέργιον,
1415 509 1690 582 Ὀνιέιριον,
1734 514 1973 586 Πύρρον,

393 600 436 652 Π
450 599 628 662 λῦλον,
659 601 753 654 καὶ
787 600 998 665 πάντας
1031 601 1156 665 τοὺς
1189 601 1484 672 ὁμοδόξους
1525 605 1733 668 αὐτοῖς,
1763 605 1858 658 καὶ
1891 607 1958 659 τά

392 693 579 746 αὐτῶν
599 693 866 763 δόγματα,
881 692 960 756 ὡς
981 693 1274 763 Σοδομίνην
1300 694 1546 764 ἄμπελον
1570 699 1664 748 καὶ
1683 697 1970 768 Γομοῤῥη-

393 785 492 852 νὴν
525 783 834 853 κληματίδα
879 783 1111 854 ἔχουσαν
1145 784 1342 856 βότρυν
1387 787 1616 858 πικρίας
1665 787 1970 856 μεμίσηκα.

393 877 503 944 Τῆς
541 875 597 928 δὲ
650 877 824 946 αὐτῆς
881 877 1046 945 ἁγίας
1103 878 1268 948 ἕκτης
1313 879 1556 944 συνόδου,
1590 879 1978 950 μετάπάντων

392 966 500 1017 τῶν
527 966 808 1035 ὲνθέσμως
836 967 930 1020 καὶ
957 967 1194 1030 θειωδῶς
1219 969 1648 1038 ἐκφωνηθέντων
1685 969 1972 1045 δογμάτων

395 1059 526 1128 παρ’
561 1058 754 1128 αὐτῆς,
783 1059 876 1112 καὶ
927 1059 1058 1121 τοὺς
1107 1058 1429 1123 ἐκδοθέντας
1457 1061 1685 1125 κανόνας
1709 1062 1973 1132 ἀποδέχο-

399 1169 516 1218 μαι,
555 1152 612 1203 ἐν
641 1145 722 1214 οἷς
744 1152 1046 1222 ἐμφέρεται
1071 1169 1084 1180 ·
1115 1151 1174 1206 ἐν
1215 1171 1328 1206 τισι
1354 1155 1463 1208 τῶν
1504 1156 1720 1210 σεπτῶν
1748 1157 1974 1210 εἰκόνων

399 1241 642 1308 γραφαῖς
676 1239 846 1306 ἀμνὸς
875 1240 1130 1312 δακτύλῳ
1156 1241 1249 1295 τοῦ
1277 1244 1588 1315 προδρόμου
1623 1247 1976 1316 δεικνύμενος

397 1327 815 1398 ὲγχαράττεται,
846 1329 905 1392 ὃς
929 1331 1009 1394 είς
1042 1331 1212 1384 τύπον
1240 1333 1564 1406 παρελήφθη
1597 1337 1694 1404 τῆς
1729 1339 1976 1408 χάριτος,

397 1420 488 1471 τὶν
535 1418 791 1488 ἀληθινὸν
832 1421 964 1490 ἡμῖν
1009 1421 1100 1475 διὰ
1139 1423 1308 1494 νόμου
1338 1428 1775 1496 προῦποφαίνων
1803 1429 1977 1498 άμνῖιν

397 1510 632 1580 Χριστὸν
659 1511 748 1564 τὸν
780 1511 916 1565 Θεδν
948 1513 1127 1585 ήμῶν.
1159 1516 1296 1578 Τοὺς
1321 1513 1414 1571 οὖν
1463 1519 1733 1583 παλαιοὺς
1767 1518 1973 1584 τύπους

400 1603 493 1656 καὶ
520 1602 621 1666 τὰς
648 1605 828 1668 σκιάς,
855 1605 931 1666 ὡς
956 1605 1056 1676 τῆς
1083 1607 1346 1678 ἀληθείας
1369 1609 1617 1680 σύμὸολά
1634 1629 1692 1663 τε
1721 1612 1815 1664 καὶ
1843 1629 1976 1680 προ-

2087 495 2398 552 voluntatcs
2443 507 2498 552 et
2529 500 2882 567 Operationes
2916 501 3032 570 ejus
3085 503 3140 556 in
3189 513 3420 575 utraque
3463 519 3658 563 natura

2087 585 2316 651 crtdidi,
2374 588 2614 644 humana
2668 591 2877 646 scilicet
2921 605 2976 648 et
3017 595 3201 650 divina
3274 597 3659 668 Submittoque

2085 677 2418 731 anathemati
2473 679 2766 750 Cyruutct
2837 681 3109 756 Sergium,
3159 684 3484 754 Honorium,
3527 687 3660 760 Pyr-

2083 769 2269 835 rhum,
2293 769 2548 836 Paulum,
2599 781 2654 828 et
2703 789 2896 830 omnes
2955 787 3369 836 consectatores
3411 797 3654 848 eorum;

2078 861 2271 930 dogma
2300 879 2516 932 quoque
2561 865 2826 934 ipsorum,
2866 875 2924 922 ut
2967 867 3359 924 Sodomiticam
3386 871 3574 937 vitem,
3603 879 3658 927 et

2081 953 2544 1010 Gomorrhiticam
2598 959 2971 1029 propaginem,
3019 962 3406 1018 amaritudinis
3435 964 3658 1036 botryo-

2079 1061 2203 1099 nem
2248 1045 2532 1112 habentes,
2591 1048 2757 1103 odivi.
2812 1048 2990 1120 ipsius
3038 1061 3217 1105 autem
3257 1062 3460 1108 saneta:
3493 1065 3658 1109 sextae

2077 1140 2271 1210 synodi
2299 1155 2422 1194 cum
2471 1141 2728 1196 omnibus
2770 1142 3149 1212 dogmatibus,
3172 1160 3295 1213 qua:
3323 1145 3569 1214 legaliter
3593 1161 3658 1200 ac

2076 1232 2338 1288 divinitus
2361 1234 2430 1288 ab
2451 1248 2513 1287 ea
2547 1234 2893 1304 promulgata.
2927 1243 3075 1301 sunt,
3109 1237 3274 1291 etiam
3305 1237 3658 1307 depromptos

2077 1339 2316 1378 canones
2349 1324 2572 1395 recipio,
2604 1325 2656 1379 in
2689 1327 2890 1396 quibus
2919 1329 3153 1383 refertur
3185 1347 3198 1382 :
3235 1331 3291 1384 ln
3325 1331 3654 1399 quibusdam

2075 1415 2469 1470 venerabiliutn
2506 1417 2805 1488 imaginum
2843 1419 3074 1489 picturis
3106 1436 3280 1492 agnus
3318 1423 3492 1493 digito
3523 1439 3660 1492 prte-

2079 1506 2322 1561 cnrsoris
2353 1517 2614 1562 exaratur
2639 1517 2922 1574 ostensus,
2957 1511 3130 1580 quiin
3165 1513 3338 1583 ﬁgura
3377 1514 3659 1582 praecessit

2079 1597 2286 1666 gratim,
2307 1613 2495 1652 verum
2525 1599 2678 1654 nobis
2705 1617 2799 1670 per
2828 1602 3002 1672 legem
3021 1604 3405 1660 demonstrans
3431 1621 3659 1676 agnum,
3704 1629 3712 1636 -

401 1696 750 1765 χαράγματα,
783 1699 848 1767 τῇ
875 1697 1174 1772 Ἐκκλησία
1195 1701 1670 1772 παραδεδομένους
1694 1720 1979 1756 κατασπα-

2082 1690 2358 1748 Christum
2390 1695 2642 1751 videlicet
2664 1696 2955 1753 Dominum
2980 1709 3255 1755 nostrum.
3281 1700 3504 1756 Veteres
3529 1716 3662 1770 ergo

399 1786 637 1856 ζόμενοι,
668 1789 766 1860 τὴν
801 1791 961 1862 χάριν
1007 1791 1374 1862 προτιμῶμεν
1423 1795 1518 1848 καὶ
1551 1795 1652 1864 τὴν
1695 1796 1976 1867 ἀλήθειαν,

349 1920 351 1922 .
402 1878 477 1942 ὡς
510 1877 782 1950 πλήρωμα
807 1881 976 1950 νόμου
1003 1882 1209 1952 ταύτην
1230 1883 1651 1955 ὑποδεξάμενοι·
1682 1887 1758 1952 ὡς
1795 1889 1862 1942 ἂν
1885 1884 1980 1943 οὖν

401 1970 460 2023 τὸ
493 1969 696 2023 τέλειον
724 1971 819 2024 καὶ
847 1972 907 2024 ἐν
938 1973 1060 2036 ταῖς
1092 1977 1577 2046 χρωματουργίαις
1605 1979 1662 2030 ἐν
1699 1981 1816 2042 ταῖς
1842 1979 1980 2032 πάν-

401 2079 506 2114 των
533 2062 720 2132 ὄψεσιν
738 2064 1148 2136 ὑπογράφηται,
1170 2067 1264 2119 τὸν
1285 2067 1380 2120 τοῦ
1407 2067 1653 2140 αίροντος
1679 2070 1778 2140 τὴν
1801 2072 1982 2142 ἀμαρ-

401 2155 522 2208 τίαν
548 2155 640 2208 τοῦ
671 2157 878 2226 κόσμου
902 2156 1075 2227 ἀμνοῦ
1104 2157 1340 2237 Χριστοῦ
1369 2159 1463 2213 τοῦ
1488 2161 1629 2215 ’Θεοῦ
1657 2163 1690 2232 ὴ
1699 2163 1814 2230 μῶν
1842 2163 1982 2218 κατὰ

402 2246 494 2298 τὸν
534 2245 879 2318 ἀνθρώπινον
925 2249 1252 2320 χαρακτῆρα
1274 2250 1367 2304 καὶ
1396 2253 1452 2303 ἐν
1478 2253 1600 2314 ταῖς
1638 2236 1843 2305 εἰκόσιν
1874 2255 1981 2306 ἀπὸ

403 2339 496 2390 τοῦ
528 2339 626 2391 νῦν
659 2340 780 2392 ἀντὶ
809 2339 901 2392 τοῦ
941 2340 1175 2394 παλαιοῦ
1211 2343 1385 2412 ἀμνοῦ
1409 2344 1842 2414 ἀναστηλοῦσθαι
1867 2347 1982 2416 όρί-

403 2433 600 2497 ζομεν·
643 2430 711 2484 δι’
740 2431 904 2484 αὐτοῦ
935 2431 995 2484 τὸ
1023 2432 1120 2503 τῆς
1150 2433 1532 2498 ταπεινώσεως
1560 2433 1690 2504 ὕψος
1723 2434 1816 2488 τοῦ
1844 2435 1978 2489 Θεοῦ

401 2521 561 2580 λόγου
597 2521 1009 2587 κατανοοῦντες,
1051 2522 1146 2576 καὶ
1177 2523 1314 2595 πρὸς
1347 2525 1568 2595 μνήμην
1601 2527 1698 2595 τῆς
1726 2527 1785 2578 ἐν
1817 2527 1981 2595 σαρκὶ

403 2613 698 2676 πολιτείας,
733 2612 828 2667 τοῦ
867 2631 926 2669 τε
959 2615 1166 2679 πάθους
1211 2615 1377 2670 αὑτοῦ
1419 2617 1513 2670 καὶ
1566 2616 1660 2670 τοῦ
1711 2619 1978 2688 σωτηρίου

403 2706 634 2760 θανάτου
653 2707 1198 2778 χειραγωγούμενοι,
1236 2709 1332 2762 καὶ
1376 2710 1475 2780 τῆς
1525 2710 1776 2764 ἐντεῦθεν
1829 2728 1980 2778 γενο-

406 2798 576 2866 μένης
630 2797 708 2867 τῷ
755 2799 946 2868 κόσμῳ
994 2798 1450 2869 ἀπολυτρώσεως.
1500 2801 1580 2854 Τὰ
1631 2801 1688 2854 δὲ
1745 2803 1980 2872 περιττά

403 2887 760 2958 θρυλλὴματά
790 2906 851 2940 τε
884 2887 978 2941 καὶ
1013 2887 1428 2960 βατταρίσματα
1451 2891 1588 2961 μετά
1617 2892 1787 2944 ταῦτα
1821 2892 1982 2946 6.6013-

402 2979 508 3040 λαις
541 2979 948 3048 ὲκφωνηθέντα,
995 2981 1070 3044 ὡς
1121 2981 1251 3052 παρ’
1281 2983 1406 3050 ὑμῖν
1471 2984 1546 3052 μὴ
1590 2983 1975 3052 ἀποδεχθέντα,

405 3071 542 3140 μηδὲ
588 3061 730 3126 κατά
775 3069 928 3124 θείαν
968 3073 1128 3144 χάριν
1177 3073 1506 3142 λαληθέντα,
1537 3074 1770 3129 ἀϐέϐαια
1817 3076 1980 3144 ἡγοί-

405 3179 518 3231 μαι,
575 3164 683 3230 καὶ
721 3161 934 3233 χαίρειν
982 3162 1190 3228 τούτοις
1237 3165 1506 3228 εἰπόντες,
1566 3167 1661 3218 καὶ
1737 3166 1980 3220 ἐκποδὼν

403 3255 784 3326 ποιησάμενοι,
833 3255 1246 3325 διαζωννύμεθα
1281 3256 1380 3320 τὰς
1435 3255 1642 3325 ὀσφύας
1683 3258 1842 3327 ἡμῶν
1882 3259 1980 3328 τῆς

400 3345 638 3410 διανοίας
667 3348 726 3400 ὲν
758 3345 1008 3418 ἀληθείᾳ,
1042 3347 1136 3400 καὶ
1167 3346 1562 3416 διανιστάμεθα
1609 3347 1725 3419 ἅμα
1759 3351 1868 3411 τοῖς
1893 3350 1981 3401 εὐ-

403 3437 584 3490 σεϐέσι
617 3439 924 3509 προμάχοις
968 3439 1065 3507 τῆς
1095 3437 1360 3507 ἀληθείας
1406 3441 1620 3501 πιστοῖς
1670 3439 1980 3508 βασιλεῦσιν

401 3529 559 3601 ἡμῶν
612 3531 750 3599 πρὸς
797 3529 992 3581 ἕνωσιν
1019 3528 1119 3593 τῆς
1148 3529 1308 3594 ἁγίας
1357 3528 1450 3580 τοῦ
1502 3529 1636 3580 Θεοῦ
1687 3529 1980 3598 καθολικῆς

411 3621 778 3690 Ἐκκλησίας’
815 3620 909 3683 οὓς
961 3621 1058 3673 καὶ
1095 3619 1314 3672 σύνοδον
1368 3619 1622 3686 γενέσθαι
1670 3621 1982 3686 οίκουμενι-

403 3712 505 3782 κῆν
540 3711 865 3782 ᾐτησάμεθα
913 3711 1007 3762 ἐπὶ
1063 3709 1336 3779 παρουσίᾳ
1369 3709 1704 3772 παντὸς,τοῦ
1738 3708 1983 3780 φιλοχρί-

404 3819 532 3857 στου
571 3802 751 3855 αὐτῶν
796 3801 927 3854 λαοῦ
949 3818 962 3832 ·
1000 3801 1094 3854 καὶ
1123 3803 1188 3870 τῇ
1217 3800 1461 3872 ἡμετέρᾳ
1493 3802 1708 3870 αἰτήσει
1740 3801 1982 3864 εὐσεϐῶς

403 3895 734 3948 ἐπένευσαν·
763 3893 886 3946 ὃθεν
931 3893 1074 3964 ὑμᾶς
1125 3893 1254 3955 τοὺς
1293 3911 1312 3944 ι
1335 3891 1859 3962 ὲποικοδομηθέντας
1889 3893 1983 3946 ἐπὶ

402 3985 479 4055 τῷ
513 3985 748 4056 θεμελίῳ
796 3983 906 4036 τῶν
958 3975 1274 4036 ἀποστόλων
1317 3983 1411 4034 καὶ
1459 3983 1777 4052 προφητῶν,
1831 3982 1982 4046 ὄντος

401 4075 800 4146 ἀκρογωνιαίου
862 4073 1030 4128 αὑτοῦ
1073 4071 1251 4144 Ἰησοῦ
1314 4070 1616 4140 Χριστοῦ,ι
1681 4072 1863 4136 καθὼς
1925 4075 1982 4127 ἐν

402 4169 515 4230 τοῖς
559 4166 794 4236 πρόσθεν
842 4166 1076 4237 εἴρηται,
1133 4165 1455 4234 συμμάχους
1505 4164 1600 4216 καὶ
1652 4164 1983 4228 συνοπαδοὺς

405 4261 499 4314 καὶ
535 4257 910 4322 συνασπιστὰς
951 4258 1264 4328 λαϐόμενοι,
1297 4275 1315 4306 ι
1349 4256 1678 4327 πεποίθησιν
1722 4258 1982 4327 τοιαύτην

2085 1783 2286 1854 liguras
2322 1794 2376 1840 et
2405 1785 2648 1850 umbras,
2683 1795 2874 1855 utpote
2900 1788 3146 1842 veritatis
3186 1779 3406 1854 indicia,
3439 1797 3494 1842 et
3521 1805 3664 1858 pra:-

2082 1876 2338 1932 cedentes
2387 1877 2736 1933 characteres
2787 1878 3043 1935 Ecclesiae
3079 1880 3309 1936 traditos
3334 1883 3660 1949 salutantes,

2083 1967 2310 2037 gratiam
2365 1966 2572 2021 honore
2617 1966 2959 2036 praeferimus
3003 1977 3058 2022 et
3089 1969 3396 2034 veritatem,
3432 1969 3572 2024 hanc
3602 1975 3662 2024 ut

2083 2057 2221 2124 legis
2265 2057 2654 2126 plenitudinem
2705 2058 3078 2120 admittentes.
3115 2058 3185 2114 Ut
3219 2074 3351 2128 ergo
3384 2059 3652 2130 perfectio

2081 2150 2246 2204 etiam
2282 2166 2378 2219 per
2411 2150 2655 2206 colorum
2681 2152 3028 2220 operationcs
3063 2152 3116 2206 in
3149 2153 3393 2206 omnium
3419 2153 3660 2209 vultibus

2081 2242 2425 2311 depingatur,
2477 2241 2849 2296 characterem
2895 2241 3035 2312 Agni
3076 2240 3170 2296 Dei
3223 2243 3396 2299 nostri
3429 2242 3656 2308 Christi,

2082 2336 2174 2404 qui
2226 2336 2365 2389 tollit
2393 2345 2611 2403 peccata
2649 2335 2860 2400 mundi,
2909 2337 3208 2391 secundum
3260 2337 3656 2391 humanitatem

2081 2429 2244 2482 etiam
2285 2428 2340 2481 in
2384 2427 2560 2482 iconis
2597 2444 2664 2482 ex
2708 2427 2814 2483 hoc
2847 2445 2946 2498 pro
2986 2430 3153 2483 veteri
3187 2445 3328 2500 agno
3367 2429 3660 2486 definimus

2081 2517 2334 2590 depingi:
2369 2535 2464 2588 per
2492 2533 2617 2575 eum
2647 2521 2898 2575 videlicet
2934 2521 3309 2576 celsitudinem
3337 2521 3660 2575 humilitatis

2083 2610 2178 2666 Dei
2207 2610 2368 2667 Verbi
2398 2613 2832 2676 considerantes,
2865 2623 2915 2667 ct
2955 2613 3022 2666 ad
3061 2614 3378 2668 memoriam
3417 2628 3657 2668 conver-

2083 2705 2317 2760 sationis
2343 2721 2510 2775 quam
2551 2705 2602 2758 in
2639 2721 2805 2760 carne
2839 2707 3030 2774 gessit,
3062 2705 3331 2774 passionis
3349 2721 3570 2774 quoque
3595 2720 3662 2760 ac

2082 2797 2338 2852 salutaris
2371 2797 2562 2852 mortis
2612 2795 2732 2865 ejus
2771 2797 3014 2864 adducti,
3055 2805 3218 2866 atque
3265 2797 3658 2866 redemptionis

2083 2905 2204 2958 qua:
2247 2889 2480 2944 hincest
2517 2893 2722 2943 mundo
2746 2889 2956 2944 eli‘ecta.
3005 2889 3320 2958 Supcrﬂuas
3354 2899 3532 2942 autem
3574 2901 3662 2942 tn—

2083 2984 2475 3039 multuationes
2521 2991 2577 3038 et
2623 2985 2975 3054 garrulitates
3022 2993 3144 3053 post
3177 2983 3292 3038 haec
3353 2983 3662 3038 inconsulte

2085 3073 2477 3143 promulgatas,
2522 3081 2580 3126 ut
2609 3072 2752 3140 apud
2783 3087 2882 3126 vos
2916 3071 3143 3125 minime
3172 3078 3453 3138 recept;:s,-
3485 3084 3661 3135 neque

2083 3181 2180 3234 per
2221 3165 2462 3218 divinam
2515 3165 2746 3232 gratiam
2795 3164 2996 3226 dictas,
3040 3163 3227 3216 irritas
3275 3161 3657 3216 aestimamus:

2073 3265 2134 3335 et
2171 3272 2269 3312 ave
2325 3257 2445 3311 istis
2489 3257 2755 3322 dicentes,
2797 3254 3129 3328 fugacesque
3159 3253 3377 3317 facturi,
3417 3253 3660 3322 accingi-

2081 3338 2215 3403 ωας
2238 3350 2453 3403 lumbos
2495 3349 2694 3408 mentis
2722 3357 2924 3402 nostra:
2954 3348 3008 3402 in
3059 3347 3306 3410 veritate,
3339 3353 3392 3400 et
3422 3345 3661 3402 suscita-

2082 3455 2204 3493 mnr
2227 3455 2332 3492 una
2357 3455 2480 3492 eum
2513 3439 2616 3506 piis
2633 3449 2685 3493 et
2707 3439 2960 3494 ﬁdelibus
2984 3439 3408 3508 imperatoribus
3431 3439 3657 3501 nostris,

2081 3529 2578 3599 propugnatoribus
2648 3529 2902 3584 videlicet
2963 3531 3230 3596 veritatis,
3279 3531 3346 3584 ad
3397 3530 3657 3584 unitatem

2083 3631 2285 3675 saneta:
2311 3620 2402 3673 Dei
2432 3619 2688 3676 Ecclesiae
2717 3640 2730 3674 :
2768 3637 2798 3674 a
2823 3621 3024 3690 quibus
3049 3633 3103 3674 et
3129 3621 3399 3692 synodum
3439 3623 3663 3675 univer-

2082 3712 2250 3767 salem
2279 3711 2570 3780 petivimus
2593 3711 2648 3765 id
2667 3712 2957 3781 prmsentia
2971 3712 3140 3767 totius
3161 3727 3353 3766 eorum
3380 3711 3494 3765 Deo
3513 3727 3660 3765 ama-

2081 3805 2207 3859 bilis
2232 3805 2434 3874 populi,
2463 3813 2516 3859 et
2539 3805 2892 3874 postulationi
2947 3815 3148 3860 nostra:
3201 3805 3288 3873 pie
3321 3813 3651 3858 annuerant.

2085 3895 2238 3950 Unde
2270 3910 2361 3950 ves
2378 3896 2468 3964 qui
2493 3913 2512 3946 ι
2539 3895 2952 3965 supertedilicati
2977 3895 3108 3950 estis
3145 3910 3309 3962 super
3330 3893 3658 3947 fundamen-

2085 3998 2198 4042 tum
2238 3987 2612 4057 apostolorum
2647 3997 2701 4040 et
2735 3988 3148 4057 pr0phctarum,
3191 3987 3368 4055 ipsum
3407 3983 3659 4039 videlicet

2084 4093 2358 4134 summum
2380 4085 2434 4132 et
2455 4077 2772 4148 angularem
2797 4077 3030 4144 lapidem
3051 4077 3330 4130 Christum
3353 4074 3656 4139 .lesum",r

2094 4169 2553 4238 quemadmodum
2594 4169 2646 4222 in
2682 4169 3112 4239 prmeedentibus
3161 4169 3493 4228 dictnmest,
3528 4182 3662 4220 con-

2088 4270 2387 4316 εενῑιιῑοιθε
2411 4270 2465 4316 οι
2485 4270 2894 4317 conscetatores
2926 4277 2992 4317 ac
3015 4261 3377 4315 εωχῑείιιιοτος
3429 4275 3659 4313 sumen-

403 4350 600 4421 εχομεν
653 4349 768 4422 τὴν
802 4351 938 4422 πρὸς
983 4351 1148 4404 Θεόν·
1185 4349 1283 4418 οὐχ
1329 4349 1414 4402 ὅτι
1464 4349 1638 4401 ἱκανοί
1684 4351 1852 4418 ἐσμεν
1887 4350 1979 4418 ἀφ’

2089 4361 2190 4418 tes,
2217 4353 2656 4408 «Conﬁdentiam
2709 4353 2872 4407 talem
2921 4352 3184 4406 habemus
3226 4351 3291 4405 ad
3332 4350 3658 4404 Dominum:

405 4442 612 4496 ἑαυτῶν
643 4443 965 4510 λογίσασθαί
984 4461 1036 4496 τι
1061 4441 1135 4506 ὡς
1167 4439 1226 4508 ἐξ
1253 4439 1480 4502 ἑαυτῶν,
1511 4439 1627 4492 ἀλλ’
1656 4441 1689 4510 ή
1732 4441 1984 4507 ἱκανότης

404 4534 565 4603 ἡμῶν
595 4535 663 4586 ἐκ
687 4534 782 4587 τοῦ
815 4534 952 4588 Θεοῦ
978 4538 1144 4590 ἐστιν.
1174 4557 1194 4586 ›
1229 4539 1353 4591 Ὅτι
1384 4540 1453 4593 τὰ
1482 4540 1818 4612 διερρωγότα
1847 4540 1984 4611 μέλη

406 4625 500 4676 καὶ
518 4622 919 4692 ἀποσχισθέντα
935 4625 1014 4688 είς
1026 4624 1083 4676 ἓν
1098 4626 1257 4696 σῶμα
1282 4631 1868 4700 συναρμολογούμενον
1893 4634 1986 4686 καὶ

404 4714 880 4784 συμϐιϐαζόμενον
901 4717 1000 4786 τὴν
1029 4716 1258 4788 αὔξησιν
1289 4722 1602 4792 ποιήσεται,
1625 4725 1684 4775 ἐν
1709 4718 1790 4786 οἷς
1813 4741 1986 4790 κεφα-

405 4810 469 4879 λή
492 4809 640 4862 ἐστιν
663 4811 691 4862 ὁ
721 4809 977 4879 Χριστός.
1008 4811 1117 4862 Καὶ
1144 4813 1342 4882 μηκέτι
1383 4813 1468 4882 εἴη
1494 4814 1982 4886 διεσκορπισμένα.

479 4903 588 4955 Καὶ
635 4901 822 4958 λοιπὸν
886 4901 1146 4973 αἰτοῦ-μαι
1199 4904 1298 4974 τὴν
1355 4905 1632 4976 ὑμετέραν
1699 4909 1984 4979 ἀγιότητα,

404 4993 510 5056 ἓως
541 4993 652 5048 τῶν
678 4993 772 5047 δύο
803 4995 1196 5066 τοποτηρητῶν
1237 4983 1556 5077 ἀποστεῖλαι
1591 5000 1734 5068 μετὰ
1793 5001 1987 5073 θεηγό-

409 5100 505 5150 ρου
532 5083 888 5152 γραμματίου
919 5081 1092 5154 ὑμῶν,
1123 5085 1218 5138 καὶ
1253 5087 1307 5139 εί
1333 5086 1387 5139 τί
1427 5088 1578 5141 ἐστιν
1621 5089 1750 5156 ὑμῖν
1793 5093 1860 5144 ὲκ
1887 5091 1982 5146 τοῦ

407 5174 542 5228 Θεοῦ
573 5175 932 5245 ὲνηχούμενον
959 5179 1088 5248 περὶ
1113 5177 1214 5246 τῆς
1235 5179 1547 5244 ὑποθέσεως
1565 5181 1789 5252 ταύτης,
1827 5202 1985 5252 φανε-

411 5267 620 5337 ρώσατε
653 5271 812 5338 ἡμῖν·
859 5270 935 5333 ὡς
985 5271 1306 5338 ὀφειλόντων
1333 5275 1426 5326 καὶ
1457 5274 1566 5327 τῶν
1591 5279 1982 5348 τοποτηρητῶν

410 5358 584 5427 ὑμῶν,
638 5361 730 5414 καὶ
779 5361 888 5413 τῶν
941 5363 1286 5434 γραμμάτων
1337 5363 1492 5434 ὑμῶν
1545 5368 1835 5432 συνοδικῶς
1887 5371 1982 5422 ἐπὶ

410 5448 569 5513 πᾶσι,
594 5451 704 5503 τῶν
734 5454 832 5522 μὲν
861 5453 1114 5524 λαλῆσαι,
1140 5455 1250 5508 τῶν
1279 5455 1336 5508 δὲ
1362 5456 1799 5530 ἀναγνωσθῆναι,
1831 5464 1980 5528 ὅπως

407 5537 606 5608 ἑνωθῇ,
645 5541 713 5594 τά
761 5542 1128 5614 διεσχισμένα.
1176 5546 1318 5600 Αὐτὸ
1346 5547 1456 5618 γὰρ
1493 5549 1652 5602 τοῦτο
1702 5553 1792 5604 καὶ
1828 5555 1977 5624 παρά

483 5688 532 5721 ⁷⁸
561 5689 754 5759 Ephcs.
791 5709 850 5761 ιι,
872 5693 964 5747 Ε).θ.
1041 5697 1086 5728 ⁷⁸
1117 5696 1158 5750 ll
1189 5697 1315 5754 Cor.
1361 5715 1440 5766 ιιι,
1473 5701 1528 5770 -ί,

2084 4464 2189 4501 non
2215 4447 2357 4514 quod
2379 4447 2710 4502 subicientes
2741 4461 2932 4501 sumus
2947 4445 3186 4515 cogitare
3212 4445 3415 4514 aliquid
3436 4460 3464 4496 a
3482 4444 3660 4506 nobis,
3709 4444 3713 4448 '

2081 4539 2242 4608 quasi
2282 4554 2313 4592 a
2336 4540 2511 4603 nobis,
2534 4539 2626 4592 sed
2654 4529 2974 4592 snliieientia
2997 4547 3182 4592 nostra
3201 4553 3266 4590 ex
3293 4535 3399 4590 Deo
3443 4536 3608 4603 est";
3639 4557 3656 4586 ι

2083 4629 2210 4698 quia
2244 4629 2490 4697 disrupta
2524 4629 2774 4682 membra
2816 4635 2872 4682 et
2906 4626 3137 4682 disciSSa
3167 4627 3217 4679 in
3259 4642 3426 4680 mmm
3463 4642 3662 4695 corpus

2082 4727 2426 4788 compactum
2459 4727 2512 4772 et
2535 4734 2844 4774 connexum
2881 4735 3129 4773 crescere
3157 4717 3344 4783 faciet,
3369 4719 3420 4771 in
3457 4720 3662 4788 quibus

2081 4808 2632 4880 caputestChristus,
2662 4819 2714 4864 et
2744 4811 2888 4864 ultra
2909 4810 3021 4880 j-nn
3049 4825 3158 4864 non
3189 4821 3352 4864 erunt
3389 4812 3660 4878 dispersa.

2155 4902 2232 4955 De
2267 4911 2462 4956 caetero
2506 4916 2766 4971 rogamus
2799 4903 3142 4957 sanctitatem
3187 4912 3448 4963 vestiam,
3486 4917 3662 4970 usque

2083 4994 2149 5047 ad
2181 4995 2320 5048 duos
2355 4991 2635 5066 [vicarios]
2671 4994 2775 5048 loci
2805 5003 3112 5050 servatores
3140 4995 3356 5048 mittere
3389 5010 3512 5046 cum
3547 4996 3665 5047 dei-

2083 5085 2245 5155 l0qua
2274 5085 2506 5153 epistola
2546 5102 2667 5152 sua,
2703 5095 2757 5140 et
2786 5084 3050 5156 quidquid
3077 5085 3184 5140 sibi
3210 5085 3662 5140 fueritdivinitus

2083 5193 2246 5247 super
2281 5177 2385 5232 hoc
2420 5181 2636 5248 negotio
2688 5178 3010 5246 revelatum,
3042 5179 3203 5234 nobis
3253 5178 3435 5232 facere
3486 5179 3662 5232 niani—

2088 5267 2288 5324 festum
2324 5290 2339 5339 ;
2398 5283 2458 5326 ut
2505 5275 2806 5329 secundum
2841 5277 2986 5344 quod
3008 5274 3248 5330 debitum
3272 5282 3378 5338 est,
3413 5284 3520 5326 tam
3555 5272 3658 5326 loci

2088 5374 2411 5430 servatores,
2450 5383 2617 5436 quant
2673 5369 2869 5424 litterae
2914 5379 3112 5430 vestrae
3145 5369 3422 5440 synodicae
3447 5366 3564 5420 sive
3588 5367 3655 5420 ad

2089 5457 2576 5528 loquendum,sive
2590 5463 2656 5517 ad
2689 5460 2979 5532 legendum
3009 5450 3072 5516 in.
3087 5461 3345 5516 omnibus
3374 5456 3662 5512 invenian-

2088 5567 2193 5622 tur,
2241 5540 2509 5626 quatenus
2566 5570 2661 5624 pcr
2710 5555 2814 5609 hoc
2837 5569 2956 5624 qua:
2983 5552 3156 5608 scissa
3180 5557 3328 5615 sunt,
3359 5549 3654 5603 uniantur:
