4090 6286
535 290 673 357 1467

1592 285 1651 347 S.
1679 285 1770 346 TA
1781 284 1987 344 [{AStl
2038 281 2541 346 PAThlARCILE
2592 285 2680 346 (ΣΡ

3645 289 3794 355 Γίθῖ

531 403 769 474 idipsum
829 400 974 455 enim
1010 409 1063 454 et
1091 416 1120 454 a
1153 397 1384 470 praesule
1429 396 1664 452 senioris
1715 393 1902 450 Bonna
1932 393 2115 464 petivi-

2218 393 2311 448 τοῦ
2341 397 2606 468 προέδρου
2633 397 2732 466 τῆς
2761 395 3137 468 πρεσϐυτέρας
3187 394 3406 467 Ῥώμης
3428 397 3776 470 ᾐτησάμεθαο

533 512 663 551 mus
687 514 701 550 :
725 505 782 549 et
811 508 942 564 rogo
962 508 1070 566 vos.
1088 491 1344 558 fraterne,
1367 489 1719 560 apostolicam
1751 487 1906 542 vobis
1926 499 2114 540 vocem

532 568 920 660 pronuntians,
974 595 1235 654 tanquam
1290 582 1402 636 Deo
1452 581 1780 636 exhortante
1827 594 1922 648 per
1965 593 2112 642 nos;

532 679 720 733 omnia
761 686 1174 746 perscrutantes
1209 674 1512 728 secundum
1542 669 1835 726 consilium
1865 677 2112 723 vestrum

531 769 678 839 quod
718 769 772 822 iu
815 767 925 822 Deo
977 767 1260 833 patefacite
1295 764 1474 818 nobis.
1502 761 1779 831 Scriptum
1809 767 1894 815 est
1916 759 2060 813 enim
2097 776 2114 813 :

539 857 707 910 Labia
757 857 1100 910 sacerdotum
1139 855 1433 908 custodiant
1493 851 1793 914 scientiam,
1851 859 1900 904 et
1951 849 2114 918 legem

529 949 802 1018 exquirant
828 962 893 1000 ex
923 963 1012 1000 ore
1038 963 1218 1000 eorum
1241 946 1308 998 ⁷⁷.
1339 943 1484 998 Certi
1530 942 1675 998 enim
1705 957 1922 1004 sumus,
1953 941 2105 1010 quod

534 1037 750 1091 semina
789 1035 1040 1090 veritatis
1066 1035 1118 1087 in
1146 1033 1301 1088 vnbis
1327 1033 1476 1088 salva
1523 1030 1869 1086 custodiatis.
1921 1030 2028 1084 Sed
2061 1037 2116 1083 et

533 1130 610 1199 pii
662 1129 1025 1199 imperatores
1079 1128 1248 1183 nostri
1281 1137 1336 1182 et
1391 1141 1486 1195 per
1542 1135 1736 1180 cuncta
1796 1123 2116 1179 orthodoxae

533 1221 784 1276 veritatis
804 1220 1117 1275 ﬁrmitatem
1171 1229 1470 1282 sectantur,
1505 1226 1558 1273 et
1587 1217 1818 1271 Domino
1852 1215 1958 1269 Deo
1984 1229 2115 1283 sup-

535 1312 743 1380 plicare
791 1328 900 1367 non
937 1322 1177 1374 cessant,
1236 1310 1538 1365 secundum
1591 1309 1915 1380 Gregorium
1955 1305 2114 1376 quia

533 1403 811 1472 theologia
877 1417 1186 1474 cognomen
1241 1401 1471 1456 sortitus
1521 1411 1650 1467 eet;
1696 1409 1756 1454 ut
1815 1397 2116 1453 etlieiamur

537 1508 660 1556 nos,
703 1493 796 1560 qui
831 1493 994 1546 unius
1029 1490 1120 1546 Dei
1151 1490 1491 1550 exsistimus,
1531 1504 1699 1543 unum
1736 1505 1751 1554 ;
1793 1496 1846 1542 et
1889 1486 1983 1554 qui
2018 1500 2115 1538 su-

536 1567 661 1640 mus
701 1584 1008 1648 Trinitatis,
1053 1585 1189 1640 uniti
1251 1593 1306 1639 et
1341 1584 1557 1636 honore
1591 1596 1748 1650 pares
1779 1589 1945 1650 atque
1978 1593 2114 1633 una-

531 1657 715 1732 nimes
745 1677 796 1730 in
826 1677 1040 1733 cunctis
1068 1675 1415 1731 inveniamur
1448 1692 1464 1742 ;
1497 1686 1552 1728 et
1585 1671 1678 1742 qui
1712 1687 1906 1728 sumus
1935 1670 2111 1726 sancti

2217 487 2312 540 καὶ
2365 487 2672 558 παρακαλῶ
2729 489 2877 559 ὑμᾶς
2925 489 3252 557 ἀδελφικῶς,
3282 487 3380 558 τὴν
3427 490 3780 564 ἁποστολικὴν

2217 581 2347 650 ὑμῖν
2371 579 2882 651 προσφθεγγόμενος
2925 579 3129 652 φωνὴν,
3161 580 3234 644 ώς
3257 579 3350 634 τοῦ
3375 581 3514 636 Θεοῦ
3542 601 3783 654 παρακαο

2215 670 2432 735 λοῦντος
2456 671 2526 726 δι’
2559 673 2588 724 ὑ
2597 671 2736 742 μῶν,
2761 671 2939 725 πάντα
2969 673 3302 742 ἐρευνῶντες
3329 674 3472 727 κατὰ
3496 674 3586 728 τὸν
3607 675 3788 730 ἔνθεον,

2217 763 2420 816 σκοπὸν
2465 763 2640 834 ὑμῶν,
2675 762 3029 833 φανερώσατε
3074 765 3227 834 ἡμῖν.
3280 763 3591 833 Γέγραπται
3643 767 3778 838 γάρ’

2213 856 2396 920 Χείλη
2418 855 2620 933 (sperate
2651 855 2988 924 φυλάξεται
3019 853 3268 924 γνῶσιν,
3283 853 3384 933 καί
3412 855 3595 924 νόμον
3617 855 3778 928 ἐκζη-

2214 921 2516 1013 τήσουσιν
2535 921 2604 998 ἔκ
2623 921 2921 1014 στόματος
2939 921 3159 997 αὐτῶν.
3181 921 3536 1012 Πεπείσμεθα
3563 945 3685 1017 γὰρ.
3699 921 3774 1000 ὅτι

2213 1036 2282 1088 τὰ
2308 1037 2600 1106 σπέρματα
2621 1037 2721 1106 τῆς
2741 1035 2997 1106 ἀληθείας
3015 1035 3074 1087 ὲν
3098 1035 3312 1096 ἑαυτοῖς
3333 1034 3646 1098 διασώζετε.
3673 1038 3778 1092 Καὶ

2214 1129 2262 1180 οἱ
2291 1127 2536 1191 εὐσεϐεῖς
2553 1127 2609 1180 δὲ
2631 1125 2789 1197 ἡμῶν
2811 1125 3051 1196 βασιλεῖς
3083 1128 3180 1178 καὶ
3207 1125 3349 1179 κατὰ
3374 1126 3554 1180 πάντα
3577 1127 3778 1198 ὀρθὸδο-

2215 1216 2295 1282 εοι
2328 1217 2425 1286 τῆς
2451 1209 2709 1288 ἀληθείας
2741 1217 3038 1287 βεϐαίωσιν
3064 1215 3430 1283 ἐπισπῶνται,
3455 1218 3546 1271 καὶ
3587 1219 3778 1290 Κύριον

2214 1308 2305 1363 τὸν
2335 1309 2466 1362 Θεὸν
2497 1308 2803 1362 ἱκετεύουσι
2831 1307 2974 1362 κατὰ
3001 1307 3096 1360 τὸν
3134 1307 3234 1378 τῆς
3266 1307 3549 1376 θεολογίας
3577 1309 3778 1363 ἐπώνυ-

2218 1416 2318 1469 μον
2350 1398 2669 1470 Γρηγόριον,
2707 1398 2798 1452 ἵνα
2836 1380 3147 1468 γενώμεθα
3169 1399 3218 1450 οί
3259 1398 3353 1450 τοῦ
3389 1397 3510 1462 ἑνὸς
3551 1397 3682 1452 Θεοῦ
3703 1399 3778 1464 ἓν,

2215 1484 2310 1539 καὶ
2365 1488 2414 1539 οἱ
2471 1485 2576 1555 τῆς
2633 1486 2888 1558 Τριάδος,
2940 1487 3212 1558 ήνωμένοι
3269 1489 3364 1542 καὶ
3411 1489 3780 1559 ὁμότιμοι.κώ

2215 1575 2480 1646 ὁμόψυχοι
2503 1593 2518 1606 ·
2550 1578 2601 1630 οἱ
2643 1575 2738 1630 τοῦ
2770 1577 2926 1645 ἁγίου
2969 1577 3310 1649 Πνεύματος,
3364 1581 3427 1633 ού
3477 1581 3602 1634 κατ’
3639 1582 3779 1652 ἀλλή-

2215 1667 2344 1732 λων,
2378 1668 2517 1722 ἀλλὰ
2548 1669 2649 1722 σὺν
2679 1668 2964 1740 ἀλλήλοις⁶
2995 1671 3047 1723 oi
3099 1670 3201 1740 τῆς
3255 1671 3518 1740 ἆληθείας
3565 1673 3624 1726 τὸ
3663 1674 3781 1728 αὐτὸ

535 1767 798 1836 Spiritus,
826 1783 932 1823 non
963 1777 1154 1822 contra
1189 1767 1443 1828 invicem,
1479 1767 1573 1820 sed
1611 1777 1708 1832 pro
1749 1762 1980 1817 invicem
2040 1760 2114 1814 si-

2221 1759 2545 1830 φρονοῦντες
2574 1761 2670 1814 καὶ
2701 1759 2977 1828 λέγοντες,
3013 1762 3110 1816 καὶ
3139 1763 3214 1833 μὴ
3253 1765 3336 1834 εἴη
3363 1763 3479 1834 ἔρις
3525 1753 3621 1817 καὶ
3645 1765 3780 1836 διχο-

533 1869 662 1908 auus
692 1872 706 1921 ;
737 1867 790 1910 et
819 1858 910 1926 qui
939 1871 1133 1911 smnus
1157 1854 1426 1919 veritatis,
1467 1853 1700 1922 idipsum
1729 1854 2004 1922 sapientes
2034 1860 2117 1906 at-

529 1961 644 2010 que
669 1946 919 2001 dicentes
969 1947 1350 2013 exhibeamur,
1383 1954 1438 2001 et
1467 1961 1573 2000 nou
1605 1946 1676 2001 sit
1731 1945 2007 1999 contentio
2029 1943 2112 1997 vel

535 2036 808 2091 dissensio
833 2037 887 2091 in
921 2037 1078 2092 nobis
1113 2055 1128 2103 ;
1159 2039 1275 2102 sed,
1338 2039 1480 2093 sicut
1518 2038 1787 2092 habemus
1813 2052 1983 2092 unum
2016 2037 2115 2092 ba-

529 2127 758 2197 ptisma,
792 2143 954 2182 uuam
985 2129 1168 2194 (idem,
1201 2130 1274 2184 ita
1299 2139 1352 2184 et
1374 2129 1788 2184 consonantiam
1849 2143 2014 2182 uuam
2060 2129 2112 2181 in

532 2216 686 2270 omni
724 2217 1102 2273 ecclesiastico
1137 2217 1378 2288 negotio.
1410 2216 1474 2272 Et
1507 2233 1607 2287 pax
1661 2215 1754 2270 Dei
1789 2231 1911 2286 quae
1941 2231 2112 2270 exsu~

534 2314 690 2376 perat
741 2321 962 2360 onmem
999 2321 1246 2372 sensum,
1294 2307 1348 2360 in
1387 2322 1558 2361 unum
1601 2319 1702 2360 nos
1731 2304 2026 2368 conducat,
2057 2311 2114 2359 et

534 2396 713 2453 divisa
767 2398 945 2461 uniat,
1002 2409 1168 2468 atque
1217 2399 1539 2454 diuturnum
1599 2397 1797 2452 vulnus
1847 2403 2024 2461 sanet,
2059 2405 2115 2448 et

535 2489 1059 2545 iucolumitatelidei
1109 2491 1352 2560 integros
1403 2498 1600 2552 servet,
1648 2489 1783 2544 etin
1818 2503 1945 2542 vera
1976 2504 2114 2542 con-

537 2580 778 2635 fessione
807 2589 971 2649 atque
1001 2581 1297 2635 concordia
1334 2581 1575 2636 stabiliat
1599 2594 1814 2645 omnes,
1850 2581 2114 2649 uniatqne

536 2679 782 2726 sanctam
845 2670 1148 2725 Ecclesiam
1204 2687 1382 2738 suam,
1408 2679 1462 2726 et
1509 2681 1825 2740 compescat
1849 2673 2111 2726 scandala

535 2776 658 2832 quae
721 2762 1076 2832 superjaeent
1119 2762 1169 2817 ei
1225 2763 1712 2818 intercessionibus
1772 2763 2114 2818 intemeratae

543 2851 786 2907 Domina:
816 2862 1024 2909 nostrae
1061 2853 1153 2909 Dei
1177 2853 1472 2908 Genitricis
1511 2864 1566 2908 et
1615 2853 1861 2910 omnium
1889 2864 2112 2908 sant-to-

535 2961 656 2998 rum
695 2945 808 2999 ﬁat.
841 2948 1036 3000 Amen.

2219 1850 2417 1905 στασῐα
2447 1853 2506 1903 ὲν
2555 1851 2726 1921 ἡμῖν·
2765 1850 3096 1922 ἀλλ’ώσπερ
3145 1853 3345 1925 ἔχομεν
3383 1853 3442 1907 ἓν
3485 1855 3778 1926 βάπτισμα,

2218 1939 2348 2012 μίαν
2375 1940 2582 2005 πίστιν,
2613 1938 2788 2003 οὕτως
2831 1941 2926 1996 καὶ
2954 1943 3278 2012 συμφωνίαν
3318 1945 3454 2014 μίαν
3477 1945 3577 1999 ἐπὶ
3598 1947 3782 2010 παντὸς

2213 2031 2673 2102 ὲκκλησιαστικοῦ
2709 2033 3052 2104 πράγματος.
3086 2035 3196 2087 Καὶ
3230 2036 3262 2106 ή
3290 2036 3484 2106 εἰρήνη
3532 2034 3627 2090 τοῦ
3659 2036 3780 2090 Θεοῦ

2213 2124 2247 2194 ἠ
2295 2124 2637 2194 ὑπερέχουσα
2678 2125 2856 2179 πάντα
2886 2124 3033 2190 νοῦν,
3067 2127 3148 2188 είς
3188 2125 3248 2179 ἓν
3293 2127 3599 2194 συναγάγοι
3622 2130 3780 2198 ἡμᾶς,

2215 2213 2310 2268 καὶ
2337 2215 2404 2269 τὰ
2440 2214 2748 2288 διῃρημένα
2782 2214 3031 2282 ένώσειε,
3057 2217 3150 2270 καὶ
3177 2217 3240 2270 τὸ
3275 2217 3493 2288 χρόνιον
3538 2218 3687 2284 ἕλκος
3713 2219 3785 2275 la-

2215 2326 2392 2375 σαιτο,
2447 2310 2544 2364 καὶ
2592 2312 2652 2364 ὲν
2692 2309 2972 2383 εὐρωστίᾳ
3027 2310 3268 2374 πίστεως
3309 2312 3651 2382 ἀκραιφνοῦς
3699 2313 3785 2366 καὶ

2211 2397 2448 2469 ἀληθοῦς
2491 2397 2785 2470 ὁμολογίας
2845 2399 2940 2452 καὶ
2991 2398 3314 2468 συμφωνίας
3355 2397 3630 2469 στηρίξειε
3656 2398 3786 2452 πάν-

2212 2508 2331 2555 τας,
2373 2491 2466 2544 καὶ
2501 2491 2834 2563 φρουρήσειε
2879 2490 2980 2560 τὴν
3015 2491 3175 2559 ἁγίαν
3221 2489 3390 2544 αὐτοῦ
3435 2473 3780 2560 Ἐκκλησίαν,

2212 2583 2309 2637 καὶ
2347 2583 2577 2637 παύσειε
2622 2583 2692 2636 τὰ
2738 2583 2862 2637 κατ’
2899 2581 3072 2652 αὐτῆς
3117 2581 3449 2652 ἐπικείμενα
3501 2581 3782 2637 σκάνδαλα,

2212 2673 2534 2746 πρεσϐείαις
2559 2676 2659 2746 τῆς
2693 2674 2962 2746 ἁχράντου
3001 2673 3300 2742 Δεσποίνης
3331 2672 3496 2744 ἡμῶν
3532 2672 3786 2728 Θεοτόκου

2214 2769 2306 2822 καὶ
2336 2767 2551 2821 πάντων
2579 2766 2688 2820 τῶν
2707 2765 2880 2835 ἁγίων
2903 2764 3134 2834 γένοιτο.
3176 2764 3371 2835 Ἀμήν.

605 3031 799 3089 Petrus
851 3041 906 3088 et
938 3033 1133 3090 Petrus
1189 3034 1300 3090 Deo
1355 3037 1618 3093 amabiles
1682 3038 2001 3109 presbyteri,
2053 3049 2110 3095 et

2298 3023 2504 3092 Πέτρος
2535 3023 2629 3076 καὶ⁵
2657 3022 2865 3094 Πέτρος
2893 3023 2945 3076 οί
2978 3019 3383 3094 θεοφιλέστατοι
3414 2993 3790 3095 πρεσϐύτεροι,

539 3123 715 3177 locum
762 3123 1062 3177 retinentes
1095 3124 1394 3178 beatissimi
1424 3142 1575 3196 papae
1625 3128 1854 3182 Adriani
1884 3130 2116 3186 senioris

535 3211 755 3280 linum,
784 3213 1080 3268 dixerunt:
1113 3212 1438 3283 Hujusmodi
1475 3217 1682 3272 litteras
1733 3220 2122 3276 sanctissimus

537 3320 684 3375 papa
719 3304 954 3374 recepit;
986 3313 1041 3358 et
1063 3305 1268 3361 idcirco
1314 3304 1516 3361 direxit
1547 3321 1646 3364 nos
1675 3323 1800 3364 cum
1836 3301 2124 3380 rescriptis

541 3413 663 3466 qua!
689 3396 801 3466 jam
829 3396 964 3450 lecta
997 3404 1148 3450 sunt.

607 3574 844 3630 Joannes
892 3574 1004 3631 Deo
1034 3575 1285 3630 amabilis
1317 3575 1634 3646 presbyter,
1681 3584 1735 3630 et
1775 3577 1952 3638 locum
1991 3579 2123 3632 reti-

541 3683 675 3723 nens
703 3667 1050 3723 orientalium
1073 3668 1382 3738 principum
1414 3668 1785 3734 sacerdotum,
1810 3669 1948 3723 dixit
1984 3686 1998 3720 :
2029 3669 2122 3725 llas

540 3760 752 3823 litterae,
784 3769 837 3814 et
891 3763 1062 3827 pietas
1114 3760 1325 3830 imperii
1365 3761 1489 3816 fecit
1537 3775 1636 3818 nos
1667 3763 1853 3817 venire
1886 3763 2021 3824 huc,
2063 3774 2122 3819 et

538 3848 780 3918 ctlugere
839 3847 1152 3918 iniquorum
1213 3849 1429 3906 illorum
1477 3849 1731 3906 Ecclesiae
1769 3851 2119 3908 inimicorum

539 3951 759 3992 manus.

610 4115 812 4172 Sancta
850 4118 1092 4189 synolus
1122 4118 1260 4174 dixit
1292 4136 1307 4174 :
1341 4118 1483 4177 Deus
1510 4135 1608 4177 vos
1641 4121 1778 4177 bene
1815 4124 2064 4179 adduxit.

607 4211 1002 4267 Constantinus
1050 4210 1162 4266 Deo
1195 4212 1446 4266 amabilis
1475 4212 1743 4270 diaconus
1779 4225 1836 4269 et
1869 4217 2117 4272 notarius

2229 3117 2325 3170 καὶ
2361 3117 2450 3169 τὸν
2487 3116 2654 3170 τόπον
2708 3117 2997 3187 ἐπέχοντες
3039 3115 3134 3169 τοῦ
3179 3117 3608 3187 μακαριωτάτου
3647 3116 3794 3170 πάπα

2239 3207 2514 3278 ’Δδριανοῦ
2546 3208 2646 3278 τῆς
2673 3207 3046 3278 πρεσϐυτέρας
3087 3207 3328 3278 Ῥώμης,
3363 3202 3528 3261 εἷπον
3563 3223 3577 3238 ⁸
3612 3205 3803 3261 Τοιαῦ-

2225 3315 2294 3351 τα
2317 3299 2628 3369 γράμματα
2660 3298 2952 3368 δεξάμενος
2997 3299 3093 3351 καὶ
3116 3301 3144 3352 ὁ
3182 3297 3495 3366 ἁγιώτατος
3515 3299 3669 3371 ἡμῶν
3694 3297 3795 3352 πά-

2228 3408 2354 3455 πας,
2374 3390 2568 3442 τούτου
2599 3390 2786 3443 ἕνεκεν
2812 3389 3137 3442 ἀπέστειλεν
3156 3391 3306 3462 ἡμᾶς
3332 3389 3481 3460 μετὰ
3509 3391 3617 3445 τῶν
3649 3391 3791 3444 ἀντι-

2226 3483 2452 3554 γράφων
2485 3482 2595 3535 τῶν
2621 3483 2722 3552 ἤδη
2745 3469 3240 3550 ἀναγνωσθέντων,

2307 3575 2560 3646 Ἰωάννης
2604 3578 2631 3626 ό
2669 3573 3087 3647 θεοφιλέστατος
3125 3573 3528 3645 πρεσϐύτερος,
3579 3577 3669 3630 καὶ
3706 3574 3794 3628 τὸν

2222 3665 2388 3719 τόπον
2435 3666 2650 3736 ἐπέχων
2693 3665 2800 3718 τῶν
2851 3665 3187 3720 ἀνατολικῶν
3233 3667 3564 3738 ἀρχιερέων,
3610 3665 3789 3722 εἶπεν·

2223 3755 2411 3811 Ταῦτα
2440 3756 2510 3810 τὰ
2541 3756 2663 3827 ίερὰ
2691 3755 3024 3826 γράμματα,
3057 3754 3154 3809 καὶ
3181 3756 3214 3826 ἡ
3245 3755 3506 3810 εὐσέϐεια
3527 3757 3625 3828 τῆς
3653 3756 3793 3826 βασι-

2221 3844 2370 3909 λείας
2407 3843 2816 3916 παρεσκεύασεν
2846 3845 2994 3915 ήμᾶς
3025 3842 3120 3897 τοῦ
3151 3844 3568 3914 παραγενέσθαι
3611 3843 3792 3899 ἐνταῦ-

2222 3937 2312 4005 θα,
2347 3938 2444 3991 καὶ
2485 3937 2770 4006 διαφυγεῖν
2797 3937 2907 3990 τῶν
2947 3936 3282 4008 παρανόμων
3312 3936 3546 3994 ἐκείνων
3575 3937 3668 3992 καὶ
3710 3939 3791 4007 ἑχ-

2222 4029 2366 4101 θρῶν
2393 4034 2495 4101 τῆς
2531 4027 2864 4100 Ἐκκλησίας
2889 4029 2989 4093 τὰς
3019 4033 3231 4102 χεῖρας.

2301 4127 2365 4180 Ἠ
2381 4125 2514 4195 ἁγία
2531 4125 2744 4189 σύνοδος
2767 4119 2939 4179 εἶπεν·
2973 4127 3030 4180 '0
3046 4125 3176 4188 Θεὸς
3197 4123 3378 4189 καλῶς
3387 4112 3540 4216 μᾶς
3557 4127 3788 4216 ἤνεγκεν.

2289 4219 2702 4282 Κώνσταντίνος
2735 4220 2763 4271 ὁ
2795 4217 3210 4286 θεοφιλέστατος
3240 4213 3493 4282 διάκονος
3523 4217 3618 4295 καὶ
3647 4213 3815 4289 νοτᾶ·⁸

537 4302 677 4358 dixit
699 4321 712 4355 :
733 4301 853 4358 Prae
883 4304 1136 4358 manibus
1169 4304 1345 4360 habeo
1371 4311 2115 4377 memora-tosquaterniones

2224 4326 2342 4382 ριος
2371 4305 2525 4364 εἶπεν
2549 4325 2562 4340 ·
2609 4309 2735 4362 Ἐπὶ
2781 4311 2971 4380 χεῖρας
3025 4307 3134 4378 ἔχω
3179 4307 3280 4372 τὰς
3333 4305 3789 4380 μνημονευθείσας

537 4395 630 4466 qui
661 4394 815 4451 missi
835 4403 981 4451 sunt
1008 4396 1077 4451 ab
1102 4394 1322 4452 Oriente
1349 4407 1438 4464 ;et
1463 4399 1508 4452 si
1533 4397 1761 4468 jubetis,
1791 4398 2057 4469 legemus.

539 4572 888 4651 Sanctissian
919 4593 981 4630 ac
1013 4575 1319 4651 beatissimo
1347 4577 1558 4651 domino
1582 4578 1808 4634 Tarasio
1851 4581 2118 4651 archiepi-

607 4663 764 4720 scopo
804 4646 1350 4720 Constantinopoleos
1369 4657 1417 4700 et
1449 4650 1732 4703 universali
1773 4646 2116 4720 patriarcha,

610 4716 840 4774 Orientis
878 4719 1070 4771 summi
1103 4716 1398 4774 sacerdotes
1426 4720 1480 4773 in
1498 4719 1732 4797 'Domino
1763 4716 2011 4778 salutem.

610 4876 1018 4934 Sacratissimis
1036 4889 1091 4934 et
1108 4897 1172 4935 ex
1192 4879 1374 4935 divina
1402 4880 1623 4935 deitatis
1653 4880 2019 4950 inspiratione
2050 4879 2120 4934 li-

535 4970 690 5025 bellis
709 4971 1019 5040 apostolicae
1045 4987 1109 5026 ac
1143 4982 1381 5042 paterna:
1409 4971 1717 5028 sanctitatis
1763 4982 1954 5028 vestrm
1980 4987 2118 5036 prte-

534 5060 714 5126 lectis,
739 5077 773 5116 o
800 5062 1120 5130 beatissimi,
1161 5080 1264 5118 nos
1307 5064 1624 5131 humiies,et
1671 5079 1862 5119 eorum
1885 5066 1976 5134 qui
2027 5066 2122 5120 de-

535 5160 740 5206 sertum
790 5153 1030 5209 incolere
1077 5156 1316 5226 gestiunt
1377 5156 1578 5223 ultimi,
1625 5165 1865 5212 tremore
1916 5157 2120 5228 pariter

536 5250 589 5296 et
618 5241 819 5312 gaudio
845 5257 1040 5298 sumus
1070 5246 1301 5300 detenti.
1337 5247 1600 5302 Tremore
1629 5247 1853 5318 quidem
1899 5257 2120 5320 prepter

538 5334 790 5390 timorem
838 5350 1035 5391 eorum
1073 5339 1278 5407 quibus
1325 5340 1398 5394 ob
1420 5349 1643 5410 peccata
1693 5349 1880 5396 nostra
1913 5343 2120 5397 servire

537 5426 738 5484 decreti
771 5444 994 5496 sumus,
1027 5431 1233 5502 quique
1265 5446 1390 5486 vere
1438 5442 1569 5488 sunt
1611 5433 1766 5504 impii
1795 5442 1850 5490 et
1877 5453 1895 5486 ι
1931 5436 1985 5489 in
2013 5433 2122 5490 cir-

538 5517 708 5585 cuitu,
743 5521 1050 5577 secundum
1110 5521 1258 5593 quod
1303 5523 1568 5595 scriptum
1598 5533 1704 5592 est,
1743 5525 1894 5597 impii
1921 5526 2118 5582 ambu-

609 5652 655 5685 i"
684 5653 913 5711 Malach.
961 5673 1018 5721 ιι,
1043 5663 1095 5722 7.

2220 4403 2485 4473 τετράδας
2521 4403 2626 4466 τὰς
2647 4399 3050 4463 ἀποσταλείσας
3078 4401 3596 4472 ἑκτῆςἈνατολῆς,
3631 4397 3717 4453 καὶ
3742 4393 3788 4449 εί

2221 4490 2495 4558 κελεύετε,
2527 4489 2936 4562 ἀναγνώσομαι.

2224 4583 2314 4649 Τῷ
2359 4582 2658 4651 ἁγιωτάτῳ
2708 4581 2807 4636 καὶ
2863 4582 3290 4652 μακαριωτάτφ
3336 4584 3529 4652 κυρίῳ
3574 4581 3666 4636 καί
3698 4577 3784 4632 δε-

2291 4655 2488 4727 σπότῃ
2529 4653 2798 4727 Ταρασίῳ
2820 4651 3277 4727 ἀρχιεπιιζκόπφ
3304 4651 3782 4727 Κώνστανεινοιί-

2291 4720 2546 4789 πόλεως,
2581 4723 2679 4776 καί
2725 4720 3116 4791 οίκουμενικῷ
3155 4721 3514 4792 πατριάρχῃ,
3573 4725 3626 4777 al
3681 4720 3782 4785 τῆς

2304 4795 2488 4860 Ἑφας
2513 4793 2806 4862 ἀρχιερεῖς
2833 4793 2904 4846 ἐν
2932 4791 3128 4860 Κυρίῳ
3154 4792 3407 4860 χαίρειν.

2290 4885 2416 4952 Τοῖς
2453 4885 2730 4953 πανιέροις
2759 4883 2856 4937 καὶ
2885 4884 2953 4938 ὲκ
2984 4881 3134 4948 θείας
3167 4881 3457 4945 ἐπιπνοίας
3489 4883 3782 4949 ὑπαγορεύ-

2221 4975 2360 5029 θεῖσι
2384 4973 2648 5037 λιϐἐλλος
2681 4977 2780 5044 τῆς
2802 4973 3079 5044 ὑμετέρας
3107 4972 3536 5044 ἐντετυχηκότες
3559 4974 3781 5027 ἀποστο-

2219 5067 2379 5136 λικῆς
2423 5082 2483 5120 τε
2533 5067 2627 5119 καὶ
2683 5065 2956 5136 πατρικῆς
2997 5062 3308 5133 ἁγιωσύνης
3347 5062 3778 5133 μακαριώτατα,

2220 5163 2380 5232 ἡμεῖς
2408 5161 2458 5214 oi
2487 5160 2754 5224 ταπεινοὶ,
2810 5158 2908 5213 καὶ
2949 5157 3058 5212 τῶν
3099 5155 3198 5227 τὴν
3239 5156 3448 5226 ἔρημον
3497 5153 3775 5224 παροικεῖν

2220 5253 2524 5324 ἐφιεμένων
2555 5252 2798 5324 ἔσχατοι,
2834 5251 3024 5324 τρόμῳ
3047 5251 3144 5304 καὶ
3177 5251 3324 5322 χαρᾷ
3359 5245 3775 5317 συνεσχέθημεν.

2221 5347 2422 5420 Τρόμῳ
2451 5346 2573 5418 μὲν,
2613 5344 2702 5400 διὰ
2735 5343 2827 5400 τὸν
2853 5344 3018 5414 φόϐον
3049 5343 3164 5398 τῶν.
3178 5332 3261 5406 οἷς
3276 5340 3548 5396 δουλεύειν
3577 5337 3662 5392 διὰ
3687 5335 3776 5396 τὰς

2220 5438 2498 5510 ἁμαρτίας
2530 5437 2688 5510 ἡμῶν
2721 5433 3154 5505 κατεκρίθημεν,
3191 5433 3303 5487 τῶν
3349 5431 3525 5494 ὅντως
3554 5424 3774 5485 ἀσεϐῶν»

2223 5531 2317 5586 καὶ
2350 5530 2558 5602 κύκλῳ,
2605 5527 2828 5601 κατὰξτὸ
2879 5525 3290 5599 γεγραμμένον,
3323 5520 3773 5591 περιπατούντων,
