4090 6286
393 313 528 386 1463

1823 315 2234 378 ΕΡΙΞΤΟΕᾸΞ.

3537 309 3672 378 1470

391 427 490 485 καὶ
559 429 867 501 προφάσεις
921 430 1042 486 καθ’
1079 431 1339 502 ἑκάστην,
1393 433 1482 495 ὡς
1559 431 1689 497 ἔπος
1765 434 1968 493 εἰπεῖν,

2081 431 2192 484 lant
2229 429 2299 493 ⁷³,
2340 445 2360 478 ι
2390 439 2454 481 ac
2489 439 2584 496 per
2621 419 2868 496 singulos
2909 437 3046 493 pene
3075 419 3192 477 dies
3225 419 3543 478 occasiones
3575 439 3674 479 ex-

391 518 604 591 ὴμέραν
637 521 1045 603 ἐπιζητούντων
1088 522 1182 576 τοῦ
1235 521 1550 578 θανατῶσαι
1585 525 1680 578 καὶ
1709 525 1976 580 ἀπολέσαι

391 611 574 682 ἡμᾶς’
603 615 749 686 χαρᾷ
771 613 850 681 δὲ,
881 612 969 668 διὰ
1009 613 1108 686 τὴν
1131 613 1522 685 ὲκλάμπουσαν
1549 618 1607 670 ὲν
1643 617 1774 688 ὑμῖν
1808 617 1974 690 [ἅμα.

389 701 446 754 ἐν
495 700 705 774 αὐτοῖς]
745 701 982 760 ἀκτίνων
1051 703 1210 772 δίκην
1261 702 1504 775 ἡλιακῶν
1553 705 1653 774 τῆς
1688 703 1974 776 ὀρθοδᾶξου

395 792 634 857 ¹πίστεως
693 794 1006 867 ἀκρίϐειαν,
1067 797 1162 850 καὶ
1209 796 1322 850 τῶν
1367 795 1746 850 ἀποστολικῶν
1792 812 1852 848 τε
1883 795 1976 848 καὶ

387 884 682 955 Πατρικῶν
707 886 1000 958 δογμάτων
1019 887 1458 959 διαφανεστάτην
1483 887 1810 953 ὲξὰπλωσιν.
1839 885 1976 958 Περὶ

385 970 462 1030 ὦν
497 978 774 1050 εὐκαίρως
822 981 926 1051 τῆς
977 979 1073 1034 τοῦ
1113 981 1397 1052 προφήτου
1455 980 1723 1052 Ζαχαρίου
1753 981 1847 1033 καὶ
1876 978 1976 1049 τῆς

385 1067 479 1122 τοῦ
511 1068 674 1138 λόγου
711 1068 900 1150 φωνῆς
927 1071 1256 1140 γεννήτορος
1283 1072 1365 1134 είς
1397 1070 1618 1141 μνήμην
1657 1069 1802 1140 ᾠδῆς
1845 1069 1974 1139 an-

384 1157 628 1226 λυθότες,
656 1159 1062 1231 μεγαλοφώνως
1087 1160 1306 1232 βοῶμεν
1326 1179 1340 1192 ·
1377 1181 1397 1216 ι
1440 1161 1859 1232 Ἐπεσκέψατοή
1869 1163 1976 1232 μᾶς

385 1249 626 1322 ἀνατολὴ
674 1252 949 1324 παμφαὴς
1001 1251 1062 1320 ἐξ
1112 1251 1280 1324 ὕψους
1307 1273 1326 1306 ι
1388 1253 1732 1328 θεωρητικῆς
1779 1270 1837 1307 τε
1881 1253 1976 1307 καὶ

387 1342 865 1414 θεατρονεστάτης
911 1339 1174 1411 διανοίας,
1221 1349 1335 1410 τοῖς
1382 1347 1440 1400 ἐν
1485 1345 1668 1400 σκότει
1699 1346 1796 1400 καὶ
1849 1345 1976 1412 σκιᾷ

384 1432 645 1501 θανάτου,
680 1437 1032 1506 κακοτρόπου
1085 1437 1319 1508 πλάνης,
1342 1423 1468 1510 ⁵ἦτοι
1510 1437 1810 1509 Ἀραϐικῆς
1849 1437 1970 1490 δυσ-

385 1523 621 1589 σεϐείας.
655 1525 987 1597 καθημένοις
1021 1529 1180 1600 ἡμῖν,
1212 1528 1308 1582 τοῦ
1347 1527 1679 1584 κατευθῦναι
1709 1529 1837 1592 τοὺς
1853 1545 1969 1600 νοη-

389 1615 658 1686 ματικοὺς
693 1603 852 1688 ἡμῶν
895 1619 1062 1684 πόδας
1095 1621 1178 1685 εἰς
1221 1621 1342 1674 ὁδὸν
1376 1619 1474 1674 καὶ
1500 1620 1720 1692 τρίϐους
1768 1621 1966 1692 εἰρηνι·

395 1705 498 1774 κῆς
524 1708 933 1773 καταστάσεως.
963 1727 983 1762 ι
1008 1710 1103 1774 Τίς
1132 1709 1357 1780 λαλήσει
1393 1709 1488 1774 τὰς
1516 1709 1830 1774 δυναστείας
1869 1711 1976 1763 Ku-

2081 521 2329 592 quirunt,
2374 526 2438 572 ut
2466 533 2569 572 nos
2597 513 2762 571 morti
2795 515 3044 578 tradant,
3073 522 3130 569 et
3157 513 3388 583 perdant
3421 555 3438 580 ,
3471 513 3674 584 gaudio

2079 627 2232 678 vero,
2265 618 2490 682 propter
2528 607 2816 663 veritatem
2843 605 3164 662 orthodoxa:
3199 603 3323 660 ﬁdei
3357 621 3479 675 quae
3509 605 3676 676 fulget

2081 704 2133 758 in
2155 705 2235 758 eis
2263 703 2526 758 solarium
2562 714 2716 754 more
2749 699 3055 764 radiorum,
3089 705 3144 752 et
3164 697 3673 754 luculentissimam

2078 795 2521 865 explanationem
2573 791 2998 862 apostolicorum
3035 791 3359 860 dogmatum
3399 799 3455 846 et
3492 799 3676 862 pater-

2080 903 2299 942 norum.
2339 885 2414 941 De
2445 884 2646 956 quibus
2679 891 2801 954 apte
2843 883 3144 952 genitorem
3197 881 3349 938 vocis
3384 879 3574 946 Verbi,
3620 882 3674 938 id

2077 988 2180 1044 est,
2227 977 2547 1049 prophetam
2579 973 2902 1030 Zachariam
2944 973 3010 1029 ad
3042 973 3368 1028 memoriam
3401 973 3673 1029 reducen-

2081 1082 2184 1132 tes.
2218 1084 2415 1140 magna
2447 1082 2580 1123 voce
2611 1067 2958 1122 clamamus:
2999 1084 3017 1116 ι
3057 1064 3316 1120 Visitavit
3344 1080 3447 1120 nos
3483 1065 3674 1120 oriens

2077 1179 2142 1219 ex
2171 1163 2288 1218 alto‘
2321 1163 2387 1225 ⁷³,
2433 1179 2450 1214 ι
2477 1159 2822 1232 splendidius
2879 1157 3124 1214 theoriea
3149 1166 3204 1211 et
3252 1157 3436 1212 divina
3487 1157 3674 1228 provi-

2076 1253 2258 1309 dentia
2300 1252 2588 1308 illustratae
2615 1249 2842 1312 mentis,
2875 1249 2928 1302 in
2956 1247 3194 1305 tenebris
3223 1258 3280 1314 et
3303 1249 3500 1303 umbra
3526 1264 3674 1304 mor-
3743 1233 3748 1238 ’

2077 1346 2148 1401 tis
2173 1343 2396 1414 maligni
2428 1342 2654 1406 erroris,
2690 1341 2745 1396 id
2773 1350 2877 1406 est,
2903 1331 3162 1396 Arabicae
3207 1340 3508 1410 impietatis
3531 1379 3548 1404 ,
3584 1356 3675 1396 se-

2088 1432 2280 1486 dentes
2304 1471 2318 1494 ,
2363 1429 2431 1485 ad
2483 1428 2803 1500 dirigendos
2853 1427 3224 1500 iutelligibiles
3255 1429 3420 1498 pedes
3451 1438 3674 1485 nostros

2078 1522 2130 1576 in
2172 1521 2314 1575 viam
2351 1528 2405 1576 et
2435 1519 2662 1577 semitas
2697 1518 2951 1589 paciferaa
2977 1519 3429 1576 conStitntionis.
3468 1538 3488 1572 ι
3527 1518 3670 1586 Quis

2079 1613 2335 1682 loquetur
2379 1611 2653 1681 potentias
2711 1610 2927 1690 Domini
2956 1610 3048 1664 3°?
3077 1628 3096 1662 ι
3133 1609 3424 1667 nobiscum
3476 1612 3675 1682 psallat

2077 1699 2248 1758 David
2272 1715 2428 1773 pater
2453 1703 2545 1757 Dei
2578 1720 2592 1770 ;
2632 1721 2652 1754 ι
2679 1701 2794 1756 Aut
2841 1701 3060 1781 auditas
3089 1701 3250 1776 faciet
3273 1718 3464 1759 omnes
3485 1703 3674 1761 laudes

386 1795 576 1868 ρίουςι
619 1799 982 1870 συμψαλλέτω
1023 1801 1188 1856 suos
1229 1803 1360 1873 ἡμῖν
1397 1804 1424 1860 ὁ
1474 1801 1800 1874 θεοπάτωρ’
1833 1821 1852 1854 ι
1887 1802 1969 1855 Ἀ·

2074 1797 2196 1866 ejus
2219 1795 2313 1850 ⁸ιῖ
2350 1815 2368 1847 ι
2407 1796 2671 1867 quoniam
2728 1796 2991 1851 misertus
3042 1804 3132 1850 est
3185 1795 3335 1852 Deus
3395 1795 3674 1866 desperati

383 1887 616 1952 κουστὰς
661 1890 884 1960 ποιήσει
917 1891 1103 1955 πάσας
1147 1893 1250 1955 τὰς
1301 1892 1545 1956 αἰνέσεις
1601 1891 1802 1960 aiatait;
1833 1911 1852 1944 ι
1886 1892 1970 1946 ὅτι

381 1979 618 2050 ἠλέησεν
644 1981 839 2046 sese;
879 1982 974 2036 τὸν
1002 1983 1434 2055 ἀπεγνωσμένον
1476 1983 1608 2038 λαὸν
1644 1984 1836 2049 αὐτοῦ,
1875 1985 1972 2039 καὶ

383 2073 452 2126 τά
479 2072 749 2129 διεστῶτα
787 2070 926 2146 πρὸς
965 2075 1096 2148 μίαν
1129 2076 1339 2148 συνῆψε
1387 2077 1627 2141 πίστεως
1679 2076 1969 2149 ἁρμονίαν.

388 2183 408 2214 σ
441 2163 564 2218 Ὀτι
597 2165 789 2236 ἦγειρε
822 2167 994 2238 κέρας
1040 2162 1333 2240 ’σωτηρίας
1371 2171 1509 2239 ἡμῖν
1532 2187 1554 2221 ›
1592 2169 1688 2224 καὶ
1735 2167 1976 2240 ἀνορθώ-

387 2269 528 2316 σεως
573 2254 632 2308 ὲν
655 2255 791 2326 οἴκῳ
823 2257 916 2310 καὶ
943 2255 1179 2328 θεοδόχῳ
1209 2257 1324 2330 ναῷ
1355 2259 1450 2312 τοῦ
1484 2257 1813 2330 μονογενοῦς
1842 2259 1972 2312 Υίοῦ

383 2346 578 2413 αὐτοῦ,
621 2349 838 2420 Κυρίου
881 2349 936 2404 δὲ
965 2353 1061 2405 καὶ
1090 2351 1238 2406 θεοῦ
1269 2354 1364 2407 καὶ
1383 2354 1646 2424 Σωτῆρος,
1665 2353 1824 2426 ἡμῶν
1871 2355 1975 2424 ’ἰηι-

379 2437 476 2491 σοῦ
518 2438 788 2509 Χριστοῦ·
823 2440 1026 2509 οἵτινές
1086 2442 1210 2496 ἐστε
1253 2444 1412 2514 ὑμεῖς
1452 2443 1768 2512 ἁγιώτατοι,
1802 2445 1900 2499 καὶ
1927 2445 1975 2498 oi

379 2529 450 2582 τὰ
485 2528 717 2602 δεύτερα
765 2531 909 2586 κατά
939 2531 1144 2604 θεσμὸν
1183 2534 1280 2588 καὶ
1325 2535 1484 2602 τάξιν
1524 2536 1852 2607 Ἐκκλησίας
1882 2536 1979 2606 φέ-

382 2637 570 2691 ροντες
617 2621 773 2693 ὑμῶν
826 2623 1148 2695 θεοστεφετς
1179 2627 1534 2698 τροπαιοῦχοι
1581 2627 1675 2682 καὶ
1703 2623 1975 2700 θεοψήφιο

383 2731 501 2768 στοι
547 2713 792 2785 βασιλεῖς
843 2716 1003 2788 ἡμῶν
1033 2719 1132 2772 καὶ
1158 2719 1422 2773 δεσπόται
1457 2721 1560 2792 τῆς
1586 2721 1928 2792 οἰκουμένης
1953 2738 1968 2754 ο

381 2805 654 2878 ἱερωσύνη
686 2807 797 2880 γὰρ
829 2808 1112 2880 βασιλείας
1144 2811 1420 2883 ἀγιασμός
1449 2815 1568 2869 ἐστι
1592 2815 1688 2868 καὶ
1717 2815 1976 2872 ἀναστοι-

379 2894 621 2967 χείωσις,
657 2899 756 2952 καὶ
809 2897 1069 2970 βασιλεία·
1113 2899 1420 2972 ἱερωσύνης
1485 2903 1639 2973 ἰσχὺς
1700 2903 1794 2957 καὶ
1843 2921 1974 2976 κρα-

377 2985 621 3058 ταίωμα.
673 2989 812 3060 Περὶ
869 2981 946 3043 ὧν
997 2990 1164 3060 σοφός
1203 3008 1262 3044 τε
1288 2989 1424 3058 ἄναξ
1454 2992 1551 3080 xat‘t
1579 2993 1638 3045 ὲν
1665 2991 1979 3060 βασιλεῦσιν

377 3077 554 3147 ἁγίοις
599 3078 704 3151 ἔφη
765 3083 1243 3152 ,μακαριστότατος
1274 3100 1286 3112 ’
1315 3077 1591 3152 Μέγιστον
1627 3083 1798 3155 δῶρον
1847 3085 1979 3149 Θεὸς

2075 1888 2262 1960 populi
2299 1888 2410 1954 sui,
2451 1895 2506 1942 et
2538 1887 2797 1943 distantia
2828 1889 2894 1942 ad
2925 1903 3094 1944 unam
3119 1887 3244 1944 fidei
3283 1887 3508 1957 collegit
3537 1888 3672 1944 har-

2077 1983 2341 2036 moniam.
2376 1999 2396 2034 ι
2446 1980 2514 2035 Ει
2561 1981 2740 2036 erexit
2795 1995 2966 2036 cornu
3007 1981 3203 2037 salutis
3243 1979 3403 2036 nobis
3432 1980 3480 2013 ⁸⁸
3507 2019 3523 2044 ,
3563 1999 3582 2033 ι
3619 1989 3674 2035 et

2075 2074 2398 2130 directionis
2435 2073 2490 2127 in
2525 2073 2710 2139 domo,
2739 2083 2791 2128 et
2823 2073 3108 2128 dominum
3141 2073 3440 2142 recipiente
3469 2073 3673 2142 templo

2075 2166 2344 2240 unigeniti
2371 2165 2492 2220 Filii
2531 2165 2640 2232 sui,
2681 2163 2899 2219 Domini
2942 2165 3196 2220 videlicet
3231 2165 3327 2219 Dei
3355 2180 3420 2223 ac
3474 2163 3672 2219 Salva-

2078 2256 2214 2312 toris
2239 2255 2414 2312 nostri
2442 2253 2571 2312 Iesu
2595 2255 2802 2310 Christi
2833 2273 2848 2310 :
2884 2255 3033 2326 quod
3063 2255 3202 2312 estis
3231 2269 3330 2312 vos
3377 2255 3668 2312 sanctissi-

2076 2348 2423 2419 mi",atqne
2449 2347 2506 2402 hi
2537 2347 2629 2418 qui
2659 2355 2842 2417 partes
2861 2348 3132 2404 secundas
3161 2346 3424 2403 Ecclesiae
3450 2352 3674 2417 portant

2075 2453 2170 2510 per
2201 2437 2373 2508 legem
2405 2447 2460 2494 et
2489 2439 2736 2494 ordinem
2784 2437 3050 2494 Ecclesia:
3081 2446 3284 2494 nostra:
3303 2477 3320 2504 ,
3357 2437 3668 2508 triumpha-

2077 2539 2222 2586 tores
2277 2531 2489 2587 scilicet
2555 2529 2948 2586 ae'divinitus
3003 2529 3240 2586 redimiti
3300 2545 3398 2586 seu
3454 2528 3667 2586 decreti

2075 2623 2353 2693 principes
2385 2623 2556 2679 nostri
2595 2631 2650 2678 et
2681 2623 2891 2678 domini
2926 2631 3200 2678 terrarum
3243 2621 3422 2678 orbis.
3473 2619 3673 2678 Sacer-

2077 2715 2291 2770 dotium
2375 2715 2520 2771 enim
2577 2715 2792 2785 imperii
2843 2715 3211 2772 sanctificatio
3273 2722 3359 2771 est
3427 2723 3481 2770 et
3534 2729 3672 2771 con-

2080 2808 2330 2872 stitutio,
2359 2815 2414 2864 et
2445 2807 2738 2879 imperium
2770 2807 3066 2864 sacerdotii
3104 2805 3374 2864 fortitudo
3401 2816 3457 2862 et
3477 2807 3668 2864 firma-

2079 2909 2372 2977 mentum:
2421 2899 2490 2957 de
2533 2900 2738 2970 quibus
2807 2902 3026 2971 sapiens
3060 2901 3284 2972 quidam
3325 2901 3584 2972 princeps
3613 2903 3669 2958 et

2089 2993 2148 3048 in
2205 2993 2413 3049 sanctis
2485 2995 2710 3064 regibus
2777 2995 3136 3052 beatissimus
3190 2995 3316 3056 ait;
3363 2993 3666 3050 Maximum

2081 3083 2286 3140 donum
2326 3082 2469 3140 Deus
2515 3083 2834 3141 hominibus
2879 3084 3156 3156 praestitit,
3214 3084 3586 3140 sacerdotium
3615 3096 3672 3142 et

377 3147 703 3240 ἀνθρώποις-
754 3147 1031 3244 παρέσγεν
1104 3147 1427 3246 ἱερωσύνην*
1505 3175 1600 3230 καὶ
1663 3147 1969 3246 βασιλείανζ

2083 3175 2374 3243 imperium
2410 3193 2424 3230 :
2454 3175 2586 3230 illud
2619 3177 2842 3246 quidem
2875 3147 3152 3232 adornaus
3187 3186 3241 3233 et
3264 3192 3462 3248 regens
3493 3179 3666 3234 cccle-

377 3256 476 3330 τὴν
543 3259 644 3329 μὲν
695 3261 764 3316 τὰ
812 3262 1044 3335 οὐράνια
1101 3265 1564 3338 κατακοσμοῦσαν
1609 3267 1704 3322 καὶ
1754 3268 1972 3324 aemu—

378 3365 498 3416 σαν,
530 3351 626 3424 τὴν
655 3353 712 3408 δὲ
739 3353 1090 3422 οίακίζουσαν
1117 3359 1340 3429 θεσμοῖς
1367 3358 1599 3424 δικαίοις
1633 3359 1702 3414 τὰ
1731 3361 1970 3429 ἐπίγεια.

375 3443 492 3497 Νῦν
569 3443 788 3516 ἀληθῶς
839 3449 900 3502 τὸ
954 3451 1275 3526 μεσότοιχον
1313 3449 1412 3503 τοῦ
1467 3451 1728 3520 φραγμοῦ
1789 3451 1970 3503 διαλέ-

374 3537 566 3601 λυται,
615 3539 720 3604 ,καὶ
776 3541 1070 3609 συμφωνία
1130 3541 1397 3610 κατάρχει
1469 3541 1811 3608 διαφωνίας,
1876 3543 1972 3595 καὶ

377 3625 687 3682 ὑποκύπτει
722 3627 919 3684 ἑνώσει
977 3621 1263 3700 διαίρεσις,
1299 3631 1394 3684 καὶ
1443 3631 1674 3702 φροῦδος
1727 3633 1969 3704 κατέστη

373 3715 696 3781 διάστασις·
735 3719 894 3789 καὶὴ
945 3721 1136 3794 εἰρήνη
1207 3719 1296 3776 τοῦ
1353 3723 1493 3778 Θεοῦ
1543 3726 1576 3796 ή
1619 3725 1970 3798 ὑπερέχουσα

382 3810 564 3863 πάντα
611 3807 760 3876 νοῦν,
789 3809 1034 3882 φαιδρῶς
1084 3812 1365 3883 πομπεύει
1407 3814 1489 3885 τῷ
1533 3815 1837 3888 προσώπῳ,
1873 3817 1968 3871 καὶ

377 3903 880 3975 παρρησιαστικῶς
914 3903 1283 3962 πολιτεύεται.
1343 3907 1462 3963 Νῦν
1495 3927 1514 3962 ι
1537 3909 1602 3963 Oi
1642 3909 1966 3981 γενηθέντες

380 3994 538 4063 ἡμεῖς
589 3992 795 4058 ὄνειδος
837 3995 954 4059 τοῖς
1013 3994 1222 4065 γείτοσι
1297 3998 1397 4052 καὶ
1431 3999 1754 4070 συνομόροις
1782 4001 1963 4072 ἡμῶν,

373 4086 765 4158 μυκτηρισμὸς
786 4087 883 4142 καὶ
899 4085 1212 4161 χλευασμὸς
1243 4093 1357 4156 τοῖς
1385 4093 1574 4164 κύκλῳ
1597 4093 1774 4166 ἡμῶν,
1800 4112 1820 4146 ι
1855 4095 1964 4149 κάκ

371 4175 564 4230 τούτου
598 4177 734 4248 πρὸς
770 4177 874 4250 γῆν
922 4181 1236 4253 κεχηνότες,
1263 4182 1344 4246 εἰς
1385 4181 1650 4253 οὐρανοὺς
1703 4181 1960 4254 ἐκθύμως

373 4264 836 4336 συνανανεύομεν,
866 4267 961 4322 καὶ
1009 4266 1302 4338 ψαλμικῶς
1353 4270 1412 4323 ὲν
1460 4270 1782 4340 ἀγαλλιάσει
1828 4273 1960 4326 ἀνα-

371 4355 650 4427 κράζομεν
681 4373 697 4387 ο
741 4377 762 4412 ι
792 4358 882 4412 Ἐν
905 4357 1082 4430 τούτῳ
1137 4359 1333 4430 ἔγνων,
1385 4361 1463 4415 ὅτι
1519 4361 1820 4433 τεθέληκάς
1865 4380 1955 4434 με,

373 4446 547 4548 att-oft
681 4449 921 4521 ἐπιχαρῇ
951 4450 979 4502 ὁ
1004 4451 1198 4522 ἐχθρός
1251 4469 1352 4524 μου
1398 4453 1486 4507 ἐπ’
1521 4453 1666 4525 ἐμοί.
1695 4473 1714 4506 ›
1754 4455 1952 4525 Κάμοῦ
1988 4492 2030 4548 D

372 4537 429 4590 δὲ
456 4535 546 4590 διά
575 4536 674 4608 τὴν
703 4537 942 4592 ἀκακίαν
975 4541 1070 4594 καὶ
1114 4542 1396 4614 ἁπλότητα
1448 4544 1629 4618 πλάνῃ
1684 4562 1951 4618 περιτρα-

370 4627 567 4692 πέντος
595 4627 916 4692 ἀντελάδου,
945 4630 1046 4692 ,καὶ
1072 4631 1348 4696 διασώσας
1383 4651 1448 4704 με
1495 4635 1822 4707 ἀνέστησας,
1855 4634 1954 4688 καὶ

367 4721 461 4773 ἐπὶ
487 4719 585 4791 τὴν
630 4719 837 4792 πέτραν
864 4720 966 4790 τῆς
993 4723 1362 4796 ἀποστολικῆς
1423 4725 1660 4804 πίστεως
1683 4729 1811 4790 τοὺς
1843 4745 1954 4798 χω-

366 4811 637 4878 λάναντὸις
669 4830 772 4884 μου
803 4813 972 4878 πόδας
993 4815 1324 4888 κατέπηξας.

441 4903 632 4960 Ταῦτα
659 4902 754 4959 καὶ
787 4905 855 4961 τὰ
878 4905 1092 4971 τούτοις
1117 4907 1356 4978 γράφειν
1381 4909 1529 4980 ἡμᾶς
1564 4907 1780 4982 συνῳδά
1806 4928 1950 4982 παρ-

367 4995 678 5051 εσκεύασαν
733 4998 792 5051 αί
846 4999 1206 5071 θεοχάρακτοι
1233 5000 1413 5057 δέλτοι
1467 5001 1646 5070 ὑμῶν,
1679 5001 1746 5066 ἃς
1795 5020 1956 5056 κανο-

372 5086 508 5159 νικῷ
539 5090 855 5176 κινούμενοι
896 5089 1068 5162 νόμῳ,
1103 5093 1200 5145 καὶ
1228 5094 1700 5165 πατροπαραδότῳ
1725 5094 1956 5168 εὐταξία

369 5179 794 5250 ποδηγούμενοι,
825 5185 941 5247 τοῖς
987 5185 1117 5248 τοὺς
1171 5185 1567 5249 ἀποστολικοὺς
1622 5185 1846 5257 θρόνους
1878 5186 1956 5240 δι-

369 5266 523 5323 έπειν
549 5270 776 5342 λαχοῦσι
800 5273 888 5326 διὰ
935 5273 1222 5348 ξυνωρίδος
1251 5277 1413 5346 ἁγίας
1433 5278 1533 5330 καὶ
1565 5275 1829 5340 εὐλαϐοῦς
1860 5277 1956 5330 καὶ

369 5358 698 5432 θεοδηγήτου
751 5363 1112 5435 πεπόμφατε·
1165 5369 1364 5434 οἵτινες
1437 5369 1787 5441 ἀφικόμενοι,
1861 5371 1956 5423 καὶ

367 5451 508 5504 κατὰ
532 5451 943 5532 Θεοῦ-βούλησίν
955 5474 1011 5510 τε
1037 5461 1129 5512 καὶ
1147 5459 1426 5514 ὲπίνευσιν
1441 5464 1817 5536 ύπῃντηκότες
1842 5467 1954 5527 τοῖς

437 5585 490 5665 τθ
537 5587 886 5665 Ρεαιηιιῶ.
961 5595 1007 5626 ¹⁰
1065 5593 1196 5650 Luc.
1241 5612 1280 5660 ι,
1313 5597 1400 5652 78.
1477 5603 1524 5636 ⁸ο
1581 5599 1728 5655 Psal.
1795 5617 1883 5665 ον,
1919 5601 1977 5656 ‘2.

2077 3269 2204 3333 stia,
2265 3268 2367 3323 hoc
2398 3283 2527 3324 vero
2556 3269 2873 3340 gubernans
2913 3268 3130 3340 legibus
3157 3269 3326 3340 justis
3359 3270 3662 3326 terrestria.

2081 3361 2240 3416 Nune
2278 3363 2546 3417 veraciter
2571 3363 2782 3419 medius
2813 3364 3070 3419 maceria
3098 3364 3282 3435 paries
3315 3363 3530 3434 solutus
3556 3373 3664 3432 est,

2072 3461 2127 3505 et
2156 3450 2454 3506 concordia
2503 3451 2796 3508 discordias
2840 3455 3208 3525 priueipatur,
3244 3465 3299 3511 et
3327 3457 3653 3511 incurvatur

2071 3539 2268 3596 unitati
2299 3539 2518 3606 divisio,
2549 3552 2602 3595 et
2627 3541 2750 3612 fuga
2777 3543 2928 3612 lapsa
2978 3545 3250 3616 disparuit
3275 3547 3616 3603 dissonantia
3647 3562 3664 3600 :

2069 3641 2124 3686 et
2158 3645 2265 3700 pax
2299 3630 2394 3686 Dei
2420 3645 2543 3701 quae
2572 3643 2868 3702 exsuperat
2895 3649 3116 3689 omnem
3139 3650 3386 3700 sensum,
3411 3639 3661 3707 jucunde

2070 3723 2220 3780 vultu
2258 3724 2592 3794 triumphat,
2633 3734 2688 3780 et
2723 3723 3050 3781 fiducialiter
3091 3737 3469 3784 conversatur.
3503 3728 3666 3785 Nune

2067 3831 2170 3873 nos
2231 3835 2249 3868 ι
2301 3817 2396 3888 qui
2446 3815 2577 3873 facti
2628 3817 2910 3873 fueramus
2972 3819 3328 3891 opprobrium
3373 3803 3580 3877 vicinis
3609 3832 3665 3876 et

2066 3905 2320 3963 afﬁnibus
2357 3907 2582 3972 nostris,
2622 3907 2980 3964 subsannatio
3005 3917 3060 3963 ct
3113 3909 3320 3964 derisio
3357 3909 3443 3966 his
3484 3911 3576 3980 qui
3602 3911 3656 3965 in

2064 3999 2304 4056 cit-cuitu
2335 4011 2526 4056 nostro
2561 4008 2690 4056 sunt
2722 3998 2790 4066 “,
2825 4017 2844 4051 ι
2879 4014 2944 4054 ac
2965 4014 3068 4070 per
3087 3999 3192 4055 hoc
3220 3999 3286 4054 ad
3310 4010 3510 4056 terram
3541 4017 3656 4072 prae

2062 4093 2390 4149 confusione
2415 4093 2838 4164 prospicientes,
2875 4092 2943 4148 ad
2975 4093 3145 4150 caelos
3170 4093 3415 4148 unanimi
3447 4095 3654 4149 alacri-

2063 4193 2172 4240 tate
2192 4184 2546 4255 suspicimus,
2567 4193 2622 4240 ct
2635 4184 2926 4255 psallentes
2953 4185 3006 4239 in
3031 4185 3398 4241 exsultatione
3429 4186 3649 4256 procla-

2060 4290 2276 4332 mamus
2311 4294 2324 4330 :
2359 4293 2378 4327 ι
2416 4275 2477 4330 ltt
2513 4277 2618 4332 hoc
2649 4275 2882 4346 cognovi
2925 4315 2940 4340 ,
2973 4275 3232 4347 quoniam
3277 4276 3498 4332 voluisti
3545 4293 3650 4344 me,

2061 4369 2188 4437 quia
2223 4385 2330 4424 non
2377 4369 2636 4440 gaudebit
2677 4369 2934 4426 inimicus
2973 4385 3129 4426 meus
3175 4384 3340 4440 super
3395 4385 3482 4425 me
3509 4370 3578 4424 ⁸³.
3623 4389 3642 4423 ι

2059 4459 2144 4516 Me
2175 4470 2358 4516 autem
2407 4469 2637 4532 propter
2705 4460 3074 4516 innocentiam
3135 4469 3188 4516 et
3241 4461 3644 4532 simplicitatem

2062 4553 2264 4608 erretis
2293 4551 2524 4626 [errore]
2545 4553 2862 4609 titubantem
2895 4553 3208 4625 suscepisti,
3232 4563 3284 4610 et
3315 4555 3528 4610 salvum
3558 4570 3648 4609 me

2064 4645 2273 4702 faciens
2304 4648 2561 4711 erexisti,
2595 4655 2649 4701 et
2691 4663 2858 4718 super
2910 4657 3115 4717 petram
3169 4647 3485 4716 apostolicae
3519 4647 3648 4706 fidei

2062 4738 2438 4794 claudicantes
2477 4739 2640 4809 pedes
2672 4753 2823 4792 meos
2857 4737 3106 4794 inlixisti.

2131 4912 2259 4970 Haec
2295 4921 2350 4968 et
2379 4912 2466 4968 bis
2505 4912 2849 4968 coneincntia
2883 4912 3126 4968 scribere
3169 4925 3268 4968 nos
3303 4909 3549 4966 fecerunt
3573 4911 3657 4966 di-

2067 5007 2268 5062 vinitus
2305 5013 2530 5061 exarata
2585 4992 2870 5060 volumina
2930 5013 3148 5071 vestra,
3209 5018 3332 5074 quae
3382 5005 3658 5060 canonica

2063 5099 2195 5152 moti
2227 5099 2384 5168 lege,
2415 5104 2469 5151 et
2516 5103 2764 5166 paternae
2796 5095 3104 5152 traditionis
3158 5092 3447 5164 disciplina
3471 5093 3646 5155 docti.

2063 5190 2148 5244 his
2179 5189 2272 5260 qni
2311 5189 2739 5260 apostolicarum
2801 5187 3012 5242 sedium
3067 5187 3423 5242 moderamen
3469 5187 3657 5242 sortiti

2061 5291 2214 5346 sunt,
2259 5297 2354 5351 per
2393 5280 2720 5336 reverendus
2749 5291 2805 5335 et
2842 5295 2870 5334 a
2907 5266 3014 5335 Deo
3039 5277 3282 5335 directas
3316 5280 3468 5350 bigas
3499 5279 3651 5333 misi-

2061 5374 2200 5427 stis:
2243 5372 2338 5443 qui
2380 5373 2781 5443 pervenientes,
2810 5379 2865 5427 et
2922 5387 3020 5442 per
3062 5372 3159 5427 Dei
3218 5372 3556 5426 voluntatem
3583 5385 3650 5426 ac

2061 5477 2253 5520 nutum
2276 5477 2631 5522 occurrentes
2662 5465 2753 5521 Dei
2783 5466 3089 5522 cultoribus
3127 5465 3390 5520 fratribus
3418 5464 3644 5531 nostris,

2053 5601 2096 5634 ⁶¹
2133 5602 2263 5657 ibid.
2341 5601 2388 5635 ⁸³
2429 5603 2564 5657 Luc.
2628 5619 2668 5670 ι,
2711 5601 2804 5658 69.
2880 5602 2928 5634 ⁸³
2961 5604 3160 5656 Anast.
3214 5600 3408 5668 verb.,
3449 5619 3469 5654 ι
3500 5600 3643 5666 Quia

441 5656 580 5744 imas
603 5661 837 5744 retinent
887 5665 1232 5732 patriarchae,
1261 5656 1383 5720 nam
1426 5669 1666 5737 primum
1699 5673 1750 5725 in
1797 5656 2035 5727 Eci'lt‘sia
2079 5656 2254 5728 locum
2301 5656 2587 5744 possident
2615 5656 2948 5728 sacerdotes.
2985 5691 3002 5723 ›
3083 5673 3129 5704 ⁸³
3161 5671 3302 5728 Psal.
3332 5656 3557 5739 ιε’κινιιῖ,
3583 5656 3641 5730 tit:

372 5671 580 5759 plumas
603 5671 826 5725 retinent

440 5723 586 5784 Psal.
617 5745 716 5789 ιι..
743 5730 826 5786 12.
