  <div class='ocr_page' id='page_1' title='image "/cluster/home/n/w/nwhite01/storage/ocr_20150623/98/mdp.39015005675650/755.png"; bbox 0 0 4090 6286; ppageno 0'>
   <div class='ocr_carea' id='block_1_1' title="bbox 479 319 612 386">
    <p class='ocr_par' dir='ltr' id='par_1_1' title="bbox 479 319 612 386">
     <span class='ocr_line' id='line_1_1' title="bbox 479 319 612 386; baseline -0.008 0"><span class='ocrx_word' id='word_1_1' title='bbox 479 319 612 386; x_wconf 71' lang='grc'><strong>1471</strong></span> 
     </span>
    </p>
   </div>
   <div class='ocr_carea' id='block_1_2' title="bbox 1554 325 2658 388">
    <p class='ocr_par' dir='ltr' id='par_1_2' title="bbox 1554 325 2658 388">
     <span class='ocr_line' id='line_1_2' title="bbox 1554 325 2658 388; baseline 0.003 -3"><span class='ocrx_word' id='word_1_2' title='bbox 1554 326 1611 385; x_wconf 83' lang='lat' dir='ltr'><strong>S-</strong></span> <span class='ocrx_word' id='word_1_3' title='bbox 1654 325 1961 387; x_wconf 71' lang='lat' dir='ltr'><strong>TABASII</strong></span> <span class='ocrx_word' id='word_1_4' title='bbox 2000 325 2510 388; x_wconf 62' lang='lat' dir='ltr'><strong>PATRIARCILE</strong></span> <span class='ocrx_word' id='word_1_5' title='bbox 2546 328 2658 388; x_wconf 68' lang='lat' dir='ltr'><strong>CF.</strong></span> 
     </span>
    </p>
   </div>
   <div class='ocr_carea' id='block_1_3' title="bbox 3622 332 3761 401">
    <p class='ocr_par' dir='ltr' id='par_1_3' title="bbox 3622 332 3761 401">
     <span class='ocr_line' id='line_1_3' title="bbox 3622 332 3761 401; baseline 0.007 -1"><span class='ocrx_word' id='word_1_6' title='bbox 3622 332 3761 401; x_wconf 60' lang='lat'><strong>11172</strong></span> 
     </span>
    </p>
   </div>
   <div class='ocr_carea' id='block_1_4' title="bbox 477 435 2057 515">
    <p class='ocr_par' dir='ltr' id='par_1_4' title="bbox 477 435 2057 506">
     <span class='ocr_line' id='line_1_4' title="bbox 477 435 2057 506; baseline 0.003 -20"><span class='ocrx_word' id='word_1_7' title='bbox 477 437 612 487; x_wconf 77' lang='lat' dir='ltr'><strong>vti-is</strong></span> <span class='ocrx_word' id='word_1_8' title='bbox 633 436 882 499; x_wconf 82' lang='lat' dir='ltr'><strong>sanctis,</strong></span> <span class='ocrx_word' id='word_1_9' title='bbox 915 436 1009 506; x_wconf 91' lang='lat' dir='ltr'><strong>qui</strong></span> <span class='ocrx_word' id='word_1_10' title='bbox 1044 435 1314 492; x_wconf 84' lang='lat' dir='ltr'><strong>dederunt</strong></span> <span class='ocrx_word' id='word_1_11' title='bbox 1343 435 1557 492; x_wconf 79' lang='lat' dir='ltr'><strong>animas</strong></span> <span class='ocrx_word' id='word_1_12' title='bbox 1591 451 1720 491; x_wconf 82' lang='lat' dir='ltr'><strong>suas</strong></span> <span class='ocrx_word' id='word_1_13' title='bbox 1749 452 1844 505; x_wconf 82' lang='lat' dir='ltr'><strong>pro</strong></span> <span class='ocrx_word' id='word_1_14' title='bbox 1879 436 2057 491; x_wconf 45' lang='lat' dir='ltr'><strong>Eccle&#39;</strong></span> 
     </span>
    </p>
   </div>
   <div class='ocr_carea' id='block_1_5' title="bbox 2158 435 3759 515">
    <p class='ocr_par' dir='ltr' id='par_1_5' title="bbox 2168 436 3759 515">
     <span class='ocr_line' id='line_1_5' title="bbox 2168 436 3759 515; baseline 0.009 -27"><span class='ocrx_word' id='word_1_15' title='bbox 2168 436 2592 502; x_wconf 75' lang='grc' dir='ltr'>εὖσεϐεστάτοις</span> <span class='ocrx_word' id='word_1_16' title='bbox 2645 437 2896 508; x_wconf 72' lang='grc' dir='ltr'>ἀδελφοῖς</span> <span class='ocrx_word' id='word_1_17' title='bbox 2949 439 3109 511; x_wconf 67' lang='grc' dir='ltr'>ἡμῶν</span> <span class='ocrx_word' id='word_1_18' title='bbox 3134 440 3393 514; x_wconf 69' lang='grc' dir='ltr'>ἀνδράσιν</span> <span class='ocrx_word' id='word_1_19' title='bbox 3449 442 3629 515; x_wconf 78' lang='grc' dir='ltr'>ἁγίοις</span> <span class='ocrx_word' id='word_1_20' title='bbox 3657 449 3759 503; x_wconf 76' lang='grc' dir='ltr'>καὶ</span> 
     </span>
    </p>
   </div>
   <div class='ocr_carea' id='block_1_6' title="bbox 477 527 2064 598">
    <p class='ocr_par' dir='ltr' id='par_1_6' title="bbox 477 527 2064 598">
     <span class='ocr_line' id='line_1_6' title="bbox 477 527 2064 598; baseline -0.002 -18"><span class='ocrx_word' id='word_1_21' title='bbox 477 527 684 580; x_wconf 77' lang='lat' dir='ltr'><strong>siarum</strong></span> <span class='ocrx_word' id='word_1_22' title='bbox 739 527 1082 583; x_wconf 70' lang='lat' dir='ltr'><strong>rorreetione</strong></span> <span class='ocrx_word' id='word_1_23' title='bbox 1112 537 1204 594; x_wconf 86' lang='lat' dir='ltr'><strong>;et</strong></span> <span class='ocrx_word' id='word_1_24' title='bbox 1236 527 1498 598; x_wconf 82' lang='lat' dir='ltr'><strong>recogniti</strong></span> <span class='ocrx_word' id='word_1_25' title='bbox 1532 543 1596 582; x_wconf 81' lang='lat' dir='ltr'><strong>ex</strong></span> <span class='ocrx_word' id='word_1_26' title='bbox 1639 529 1807 582; x_wconf 84' lang='lat' dir='ltr'><strong>veteri</strong></span> <span class='ocrx_word' id='word_1_27' title='bbox 1835 536 1889 583; x_wconf 83' lang='lat' dir='ltr'><strong>et</strong></span> <span class='ocrx_word' id='word_1_28' title='bbox 1921 529 2064 582; x_wconf 80' lang='lat' dir='ltr'><strong>anti-</strong></span> 
     </span>
    </p>
   </div>
   <div class='ocr_carea' id='block_1_7' title="bbox 477 617 2058 688">
    <p class='ocr_par' dir='ltr' id='par_1_7' title="bbox 477 617 2058 688">
     <span class='ocr_line' id='line_1_7' title="bbox 477 617 2058 688; baseline 0.003 -19"><span class='ocrx_word' id='word_1_29' title='bbox 477 634 584 685; x_wconf 87' lang='lat' dir='ltr'><strong>qna</strong></span> <span class='ocrx_word' id='word_1_30' title='bbox 615 617 1032 672; x_wconf 68' lang='lat' dir='ltr'><strong>conversatione</strong></span> <span class='ocrx_word' id='word_1_31' title='bbox 1063 659 1079 682; x_wconf 96' lang='lat'><strong>,</strong></span> <span class='ocrx_word' id='word_1_32' title='bbox 1127 617 1283 672; x_wconf 83' lang='lat' dir='ltr'><strong>valde</strong></span> <span class='ocrx_word' id='word_1_33' title='bbox 1314 617 1485 688; x_wconf 78' lang='lat' dir='ltr'><strong>gavisi</strong></span> <span class='ocrx_word' id='word_1_34' title='bbox 1518 627 1646 672; x_wconf 89' lang='lat' dir='ltr'><strong>sunt</strong></span> <span class='ocrx_word' id='word_1_35' title='bbox 1677 636 1690 673; x_wconf 89' lang='lat'><strong>:</strong></span> <span class='ocrx_word' id='word_1_36' title='bbox 1727 628 1781 674; x_wconf 90' lang='lat' dir='ltr'><strong>et</strong></span> <span class='ocrx_word' id='word_1_37' title='bbox 1821 620 2058 674; x_wconf 69' lang='lat' dir='ltr'><strong>Inarime</strong></span> 
     </span>
    </p>
   </div>
   <div class='ocr_carea' id='block_1_8' title="bbox 476 709 2060 780">
    <p class='ocr_par' dir='ltr' id='par_1_8' title="bbox 476 709 2060 780">
     <span class='ocr_line' id='line_1_8' title="bbox 476 709 2060 780; baseline 0.002 -19"><span class='ocrx_word' id='word_1_38' title='bbox 476 709 811 778; x_wconf 65' lang='lat' dir='ltr'><strong>reperimles</strong></span> <span class='ocrx_word' id='word_1_39' title='bbox 835 709 1031 764; x_wconf 86' lang='lat' dir='ltr'><strong>ambos</strong></span> <span class='ocrx_word' id='word_1_40' title='bbox 1057 710 1114 763; x_wconf 91' lang='lat' dir='ltr'><strong>in</strong></span> <span class='ocrx_word' id='word_1_41' title='bbox 1148 725 1259 764; x_wconf 88' lang='lat' dir='ltr'><strong>uno</strong></span> <span class='ocrx_word' id='word_1_42' title='bbox 1287 709 1406 765; x_wconf 90' lang='lat' dir='ltr'><strong>loco</strong></span> <span class='ocrx_word' id='word_1_43' title='bbox 1453 709 1734 780; x_wconf 85' lang='lat' dir='ltr'><strong>degentes,</strong></span> <span class='ocrx_word' id='word_1_44' title='bbox 1759 719 1813 765; x_wconf 86' lang='lat' dir='ltr'><strong>et</strong></span> <span class='ocrx_word' id='word_1_45' title='bbox 1838 710 2060 764; x_wconf 80' lang='lat' dir='ltr'><strong>modum</strong></span> 
     </span>
    </p>
   </div>
   <div class='ocr_carea' id='block_1_9' title="bbox 478 796 2060 870">
    <p class='ocr_par' dir='ltr' id='par_1_9' title="bbox 478 796 2060 870">
     <span class='ocr_line' id='line_1_9' title="bbox 478 796 2060 870; baseline 0.008 -21"><span class='ocrx_word' id='word_1_46' title='bbox 478 798 588 851; x_wconf 76' lang='lat' dir='ltr'><strong>ln-o</strong></span> <span class='ocrx_word' id='word_1_47' title='bbox 649 796 907 867; x_wconf 76' lang='lat' dir='ltr'><strong>placitum</strong></span> <span class='ocrx_word' id='word_1_48' title='bbox 969 810 1376 870; x_wconf 88' lang='lat' dir='ltr'><strong>persequentes.</strong></span> <span class='ocrx_word' id='word_1_49' title='bbox 1438 801 1506 857; x_wconf 83' lang='lat' dir='ltr'><strong>Et</strong></span> <span class='ocrx_word' id='word_1_50' title='bbox 1550 815 1674 857; x_wconf 84' lang='lat' dir='ltr'><strong>sese</strong></span> <span class='ocrx_word' id='word_1_51' title='bbox 1739 803 2060 862; x_wconf 82' lang='lat' dir='ltr'><strong>revelautes.</strong></span> 
     </span>
    </p>
   </div>
   <div class='ocr_carea' id='block_1_10' title="bbox 477 891 2064 950">
    <p class='ocr_par' dir='ltr' id='par_1_10' title="bbox 477 891 2064 950">
     <span class='ocr_line' id='line_1_10' title="bbox 477 891 2064 950; baseline 0.003 -6"><span class='ocrx_word' id='word_1_52' title='bbox 477 908 512 944; x_wconf 78' lang='grc' dir='ltr'>(ι</span> <span class='ocrx_word' id='word_1_53' title='bbox 546 891 838 946; x_wconf 72' lang='lat' dir='ltr'><strong>tendrrunt</strong></span> <span class='ocrx_word' id='word_1_54' title='bbox 873 893 955 948; x_wconf 84' lang='lat' dir='ltr'><strong>eis</strong></span> <span class='ocrx_word' id='word_1_55' title='bbox 1001 891 1344 947; x_wconf 73' lang='lat' dir='ltr'><strong>orthodoxia:</strong></span> <span class='ocrx_word' id='word_1_56' title='bbox 1372 902 1568 949; x_wconf 68' lang='lat' dir='ltr'><strong>vestite</strong></span> <span class='ocrx_word' id='word_1_57' title='bbox 1596 893 1704 950; x_wconf 87' lang='lat' dir='ltr'><strong>Deo</strong></span> <span class='ocrx_word' id='word_1_58' title='bbox 1732 894 1983 949; x_wconf 77' lang='lat' dir='ltr'><strong>decentes</strong></span> <span class='ocrx_word' id='word_1_59' title='bbox 2009 903 2064 949; x_wconf 84' lang='lat' dir='ltr'><strong>ct</strong></span> 
     </span>
    </p>
   </div>
   <div class='ocr_carea' id='block_1_11' title="bbox 474 984 2063 1055">
    <p class='ocr_par' dir='ltr' id='par_1_11' title="bbox 474 984 2063 1055">
     <span class='ocr_line' id='line_1_11' title="bbox 474 984 2063 1055; baseline 0.004 -20"><span class='ocrx_word' id='word_1_60' title='bbox 474 985 670 1054; x_wconf 79' lang='lat' dir='ltr'><strong>dignos</strong></span> <span class='ocrx_word' id='word_1_61' title='bbox 709 985 1076 1040; x_wconf 86' lang='lat' dir='ltr'><strong>admiratione</strong></span> <span class='ocrx_word' id='word_1_62' title='bbox 1102 985 1339 1050; x_wconf 78' lang='lat' dir='ltr'><strong>libellos,</strong></span> <span class='ocrx_word' id='word_1_63' title='bbox 1370 984 1668 1041; x_wconf 79' lang='lat' dir='ltr'><strong>referentes</strong></span> <span class='ocrx_word' id='word_1_64' title='bbox 1699 1003 1793 1055; x_wconf 89' lang='lat' dir='ltr'><strong>per</strong></span> <span class='ocrx_word' id='word_1_65' title='bbox 1815 987 2063 1043; x_wconf 82' lang='lat' dir='ltr'><strong>ordinem</strong></span> 
     </span>
    </p>
   </div>
   <div class='ocr_carea' id='block_1_12' title="bbox 477 1072 2064 1149">
    <p class='ocr_par' dir='ltr' id='par_1_12' title="bbox 477 1072 2064 1149">
     <span class='ocr_line' id='line_1_12' title="bbox 477 1072 2064 1149; baseline 0.006 -23"><span class='ocrx_word' id='word_1_66' title='bbox 477 1072 589 1128; x_wconf 67' lang='lat' dir='ltr'><strong>Deo</strong></span> <span class='ocrx_word' id='word_1_67' title='bbox 626 1075 838 1144; x_wconf 71' lang='lat' dir='ltr'><strong>placita:</strong></span> <span class='ocrx_word' id='word_1_68' title='bbox 867 1075 1176 1130; x_wconf 74' lang='lat' dir='ltr'><strong>sanctitatis</strong></span> <span class='ocrx_word' id='word_1_69' title='bbox 1222 1086 1417 1131; x_wconf 67' lang='lat' dir='ltr'><strong>vestra:</strong></span> <span class='ocrx_word' id='word_1_70' title='bbox 1445 1077 1666 1140; x_wconf 88' lang='lat' dir='ltr'><strong>mentis,</strong></span> <span class='ocrx_word' id='word_1_71' title='bbox 1691 1086 1745 1132; x_wconf 91' lang='lat' dir='ltr'><strong>et</strong></span> <span class='ocrx_word' id='word_1_72' title='bbox 1773 1078 1921 1149; x_wconf 90' lang='lat' dir='ltr'><strong>pium</strong></span> <span class='ocrx_word' id='word_1_73' title='bbox 1953 1077 2064 1136; x_wconf 61' lang='lat' dir='ltr'><strong>Dco</strong></span> 
     </span>
    </p>
   </div>
   <div class='ocr_carea' id='block_1_13' title="bbox 390 1164 2065 1231">
    <p class='ocr_par' dir='ltr' id='par_1_13' title="bbox 390 1164 2065 1231">
     <span class='ocr_line' id='line_1_13' title="bbox 390 1164 2065 1231; baseline 0.002 -13"><span class='ocrx_word' id='word_1_74' title='bbox 390 1188 397 1194; x_wconf 86' lang='lat'><strong><em>-</em></strong></span> <span class='ocrx_word' id='word_1_75' title='bbox 473 1176 930 1220; x_wconf 73' lang='lat' dir='ltr'><strong>conservatorem</strong></span> <span class='ocrx_word' id='word_1_76' title='bbox 960 1164 1311 1219; x_wconf 79' lang='lat' dir='ltr'><strong>dominorum</strong></span> <span class='ocrx_word' id='word_1_77' title='bbox 1334 1173 1647 1221; x_wconf 85' lang='lat' dir='ltr'><strong>nostrorum</strong></span> <span class='ocrx_word' id='word_1_78' title='bbox 1677 1168 1990 1231; x_wconf 89' lang='lat' dir='ltr'><strong>consilium,</strong></span> <span class='ocrx_word' id='word_1_79' title='bbox 2010 1175 2065 1224; x_wconf 88' lang='lat' dir='ltr'><strong>et</strong></span> 
     </span>
    </p>
   </div>
   <div class='ocr_carea' id='block_1_14' title="bbox 473 1250 2064 1327">
    <p class='ocr_par' dir='ltr' id='par_1_14' title="bbox 473 1250 2064 1327">
     <span class='ocr_line' id='line_1_14' title="bbox 473 1250 2064 1327; baseline 0.004 -19"><span class='ocrx_word' id='word_1_80' title='bbox 473 1255 788 1311; x_wconf 76' lang='lat' dir='ltr'><strong>eommuuis</strong></span> <span class='ocrx_word' id='word_1_81' title='bbox 817 1250 1064 1310; x_wconf 79' lang='lat' dir='ltr'><strong>omnium</strong></span> <span class='ocrx_word' id='word_1_82' title='bbox 1091 1255 1288 1311; x_wconf 72' lang='lat' dir='ltr'><strong>salutis</strong></span> <span class='ocrx_word' id='word_1_83' title='bbox 1318 1258 1808 1327; x_wconf 72' lang='lat' dir='ltr'><strong>exspectationem,</strong></span> <span class='ocrx_word' id='word_1_84' title='bbox 1829 1268 1882 1314; x_wconf 92' lang='lat' dir='ltr'><strong>et</strong></span> <span class='ocrx_word' id='word_1_85' title='bbox 1913 1260 2064 1315; x_wconf 85' lang='lat' dir='ltr'><strong>circa</strong></span> 
     </span>
    </p>
   </div>
   <div class='ocr_carea' id='block_1_15' title="bbox 478 1346 2064 1420">
    <p class='ocr_par' dir='ltr' id='par_1_15' title="bbox 478 1346 2064 1420">
     <span class='ocr_line' id='line_1_15' title="bbox 478 1346 2064 1420; baseline 0.004 -21"><span class='ocrx_word' id='word_1_86' title='bbox 478 1346 647 1402; x_wconf 71' lang='lat' dir='ltr'><strong>Deum</strong></span> <span class='ocrx_word' id='word_1_87' title='bbox 673 1347 795 1403; x_wconf 82' lang='lat' dir='ltr'><strong>sine‘</strong></span> <span class='ocrx_word' id='word_1_88' title='bbox 813 1347 1136 1404; x_wconf 83' lang='lat' dir='ltr'><strong>confusione</strong></span> <span class='ocrx_word' id='word_1_89' title='bbox 1166 1364 1340 1418; x_wconf 90' lang='lat' dir='ltr'><strong>spem.</strong></span> <span class='ocrx_word' id='word_1_90' title='bbox 1362 1349 1428 1402; x_wconf 78' lang='lat' dir='ltr'><strong>At</strong></span> <span class='ocrx_word' id='word_1_91' title='bbox 1454 1347 1532 1402; x_wconf 87' lang='lat' dir='ltr'><strong>illi</strong></span> <span class='ocrx_word' id='word_1_92' title='bbox 1560 1349 1719 1420; x_wconf 87' lang='lat' dir='ltr'><strong>quasi</strong></span> <span class='ocrx_word' id='word_1_93' title='bbox 1752 1365 1916 1405; x_wconf 88' lang='lat' dir='ltr'><strong>unam</strong></span> <span class='ocrx_word' id='word_1_94' title='bbox 1944 1353 2064 1406; x_wconf 87' lang='lat' dir='ltr'><strong>ani-</strong></span> 
     </span>
    </p>
   </div>
   <div class='ocr_carea' id='block_1_16' title="bbox 477 1442 2067 1513">
    <p class='ocr_par' dir='ltr' id='par_1_16' title="bbox 477 1442 2067 1513">
     <span class='ocr_line' id='line_1_16' title="bbox 477 1442 2067 1513; baseline 0.003 -17"><span class='ocrx_word' id='word_1_95' title='bbox 477 1459 621 1497; x_wconf 87' lang='lat' dir='ltr'><strong>mam</strong></span> <span class='ocrx_word' id='word_1_96' title='bbox 654 1443 706 1496; x_wconf 92' lang='lat' dir='ltr'><strong>in</strong></span> <span class='ocrx_word' id='word_1_97' title='bbox 739 1443 953 1498; x_wconf 81' lang='lat' dir='ltr'><strong>duobus</strong></span> <span class='ocrx_word' id='word_1_98' title='bbox 982 1442 1308 1513; x_wconf 84' lang='lat' dir='ltr'><strong>corporibus</strong></span> <span class='ocrx_word' id='word_1_99' title='bbox 1342 1442 1632 1508; x_wconf 86' lang='lat' dir='ltr'><strong>habentes,</strong></span> <span class='ocrx_word' id='word_1_100' title='bbox 1660 1453 1715 1498; x_wconf 91' lang='lat' dir='ltr'><strong>et</strong></span> <span class='ocrx_word' id='word_1_101' title='bbox 1749 1459 1945 1511; x_wconf 90' lang='lat' dir='ltr'><strong>unum,</strong></span> <span class='ocrx_word' id='word_1_102' title='bbox 1983 1460 2067 1500; x_wconf 90' lang='lat' dir='ltr'><strong>sc-</strong></span> 
     </span>
    </p>
   </div>
   <div class='ocr_carea' id='block_1_17' title="bbox 474 1524 2064 1607">
    <p class='ocr_par' dir='ltr' id='par_1_17' title="bbox 474 1524 2064 1607">
     <span class='ocr_line' id='line_1_17' title="bbox 474 1524 2064 1607; baseline 0.001 -18"><span class='ocrx_word' id='word_1_103' title='bbox 474 1534 721 1589; x_wconf 78' lang='lat' dir='ltr'><strong>cuudmu</strong></span> <span class='ocrx_word' id='word_1_104' title='bbox 774 1534 1120 1604; x_wconf 83' lang='lat' dir='ltr'><strong>Apostolum.</strong></span> <span class='ocrx_word' id='word_1_105' title='bbox 1156 1535 1454 1604; x_wconf 87' lang='lat' dir='ltr'><strong>sapientes,</strong></span> <span class='ocrx_word' id='word_1_106' title='bbox 1505 1544 1561 1590; x_wconf 90' lang='lat' dir='ltr'><strong>et</strong></span> <span class='ocrx_word' id='word_1_107' title='bbox 1588 1524 1625 1589; x_wconf 78' lang='grc' dir='ltr'><strong>ἰι</strong></span> <span class='ocrx_word' id='word_1_108' title='bbox 1654 1535 1840 1590; x_wconf 85' lang='lat' dir='ltr'><strong>divino</strong></span> <span class='ocrx_word' id='word_1_109' title='bbox 1875 1535 2064 1607; x_wconf 80' lang='lat' dir='ltr'><strong>agitati</strong></span> 
     </span>
    </p>
   </div>
   <div class='ocr_carea' id='block_1_18' title="bbox 477 1623 2067 1698">
    <p class='ocr_par' dir='ltr' id='par_1_18' title="bbox 477 1623 2067 1698">
     <span class='ocr_line' id='line_1_18' title="bbox 477 1623 2067 1698; baseline 0.002 -19"><span class='ocrx_word' id='word_1_110' title='bbox 477 1623 709 1694; x_wconf 70' lang='lat' dir='ltr'><strong>Spiritu,</strong></span> <span class='ocrx_word' id='word_1_111' title='bbox 743 1636 955 1681; x_wconf 88' lang='lat' dir='ltr'><strong>secreto</strong></span> <span class='ocrx_word' id='word_1_112' title='bbox 981 1625 1182 1696; x_wconf 88' lang='lat' dir='ltr'><strong>pariter</strong></span> <span class='ocrx_word' id='word_1_113' title='bbox 1207 1635 1262 1681; x_wconf 89' lang='lat' dir='ltr'><strong>et</strong></span> <span class='ocrx_word' id='word_1_114' title='bbox 1290 1626 1656 1698; x_wconf 84' lang='lat' dir='ltr'><strong>intelligentcr</strong></span> <span class='ocrx_word' id='word_1_115' title='bbox 1706 1626 1902 1683; x_wconf 79' lang='lat' dir='ltr'><strong>fratres</strong></span> <span class='ocrx_word' id='word_1_116' title='bbox 1931 1643 2067 1682; x_wconf 90' lang='lat' dir='ltr'><strong>con-</strong></span> 
     </span>
    </p>
   </div>
   <div class='ocr_carea' id='block_1_19' title="bbox 475 1718 2064 1790">
    <p class='ocr_par' dir='ltr' id='par_1_19' title="bbox 475 1718 2064 1790">
     <span class='ocr_line' id='line_1_19' title="bbox 475 1718 2064 1790; baseline 0.003 -20"><span class='ocrx_word' id='word_1_117' title='bbox 475 1725 721 1786; x_wconf 85' lang='lat' dir='ltr'><strong>tegentes</strong></span> <span class='ocrx_word' id='word_1_118' title='bbox 755 1727 810 1772; x_wconf 89' lang='lat' dir='ltr'><strong>et</strong></span> <span class='ocrx_word' id='word_1_119' title='bbox 839 1718 1180 1774; x_wconf 84' lang='lat' dir='ltr'><strong>occultantes</strong></span> <span class='ocrx_word' id='word_1_120' title='bbox 1219 1727 1441 1790; x_wconf 84' lang='lat' dir='ltr'><strong>propter</strong></span> <span class='ocrx_word' id='word_1_121' title='bbox 1471 1719 1823 1774; x_wconf 78' lang='lat' dir='ltr'><strong>formidinem</strong></span> <span class='ocrx_word' id='word_1_122' title='bbox 1877 1719 2064 1775; x_wconf 83' lang='lat' dir='ltr'><strong>inimi-</strong></span> 
     </span>
    </p>
   </div>
   <div class='ocr_carea' id='block_1_20' title="bbox 473 1808 2066 1880">
    <p class='ocr_par' dir='ltr' id='par_1_20' title="bbox 473 1808 2066 1880">
     <span class='ocr_line' id='line_1_20' title="bbox 473 1808 2066 1880; baseline 0.002 -17"><span class='ocrx_word' id='word_1_123' title='bbox 473 1824 663 1864; x_wconf 86' lang='lat' dir='ltr'><strong>corum</strong></span> <span class='ocrx_word' id='word_1_124' title='bbox 695 1808 880 1864; x_wconf 84' lang='lat' dir='ltr'><strong>crucis</strong></span> <span class='ocrx_word' id='word_1_125' title='bbox 901 1850 917 1874; x_wconf 92' lang='lat'><strong>,</strong></span> <span class='ocrx_word' id='word_1_126' title='bbox 953 1824 1077 1879; x_wconf 79' lang='lat' dir='ltr'><strong>quae</strong></span> <span class='ocrx_word' id='word_1_127' title='bbox 1107 1809 1236 1864; x_wconf 87' lang='lat' dir='ltr'><strong>hinc</strong></span> <span class='ocrx_word' id='word_1_128' title='bbox 1267 1809 1397 1865; x_wconf 89' lang='lat' dir='ltr'><strong>inde</strong></span> <span class='ocrx_word' id='word_1_129' title='bbox 1422 1810 1687 1880; x_wconf 87' lang='lat' dir='ltr'><strong>disposita</strong></span> <span class='ocrx_word' id='word_1_130' title='bbox 1721 1812 1918 1876; x_wconf 82' lang='lat' dir='ltr'><strong>fuerat,</strong></span> <span class='ocrx_word' id='word_1_131' title='bbox 1957 1827 2066 1867; x_wconf 88' lang='lat' dir='ltr'><strong>non</strong></span> 
     </span>
    </p>
   </div>
   <div class='ocr_carea' id='block_1_21' title="bbox 471 1888 2068 1971">
    <p class='ocr_par' dir='ltr' id='par_1_21' title="bbox 471 1888 2068 1971">
     <span class='ocr_line' id='line_1_21' title="bbox 471 1888 2068 1971; baseline 0.003 -17"><span class='ocrx_word' id='word_1_132' title='bbox 471 1899 593 1971; x_wconf 70' lang='lat' dir='ltr'><strong>ausi</strong></span> <span class='ocrx_word' id='word_1_133' title='bbox 624 1910 774 1966; x_wconf 84' lang='lat' dir='ltr'><strong>sunt,</strong></span> <span class='ocrx_word' id='word_1_134' title='bbox 806 1888 935 1956; x_wconf 82' lang='lat' dir='ltr'><strong>cum</strong></span> <span class='ocrx_word' id='word_1_135' title='bbox 963 1909 1148 1955; x_wconf 87' lang='lat' dir='ltr'><strong>essent</strong></span> <span class='ocrx_word' id='word_1_136' title='bbox 1181 1900 1482 1970; x_wconf 86' lang='lat' dir='ltr'><strong>sapientes,</strong></span> <span class='ocrx_word' id='word_1_137' title='bbox 1523 1902 1608 1956; x_wconf 92' lang='lat' dir='ltr'><strong>vel</strong></span> <span class='ocrx_word' id='word_1_138' title='bbox 1647 1902 1873 1958; x_wconf 85' lang='lat' dir='ltr'><strong>credere</strong></span> <span class='ocrx_word' id='word_1_139' title='bbox 1898 1903 2068 1959; x_wconf 85' lang='lat' dir='ltr'><strong>visio-</strong></span> 
     </span>
    </p>
   </div>
   <div class='ocr_carea' id='block_1_22' title="bbox 471 1989 2059 2062">
    <p class='ocr_par' dir='ltr' id='par_1_22' title="bbox 471 1989 2059 2062">
     <span class='ocr_line' id='line_1_22' title="bbox 471 1989 2059 2062; baseline -0.001 -15"><span class='ocrx_word' id='word_1_140' title='bbox 471 2006 597 2047; x_wconf 85' lang='lat' dir='ltr'><strong>nem</strong></span> <span class='ocrx_word' id='word_1_141' title='bbox 631 1989 900 2060; x_wconf 85' lang='lat' dir='ltr'><strong>ipsorum,</strong></span> <span class='ocrx_word' id='word_1_142' title='bbox 937 1989 1018 2044; x_wconf 86' lang='lat' dir='ltr'><strong>vel</strong></span> <span class='ocrx_word' id='word_1_143' title='bbox 1063 2004 1247 2045; x_wconf 63' lang='lat' dir='ltr'><strong>causa:</strong></span> <span class='ocrx_word' id='word_1_144' title='bbox 1295 1990 1512 2059; x_wconf 89' lang='lat' dir='ltr'><strong>operari</strong></span> <span class='ocrx_word' id='word_1_145' title='bbox 1545 1989 1840 2046; x_wconf 83' lang='lat' dir='ltr'><strong>decursum</strong></span> <span class='ocrx_word' id='word_1_146' title='bbox 1869 2009 1882 2046; x_wconf 93' lang='lat'>:</span> <span class='ocrx_word' id='word_1_147' title='bbox 1918 2005 2059 2062; x_wconf 79' lang='lat' dir='ltr'><strong>prae-</strong></span> 
     </span>
    </p>
   </div>
   <div class='ocr_carea' id='block_1_23' title="bbox 471 2078 2067 2155">
    <p class='ocr_par' dir='ltr' id='par_1_23' title="bbox 471 2078 2067 2155">
     <span class='ocr_line' id='line_1_23' title="bbox 471 2078 2067 2155; baseline 0 -16"><span class='ocrx_word' id='word_1_148' title='bbox 471 2085 662 2140; x_wconf 82' lang='lat' dir='ltr'><strong>sertim</strong></span> <span class='ocrx_word' id='word_1_149' title='bbox 692 2100 816 2140; x_wconf 89' lang='lat' dir='ltr'><strong>cum</strong></span> <span class='ocrx_word' id='word_1_150' title='bbox 847 2085 902 2139; x_wconf 93' lang='lat' dir='ltr'><strong>in</strong></span> <span class='ocrx_word' id='word_1_151' title='bbox 937 2083 1134 2140; x_wconf 82' lang='lat' dir='ltr'><strong>timore</strong></span> <span class='ocrx_word' id='word_1_152' title='bbox 1157 2098 1244 2138; x_wconf 89' lang='lat' dir='ltr'><strong>res</strong></span> <span class='ocrx_word' id='word_1_153' title='bbox 1295 2082 1626 2146; x_wconf 83' lang='lat' dir='ltr'><strong>haberetur,</strong></span> <span class='ocrx_word' id='word_1_154' title='bbox 1653 2092 1709 2139; x_wconf 91' lang='lat' dir='ltr'><strong>ct</strong></span> <span class='ocrx_word' id='word_1_155' title='bbox 1752 2078 1918 2155; x_wconf 83' lang='lat' dir='ltr'><strong>quam</strong></span> <span class='ocrx_word' id='word_1_156' title='bbox 1951 2100 2067 2139; x_wconf 87' lang='lat' dir='ltr'><strong>ma-</strong></span> 
     </span>
    </p>
   </div>
   <div class='ocr_carea' id='block_1_24' title="bbox 469 2172 2065 2245">
    <p class='ocr_par' dir='ltr' id='par_1_24' title="bbox 469 2172 2065 2245">
     <span class='ocr_line' id='line_1_24' title="bbox 469 2172 2065 2245; baseline -0.003 -15"><span class='ocrx_word' id='word_1_157' title='bbox 469 2177 621 2231; x_wconf 76' lang='lat' dir='ltr'><strong>xime</strong></span> <span class='ocrx_word' id='word_1_158' title='bbox 663 2174 1021 2233; x_wconf 85' lang='lat' dir='ltr'><strong>crebrescens</strong></span> <span class='ocrx_word' id='word_1_159' title='bbox 1069 2174 1360 2230; x_wconf 85' lang='lat' dir='ltr'><strong>consilium</strong></span> <span class='ocrx_word' id='word_1_160' title='bbox 1391 2183 1446 2229; x_wconf 89' lang='lat' dir='ltr'><strong>et</strong></span> <span class='ocrx_word' id='word_1_161' title='bbox 1475 2173 1708 2245; x_wconf 85' lang='lat' dir='ltr'><strong>diligens</strong></span> <span class='ocrx_word' id='word_1_162' title='bbox 1741 2172 2065 2243; x_wconf 67' lang='lat' dir='ltr'><strong>circunISpi-</strong></span> 
     </span>
    </p>
   </div>
   <div class='ocr_carea' id='block_1_25' title="bbox 473 2263 2065 2335">
    <p class='ocr_par' dir='ltr' id='par_1_25' title="bbox 473 2263 2065 2335">
     <span class='ocr_line' id='line_1_25' title="bbox 473 2263 2065 2335; baseline -0.002 -14"><span class='ocrx_word' id='word_1_163' title='bbox 473 2264 653 2321; x_wconf 79' lang='lat' dir='ltr'><strong>ciendi</strong></span> <span class='ocrx_word' id='word_1_164' title='bbox 673 2274 938 2321; x_wconf 90' lang='lat' dir='ltr'><strong>tractatus</strong></span> <span class='ocrx_word' id='word_1_165' title='bbox 957 2264 1291 2335; x_wconf 76' lang='lat' dir='ltr'><strong>exigeretur.</strong></span> <span class='ocrx_word' id='word_1_166' title='bbox 1319 2283 1338 2316; x_wconf 79' lang='grc' dir='ltr'><strong>ι</strong></span> <span class='ocrx_word' id='word_1_167' title='bbox 1366 2263 1671 2320; x_wconf 88' lang='lat' dir='ltr'><strong>Consilium</strong></span> <span class='ocrx_word' id='word_1_168' title='bbox 1695 2263 1838 2319; x_wconf 86' lang='lat' dir='ltr'><strong>enim</strong></span> <span class='ocrx_word' id='word_1_169' title='bbox 1858 2263 2065 2318; x_wconf 86' lang='lat' dir='ltr'><strong>bonum</strong></span> 
     </span>
    </p>
   </div>
   <div class='ocr_carea' id='block_1_26' title="bbox 471 2337 2064 2428">
    <p class='ocr_par' dir='ltr' id='par_1_26' title="bbox 471 2337 2064 2428">
     <span class='ocr_line' id='line_1_26' title="bbox 471 2337 2064 2428; baseline -0.001 -16"><span class='ocrx_word' id='word_1_170' title='bbox 471 2357 769 2421; x_wconf 87' lang='lat' dir='ltr'><strong>custodiet,</strong></span> <span class='ocrx_word' id='word_1_171' title='bbox 805 2356 1004 2427; x_wconf 86' lang='lat' dir='ltr'><strong>inquit,</strong></span> <span class='ocrx_word' id='word_1_172' title='bbox 1064 2365 1115 2410; x_wconf 91' lang='lat' dir='ltr'><strong>te</strong></span> <span class='ocrx_word' id='word_1_173' title='bbox 1147 2374 1163 2424; x_wconf 87' lang='lat'><strong>;</strong></span> <span class='ocrx_word' id='word_1_174' title='bbox 1199 2355 1459 2428; x_wconf 74' lang='lat' dir='ltr'><strong>cogitatio</strong></span> <span class='ocrx_word' id='word_1_175' title='bbox 1491 2370 1618 2421; x_wconf 79' lang='lat' dir='ltr'><strong>vere</strong></span> <span class='ocrx_word' id='word_1_176' title='bbox 1671 2342 1814 2410; x_wconf 79' lang='lat' dir='ltr'><strong>bona</strong></span> <span class='ocrx_word' id='word_1_177' title='bbox 1876 2337 2064 2411; x_wconf 75' lang='lat' dir='ltr'><strong>serva-</strong></span> 
     </span>
    </p>
   </div>
   <div class='ocr_carea' id='block_1_27' title="bbox 472 2439 2065 2518">
    <p class='ocr_par' dir='ltr' id='par_1_27' title="bbox 472 2439 2065 2518">
     <span class='ocr_line' id='line_1_27' title="bbox 472 2439 2065 2518; baseline -0.001 -14"><span class='ocrx_word' id='word_1_178' title='bbox 472 2449 553 2505; x_wconf 76' lang='lat' dir='ltr'><strong>bit</strong></span> <span class='ocrx_word' id='word_1_179' title='bbox 577 2459 628 2505; x_wconf 93' lang='lat' dir='ltr'><strong>te</strong></span> <span class='ocrx_word' id='word_1_180' title='bbox 674 2449 744 2503; x_wconf 77' lang='grc'><strong>⁸⁸.</strong></span> <span class='ocrx_word' id='word_1_181' title='bbox 787 2467 806 2500; x_wconf 81' lang='grc' dir='ltr'><strong>ι</strong></span> <span class='ocrx_word' id='word_1_182' title='bbox 860 2447 930 2504; x_wconf 84' lang='grc' dir='ltr'>Ει</span> <span class='ocrx_word' id='word_1_183' title='bbox 963 2463 1091 2505; x_wconf 83' lang='lat' dir='ltr'><strong>erce</strong></span> <span class='ocrx_word' id='word_1_184' title='bbox 1145 2449 1278 2504; x_wconf 88' lang='lat' dir='ltr'><strong>dum</strong></span> <span class='ocrx_word' id='word_1_185' title='bbox 1337 2449 1530 2503; x_wconf 87' lang='lat' dir='ltr'><strong>lateret</strong></span> <span class='ocrx_word' id='word_1_186' title='bbox 1589 2439 1686 2504; x_wconf 85' lang='lat' dir='ltr'><strong>cos</strong></span> <span class='ocrx_word' id='word_1_187' title='bbox 1720 2447 1814 2518; x_wconf 86' lang='lat' dir='ltr'><strong>qui</strong></span> <span class='ocrx_word' id='word_1_188' title='bbox 1856 2463 1914 2504; x_wconf 91' lang='lat' dir='ltr'><strong>se</strong></span> <span class='ocrx_word' id='word_1_189' title='bbox 1960 2448 2065 2504; x_wconf 85' lang='lat' dir='ltr'><strong>sub</strong></span> 
     </span>
    </p>
   </div>
   <div class='ocr_carea' id='block_1_28' title="bbox 475 2539 2063 2614">
    <p class='ocr_par' dir='ltr' id='par_1_28' title="bbox 475 2539 2063 2614">
     <span class='ocr_line' id='line_1_28' title="bbox 475 2539 2063 2614; baseline 0 -19"><span class='ocrx_word' id='word_1_190' title='bbox 475 2542 704 2597; x_wconf 90' lang='lat' dir='ltr'><strong>tuitione</strong></span> <span class='ocrx_word' id='word_1_191' title='bbox 731 2540 1262 2614; x_wconf 69' lang='lat' dir='ltr'><strong>custodiaelquosin</strong></span> <span class='ocrx_word' id='word_1_192' title='bbox 1284 2557 1398 2598; x_wconf 85' lang='lat' dir='ltr'><strong>suae</strong></span> <span class='ocrx_word' id='word_1_193' title='bbox 1431 2541 1682 2598; x_wconf 90' lang='lat' dir='ltr'><strong>tuitionis</strong></span> <span class='ocrx_word' id='word_1_194' title='bbox 1730 2539 2063 2614; x_wconf 77' lang='lat' dir='ltr'><strong>custodiam]</strong></span> 
     </span>
    </p>
   </div>
   <div class='ocr_carea' id='block_1_29' title="bbox 472 2633 2062 2707">
    <p class='ocr_par' dir='ltr' id='par_1_29' title="bbox 472 2633 2062 2707">
     <span class='ocr_line' id='line_1_29' title="bbox 472 2633 2062 2707; baseline 0 -20"><span class='ocrx_word' id='word_1_195' title='bbox 472 2643 796 2703; x_wconf 87' lang='lat' dir='ltr'><strong>posuerunt,</strong></span> <span class='ocrx_word' id='word_1_196' title='bbox 833 2641 1234 2690; x_wconf 85' lang='lat' dir='ltr'><strong>concurrerunt</strong></span> <span class='ocrx_word' id='word_1_197' title='bbox 1263 2648 1437 2707; x_wconf 84' lang='lat' dir='ltr'><strong>usque</strong></span> <span class='ocrx_word' id='word_1_198' title='bbox 1469 2633 1538 2689; x_wconf 84' lang='lat' dir='ltr'><strong>ad</strong></span> <span class='ocrx_word' id='word_1_199' title='bbox 1571 2648 1674 2690; x_wconf 83' lang='lat' dir='ltr'><strong>nos</strong></span> <span class='ocrx_word' id='word_1_200' title='bbox 1697 2641 1784 2689; x_wconf 88' lang='lat' dir='ltr'><strong>:et</strong></span> <span class='ocrx_word' id='word_1_201' title='bbox 1819 2633 1873 2688; x_wconf 91' lang='lat' dir='ltr'><strong>in</strong></span> <span class='ocrx_word' id='word_1_202' title='bbox 1922 2633 2062 2703; x_wconf 83' lang='lat' dir='ltr'><strong>idip-</strong></span> 
     </span>
    </p>
   </div>
   <div class='ocr_carea' id='block_1_30' title="bbox 471 2725 2062 2797">
    <p class='ocr_par' dir='ltr' id='par_1_30' title="bbox 471 2725 2062 2797">
     <span class='ocr_line' id='line_1_30' title="bbox 471 2725 2062 2797; baseline 0 -18"><span class='ocrx_word' id='word_1_203' title='bbox 471 2741 597 2780; x_wconf 79' lang='lat' dir='ltr'><strong>sum</strong></span> <span class='ocrx_word' id='word_1_204' title='bbox 651 2734 1050 2797; x_wconf 79' lang='lat' dir='ltr'><strong>congregantes</strong></span> <span class='ocrx_word' id='word_1_205' title='bbox 1113 2725 1358 2791; x_wconf 88' lang='lat' dir='ltr'><strong>silentcr,</strong></span> <span class='ocrx_word' id='word_1_206' title='bbox 1395 2725 1758 2780; x_wconf 79' lang='lat' dir='ltr'><strong>humilitatem</strong></span> <span class='ocrx_word' id='word_1_207' title='bbox 1816 2734 2062 2782; x_wconf 80' lang='lat' dir='ltr'><strong>nostram</strong></span> 
     </span>
    </p>
   </div>
   <div class='ocr_carea' id='block_1_31' title="bbox 471 2817 2063 2897">
    <p class='ocr_par' dir='ltr' id='par_1_31' title="bbox 471 2817 2063 2897">
     <span class='ocr_line' id='line_1_31' title="bbox 471 2817 2063 2897; baseline 0.004 -30"><span class='ocrx_word' id='word_1_208' title='bbox 471 2817 650 2897; x_wconf 74' lang='lat' dir='ltr'><strong>primo</strong></span> <span class='ocrx_word' id='word_1_209' title='bbox 683 2817 903 2887; x_wconf 82' lang='lat' dir='ltr'><strong>quidem</strong></span> <span class='ocrx_word' id='word_1_210' title='bbox 971 2817 1414 2888; x_wconf 83' lang='lat' dir='ltr'><strong>adjuramentum</strong></span> <span class='ocrx_word' id='word_1_211' title='bbox 1475 2817 1779 2874; x_wconf 75' lang='lat' dir='ltr'><strong>vincientes</strong></span> <span class='ocrx_word' id='word_1_212' title='bbox 1809 2817 1854 2851; x_wconf 79' lang='grc'><strong>⁸⁷</strong></span> <span class='ocrx_word' id='word_1_213' title='bbox 1883 2857 1899 2883; x_wconf 88' lang='grc'><strong>,</strong></span> <span class='ocrx_word' id='word_1_214' title='bbox 1961 2832 2063 2873; x_wconf 88' lang='lat' dir='ltr'><strong>nos</strong></span> 
     </span>
    </p>
   </div>
   <div class='ocr_carea' id='block_1_32' title="bbox 472 2911 2062 2983">
    <p class='ocr_par' dir='ltr' id='par_1_32' title="bbox 472 2911 2062 2983">
     <span class='ocr_line' id='line_1_32' title="bbox 472 2911 2062 2983; baseline 0.002 -18"><span class='ocrx_word' id='word_1_215' title='bbox 472 2926 694 2968; x_wconf 84' lang='lat' dir='ltr'><strong>scrvare</strong></span> <span class='ocrx_word' id='word_1_216' title='bbox 747 2922 963 2969; x_wconf 85' lang='lat' dir='ltr'><strong>secreto</strong></span> <span class='ocrx_word' id='word_1_217' title='bbox 1007 2929 1071 2967; x_wconf 90' lang='lat' dir='ltr'><strong>ac</strong></span> <span class='ocrx_word' id='word_1_218' title='bbox 1124 2912 1247 2968; x_wconf 88' lang='lat' dir='ltr'><strong>sine</strong></span> <span class='ocrx_word' id='word_1_219' title='bbox 1293 2912 1696 2983; x_wconf 85' lang='lat' dir='ltr'><strong>propalatione,</strong></span> <span class='ocrx_word' id='word_1_220' title='bbox 1730 2927 1855 2983; x_wconf 58' lang='lat' dir='ltr'><strong>quae</strong></span> <span class='ocrx_word' id='word_1_221' title='bbox 1881 2911 1950 2967; x_wconf 88' lang='lat' dir='ltr'><strong>ab</strong></span> <span class='ocrx_word' id='word_1_222' title='bbox 1980 2912 2062 2968; x_wconf 87' lang='lat' dir='ltr'><strong>cis</strong></span> 
     </span>
    </p>
   </div>
   <div class='ocr_carea' id='block_1_33' title="bbox 2167 528 3757 608">
    <p class='ocr_par' dir='ltr' id='par_1_33' title="bbox 2167 528 3757 608">
     <span class='ocr_line' id='line_1_33' title="bbox 2167 528 3757 608; baseline 0.006 -26"><span class='ocrx_word' id='word_1_223' title='bbox 2167 528 2426 583; x_wconf 70' lang='grc' dir='ltr'>δεδωκόσι</span> <span class='ocrx_word' id='word_1_224' title='bbox 2452 530 2555 594; x_wconf 82' lang='grc' dir='ltr'>τὰς</span> <span class='ocrx_word' id='word_1_225' title='bbox 2583 530 2761 601; x_wconf 77' lang='grc' dir='ltr'>ψυχὰς</span> <span class='ocrx_word' id='word_1_226' title='bbox 2789 531 2970 586; x_wconf 81' lang='grc' dir='ltr'>αὐτῶν</span> <span class='ocrx_word' id='word_1_227' title='bbox 3000 531 3142 605; x_wconf 77' lang='grc' dir='ltr'>ὑπὲρ</span> <span class='ocrx_word' id='word_1_228' title='bbox 3169 534 3268 604; x_wconf 82' lang='grc' dir='ltr'>τῆς</span> <span class='ocrx_word' id='word_1_229' title='bbox 3291 533 3403 588; x_wconf 88' lang='grc' dir='ltr'><strong>τῶν</strong></span> <span class='ocrx_word' id='word_1_230' title='bbox 3416 535 3757 608; x_wconf 83' lang='grc' dir='ltr'>Ἑκκλησιῶν</span> 
     </span>
    </p>
   </div>
   <div class='ocr_carea' id='block_1_34' title="bbox 2166 616 3761 699">
    <p class='ocr_par' dir='ltr' id='par_1_34' title="bbox 2166 616 3761 699">
     <span class='ocr_line' id='line_1_34' title="bbox 2166 616 3761 699; baseline 0.007 -28"><span class='ocrx_word' id='word_1_231' title='bbox 2166 616 2534 689; x_wconf 83' lang='grc' dir='ltr'>διορθώσεως,</span> <span class='ocrx_word' id='word_1_232' title='bbox 2569 620 3078 689; x_wconf 79' lang='grc' dir='ltr'>ἀναγνωρισθέντες</span> <span class='ocrx_word' id='word_1_233' title='bbox 3126 623 3192 676; x_wconf 75' lang='grc' dir='ltr'>ὲκ</span> <span class='ocrx_word' id='word_1_234' title='bbox 3245 620 3486 689; x_wconf 78' lang='grc' dir='ltr'>παλαιᾶς</span> <span class='ocrx_word' id='word_1_235' title='bbox 3530 627 3626 680; x_wconf 76' lang='grc' dir='ltr'>καὶ</span> <span class='ocrx_word' id='word_1_236' title='bbox 3657 627 3761 699; x_wconf 79' lang='grc' dir='ltr'>ἀρ-</span> 
     </span>
    </p>
   </div>
   <div class='ocr_carea' id='block_1_35' title="bbox 2168 708 3761 786">
    <p class='ocr_par' dir='ltr' id='par_1_35' title="bbox 2168 708 3761 786">
     <span class='ocr_line' id='line_1_35' title="bbox 2168 708 3761 786; baseline 0.008 -26"><span class='ocrx_word' id='word_1_237' title='bbox 2168 708 2333 779; x_wconf 81' lang='grc' dir='ltr'>χαίας</span> <span class='ocrx_word' id='word_1_238' title='bbox 2365 708 2735 780; x_wconf 68' lang='grc' dir='ltr'><strong>ἀναστροφῆς,</strong></span> <span class='ocrx_word' id='word_1_239' title='bbox 2779 708 2903 764; x_wconf 74' lang='grc' dir='ltr'>λίαν</span> <span class='ocrx_word' id='word_1_240' title='bbox 2932 711 3213 782; x_wconf 75' lang='grc' dir='ltr'><strong>ἐχάρησαν</strong></span> <span class='ocrx_word' id='word_1_241' title='bbox 3232 728 3249 743; x_wconf 87' lang='grc'><strong>·</strong></span> <span class='ocrx_word' id='word_1_242' title='bbox 3274 712 3373 768; x_wconf 74' lang='grc' dir='ltr'>καὶ</span> <span class='ocrx_word' id='word_1_243' title='bbox 3403 715 3639 786; x_wconf 76' lang='grc' dir='ltr'>μάλιστα</span> <span class='ocrx_word' id='word_1_244' title='bbox 3666 718 3761 771; x_wconf 78' lang='grc' dir='ltr'><strong>εὖ·</strong></span> 
     </span>
    </p>
   </div>
   <div class='ocr_carea' id='block_1_36' title="bbox 2170 797 3758 876">
    <p class='ocr_par' dir='ltr' id='par_1_36' title="bbox 2170 797 3758 876">
     <span class='ocr_line' id='line_1_36' title="bbox 2170 797 3758 876; baseline 0.007 -25"><span class='ocrx_word' id='word_1_245' title='bbox 2170 797 2402 870; x_wconf 78' lang='grc' dir='ltr'>ρηκότες</span> <span class='ocrx_word' id='word_1_246' title='bbox 2443 798 2615 870; x_wconf 76' lang='grc' dir='ltr'>ἄμφω</span> <span class='ocrx_word' id='word_1_247' title='bbox 2671 801 2729 853; x_wconf 79' lang='grc' dir='ltr'>ὲν</span> <span class='ocrx_word' id='word_1_248' title='bbox 2763 799 2846 853; x_wconf 76' lang='grc' dir='ltr'><strong>ἑνὶ</strong></span> <span class='ocrx_word' id='word_1_249' title='bbox 2875 799 3262 870; x_wconf 85' lang='grc' dir='ltr'>διατρίϐοντας</span> <span class='ocrx_word' id='word_1_250' title='bbox 3303 803 3472 876; x_wconf 80' lang='grc' dir='ltr'>τόπῳ,</span> <span class='ocrx_word' id='word_1_251' title='bbox 3519 805 3620 860; x_wconf 77' lang='grc' dir='ltr'>καὶ</span> <span class='ocrx_word' id='word_1_252' title='bbox 3660 806 3758 862; x_wconf 73' lang='grc' dir='ltr'><strong>τὸν</strong></span> 
     </span>
    </p>
   </div>
   <div class='ocr_carea' id='block_1_37' title="bbox 2167 887 3756 963">
    <p class='ocr_par' dir='ltr' id='par_1_37' title="bbox 2167 887 3756 963">
     <span class='ocr_line' id='line_1_37' title="bbox 2167 887 3756 963; baseline 0.006 -23"><span class='ocrx_word' id='word_1_253' title='bbox 2167 887 2396 959; x_wconf 65' lang='grc' dir='ltr'>θεοφιλῆ</span> <span class='ocrx_word' id='word_1_254' title='bbox 2431 889 2636 960; x_wconf 77' lang='grc' dir='ltr'><strong>τρόπον</strong></span> <span class='ocrx_word' id='word_1_255' title='bbox 2661 888 2974 956; x_wconf 85' lang='grc' dir='ltr'>διώκοντας.</span> <span class='ocrx_word' id='word_1_256' title='bbox 3008 891 3119 946; x_wconf 81' lang='grc' dir='ltr'><strong>Καὶ</strong></span> <span class='ocrx_word' id='word_1_257' title='bbox 3149 891 3593 963; x_wconf 72' lang='grc' dir='ltr'><strong>ἀνακαλύψαντες</strong></span> <span class='ocrx_word' id='word_1_258' title='bbox 3617 896 3756 950; x_wconf 77' lang='grc' dir='ltr'>ἑαυ-</span> 
     </span>
    </p>
   </div>
   <div class='ocr_carea' id='block_1_38' title="bbox 2166 980 3755 1056">
    <p class='ocr_par' dir='ltr' id='par_1_38' title="bbox 2166 980 3755 1056">
     <span class='ocr_line' id='line_1_38' title="bbox 2166 980 3755 1056; baseline 0.004 -23"><span class='ocrx_word' id='word_1_259' title='bbox 2166 982 2315 1046; x_wconf 69' lang='grc' dir='ltr'>τοὺς,</span> <span class='ocrx_word' id='word_1_260' title='bbox 2345 980 2868 1048; x_wconf 74' lang='grc' dir='ltr'>ὑπέδειξανσαῦτοῖς</span> <span class='ocrx_word' id='word_1_261' title='bbox 2913 985 3042 1047; x_wconf 75' lang='grc' dir='ltr'>τοὺς</span> <span class='ocrx_word' id='word_1_262' title='bbox 3093 983 3194 1055; x_wconf 85' lang='grc' dir='ltr'><strong>τῆς</strong></span> <span class='ocrx_word' id='word_1_263' title='bbox 3239 984 3553 1056; x_wconf 81' lang='grc' dir='ltr'>ὀρθοδοξίας</span> <span class='ocrx_word' id='word_1_264' title='bbox 3594 987 3755 1056; x_wconf 62' lang='grc' dir='ltr'>ὑμῶν</span> 
     </span>
    </p>
   </div>
   <div class='ocr_carea' id='block_1_39' title="bbox 2168 1069 3753 1147">
    <p class='ocr_par' dir='ltr' id='par_1_39' title="bbox 2168 1069 3753 1147">
     <span class='ocr_line' id='line_1_39' title="bbox 2168 1069 3753 1147; baseline 0.005 -25"><span class='ocrx_word' id='word_1_265' title='bbox 2168 1069 2498 1143; x_wconf 79' lang='grc' dir='ltr'>θεοπρεπεῖς</span> <span class='ocrx_word' id='word_1_266' title='bbox 2546 1071 2643 1126; x_wconf 76' lang='grc' dir='ltr'>καὶ</span> <span class='ocrx_word' id='word_1_267' title='bbox 2684 1070 3048 1142; x_wconf 79' lang='grc' dir='ltr'>ἀξιαγάστους</span> <span class='ocrx_word' id='word_1_268' title='bbox 3086 1073 3386 1140; x_wconf 82' lang='grc' dir='ltr'>λιϐέλλους,</span> <span class='ocrx_word' id='word_1_269' title='bbox 3412 1075 3753 1147; x_wconf 76' lang='grc' dir='ltr'>διηγησάμε-</span> 
     </span>
    </p>
   </div>
   <div class='ocr_carea' id='block_1_40' title="bbox 2168 1158 3755 1236">
    <p class='ocr_par' dir='ltr' id='par_1_40' title="bbox 2168 1158 3755 1236">
     <span class='ocr_line' id='line_1_40' title="bbox 2168 1158 3755 1236; baseline 0.004 -23"><span class='ocrx_word' id='word_1_270' title='bbox 2168 1175 2250 1213; x_wconf 88' lang='grc' dir='ltr'><strong>νοι</strong></span> <span class='ocrx_word' id='word_1_271' title='bbox 2284 1159 2408 1214; x_wconf 85' lang='grc' dir='ltr'>κατ’</span> <span class='ocrx_word' id='word_1_272' title='bbox 2436 1158 2565 1225; x_wconf 73' lang='grc' dir='ltr'>ἔπος</span> <span class='ocrx_word' id='word_1_273' title='bbox 2606 1161 2707 1230; x_wconf 85' lang='grc' dir='ltr'>τῆς</span> <span class='ocrx_word' id='word_1_274' title='bbox 2751 1159 3055 1233; x_wconf 83' lang='grc' dir='ltr'>θεαρέστου</span> <span class='ocrx_word' id='word_1_275' title='bbox 3081 1161 3313 1236; x_wconf 82' lang='grc' dir='ltr'><strong>γνώμης</strong></span> <span class='ocrx_word' id='word_1_276' title='bbox 3349 1164 3449 1236; x_wconf 75' lang='grc' dir='ltr'>τῆς</span> <span class='ocrx_word' id='word_1_277' title='bbox 3473 1164 3576 1234; x_wconf 86' lang='grc' dir='ltr'>σῆς</span> <span class='ocrx_word' id='word_1_278' title='bbox 3598 1166 3755 1236; x_wconf 79' lang='grc' dir='ltr'>ἅγιό-</span> 
     </span>
    </p>
   </div>
   <div class='ocr_carea' id='block_1_41' title="bbox 2166 1252 3753 1331">
    <p class='ocr_par' dir='ltr' id='par_1_41' title="bbox 2166 1252 3753 1331">
     <span class='ocr_line' id='line_1_41' title="bbox 2166 1252 3753 1331; baseline 0.005 -27"><span class='ocrx_word' id='word_1_279' title='bbox 2166 1268 2351 1320; x_wconf 86' lang='grc' dir='ltr'>τητος,</span> <span class='ocrx_word' id='word_1_280' title='bbox 2387 1252 2485 1307; x_wconf 73' lang='grc' dir='ltr'>καὶ</span> <span class='ocrx_word' id='word_1_281' title='bbox 2534 1252 2644 1307; x_wconf 87' lang='grc' dir='ltr'><strong>τῶν</strong></span> <span class='ocrx_word' id='word_1_282' title='bbox 2676 1253 3067 1324; x_wconf 82' lang='grc' dir='ltr'>θεοφυλάκτων</span> <span class='ocrx_word' id='word_1_283' title='bbox 3111 1253 3392 1326; x_wconf 77' lang='grc' dir='ltr'>δεσποτῶν</span> <span class='ocrx_word' id='word_1_284' title='bbox 3441 1257 3599 1331; x_wconf 80' lang='grc' dir='ltr'>ἡμῶν</span> <span class='ocrx_word' id='word_1_285' title='bbox 3650 1259 3753 1328; x_wconf 74' lang='grc' dir='ltr'>τὴν</span> 
     </span>
    </p>
   </div>
   <div class='ocr_carea' id='block_1_42' title="bbox 2169 1342 3752 1421">
    <p class='ocr_par' dir='ltr' id='par_1_42' title="bbox 2169 1342 3752 1421">
     <span class='ocr_line' id='line_1_42' title="bbox 2169 1342 3752 1421; baseline 0.004 -25"><span class='ocrx_word' id='word_1_286' title='bbox 2169 1342 2480 1411; x_wconf 78' lang='grc' dir='ltr'>εὐϐουλίαν,</span> <span class='ocrx_word' id='word_1_287' title='bbox 2527 1346 2624 1400; x_wconf 68' lang='grc' dir='ltr'>καὶ</span> <span class='ocrx_word' id='word_1_288' title='bbox 2670 1345 2770 1416; x_wconf 84' lang='grc' dir='ltr'>τῆς</span> <span class='ocrx_word' id='word_1_289' title='bbox 2818 1346 3007 1418; x_wconf 82' lang='grc' dir='ltr'>κοινῆς</span> <span class='ocrx_word' id='word_1_290' title='bbox 3028 1345 3140 1401; x_wconf 80' lang='grc' dir='ltr'><strong>τῶν</strong></span> <span class='ocrx_word' id='word_1_291' title='bbox 3167 1347 3308 1401; x_wconf 79' lang='grc' dir='ltr'>ὅλων</span> <span class='ocrx_word' id='word_1_292' title='bbox 3340 1350 3616 1420; x_wconf 87' lang='grc' dir='ltr'>σωτηρίας</span> <span class='ocrx_word' id='word_1_293' title='bbox 3647 1351 3752 1421; x_wconf 71' lang='grc' dir='ltr'>τὴν</span> 
     </span>
    </p>
   </div>
   <div class='ocr_carea' id='block_1_43' title="bbox 2169 1433 3752 1510">
    <p class='ocr_par' dir='ltr' id='par_1_43' title="bbox 2169 1433 3752 1510">
     <span class='ocr_line' id='line_1_43' title="bbox 2169 1433 3752 1510; baseline 0.006 -24"><span class='ocrx_word' id='word_1_294' title='bbox 2169 1433 2520 1505; x_wconf 77' lang='grc' dir='ltr'><strong>προσδοκίαν,</strong></span> <span class='ocrx_word' id='word_1_295' title='bbox 2550 1434 2648 1490; x_wconf 80' lang='grc' dir='ltr'>καὶ</span> <span class='ocrx_word' id='word_1_296' title='bbox 2689 1435 2831 1508; x_wconf 73' lang='grc' dir='ltr'>πρὸς</span> <span class='ocrx_word' id='word_1_297' title='bbox 2879 1436 3014 1491; x_wconf 87' lang='grc' dir='ltr'>Θεδν</span> <span class='ocrx_word' id='word_1_298' title='bbox 3054 1437 3488 1510; x_wconf 80' lang='grc' dir='ltr'>ἀκαταεσχυντον</span> <span class='ocrx_word' id='word_1_299' title='bbox 3522 1439 3752 1496; x_wconf 66' lang='grc' dir='ltr'><strong>⁸ἐλπίδα.</strong></span> 
     </span>
    </p>
   </div>
   <div class='ocr_carea' id='block_1_44' title="bbox 2169 1524 3747 1604">
    <p class='ocr_par' dir='ltr' id='par_1_44' title="bbox 2169 1524 3747 1604">
     <span class='ocr_line' id='line_1_44' title="bbox 2169 1524 3747 1604; baseline 0.006 -26"><span class='ocrx_word' id='word_1_300' title='bbox 2169 1524 2231 1579; x_wconf 82' lang='grc' dir='ltr'>οἱ</span> <span class='ocrx_word' id='word_1_301' title='bbox 2264 1524 2322 1580; x_wconf 75' lang='grc' dir='ltr'>δὲ</span> <span class='ocrx_word' id='word_1_302' title='bbox 2370 1524 2561 1598; x_wconf 84' lang='grc' dir='ltr'>ὥσπερ</span> <span class='ocrx_word' id='word_1_303' title='bbox 2600 1527 2732 1599; x_wconf 79' lang='grc' dir='ltr'>μίαν</span> <span class='ocrx_word' id='word_1_304' title='bbox 2769 1527 2948 1601; x_wconf 76' lang='grc' dir='ltr'>ψυχὴν</span> <span class='ocrx_word' id='word_1_305' title='bbox 2989 1531 3048 1584; x_wconf 72' lang='grc' dir='ltr'>ἔν</span> <span class='ocrx_word' id='word_1_306' title='bbox 3086 1530 3209 1584; x_wconf 75' lang='grc' dir='ltr'>δυσὶ</span> <span class='ocrx_word' id='word_1_307' title='bbox 3243 1531 3490 1604; x_wconf 84' lang='grc' dir='ltr'>σώμασιν</span> <span class='ocrx_word' id='word_1_308' title='bbox 3514 1531 3747 1602; x_wconf 73' lang='grc' dir='ltr'>ἔχοντες,</span> 
     </span>
    </p>
   </div>
   <div class='ocr_carea' id='block_1_45' title="bbox 2154 1615 3749 1700">
    <p class='ocr_par' dir='ltr' id='par_1_45' title="bbox 2154 1615 3749 1700">
     <span class='ocr_line' id='line_1_45' title="bbox 2154 1615 3749 1700; baseline 0.006 -30"><span class='ocrx_word' id='word_1_309' title='bbox 2154 1617 2262 1700; x_wconf 39' lang='grc' dir='ltr'>’καὶ</span> <span class='ocrx_word' id='word_1_310' title='bbox 2291 1616 2353 1669; x_wconf 76' lang='grc' dir='ltr'><strong>τὺ</strong></span> <span class='ocrx_word' id='word_1_311' title='bbox 2379 1615 2438 1671; x_wconf 80' lang='grc' dir='ltr'>ἓν</span> <span class='ocrx_word' id='word_1_312' title='bbox 2465 1617 2842 1683; x_wconf 86' lang='grc' dir='ltr'>ἀποστολικῶς</span> <span class='ocrx_word' id='word_1_313' title='bbox 2863 1619 3212 1691; x_wconf 74' lang='grc' dir='ltr'>φρονοῦντες,</span> <span class='ocrx_word' id='word_1_314' title='bbox 3245 1623 3342 1678; x_wconf 81' lang='grc' dir='ltr'>καὶ</span> <span class='ocrx_word' id='word_1_315' title='bbox 3361 1623 3468 1678; x_wconf 79' lang='grc' dir='ltr'><strong>ὑπὸ</strong></span> <span class='ocrx_word' id='word_1_316' title='bbox 3487 1623 3581 1680; x_wconf 80' lang='grc' dir='ltr'><strong>τοῦ</strong></span> <span class='ocrx_word' id='word_1_317' title='bbox 3598 1623 3749 1679; x_wconf 74' lang='grc' dir='ltr'>θείου</span> 
     </span>
    </p>
   </div>
   <div class='ocr_carea' id='block_1_46' title="bbox 2171 1707 3752 1786">
    <p class='ocr_par' dir='ltr' id='par_1_46' title="bbox 2171 1707 3752 1786">
     <span class='ocr_line' id='line_1_46' title="bbox 2171 1707 3752 1786; baseline 0.006 -24"><span class='ocrx_word' id='word_1_318' title='bbox 2171 1707 2482 1780; x_wconf 83' lang='grc' dir='ltr'>κινούμενοι</span> <span class='ocrx_word' id='word_1_319' title='bbox 2509 1708 2850 1782; x_wconf 82' lang='grc' dir='ltr'>Πνεύματος,</span> <span class='ocrx_word' id='word_1_320' title='bbox 2891 1714 3172 1785; x_wconf 80' lang='grc' dir='ltr'><strong>μυστικῶς</strong></span> <span class='ocrx_word' id='word_1_321' title='bbox 3205 1715 3326 1786; x_wconf 77' lang='grc' dir='ltr'><strong>ἀμα</strong></span> <span class='ocrx_word' id='word_1_322' title='bbox 3372 1716 3467 1771; x_wconf 71' lang='grc' dir='ltr'>καὶ</span> <span class='ocrx_word' id='word_1_323' title='bbox 3510 1716 3752 1781; x_wconf 80' lang='grc' dir='ltr'>συνετῶς</span> 
     </span>
    </p>
   </div>
   <div class='ocr_carea' id='block_1_47' title="bbox 2166 1799 3753 1880">
    <p class='ocr_par' dir='ltr' id='par_1_47' title="bbox 2166 1799 3753 1880">
     <span class='ocr_line' id='line_1_47' title="bbox 2166 1799 3753 1880; baseline 0.006 -28"><span class='ocrx_word' id='word_1_324' title='bbox 2166 1800 2293 1864; x_wconf 76' lang='grc' dir='ltr'>’τοὺς</span> <span class='ocrx_word' id='word_1_325' title='bbox 2317 1799 2582 1870; x_wconf 78' lang='grc' dir='ltr'>ἀδελφοὺς</span> <span class='ocrx_word' id='word_1_326' title='bbox 2611 1803 3055 1875; x_wconf 80' lang='grc' dir='ltr'>περιστείλαντές</span> <span class='ocrx_word' id='word_1_327' title='bbox 3080 1808 3141 1861; x_wconf 77' lang='grc' dir='ltr'><strong>τε</strong></span> <span class='ocrx_word' id='word_1_328' title='bbox 3173 1809 3270 1862; x_wconf 78' lang='grc' dir='ltr'>καὶ</span> <span class='ocrx_word' id='word_1_329' title='bbox 3296 1807 3753 1880; x_wconf 67' lang='grc' dir='ltr'>κατακρύψαντες</span> 
     </span>
    </p>
   </div>
   <div class='ocr_carea' id='block_1_48' title="bbox 2163 1892 3744 1972">
    <p class='ocr_par' dir='ltr' id='par_1_48' title="bbox 2163 1892 3744 1972">
     <span class='ocr_line' id='line_1_48' title="bbox 2163 1892 3744 1972; baseline 0.005 -26"><span class='ocrx_word' id='word_1_330' title='bbox 2163 1893 2254 1948; x_wconf 71' lang='grc' dir='ltr'>διὰ</span> <span class='ocrx_word' id='word_1_331' title='bbox 2294 1892 2356 1948; x_wconf 73' lang='grc' dir='ltr'><strong>τὸ</strong></span> <span class='ocrx_word' id='word_1_332' title='bbox 2392 1892 2772 1967; x_wconf 57' lang='lat' dir='ltr'><strong>captator);on</strong></span> <span class='ocrx_word' id='word_1_333' title='bbox 2802 1896 2925 1961; x_wconf 84' lang='grc' dir='ltr'>δέος</span> <span class='ocrx_word' id='word_1_334' title='bbox 2966 1896 3077 1952; x_wconf 85' lang='grc' dir='ltr'><strong>τῶν</strong></span> <span class='ocrx_word' id='word_1_335' title='bbox 3105 1897 3321 1969; x_wconf 76' lang='grc' dir='ltr'>ἐχθρῶν</span> <span class='ocrx_word' id='word_1_336' title='bbox 3348 1897 3447 1954; x_wconf 85' lang='grc' dir='ltr'><strong>τοῦ</strong></span> <span class='ocrx_word' id='word_1_337' title='bbox 3482 1898 3744 1972; x_wconf 85' lang='grc' dir='ltr'>σταυροῦ,</span> 
     </span>
    </p>
   </div>
   <div class='ocr_carea' id='block_1_49' title="bbox 2165 1982 3750 2064">
    <p class='ocr_par' dir='ltr' id='par_1_49' title="bbox 2165 1982 3750 2064">
     <span class='ocr_line' id='line_1_49' title="bbox 2165 1982 3750 2064; baseline 0.006 -26"><span class='ocrx_word' id='word_1_338' title='bbox 2165 1985 2226 2039; x_wconf 70' lang='grc' dir='ltr'>οὔ</span> <span class='ocrx_word' id='word_1_339' title='bbox 2269 1982 2714 2060; x_wconf 61' lang='grc' dir='ltr'>ωτεθὰρῤησαν,</span> <span class='ocrx_word' id='word_1_340' title='bbox 2748 1988 2955 2060; x_wconf 85' lang='grc' dir='ltr'>καίπερ</span> <span class='ocrx_word' id='word_1_341' title='bbox 3009 1991 3168 2061; x_wconf 74' lang='grc' dir='ltr'>σοφοὶ</span> <span class='ocrx_word' id='word_1_342' title='bbox 3209 1990 3459 2064; x_wconf 73' lang='grc' dir='ltr'>δντεςςῆ</span> <span class='ocrx_word' id='word_1_343' title='bbox 3508 2009 3750 2047; x_wconf 77' lang='grc' dir='ltr'>καταπιο</span> 
     </span>
    </p>
   </div>
   <div class='ocr_carea' id='block_1_50' title="bbox 2166 2075 3750 2154">
    <p class='ocr_par' dir='ltr' id='par_1_50' title="bbox 2166 2075 3750 2154">
     <span class='ocr_line' id='line_1_50' title="bbox 2166 2075 3750 2154; baseline 0.004 -24"><span class='ocrx_word' id='word_1_344' title='bbox 2166 2075 2392 2130; x_wconf 86' lang='grc' dir='ltr'>στεῦσαι</span> <span class='ocrx_word' id='word_1_345' title='bbox 2421 2080 2523 2149; x_wconf 75' lang='grc' dir='ltr'>τῆς</span> <span class='ocrx_word' id='word_1_346' title='bbox 2553 2077 2705 2148; x_wconf 83' lang='grc' dir='ltr'>σφῶν</span> <span class='ocrx_word' id='word_1_347' title='bbox 2737 2079 2916 2134; x_wconf 80' lang='grc' dir='ltr'>αὐτῶν</span> <span class='ocrx_word' id='word_1_348' title='bbox 2944 2078 3202 2152; x_wconf 81' lang='grc' dir='ltr'>θεωρίας,</span> <span class='ocrx_word' id='word_1_349' title='bbox 3236 2081 3270 2154; x_wconf 80' lang='grc' dir='ltr'>ἢ</span> <span class='ocrx_word' id='word_1_350' title='bbox 3305 2081 3407 2152; x_wconf 82' lang='grc' dir='ltr'>τῆς</span> <span class='ocrx_word' id='word_1_351' title='bbox 3435 2081 3750 2147; x_wconf 78' lang='grc' dir='ltr'>ὑποθέσεως</span> 
     </span>
    </p>
   </div>
   <div class='ocr_carea' id='block_1_51' title="bbox 2164 2167 3746 2244">
    <p class='ocr_par' dir='ltr' id='par_1_51' title="bbox 2164 2167 3746 2244">
     <span class='ocr_line' id='line_1_51' title="bbox 2164 2167 3746 2244; baseline 0.004 -24"><span class='ocrx_word' id='word_1_352' title='bbox 2164 2167 2459 2240; x_wconf 76' lang='grc' dir='ltr'>ἐνεργῆσαι</span> <span class='ocrx_word' id='word_1_353' title='bbox 2504 2169 2605 2241; x_wconf 81' lang='grc' dir='ltr'>τὴν</span> <span class='ocrx_word' id='word_1_354' title='bbox 2652 2167 2904 2233; x_wconf 79' lang='grc' dir='ltr'>διέξοδον,</span> <span class='ocrx_word' id='word_1_355' title='bbox 2957 2169 3296 2244; x_wconf 80' lang='grc' dir='ltr'>δεδεημένης</span> <span class='ocrx_word' id='word_1_356' title='bbox 3345 2171 3443 2226; x_wconf 67' lang='grc' dir='ltr'><strong>καὶ</strong></span> <span class='ocrx_word' id='word_1_357' title='bbox 3504 2172 3746 2243; x_wconf 76' lang='grc' dir='ltr'>μάλιστα</span> 
     </span>
    </p>
   </div>
   <div class='ocr_carea' id='block_1_52' title="bbox 2163 2258 3755 2336">
    <p class='ocr_par' dir='ltr' id='par_1_52' title="bbox 2163 2258 3755 2336">
     <span class='ocr_line' id='line_1_52' title="bbox 2163 2258 3755 2336; baseline 0.003 -22"><span class='ocrx_word' id='word_1_358' title='bbox 2163 2258 2618 2332; x_wconf 80' lang='grc' dir='ltr'>διεσμιλευμένης</span> <span class='ocrx_word' id='word_1_359' title='bbox 2663 2260 2758 2316; x_wconf 73' lang='grc' dir='ltr'>καὶ</span> <span class='ocrx_word' id='word_1_360' title='bbox 2811 2263 3252 2334; x_wconf 82' lang='grc' dir='ltr'>πεπυκνωμένης</span> <span class='ocrx_word' id='word_1_361' title='bbox 3294 2262 3492 2336; x_wconf 79' lang='grc' dir='ltr'>βουλῆς</span> <span class='ocrx_word' id='word_1_362' title='bbox 3540 2281 3599 2318; x_wconf 77' lang='grc' dir='ltr'><strong>τε</strong></span> <span class='ocrx_word' id='word_1_363' title='bbox 3646 2264 3755 2319; x_wconf 63' lang='grc' dir='ltr'>καὶ</span> 
     </span>
    </p>
   </div>
   <div class='ocr_carea' id='block_1_53' title="bbox 2165 2349 3748 2426">
    <p class='ocr_par' dir='ltr' id='par_1_53' title="bbox 2165 2349 3748 2426">
     <span class='ocr_line' id='line_1_53' title="bbox 2165 2349 3748 2426; baseline 0.003 -21"><span class='ocrx_word' id='word_1_364' title='bbox 2165 2349 2435 2421; x_wconf 79' lang='grc' dir='ltr'>σκέψεως.</span> <span class='ocrx_word' id='word_1_365' title='bbox 2471 2370 2488 2404; x_wconf 83' lang='grc' dir='ltr'><strong>ι</strong></span> <span class='ocrx_word' id='word_1_366' title='bbox 2512 2351 2688 2424; x_wconf 80' lang='grc' dir='ltr'>Βουλὴ</span> <span class='ocrx_word' id='word_1_367' title='bbox 2725 2352 2868 2426; x_wconf 67' lang='grc' dir='ltr'>γὰρ,</span> <span class='ocrx_word' id='word_1_368' title='bbox 2914 2354 3072 2426; x_wconf 78' lang='grc' dir='ltr'>φησὶ,</span> <span class='ocrx_word' id='word_1_369' title='bbox 3105 2353 3249 2426; x_wconf 77' lang='grc' dir='ltr'>καλὴ</span> <span class='ocrx_word' id='word_1_370' title='bbox 3286 2353 3514 2423; x_wconf 81' lang='grc' dir='ltr'>φυλάξει</span> <span class='ocrx_word' id='word_1_371' title='bbox 3545 2371 3629 2419; x_wconf 80' lang='grc' dir='ltr'><strong>σε,</strong></span> <span class='ocrx_word' id='word_1_372' title='bbox 3654 2355 3748 2410; x_wconf 75' lang='grc' dir='ltr'><strong>ἓν·</strong></span> 
     </span>
    </p>
   </div>
   <div class='ocr_carea' id='block_1_54' title="bbox 2162 2442 3749 2525">
    <p class='ocr_par' dir='ltr' id='par_1_54' title="bbox 2162 2442 3749 2525">
     <span class='ocr_line' id='line_1_54' title="bbox 2162 2442 3749 2525; baseline 0.003 -28"><span class='ocrx_word' id='word_1_373' title='bbox 2162 2460 2282 2498; x_wconf 83' lang='grc' dir='ltr'>νοια</span> <span class='ocrx_word' id='word_1_374' title='bbox 2311 2443 2368 2497; x_wconf 76' lang='grc' dir='ltr'>δὲ</span> <span class='ocrx_word' id='word_1_375' title='bbox 2402 2442 2582 2516; x_wconf 78' lang='grc' dir='ltr'>ἀγαθὴ</span> <span class='ocrx_word' id='word_1_376' title='bbox 2606 2446 2838 2518; x_wconf 83' lang='grc' dir='ltr'>τηρήσει</span> <span class='ocrx_word' id='word_1_377' title='bbox 2872 2462 2954 2501; x_wconf 86' lang='grc' dir='ltr'>σε.</span> <span class='ocrx_word' id='word_1_378' title='bbox 2987 2465 3008 2500; x_wconf 69' lang='grc' dir='ltr'><strong>ο</strong></span> <span class='ocrx_word' id='word_1_379' title='bbox 3045 2447 3156 2501; x_wconf 80' lang='grc' dir='ltr'><strong>Καὶ</strong></span> <span class='ocrx_word' id='word_1_380' title='bbox 3176 2446 3241 2518; x_wconf 80' lang='grc' dir='ltr'><strong>δὴ</strong></span> <span class='ocrx_word' id='word_1_381' title='bbox 3273 2445 3529 2525; x_wconf 81' lang='grc' dir='ltr'>λαθόντες</span> <span class='ocrx_word' id='word_1_382' title='bbox 3557 2446 3655 2513; x_wconf 75' lang='grc' dir='ltr'>οὓς</span> <span class='ocrx_word' id='word_1_383' title='bbox 3686 2449 3749 2502; x_wconf 73' lang='grc' dir='ltr'>ἐν</span> 
     </span>
    </p>
   </div>
   <div class='ocr_carea' id='block_1_55' title="bbox 2163 2536 3744 2612">
    <p class='ocr_par' dir='ltr' id='par_1_55' title="bbox 2163 2536 3744 2612">
     <span class='ocr_line' id='line_1_55' title="bbox 2163 2536 3744 2612; baseline 0.004 -22"><span class='ocrx_word' id='word_1_384' title='bbox 2163 2536 2434 2609; x_wconf 78' lang='grc' dir='ltr'>ἀσφαλείᾳ</span> <span class='ocrx_word' id='word_1_385' title='bbox 2463 2537 2864 2609; x_wconf 77' lang='grc' dir='ltr'>παραφυλακῆς</span> <span class='ocrx_word' id='word_1_386' title='bbox 2895 2537 3182 2602; x_wconf 79' lang='grc' dir='ltr'>ἀπέθεντο,</span> <span class='ocrx_word' id='word_1_387' title='bbox 3211 2538 3449 2612; x_wconf 69' lang='grc' dir='ltr'>ἔδραμον</span> <span class='ocrx_word' id='word_1_388' title='bbox 3466 2539 3543 2606; x_wconf 80' lang='grc' dir='ltr'><strong>ὡς</strong></span> <span class='ocrx_word' id='word_1_389' title='bbox 3572 2542 3744 2612; x_wconf 73' lang='grc' dir='ltr'>ἡμᾶς,</span> 
     </span>
    </p>
   </div>
   <div class='ocr_carea' id='block_1_56' title="bbox 2161 2629 3747 2706">
    <p class='ocr_par' dir='ltr' id='par_1_56' title="bbox 2161 2629 3747 2706">
     <span class='ocr_line' id='line_1_56' title="bbox 2161 2629 3747 2706; baseline 0.003 -23"><span class='ocrx_word' id='word_1_390' title='bbox 2161 2631 2257 2684; x_wconf 78' lang='grc' dir='ltr'>καὶ</span> <span class='ocrx_word' id='word_1_391' title='bbox 2296 2630 2388 2684; x_wconf 71' lang='grc' dir='ltr'><strong>ἐπὶ</strong></span> <span class='ocrx_word' id='word_1_392' title='bbox 2417 2629 2479 2683; x_wconf 73' lang='grc' dir='ltr'><strong>τὸ</strong></span> <span class='ocrx_word' id='word_1_393' title='bbox 2510 2629 2643 2684; x_wconf 82' lang='grc' dir='ltr'>αὐτὸ</span> <span class='ocrx_word' id='word_1_394' title='bbox 2672 2630 2992 2702; x_wconf 74' lang='grc' dir='ltr'>ἠθροικότες</span> <span class='ocrx_word' id='word_1_395' title='bbox 3029 2632 3271 2704; x_wconf 69' lang='grc' dir='ltr'>ἀψοφητὶ</span> <span class='ocrx_word' id='word_1_396' title='bbox 3326 2633 3424 2706; x_wconf 78' lang='grc' dir='ltr'>τὴν</span> <span class='ocrx_word' id='word_1_397' title='bbox 3463 2633 3747 2706; x_wconf 76' lang='grc' dir='ltr'>ἡμετέραν</span> 
     </span>
    </p>
   </div>
   <div class='ocr_carea' id='block_1_57' title="bbox 2158 2718 3747 2800">
    <p class='ocr_par' dir='ltr' id='par_1_57' title="bbox 2158 2718 3747 2800">
     <span class='ocr_line' id='line_1_57' title="bbox 2158 2718 3747 2800; baseline 0.003 -25"><span class='ocrx_word' id='word_1_398' title='bbox 2158 2718 2514 2791; x_wconf 85' lang='grc' dir='ltr'>ταπείνωσιν,</span> <span class='ocrx_word' id='word_1_399' title='bbox 2542 2722 2762 2796; x_wconf 86' lang='grc' dir='ltr'>πρῶτον</span> <span class='ocrx_word' id='word_1_400' title='bbox 2803 2723 2903 2796; x_wconf 72' lang='grc' dir='ltr'>μὲν</span> <span class='ocrx_word' id='word_1_401' title='bbox 2943 2725 3274 2796; x_wconf 79' lang='grc' dir='ltr'>κατακρίσει</span> <span class='ocrx_word' id='word_1_402' title='bbox 3325 2726 3747 2800; x_wconf 76' lang='grc' dir='ltr'>φρικωδεστάτῃ</span> 
     </span>
    </p>
   </div>
   <div class='ocr_carea' id='block_1_58' title="bbox 2162 2815 3746 2890">
    <p class='ocr_par' dir='ltr' id='par_1_58' title="bbox 2162 2815 3746 2890">
     <span class='ocr_line' id='line_1_58' title="bbox 2162 2815 3746 2890; baseline 0.002 -21"><span class='ocrx_word' id='word_1_403' title='bbox 2162 2815 2520 2887; x_wconf 83' lang='grc' dir='ltr'>συνδήσαντες</span> <span class='ocrx_word' id='word_1_404' title='bbox 2553 2817 2726 2889; x_wconf 79' lang='grc' dir='ltr'>ἡμᾶς,</span> <span class='ocrx_word' id='word_1_405' title='bbox 2767 2816 3001 2887; x_wconf 78' lang='grc' dir='ltr'>φυλάξαι</span> <span class='ocrx_word' id='word_1_406' title='bbox 3045 2816 3451 2890; x_wconf 79' lang='grc' dir='ltr'>ἀνεξαγόρευτα</span> <span class='ocrx_word' id='word_1_407' title='bbox 3490 2817 3560 2872; x_wconf 88' lang='grc' dir='ltr'><strong>τά</strong></span> <span class='ocrx_word' id='word_1_408' title='bbox 3601 2821 3746 2889; x_wconf 76' lang='grc' dir='ltr'>πρὸς</span> 
     </span>
    </p>
   </div>
   <div class='ocr_carea' id='block_1_59' title="bbox 2160 2906 3746 2984">
    <p class='ocr_par' dir='ltr' id='par_1_59' title="bbox 2160 2906 3746 2984">
     <span class='ocr_line' id='line_1_59' title="bbox 2160 2906 3746 2984; baseline 0.001 -24"><span class='ocrx_word' id='word_1_409' title='bbox 2160 2906 2342 2960; x_wconf 87' lang='grc' dir='ltr'>αὐτῶν</span> <span class='ocrx_word' id='word_1_410' title='bbox 2381 2906 2778 2979; x_wconf 78' lang='grc' dir='ltr'>λεχθησόμενα,</span> <span class='ocrx_word' id='word_1_411' title='bbox 2807 2908 2901 2984; x_wconf 77' lang='grc' dir='ltr'>καὶ</span> <span class='ocrx_word' id='word_1_412' title='bbox 2948 2907 3141 2962; x_wconf 89' lang='grc' dir='ltr'>τοῦτον</span> <span class='ocrx_word' id='word_1_413' title='bbox 3177 2906 3270 2963; x_wconf 81' lang='grc' dir='ltr'><strong>τὸν</strong></span> <span class='ocrx_word' id='word_1_414' title='bbox 3294 2909 3496 2981; x_wconf 79' lang='grc' dir='ltr'>τρόπον</span> <span class='ocrx_word' id='word_1_415' title='bbox 3525 2908 3746 2971; x_wconf 76' lang='grc' dir='ltr'>ἑαυτοῖς</span> 
     </span>
    </p>
   </div>
   <div class='ocr_carea' id='block_1_60' title="bbox 470 2995 2057 3075">
    <p class='ocr_par' dir='ltr' id='par_1_60' title="bbox 470 3002 2057 3075">
     <span class='ocr_line' id='line_1_60' title="bbox 470 3002 2057 3075; baseline 0.001 -19"><span class='ocrx_word' id='word_1_416' title='bbox 470 3011 631 3056; x_wconf 75' lang='lat' dir='ltr'><strong>erant</strong></span> <span class='ocrx_word' id='word_1_417' title='bbox 657 3002 911 3069; x_wconf 88' lang='lat' dir='ltr'><strong>dicenda,</strong></span> <span class='ocrx_word' id='word_1_418' title='bbox 939 3004 1072 3058; x_wconf 91' lang='lat' dir='ltr'><strong>etin</strong></span> <span class='ocrx_word' id='word_1_419' title='bbox 1102 3003 1253 3058; x_wconf 90' lang='lat' dir='ltr'><strong>hunc</strong></span> <span class='ocrx_word' id='word_1_420' title='bbox 1283 3005 1506 3060; x_wconf 87' lang='lat' dir='ltr'><strong>modum</strong></span> <span class='ocrx_word' id='word_1_421' title='bbox 1532 3003 1798 3075; x_wconf 81' lang='lat' dir='ltr'><strong>quidquid</strong></span> <span class='ocrx_word' id='word_1_422' title='bbox 1831 3003 1896 3058; x_wconf 85' lang='lat' dir='ltr'><strong>ad</strong></span> <span class='ocrx_word' id='word_1_423' title='bbox 1927 3018 2057 3059; x_wconf 86' lang='lat' dir='ltr'><strong>cau-</strong></span> 
     </span>
    </p>
   </div>
   <div class='ocr_carea' id='block_1_61' title="bbox 2158 2995 3745 3075">
    <p class='ocr_par' dir='ltr' id='par_1_61' title="bbox 2165 2997 3745 3070">
     <span class='ocr_line' id='line_1_61' title="bbox 2165 2997 3745 3070; baseline 0.002 -21"><span class='ocrx_word' id='word_1_424' title='bbox 2165 2997 2665 3068; x_wconf 76' lang='grc' dir='ltr'>ἐπισεσωρευκότες</span> <span class='ocrx_word' id='word_1_425' title='bbox 2708 2998 2770 3051; x_wconf 78' lang='grc' dir='ltr'>τὸ</span> <span class='ocrx_word' id='word_1_426' title='bbox 2790 2997 3055 3068; x_wconf 78' lang='grc' dir='ltr'>ἀσφαλὲς,</span> <span class='ocrx_word' id='word_1_427' title='bbox 3082 2997 3445 3068; x_wconf 77' lang='grc' dir='ltr'>ἀπεκάλυψαν</span> <span class='ocrx_word' id='word_1_428' title='bbox 3477 2999 3608 3070; x_wconf 80' lang='grc' dir='ltr'>ἡμῖν</span> <span class='ocrx_word' id='word_1_429' title='bbox 3634 2998 3745 3052; x_wconf 74' lang='grc' dir='ltr'><strong>πᾶ-</strong></span> 
     </span>
    </p>
   </div>
   <div class='ocr_carea' id='block_1_62' title="bbox 473 3092 2062 3164">
    <p class='ocr_par' dir='ltr' id='par_1_62' title="bbox 473 3092 2062 3164">
     <span class='ocr_line' id='line_1_62' title="bbox 473 3092 2062 3164; baseline 0.001 -18"><span class='ocrx_word' id='word_1_430' title='bbox 473 3094 637 3146; x_wconf 83' lang='lat' dir='ltr'><strong>tciam</strong></span> <span class='ocrx_word' id='word_1_431' title='bbox 689 3092 930 3161; x_wconf 89' lang='lat' dir='ltr'><strong>pertinet</strong></span> <span class='ocrx_word' id='word_1_432' title='bbox 967 3101 1364 3164; x_wconf 83' lang='lat' dir='ltr'><strong>exaggerantes</strong></span> <span class='ocrx_word' id='word_1_433' title='bbox 1395 3132 1410 3158; x_wconf 95' lang='lat'><strong>,</strong></span> <span class='ocrx_word' id='word_1_434' title='bbox 1467 3093 1849 3147; x_wconf 83' lang='lat' dir='ltr'><strong>revelaverunt</strong></span> <span class='ocrx_word' id='word_1_435' title='bbox 1903 3092 2062 3148; x_wconf 87' lang='lat' dir='ltr'><strong>nobis</strong></span> 
     </span>
    </p>
   </div>
   <div class='ocr_carea' id='block_1_63' title="bbox 471 3180 2058 3251">
    <p class='ocr_par' dir='ltr' id='par_1_63' title="bbox 471 3180 2058 3251">
     <span class='ocr_line' id='line_1_63' title="bbox 471 3180 2058 3251; baseline 0.002 -18"><span class='ocrx_word' id='word_1_436' title='bbox 471 3196 692 3238; x_wconf 82' lang='lat' dir='ltr'><strong>omnem</strong></span> <span class='ocrx_word' id='word_1_437' title='bbox 743 3180 824 3236; x_wconf 86' lang='lat' dir='ltr'><strong>rei</strong></span> <span class='ocrx_word' id='word_1_438' title='bbox 858 3196 983 3251; x_wconf 81' lang='lat' dir='ltr'><strong>quae</strong></span> <span class='ocrx_word' id='word_1_439' title='bbox 1021 3181 1128 3236; x_wconf 88' lang='lat' dir='ltr'><strong>sibi</strong></span> <span class='ocrx_word' id='word_1_440' title='bbox 1198 3182 1475 3236; x_wconf 85' lang='lat' dir='ltr'><strong>acciderat</strong></span> <span class='ocrx_word' id='word_1_441' title='bbox 1508 3221 1521 3241; x_wconf 90' lang='lat'><strong><em>.</em></strong></span> <span class='ocrx_word' id='word_1_442' title='bbox 1549 3183 2058 3238; x_wconf 81' lang='lat' dir='ltr'><strong>circumstantiam.</strong></span> 
     </span>
    </p>
   </div>
   <div class='ocr_carea' id='block_1_64' title="bbox 474 3269 2063 3344">
    <p class='ocr_par' dir='ltr' id='par_1_64' title="bbox 474 3269 2063 3344">
     <span class='ocr_line' id='line_1_64' title="bbox 474 3269 2063 3344; baseline 0.003 -20"><span class='ocrx_word' id='word_1_443' title='bbox 474 3269 778 3340; x_wconf 85' lang='lat' dir='ltr'><strong>Stupefacti</strong></span> <span class='ocrx_word' id='word_1_444' title='bbox 810 3280 993 3326; x_wconf 83' lang='lat' dir='ltr'><strong>autem</strong></span> <span class='ocrx_word' id='word_1_445' title='bbox 1040 3281 1097 3326; x_wconf 89' lang='lat' dir='ltr'><strong>et</strong></span> <span class='ocrx_word' id='word_1_446' title='bbox 1128 3272 1443 3342; x_wconf 87' lang='lat' dir='ltr'><strong>compuneti</strong></span> <span class='ocrx_word' id='word_1_447' title='bbox 1473 3269 1659 3338; x_wconf 86' lang='lat' dir='ltr'><strong>corde,</strong></span> <span class='ocrx_word' id='word_1_448' title='bbox 1692 3271 2063 3344; x_wconf 81' lang='lat' dir='ltr'><strong>lacrymisque</strong></span> 
     </span>
    </p>
   </div>
   <div class='ocr_carea' id='block_1_65' title="bbox 472 3361 2062 3433">
    <p class='ocr_par' dir='ltr' id='par_1_65' title="bbox 472 3361 2062 3433">
     <span class='ocr_line' id='line_1_65' title="bbox 472 3361 2062 3433; baseline 0.001 -15"><span class='ocrx_word' id='word_1_449' title='bbox 472 3361 682 3432; x_wconf 87' lang='lat' dir='ltr'><strong>perfusi</strong></span> <span class='ocrx_word' id='word_1_450' title='bbox 736 3361 1079 3418; x_wconf 74' lang='lat' dir='ltr'><strong>ferventibus</strong></span> <span class='ocrx_word' id='word_1_451' title='bbox 1124 3376 1292 3433; x_wconf 88' lang='lat' dir='ltr'><strong>super</strong></span> <span class='ocrx_word' id='word_1_452' title='bbox 1357 3361 1677 3432; x_wconf 87' lang='lat' dir='ltr'><strong>hujusmodi</strong></span> <span class='ocrx_word' id='word_1_453' title='bbox 1721 3363 2062 3420; x_wconf 82' lang='lat' dir='ltr'><strong>narrationis</strong></span> 
     </span>
    </p>
   </div>
   <div class='ocr_carea' id='block_1_66' title="bbox 472 3453 2061 3529">
    <p class='ocr_par' dir='ltr' id='par_1_66' title="bbox 472 3453 2061 3529">
     <span class='ocr_line' id='line_1_66' title="bbox 472 3453 2061 3529; baseline 0.001 -20"><span class='ocrx_word' id='word_1_454' title='bbox 472 3455 746 3510; x_wconf 77' lang='lat' dir='ltr'><strong>miraculo</strong></span> <span class='ocrx_word' id='word_1_455' title='bbox 792 3453 814 3529; x_wconf 92' lang='lat'><strong>[</strong></span> <span class='ocrx_word' id='word_1_456' title='bbox 840 3455 1121 3526; x_wconf 85' lang='lat' dir='ltr'><strong>inopinato</strong></span> <span class='ocrx_word' id='word_1_457' title='bbox 1151 3454 1172 3527; x_wconf 88' lang='lat'><strong>]</strong></span> <span class='ocrx_word' id='word_1_458' title='bbox 1201 3463 1257 3511; x_wconf 93' lang='lat' dir='ltr'><strong>et</strong></span> <span class='ocrx_word' id='word_1_459' title='bbox 1301 3456 1472 3526; x_wconf 84' lang='lat' dir='ltr'><strong>gloria</strong></span> <span class='ocrx_word' id='word_1_460' title='bbox 1500 3461 1673 3510; x_wconf 67' lang='lat' dir='ltr'><strong>tantae</strong></span> <span class='ocrx_word' id='word_1_461' title='bbox 1704 3470 1890 3510; x_wconf 88' lang='lat' dir='ltr'><strong>rerum</strong></span> <span class='ocrx_word' id='word_1_462' title='bbox 1937 3473 2061 3511; x_wconf 84' lang='lat' dir='ltr'><strong>mu-</strong></span> 
     </span>
    </p>
   </div>
   <div class='ocr_carea' id='block_1_67' title="bbox 472 3545 2061 3618">
    <p class='ocr_par' dir='ltr' id='par_1_67' title="bbox 472 3545 2061 3618">
     <span class='ocr_line' id='line_1_67' title="bbox 472 3545 2061 3618; baseline 0.003 -19"><span class='ocrx_word' id='word_1_463' title='bbox 472 3545 738 3610; x_wconf 88' lang='lat' dir='ltr'><strong>tationis,</strong></span> <span class='ocrx_word' id='word_1_464' title='bbox 797 3546 1050 3603; x_wconf 89' lang='lat' dir='ltr'><strong>stetimus</strong></span> <span class='ocrx_word' id='word_1_465' title='bbox 1105 3547 1172 3602; x_wconf 91' lang='lat' dir='ltr'><strong>ad</strong></span> <span class='ocrx_word' id='word_1_466' title='bbox 1223 3547 1529 3603; x_wconf 88' lang='lat' dir='ltr'><strong>orationem</strong></span> <span class='ocrx_word' id='word_1_467' title='bbox 1571 3587 1590 3613; x_wconf 95' lang='lat'><strong>,</strong></span> <span class='ocrx_word' id='word_1_468' title='bbox 1635 3546 1806 3602; x_wconf 85' lang='lat' dir='ltr'><strong>veluti</strong></span> <span class='ocrx_word' id='word_1_469' title='bbox 1868 3561 2061 3618; x_wconf 84' lang='lat' dir='ltr'><strong>pecea-</strong></span> 
     </span>
    </p>
   </div>
   <div class='ocr_carea' id='block_1_68' title="bbox 472 3636 2061 3708">
    <p class='ocr_par' dir='ltr' id='par_1_68' title="bbox 472 3636 2061 3708">
     <span class='ocr_line' id='line_1_68' title="bbox 472 3636 2061 3708; baseline 0.004 -20"><span class='ocrx_word' id='word_1_470' title='bbox 472 3646 618 3692; x_wconf 85' lang='lat' dir='ltr'><strong>tores</strong></span> <span class='ocrx_word' id='word_1_471' title='bbox 665 3674 680 3699; x_wconf 86' lang='lat'><strong>,</strong></span> <span class='ocrx_word' id='word_1_472' title='bbox 745 3651 872 3692; x_wconf 91' lang='lat' dir='ltr'><strong>cum</strong></span> <span class='ocrx_word' id='word_1_473' title='bbox 923 3636 1119 3693; x_wconf 86' lang='lat' dir='ltr'><strong>timore</strong></span> <span class='ocrx_word' id='word_1_474' title='bbox 1152 3652 1218 3694; x_wconf 89' lang='lat' dir='ltr'><strong>ac</strong></span> <span class='ocrx_word' id='word_1_475' title='bbox 1274 3648 1552 3705; x_wconf 90' lang='lat' dir='ltr'><strong>tremore,</strong></span> <span class='ocrx_word' id='word_1_476' title='bbox 1587 3647 1642 3694; x_wconf 94' lang='lat' dir='ltr'><strong>et</strong></span> <span class='ocrx_word' id='word_1_477' title='bbox 1687 3639 1738 3694; x_wconf 93' lang='lat' dir='ltr'><strong>ei</strong></span> <span class='ocrx_word' id='word_1_478' title='bbox 1780 3638 1875 3708; x_wconf 92' lang='lat' dir='ltr'><strong>qui</strong></span> <span class='ocrx_word' id='word_1_479' title='bbox 1930 3636 2061 3696; x_wconf 83' lang='lat' dir='ltr'><strong>facit</strong></span> 
     </span>
    </p>
   </div>
   <div class='ocr_carea' id='block_1_69' title="bbox 471 3711 2056 3799">
    <p class='ocr_par' dir='ltr' id='par_1_69' title="bbox 471 3711 2056 3799">
     <span class='ocr_line' id='line_1_69' title="bbox 471 3711 2056 3799; baseline 0.006 -22"><span class='ocrx_word' id='word_1_480' title='bbox 471 3727 663 3783; x_wconf 86' lang='lat' dir='ltr'><strong>omnia</strong></span> <span class='ocrx_word' id='word_1_481' title='bbox 710 3768 726 3796; x_wconf 94' lang='lat'><strong>,</strong></span> <span class='ocrx_word' id='word_1_482' title='bbox 790 3736 847 3783; x_wconf 90' lang='lat' dir='ltr'><strong>et</strong></span> <span class='ocrx_word' id='word_1_483' title='bbox 912 3728 1177 3784; x_wconf 76' lang='lat' dir='ltr'><strong>transfert</strong></span> <span class='ocrx_word' id='word_1_484' title='bbox 1231 3729 1299 3785; x_wconf 87' lang='lat' dir='ltr'><strong>ad</strong></span> <span class='ocrx_word' id='word_1_485' title='bbox 1352 3728 1405 3784; x_wconf 92' lang='lat' dir='ltr'><strong>id</strong></span> <span class='ocrx_word' id='word_1_486' title='bbox 1461 3711 1621 3799; x_wconf 78' lang='lat' dir='ltr'><strong>quod</strong></span> <span class='ocrx_word' id='word_1_487' title='bbox 1673 3729 1871 3785; x_wconf 88' lang='lat' dir='ltr'><strong>melius</strong></span> <span class='ocrx_word' id='word_1_488' title='bbox 1931 3739 2056 3798; x_wconf 89' lang='lat' dir='ltr'><strong>est,</strong></span> 
     </span>
    </p>
   </div>
   <div class='ocr_carea' id='block_1_70' title="bbox 469 3819 2059 3891">
    <p class='ocr_par' dir='ltr' id='par_1_70' title="bbox 469 3819 2059 3891">
     <span class='ocr_line' id='line_1_70' title="bbox 469 3819 2059 3891; baseline 0.004 -21"><span class='ocrx_word' id='word_1_489' title='bbox 469 3821 752 3875; x_wconf 80' lang='lat' dir='ltr'><strong>decentem</strong></span> <span class='ocrx_word' id='word_1_490' title='bbox 809 3819 1027 3876; x_wconf 86' lang='lat' dir='ltr'><strong>laudem</strong></span> <span class='ocrx_word' id='word_1_491' title='bbox 1090 3819 1434 3887; x_wconf 85' lang='lat' dir='ltr'><strong>referentes,</strong></span> <span class='ocrx_word' id='word_1_492' title='bbox 1490 3820 1786 3891; x_wconf 84' lang='lat' dir='ltr'><strong>petivimus</strong></span> <span class='ocrx_word' id='word_1_493' title='bbox 1859 3820 2059 3877; x_wconf 64' lang='lat' dir='ltr'><strong>obnixe</strong></span> 
     </span>
    </p>
   </div>
   <div class='ocr_carea' id='block_1_71' title="bbox 469 3910 2059 3992">
    <p class='ocr_par' dir='ltr' id='par_1_71' title="bbox 469 3910 2059 3992">
     <span class='ocr_line' id='line_1_71' title="bbox 469 3910 2059 3992; baseline 0.003 -26"><span class='ocrx_word' id='word_1_494' title='bbox 469 3910 857 3984; x_wconf 79' lang='lat' dir='ltr'><strong>benignitatem</strong></span> <span class='ocrx_word' id='word_1_495' title='bbox 912 3913 1075 3982; x_wconf 85' lang='lat' dir='ltr'><strong>ejus,</strong></span> <span class='ocrx_word' id='word_1_496' title='bbox 1126 3926 1238 3983; x_wconf 90' lang='lat' dir='ltr'><strong>quo</strong></span> <span class='ocrx_word' id='word_1_497' title='bbox 1285 3912 1342 3968; x_wconf 88' lang='lat' dir='ltr'><strong>in</strong></span> <span class='ocrx_word' id='word_1_498' title='bbox 1393 3912 1638 3992; x_wconf 84' lang='lat' dir='ltr'><strong>minimis</strong></span> <span class='ocrx_word' id='word_1_499' title='bbox 1702 3912 1867 3970; x_wconf 85' lang='lat' dir='ltr'><strong>nobis</strong></span> <span class='ocrx_word' id='word_1_500' title='bbox 1904 3913 2059 3970; x_wconf 80' lang='lat' dir='ltr'><strong>fieret</strong></span> 
     </span>
    </p>
   </div>
   <div class='ocr_carea' id='block_1_72' title="bbox 470 4007 2056 4080">
    <p class='ocr_par' dir='ltr' id='par_1_72' title="bbox 470 4007 2056 4080">
     <span class='ocr_line' id='line_1_72' title="bbox 470 4007 2056 4080; baseline 0.002 -19"><span class='ocrx_word' id='word_1_501' title='bbox 470 4007 704 4076; x_wconf 83' lang='lat' dir='ltr'><strong>medius,</strong></span> <span class='ocrx_word' id='word_1_502' title='bbox 755 4016 811 4064; x_wconf 90' lang='lat' dir='ltr'><strong>et</strong></span> <span class='ocrx_word' id='word_1_503' title='bbox 837 4023 935 4080; x_wconf 92' lang='lat' dir='ltr'><strong>per</strong></span> <span class='ocrx_word' id='word_1_504' title='bbox 988 4007 1254 4079; x_wconf 86' lang='lat' dir='ltr'><strong>Spiritum</strong></span> <span class='ocrx_word' id='word_1_505' title='bbox 1287 4017 1542 4065; x_wconf 84' lang='lat' dir='ltr'><strong>sanctum</strong></span> <span class='ocrx_word' id='word_1_506' title='bbox 1576 4008 1928 4065; x_wconf 88' lang='lat' dir='ltr'><strong>illucesceret</strong></span> <span class='ocrx_word' id='word_1_507' title='bbox 1959 4008 2056 4064; x_wconf 76' lang='lat' dir='ltr'><strong>lux</strong></span> 
     </span>
    </p>
   </div>
   <div class='ocr_carea' id='block_1_73' title="bbox 477 4098 2056 4167">
    <p class='ocr_par' dir='ltr' id='par_1_73' title="bbox 477 4098 2056 4167">
     <span class='ocr_line' id='line_1_73' title="bbox 477 4098 2056 4167; baseline 0.002 -14"><span class='ocrx_word' id='word_1_508' title='bbox 477 4098 727 4156; x_wconf 72' lang='lat' dir='ltr'><strong>scientia:</strong></span> <span class='ocrx_word' id='word_1_509' title='bbox 761 4099 814 4154; x_wconf 90' lang='lat' dir='ltr'><strong>in</strong></span> <span class='ocrx_word' id='word_1_510' title='bbox 864 4099 1131 4157; x_wconf 87' lang='lat' dir='ltr'><strong>cordibus</strong></span> <span class='ocrx_word' id='word_1_511' title='bbox 1157 4101 1388 4165; x_wconf 83' lang='lat' dir='ltr'><strong>nostris,</strong></span> <span class='ocrx_word' id='word_1_512' title='bbox 1417 4109 1583 4167; x_wconf 90' lang='lat' dir='ltr'><strong>atque</strong></span> <span class='ocrx_word' id='word_1_513' title='bbox 1606 4100 1916 4158; x_wconf 89' lang='lat' dir='ltr'><strong>communis</strong></span> <span class='ocrx_word' id='word_1_514' title='bbox 1950 4100 2056 4156; x_wconf 80' lang='lat' dir='ltr'><strong>uti-</strong></span> 
     </span>
    </p>
   </div>
   <div class='ocr_carea' id='block_1_74' title="bbox 469 4189 2055 4264">
    <p class='ocr_par' dir='ltr' id='par_1_74' title="bbox 469 4189 2055 4264">
     <span class='ocr_line' id='line_1_74' title="bbox 469 4189 2055 4264; baseline 0.004 -22"><span class='ocrx_word' id='word_1_515' title='bbox 469 4189 636 4246; x_wconf 84' lang='lat' dir='ltr'><strong>litatis</strong></span> <span class='ocrx_word' id='word_1_516' title='bbox 685 4192 899 4247; x_wconf 90' lang='lat' dir='ltr'><strong>consilii</strong></span> <span class='ocrx_word' id='word_1_517' title='bbox 953 4193 1186 4248; x_wconf 80' lang='lat' dir='ltr'><strong>donaret</strong></span> <span class='ocrx_word' id='word_1_518' title='bbox 1245 4192 1527 4259; x_wconf 79' lang='lat' dir='ltr'><strong>virtutem,</strong></span> <span class='ocrx_word' id='word_1_519' title='bbox 1585 4193 2055 4264; x_wconf 86' lang='lat' dir='ltr'><strong>cogitationesque</strong></span> 
     </span>
    </p>
   </div>
   <div class='ocr_carea' id='block_1_75' title="bbox 466 4285 2047 4359">
    <p class='ocr_par' dir='ltr' id='par_1_75' title="bbox 466 4285 2047 4359">
     <span class='ocr_line' id='line_1_75' title="bbox 466 4285 2047 4359; baseline 0.001 -19"><span class='ocrx_word' id='word_1_520' title='bbox 466 4285 640 4340; x_wconf 81' lang='lat' dir='ltr'><strong>Ionas</strong></span> <span class='ocrx_word' id='word_1_521' title='bbox 677 4287 745 4341; x_wconf 90' lang='lat' dir='ltr'><strong>ad</strong></span> <span class='ocrx_word' id='word_1_522' title='bbox 781 4285 1290 4342; x_wconf 89' lang='lat' dir='ltr'><strong>determinationem</strong></span> <span class='ocrx_word' id='word_1_523' title='bbox 1326 4287 1520 4358; x_wconf 89' lang='lat' dir='ltr'><strong>optimi</strong></span> <span class='ocrx_word' id='word_1_524' title='bbox 1547 4286 1714 4343; x_wconf 86' lang='lat' dir='ltr'><strong>vestri</strong></span> <span class='ocrx_word' id='word_1_525' title='bbox 1744 4286 2047 4359; x_wconf 87' lang='lat' dir='ltr'><strong>propositi:</strong></span> 
     </span>
    </p>
   </div>
   <div class='ocr_carea' id='block_1_76' title="bbox 467 4376 2044 4451">
    <p class='ocr_par' dir='ltr' id='par_1_76' title="bbox 467 4376 2044 4451">
     <span class='ocr_line' id='line_1_76' title="bbox 467 4376 2044 4451; baseline 0.003 -21"><span class='ocrx_word' id='word_1_526' title='bbox 467 4378 613 4446; x_wconf 83' lang='lat' dir='ltr'><strong>quod</strong></span> <span class='ocrx_word' id='word_1_527' title='bbox 630 4381 699 4433; x_wconf 93' lang='lat' dir='ltr'><strong>et&#39;</strong></span> <span class='ocrx_word' id='word_1_528' title='bbox 712 4376 862 4443; x_wconf 78' lang='lat' dir='ltr'><strong>fecit,</strong></span> <span class='ocrx_word' id='word_1_529' title='bbox 893 4394 1020 4435; x_wconf 90' lang='lat' dir='ltr'><strong>cum</strong></span> <span class='ocrx_word' id='word_1_530' title='bbox 1047 4387 1195 4436; x_wconf 84' lang='lat' dir='ltr'><strong>esset</strong></span> <span class='ocrx_word' id='word_1_531' title='bbox 1218 4379 1490 4451; x_wconf 83' lang='lat' dir='ltr'><strong>benignus</strong></span> <span class='ocrx_word' id='word_1_532' title='bbox 1505 4389 1672 4450; x_wconf 88' lang='lat' dir='ltr'><strong>atque</strong></span> <span class='ocrx_word' id='word_1_533' title='bbox 1706 4380 2044 4436; x_wconf 80' lang='lat' dir='ltr'><strong>misericors.</strong></span> 
     </span>
    </p>
   </div>
   <div class='ocr_carea' id='block_1_77' title="bbox 537 4463 2049 4538">
    <p class='ocr_par' dir='ltr' id='par_1_77' title="bbox 537 4463 2049 4538">
     <span class='ocr_line' id='line_1_77' title="bbox 537 4463 2049 4538; baseline 0.003 -18"><span class='ocrx_word' id='word_1_534' title='bbox 537 4463 1016 4522; x_wconf 74' lang='lat' dir='ltr'><strong>Consideravimus</strong></span> <span class='ocrx_word' id='word_1_535' title='bbox 1050 4467 1240 4538; x_wconf 89' lang='lat' dir='ltr'><strong>igitur,</strong></span> <span class='ocrx_word' id='word_1_536' title='bbox 1283 4467 2049 4536; x_wconf 77' lang='lat' dir='ltr'><strong>sanctissimi,contaminatae</strong></span> 
     </span>
    </p>
   </div>
   <div class='ocr_carea' id='block_1_78' title="bbox 466 4557 2050 4629">
    <p class='ocr_par' dir='ltr' id='par_1_78' title="bbox 466 4557 2050 4629">
     <span class='ocr_line' id='line_1_78' title="bbox 466 4557 2050 4629; baseline 0.001 -17"><span class='ocrx_word' id='word_1_537' title='bbox 466 4557 708 4614; x_wconf 88' lang='lat' dir='ltr'><strong>nationis</strong></span> <span class='ocrx_word' id='word_1_538' title='bbox 732 4567 1128 4629; x_wconf 86' lang='lat' dir='ltr'><strong>cognoscentes</strong></span> <span class='ocrx_word' id='word_1_539' title='bbox 1153 4565 1342 4614; x_wconf 87' lang='lat' dir='ltr'><strong>contra</strong></span> <span class='ocrx_word' id='word_1_540' title='bbox 1366 4574 1470 4616; x_wconf 89' lang='lat' dir='ltr'><strong>nos</strong></span> <span class='ocrx_word' id='word_1_541' title='bbox 1501 4557 1930 4626; x_wconf 88' lang='lat' dir='ltr'><strong>infestationem,</strong></span> <span class='ocrx_word' id='word_1_542' title='bbox 1959 4574 2050 4614; x_wconf 91' lang='lat' dir='ltr'><strong>re-</strong></span> 
     </span>
    </p>
   </div>
   <div class='ocr_carea' id='block_1_79' title="bbox 468 4640 2048 4724">
    <p class='ocr_par' dir='ltr' id='par_1_79' title="bbox 468 4640 2048 4724">
     <span class='ocr_line' id='line_1_79' title="bbox 468 4640 2048 4724; baseline 0.002 -19"><span class='ocrx_word' id='word_1_543' title='bbox 468 4655 641 4706; x_wconf 85' lang='lat' dir='ltr'><strong>tinere</strong></span> <span class='ocrx_word' id='word_1_544' title='bbox 666 4650 768 4708; x_wconf 88' lang='lat' dir='ltr'><strong>hos</strong></span> <span class='ocrx_word' id='word_1_545' title='bbox 803 4652 897 4722; x_wconf 90' lang='lat' dir='ltr'><strong>qui</strong></span> <span class='ocrx_word' id='word_1_546' title='bbox 921 4651 1075 4707; x_wconf 88' lang='lat' dir='ltr'><strong>missi</strong></span> <span class='ocrx_word' id='word_1_547' title='bbox 1115 4661 1269 4717; x_wconf 82' lang='lat' dir='ltr'><strong>sunt,</strong></span> <span class='ocrx_word' id='word_1_548' title='bbox 1292 4658 1348 4707; x_wconf 89' lang='lat' dir='ltr'><strong>et</strong></span> <span class='ocrx_word' id='word_1_549' title='bbox 1371 4640 1662 4723; x_wconf 83' lang='lat' dir='ltr'><strong>prohibere</strong></span> <span class='ocrx_word' id='word_1_550' title='bbox 1693 4652 2048 4724; x_wconf 86' lang='lat' dir='ltr'><strong>appropriare</strong></span> 
     </span>
    </p>
   </div>
   <div class='ocr_carea' id='block_1_80' title="bbox 466 4742 2045 4814">
    <p class='ocr_par' dir='ltr' id='par_1_80' title="bbox 466 4742 2045 4814">
     <span class='ocr_line' id='line_1_80' title="bbox 466 4742 2045 4814; baseline 0.002 -18"><span class='ocrx_word' id='word_1_551' title='bbox 466 4742 553 4797; x_wconf 90' lang='lat' dir='ltr'><strong>his</strong></span> <span class='ocrx_word' id='word_1_552' title='bbox 578 4743 645 4798; x_wconf 89' lang='lat' dir='ltr'><strong>ad</strong></span> <span class='ocrx_word' id='word_1_553' title='bbox 671 4758 813 4814; x_wconf 88' lang='lat' dir='ltr'><strong>quos</strong></span> <span class='ocrx_word' id='word_1_554' title='bbox 854 4742 1112 4798; x_wconf 80' lang='lat' dir='ltr'><strong>destinati</strong></span> <span class='ocrx_word' id='word_1_555' title='bbox 1155 4752 1316 4800; x_wconf 89' lang='lat' dir='ltr'><strong>sunt:</strong></span> <span class='ocrx_word' id='word_1_556' title='bbox 1344 4743 1610 4800; x_wconf 88' lang='lat' dir='ltr'><strong>ducentes</strong></span> <span class='ocrx_word' id='word_1_557' title='bbox 1666 4745 1792 4800; x_wconf 89' lang='lat' dir='ltr'><strong>hos&#39;</strong></span> <span class='ocrx_word' id='word_1_558' title='bbox 1829 4746 1884 4799; x_wconf 93' lang='lat' dir='ltr'><strong>in</strong></span> <span class='ocrx_word' id='word_1_559' title='bbox 1927 4759 2045 4799; x_wconf 84' lang='lat' dir='ltr'><strong>mc-</strong></span> 
     </span>
    </p>
   </div>
   <div class='ocr_carea' id='block_1_81' title="bbox 463 4834 2038 4906">
    <p class='ocr_par' dir='ltr' id='par_1_81' title="bbox 463 4834 2038 4906">
     <span class='ocr_line' id='line_1_81' title="bbox 463 4834 2038 4906; baseline 0.003 -20"><span class='ocrx_word' id='word_1_560' title='bbox 463 4834 615 4888; x_wconf 88' lang='lat' dir='ltr'><strong>dium</strong></span> <span class='ocrx_word' id='word_1_561' title='bbox 642 4842 913 4898; x_wconf 89' lang='lat' dir='ltr'><strong>nostrum,</strong></span> <span class='ocrx_word' id='word_1_562' title='bbox 936 4842 990 4889; x_wconf 92' lang='lat' dir='ltr'><strong>et</strong></span> <span class='ocrx_word' id='word_1_563' title='bbox 1017 4835 1378 4892; x_wconf 80' lang='lat' dir='ltr'><strong>admonentes</strong></span> <span class='ocrx_word' id='word_1_564' title='bbox 1404 4835 1730 4906; x_wconf 88' lang='lat' dir='ltr'><strong>plurimum,</strong></span> <span class='ocrx_word' id='word_1_565' title='bbox 1769 4849 1840 4890; x_wconf 89' lang='lat' dir='ltr'><strong>ne</strong></span> <span class='ocrx_word' id='word_1_566' title='bbox 1871 4835 2038 4893; x_wconf 87' lang='lat' dir='ltr'><strong>indu-</strong></span> 
     </span>
    </p>
   </div>
   <div class='ocr_carea' id='block_1_82' title="bbox 463 4926 2050 5000">
    <p class='ocr_par' dir='ltr' id='par_1_82' title="bbox 463 4926 2050 5000">
     <span class='ocr_line' id='line_1_82' title="bbox 463 4926 2050 5000; baseline 0.003 -22"><span class='ocrx_word' id='word_1_567' title='bbox 463 4934 650 4980; x_wconf 76' lang='lat' dir='ltr'><strong>cet-ent</strong></span> <span class='ocrx_word' id='word_1_568' title='bbox 672 4926 1059 4994; x_wconf 86' lang='lat' dir='ltr'><strong>turbationem,</strong></span> <span class='ocrx_word' id='word_1_569' title='bbox 1080 4929 1210 4994; x_wconf 91' lang='lat' dir='ltr'><strong>imo,</strong></span> <span class='ocrx_word' id='word_1_570' title='bbox 1236 4940 1294 4984; x_wconf 86' lang='lat' dir='ltr'><strong>ut</strong></span> <span class='ocrx_word' id='word_1_571' title='bbox 1312 4927 1606 5000; x_wconf 87' lang='lat' dir='ltr'><strong>specialius</strong></span> <span class='ocrx_word' id='word_1_572' title='bbox 1625 4927 1874 4984; x_wconf 88' lang='lat' dir='ltr'><strong>dicamus</strong></span> <span class='ocrx_word' id='word_1_573' title='bbox 1888 4969 1902 4991; x_wconf 91' lang='lat'><strong>,</strong></span> <span class='ocrx_word' id='word_1_574' title='bbox 1932 4928 2050 4983; x_wconf 80' lang='lat' dir='ltr'><strong>exi-</strong></span> 
     </span>
    </p>
   </div>
   <div class='ocr_carea' id='block_1_83' title="bbox 463 5017 2046 5092">
    <p class='ocr_par' dir='ltr' id='par_1_83' title="bbox 463 5017 2046 5092">
     <span class='ocr_line' id='line_1_83' title="bbox 463 5017 2046 5092; baseline 0.004 -24"><span class='ocrx_word' id='word_1_575' title='bbox 463 5017 601 5071; x_wconf 90' lang='lat' dir='ltr'><strong>tium</strong></span> <span class='ocrx_word' id='word_1_576' title='bbox 629 5017 1066 5088; x_wconf 85' lang='lat' dir='ltr'><strong>quiescentibus,</strong></span> <span class='ocrx_word' id='word_1_577' title='bbox 1091 5029 1145 5075; x_wconf 90' lang='lat' dir='ltr'><strong>ct</strong></span> <span class='ocrx_word' id='word_1_578' title='bbox 1175 5020 1266 5076; x_wconf 90' lang='lat' dir='ltr'><strong>Dei</strong></span> <span class='ocrx_word' id='word_1_579' title='bbox 1312 5019 1484 5092; x_wconf 87' lang='lat' dir='ltr'><strong>gratia</strong></span> <span class='ocrx_word' id='word_1_580' title='bbox 1518 5018 1824 5090; x_wconf 84' lang='lat' dir='ltr'><strong>pacificatis</strong></span> <span class='ocrx_word' id='word_1_581' title='bbox 1857 5018 2046 5075; x_wconf 87' lang='lat' dir='ltr'><strong>Eccle-</strong></span> 
     </span>
    </p>
   </div>
   <div class='ocr_carea' id='block_1_84' title="bbox 464 5108 2042 5183">
    <p class='ocr_par' dir='ltr' id='par_1_84' title="bbox 464 5108 2042 5183">
     <span class='ocr_line' id='line_1_84' title="bbox 464 5108 2042 5183; baseline 0.002 -20"><span class='ocrx_word' id='word_1_582' title='bbox 464 5124 491 5163; x_wconf 87' lang='lat' dir='ltr'><strong>s</strong></span> <span class='ocrx_word' id='word_1_583' title='bbox 518 5108 584 5172; x_wconf 81' lang='lat' dir='ltr'><strong>is,</strong></span> <span class='ocrx_word' id='word_1_584' title='bbox 616 5110 698 5164; x_wconf 90' lang='lat' dir='ltr'><strong>vel</strong></span> <span class='ocrx_word' id='word_1_585' title='bbox 721 5111 925 5180; x_wconf 90' lang='lat' dir='ltr'><strong>popqu</strong></span> <span class='ocrx_word' id='word_1_586' title='bbox 953 5112 1340 5168; x_wconf 87' lang='lat' dir='ltr'><strong>miserabiliter</strong></span> <span class='ocrx_word' id='word_1_587' title='bbox 1361 5111 1496 5183; x_wconf 83' lang='lat' dir='ltr'><strong>jugo</strong></span> <span class='ocrx_word' id='word_1_588' title='bbox 1516 5110 1799 5166; x_wconf 86' lang='lat' dir='ltr'><strong>servitutis</strong></span> <span class='ocrx_word' id='word_1_589' title='bbox 1820 5109 2042 5179; x_wconf 82' lang='lat' dir='ltr'><strong>amicto,</strong></span> 
     </span>
    </p>
   </div>
   <div class='ocr_carea' id='block_1_85' title="bbox 462 5201 2040 5273">
    <p class='ocr_par' dir='ltr' id='par_1_85' title="bbox 462 5201 2040 5273">
     <span class='ocr_line' id='line_1_85' title="bbox 462 5201 2040 5273; baseline 0 -17"><span class='ocrx_word' id='word_1_590' title='bbox 462 5209 519 5256; x_wconf 84' lang='lat' dir='ltr'><strong>ct</strong></span> <span class='ocrx_word' id='word_1_591' title='bbox 569 5201 994 5273; x_wconf 83' lang='lat' dir='ltr'><strong>importabilium</strong></span> <span class='ocrx_word' id='word_1_592' title='bbox 1048 5203 1293 5260; x_wconf 86' lang='lat' dir='ltr'><strong>illatione</strong></span> <span class='ocrx_word' id='word_1_593' title='bbox 1364 5202 1698 5258; x_wconf 86' lang='lat' dir='ltr'><strong>tributorum</strong></span> <span class='ocrx_word' id='word_1_594' title='bbox 1755 5216 2040 5273; x_wconf 89' lang='lat' dir='ltr'><strong>oppresso.</strong></span> 
     </span>
    </p>
   </div>
   <div class='ocr_carea' id='block_1_86' title="bbox 462 5293 2078 5369">
    <p class='ocr_par' dir='ltr' id='par_1_86' title="bbox 462 5293 2078 5369">
     <span class='ocr_line' id='line_1_86' title="bbox 462 5293 2078 5369; baseline 0.002 -23"><span class='ocrx_word' id='word_1_595' title='bbox 462 5295 531 5347; x_wconf 78' lang='lat' dir='ltr'><strong>At</strong></span> <span class='ocrx_word' id='word_1_596' title='bbox 567 5294 642 5348; x_wconf 91' lang='lat' dir='ltr'><strong>illi</strong></span> <span class='ocrx_word' id='word_1_597' title='bbox 677 5293 794 5350; x_wconf 85' lang='lat' dir='ltr'><strong>haec</strong></span> <span class='ocrx_word' id='word_1_598' title='bbox 823 5295 1050 5350; x_wconf 86' lang='lat' dir='ltr'><strong>moleste</strong></span> <span class='ocrx_word' id='word_1_599' title='bbox 1079 5294 1340 5362; x_wconf 84' lang='lat' dir='ltr'><strong>ferentes,</strong></span> <span class='ocrx_word' id='word_1_600' title='bbox 1376 5294 1654 5360; x_wconf 82' lang='lat' dir='ltr'><strong>dicebant,</strong></span> <span class='ocrx_word' id='word_1_601' title='bbox 1696 5293 1822 5364; x_wconf 82' lang='lat' dir='ltr'><strong>quia</strong></span> <span class='ocrx_word' id='word_1_602' title='bbox 1859 5294 1912 5348; x_wconf 89' lang='lat' dir='ltr'><strong>in</strong></span> <span class='ocrx_word' id='word_1_603' title='bbox 1941 5295 2078 5369; x_wconf 38' lang='lat' dir='ltr'><strong>hoc.</strong></span> 
     </span>
    </p>
   </div>
   <div class='ocr_carea' id='block_1_87' title="bbox 461 5384 2037 5448">
    <p class='ocr_par' dir='ltr' id='par_1_87' title="bbox 461 5384 2037 5448">
     <span class='ocr_line' id='line_1_87' title="bbox 461 5384 2037 5448; baseline 0.003 -10"><span class='ocrx_word' id='word_1_604' title='bbox 461 5384 724 5442; x_wconf 74' lang='lat' dir='ltr'><strong>destinati</strong></span> <span class='ocrx_word' id='word_1_605' title='bbox 777 5402 990 5448; x_wconf 90' lang='lat' dir='ltr'><strong>sumus.</strong></span> <span class='ocrx_word' id='word_1_606' title='bbox 1019 5397 1079 5442; x_wconf 90' lang='lat' dir='ltr'><strong>ut</strong></span> <span class='ocrx_word' id='word_1_607' title='bbox 1113 5387 1397 5442; x_wconf 85' lang='lat' dir='ltr'><strong>tradamus</strong></span> <span class='ocrx_word' id='word_1_608' title='bbox 1449 5396 1670 5442; x_wconf 88' lang='lat' dir='ltr'><strong>nostras</strong></span> <span class='ocrx_word' id='word_1_609' title='bbox 1708 5386 1763 5440; x_wconf 90' lang='lat' dir='ltr'><strong>in</strong></span> <span class='ocrx_word' id='word_1_610' title='bbox 1806 5395 2037 5442; x_wconf 87' lang='lat' dir='ltr'><strong>mortem</strong></span> 
     </span>
    </p>
   </div>
   <div class='ocr_carea' id='block_1_88' title="bbox 462 5474 2034 5547">
    <p class='ocr_par' dir='ltr' id='par_1_88' title="bbox 462 5474 2034 5547">
     <span class='ocr_line' id='line_1_88' title="bbox 462 5474 2034 5547; baseline 0 -19"><span class='ocrx_word' id='word_1_611' title='bbox 462 5477 676 5532; x_wconf 87' lang='lat' dir='ltr'><strong>animas</strong></span> <span class='ocrx_word' id='word_1_612' title='bbox 706 5491 803 5547; x_wconf 86' lang='lat' dir='ltr'><strong>pro</strong></span> <span class='ocrx_word' id='word_1_613' title='bbox 833 5475 1096 5540; x_wconf 84' lang='lat' dir='ltr'><strong>Ecclesia,</strong></span> <span class='ocrx_word' id='word_1_614' title='bbox 1129 5484 1184 5532; x_wconf 92' lang='lat' dir='ltr'><strong>et</strong></span> <span class='ocrx_word' id='word_1_615' title='bbox 1201 5475 1536 5546; x_wconf 85' lang='lat' dir='ltr'><strong>propositum</strong></span> <span class='ocrx_word' id='word_1_616' title='bbox 1571 5474 1906 5530; x_wconf 89' lang='lat' dir='ltr'><strong>sanctissimi</strong></span> <span class='ocrx_word' id='word_1_617' title='bbox 1934 5490 2034 5546; x_wconf 75' lang='lat' dir='ltr'><strong>p.1-</strong></span> 
     </span>
    </p>
   </div>
   <div class='ocr_carea' id='block_1_89' title="bbox 462 5567 2035 5640">
    <p class='ocr_par' dir='ltr' id='par_1_89' title="bbox 462 5567 2035 5640">
     <span class='ocr_line' id='line_1_89' title="bbox 462 5567 2035 5640; baseline 0 -17"><span class='ocrx_word' id='word_1_618' title='bbox 462 5568 717 5624; x_wconf 80' lang='lat' dir='ltr'><strong>triarchae</strong></span> <span class='ocrx_word' id='word_1_619' title='bbox 743 5583 808 5625; x_wconf 78' lang='lat' dir='ltr'><strong>ac</strong></span> <span class='ocrx_word' id='word_1_620' title='bbox 839 5569 1218 5640; x_wconf 90' lang='lat' dir='ltr'><strong>piissimorum</strong></span> <span class='ocrx_word' id='word_1_621' title='bbox 1245 5567 1634 5638; x_wconf 83' lang='lat' dir='ltr'><strong>imperatorum</strong></span> <span class='ocrx_word' id='word_1_622' title='bbox 1669 5567 2035 5638; x_wconf 82' lang='lat' dir='ltr'><strong>perducamus</strong></span> 
     </span>
    </p>
   </div>
   <div class='ocr_carea' id='block_1_90' title="bbox 2164 3089 3744 3163">
    <p class='ocr_par' dir='ltr' id='par_1_90' title="bbox 2164 3089 3744 3163">
     <span class='ocr_line' id='line_1_90' title="bbox 2164 3089 3744 3163; baseline 0.001 -20"><span class='ocrx_word' id='word_1_623' title='bbox 2164 3106 2264 3144; x_wconf 86' lang='grc' dir='ltr'><strong>σαν</strong></span> <span class='ocrx_word' id='word_1_624' title='bbox 2300 3089 2399 3163; x_wconf 77' lang='grc' dir='ltr'><strong>τὴν</strong></span> <span class='ocrx_word' id='word_1_625' title='bbox 2439 3090 2830 3161; x_wconf 76' lang='grc' dir='ltr'>περιπέτειανο</span> <span class='ocrx_word' id='word_1_626' title='bbox 2870 3090 3318 3159; x_wconf 81' lang='grc' dir='ltr'>καταπλαγέντες</span> <span class='ocrx_word' id='word_1_627' title='bbox 3348 3092 3408 3146; x_wconf 74' lang='grc' dir='ltr'>δὲ</span> <span class='ocrx_word' id='word_1_628' title='bbox 3437 3091 3534 3146; x_wconf 74' lang='grc' dir='ltr'>καὶ</span> <span class='ocrx_word' id='word_1_629' title='bbox 3569 3108 3744 3145; x_wconf 72' lang='grc' dir='ltr'>κατα-ν</span> 
     </span>
    </p>
   </div>
   <div class='ocr_carea' id='block_1_91' title="bbox 2162 3180 3745 3258">
    <p class='ocr_par' dir='ltr' id='par_1_91' title="bbox 2162 3180 3745 3258">
     <span class='ocr_line' id='line_1_91' title="bbox 2162 3180 3745 3258; baseline 0.001 -22"><span class='ocrx_word' id='word_1_630' title='bbox 2162 3182 2419 3250; x_wconf 87' lang='grc' dir='ltr'>νυγέντες</span> <span class='ocrx_word' id='word_1_631' title='bbox 2453 3182 2552 3253; x_wconf 86' lang='grc' dir='ltr'>τὴν</span> <span class='ocrx_word' id='word_1_632' title='bbox 2580 3180 2829 3254; x_wconf 82' lang='grc' dir='ltr'>καρδίαν,</span> <span class='ocrx_word' id='word_1_633' title='bbox 2857 3183 3093 3254; x_wconf 76' lang='grc' dir='ltr'>δάκρυσί</span> <span class='ocrx_word' id='word_1_634' title='bbox 3118 3199 3182 3258; x_wconf 81' lang='grc' dir='ltr'><strong>τε</strong></span> <span class='ocrx_word' id='word_1_635' title='bbox 3217 3181 3573 3255; x_wconf 80' lang='grc' dir='ltr'>συσχεθέντες</span> <span class='ocrx_word' id='word_1_636' title='bbox 3612 3185 3745 3250; x_wconf 83' lang='grc' dir='ltr'>θερ-</span> 
     </span>
    </p>
   </div>
   <div class='ocr_carea' id='block_1_92' title="bbox 2164 3271 3746 3349">
    <p class='ocr_par' dir='ltr' id='par_1_92' title="bbox 2164 3271 3746 3349">
     <span class='ocr_line' id='line_1_92' title="bbox 2164 3271 3746 3349; baseline 0.001 -21"><span class='ocrx_word' id='word_1_637' title='bbox 2164 3279 2285 3345; x_wconf 81' lang='grc' dir='ltr'>μοῖς</span> <span class='ocrx_word' id='word_1_638' title='bbox 2304 3274 2408 3330; x_wconf 77' lang='grc' dir='ltr'><strong>ἐπὶ</strong></span> <span class='ocrx_word' id='word_1_639' title='bbox 2433 3273 2510 3345; x_wconf 81' lang='grc' dir='ltr'>τῷ</span> <span class='ocrx_word' id='word_1_640' title='bbox 2539 3275 2770 3347; x_wconf 79' lang='grc' dir='ltr'>τοιούτῳ</span> <span class='ocrx_word' id='word_1_641' title='bbox 2796 3276 2896 3346; x_wconf 73' lang='grc' dir='ltr'><strong>τῆς</strong></span> <span class='ocrx_word' id='word_1_642' title='bbox 2919 3276 3228 3349; x_wconf 85' lang='grc' dir='ltr'>διηγήσεως</span> <span class='ocrx_word' id='word_1_643' title='bbox 3250 3271 3510 3346; x_wconf 73' lang='grc' dir='ltr'>θαύμῖατι,</span> <span class='ocrx_word' id='word_1_644' title='bbox 3533 3277 3629 3332; x_wconf 77' lang='grc' dir='ltr'><strong>καὶ</strong></span> <span class='ocrx_word' id='word_1_645' title='bbox 3661 3277 3746 3348; x_wconf 77' lang='grc' dir='ltr'>τῷ</span> 
     </span>
    </p>
   </div>
   <div class='ocr_carea' id='block_1_93' title="bbox 2162 3362 3747 3436">
    <p class='ocr_par' dir='ltr' id='par_1_93' title="bbox 2162 3362 3747 3436">
     <span class='ocr_line' id='line_1_93' title="bbox 2162 3362 3747 3436; baseline 0 -18"><span class='ocrx_word' id='word_1_646' title='bbox 2162 3362 2451 3434; x_wconf 82' lang='grc' dir='ltr'>παραδόξῳ</span> <span class='ocrx_word' id='word_1_647' title='bbox 2463 3363 2560 3434; x_wconf 84' lang='grc' dir='ltr'><strong>τῆς</strong></span> <span class='ocrx_word' id='word_1_648' title='bbox 2581 3363 2841 3435; x_wconf 81' lang='grc' dir='ltr'>τοιαύτης</span> <span class='ocrx_word' id='word_1_649' title='bbox 2869 3363 3192 3436; x_wconf 85' lang='grc' dir='ltr'>μεταϐολῆς,</span> <span class='ocrx_word' id='word_1_650' title='bbox 3221 3363 3458 3436; x_wconf 73' lang='grc' dir='ltr'>ἔστημεν</span> <span class='ocrx_word' id='word_1_651' title='bbox 3479 3365 3561 3428; x_wconf 73' lang='grc' dir='ltr'><strong>είς</strong></span> <span class='ocrx_word' id='word_1_652' title='bbox 3578 3380 3747 3436; x_wconf 77' lang='grc' dir='ltr'>προσ-</span> 
     </span>
    </p>
   </div>
   <div class='ocr_carea' id='block_1_94' title="bbox 2160 3454 3745 3528">
    <p class='ocr_par' dir='ltr' id='par_1_94' title="bbox 2160 3454 3745 3528">
     <span class='ocr_line' id='line_1_94' title="bbox 2160 3454 3745 3528; baseline 0.002 -20"><span class='ocrx_word' id='word_1_653' title='bbox 2160 3455 2326 3527; x_wconf 75' lang='grc' dir='ltr'>ευχὴν</span> <span class='ocrx_word' id='word_1_654' title='bbox 2381 3455 2458 3519; x_wconf 80' lang='grc' dir='ltr'>ὡς</span> <span class='ocrx_word' id='word_1_655' title='bbox 2494 3455 2809 3528; x_wconf 78' lang='grc' dir='ltr'>ἁμαρτωλοὶ</span> <span class='ocrx_word' id='word_1_656' title='bbox 2847 3457 2991 3528; x_wconf 84' lang='grc' dir='ltr'><strong>μετά</strong></span> <span class='ocrx_word' id='word_1_657' title='bbox 3038 3454 3206 3528; x_wconf 81' lang='grc' dir='ltr'>φόϐου</span> <span class='ocrx_word' id='word_1_658' title='bbox 3241 3456 3337 3510; x_wconf 66' lang='grc' dir='ltr'><strong>καὶ</strong></span> <span class='ocrx_word' id='word_1_659' title='bbox 3366 3456 3604 3528; x_wconf 84' lang='grc' dir='ltr'>τρόμου·</span> <span class='ocrx_word' id='word_1_660' title='bbox 3641 3457 3745 3512; x_wconf 75' lang='grc' dir='ltr'><strong>καὶ</strong></span> 
     </span>
    </p>
   </div>
   <div class='ocr_carea' id='block_1_95' title="bbox 2159 3546 3744 3621">
    <p class='ocr_par' dir='ltr' id='par_1_95' title="bbox 2159 3546 3744 3621">
     <span class='ocr_line' id='line_1_95' title="bbox 2159 3546 3744 3621; baseline 0.001 -20"><span class='ocrx_word' id='word_1_661' title='bbox 2159 3546 2236 3619; x_wconf 84' lang='grc' dir='ltr'>τῷ</span> <span class='ocrx_word' id='word_1_662' title='bbox 2265 3547 2507 3602; x_wconf 76' lang='grc' dir='ltr'>ποιοῦντι</span> <span class='ocrx_word' id='word_1_663' title='bbox 2539 3547 2722 3602; x_wconf 81' lang='grc' dir='ltr'>πάντα</span> <span class='ocrx_word' id='word_1_664' title='bbox 2749 3550 2845 3602; x_wconf 60' lang='grc' dir='ltr'><strong>καὶ⁵</strong></span> <span class='ocrx_word' id='word_1_665' title='bbox 2875 3548 3342 3619; x_wconf 73' lang='grc' dir='ltr'>μετασκευάζοντι</span> <span class='ocrx_word' id='word_1_666' title='bbox 3370 3549 3507 3621; x_wconf 81' lang='grc' dir='ltr'>πρὸς</span> <span class='ocrx_word' id='word_1_667' title='bbox 3526 3548 3590 3603; x_wconf 80' lang='grc' dir='ltr'>τὸ</span> <span class='ocrx_word' id='word_1_668' title='bbox 3615 3548 3744 3620; x_wconf 83' lang='grc' dir='ltr'>βέλ-</span> 
     </span>
    </p>
   </div>
   <div class='ocr_carea' id='block_1_96' title="bbox 2156 3639 3744 3714">
    <p class='ocr_par' dir='ltr' id='par_1_96' title="bbox 2156 3639 3744 3714">
     <span class='ocr_line' id='line_1_96' title="bbox 2156 3639 3744 3714; baseline 0.004 -22"><span class='ocrx_word' id='word_1_669' title='bbox 2156 3656 2273 3694; x_wconf 91' lang='grc' dir='ltr'>τιον</span> <span class='ocrx_word' id='word_1_670' title='bbox 2308 3639 2753 3711; x_wconf 79' lang='grc' dir='ltr'>προσαγηοχότες</span> <span class='ocrx_word' id='word_1_671' title='bbox 2783 3639 2884 3711; x_wconf 80' lang='grc' dir='ltr'>τὴν</span> <span class='ocrx_word' id='word_1_672' title='bbox 2926 3639 3248 3712; x_wconf 71' lang='grc' dir='ltr'>πρέπουσαν</span> <span class='ocrx_word' id='word_1_673' title='bbox 3273 3641 3501 3703; x_wconf 79' lang='grc' dir='ltr'>αῖνεσιν,</span> <span class='ocrx_word' id='word_1_674' title='bbox 3526 3640 3744 3714; x_wconf 70' lang='grc' dir='ltr'>ᾐτησά-</span> 
     </span>
    </p>
   </div>
   <div class='ocr_carea' id='block_1_97' title="bbox 2161 3730 3745 3804">
    <p class='ocr_par' dir='ltr' id='par_1_97' title="bbox 2161 3730 3745 3804">
     <span class='ocr_line' id='line_1_97' title="bbox 2161 3730 3745 3804; baseline 0.003 -18"><span class='ocrx_word' id='word_1_675' title='bbox 2161 3730 2305 3803; x_wconf 84' lang='grc' dir='ltr'>μεθα</span> <span class='ocrx_word' id='word_1_676' title='bbox 2334 3730 2436 3802; x_wconf 76' lang='grc' dir='ltr'>τὴν</span> <span class='ocrx_word' id='word_1_677' title='bbox 2468 3731 2636 3785; x_wconf 79' lang='grc' dir='ltr'>αὐτοῦ</span> <span class='ocrx_word' id='word_1_678' title='bbox 2677 3731 2915 3797; x_wconf 76' lang='grc' dir='ltr'>ἐκτενῶς</span> <span class='ocrx_word' id='word_1_679' title='bbox 2958 3731 3268 3804; x_wconf 84' lang='grc' dir='ltr'>ἀγαθότητα</span> <span class='ocrx_word' id='word_1_680' title='bbox 3296 3732 3404 3788; x_wconf 88' lang='grc' dir='ltr'><strong>τῶν</strong></span> <span class='ocrx_word' id='word_1_681' title='bbox 3441 3733 3745 3804; x_wconf 71' lang='grc' dir='ltr'>ὲλαχίστωθ</span> 
     </span>
    </p>
   </div>
   <div class='ocr_carea' id='block_1_98' title="bbox 2155 3822 3742 3899">
    <p class='ocr_par' dir='ltr' id='par_1_98' title="bbox 2155 3822 3742 3899">
     <span class='ocr_line' id='line_1_98' title="bbox 2155 3822 3742 3899; baseline 0.004 -23"><span class='ocrx_word' id='word_1_682' title='bbox 2155 3822 2315 3895; x_wconf 76' lang='grc' dir='ltr'>ἡμῶν</span> <span class='ocrx_word' id='word_1_683' title='bbox 2365 3822 2621 3893; x_wconf 74' lang='grc' dir='ltr'>γενέσθαι</span> <span class='ocrx_word' id='word_1_684' title='bbox 2651 3827 2710 3879; x_wconf 78' lang='grc' dir='ltr'>ὲν</span> <span class='ocrx_word' id='word_1_685' title='bbox 2754 3823 2930 3896; x_wconf 82' lang='grc' dir='ltr'>μέσῳ,</span> <span class='ocrx_word' id='word_1_686' title='bbox 2981 3825 3080 3880; x_wconf 68' lang='grc' dir='ltr'>καὶ</span> <span class='ocrx_word' id='word_1_687' title='bbox 3118 3825 3209 3881; x_wconf 82' lang='grc' dir='ltr'><strong>διὰ</strong></span> <span class='ocrx_word' id='word_1_688' title='bbox 3233 3826 3552 3899; x_wconf 83' lang='grc' dir='ltr'>Πνεύματος</span> <span class='ocrx_word' id='word_1_689' title='bbox 3579 3827 3742 3896; x_wconf 66' lang='grc' dir='ltr'>ἁγίου</span> 
     </span>
    </p>
   </div>
   <div class='ocr_carea' id='block_1_99' title="bbox 2157 3912 3745 3989">
    <p class='ocr_par' dir='ltr' id='par_1_99' title="bbox 2157 3912 3745 3989">
     <span class='ocr_line' id='line_1_99' title="bbox 2157 3912 3745 3989; baseline 0.003 -22"><span class='ocrx_word' id='word_1_690' title='bbox 2157 3912 2464 3986; x_wconf 78' lang='grc' dir='ltr'>ἐπιλάμψαι</span> <span class='ocrx_word' id='word_1_691' title='bbox 2498 3913 2614 3986; x_wconf 78' lang='grc' dir='ltr'><strong>φῶς</strong></span> <span class='ocrx_word' id='word_1_692' title='bbox 2640 3913 2897 3985; x_wconf 86' lang='grc' dir='ltr'>γνώσεως</span> <span class='ocrx_word' id='word_1_693' title='bbox 2923 3916 2982 3970; x_wconf 72' lang='grc' dir='ltr'>ὲν</span> <span class='ocrx_word' id='word_1_694' title='bbox 3009 3917 3128 3980; x_wconf 81' lang='grc' dir='ltr'>ταῖς</span> <span class='ocrx_word' id='word_1_695' title='bbox 3156 3916 3408 3989; x_wconf 78' lang='grc' dir='ltr'>καρδίαις</span> <span class='ocrx_word' id='word_1_696' title='bbox 3435 3915 3615 3988; x_wconf 73' lang='grc' dir='ltr'>ἡμῶν,</span> <span class='ocrx_word' id='word_1_697' title='bbox 3644 3919 3745 3972; x_wconf 80' lang='grc' dir='ltr'><strong>καὶ</strong></span> 
     </span>
    </p>
   </div>
   <div class='ocr_carea' id='block_1_100' title="bbox 2157 4005 3740 4080">
    <p class='ocr_par' dir='ltr' id='par_1_100' title="bbox 2157 4005 3740 4080">
     <span class='ocr_line' id='line_1_100' title="bbox 2157 4005 3740 4080; baseline 0.003 -20"><span class='ocrx_word' id='word_1_698' title='bbox 2157 4005 2523 4076; x_wconf 78' lang='grc' dir='ltr'>κοινωφελοῦς</span> <span class='ocrx_word' id='word_1_699' title='bbox 2545 4005 2742 4079; x_wconf 80' lang='grc' dir='ltr'>βουλῆς</span> <span class='ocrx_word' id='word_1_700' title='bbox 2769 4006 3100 4080; x_wconf 83' lang='grc' dir='ltr'>χαρίσασθαι</span> <span class='ocrx_word' id='word_1_701' title='bbox 3126 4006 3380 4079; x_wconf 78' lang='grc' dir='ltr'>δύναμιν,</span> <span class='ocrx_word' id='word_1_702' title='bbox 3403 4012 3498 4064; x_wconf 79' lang='grc' dir='ltr'>καὶ</span> <span class='ocrx_word' id='word_1_703' title='bbox 3527 4009 3740 4074; x_wconf 80' lang='grc' dir='ltr'>ἐννοίας</span> 
     </span>
    </p>
   </div>
   <div class='ocr_carea' id='block_1_101' title="bbox 2153 4097 3742 4175">
    <p class='ocr_par' dir='ltr' id='par_1_101' title="bbox 2153 4097 3742 4175">
     <span class='ocr_line' id='line_1_101' title="bbox 2153 4097 3742 4175; baseline 0.001 -21"><span class='ocrx_word' id='word_1_704' title='bbox 2153 4097 2366 4167; x_wconf 75' lang='grc' dir='ltr'>ἀγαθὰς</span> <span class='ocrx_word' id='word_1_705' title='bbox 2399 4098 2538 4172; x_wconf 77' lang='grc' dir='ltr'>πρὸς</span> <span class='ocrx_word' id='word_1_706' title='bbox 2576 4099 2884 4172; x_wconf 81' lang='grc' dir='ltr'>περαίωσιν</span> <span class='ocrx_word' id='word_1_707' title='bbox 2925 4099 3024 4172; x_wconf 82' lang='grc' dir='ltr'>τῆς</span> <span class='ocrx_word' id='word_1_708' title='bbox 3065 4099 3298 4172; x_wconf 81' lang='grc' dir='ltr'>ἀρίστης</span> <span class='ocrx_word' id='word_1_709' title='bbox 3330 4100 3487 4173; x_wconf 82' lang='grc' dir='ltr'>ὑμῶν</span> <span class='ocrx_word' id='word_1_710' title='bbox 3534 4101 3742 4175; x_wconf 85' lang='grc' dir='ltr'>προθέ-</span> 
     </span>
    </p>
   </div>
   <div class='ocr_carea' id='block_1_102' title="bbox 2155 4189 3745 4265">
    <p class='ocr_par' dir='ltr' id='par_1_102' title="bbox 2155 4189 3745 4265">
     <span class='ocr_line' id='line_1_102' title="bbox 2155 4189 3745 4265; baseline 0.003 -22"><span class='ocrx_word' id='word_1_711' title='bbox 2155 4206 2324 4255; x_wconf 85' lang='grc' dir='ltr'>σεως·</span> <span class='ocrx_word' id='word_1_712' title='bbox 2351 4189 2380 4244; x_wconf 80' lang='grc' dir='ltr'><strong>ὃ</strong></span> <span class='ocrx_word' id='word_1_713' title='bbox 2411 4190 2476 4262; x_wconf 80' lang='grc' dir='ltr'>δὴ</span> <span class='ocrx_word' id='word_1_714' title='bbox 2513 4192 2606 4247; x_wconf 74' lang='grc' dir='ltr'>καὶ</span> <span class='ocrx_word' id='word_1_715' title='bbox 2636 4190 2893 4264; x_wconf 75' lang='grc' dir='ltr'>ἐποίησεν</span> <span class='ocrx_word' id='word_1_716' title='bbox 2935 4190 3139 4263; x_wconf 78' lang='grc' dir='ltr'>ἀγαθὸς</span> <span class='ocrx_word' id='word_1_717' title='bbox 3174 4189 3253 4247; x_wconf 79' lang='grc' dir='ltr'>ὣν</span> <span class='ocrx_word' id='word_1_718' title='bbox 3295 4191 3393 4248; x_wconf 78' lang='grc' dir='ltr'>καὶ</span> <span class='ocrx_word' id='word_1_719' title='bbox 3430 4191 3745 4265; x_wconf 74' lang='grc' dir='ltr'>φιλάνθρω-</span> 
     </span>
    </p>
   </div>
   <div class='ocr_carea' id='block_1_103' title="bbox 2079 4300 2273 4393">
    <p class='ocr_par' dir='ltr' id='par_1_103' title="bbox 2079 4300 2273 4393">
     <span class='ocr_line' id='line_1_103' title="bbox 2079 4300 2273 4393; baseline 0 0"><span class='ocrx_word' id='word_1_720' title='bbox 2079 4300 2273 4393; x_wconf 60' lang='grc' dir='ltr'>οπ⁰ς’</span> 
     </span>
    </p>
   </div>
   <div class='ocr_carea' id='block_1_104' title="bbox 2218 4469 3736 4555">
    <p class='ocr_par' dir='ltr' id='par_1_104' title="bbox 2218 4469 3736 4555">
     <span class='ocr_line' id='line_1_104' title="bbox 2218 4469 3736 4555; baseline 0.003 -29"><span class='ocrx_word' id='word_1_721' title='bbox 2218 4470 2542 4542; x_wconf 78' lang='grc' dir='ltr'>Συνείδομεν</span> <span class='ocrx_word' id='word_1_722' title='bbox 2580 4469 2895 4542; x_wconf 80' lang='grc' dir='ltr'>τοιγαροῦν,</span> <span class='ocrx_word' id='word_1_723' title='bbox 2926 4469 3229 4542; x_wconf 80' lang='grc' dir='ltr'>ἁγιώτατοι</span> <span class='ocrx_word' id='word_1_724' title='bbox 3248 4512 3262 4540; x_wconf 92' lang='grc'><strong>,</strong></span> <span class='ocrx_word' id='word_1_725' title='bbox 3297 4472 3392 4528; x_wconf 85' lang='grc' dir='ltr'><strong>τοῦ</strong></span> <span class='ocrx_word' id='word_1_726' title='bbox 3421 4475 3621 4555; x_wconf 56' lang='grc' dir='ltr'>μιαροῦ</span> <span class='ocrx_word' id='word_1_727' title='bbox 3643 4495 3736 4546; x_wconf 81' lang='grc' dir='ltr'>γι-</span> 
     </span>
    </p>
   </div>
   <div class='ocr_carea' id='block_1_105' title="bbox 2145 4560 3738 4638">
    <p class='ocr_par' dir='ltr' id='par_1_105' title="bbox 2145 4560 3738 4638">
     <span class='ocr_line' id='line_1_105' title="bbox 2145 4560 3738 4638; baseline 0.001 -18"><span class='ocrx_word' id='word_1_728' title='bbox 2145 4564 2448 4628; x_wconf 82' lang='grc' dir='ltr'>νώσκοντες</span> <span class='ocrx_word' id='word_1_729' title='bbox 2466 4560 2656 4625; x_wconf 78' lang='grc' dir='ltr'>ἔθνους</span> <span class='ocrx_word' id='word_1_730' title='bbox 2681 4561 2783 4635; x_wconf 81' lang='grc' dir='ltr'>τὴν</span> <span class='ocrx_word' id='word_1_731' title='bbox 2816 4561 2894 4626; x_wconf 83' lang='grc' dir='ltr'><strong>ὡς</strong></span> <span class='ocrx_word' id='word_1_732' title='bbox 2930 4563 3081 4633; x_wconf 76' lang='grc' dir='ltr'>ἡμᾶς</span> <span class='ocrx_word' id='word_1_733' title='bbox 3121 4563 3428 4636; x_wconf 84' lang='grc' dir='ltr'>ἀπέχθειαν</span> <span class='ocrx_word' id='word_1_734' title='bbox 3445 4606 3460 4631; x_wconf 87' lang='lat'><strong>,</strong></span> <span class='ocrx_word' id='word_1_735' title='bbox 3483 4566 3738 4638; x_wconf 71' lang='grc' dir='ltr'>ἐπισχεῖν</span> 
     </span>
    </p>
   </div>
   <div class='ocr_carea' id='block_1_106' title="bbox 2145 4651 3738 4735">
    <p class='ocr_par' dir='ltr' id='par_1_106' title="bbox 2145 4651 3738 4735">
     <span class='ocr_line' id='line_1_106' title="bbox 2145 4651 3738 4735; baseline 0.001 -26"><span class='ocrx_word' id='word_1_736' title='bbox 2145 4655 2274 4718; x_wconf 75' lang='grc' dir='ltr'>τοὺς</span> <span class='ocrx_word' id='word_1_737' title='bbox 2300 4651 2742 4717; x_wconf 78' lang='grc' dir='ltr'>ἀποσταλέντας,</span> <span class='ocrx_word' id='word_1_738' title='bbox 2793 4654 2893 4707; x_wconf 75' lang='grc' dir='ltr'>καὶ</span> <span class='ocrx_word' id='word_1_739' title='bbox 2940 4653 3189 4708; x_wconf 86' lang='grc' dir='ltr'>κωλῦσαι</span> <span class='ocrx_word' id='word_1_740' title='bbox 3227 4657 3595 4735; x_wconf 72' lang='grc' dir='ltr'>προσεγγίσαι</span> <span class='ocrx_word' id='word_1_741' title='bbox 3619 4661 3738 4722; x_wconf 83' lang='grc' dir='ltr'>τοῖς</span> 
     </span>
    </p>
   </div>
   <div class='ocr_carea' id='block_1_107' title="bbox 2110 4741 3736 4818">
    <p class='ocr_par' dir='ltr' id='par_1_107' title="bbox 2110 4741 3736 4818">
     <span class='ocr_line' id='line_1_107' title="bbox 2110 4741 3736 4818; baseline 0.003 -21"><span class='ocrx_word' id='word_1_742' title='bbox 2110 4805 2115 4810; x_wconf 19' lang='grc' dir='ltr'><strong>Α</strong></span> <span class='ocrx_word' id='word_1_743' title='bbox 2146 4747 2288 4816; x_wconf 64' lang='grc' dir='ltr'>πρδις</span> <span class='ocrx_word' id='word_1_744' title='bbox 2317 4741 2412 4807; x_wconf 78' lang='grc' dir='ltr'><strong>οῦς</strong></span> <span class='ocrx_word' id='word_1_745' title='bbox 2467 4742 2861 4814; x_wconf 76' lang='grc' dir='ltr'>ἀπεστάλησαν</span> <span class='ocrx_word' id='word_1_746' title='bbox 2882 4784 2899 4809; x_wconf 92' lang='grc'><strong>,</strong></span> <span class='ocrx_word' id='word_1_747' title='bbox 2931 4744 3242 4814; x_wconf 81' lang='grc' dir='ltr'>ἀγαγόντες</span> <span class='ocrx_word' id='word_1_748' title='bbox 3299 4745 3499 4810; x_wconf 79' lang='grc' dir='ltr'>αὐτοὺς</span> <span class='ocrx_word' id='word_1_749' title='bbox 3559 4748 3736 4818; x_wconf 86' lang='grc' dir='ltr'>μέσον</span> 
     </span>
    </p>
   </div>
   <div class='ocr_carea' id='block_1_108' title="bbox 2146 4831 3732 4907">
    <p class='ocr_par' dir='ltr' id='par_1_108' title="bbox 2146 4831 3732 4907">
     <span class='ocr_line' id='line_1_108' title="bbox 2146 4831 3732 4907; baseline 0.006 -22"><span class='ocrx_word' id='word_1_750' title='bbox 2146 4831 2322 4904; x_wconf 79' lang='grc' dir='ltr'>ἡμῶν,</span> <span class='ocrx_word' id='word_1_751' title='bbox 2350 4832 2445 4887; x_wconf 77' lang='grc' dir='ltr'>καὶ</span> <span class='ocrx_word' id='word_1_752' title='bbox 2475 4832 2905 4905; x_wconf 85' lang='grc' dir='ltr'>νουθετήσαντες</span> <span class='ocrx_word' id='word_1_753' title='bbox 2934 4834 3164 4889; x_wconf 85' lang='grc' dir='ltr'>πλεῖστα</span> <span class='ocrx_word' id='word_1_754' title='bbox 3193 4834 3268 4907; x_wconf 78' lang='grc' dir='ltr'>μὴ</span> <span class='ocrx_word' id='word_1_755' title='bbox 3299 4836 3603 4906; x_wconf 77' lang='grc' dir='ltr'>ἐπαγαγεῖν</span> <span class='ocrx_word' id='word_1_756' title='bbox 3631 4841 3732 4894; x_wconf 83' lang='grc' dir='ltr'><strong>τά-</strong></span> 
     </span>
    </p>
   </div>
   <div class='ocr_carea' id='block_1_109' title="bbox 2147 4922 3733 5002">
    <p class='ocr_par' dir='ltr' id='par_1_109' title="bbox 2147 4922 3733 5002">
     <span class='ocr_line' id='line_1_109' title="bbox 2147 4922 3733 5002; baseline 0.004 -24"><span class='ocrx_word' id='word_1_757' title='bbox 2147 4940 2333 4995; x_wconf 80' lang='grc' dir='ltr'>ραχον,</span> <span class='ocrx_word' id='word_1_758' title='bbox 2370 4922 2573 4995; x_wconf 79' lang='grc' dir='ltr'>μᾶλλον</span> <span class='ocrx_word' id='word_1_759' title='bbox 2625 4923 2682 4978; x_wconf 79' lang='grc' dir='ltr'>δὲ</span> <span class='ocrx_word' id='word_1_760' title='bbox 2723 4925 2900 4978; x_wconf 81' lang='grc' dir='ltr'>εἰπεῖν</span> <span class='ocrx_word' id='word_1_761' title='bbox 2949 4924 3171 4997; x_wconf 76' lang='grc' dir='ltr'>ὄλεθρον</span> <span class='ocrx_word' id='word_1_762' title='bbox 3213 4922 3546 5000; x_wconf 71' lang='grc' dir='ltr'>οἰκειότερον</span> <span class='ocrx_word' id='word_1_763' title='bbox 3594 4932 3733 5002; x_wconf 64' lang='grc' dir='ltr'>ἠρε-</span> 
     </span>
    </p>
   </div>
   <div class='ocr_carea' id='block_1_110' title="bbox 2148 5018 3730 5096">
    <p class='ocr_par' dir='ltr' id='par_1_110' title="bbox 2148 5018 3730 5096">
     <span class='ocr_line' id='line_1_110' title="bbox 2148 5018 3730 5096; baseline 0.003 -23"><span class='ocrx_word' id='word_1_764' title='bbox 2148 5021 2376 5092; x_wconf 77' lang='grc' dir='ltr'>μούσαις</span> <span class='ocrx_word' id='word_1_765' title='bbox 2400 5019 2496 5073; x_wconf 75' lang='grc' dir='ltr'>καὶ</span> <span class='ocrx_word' id='word_1_766' title='bbox 2532 5018 2671 5074; x_wconf 83' lang='grc' dir='ltr'>Θεοῦ</span> <span class='ocrx_word' id='word_1_767' title='bbox 2695 5020 2884 5092; x_wconf 85' lang='grc' dir='ltr'>χάριτι</span> <span class='ocrx_word' id='word_1_768' title='bbox 2911 5020 3730 5096; x_wconf 82' lang='grc' dir='ltr'>είρηνευούσαιςἘκκλησίαις,</span> 
     </span>
    </p>
   </div>
   <div class='ocr_carea' id='block_1_111' title="bbox 2145 5111 3733 5186">
    <p class='ocr_par' dir='ltr' id='par_1_111' title="bbox 2145 5111 3733 5186">
     <span class='ocr_line' id='line_1_111' title="bbox 2145 5111 3733 5186; baseline 0.003 -20"><span class='ocrx_word' id='word_1_769' title='bbox 2145 5113 2242 5167; x_wconf 76' lang='grc' dir='ltr'>καὶ</span> <span class='ocrx_word' id='word_1_770' title='bbox 2284 5111 2400 5184; x_wconf 81' lang='grc' dir='ltr'><strong>λαῷ</strong></span> <span class='ocrx_word' id='word_1_771' title='bbox 2458 5112 2900 5186; x_wconf 83' lang='grc' dir='ltr'>ταλαιπωροῦντι</span> <span class='ocrx_word' id='word_1_772' title='bbox 2936 5113 3186 5178; x_wconf 84' lang='grc' dir='ltr'>δουλείας</span> <span class='ocrx_word' id='word_1_773' title='bbox 3227 5115 3380 5184; x_wconf 81' lang='grc' dir='ltr'>ζυγῷ</span> <span class='ocrx_word' id='word_1_774' title='bbox 3396 5117 3545 5182; x_wconf 71' lang='grc' dir='ltr'>,ικαὶ</span> <span class='ocrx_word' id='word_1_775' title='bbox 3601 5116 3733 5170; x_wconf 77' lang='grc' dir='ltr'>δυσο</span> 
     </span>
    </p>
   </div>
   <div class='ocr_carea' id='block_1_112' title="bbox 2143 5205 3729 5282">
    <p class='ocr_par' dir='ltr' id='par_1_112' title="bbox 2143 5205 3729 5282">
     <span class='ocr_line' id='line_1_112' title="bbox 2143 5205 3729 5282; baseline 0.004 -23"><span class='ocrx_word' id='word_1_776' title='bbox 2143 5205 2375 5260; x_wconf 80' lang='grc' dir='ltr'>εκτίτων</span> <span class='ocrx_word' id='word_1_777' title='bbox 2401 5205 2586 5282; x_wconf 81' lang='grc' dir='ltr'>φόρων</span> <span class='ocrx_word' id='word_1_778' title='bbox 2603 5206 2912 5279; x_wconf 84' lang='grc' dir='ltr'>πιεζομένῳ</span> <span class='ocrx_word' id='word_1_779' title='bbox 2928 5207 3198 5280; x_wconf 72' lang='grc' dir='ltr'>ἐπαγωγῇ</span> <span class='ocrx_word' id='word_1_780' title='bbox 3216 5225 3231 5240; x_wconf 71' lang='grc' dir='ltr'><strong>ο</strong></span> <span class='ocrx_word' id='word_1_781' title='bbox 3249 5210 3296 5262; x_wconf 84' lang='lat' dir='ltr'><strong>oi</strong></span> <span class='ocrx_word' id='word_1_782' title='bbox 3313 5209 3370 5263; x_wconf 78' lang='grc' dir='ltr'>δὲ</span> <span class='ocrx_word' id='word_1_783' title='bbox 3384 5210 3696 5282; x_wconf 82' lang='grc' dir='ltr'>δυσανασχε</span> <span class='ocrx_word' id='word_1_784' title='bbox 3708 5243 3729 5255; x_wconf 87' lang='lat'><strong>-</strong></span> 
     </span>
    </p>
   </div>
   <div class='ocr_carea' id='block_1_113' title="bbox 2143 5280 3731 5372">
    <p class='ocr_par' dir='ltr' id='par_1_113' title="bbox 2143 5280 3731 5372">
     <span class='ocr_line' id='line_1_113' title="bbox 2143 5280 3731 5372; baseline 0.002 -21"><span class='ocrx_word' id='word_1_785' title='bbox 2143 5296 2364 5360; x_wconf 84' lang='grc' dir='ltr'>τοῦντες</span> <span class='ocrx_word' id='word_1_786' title='bbox 2387 5280 2599 5368; x_wconf 75' lang='grc' dir='ltr'>ἔλεγον,</span> <span class='ocrx_word' id='word_1_787' title='bbox 2634 5297 2713 5362; x_wconf 83' lang='grc' dir='ltr'>ὡς</span> <span class='ocrx_word' id='word_1_788' title='bbox 2763 5299 2846 5362; x_wconf 79' lang='grc' dir='ltr'><strong>εἰς</strong></span> <span class='ocrx_word' id='word_1_789' title='bbox 2877 5295 3038 5352; x_wconf 91' lang='grc' dir='ltr'>τοῦτο</span> <span class='ocrx_word' id='word_1_790' title='bbox 3086 5297 3500 5371; x_wconf 82' lang='grc' dir='ltr'>ἀπεστάλημεν,</span> <span class='ocrx_word' id='word_1_791' title='bbox 3549 5280 3731 5372; x_wconf 73' lang='grc' dir='ltr'>παραε-</span> 
     </span>
    </p>
   </div>
   <div class='ocr_carea' id='block_1_114' title="bbox 2141 5386 3730 5463">
    <p class='ocr_par' dir='ltr' id='par_1_114' title="bbox 2141 5386 3730 5463">
     <span class='ocr_line' id='line_1_114' title="bbox 2141 5386 3730 5463; baseline 0.003 -21"><span class='ocrx_word' id='word_1_792' title='bbox 2141 5387 2323 5444; x_wconf 85' lang='grc' dir='ltr'>δοῦναι</span> <span class='ocrx_word' id='word_1_793' title='bbox 2347 5388 2446 5452; x_wconf 82' lang='grc' dir='ltr'><strong>τὰς</strong></span> <span class='ocrx_word' id='word_1_794' title='bbox 2475 5387 2688 5443; x_wconf 78' lang='grc' dir='ltr'>ἑαυτῶν</span> <span class='ocrx_word' id='word_1_795' title='bbox 2703 5386 2796 5452; x_wconf 76' lang='grc' dir='ltr'><strong>Εἰς</strong></span> <span class='ocrx_word' id='word_1_796' title='bbox 2827 5387 3055 5444; x_wconf 79' lang='grc' dir='ltr'>θάνατον</span> <span class='ocrx_word' id='word_1_797' title='bbox 3073 5389 3254 5461; x_wconf 70' lang='grc' dir='ltr'>ψυχὰς</span> <span class='ocrx_word' id='word_1_798' title='bbox 3287 5390 3428 5463; x_wconf 79' lang='grc' dir='ltr'>ὑπὲρ</span> <span class='ocrx_word' id='word_1_799' title='bbox 3460 5389 3564 5460; x_wconf 82' lang='grc' dir='ltr'>τῆς</span> <span class='ocrx_word' id='word_1_800' title='bbox 3603 5392 3730 5446; x_wconf 81' lang='grc' dir='ltr'><strong>Ἐκ·-</strong></span> 
     </span>
    </p>
   </div>
   <div class='ocr_carea' id='block_1_115' title="bbox 2148 5478 3729 5555">
    <p class='ocr_par' dir='ltr' id='par_1_115' title="bbox 2148 5478 3729 5555">
     <span class='ocr_line' id='line_1_115' title="bbox 2148 5478 3729 5555; baseline 0.003 -23"><span class='ocrx_word' id='word_1_801' title='bbox 2148 5478 2402 5546; x_wconf 84' lang='grc' dir='ltr'>κλησίας,</span> <span class='ocrx_word' id='word_1_802' title='bbox 2437 5481 2533 5534; x_wconf 74' lang='grc' dir='ltr'><strong>καὶ</strong></span> <span class='ocrx_word' id='word_1_803' title='bbox 2556 5480 2658 5552; x_wconf 84' lang='grc' dir='ltr'>τὴν</span> <span class='ocrx_word' id='word_1_804' title='bbox 2697 5479 2958 5552; x_wconf 74' lang='grc' dir='ltr'>πρόθεσιν</span> <span class='ocrx_word' id='word_1_805' title='bbox 2987 5480 3082 5536; x_wconf 88' lang='grc' dir='ltr'><strong>τοῦ</strong></span> <span class='ocrx_word' id='word_1_806' title='bbox 3107 5480 3415 5551; x_wconf 83' lang='grc' dir='ltr'>ἀγιωτάτου</span> <span class='ocrx_word' id='word_1_807' title='bbox 3446 5482 3729 5555; x_wconf 79' lang='grc' dir='ltr'>πατριάρ-</span> 
     </span>
    </p>
   </div>
   <div class='ocr_carea' id='block_1_116' title="bbox 2145 5569 3725 5642">
    <p class='ocr_par' dir='ltr' id='par_1_116' title="bbox 2145 5569 3725 5642">
     <span class='ocr_line' id='line_1_116' title="bbox 2145 5569 3725 5642; baseline 0.005 -22"><span class='ocrx_word' id='word_1_808' title='bbox 2145 5586 2242 5639; x_wconf 79' lang='grc' dir='ltr'><strong>χου</strong></span> <span class='ocrx_word' id='word_1_809' title='bbox 2277 5570 2372 5623; x_wconf 72' lang='grc' dir='ltr'>καὶ</span> <span class='ocrx_word' id='word_1_810' title='bbox 2401 5569 2508 5623; x_wconf 87' lang='grc' dir='ltr'><strong>τῶν</strong></span> <span class='ocrx_word' id='word_1_811' title='bbox 2553 5569 2794 5624; x_wconf 70' lang='grc' dir='ltr'>εὐσεϐῶν</span> <span class='ocrx_word' id='word_1_812' title='bbox 2843 5569 3111 5641; x_wconf 81' lang='grc' dir='ltr'>βασιλέων</span> <span class='ocrx_word' id='word_1_813' title='bbox 3138 5572 3220 5636; x_wconf 85' lang='grc' dir='ltr'><strong>είς</strong></span> <span class='ocrx_word' id='word_1_814' title='bbox 3258 5570 3434 5642; x_wconf 85' lang='grc' dir='ltr'>πέρας</span> <span class='ocrx_word' id='word_1_815' title='bbox 3466 5573 3725 5640; x_wconf 82' lang='grc' dir='ltr'>ἀγαγεῖν.</span> 
     </span>
    </p>
   </div>
   <div class='ocr_carea' id='block_1_117' title="bbox 540 5743 3605 5829">
    <p class='ocr_par' dir='ltr' id='par_1_117' title="bbox 540 5743 3605 5829">
     <span class='ocr_line' id='line_1_117' title="bbox 540 5743 3605 5829; baseline 0 -27"><span class='ocrx_word' id='word_1_816' title='bbox 540 5744 587 5779; x_wconf 69' lang='grc'><em>⁸⁸</em></span> <span class='ocrx_word' id='word_1_817' title='bbox 617 5745 776 5802; x_wconf 81' lang='lat' dir='ltr'><strong>Prov.</strong></span> <span class='ocrx_word' id='word_1_818' title='bbox 831 5765 887 5815; x_wconf 81' lang='grc' dir='ltr'><strong>ιι,</strong></span> <span class='ocrx_word' id='word_1_819' title='bbox 929 5747 1010 5802; x_wconf 86' lang='lat' dir='ltr'><strong>ll.</strong></span> <span class='ocrx_word' id='word_1_820' title='bbox 1090 5746 1135 5776; x_wconf 79' lang='lat'><strong>&quot;‘</strong></span> <span class='ocrx_word' id='word_1_821' title='bbox 1159 5746 1252 5801; x_wconf 81' lang='lat' dir='ltr'><strong>Gr.</strong></span> <span class='ocrx_word' id='word_1_822' title='bbox 1309 5745 1476 5814; x_wconf 80' lang='lat' dir='ltr'><strong>addit,</strong></span> <span class='ocrx_word' id='word_1_823' title='bbox 1502 5764 1554 5829; x_wconf 70' lang='lat' dir='ltr'><strong>_t_</strong></span> <span class='ocrx_word' id='word_1_824' title='bbox 1577 5746 1814 5804; x_wconf 77' lang='lat' dir='ltr'><strong>maxime</strong></span> <span class='ocrx_word' id='word_1_825' title='bbox 1847 5743 2095 5803; x_wconf 84' lang='lat' dir='ltr'><strong>horribili</strong></span> <span class='ocrx_word' id='word_1_826' title='bbox 2134 5762 2178 5800; x_wconf 76' lang='grc' dir='ltr'>ι,</span> <span class='ocrx_word' id='word_1_827' title='bbox 2207 5745 2352 5816; x_wconf 80' lang='lat' dir='ltr'><strong>quod</strong></span> <span class='ocrx_word' id='word_1_828' title='bbox 2385 5745 2552 5802; x_wconf 87' lang='lat' dir='ltr'><strong>ctiam</strong></span> <span class='ocrx_word' id='word_1_829' title='bbox 2583 5743 2861 5816; x_wconf 77' lang='lat' dir='ltr'><strong>epitheton</strong></span> <span class='ocrx_word' id='word_1_830' title='bbox 2889 5743 3085 5817; x_wconf 78' lang='lat' dir='ltr'><strong>legitur</strong></span> <span class='ocrx_word' id='word_1_831' title='bbox 3124 5744 3179 5801; x_wconf 88' lang='lat' dir='ltr'><strong>iu</strong></span> <span class='ocrx_word' id='word_1_832' title='bbox 3215 5760 3320 5804; x_wconf 85' lang='lat' dir='ltr'><strong>ms.</strong></span> <span class='ocrx_word' id='word_1_833' title='bbox 3350 5743 3605 5817; x_wconf 77' lang='lat' dir='ltr'><strong>Jolyano.</strong></span> 
     </span>
    </p>
   </div>
  </div>
