4090 6286
374 348 512 416 1473

1707 409 1712 414 .
1803 352 2207 416 EPISTOLE.

3516 352 3648 416 ίξῗί

391 469 532 525 Ἀλλ’
565 469 613 522 εί
639 467 736 540 μὲν
765 468 842 532 εἰς
863 469 960 533 τὰς
987 469 1156 540 ἠμετέ
1169 478 1268 539 ρας
1296 467 1390 520 καὶ
1419 469 1582 539 μόνον
1600 467 1797 538 ψυχὰς,
1829 469 1960 538 ἔφη·

2068 472 2117 526 in
2163 472 2355 544 linem;
2390 470 2494 526 Sed
2520 473 2567 527 si
2617 471 2668 526 iu
2709 481 2920 526 vestias
2974 471 3356 526 tantummodo
3415 471 3650 530 animus,

376 577 477 632 μεν
529 561 668 630 πρὸς
727 561 953 625 αὐτοὺς,
989 563 1308 631 συνηντείτο
1369 561 1399 614 ό
1423 559 1691 626 κίνδυνος,
1717 555 1864 630 εἶχεν
1894 559 1959 613 ἂν

371 654 400 706 ό
430 653 590 722 λόγος
619 651 775 720 ὑμῶν
825 651 886 704 τὸ
928 651 1148 722 βέϐαιον
1177 669 1192 683 ’
1231 651 1358 704 ἐπεὶ
1389 651 1446 704 δὲ
1487 649 1631 704 κατά
1657 650 1838 704 κοινοῦ
1865 649 1960 703 τοῦ

373 741 824 814 τῆςἙκκλησίας
853 744 1186 816 προέρχεται
1209 743 1482 814 σώματος,
1505 742 1634 796 ποία
1665 742 1818 796 ἔσται
1841 742 1963 812 6w,-

377 853 503 902 σις;
541 835 746 906 μᾶλλον
811 835 869 889 δὲ
899 837 1050 890 ποῖον
1077 837 1178 889 οὐκ
1201 835 1357 888 ἔσται
1395 833 1614 906 βλάϐος,
1667 835 1850 888 κτίσαι
1879 835 1963 886 0E-

374 925 610 998 κοδομὴν
661 925 984 999 ἐπίσαθρον,
1015 926 1110 980 καὶ
1139 925 1372 998 στερροῦ
1404 926 1658 996 θεμελίου
1692 925 1965 999 χηρεύου-

376 1035 514 1083 trav;
555 1019 650 1070 καὶ
706 1017 844 1082 πῶς,
865 1017 1075 1086 ελεγον,
1109 1017 1142 1088 ἢ
1185 1017 1325 1088 ποίῳ
1372 1017 1650 1088 προσώπῳ
1675 1017 1812 1088 πρὸς
1839 1017 1966 1079 τοὺς

375 1109 795 1173 ἀπεσταλκότας
842 1111 991 1182 ἡμᾶς
1023 1109 1368 1180 ἐπανήξομεν
1393 1149 1407 1173 ,
1435 1109 1828 1180 ἐπιφερόμενοι
1860 1125 1966 1179 μη-

373 1201 464 1254 δὲν
519 1202 630 1254 τῶν
683 1201 828 1255 κατά
891 1200 1118 1271 γνώμην
1152 1201 1338 1264 αὐτοῖς
1371 1199 1748 1270 ἐλπιζομένων
1774 1217 1790 1264 ;
1819 1199 1965 1269 Πρὸς

374 1291 546 1346 ταῦτα
563 1292 904 1362 ὴπορηκότες
917 1293 1078 1364 ἡμεῖς
1095 1291 1457 1362 γινώσκοντες
1480 1309 1540 1346 τε
1554 1293 1676 1354 τοὺς
1699 1291 1968 1360 θεοφιλεῖς

376 1383 638 1452 ἀδελφοὺς
663 1384 822 1453 ἡμῶν
861 1385 1120 1456 Ἰωάννην
1153 1384 1250 1438 καὶ
1279 1385 1483 1454 Θωμᾶν
1515 1382 1664 1455 ζήλῳ
1709 1383 1837 1455 θείῳ
1865 1387 1967 1456 τῆς

375 1473 661 1542 ὀρθοδόξου
711 1476 1168 1548 κεκοσμημένους
1220 1476 1485 1543 πίστεως,
1513 1476 1609 1529 δύο
1667 1476 1838 1549 ἁγίων
1871 1478 1967 1529 καὶ

379 1561 634 1633 μεγάλων
687 1556 1046 1634 πατριαρχῶν
1085 1565 1406 1636 δμοψύχους
1447 1563 1781 1633 συγκέλλους
1809 1581 1966 1634 γενο-

380 1653 598 1724 μένους,
633 1655 695 1709 ού
733 1655 842 1726 μὴν
871 1653 1007 1710 ἀλλὰ
1043 1657 1137 1710 καὶ
1173 1657 1272 1726 τῆς
1303 1656 1590 1724 ἀγιοποιοῦ
1622 1657 1852 1727 ἡσυχίας
1878 1655 1967 1710 όν-

377 1763 474 1809 τας
503 1747 758 1818 ἐραστὰς,
783 1747 996 1818 ἔφημεν
1027 1747 1163 1819 πρὸς
1185 1747 1412 1809 αὐτούς’
1435 1747 1542 1800 Ἴδε
1571 1749 1784 1818 καιρὸς,
1815 1747 1971 1800 ἀδελ-

379 1837 470 1905 φοὶ
503 1837 812 1908 πρόσφορος
846 1837 1156 1910 σωτηρίας,
1192 1838 1288 1892 καὶ
1335 1838 1570 1908 ἡσυχίας
1595 1837 1798 1908 μᾶλλον
1829 1839 1968 1908 infm-
2002 1829 2044 1884 Β

377 1926 630 1998 λότερτς,ο
663 1927 968 1998 πορεύεσθε
1011 1927 1108 1982 σὺν
1171 1929 1284 1990 τοῖς
1343 1927 1572 1997 ἀνδράσι
1609 1929 1844 1992 τούτοις,
1873 1929 1970 1981 καὶ

376 2015 477 2085 τὴν
495 2015 638 2086 ὑπὲρ
669 2015 850 2069 αὐτῶν
880 2015 1192 2084 ἀπολογίαν
1237 2015 1594 2080 ἀναδέξασθε.
1635 2017 1748 2070 Καὶ
1779 2017 1970 2088 διηγή-

379 2103 544 2157 σασθε
573 2103 724 2176 ζώσῃ
753 2107 928 2176 φωνῇ,
963 2103 998 2159 ἃ
1024 2105 1112 2158 διά
1139 2107 1492 2178 γραμμάτων
1538 2107 1808 2179 γνωρίσαι
1856 2107 1972 2171 τοῖς

376 2193 668 2260 δεσπόταις
697 2195 856 2266 ἡμῶν
891 2196 1165 2268 παρέλκον
1203 2197 1512 2268 ἡγούμεθα.

449 2287 676 2353 Οἴδατε,
717 2287 866 2348 ὅπως
915 2286 1007 2340 διὰ
1036 2287 1384 2358 βραχυτάτης
1430 2291 1772 2364 κατηγορίας
1798 2291 1972 2361 ἐξόρι-

379 2391 506 2438 στος
537 2375 764 2443 γέγονεν
797 2375 906 2426 ἀπὸ
949 2375 1229 2444 δισχιλίων
1285 2379 1531 2448 σημείων
1575 2381 1603 2432 ό
1631 2379 1725 2432 τὸν
1780 2377 1970 2450 θρόνον

379 2465 561 2536 λαχὼν
608 2465 818 2519 διέπειν
863 2465 956 2520 τοῦ
1001 2451 1332 2537 ἀδελφοθέου
1369 2468 1651 2524 Ἰακώϐου.
1700 2469 1970 2542 Ὀπηνίκα

377 2559 437 2612 δὲ
457 2559 518 2611 τὸ
546 2559 640 2612 τοῦ
669 2557 806 2612 Θεοῦ
847 2557 1009 2632 ἔργον
1035 2558 1387 2631 πληρώσητε,
1424 2563 1518 2614 καὶ
1537 2562 1638 2633 τὴν
1659 2562 1968 2634 κρατοῦσαν

379 2651 748 2722 ἀποστολικὴν
779 2652 1083 2720 παράδοσιν
1114 2655 1172 2706 ὲν
1204 2657 1323 2716 ταῖς
1341 2653 1692 2725 Ἐκκλησίαις
1715 2654 1809 2708 τοῦ
1829 2654 1967 2709 Θεοῦ

378 2746 498 2808 ταῖς
530 2745 650 2798 κατ’
683 2744 958 2812 Δίγυτντον
991 2745 1083 2798 καὶ
1108 2745 1308 2814 Συρίαν
1340 2749 1450 2810 τοῖς
1487 2747 1781 2812 δεσπόταις
1811 2749 1967 2819 ἡμῶν

379 2837 712 2907 γνωρίσητε,
767 2835 1073 2907 τηνικαῦτα
1107 2837 1168 2890 τὸ
1229 2838 1569 2908 ποθούμενον
1606 2842 1735 2912 ὑμῖν
1784 2842 1966 2895 ἀσπά-

381 2929 573 2982 σασθε.
608 2929 723 2983 Καὶ
777 2929 894 2992 πῶς
942 2930 1126 3000 ἡμεῖς,
1181 2930 1548 2997 ἀπεκρίναντο
1573 2970 1588 2992 ,
1625 2931 1835 2986 ἰδιῶται
1874 2933 1968 2986 καὶ

378 3023 621 3091 ἀγνῶτες
650 3021 824 3087 ὄντες,
851 3022 947 3076 καὶ
1005 3023 1144 3087 πρὸς
1173 3021 1272 3092 τὴν
1300 3022 1566 3076 ὑπόθεσιν
1595 3022 1842 3086 ἀσθενῶς
1869 3025 1966 3076 καὶ

326 3129 335 3132 ·
383 3114 614 3185 ἀμαθῶς
671 3114 924 3185 ἔχοντες,
985 3113 1476 3184 κατατολμήσομεν
1529 3115 1816 3184 χρήματος
1865 3113 1965 3185 τὴν

381 3179 654 3276 ἡμετέραν
673 3179 1102 3276 ὑπερϐάλλοντος
1123 3179 1395 3275 δύναμιν
1434 3179 1706 3258 Ἀλλ-’,όδϋ
1728 3179 1962 3259 εὐτελῶν
1995 3179 2038 3238 c

382 3297 477 3350 καὶ
513 3297 757 3364 ἰδιωτῶν,
785 3298 986 3367 ἀντέςρῆ
997 3313 1116 3366 μεν,
1144 3297 1474 3369 ἐνεργήσας,
1498 3299 1608 3351 τῶν
1632 3298 1804 3368 ἁγίων
1831 3299 1967 3351 ἀπο-

384 3387 609 3454 στόλων,
634 3389 802 3459 φημὶ,
830 3391 926 3442 καὶ
957 3389 1024 3442 δι’
1051 3388 1231 3458 αὐτῶν
1258 3389 1551 3460 ζωγρήσας
1585 3389 1684 3459 τὴν
1711 3388 1968 3458 οίκουμέ-

381 3494 480 3546 νην
513 3479 696 3530 πᾶσαν
725 3476 862 3548 πρὸς
894 3477 1142 3546 ὑπακοὴν
1173 3475 1271 3529 τοῦ
1302 3475 1464 3542 λόγου
1491 3477 1591 3544 τῆς
1623 3476 1792 3530 αὑτοῦ
1817 3478 1966 3528 οίκο·

381 3567 598 3638 νομίας,
641 3567 875 3636 Χριστὸς
903 3567 932 3618 ό
959 3548 1091 3630 Θεὸς
1153 3567 1310 3634 ήμῶν
1357 3563 1584 3628 δυνατός
1625 3567 1744 3618 ἐστι
1783 3563 1969 3618 δοῦναι

382 3660 514 3730 ὑμῖν
544 3658 701 3726 λόγον
735 3659 793 3710 ὲν
825 3657 1028 3720 ἀνοίξει
1055 3655 1151 3708 τοῦ
1183 3655 1458 3726 στόματος
1492 3655 1649 3725 ὑμῶν
1673 3695 1689 3718 ,
1721 3657 1860 3728 πρὸς
1907 3657 1970 3710 τὸ

380 3750 779 3824 ἀναπληρῶσαι
827 3749 920 3804 τὸν
981 3749 1184 3804 σκοπὸν
1243 3750 1339 3804 καὶ
1393 3750 1650 3821 φρόνημα
1693 3750 1802 3810 τῶν
1833 3753 1968 3824 μήτε

380 3845 688 3916 γράμματα
719 3841 1042 3914 δυναμένων
1067 3840 1360 3908 δέξασθαι,
1387 3841 1515 3911 μηδ’
1541 3841 1612 3896 αὖ
1645 3841 1970 3913 τολμώντων

381 3936 590 4009 γράψαι
619 3935 650 4007 ἢ
683 3934 882 4008 γρύξαι
913 3951 964 3988 τι
994 3934 1124 4004 περὶ
1167 3932 1279 3986 τῶν
1325 3933 1607 3988 τοιούτων.
1649 3936 1712 3988 Οἱ
1756 3934 1816 3988 δὲ
1852 3934 1970 3988 θεοο

385 4027 558 4097 φιλεῖς
579 4027 750 4092 ὄντες,
785 4027 878 4080 καὶ
930 4025 1179 4096 ὑπακοῆς
1217 4025 1326 4078 υἱοὶ
1351 4024 1674 4094 πεφηνότες,
1710 4025 1971 4096 ἐπείσθη-

390 4136 483 4173 σαν
509 4119 586 4187 τῷ
618 4119 762 4189 λόγῳ
793 4117 972 4189 ἡμῶν,
1004 4117 1100 4170 καὶ⁸
1125 4111 1276 4184 εἶξαν
1318 4117 1385 4185 τῇ
1437 4116 1805 4188 παρακλήσει.
1860 4113 1970 4179 Οὓς

362 4192 368 4198 ’
389 4213 511 4282 μετ’
534 4210 786 4276 ἐκτενοῦς
816 4208 1316 4282 προπεπομφότες
1344 4207 1512 4278 εὐχῆς
1533 4249 1548 4274 ,
1579 4209 1675 4260 καὶ
1702 4211 1874 4279 χαρὰν
1907 4207 1968 4260 οὐ

383 4304 485 4373 τὴν
511 4302 778 4373 τυχοῦσαν
812 4306 922 4367 τοῖς
949 4301 1302 4356 ἀποσταλείσι
1359 4301 1805 4373 προεξενηκότες,
1826 4299 1970 4354 οὕτω

383 4393 790 4464 διεσπάσθημεν
847 4395 942 4448 ἀπ’
983 4394 1230 4464 ἀλλήλων
1279 4394 1424 4464 μετά
1468 4393 1672 4464 πολλῆς
1713 4392 1968 4464 δακρύων

2065 564 2306 618 diximus
2331 565 2396 618 ad
2423 581 2538 627 eos,
2577 566 2962 620 cohauriretur
2993 565 3040 596 ⁸⁸
3071 565 3399 635 periculum,
3425 563 3652 618 habmet

2064 655 2206 710 forte
2225 672 2404 710 sermo
2426 667 2607 712 vester
2635 659 2871 726 aliquam
2910 657 3244 711 ﬁrmitatem.
3278 659 3343 709 At
3374 673 3502 710 vero
3525 657 3652 726 quia

2066 757 2258 802 contra
2293 763 2587 804 commune
2616 763 2815 819 corpus
2850 749 3097 818 procedit
3132 747 3421 807 Ecclesiae.
3463 747 3647 816 quatis

2065 837 2170 891 erit
2193 839 2512 908 prolectus?
2549 839 2658 894 imo
2685 839 2864 908 qualis
2896 854 3002 892 non
3029 837 3132 892 erit
3155 838 3327 900 lmsio,
3357 837 3652 890 mditieinm

2066 938 2383 984 construere
2423 945 2589 1000 super
2624 931 2995 1000 putretlinem,
3029 941 3083 984 et
3115 929 3272 985 ﬁrmo
3301 927 3654 982 fmulan'tento

2068 1018 2342 1088 privatum
2365 1019 2388 1072 ί
2409 1027 2464 1074 et
2493 1019 2792 1090 quomodo,
2823 1019 3118 1089 inquiunt,
3151 1019 3232 1074 vel
3273 1035 3380 1089 qua
3420 1018 3557 1073 facie
3584 1018 3650 1073 ad
3685 1049 3690 1052 -

2065 1125 2160 1164 cos
2185 1111 2276 1180 qui
2317 1125 2418 1165 nos
2448 1111 2737 1175 miserunt,
2772 1111 3092 1174 redibimus,
3130 1111 3268 1164 nihil
3311 1125 3499 1164 eorum
3532 1126 3652 1178 quae
3684 1111 3690 1118 ’

2067 1203 2368 1256 secundum
2399 1211 2585 1256 votum
2609 1218 2766 1257 suum
2791 1203 3104 1271 Sperabam,
3127 1203 3351 1255 omnino
3385 1201 3652 1256 terentes?
3685 1215 3694 1225 '

2066 1289 2147 1344 Ad
2177 1291 2290 1344 haec
2326 1291 2641 1346 deﬁcientes
2681 1306 2803 1354 nos,
2842 1292 3189 1358 scientesque
3237 1290 3346 1344 Deo
3387 1289 3654 1343 amabiles

2069 1365 2268 1438 fratres
2303 1389 2545 1448 nostros,
2574 1383 2841 1437 Joannem
2869 1383 3075 1437 scilicet
3111 1393 3166 1436 et
3199 1381 3490 1446 Thomam,
3535 1381 3654 1434 zelo

2069 1473 2257 1528 divino
2289 1475 2610 1529 orthodoxae
2667 1473 2786 1527 tidei
2835 1471 3127 1528 adornatos
3155 1511 3168 1534 ,
3207 1481 3370 1541 atque
3417 1472 3653 1525 duorum

2071 1556 2386 1622 sanctorum
2421 1573 2474 1620 et.
2524 1581 2849 1636 magnorum
2892 1564 3329 1634 patriarcharum
3357 1562 3653 1634 syneellos,

2071 1659 2202 1729 quin
2241 1669 2293 1712 et
2317 1657 2740 1713 sanctiﬁcandos
2769 1656 3091 1729 [sanetitiei]
3123 1655 3326 1710 silentii
3351 1664 3652 1720 amatores,

2071 1751 2313 1805 diximus
2353 1749 2418 1803 ad
2451 1765 2584 1804 eos:
2625 1749 2766 1803 Ecce
2830 1757 3066 1817 tempus,
3117 1747 3338 1808 fratres,
3367 1753 3656 1814 acceptum

2070 1841 2290 1908 salutis,
2325 1825 2379 1894 et
2411 1839 2630 1894 silentio
2657 1839 3038 1894 excellentius.
3071 1837 3150 1894 lte
3170 1855 3294 1894 cum
3331 1839 3462 1894 viris
3513 1839 3654 1905 istis,

2070 1940 2123 1987 et
2144 1947 2242 2003 pro
2263 1932 2343 1986 eis
2357 1931 2661 2002 apologiam
2685 1931 2950 1986 assumite
2974 1949 2990 1998 ;
3010 1940 3064 1984 et
3080 1939 3333 1984 enarrate
3358 1931 3478 1984 viva
3501 1944 3652 1994 voce,

2072 2040 2193 2096 quae
2221 2039 2316 2094 per
2339 2023 2548 2077 litteras
2566 2020 2822 2076 intimare
2844 2021 3084 2076 dominis
3106 2022 3311 2076 nostris
3331 2037 3494 2092 supra
3516 2023 3656 2077 vires

2072 2130 2198 2172 esse
2226 2114 2573 2186 conjicimus.

2145 2287 2331 2344 Nostis
2361 2289 2504 2344 enim
2537 2287 2772 2358 qualiter
2811 2303 2906 2358 per
2938 2288 3194 2360 pusillam
3237 2289 3650 2345 accusationem

2071 2383 2227 2446 exsul
2259 2362 2436 2434 factus
2465 2379 2534 2434 sit
2567 2397 2596 2434 a
2628 2380 2710 2436 bis
2741 2382 2982 2436 millibus
3023 2382 3304 2452 signorum
3337 2382 3426 2436 ille
3466 2384 3555 2453 qui
3587 2384 3654 2438 ad

2073 2469 2367 2537 regendum
2400 2469 2656 2524 thronum
2706 2469 2897 2526 fratris
2943 2471 3156 2526 Domini
3193 2472 3427 2527 sortitus
3457 2482 3540 2527 est
3563 2471 3656 2526 Ja-

2070 2561 2212 2614 cobi.
2243 2561 2381 2614 (Sum
2429 2570 2609 2615 autem
2645 2575 2786 2632 opus
2814 2561 2907 2617 Dei
2957 2563 3408 2633 adimplevcritis,
3446 2573 3500 2618 et
3523 2579 3654 2634 apo-

2070 2650 2319 2705 stolicam
2357 2651 2708 2706 traditionem
2751 2667 2873 2723 qua:
2908 2662 3126 2708 tenetur
3159 2654 3212 2706 in
3261 2652 3526 2710 Ecclesiis
3559 2670 3656 2724 per

2069 2739 2366 2812 IEgyptum
2397 2751 2449 2796 et
2476 2743 2714 2812 Syriam,
2742 2745 2983 2800 dominis
3026 2745 3234 2800 nostris
3275 2745 3545 2816 cognitam
3579 2745 3658 2800 fe-

2069 2834 2278 2895 ceritis,
2314 2843 2444 2888 tunc
2487 2835 2633 2904 quod
2689 2850 2719 2888 a
2754 2836 2908 2892 vobis
2953 2837 3294 2891 desideratur
3319 2877 3336 2901 ,
3369 2837 3656 2906 amplecti-

2070 2924 2223 2978 mini.
2260 2925 2324 2979 Et
2345 2927 2620 2995 quomodo
2671 2940 2790 2988 nos.
2832 2928 3274 2997 responderunt,
3313 2929 3496 2983 idiotte
3528 2945 3654 2984 cum

2069 3018 2244 3070 simus
2273 3026 2328 3071 et
2359 3017 2670 3086 inexpcrtes
2707 3017 2827 3090 [Cra
2863 3018 3082 3091 ignoti],
3108 3029 3162 3074 et
3193 3021 3259 3072 ad
3291 3018 3496 3074 tantam
3529 3035 3658 3073 cau-

2069 3123 2195 3174 sam,
2217 3109 2419 3162 inﬁrmi
2448 3117 2502 3162 et
2535 3108 2763 3174 indocti,
2825 3125 3228 3179 prmsumemus
3285 3111 3528 3180 arripere
3561 3129 3656 3164 ne-

2069 3200 2275 3272 gotium
2293 3200 2434 3268 quod
2458 3200 2714 3256 vir:utcm
2739 3209 2986 3255 nostram
3010 3212 3303 3272 evsuperat
3325 3203 3348 3256 ?
3368 3203 3474 3258 Sed
3499 3204 3657 3258 Chri-

2069 3304 2186 3348 stus
2231 3291 2378 3353 Deus
2429 3301 2636 3361 noster,
2667 3295 2760 3363 qui
2810 3309 2907 3363 per
2953 3293 3258 3350 vilissimos
3289 3303 3342 3350 ct
3373 3295 3589 3362 idiotas,
3625 3310 3658 3351 ο

2067 3383 2298 3454 vestigio
2329 3383 2588 3448 diximus,
2621 3393 2942 3454 cooperatus
2974 3393 3080 3450 est,
3116 3397 3356 3454 sant-tos,
3393 3386 3644 3458 inquam,

2069 3474 2344 3544 apostolos
2369 3513 2382 3536 ,
2423 3481 2475 3528 et.
2527 3489 2624 3542 per
2655 3489 2750 3526 eos
2785 3477 2971 3528 orbem
3020 3485 3291 3530 terrarum
3335 3481 3571 3549 captavit
3608 3479 3656 3512 ⁸⁸

2069 3567 2136 3620 ad
2169 3564 2535 3619 obedientiam
2593 3565 2744 3620 verbi
2797 3564 3228 3634 dispensationis
3273 3584 3426 3636 suae,
3467 3577 3659 3638 potens

2068 3663 2153 3710 est
2179 3655 2310 3709 dare
2343 3655 2500 3709 vobis
2559 3669 2870 3710 sermonem
2901 3657 2956 3710 in
2988 3658 3271 3727 apertione
3313 3662 3426 3716 oris
3467 3662 3656 3730 vestri,

2069 3745 2135 3798 ad
2183 3744 2547 3815 supplendum
2601 3747 2957 3802 intentionem
2999 3757 3054 3803 et
3092 3765 3312 3806 sensum
3344 3766 3530 3806 eorum
3561 3755 3656 3823 qui

2070 3851 2248 3906 neque
2272 3837 2480 3892 litteras
2513 3838 2812 3907 quiverunt
2836 3839 3136 3910 suscipere,
3174 3857 3350 3912 neque
3387 3844 3507 3898 ausi
3527 3855 3658 3900 sunt

2069 3929 2333 3996 scribere,
2369 3930 2450 3984 vel
2493 3945 2659 4000 super
2693 3931 2899 3988 talibus
2947 3935 3194 4002 quolibet
3239 3937 3400 3992 modo
3429 3939 3654 3996 mutire.

2067 4019 2172 4086 Qui
2208 4037 2330 4076 cum
2373 4023 2465 4077 Dei
2516 4033 2702 4078 essent
2749 4035 3050 4090 amatores,
3079 4027 3405 4084 obedientia:
3432 4029 3526 4084 lilii
3555 4047 3655 4100 ap-

2069 4121 2347 4182 parentes,
2379 4113 2703 4168 obedierunt
2733 4114 2899 4170 verbo
2927 4125 3114 4171 nostro
3137 4157 3152 4184 ,
3185 4128 3238 4172 et
3258 4119 3654 4188 acquieverunt

2069 4203 2368 4260 hortationi
2391 4223 2403 4258 :
2425 4219 2567 4276 quos
2585 4219 2710 4260 cum
2739 4207 2949 4274 prolixa
2970 4208 3352 4277 promittentes
3383 4212 3650 4278 oratione,

2069 4303 2122 4348 et
2152 4295 2408 4363 gaudium
2471 4311 2577 4348 non
2630 4295 3009 4366 qualecunque
3047 4297 3136 4356 his
3167 4297 3264 4368 qui
3303 4299 3457 4353 missi
3501 4311 3651 4366 sunt,

2069 4385 2445 4452 conciliantcs,
2493 4387 2672 4443 taliter
2707 4389 2910 4443 divulsi
2958 4405 3149 4444 sumus
3191 4391 3494 4447 abinvicem
3525 4411 3650 4448 cum
3692 4389 3694 4391 ’

384 4484 617 4554 χύσεως.
667 4484 830 4547 Ἀλλ’,
863 4478 908 4537 ὦ
935 4485 1235 4552 ἁγιώτατοι
1269 4485 1370 4538 καὶ
1410 4485 1820 4556 μακαριώτατοι
1841 4526 1856 4551 ,
1890 4485 1966 4550 ὡς

2073 4479 2241 4534 multa
2277 4480 2642 4550 lacrymarum
2679 4478 2967 4536 etl‘usione.
3003 4483 3224 4550 Verum,
3261 4487 3649 4541 osanrtissimi

385 4576 749 4646 πρέπονέστὶ
774 4579 842 4647 τῇ
868 4577 1112 4646 πατρικῇ
1147 4575 1440 4645 δεσποτεία
1487 4576 1642 4648 ὑμῶν
1667 4619 1680 4643 ,
1712 4577 1964 4648 ἀσμένως

382 4672 507 4733 τοὺς
537 4669 800 4738 ἀδελφοὺς
837 4669 994 4740 ἡμῶν
1021 4668 1375 4734 ὑποδέξασθε,
1410 4669 1640 4732 καὶτοῖς
1674 4671 1964 4735 δεσπόταις

382 4764 482 4834 τῆς
511 4761 844 4833 οἰκουμένης
871 4762 1007 4832 ἄτερ
1053 4761 1322 4831 συστολῆς
1346 4761 1444 4814 καὶ
1483 4762 1829 4834 ἀνθρωπίνου
1869 4764 1967 4832 cpti-

385 4854 483 4910 6ου
514 4853 930 4923 παραστήσατε.
959 4850 1154 4916 Ἕξετε
1183 4851 1290 4922 γὰρ
1343 4853 1541 4916 αὐτοὺς
1565 4854 1965 4926 ἐπισταμένους

382 4944 630 5016 ἀκριϐῶς
672 4943 780 4997 τῶν
824 4941 995 5015 τριῶν
1030 4941 1407 4998 ἀποστολικῶν
1448 4944 1656 5013 θρόνων
1709 4946 1808 5014 τὴν
1832 4947 1964 5018 ὁμο-

381 5038 645 5107 νοητικήν
673 5053 731 5090 τε
765 5035 862 5090 καὶ
895 5033 1188 5106 σύμφωνον
1219 5035 1534 5107 όρθοδοξίαν
1562 5051 1576 5068 ·
1609 5037 1807 5101 οἵτινες
1865 5040 1964 5102 τάς

383 5129 546 5196 ἀγίας
577 5129 674 5182 καὶ
719 5126 1110 5198 οίκουμενικάς
1159 5127 1218 5194 ἓξ
1246 5129 1500 5193 συνόδους
1523 5129 1826 5205 ὁμοφώνως
1859 5148 1964 5202 κη-

387 5219 690 5290 ρύττουσιν,
721 5219 919 5290 ἑτέραν
976 5219 1116 5288 πρὸς
1166 5219 1416 5286 ταύταις,
1475 5221 1544 5293 ἢν
1580 5222 1676 5275 καὶ
1727 5222 1963 5292 ἑϐδόμην

383 5309 527 5373 τινὲς
552 5309 898 5380 θρυλλοῦσιν,
919 5309 982 5363 ού
1013 5309 1392 5381 προσιέμενοι,
1413 5309 1547 5364 ἀλλά
1565 5312 1801 5382 πάμπαν
1825 5314 1963 5366 ἀπο-

384 5398 726 5470 ϐαλλόμενοι,
764 5401 840 5462 ὡς
869 5402 961 5454 ἐπὶ
995 5401 1318 5473 καθαιρέσει
1361 5401 1470 5456 τῶν
1499 5403 1881 5457 ἀποστολικῶν
1901 5421 1962 5456 τε

383 5495 480 5548 καὶ
499 5493 894 5548 διδασκαλικῶν
928 5493 1284 5565 παραδόσεων
1328 5493 1835 5566 συναθροισθεῖσαν,
1869 5496 1964 5550 καὶ

383 5579 492 5634 τῶν
529 5581 690 5635 θείων
721 5582 816 5635 καὶ
855 5580 1071 5634 σεπτῶν
1113 5581 1341 5638 εἰκόνων
1391 5583 1672 5653 ἀναιρέσει
1745 5585 1840 5636 καὶ
1875 5583 1962 5648 ἐξ·

454 5716 502 5748 ⁸⁸
535 5715 624 5771 Sic
643 5716 805 5771 etiam
860 5717 914 5770 in
944 5717 1154 5786 Graeco,
1183 5719 1278 5776 sed
1304 5699 1456 5777 forte
1510 5719 1746 5786 melius,
1783 5722 2104 5777 cooriretur.
2143 5719 2318 5775 “ARD.

387 5785 602 5856 melius,
637 5787 938 5859 captirauit.
976 5785 1146 5842 llann.

2069 4582 2126 4625 et
2155 4571 2478 4637 beatissimi,
2514 4580 2566 4626 ut
2595 4572 2754 4628 decet
2771 4581 3053 4643 paternam
3087 4573 3514 4632 dominationem
3557 4595 3648 4634 ve-

2069 4668 2263 4726 stram,
2295 4661 2528 4732 benigne
2545 4661 2744 4718 fratres
2779 4673 2998 4720 nostros
3024 4667 3308 4736 suscipite,
3338 4677 3390 4722 ct
3415 4667 3654 4727 dominis

2069 4753 2220 4808 orbis
2248 4754 2454 4823 absque
2471 4755 2843 4810 subtractione
2873 4757 2954 4811 vel
2981 4757 3176 4811 timore
3216 4758 3497 4814 hominum
3514 4775 3653 4829 pra:-

2071 4854 2316 4901 sentate:
2346 4845 2617 4900 habebitis
2646 4846 2790 4902 enim
2843 4863 2938 4902 eos
2983 4849 3222 4904 scientes
3250 4851 3456 4920 liquido
3485 4854 3652 4907 trium

2069 4938 2493 5010 apostolicarum
2527 4939 2739 4994 sedium
2791 4940 3176 4996 concinentcm
3219 4951 3274 4998 et
3313 4945 3650 4998 concordan-

2068 5038 2176 5084 tem
2209 5029 2590 5084 orthodoxiam
2619 5049 2633 5084 :
2664 5031 2758 5100 qui
2816 5040 3040 5086 sanctas
3073 5041 3130 5086 et
3177 5033 3514 5090 universales
3555 5051 3651 5091 sex

2066 5122 2308 5192 synodos
2363 5136 2496 5176 voce
2565 5137 2806 5177 consona
2851 5123 3170 5192 praedicant,
3216 5125 3376 5181 aliam
3431 5129 3499 5183 ad
3532 5131 3652 5196 has,

2067 5229 2232 5285 quam
2265 5222 2318 5268 et
2343 5213 2630 5284 septimam
2659 5215 2881 5284 quidam
2915 5218 3260 5274 susurraudo
3293 5231 3647 5290 nuncupant,

2065 5306 2378 5360 nullatenus
2439 5304 2832 5370 admittentes,
2871 5306 2982 5362 imo
3013 5309 3219 5365 'modis
3261 5311 3516 5366 omnibus
3561 5328 3650 5367 re-

2071 5405 2350 5467 spuentes,
2379 5396 2639 5451 nimirum
2695 5405 2755 5452 ut
2799 5398 3002 5454 dudum
3054 5401 3108 5454 in
3140 5402 3562 5470 apostolicarum
3597 5413 3653 5458 et

2073 5488 2524 5558 magisterialium
2575 5491 2932 5548 traditionem
2999 5493 3425 5564 dcpositionem,
3485 5507 3652 5566 atque

2073 5595 2354 5635 sacrarum
2389 5596 2453 5636 ac
2494 5583 2889 5639 venerabilium
2940 5584 3236 5654 imaginum
3281 5585 3650 5658 interemptio-

2434 5721 2477 5754 ³⁹
2512 5721 2604 5778 Sic
2633 5723 2795 5778 etiam
2829 5722 2884 5777 in
2911 5723 3121 5796 Graeco,
3163 5725 3258 5782 sed
3291 5735 3469 5784 tamen
3513 5728 3652 5787 forte
