4090 6286
522 373 660 436 15275

1608 379 1670 438 S.
1702 376 2010 440 TABASII
2049 374 2554 439 PATltIARCIL’E
2594 377 2701 439 CP.

3641 381 3775 449 H76

518 497 642 538 nem
671 487 726 536 et
751 481 1436 548 abolitionem,collcctant.
1467 483 1578 541 Vos
1606 495 1812 550 autenr,
1845 487 2074 542 sanctis-

2186 486 2433 556 αλείψειο
2463 486 2619 556 ὑμεῖς,
2653 489 2728 552 δὲ,
2768 489 3098 556 ἁγιώτατοι,
3153 497 3594 566 πεπυρσευμένοι
3643 501 3770 573 θείῳ

517 573 644 631 simi
703 573 884 628 divino
935 573 1192 630 illustrati
1251 577 1369 631 zelo
1394 617 1410 644 ,
1442 589 1842 634 consentaneos
1873 593 2095 649 quoque

471 721 476 727 _
515 665 776 718 habentes
803 665 1064 722 divinitus
1088 669 1494 723 conservandos
1519 667 1792 737 dominos,
1817 670 1910 740 qui
1941 669 2094 740 justo

513 753 734 808 decreto
765 752 859 808 Dei
887 755 940 808 in
966 755 1123 810 vobis
1155 758 1425 826 imperare
1455 761 1798 828 prmordinati
1845 768 1993 827 sunt,
2015 762 2092 815 si-

513 843 628 898 mul
655 845 822 900 etiam
874 853 928 898 et
971 860 998 897 a
1033 848 1150 900 Deo
1189 849 1582 918 protegendum
1629 861 1684 904 et
1730 851 2090 906 muniendum

511 947 760 992 senatum
794 938 1086 1006 praevalete
1123 948 1178 992 ct
1211 939 1440 995 viriliter
1468 942 1643 1010 agite,
1671 951 1723 998 et
1751 941 2092 998 confortetur

512 1043 608 1082 cor
679 1038 922 1083 vestrum
973 1029 1064 1096 θ’),
1121 1044 1336 1086 omnem
1395 1032 1814 1088 inobedientiam
1876 1043 2092 1104 aposto-

511 1119 617 1173 lice
668 1120 1033 1182 ulciscentes.
1072 1129 1128 1176 ct
1184 1122 1252 1176 ad
1309 1121 1510 1180 Christi
1568 1123 1930 1179 obedientiam
1991 1141 2088 1180 co-

509 1219 780 1280 aptantes.

581 1300 719 1358 Illud
767 1311 950 1358 autem
999 1312 1259 1374 tanquam
1308 1309 1679 1362 necessarium
1711 1322 1876 1377 penes
1900 1308 2086 1378 ponti-

509 1394 719 1449 ﬂcalem
763 1395 970 1465 apicem
1001 1406 1241 1452 vestrum
1287 1400 1747 1454 commonendum
1793 1400 2082 1468 ducimus;

508 1495 571 1542 ut
595 1486 640 1541 si
673 1485 1014 1556 beneplacito
1045 1498 1368 1544 cunctorum
1404 1489 1546 1560 regis
1568 1532 1583 1556 ,
1609 1489 1811 1544 Christi
1838 1490 2086 1552 videlicet

511 1568 602 1632 Dei
635 1578 831 1640 nostri.
854 1587 907 1632 et
927 1592 1118 1632 eorum
1135 1579 1228 1648 qui
1252 1595 1374 1634 cum
1398 1593 1465 1634 eo
1485 1594 1712 1647 regnare
1740 1591 2081 1648 meruerunt,

511 1669 604 1724 Dei
638 1669 847 1724 scilicet
870 1669 1174 1724 amicorum
1193 1680 1246 1725 et
1267 1670 1720 1738 triumphatorum
1739 1671 2081 1726 dominorum

507 1771 844 1825 nostrorum,
892 1759 1178 1814 volueritis
1223 1761 1501 1816 celebrare
1532 1761 1838 1832 synodum:
1866 1778 1935 1818 tte
1965 1777 2084 1816 mo-

505 1851 643 1906 lesta
706 1850 860 1904 vobis
913 1859 1172 1918 appareat
1219 1851 1380 1905 trium
1416 1851 2072 1928 apostolicarumsedium

507 1939 774 1994 simorum
809 1939 1270 2008 patriarcharum,
1327 1947 1382 1995 et
1434 1941 1904 1998 sanctissimorum
1959 1943 2077 2013 epi-

504 2043 820 2099 scoporum,
851 2029 946 2098 qui
977 2029 1082 2084 sub
1113 2029 1246 2099 ipsis
1275 2029 1518 2102 degunt,
1551 2031 1796 2084 absentia
1819 2069 1834 2096 ,
1872 2046 1979 2086 non
2009 2047 2077 2086 ex

502 2125 724 2194 proprio
745 2139 941 2180 eorum
985 2125 1241 2181 accidens
1292 2125 1604 2196 proposito,
1638 2125 1732 2181 sed
1773 2141 1842 2181 ex
1886 2136 2076 2181 tenen-

505 2213 642 2268 tium
679 2229 776 2270 seu
827 2214 1227 2270 dominantium
1283 2214 1393 2270 illis
1451 2215 1784 2271 terribilibus
1824 2217 1988 2270 minis
2024 2225 2078 2272 et

502 2307 800 2363 mortiferis
833 2306 1033 2378 pannis.
1061 2307 1177 2364 Hoc
1209 2317 1391 2364 autem
1417 2308 1674 2365 subtilius
1713 2318 1798 2364 est
1822 2309 2076 2366 conside-

502 2398 735 2453 randum
769 2392 934 2453 etiam
969 2398 1040 2454 ab
1101 2399 1218 2469 ipsa
1267 2414 1423 2456 sacra
1485 2409 1540 2456 et
1596 2400 1889 2456 universali
1923 2410 2076 2458 sexta

500 2489 732 2560 synodo,
767 2489 822 2542 in
854 2502 962 2559 qua
984 2490 1166 2544 nullus
1199 2505 1388 2546 eorum
1432 2491 1526 2561 qui
1565 2505 1662 2561 per
1691 2493 1833 2546 idem
1867 2501 2076 2562 tempus

502 2578 558 2632 in
603 2577 688 2633 his
717 2577 966 2648 partibus
1008 2578 1247 2648 episcopi
1287 2589 1463 2645 erant,
1489 2581 1806 2637 convenisse
1827 2591 2074 2651 repertus

500 2673 587 2721 est
618 2675 835 2736 propter
879 2667 1243 2724 obscenorum
1275 2668 1654 2724 obtinentium.
1698 2667 1806 2724 Sed
1861 2671 2072 2726 nullum

497 2769 568 2811 ex
600 2755 702 2812 hoc
727 2766 932 2813 saneta
959 2757 1188 2814 adhaesit
1212 2759 1422 2830 synodo
1463 2759 1827 2830 praeiudicium
1853 2779 1866 2816 :
1898 2777 2074 2831 neque

501 2848 645 2905 vires
667 2850 858 2906 habuit
879 2851 1178 2922 prohibitio
1203 2851 1385 2922 aliqua
1409 2853 1682 2908 statuendi
1707 2861 1763 2908 et
1787 2853 2072 2909 manifeSIa

499 2937 742 2994 faciendi
771 2950 920 2994 recta
948 2940 1202 3010 dogmata
1233 2941 1470 3011 pietatis,
1494 2942 1768 3012 prmcipue
1791 2958 1914 2997 cum
1945 2959 2073 2998 san-

499 3031 776 3086 ctissimus
807 3041 862 3086 et
895 3031 1231 3100 apostolicus
1264 3048 1400 3102 papa
1447 3032 1730 3088 Romanus
1771 3034 2070 3088 concorda-

499 3122 662 3187 verit,
692 3131 747 3176 et
779 3121 836 3176 in
885 3136 948 3176 ea
981 3121 1237 3177 inventus
1269 3121 1344 3177 sit
1393 3137 1490 3191 per
1513 3123 1895 3190 apocrisiarios
1918 3138 2068 3180 suos.

502 3215 754 3280 Btnunc,
787 3212 1138 3276 sanctissimi,
1175 3213 1278 3266 hoc
1293 3227 1417 3266 eum
1459 3212 1666 3266 auxilio
1694 3211 1787 3266 Dei
1820 3213 2072 3269 similiter

499 3307 614 3362 ﬂat.
641 3303 779 3362 Nam
813 3305 955 3361 sicut
983 3314 1111 3360 tunc
1137 3304 1284 3358 illius
1307 3304 1440 3358 fides
1467 3305 1524 3358 in
1557 3304 1708 3360 orbis
1759 3313 1917 3360 terrae
1948 3321 2067 3376 per-

499 3396 690 3450 sonuit
721 3394 882 3461 ﬂnes,
918 3396 991 3448 ita
1044 3403 1100 3449 et
1153 3393 1343 3465 synodi
1377 3407 1496 3462 quae
1532 3408 1681 3448 nunc
1719 3408 1816 3464 per
1839 3396 2069 3466 gratiam

500 3483 596 3542 Dei
648 3485 1028 3556 congreganda
1079 3493 1160 3540 est
1191 3499 1290 3555 per
1313 3484 1761 3542 interventionem
1804 3496 2070 3556 vestram,

496 3585 554 3632 et
582 3575 700 3646 ejus
727 3575 822 3646 qui
850 3575 1162 3632 moderatur
1182 3575 1550 3646 apostolorum
1577 3577 1836 3649 principis
1865 3578 2068 3644 sedem,

501 3667 885 3738 praedicabitur
922 3667 977 3722 in
1026 3667 1176 3722 omni
1209 3668 1330 3722 loco
1377 3669 1472 3739 qui
1506 3670 1604 3724 sub
1632 3669 1748 3726 sole
1778 3679 1890 3737 est;
1921 3671 2070 3726 vide-

497 3757 626 3812 licet
675 3770 799 3827 qua
831 3756 1112 3826 tyrannice
1141 3756 1423 3812 destructa
1468 3766 1626 3823 sunt,
1664 3758 1902 3828 erigens,
1931 3767 1986 3814 et
2014 3759 2068 3815 in

497 3849 776 3918 antiquam
839 3855 898 3902 et
953 3847 1310 3917 apostolicam
1344 3849 1650 3906 reformans
1701 3851 2067 3909 traditionem.

496 3941 670 3996 Porro
698 3939 767 3994 ad
794 3939 1148 3995 munitionem
1183 3940 1470 3994 humilium
1511 3940 1821 3996 litterarum
1855 3953 2071 3999 nostra-

497 4047 645 4098 rum,
693 4029 1233 4102 satisfactionemque
1277 4033 1632 4088 beatitudinis
1679 4034 2072 4091 dominationis

497 4133 710 4188 vestrae,
732 4131 896 4192 atque
931 4123 1194 4178 victorum
1249 4132 1304 4178 et
1352 4122 2071 4195 triumphatorumimpera-

498 4226 682 4273 torum
740 4225 1076 4280 nostrorum,
1128 4214 1511 4286 conspeximus
1581 4217 1742 4272 etiam
1791 4217 2072 4288 exemplar

498 4307 898 4379 Synodicorum
921 4306 1192 4363 Theodori
1220 4316 1420 4363 sanctae
1454 4308 1731 4363 memoriae
1759 4306 1939 4364 Patris
1969 4325 2069 4364 no-

492 4396 597 4465 stri
645 4405 700 4450 et
739 4395 1065 4465 patriarcha:
1114 4395 1612 4467 Hierosolymorum
1670 4397 2065 4466 subjiciendum

2197 577 2346 648 ζήλῳ
2383 578 2759 650 ὑπάρχοντες,
2789 579 3110 652 σύμφρονάς
3152 601 3214 638 τε
3246 585 3372 650 τοὺς
3393 587 3579 662 δικαίᾳ
3605 590 3770 666 ψήφῳ

2196 668 2332 722 Θεοῦ
2365 669 2674 740 βασιλεύειν
2722 671 2878 742 ὑμῶν
2921 673 3322 745 προκριθέντας
3368 677 3772 750 θεοφυλάκτους

2194 759 2464 823 δεσπότας
2497 760 2732 831 ἔχοντες,
2764 761 2882 833 ἅμα
2907 763 2962 816 δὲ
2989 765 3084 819 καὶ
3100 765 3202 838 τὴν
3231 766 3499 841 θεοσκεπῆ
3529 772 3620 826 καὶ
3653 773 3770 828 θεο-

2193 849 2463 920 τείχιστον
2501 851 2830 922 σύγκλητον,
2892 851 3151 924 ἰσχύσατε
3187 855 3282 910 καὶ
3311 858 3641 929 ἀνδρίζεσθε,
3670 867 3768 918 καὶ

2193 941 2576 1012 κραταιούσθω
2610 944 2642 1013 ἠ
2674 942 2874 1014 καρδία
2909 944 3086 1014 ὑμῶν,
3109 949 3292 1002 πᾶσαν
3316 953 3597 1024 παρακοὴν
3629 956 3766 1010 ἄπο.

2194 1031 2461 1096 στολικῶς
2509 1033 2928 1104 διεκδικοῦντες,
2961 1038 3055 1092 καὶ
3103 1041 3189 1104 είς
3240 1040 3351 1114 τὴν.
3390 1043 3485 1098 τοῦ
3529 1046 3762 1118 Χριστοῦ

2191 1122 2441 1193 ὑπακοὴν
2470 1123 2933 1197 μεθαρμόζοντες.

2275 1299 2487 1354 Ἐκεῖνο
2535 1300 2594 1354 δὲ
2647 1301 3145 1378 ύπομιμνήσκομεν
3167 1347 3183 1374 ,
3224 1311 3301 1374 ὡς
3339 1313 3636 1382 ἀναγκαίου
3662 1317 3762 1390 τὴν

2192 1391 2515 1462 ίεραρχικὴν
2547 1393 2704 1464 ὑμῶν
2743 1395 3020 1466 κορυφὴν,
3057 1399 3174 1467 είγε
3224 1401 3442 1476 εὐδοκία
3489 1407 3584 1460 τοῦ
3615 1425 3761 1479 παμ-

2188 1481 2454 1546 ϐασιλέως
2511 1485 2750 1554 Χριστοῦ
2799 1487 2894 1540 τοῦ
2927 1487 3061 1542 Θεοῦ
3117 1489 3296 1561 ἡμῶν,
3335 1496 3428 1546 καὶ
3471 1495 3580 1550 τῶν
3615 1498 3762 1570 αὐτῷ

2189 1573 2614 1644 συμϐασιλεύειν
2672 1575 2994 1648 ἀξιωμένων
3041 1579 3480 1640 θεοσεϐεστάτων
3512 1587 3611 1640 καὶ
3642 1605 3761 1661 τρο-

2187 1667 2464 1736 παιούχων
2504 1665 2783 1721 δεσποτῶν
2809 1669 2990 1739 ἡμῶν,
3014 1669 3366 1746 βουληθείητε
3391 1679 3758 1751 συγκροτῆσει

2189 1755 2426 1817 σύνοδον,
2458 1755 2534 1827 μὴ
2573 1757 2822 1830 ἐπαχθὴς
2877 1759 3006 1830 ὑμῖν
3036 1762 3232 1834 φανείη
3277 1763 3387 1819 τῶν
3431 1767 3603 1836 τριῶν
3634 1769 3759 1822 ἀπε-
3806 1791 3832 1821 ν

2185 1847 2449 1901 στολικῶν
2479 1847 2686 1918 θρόνων
2741 1848 2851 1904 τῶν
2893 1851 3216 1920 ἁγιωτάτων
3258 1857 3636 1929 πατριάρχῶν,
3669 1861 3756 1913 καὶ

2182 1939 2292 1992 τῶν
2330 1938 2422 1993 ὕπ’
2446 1939 2644 2002 αὐτοὺς
2690 1942 3004 1996 ὁσιωτάτων
3033 1945 3352 2002 ἐπισκόπων
3386 1949 3420 2018 ἡ
3451 1949 3750 2022 ἀπόλειψις.

2184 2030 2258 2082 Οὐ
2285 2030 2395 2101 γὰρ
2433 2029 2494 2094 ἐξ
2542 2030 2753 2094 οίκείας
2800 2032 2980 2087 αὐτῶν
3035 2035 3097 2088 τδ
3126 2035 3380 2106 ἐμποδὼν
3421 2039 3752 2111 προθέσεως,

2181 2121 2314 2174 ἀλλὰ
2346 2121 2446 2192 τῆς
2479 2123 2589 2178 τῶν
2622 2123 2970 2196 κρατούντων
3021 2127 3117 2180 καὶ
3163 2129 3532 2201 κυριευόντων
3582 2133 3753 2188 αὐτῶν

2183 2213 2636 2284 φρικωδεστάτης
2663 2215 3080 2286 ὲπαπειλήσεως
3111 2219 3206 2272 καὶ
3233 2219 3615 2294 θανατηφόρου
3641 2224 3754 2278 ἐπι·

2181 2305 2479 2375 τιμήσεως.
2521 2306 2694 2360 Τοῦτο
2717 2307 2774 2360 δὲ
2815 2307 2963 2361 ἔστιν
2992 2309 3387 2384 ἀκριϐέστερον
3413 2313 3648 2368 συνιδεῖν
3665 2315 3751 2369 καὶ

2180 2395 2291 2449 ἀπὸ
2324 2395 2424 2467 τῆς
2449 2397 2614 2466 ἁγίας
2645 2398 2742 2451 καὶ
2794 2398 3185 2470 οίκουμενικῆς
3224 2399 3392 2472 ἕκτης
3431 2403 3673 2468 συνόδου,
3699 2408 3752 2459 ὲν

2181 2477 2216 2558 ᾖ
2243 2484 2420 2549 οὐδεὶς
2451 2486 2562 2540 τῶν
2586 2487 2724 2540 κατὰ
2747 2486 2840 2540 τὸν
2868 2485 3062 2558 καιρὸν
3077 2487 3282 2543 ἐκεῖνον
3306 2491 3365 2544 ὲν
3389 2491 3608 2556 τούτοις
3634 2495 3750 2548 ἑπι-

2182 2575 2530 2631 σκοπούντων
2593 2581 2708 2642 τοῖς
2740 2579 2932 2652 μέρεσι
2959 2579 3252 2651 συναχθεὶς
3276 2581 3508 2654 εὕρηται
3547 2584 3637 2638 διὰ
3657 2586 3750 2657 τὴν

2179 2667 2288 2720 τῶν
2343 2665 2556 2740 μιαρῶν
2609 2668 2990 2738 ἐπικράτειαν.
3035 2669 3178 2723 Ἀλλ’
3206 2671 3327 2726 οὐδὲ
3373 2675 3438 2726 ἐκ
3465 2675 3660 2729 τούτου
3685 2679 3747 2748 τῇ

2178 2758 2310 2828 ἁγίᾳ
2365 2758 2568 2830 συνόδῳ
2627 2759 2910 2832 πρόκριμα
2960 2763 3294 2834 συνεπλάκη,
3353 2764 3460 2818 οὐδ’
3491 2761 3565 2820 αὗ
3615 2784 3750 2838 παρ-

2177 2848 2476 2917 ωμάρτησε
2504 2846 2741 2911 κώλυσίς
2773 2865 2858 2912 τις
2898 2851 3288 2922 συστήσασθαι,
3334 2855 3429 2906 καὶ
3467 2855 3751 2928 κατάδηλα

2179 2935 2312 2987 πᾶσι
2367 2937 2591 3008 ποιῆσαι
2630 2937 2702 2989 τὰ
2729 2937 2868 3008 ὀρθὰ
2893 2937 2996 3008 τῆς
3022 2939 3300 3004 εὐσεϐείας
3327 2941 3585 3013 δόγματα
3604 2961 3616 2974 ·
3649 2945 3751 3016 μάν

2175 3023 2335 3076 λιστα
2360 3024 2454 3076 τοῦ
2477 3025 2782 3092 ἁγιωτάτου
2819 3028 2915 3080 καὶ
2952 3030 3314 3084 ἀποστολικοῦ
3343 3033 3500 3086 πάπα
3530 3034 3754 3106 ’Ῥώμης

2177 3118 2644 3188 συμφωνήσαντος
2669 3119 2807 3190 αὐτῇ
2849 3119 2944 3173 καὶ
2973 3121 3393 3192 συνευρεθέντος
3429 3123 3518 3178 διὰ
3540 3126 3661 3180 ’τῶν
3686 3127 3754 3180 oi-

2175 3209 2339 3261 κείων
2372 3210 2828 3281 ἀποκρισιαρίων.
2853 3213 2964 3266 Καὶ
2994 3213 3216 3284 ἀρτίως,
3251 3212 3586 3286 ἁγιώτατοι,
3605 3219 3755 3274 τοῦτο

2171 3299 2381 3367 γένοιτο
2411 3301 2508 3354 σὺν
2534 3300 2674 3372 Θεῷ.
2710 3303 2820 3356 Καὶ
2857 3302 2916 3356 δν
2952 3302 3154 3375 τρόπον
3185 3289 3491 3376 τηνικαῦτα
3529 3309 3752 3380 ἐκείνης

2171 3394 2206 3462 ἡ
2235 3392 2419 3456 πίστις
2448 3395 2530 3456 είς
2567 3393 2637 3448 τὰ
2662 3395 2764 3465 τῆς
2802 3395 3131 3468 οίκουμένης
3187 3397 3453 3470 ἐξήχηται
3508 3402 3748 3474 πέρατα,

2169 3483 2312 3536 οὕτω
2333 3485 2428 3538 καὶ
2463 3483 2562 3554 τῆς
2587 3484 2707 3538 νυνὶ
2739 3485 3242 3560 ἀθροισθησομὲνης
3277 3490 3520 3560 Χριστοῦ
3558 3494 3741 3564 χάριτι

2174 3574 2391 3628 συνόδου
2419 3575 2509 3628 διὰ
2544 3577 2823 3646 μεσιτείας
2845 3576 3000 3648 ὑμῶν
3029 3578 3124 3632 καὶ
3149 3578 3244 3632 τοῦ
3275 3580 3368 3634 τὸν
3387 3583 3743 3640 ἀποστολικὺν

2171 3663 2361 3734 θρόνον
2393 3664 2489 3718 τοῦ
2543 3665 2844 3737 κορυφαίου
2900 3667 3214 3736 διέποντος,
3248 3672 3659 3746 κηρυχθήσεται
3688 3677 3744 3728 ὲν

2169 3753 2269 3824 ὅλῃ
2299 3755 2366 3824 τῇ
2399 3753 2488 3823 ὑφ’
2517 3754 2656 3825 ἡλίῳ
2674 3769 2689 3786 ο
2720 3754 2920 3826 δηλαδὴ
2951 3755 3020 3833 τά
3049 3757 3396 3830 τυραννικῶς
3437 3776 3740 3830 καταστρα-

2171 3844 2342 3914 φέντα
2367 3844 2705 3916 ἁνορθούσης
2736 3887 2751 3912 ,
2782 3849 2877 3898 καὶ
2905 3847 2986 3910 είς
3025 3846 3086 3900 τδ
3114 3851 3340 3918 ἀρχαῖον
3361 3849 3741 3904 άποκαθιστώ-

2173 3954 2270 4008 σης
2297 3938 2440 3991 κατὰ
2468 3937 2571 4007 τὴν
2593 3937 2962 4008 ἀποστολικὴν
2990 3939 3312 4010 παράδοσιν.
3344 3940 3496 4012 Πρὸς
3538 3943 3594 3996 δὲ
3620 3941 3739 4012 ὀχύ-

2173 4045 2340 4101 ρωσιν
2366 4029 2475 4082 τῶν
2511 4029 2746 4100 μετρίων
2779 4028 2940 4099 ἡμῶν
2971 4033 3336 4102 γραμμάτων,
3369 4033 3738 4106 πληροφορίαν

2167 4138 2226 4174 τε
2250 4121 2350 4191 τῆς
2376 4119 2647 4191 ὑμετέρας
2695 4119 3020 4192 δεσποτικῆς
3063 4123 3485 4194 μακαριότητος,
3515 4126 3611 4180 καὶ
3636 4124 3740 4178 τῶν

2168 4212 2406 4284 νικητῶν
2439 4212 2533 4266 καὶ
2569 4211 2956 4282 τροπαιούχων
3001 4213 3160 4282 ἡμῶν
3194 4214 3487 4284 βασιλέων,
3517 4216 3736 4274 συνείδο-

2172 4320 2274 4374 μεν
2325 4304 2425 4357 καὶ
2482 4302 2545 4356 τὸ
2602 4303 2720 4356 ίσον
2773 4303 2873 4373 τῆς
2925 4303 3212 4374 συνοδικῆς
3257 4304 3539 4377 θεοδώρου
3563 4307 3652 4360 τοῦ
3680 4309 3734 4359 ἐν

2169 4395 2348 4463 ἁγίοις
2376 4393 2592 4464 Πατρὺς
2641 4393 2799 4464 ἡμῶν
2826 4393 2920 4446 καὶ
2965 4381 3311 4467 πατριάρχου
3356 4398 3732 4471 Ἱεροσολύμων

497 4485 586 4542 bis
617 4501 739 4557 quae
767 4487 972 4557 scripta
1005 4494 1135 4542 sunt
1162 4501 1193 4542 a
1223 4488 1402 4542 nobis.
1434 4485 1587 4544 Hunc
1607 4498 1789 4544 autem
1820 4490 2062 4546 libellum

2177 4486 2435 4552 ὑποτάξαι
2457 4487 2592 4550 τοῖς,
2607 4487 2698 4554 ὑφ’
2728 4484 2885 4556 ἡμῶν
2907 4490 3189 4557 γραφεῖσι.
3229 4489 3434 4545 Τοῦτον
3455 4491 3514 4545 δὲ
3541 4493 3632 4545 τὸν
3657 4490 3730 4542 λί-

492 4580 798 4634 secundum
831 4578 1050 4634 solitum
1082 4577 1340 4634 Ecclesia:
1368 4579 1552 4646 ritum,
1577 4581 1718 4636 idem
1741 4589 1946 4638 sancta:
1974 4598 2062 4638 re-

490 4671 828 4727 cordationis
858 4671 1078 4741 scripsit
1111 4671 1286 4727 beatis
1317 4678 1372 4726 et
1413 4671 1542 4727 almi
1571 4673 1793 4728 termini
1834 4674 2064 4729 sanctis-

493 4762 650 4818 simis
700 4761 1052 4833 patriarehis,
1088 4763 1300 4820 Cosma:
1357 4763 1567 4820 scilicet
1607 4764 1972 4830 Alexandriae,
2003 4779 2067 4820 ac

493 4851 788 4910 Theodoro
842 4852 1146 4910 Antiochiae
1183 4852 1560 4924 Theopoleos;
1583 4856 1674 4925 qui
1705 4863 1764 4911 et
1787 4855 2065 4925 reciproca

491 4941 767 5014 Synodica
824 4957 1018 4998 eorum
1045 4983 1062 5009 ,
1097 4943 1222 4998 dum
1275 4943 1453 4998 adhuc
1504 4943 1744 5010 viveret,
1790 4945 2065 5014 recepisse

495 5035 854 5104 dignoscitur.
908 5035 1212 5090 Incolumes
1290 5049 1387 5089 vos
1462 5047 1559 5100 pro
1626 5035 1782 5092 nobis
1845 5045 2064 5090 orantes

495 5123 762 5180 Dominus
812 5135 1115 5194 conservet,
1147 5125 1476 5184 sanctissimi
1497 5135 1552 5182 et
1573 5127 1836 5183 divinitus
1890 5126 2063 5182 hono-

493 5229 620 5270 ra't.

587 5384 661 5448 ⁵³1
692 5394 817 5452 Cor.
863 5412 973 5462 xvi,
1013 5394 1094 5451 l3.

2158 4579 2345 4634 ϐελλον
2365 4577 2506 4634 κατὰ
2531 4577 2622 4632 τδν
2643 4577 2848 4649 συνήθη
2869 4576 3072 4648 θεσμὸν
3100 4580 3202 4651 τῆς
3231 4580 3560 4652 Ἐκκλησίας
3585 4581 3615 4633 6
3637 4579 3730 4634 αὐ-

2159 4671 2253 4735 τὸς
2275 4673 2340 4724 ὲν
2374 4669 2506 4740 ἁγίᾳ
2532 4671 2598 4741 τῇ
2625 4669 2775 4740 λήξει
2803 4668 3130 4741 γεγράφηκε
3161 4673 3275 4734 τοῖς
3322 4673 3612 4744 μακαρίοις
3644 4671 3731 4724 καὶ

2163 4762 2222 4814 ὲν
2245 4759 2368 4830 ὁσία
2390 4761 2458 4830 τῇ
2497 4757 2651 4829 λήξει
2707 4758 3034 4825 ἁγιωτάτοις
3094 4757 3481 4830 πατριάρχαις,
3511 4757 3724 4825 Κοσμᾷ,

2165 4850 2346 4922 φαμὲν
2375 4889 2390 4914 ,
2413 4848 2492 4920 τῷ
2536 4847 2969 4921 Ἀλεξανδρείας,
2997 4850 3092 4904 καὶ
3125 4848 3384 4921 Θεοδώρῳ
3422 4849 3499 4920 τῷ
3539 4849 3732 4902 Ἀντιο-

2169 4943 2320 5015 χείας
2378 4941 2746 5006 Θεουπόλεως,
2775 4941 2836 5005 δς
2889 4942 2985 4996 καὶ
3026 4943 3094 4997 τὰ
3135 4941 3517 4997 ἁντισυνοδικὰ
3557 4935 3728 4995 αὐτῶν

2169 5037 2248 5088 ἔτι
2268 5033 2378 5100 ζῶν
2398 5033 3039 5106 ἐδέξατο.ίἘρῤωμένους
3068 5035 3099 5088 ύ
3107 5035 3214 5105 μᾶς
3239 5034 3330 5088 καὶ
3349 5035 3480 5106 ἡμῖν
3496 5028 3720 5101 εὐχομέ-

2171 5142 2296 5188 νους
2342 5127 2372 5179 ὁ
2428 5124 2635 5198 Κύριος
2665 5125 3063 5196 διαφυλάξειεν,
3104 5123 3394 5196 ἁγιώτατοι
3437 5123 3532 5179 καὶ
3557 5117 3726 5176 θεοτί-

2171 5235 2356 5290 μητοι.
