4090 6286
378 377 518 446 Πῗῖ
758 457 773 489 ι

1123 495 1211 560 εἷ’·
1259 511 1267 518 ’

391 579 694 651 Ἀδελφοῖς
727 579 826 651 καὶ
848 581 1341 651 συλλειτουργοῖς
1367 581 1518 638 πᾶσι
1549 581 1674 647 τοῖς
1701 581 1957 651 ὁσιωτά-

448 666 577 714 τοις
595 649 956 721 ρπισκρπ-οις
1019 648 1131 721 τῆς
1172 648 1576 721 φιλοχρίστου
1627 649 1954 716 Σικελῶν⁶,

455 716 746 784 Ταρὰσιος
767 719 917 788 ἐλέῳ
942 720 1092 773 Θεοῦ
1123 716 1458 788 ἐπὶίσκὸῖτος
1473 725 1956 776 Κωνσταντινου-

449 789 686 854 πόλεως
718 787 864 854 ’νέας
911 789 1162 859 Ῥώμης.

449 879 513 934 οι
539 881 652 944 τοῖς
699 880 864 944 θείοις
923 881 1106 952 σοφῶς
1159 884 1568 955 ἐμμελετῶντες
1631 884 1832 955 λόγοις,
1865 885 1961 940 καὶ

380 969 770 1042 ἐρευνητικῶς,
803 971 900 1026 καὶ
925 972 984 1024 ού
1019 973 1422 1042 παροδευτικῶς
1467 976 1526 1028 ἐν
1563 975 1747 1040 αὐτοῖς
1799 975 1963 1034 ἐγκύ-

382 1079 629 1130 πτοντες,
647 1065 740 1116 καὶ
765 1063 858 1118 τὸν
889 1061 1014 1118 νοῦν
1041 1063 1219 1120 αὐτῶν
1253 1067 1320 1137 τῇ
1339 1066 1590 1140 εὐσεϐείᾳ
1619 1071 1714 1124 καὶ
1735 1072 1800 1142 τῇ
1831 1069 1965 1140 ἁλη-

381 1154 504 1224 θεία
537 1153 988 1227 προσπηγνύντες
1015 1195 1031 1222 ,
1071 1157 1398 1226 φωτίζονταί
1459 1177 1576 1225 πως
1635 1163 1964 1234 θαυμαστῶς

381 1245 489 1298 ἀπὸ
520 1245 692 1316 ὀρέων
719 1246 1046 1314 αίωνίων,ὲξ
1075 1249 1451 1304 ἀποστολικῶν
1481 1254 1840 1324 προφητικῶν
1870 1271 1961 1317 τε,

384 1335 551 1407 φημὶ,
581 1335 675 1390 καὶ
705 1337 990 1406 πατρικῶν
1017 1338 1384 1410 διδαγμάτων,
1421 1343 1515 1395 καὶ
1547 1346 1615 1414 τῇ
1649 1344 1810 1418 αἴγλῃ
1834 1343 1966 1414 τηλ-

384 1429 672 1499 αυγήσεως
741 1429 1084 1501 προορῶνται
1118 1431 1211 1486 τὸν
1253 1432 1464 1504 ,κύριον
1517 1435 1749 1490 ἐνώπιον
1799 1435 1966 1490 αὐτοῦ

382 1519 697 1584 διαπαντὸς,
725 1521 820 1575 καὶ
844 1521 932 1574 διὰ
959 1521 1059 1592 τῆς
1080 1523 1390 1594 πρακτικῆς
1410 1525 1613 1596 ἀρετῆς
1635 1526 1775 1597 πρὸς·
1823 1525 1962 1580 θεω-

383 1609 508 1686 ρίαν
536 1611 826 1679 ἀνάγονται
849 1627 864 1642 ·
897 1608 1017 1668 εἶτά
1045 1629 1104 1666 τε
1136 1615 1229 1668 καὶ
1279 1613 1380 1686 τὴν
1425 1615 1766 1688 δογματικὴν
1828 1617 1970 1672 διδα-

387 1701 625 1756 σκαλίαν
658 1703 888 1768 ταύταις
917 1704 1342 1776 ἀναμιγνύντες,
1371 1709 1511 1776 σφᾶς
1538 1724 1598 1760 τε
1631 1709 1826 1772 αὐτοὺς
1875 1709 1970 1762 καὶ

307 1801 346 1840 ὀ
385 1793 513 1893 τοὺς
541 1791 736 1857 ἄλλους
767 1794 906 1866 πρδς
953 1796 1054 1866 τὴν
1087 1795 1352 1878 ,ἀλήθειαν
1405 1799 1845 1866 ἐκπαιδεύοντες,
1908 1800 1970 1857 τὸ
1999 1837 2044 1893 Β

385 1879 518 1955 ἦθος
548 1885 643 1940 τοῦ
680 1885 798 1956 βίου
832 1873 1182 1958 ῥυθμίζουσι,
1217 1889 1314 1944 καὶ
1339 1889 1444 1944 τῶν
1467 1891 1676 1961 γηΐνων
1701 1893 1970 1963 ὑπερανα-

385 1975 713 2046 6ε6ηκὸτες,
737 1977 809 2031 τὰ
829 1977 942 2031 ἄνω
985 1979 1266 2051 φρονοῦσι,
1327 1981 1422 2034 καὶ
1453 1981 1648 2054 ὥσπερ
1675 1983 1740 2037 τὸ
1768 1983 1968 2053 διαφα-

293 2112 298 2116 .
387 2065 477 2132 νές
510 2068 656 2140 ὕδωρ
685 2069 1026 2140 ἐκμάσσεται
1055 2070 1166 2125 τῶν
1188 2072 1520 2143 εἰσρεόντων
1541 2073 1642 2139 τὰς
1665 2074 1817 2144 ὄψεις
1877 2075 1972 2128 καὶ

388 2157 554 2212 αὑτοῦ
577 2159 672 2213 τοῦ
707 2160 860 2232 ἡλίου
890 2162 982 2218 τὸν
1015 2162 1214 2218 κύκλον
1253 2165 1348 2219 καὶ
1375 2163 1486 2220 τῶν
1514 2166 1764 2236 οὐρανῶν
1785 2167 1853 2220 τὰ
1872 2166 1972 2220 κύ-

389 2267 477 2323 τη,
518 2251 663 2306 οὕτω
693 2255 790 2308 καὶ
817 2255 972 2310 αὐτοὶ
1001 2257 1120 2322 νόες
1145 2257 1402 2329 καθαροὶ,
1433 2257 1516 2312 νοῒ
1544 2258 1768 2331 καθαρῷ
1805 2273 1972 2331 προσ-

393 2343 738 2414 μιγνύμενοι,
771 2338 888 2400 οἷόν
907 2364 960 2400 τι
988 2348 1286 2419 ἐκμαγεῖον
1314 2348 1410 2402 καὶ
1433 2350 1748 2420 ⁵κάτοπτρον
1794 2349 1974 2420 γίνον-

389 2450 479 2490 ται
501 2435 602 2506 τῆς
631 2435 781 2502 θείας
809 2437 988 2509 δόξης,
1001 2438 1078 2503 ὡς
1101 2441 1130 2493 ὁ
1160 2438 1360 2510 Κύριος
1386 2440 1488 2513 ἔφη
1514 2456 1528 2472 ⁸
1568 2459 1588 2493 ι
1613 2442 1890 2514 Μακάριοι
1921 2442 1971 2497 οἱ

391 2527 622 2598 καθαροὶ
639 2530 706 2600 τῇ
731 2529 952 2602 καρδίᾳ,
979 2530 1063 2584 ὅτι
1092 2531 1250 2584 αὐτοὶ
1279 2531 1373 2586 τὸν
1395 2531 1529 2585 Θεὸν
1555 2531 1774 2602 ὖψονται
1793 2551 1837 2586 Ὶ
1876 2535 1972 2588 καὶ

390 2618 557 2686 ἀξίως
583 2617 740 2672 θῦται
765 2621 862 2672 καὶ
891 2621 1058 2692 ἱερεῖς
1098 2621 1194 2675 καὶ
1258 2621 1598 2694 μυσῆπόλοι
1655 2621 1972 2692 ἐκλέγονται

391 2709 486 2765 τοῦ
505 2709 634 2764 λαοῦ
673 2709 1161 2783 προκαθεζόμενοι,
1191 2713 1274 2766 ὅτι
1310 2713 1404 2767 καὶ
1441 2715 1572 2786 περὶ
1601 2713 1786 2768 αὐτῶν
1815 2715 1974 2790 ἐἰρη-

391 2817 482 2856 ται
507 2819 522 2832 ’
551 2821 570 2856 ι
608 2800 787 2858 Ὅπου
816 2803 922 2856 είσὶ
939 2803 1074 2875 δύοῆ
1101 2807 1250 2876 τρεῖς
1267 2796 1598 2876 συνηγμένοι
1626 2807 1720 2860 ἐπὶ
1749 2803 1828 2877 τῷ
1854 2805 1972 2859 δνό-

395 2893 523 2963 ματί
549 2911 676 2964 μου,
718 2883 836 2948 ἐκεῖ
873 2897 988 2966 είμι
1049 2896 1108 2950 ἐν
1145 2895 1296 2968 μέσῳ
1333 2897 1532 2952 αὐτῶν.
1561 2917 1580 2950 ι
1618 2899 1844 2968 Ἀνδρες
1881 2893 1975 2951 οὖν

393 2983 700 3054 ἐπιθυμιῶν
728 2985 836 3038 τῶν
876 2985 972 3038 τοῦ
1017 2985 1350 3056 πνεύματος,
1411 2987 1688 3058 ἀκούομεν
1747 2987 1831 3040 ὅτι
1882 2986 1974 3040 τὸν

394 3076 679 3130 κανονικὸν
705 3074 907 3146 θεσμὸν
953 3076 1314 3145 φυλάττοντες
1352 3067 1790 3150 ’συναθροίζεσθε
1849 3079 1973 3132 καθ’

1807 378 2212 446 EPISTOL/E.

1985 499 2032 556 Δ

3503 377 3523 445 1
3536 377 3635 444 478

2835 465 2921 520 Vl‘

2065 575 2346 630 Fratribus
2397 587 2446 630 et
2497 577 2872 632 comministris
2931 575 3174 630 omnibus
3203 578 3551 634 sanctisointis
3590 588 3642 633 et

2131 637 2330 718 Christi
2361 647 2664 701 amantibus
2695 649 2950 718 episc0pis
2984 645 3284 700 Siculorum
3309 687 3324 712 ,
3386 647 3642 704 Tarasius

2133 715 2228 839 get
2262 719 2603 858 misﬁatione
2635 715 2907 788 cpiscopus
2936 718 3462 788 Constantinopoleos
3499 735 3644 774 nam:

2181 795 2359 857 omw(
2428 826 2444 842 .
3249 825 3252 827 λ

2181 803 2314 842 οηιω
2343 795 2444 857 (1).
3249 825 3252 827 λ

2133 877 2238 944 Qui
2261 879 2444 934 divina
2473 881 2748 950 sapienter
2774 876 3106 936 meditantur
3137 881 3380 948 oracula,
3403 881 3640 936 curiose.

2063 985 2171 1040 que
2203 971 2329 1036 illa,
2377 987 2485 1027 non
2535 971 2942 1041 perfunctorie,
2973 975 3346 1039 considerant,
3377 987 3650 1042 suamque

2064 1069 2303 1118 mentem
2332 1062 2390 1116 in
2441 1063 2642 1132 pietate
2679 1078 2744 1118 ac
2773 1068 3004 1119 veritate
3029 1064 3292 1135 deligunt,
3350 1063 3389 1118 ii
3453 1063 3651 1118 illumi-

2066 1166 2266 1218 nautur
2291 1153 2616 1210 mirabiliter
2655 1171 2718 1210 ex
2755 1155 3036 1211 montibus
3069 1156 3310 1221 aeternis,
3335 1171 3400 1211 ex
3433 1166 3651 1226 aposto-

2066 1244 2196 1307 lico,
2223 1245 2466 1314 inquam,
2503 1253 2558 1300 et
2583 1247 2906 1316 prophetico
2949 1245 3282 1316 Pati-umque
3313 1247 3648 1316 magisterio,
3689 1274 3693 1294 ι

2068 1349 2132 1388 ac
2159 1336 2453 1405 splendore
2486 1337 2770 1392 radiorum
2801 1337 2923 1407 ejus
2955 1335 3248 1391 Dominum
3269 1352 3456 1392 coram
3483 1337 3605 1391 Vcln
3637 1338 3650 1390 i

2068 1439 2284 1494 semper
2309 1436 2596 1496 spectant,
2639 1436 2692 1482 ct
2726 1442 2824 1496 per
2867 1427 3099 1481 activam
3130 1429 3386 1483 virtutem
3421 1429 3488 1484 ad
3520 1444 3654 1484 con-

2071 1517 2486 1588 templationem
2539 1519 2906 1575 deducuntur.
2943 1519 3148 1576 Deinde
3172 1521 3258 1576 bis
3291 1522 3652 1592 dogmaticam

2069 1619 2289 1680 quoque
2319 1611 2688 1667 admiscentes
2741 1611 3047 1666 doctrinam
3110 1613 3436 1683 semetipsos
3492 1623 3658 1685 atque

2070 1704 2208 1759 alios
2237 1703 2304 1759 ad
2327 1705 2610 1759 veritatem
2631 1703 2912 1770 erudiunt,
2937 1705 3059 1759 vitae
3092 1720 3271 1760 mores
3295 1719 3656 1776 componunt,

2070 1805 2125 1851 et
2155 1811 2321 1866 supra
2353 1811 2440 1854 res
2469 1807 2718 1852 terrenas
2752 1797 2903 1861 elati,
2939 1797 3189 1852 ccelestia
3217 1807 3494 1868 quaerunt,
3545 1815 3661 1855 coe-

2070 1885 2231 1943 lestia
2255 1887 2474 1956 sapiunt
2501 1904 2514 1940 :
2546 1901 2614 1942 ac
2635 1886 2806 1941 veluti
2828 1901 2968 1957 aqua
3001 1886 3227 1958 limpida
3252 1897 3449 1958 purgat
3471 1888 3660 1944 lavan-

2073 1979 2208 2032 tium
2237 1978 2448 2042 oculos,
2484 1986 2539 2033 et
2577 1979 2764 2048 ipsius
2786 1978 2919 2034 solis
2965 1977 3238 2048 Sphmram
3286 1987 3342 2034 et
3391 1980 3661 2036 caelorum

2071 2085 2332 2135 concava,
2375 2069 2461 2125 sic
2491 2079 2546 2125 et
2570 2071 2691 2126 ista:
2719 2085 2871 2140 purae
2888 2079 3120 2135 mentes,
3145 2086 3298 2142 purae
3319 2074 3486 2128 menti
3513 2090 3661 2130 com.

2072 2161 2268 2227 mistae,
2308 2149 2633 2230 expressum
2673 2159 2842 2214 veluti
2874 2159 3234 2215 simulacrum
3267 2163 3663 2232 speculumque

2071 2254 2211 2308 ﬁunt
2231 2252 2418 2323 gloriae
2441 2251 2662 2316 divinae,
2694 2259 2755 2308 ut
2789 2251 2867 2306 ait
2889 2250 3190 2308 Dominus:
3222 2267 3243 2306 ι
3275 2252 3422 2308 Beati
3456 2255 3664 2310 mundo

2072 2344 2274 2407 corde,
2315 2342 2578 2412 quoniam
2597 2342 2702 2412 ipsi
2741 2341 2920 2396 Deum
2943 2341 3254 2404 videbunt:
3297 2366 3316 2400 ι
3359 2344 3664 2414 meritoque

2073 2433 2369 2490 sacriﬁculi
2397 2443 2451 2490 et
2475 2434 2790 2490 sacerdotes
2823 2441 2879 2488 et
2913 2440 3106 2504 mysta:
3136 2433 3204 2488 ad
3237 2434 3418 2504 populi
3452 2450 3664 2504 praesu-
3725 2438 3728 2442 '

2074 2525 2242 2580 latum
2262 2524 2560 2594 eliguntur.
2593 2525 2720 2594 quia
2743 2525 2809 2580 de
2839 2524 2926 2580 his
2951 2523 3156 2580 dictum
3174 2522 3282 2579 fuit
3306 2541 3319 2578 :
3347 2545 3364 2577 ι
3405 2523 3502 2580 Ubi
3534 2533 3666 2582 sunt

2074 2615 2182 2669 duo
2214 2614 2298 2668 vel
2324 2623 2434 2670 tres
2461 2613 2670 2670 collecti
2705 2613 2758 2668 in
2791 2613 3012 2669 nomine
3042 2629 3186 2680 meo,
3221 2614 3294 2668 ibi
3319 2631 3440 2670 sum
3469 2615 3522 2670 in
3549 2632 3664 2671 me-

2075 2703 2164 2759 dio
2199 2719 2390 2759 eorum
2419 2703 2491 2756 ⁸¹.
2525 2722 2544 2754 υ
2571 2701 2615 2758 Ο
2645 2703 2750 2756 viri
2779 2702 2964 2772 itaque
2989 2701 3387 2756 desideriorum
3415 2703 3662 2772 spiritus,

2057 2793 2388 2851 audivimus
2429 2810 2527 2851 vos
2575 2796 2854 2850 canonica:
2893 2794 2999 2864 legi
3033 2795 3402 2866 obsequentes
3431 2809 3664 2867 congreo

2075 2889 2196 2959 gari
2225 2889 2405 2944 solere
2433 2888 2666 2959 singulis
2699 2887 2860 2942 annis
2908 2887 2980 2942 ob
3027 2887 3440 2957 dijudieandum
3477 2889 3544 2944 de
3567 2903 3666 2944 oc-

2076 2981 2426 3037 currentibus
2453 2981 2505 3034 in
2541 2980 2794 3036 universa
2816 2990 2998 3034 vestra
3021 2980 3301 3050 provincia
3333 2981 3666 3036 ecclesiasti-

2076 3073 2157 3130 cis
2189 3073 2456 3144 negotiis;
2499 3081 2556 3128 et
2588 3073 2734 3142 quod
2760 3073 3008 3142 apprime
3043 3073 3338 3128 Dominum
3373 3074 3666 3144 invocatis,

393 3166 624 3222 ἕκαστον
645 3168 837 3241 χρόνον
861 3167 952 3222 ἐπὶ
977 3169 1040 3222 τὸ
1061 3169 1358 3242 διακρίνειν
1387 3171 1456 3228 τὰ
1481 3172 1975 3242 παρατυγχάνοντα

2080 3173 2142 3220 ut
2163 3162 2403 3234 Spiritus
2447 3163 2680 3235 gratiam
2709 3162 2765 3217 in
2795 3179 2892 3218 vos
2926 3162 3251 3231 immittens,
3288 3163 3380 3219 det
3420 3173 3665 3222 vestrum

394 3253 823 3328 ἐκκλησιαστικά
851 3259 1124 3330 κεφάλαια
1147 3261 1241 3314 ἐπὶ
1267 3261 1418 3334 πάσῃ
1441 3265 1506 3334 τῇ
1526 3264 1767 3335 ἐπαρχίᾳ
1799 3264 1829 3317 ὑ
1837 3264 1977 3336 μῶν,

394 3345 492 3398 καὶ¹
519 3349 734 3411 πάντως
763 3348 1108 3402 ἐπικαλεῖσθε
1139 3349 1231 3404 τὸν
1261 3351 1486 3424 Κύριον,
1556 3353 1644 3406 ἵνα
1679 3354 1778 3426 τὴν
1820 3355 1980 3426 χάριν

393 3436 834 3510 τοῦῐΙνεύματος
888 3440 1269 3512 καταπέμπων
1302 3443 1454 3512 ὑμῖν,
1478 3443 1552 3513 δῷ
1581 3444 1798 3512 ἑκάστῳ
1825 3443 1980 3514 ὑμῶν

395 3527 550 3597 λόγον
589 3529 875 3593 συνέσεως,
909 3530 1064 3598 λόγον
1097 3532 1249 3596 θείας
1285 3531 1507 3603 βουλῆς,
1540 3532 1701 3602 λόγον
1729 3527 1980 3604 φυλακῆς

397 3617 634 3672 ἐντολῶν
667 3619 829 3687 Θεοῦ,
861 3621 1020 3689 λόγον
1045 3622 1331 3692 τηρήσεως
1380 3623 1683 3692 κανονικῶν
1720 3623 1982 3696 διδαγμά-

395 3726 506 3764 των
551 3711 673 3774 ταῖς
713 3713 1010 3783 κοσμικαῖς
1060 3713 1308 3784 φροντίσι
1363 3715 1486 3778 ταῖς
1535 3698 1980 3786 ἐναντιουμέναις

395 3804 508 3866 τοῖς
529 3801 917 3874 προστάγμασι
948 3802 1042 3858 τοῦ
1070 3804 1210 3865 Θεοῦ
1235 3805 1450 3879 χαίρειν
1477 3805 1750 3876 λέγοντες,
1811 3824 1982 3871 πνευτ

399 3891 646 3964 ματικῶς
676 3893 1026 3964 πνευματικὰ
1056 3895 1407 3967 συγκρίνετε,
1465 3894 1540 3968 μὴ
1583 3897 1978 3970 προκρίναντες

397 3984 466 4039 τὰ
497 3985 814 4058 ἀνθρώπινα
846 3987 957 4044 τῶν
987 3987 1375 4059 πνευματικῶν
1400 4003 1414 4017 ·
1446 3987 1606 4042 τοῦτο
1629 3987 1738 4059 γὰρ
1769 3989 1982 4062 ἀνθρω-

407 4077 558 4149 πίνης
588 4079 808 4150 χάριτος
833 4078 1016 4152 ἔργον,
1045 4081 1108 4134 ού
1151 4079 1254 4152 τῆς
1281 4079 1375 4134 τοῦ
1423 4079 1742 4153 Πνεύματος
1763 4099 1778 4112 ·
1827 4083 1881 4136 τί
1923 4082 1982 4136 δέ

399 4172 504 4224 εισι
542 4171 610 4224 τὰ
644 4173 994 4241 πνευματικά
1020 4191 1036 4240 ;
1061 4171 1426 4242 εύαγγελικαὶ⁹
1461 4173 1794 4243 ἀποφάσεις,
1839 4173 1980 4228 ἁπο-

401 4261 646 4316 στολικαὶ
674 4262 952 4332 διαταγαὶ,
988 4265 1059 4321 τὰ
1099 4263 1210 4318 τῶν
1273 4265 1434 4320 θείων
1491 4265 1734 4319 κανόνων
1791 4265 1983 4321 διατά-

2083 3255 2380 3327 unicnique
2401 3256 2708 3312 doctrinam
2747 3255 3139 3328 intelligentia,
3178 3256 3487 3313 doctrinam
3521 3256 3666 3312 divi-

2083 3363 2168 3403 nae
2204 3348 2544 3414 voluntatis,
2601 3347 2910 3404 doctrinam
2968 3349 3231 3406 custodiae
3279 3349 3664 3419 mandatorum

2085 3434 2202 3501 Dei,
2241 3436 2547 3492 doctrinam
2574 3437 2937 3494 observantiae
2959 3455 3232 3498 canonum
3265 3459 3282 3496 :
3311 3450 3366 3498 et
3395 3444 3543 3513 quod
3573 3442 3669 3498 dc-

2083 3524 2252 3594 nique
2287 3525 2582 3596 mundanis
2611 3526 2761 3583 curis
2785 3567 2802 3596 ,
2833 3541 2956 3598 quae
2990 3528 3194 3586 divinis
3243 3533 3532 3602 praeceptis
3565 3534 3666 3589 ad-

2081 3627 2397 3680 versantur,
2432 3617 2554 3673 vale
2575 3616 2844 3683 dicentes,
2871 3618 3193 3688 spiritaliter
3213 3623 3480 3691 spiritalia
3511 3627 3670 3696 judi-

2083 3707 2258 3772 catis,
2313 3707 2554 3763 humana
2606 3709 2947 3779 spiritalibus
2982 3724 3092 3766 non
3133 3720 3532 3782 anteponentes
3564 3733 3578 3771 :
3609 3717 3671 3772 id

2083 3797 2228 3852 enim
2261 3798 2514 3854 humanas
2541 3800 2732 3872 gratiae
2765 3799 3002 3856 oliicium
3038 3811 3144 3870 est,
3179 3819 3286 3859 non
3320 3804 3468 3860 illius
3497 3822 3666 3877 quant

2083 3889 2322 3961 Spiritus
2345 3890 2460 3946 dat.
2500 3892 2762 3958 Quaenam
2790 3903 2971 3948 autem
3001 3903 3132 3950 sunt
3160 3894 3470 3964 spiritalia?
3499 3913 3670 3954 evan-

2085 3982 2254 4053 gelica
2294 3998 2487 4054 nempe
2517 3992 2784 4054 praecepta
2805 4025 2822 4051 ,
2855 3985 3167 4055 apostolicae
3219 3990 3672 4058 constitutiones,

2085 4091 2369 4130 sacrorum
2405 4091 2681 4132 canonum
2720 4077 3116 4136 ordinationes.
3152 4079 3375 4150 Absque
3403 4081 3487 4138 his
3519 4083 3674 4138 enim

2084 4168 2519 4226 ecclesiasticum
2567 4169 2836 4240 judicium
2901 4183 2929 4224 a
2967 4170 3242 4226 maledicti
3300 4183 3497 4229 natura
3555 4191 3673 4232 non

2085 4258 2287 4326 dili'ert,

399 4368 584 4424 γματα
603 4369 617 4386 ο
645 4354 802 4418 ἐκτὸς
829 4329 944 4426 «ξάῤ
963 4353 1188 4424 τούτων,
1213 4354 1392 4426 κρίσις
1419 4353 1848 4426 ἐκκλησιαστικὴ
1881 4354 1986 4409 λοι·
2012 4329 2093 4406 11⁸

399 4443 585 4514 δορίας
613 4443 768 4498 οὐδὲν
796 4444 910 4514 εχει
931 4444 1118 4500 πλέον.
1623 4513 1628 4523 ι
1959 4511 1963 4514 ,

471 4532 564 4585 Διὸ
592 4532 685 4586 καὶ
713 4533 748 4604 ή
777 4531 908 4602 ἁγία
965 4531 1205 4599 σύνοδος,
1245 4536 1278 4603 ή
1323 4533 1466 4588 κατὰ
1507 4533 1646 4588 Θεοῦ
1695 4531 1856 4606 χάριν
1885 4536 1982 4588 καὶ

403 4623 658 4679 εὐδοκίαν
685 4622 1136 4696 συναθροισθεῖσα
1185 4624 1243 4676 ἐν
1271 4623 1479 4695 Νικαίᾳ
1501 4625 1560 4678 ἐν
1608 4626 1722 4688 τοῖς
1767 4624 1982 4696 χρόνοις

401 4714 582 4788 ἡμῶν,
609 4715 690 4778 εἰς
717 4713 787 4784 ἢν
819 4714 912 4766 καὶ
940 4713 991 4766 οἱ
1044 4711 1267 4777 πλείους
1296 4714 1452 4785 ὑμῶν
1503 4713 1784 4786 εύρέθητε,
1843 4714 1984 4787 μετὰ

399 4810 463 4865 τὸ
508 4807 689 4881 ὁρίσαι
749 4805 1071 4880 κρατεῖσθαι
1126 4805 1225 4878 τὴν
1259 4806 1495 4886 άρχαίαν
1551 4807 1856 4880 παράδοσιν
1884 4804 1984 4880 τῆς

399 4902 562 4972 ἁγίας
597 4898 694 4955 τοῦ
719 4898 856 4954 Θεοῦ
904 4897 1202 4970 καθολικῆς
1245 4897 1594 4969 Ἐκκλησίας,
1621 4899 1983 4971 ἀποδέχεσθαι

401 4993 498 5058 τὰς
523 4993 728 5058 σεπτὰς
753 4993 848 5048 καὶ
878 4991 1040 5062 ἁγίας
1069 4991 1420 5058 είκύνας,καὶ
1451 4990 1762 5062 ἀναθέματι
1802 5009 1982 5064 παρα-

403 5085 696 5158 πέμπουσα
710 5087 838 5151 τοὺς
857 5086 1206 5158 αἰρεσιώτας,
1227 5083 1323 5148 οὓς
1340 5084 1984 5156 Χριστιανοκατηγόρους

405 5180 494 5234 καὶ
524 5177 954 5243 Είκονοκλάστας
981 5180 1015 5250 ἡ
1039 5176 1268 5248 ἀλήθεια
1304 5177 1608 5246 ὠνόμασεν,
1625 5177 1948 5249 ἀπεφήνατο
1967 5195 1982 5210 °

405 5270 500 5324 καὶ
525 5270 682 5324 αὐτοὶ
715 5269 1016 5324 ἐπίστασθε
1043 5270 1220 5324 πάντα
1242 5271 1310 5323 τὰ
1342 5269 1602 5322 κανονικὰ
1639 5267 1986 5338 διατάγματα

406 5361 822 5436 ἀπαρατρώτως
879 5361 1268 5435 ἀναμφιϐόλως
1311 5359 1678 5432 φυλάττεσθαι
1721 5363 1818 5416 καὶ
1845 5380 1986 5434 κρα-

403 5452 614 5506 τεῖσθαι
641 5453 1080 5526 άμιίωταπαρὸ
1099 5453 1320 5508 πάντων
1347 5451 1506 5535 ὑμῶν
1544 5451 1739 5526 ἱερέων
1767 5453 1863 5507 καὶ
1897 5471 1987 5526 μο-

469 5566 513 5598 "
557 5564 746 5626 Matth.
778 5585 934 5636 xvm,
957 5567 1046 5624 90.

477 5677 716 5752 (_t)_Vide
743 5679 890 5736 dicta
911 5681 1207 5752 brevitera
1234 5681 1394 5737 nobis
1425 5680 1480 5736 in
1515 5687 1674 5752 parte
1701 5680 1891 5734 amca
1921 5693 1977 5752 ρ.

409 5745 542 5823 162}.
563 5745 1126 5823 Insupe‘rhdeTarasio
1153 5745 1534 5823 Nicephorum=
1555 5761 1694 5823 part.
1725 5753 1824 5823 lat.
1845 5767 1896 5820 p.
1923 5745 1977 5815 3,

409 5817 569 5889 cujus
590 5817 917 5876 laudabilem
941 5832 1122 5878 actum
1161 5823 1234 5878 ibi
1263 5817 1622 5879 memoratum
1663 5817 1858 5890 inique
1890 5836 1979 5876 re-

2154 4527 2498 4600 Quapropter
2525 4537 2715 4586 sancta
2742 4531 2908 4586 etiam
2936 4530 3203 4604 synodus,
3241 4532 3336 4588 Dei
3384 4532 3556 4604 gratia
3602 4549 3670 4590 ac

2083 4619 2424 4690 beneplaeito
2445 4617 2641 4678 Nicaeae
2667 4631 2853 4678 nostra
2873 4632 3031 4679 aetate
3059 4631 3412 4695 congregata,
3435 4625 3523 4680 cui
3553 4625 3665 4696 ple-

2084 4712 2242 4784 rique
2276 4713 2439 4768 etiam
2469 4724 2713 4771 vestrum
2745 4715 3089 4783 interfuistis,
3111 4726 3398 4789 postquam
3421 4717 3669 4774 delinivit

2084 4808 2517 4862 conservandam
2547 4824 2670 4864 esse
2699 4819 2938 4866 veterem
2995 4821 3202 4866 sanctae
3236 4809 3332 4866 Dei
3382 4809 3672 4866 catholicae

2085 4899 2344 4957 Ecclesia:
2377 4901 2748 4965 traditionem,
2797 4903 2867 4958 de
2909 4903 3314 4959 vcnerabilibus
3354 4905 3672 4974 sanctisque

2084 4991 2420 5068 imaginibus
2465 4995 2837 5066 recipiendis,
2902 4997 3237 5052 anathemati
3295 4995 3673 5062 subjiciendos

2053 5100 2209 5162 .csse
2233 5087 2551 5153 haereticos,
2575 5105 2716 5160 quos
2747 5089 3358 5160 Christianoeategoras
3385 5087 3674 5160 (Christia-

2086 5194 2282 5235 norum
2319 5187 2707 5255 accusatores)
2762 5193 2818 5239 et
2861 5181 3230 5240 lconoclastas
3278 5199 3442 5239 verus
3488 5197 3672 5239 sermo

2088 5272 2356 5340 nominat,
2391 5274 2650 5330 decrevit.
2707 5275 2922 5331 Cuncta
2957 5283 3139 5331 autem
3169 5277 3467 5332 constituta
3493 5273 3672 5328 invio-

2089 5362 2325 5420 labiliter
2357 5375 2408 5420 et
2438 5365 2591 5422 firme
2621 5368 2881 5424 custodiri
2913 5351 3509 5439 nostisJintegramque
3527 5366 3666 5436 apud

2088 5469 2192 5512 nos
2220 5472 2416 5515 omnes
2467 5460 2782 5518 sacerdotes
2834 5477 2900 5517 ac
2945 5462 3252 5517 monachos
3296 5469 3461 5526 atque
3499 5457 3670 5513 laicos

2087 5681 2376 5806 prehendit
2417 5695 2610 5740 auctor
2645 5686 2906 5768 librorum
2941 5683 3317 5768 Carolinorum
3347 5680 3440 5736 lib.
3479 5694 3539 5735 ιιι
3563 5723 3577 5747 ,
3611 5680 3666 5736 9.

2133 5752 2366 5806 aberant
2413 5766 2595 5806 tamen
2626 5759 2807 5806 annua
2847 5756 3184 5806 obscuritate
3226 5753 3309 5806 vel
3357 5751 3666 5806 corruptela

2133 5752 2366 5827 aberant
2413 5766 2595 5811 tamen
2626 5757 2808 5827 aliqua
2847 5755 3184 5813 obscuritate
3226 5753 3309 5808 vel
3357 5751 3668 5823 corruptela

2089 5821 2203 5878 [nec
2233 5821 2553 5891 fragmenta.
