4090 6286
415 320 548 388 H79

1513 321 1582 376 S.
1613 314 1925 378 TARASII
1948 313 2452 378 ΡΑΤΒΙΑΒΟΙΙᾸῈ
2527 313 2630 375 CP.

3547 312 3688 380 M80

415 433 527 486 x-im
560 431 780 484 illorum
813 429 1156 496 conservari,
1212 428 1676 499 quemadmodum
1713 431 2000 500 perspicue
2029 438 2052 492 Α

2107 429 2285 498 ναχῶν
2316 429 2414 481 καὶ
2444 427 2668 491 λαῖκῶν,
2703 427 2778 491 ώς
2809 424 3022 495 τρανῶς
3046 423 3465 496 διαγορεὺουσιν
3495 428 3554 480 αι
3586 445 3686 498 ση-

413 522 616 576 docent
647 517 1034 588 synodicorum
1073 517 1194 586 ejus
1225 516 1487 571 librorum
1517 517 1831 585 scripturae.
1852 515 2000 570 Cun-

415 621 502 666 cta
537 611 683 665 enim
715 625 779 662 ex
811 607 1054 663 fontibus
1087 607 1302 663 lsraelis
1337 609 1530 663 hausta
1553 607 1727 671 fuere,
1755 607 2002 677 nihilque

417 709 613 769 printer
641 701 741 754 hos
770 699 1132 768 proclamavit
1177 707 1268 752 aut
1293 687 1481 751 omisit
1505 715 1517 750 :
1546 711 1782 768 namque
1809 695 2002 767 synodi

417 792 581 860 hujus
613 791 864 846 doctrina
912 805 1091 860 neque
1129 790 1529 845 incrementum
1587 789 1792 859 patitur
1826 803 2003 858 neque

415 883 811 937 detrimentum
848 901 861 936 :
893 881 1160 952 scriptum
1191 890 1274 935 est
1306 881 1476 945 enim,
1519 896 1586 934 ne
1614 873 1824 950 quid‘ei
1863 880 2004 948 adji-

417 976 614 1037 ciatur,
652 980 748 1027 aut
797 971 1104 1027 auferatur.
1136 973 1398 1040 Equidem
1434 981 1494 1025 ut
1527 972 1579 1024 in
1613 986 1802 1040 regum
1836 971 2001 1024 etiam

419 1066 680 1132 nummis,
711 1063 756 1118 si
788 1065 916 1133 quid
942 1063 1010 1118 de
1034 1073 1160 1134 typo
1181 1063 1630 1125 circumeidatur,
1658 1071 1808 1117 totus
1837 1078 2002 1116 nurn-

419 1172 542 1210 mus
577 1155 784 1208 inutilis
811 1153 1078 1220 eﬂicitur;
1117 1155 1188 1208 ita
1211 1155 1373 1208 etiam
1398 1155 1444 1209 si
1465 1155 1589 1223 quis
1606 1155 1688 1208 vel
1717 1155 1999 1207 minimum

420 1251 484 1300 de
513 1246 686 1301 sacris
719 1246 1022 1300 canonibus
1055 1246 1336 1300 subvertat
1359 1286 1374 1308 ,
1417 1245 1494 1299 rei
1551 1246 1821 1300 universae
1880 1260 2003 1299 cor-

420 1339 687 1408 rnptelam
736 1337 920 1392 infert.
971 1338 1063 1390 Sic
1108 1336 1368 1390 nimirum
1428 1337 1519 1406 qui
1569 1337 2002 1390 additamentum

421 1429 615 1484 divinae
645 1427 939 1497 Scriptura!
969 1436 1064 1482 aut
1101 1428 1273 1482 sacris
1306 1428 1614 1483 canonibus
1649 1437 1745 1480 aut
1781 1427 2004 1480 Patrum

422 1520 742 1590 magisterio
777 1519 1102 1583 moliuntur,
1137 1520 1422 1573 veritatem
1447 1520 1800 1588 exstinguere
1821 1517 2008 1584 explo-

424 1622 602 1665 ratum
635 1620 754 1677 est;
791 1620 842 1665 et
875 1612 1120 1681 ipsorum
1142 1611 1337 1681 lingua:
1361 1611 1598 1665 sonitum
1629 1609 1768 1665 falsa
1799 1609 2006 1663 locutio

425 1701 798 1771 subsequitur.
840 1700 982 1770 Ergo
1016 1710 1342 1755 mementote
1381 1700 1479 1756 Dei
1539 1700 1778 1755 dicentis
1815 1719 1828 1754 :
1867 1699 2004 1754 Cum

2107 519 2360 591 μειώσεις
2382 519 2490 573 τῶν
2529 518 2820 574 συνοδικῶν
2855 518 3028 588 αὐτῆς
3057 517 3253 587 βίϐλων
3278 534 3292 548 ο
3325 518 3468 572 κατά
3500 520 3683 574 πάντα

2103 611 2210 681 γὰρ
2251 612 2315 663 ἐκ
2345 609 2453 664 τῶν
2487 609 2680 679 πηγῶν
2705 607 2800 662 τοῦ
2843 607 3062 680 Ἰσραὴλ
3087 607 3350 677 ἠρύσατο,
3391 609 3484 661 καὶ
3527 609 3686 662 οὐδὲν

2103 699 2415 770 περαιτέρω
2447 698 2652 752 τούτων
2693 697 3083 768 ἐκπεφώνηκεν
3121 695 3246 750 οὔτε
3293 697 3548 751 ἀνέλιπεν
3573 715 3588 730 ο
3619 699 3689 752 τὰ
3726 765 3731 768 ⁸

2103 793 2214 860 γὰρ
2243 790 2447 843 τούτων
2473 788 2784 859 διδάγματα
2820 787 2943 841 οὗτε
2981 787 3300 860 προσθήκην
3329 788 3452 842 οὔτε
3493 788 3690 858 ὕφεσιν

2103 883 2449 952 ἐπιδέχεται·
2477 883 2788 954 γέγραπται
2843 881 2978 953 γὰρ,
3013 881 3132 934 Ἐπ’
3181 883 3362 945 αὐτοῖς
3413 883 3516 935 οὑκ
3572 881 3691 934 ἐστι

2106 975 2450 1045 προσθεῖναι,
2501 975 2598 1031 καὶ
2637 975 2734 1028 ἀπ’
2759 975 2940 1028 αὐτῶν
2983 975 3084 1026 οὐκ
3119 975 3267 1027 ἐστιν
3305 975 3525 1042 ὰφιιείν
3551 989 3563 1000 ·
3592 974 3690 1026 καὶ

2105 1068 2216 1137 γὰρ
2252 1069 2310 1120 ὲν
2344 1069 2456 1130 τοῖς
2497 1065 2762 1137 βασιλέων
2791 1065 3092 1136 νομίσμασι
3151 1065 3346 1134 μικρὸν
3377 1080 3428 1117 τι
3462 1063 3556 1116 τοῦ
3585 1082 3688 1134 χαι-

2109 1156 2386 1225 ρακτῆρὸς
2415 1172 2500 1218 τις
2541 1155 2866 1226 περικόψας,
2911 1156 3030 1208 ὅλον
3071 1154 3133 1207 τὸ
3161 1154 3408 1224 νόμισμα
3438 1153 3690 1223 κίϐδηλον

2106 1251 2403 1318 εἰργάσατο
2421 1264 2436 1278 ’
2465 1247 2639 1311 οὕτως
2666 1249 2762 1302 καὶ
2793 1249 2822 1300 ὁ
2843 1247 2906 1303 τὺ
2933 1249 3216 1317 ἐλάχιστον
3248 1247 3358 1300 τῶν
3407 1247 3567 1300 θείων
3597 1264 3694 1301 κα-

2105 1341 2272 1392 νόνων
2299 1339 2642 1410 ἀνατρέπων,
2691 1339 2770 1411 τῷ
2817 1341 2984 1393 παντὶ
3031 1340 3395 1410 λυμαίνεται·
3427 1338 3600 1402 οὕτως
3635 1341 3688 1393 ot

2106 1426 2426 1498 προσθήκην
2484 1427 2826 1499 ἐννοούμενοι
2865 1427 2925 1480 ἐν
2950 1444 3007 1480 τε
3035 1430 3100 1498 τῇ
3133 1426 3253 1496 θείᾳ
3279 1427 3318 1478 Γ
3323 1428 3491 1497 ραφῇ,
3517 1425 3551 1496 ἢ
3578 1428 3695 1490 τοῖς

2107 1515 2274 1580 θείοις
2317 1516 2564 1582 κανόσιν,
2607 1516 2640 1588 ἢ
2691 1519 2804 1580 τοῖς
2861 1517 3156 1587 [ἰατρικοῖς
3200 1514 3694 1586 παραγγέλμασιν,

2107 1605 2453 1677 εὑρίσκονται
2473 1607 2988 1678 παραχαράττοντες
3008 1607 3108 1676 τὴν
3134 1605 3390 1677 ἀλήθειαν
3404 1619 3418 1633 ⁸
3440 1605 3535 1658 καὶ
3553 1606 3694 1674 μετὰ

2107 1695 2202 1750 τοῦ
2221 1696 2395 1766 ψόφου
2410 1697 2508 1768 τῆς
2529 1695 2775 1768 γλώττης
2796 1697 2996 1760 αὐτῶν,
3019 1695 3442 1763 συναγωνίζεται
3466 1696 3500 1764 ἡ
3529 1693 3696 1762 ψευδ-

353 1819 369 1835 ι
425 1793 786 1847 mnnia-reete
831 1791 1030 1846 feceris
1057 1830 1072 1857 ,
1134 1793 1456 1846 salvaberis.
1506 1792 1724 1861 Vosque
1764 1792 1904 1846 adeo
1945 1790 1999 1846 in
2035 1773 2052 1827 Ι

2107 1787 2335 1860 ηγορία“
2396 1789 2686 1860 τοιγαροῦν
2746 1791 3024 1861 μνήσθητε
3073 1788 3169 1840 τοῦ
3225 1785 3360 1841 Θεοῦ
3423 1786 3694 1854 λέγοντος,

427 1894 608 1938 vestra
634 1883 728 1936 Dei
765 1893 900 1937 nutu
929 1894 1260 1954 congregata
1291 1883 1524 1954 synodo,
1564 1882 1790 1936 veritate
1820 1882 2004 1936 adhae-

429 1985 632 2040 rentes,
663 1975 886 2030 dilatate
913 1990 974 2030 os
999 1975 1318 2044 Spiritnque
1348 1975 1640 2044 complete,
1673 1988 1737 2027 ex
1762 1971 2008 2042 Evange-

430 2067 484 2120 lii
519 2081 734 2130 norma,
754 2081 819 2120 ex
839 2065 1214 2136 apostolorum
1235 2073 1288 2130 et
1308 2080 1584 2121 canonum
1603 2075 1764 2136 atque
1786 2065 2008 2118 Patrum

428 2158 706 2212 decernite
745 2166 851 2212 etc.

2111 1881 2242 1933 Ὅτε
2269 1879 2446 1934 πάντα
2478 1879 2866 1952 κατορθώσεις,
2895 1881 3021 1934 τότε
3053 1879 3278 1952 σωθήσῃ
3302 1895 3318 1909 ο
3345 1880 3498 1932 αὐτοὶ
3537 1879 3593 1930 ἐν
3625 1879 3693 1947 τῇ

2112 1973 2202 2026 διὰ
2233 1973 2324 2026 τὸν
2377 1973 2584 2044 Κύριον
2633 1971 3098 2044 ουναθροιζομένῃ
3135 1973 3338 2042 συνόδῳ
3391 1969 3564 2040 ὑμῶν,
3595 1967 3696 2038 τὴν

2113 2063 2376 2134 ἀλήθειαν
2405 2065 2799 2136 ἐπισπώμενοι,
2829 2065 3051 2118 πάντων
3094 2063 3203 2117 τῶν
3257 2061 3696 2134 προσταγμάτων

2115 2156 2214 2227 τὶγν
2240 2155 2489 2228 φυλακὴν
2511 2157 2914 2228 διατηροῦντες,
2943 2155 3248 2210 πλατῦναι-ε
3283 2155 3346 2208 τὸ
3385 2149 3579 2225 στόμα,
3601 2153 3698 2206 καί

431 2248 748 2320 Πνεῦματος
779 2249 1130 2320 πληρώσατε,
1162 2250 1533 2319 εὐαγγελικῶς
1548 2267 1606 2303 τε
1637 2249 1730 2302 καὶ
1748 2245 2142 2313 ἀποστολικῶς,
2164 2249 2460 2314 κανονικῶς
2483 2267 2544 2303 τε
2577 2251 2672 2304 καὶ
2697 2250 2984 2322 [ἰατρικῶς
2997 2249 3447 2320 ἀποφαινόμενοι,
3467 2265 3520 2300 κ.
3555 2265 3608 2301 τ.
3643 2247 3693 2300 λ·

504 2343 808 2414 Sequuntur
833 2344 890 2398 in
915 2343 1123 2398 Tarasii
1147 2342 1370 2414 epistola
1407 2341 1674 2396 nonnulla:
1694 2340 2068 2396 ecclesiastica:
2095 2341 2309 2411 regula,
2351 2359 2442 2398 seu
2470 2358 2694 2397 canones
2725 2351 2774 2396 et
2801 2350 3090 2412 praecepta,
3121 2355 3238 2410 qua:
3271 2339 3558 2394 describere
3591 2353 3699 2392 non

429 2435 585 2503 hujus
608 2444 685 2489 est
717 2436 841 2491 loci.

1236 2698 1658 2761 ΜΟΝῙΤΠΜ
1691 2697 1794 2758 1N.
1844 2695 2396 2772 SEQUENTEM
2431 2693 2892 2756 HOMILIAM.

505 2931 800 2986 Homiliam
835 2932 890 2985 in
937 2929 1404 2986 Prtrsentationem
1433 2927 1674 2998 Deiparw
1713 2925 1797 2980 eui
1832 2925 2021 2980 titulus

2110 2923 2206 2984 Εἰς
2233 2920 2300 2974 τὰ
2331 2921 2534 2974 εἰσὸδια
2575 2921 2674 2991 τῆς
2707 2919 3009 2992 ὑπεραγίας
3033 2919 3318 2986 Θεοτόκου,
3337 2926 3391 2974 et
3415 2917 3570 2988 cujus
3595 2915 3706 2972 inl-

437 3025 571 3082 tiutn
601 3042 616 3078 :
646 3024 852 3092 Φαιδρὰ
887 3023 983 3076 καὶ
1032 3020 1332 3092 παράδοξος
1361 3023 1393 3091 η
1421 3019 1672 3090 παροῦσα
1716 3020 2047 3088 πανήγυρις,

2107 3017 2312 3071 iarasio
2339 3013 2949 3084 Constantinopolitano
2983 3013 3309 3082 patriarchae
3337 3011 3574 3067 tribuere
3613 3022 3701 3065 so-

435 3119 568 3184 lent,
599 3131 666 3171 ne
699 3115 926 3170 minimo
957 3113 1176 3182 quidem
1212 3112 1412 3180 injecto
1445 3111 1635 3172 dubio,
1662 3109 1906 3163 historia:
1947 3109 2234 3164 litterariae
2273 3107 2595 3177 scriptores,
2625 3105 2730 3160 [ide
2773 3121 2878 3160 ms.
2922 3105 3180 3160 Biblioth.
3221 3104 3450 3160 Coislin.
3495 3099 3702 3158 CCXII.

441 3208 779 3280 [MONTl-‘AUC.
807 3204 1066 3260 Biblioth.
1102 3203 1485 3257 Bibliothecar.
1518 3217 1570 3270 p.
1608 3198 1761 3271 σοι]
1792 3199 2101 3256 Marcellius
2133 3217 2262 3258 vero
2295 3201 2348 3253 in
2387 3199 2503 3254 suis
2529 3199 2594 3252 ad
2630 3197 3012 3252 Kalendarium
3041 3196 3296 3253 Ecclesiae
3313 3195 3703 3253 Constantino-

443 3302 700 3370 politanae
731 3297 1146 3353 commentariis
1171 3294 1424 3360 aﬂlrmat,
1449 3293 1590 3349 forte
1626 3293 2048 3362 subdubitando,
2076 3292 2393 3348 Orationem
2417 3291 2630 3346 Tarasii
2658 3291 2964 3346 habendam
2999 3305 3108 3346 non
3130 3289 3322 3354 videri,
3349 3299 3402 3346 et
3433 3291 3702 3360 duplicem

442 3409 556 3448 suae
588 3393 871 3448 sententiae
903 3389 1168 3445 rationem
1201 3389 1374 3452 aﬂert,
1411 3403 1606 3458 nempe
1639 3403 1828 3444 vocem
1862 3389 2134 3459 ὑπεραγία
2175 3403 2298 3459 quae
2333 3389 2388 3459 in
2429 3387 2588 3442 titulo
2633 3386 2908 3456 reperitur
2936 3400 2966 3440 a
3013 3384 3212 3440 saeculo
3252 3393 3460 3438 tantum
3489 3384 3704 3438 decimo

447 3483 700 3552 usurpari
747 3483 998 3552 cuspis-se,
1031 3491 1086 3536 et
1111 3480 1356 3550 Deiparw
1386 3482 1443 3534 in
1474 3479 1725 3550 templum
1752 3483 2098 3550 ingredientis
2131 3481 2520 3535 solemnitatem
2554 3487 2795 3548 tempore
2820 3477 3033 3533 Tarasii
3072 3478 3314 3532 nondum
3351 3477 3405 3530 in
3437 3475 3707 3531 Constan-

445 3574 802 3643 tin0politana
829 3573 1072 3628 Ecclesia
1095 3573 1360 3630 celebrari
1390 3574 1763 3640 consuevisse,
1794 3581 1852 3629 ut
1879 3581 2097 3630 constat
2129 3588 2196 3629 ex
2228 3573 2446 3629 silentio
2467 3571 2784 3628 Kalendarii
2817 3571 2962 3641 quod
2995 3570 3300 3627 certissime
3335 3569 3403 3626 ad
3441 3570 3702 3626 szeculum

443 3676 700 3722 octavum
741 3665 996 3736 pertinet.
3285 3726 3290 3731 ,

518 3759 804 3814 chissimi
836 3758 1100 3813 momenti
1141 3773 1264 3814 esse
1303 3757 1670 3815 dimcultatem
1705 3775 1828 3829 quae
1856 3774 1922 3830 ex
1953 3774 2088 3814 voce
2121 3758 2399 3831 ὑπεραγια
2445 3756 2500 3810 in
2532 3755 2692 3811 titulo
2721 3755 2978 3822 sumitur,
3017 3771 3180 3812 nemo
3213 3773 3320 3813 non
3349 3760 3513 3815 videt.
3541 3758 3704 3814 Aliud

447 3852 592 3904 enim
636 3851 704 3905 de
735 3851 1090 3906 sermonibus
1127 3851 1282 3922 ipsis,
1314 3852 1461 3907 aliud
1505 3853 1572 3906 de
1603 3867 1916 3908 sermonum
1947 3851 2402 3922 inscriptionibus
2437 3849 2704 3919 judicium
2750 3848 3036 3905 ferendum
3066 3851 3190 3920 quis
3229 3851 3539 3907 inﬁciatur?
3564 3850 3704 3906 Cum

446 3960 678 4014 prorsus
711 3945 978 4001 incertum
1023 3945 1094 4001 sit
1123 3947 1474 4016 quandonam
1511 3946 1614 4016 ipsi
1642 3947 1914 4002 sermonis
1941 3945 2179 4012 auctori,
2213 3945 2434 4017 quando
2465 3943 2622 4000 alteri
2660 3943 2770 3998 sint
2811 3929 3133 3998 tribuendae.
3173 3942 3304 3998 Esto
3340 3945 3482 4014 quod
3517 3945 3709 4001 titulus

450 4049 556 4088 non
595 4035 690 4088 alii
721 4051 884 4104 quam
919 4037 1021 4105 ipsi
1058 4036 1328 4091 orationis
1360 4037 1571 4090 auctori
1602 4037 1768 4090 tribui
1796 4046 2066 4106 oporteat,
2096 4051 2274 4106 neque
2293 4035 2493 4090 exinde
2514 4042 2664 4091 certo
2693 4033 2947 4089 concludi
2981 4042 3161 4104 potest
3193 4034 3476 4089 homiliam
3506 4035 3696 4105 przefa-

452 4134 564 4179 tam
598 4139 704 4181 non
729 4141 852 4188 esse
887 4125 944 4182 S.
977 4127 1210 4183 Tarasii.
1243 4129 1369 4183 litae
1395 4127 1539 4180 enim
1575 4142 1678 4182 vox
1708 4129 1984 4199 ὑπεραγῐα
2009 4129 2277 4199 reperitur
2308 4128 2362 4182 in
2388 4127 2839 4197 inscriptionibus
2865 4127 3214 4182 homiliarum
3240 4141 3362 4194 quae
3387 4127 3704 4182 auctoribus

449 4215 684 4271 Tarasio
720 4219 922 4274 coaevis
967 4220 1051 4273 vel
1099 4219 1508 4290 antiquioribus
1541 4221 1855 4275 tribuuntur
1889 4220 1986 4292 (l).
2017 4219 2162 4292 Ergo
2209 4220 2328 4290 pari
2355 4220 2478 4290 jure
2512 4219 2596 4274 vel
2643 4219 2762 4274 ista;
2804 4220 3082 4274 orationes
3125 4218 3441 4274 auctoribus
3473 4234 3707 4288 quorum

452 4307 673 4360 nomina
701 4305 1164 4362 circumferuntur
1206 4307 1582 4375 abjudicanda:
1621 4317 1770 4374 sunt,
1809 4309 1895 4364 vel
1935 4324 2096 4364 usum
2127 4309 2279 4365 vocis
2309 4309 2586 4380 ὑπεραγία
2614 4309 2814 4364 sacculo
2841 4308 3052 4364 decimo
3085 4309 3436 4366 vetustiorem
3465 4325 3587 4372 esse
3611 4315 3710 4366 ad-

461 4397 789 4452 mittendum
831 4399 976 4468 quod
1009 4399 1230 4452 aliunde
1279 4408 1498 4454 constat
1545 4415 1608 4454 ex
1633 4399 1854 4470 Iosephi
1885 4401 2292 4473 HymnOgraphi
2316 4416 2526 4456 canone
2567 4403 2622 4456 in
2653 4417 2762 4471 quo
2805 4401 3036 4473 legimus
3065 4415 3080 4460 :
3106 4402 3534 4470 Osanctissima,
3573 4405 3710 4458 tabis

451 4488 620 4541 armis
647 4503 856 4556 expers,
884 4489 1196 4558 ὑπεραγίιι,
1237 4487 1562 4560 πανάμωμε
1588 4490 1688 4561 (‘2),
1719 4501 1772 4546 et
1799 4507 1864 4547 ex
1891 4490 2116 4548 Triodio
2149 4491 2208 4546 S.
2237 4491 2534 4562 Sophronii
2571 4491 3051 4565 Hierosolymitani
3082 4498 3180 4569 (5).
3220 4495 3333 4554 Nec
3369 4499 3544 4569 pluris
3570 4499 3715 4553 valet

452 4589 832 4650 argumentum
862 4595 926 4636 ex
959 4578 1548 4651 Constantinopolitani
1577 4580 1891 4638 Kalendarii
1923 4581 2142 4639 silentio
2176 4585 2246 4640 de
2273 4583 2412 4639 festo
2454 4583 2902 4641 Prtesentationis
2936 4586 3204 4656 Deiparw,
3250 4605 3376 4644 eum
3420 4593 3540 4659 ipso
3568 4589 3713 4642 Mar-

454 4675 616 4729 cellio
643 4683 868 4729 auctore
895 4692 1065 4732 unum
1099 4691 1198 4748 pro
1227 4689 1378 4732 certo
1405 4677 1589 4732 haberi
1613 4685 1796 4746 potest
1817 4676 2206 4733 Kalendarium
2241 4679 2375 4734 illud
2405 4694 2582 4749 neque
2609 4690 2734 4734 ante
2763 4695 2966 4736 annum
2991 4681 3118 4749 7H,
3149 4697 3327 4752 neque
3354 4693 3477 4752 post
3509 4698 3714 4736 annum

453 4767 558 4821 787
599 4765 771 4822 fuisse
793 4769 1187 4840 conscriptum.
1215 4768 1466 4836 Quonam
1496 4769 1622 4839 jure
1648 4783 1716 4824 ex
1759 4769 1854 4823 illo
1887 4777 2244 4824 monumento
2290 4769 2475 4824 inferri
2509 4779 2687 4839 potest
2717 4769 2964 4842 Deipara:
2995 4773 3052 4826 in
3087 4773 3336 4842 templum
3375 4772 3716 4843 ingredientis

453 4859 840 4916 solemnitatem
862 4864 1105 4918 nondum
1130 4861 1185 4917 in
1209 4861 1816 4932 Constantinopolitana
1829 4863 2072 4921 Ecclesia
2094 4863 2355 4918 celebrari
2379 4863 2758 4928 consuevisse,
2784 4865 3000 4920 vivente
3019 4863 3252 4920 Tarasio
3270 4864 3364 4934 qui
3386 4879 3704 4934 supremum

453 4954 596 5008 diem
625 4955 762 5008 obiit
792 4970 936 5010 anno
969 4955 1076 5010 806
1106 4955 1295 5025 ?Ergo
1312 4955 1461 5010 nulla
1493 4955 1710 5010 elicitur
1740 4955 1877 5010 ratio
1909 4956 2210 5012 deeretoria
2239 4967 2462 5027 propter
2492 4971 2655 5024 quam
2687 4955 2932 5022 homilia,
2958 4972 3120 5027 quam
3150 4957 3492 5026 subjicimus,
3521 4971 3716 5028 magno

455 5045 684 5098 Tarasio
718 5046 790 5098 sit
813 5047 1198 5115 abjudicanda.
1231 5046 1590 5102 Communem
1619 5061 1649 5101 e
1671 5055 1862 5101 contra
1889 5046 1957 5103 de
1983 5059 2209 5104 auctore
2257 5048 2424 5118 hujus
2453 5047 2694 5104 homilite
2738 5049 3065 5104 sententiam
3095 5050 3428 5106 conﬁrmant
3457 5051 3634 5121 stylus
3663 5061 3716 5107 et

452 5156 516 5196 ea
553 5152 674 5208 quae
703 5137 760 5190 in
789 5137 904 5206 ipsa
945 5137 1197 5193 oratione
1230 5145 1425 5193 contra
1462 5137 1858 5194 lconomachos
1891 5139 2173 5195 dicuntur.

525 5273 602 5343 (l)
651 5269 771 5350 Vid.
845 5269 1081 5350 oration:
1143 5270 1197 5324 in
1283 5270 1527 5350 Deipara:
1591 5271 1838 5350 natalem
1890 5274 2046 5350 diem
2147 5274 3186 5350 modestiHierosolymitanihomiﬁam
3219 5281 3273 5335 in
3303 5281 3545 5350 θείμαν-ω
3581 5285 3718 5339 Dor-

454 5339 618 5418 quam
645 5340 748 5395 sub
779 5339 1018 5418 nomine“
1036 5339 1360 5418 Qamas_ce_n_i
1380 5339 1643 5418 vulgavit
1680 5344 1908 5418 Michael
1941 5345 2045 5418 Le-
2144 5348 2431 5418 mitionem,
2466 5349 2606 5416 Aug.
2645 5339 3032 5418 Ciacomellus,
3065 5347 3251 5405 Roma:
3281 5339 3459 5418 £766;
3493 5355 3720 5409 Andreae

455 5408 645 5493 quieti.
699 5419 738 5464 t.
791 5410 852 5477 ll,
894 5408 1577 5493 p.‘849,__sedn'.l:lteod6ro
1611 5412 1838 5493 Stud_i_tae
1885 5416 2044 5470 resti-
2139 5408 2937 5493 Cretensishumiliaspinres,
2968 5408 3130 5493 hujus
3162 5408 3490 5493 Rtyrotogiiz
3519 5408 3718 5481 Grtrea:

457 5481 713 5556 tuendam
739 5493 923 5556 monet
943 5482 1082 5550 Aug.
1103 5481 1498 5556 hlai.Bibtiotlt.
1529 5500 1649 5556 nov.
1674 5493 1711 5538 t.
1739 5484 1805 5546 Il.
1837 5501 1952 5554 par.
1977 5502 2038 5551 tt,

2136 5496 2177 5544 t.
2209 5486 2416 5550 xevn,
2443 5502 2497 5556 p.
2528 5488 2653 5552 θοι,
2689 5481 2970 5555 820,861,
2998 5481 3122 5555 881,
3157 5489 3316 5555 1072,
3340 5481 3444 5550 θῦε.

457 5571 508 5632 ρ..
540 5553 610 5632 ξίν
649 5561 802 5632 noti
820 5551 1139 5632 Damasceni
1173 5554 1406 5632 oration.
1442 5555 1506 5632 _in
1544 5553 1799 5632 _Deiparw
1825 5551 2038 5632 ῥηηιιιι-
2191 5551 2599 5632 (2)-Ραήιείει.
2627 5565 2740 5613 ton.
2777 5551 2963 5628 Obliq.
2987 5558 3030 5612 ll
3060 5551 3126 5614 ad
3161 5551 3414 5619 matutin.
3452 5562 3607 5621 Feria
3642 5579 3714 5632 vt,

457 5621 729 5691 nationem
761 5621 897 5690 Opp.
951 5631 989 5675 ι.
1037 5621 1102 5683 ll,
1142 5637 1195 5691 p.
1241 5624 1376 5689 835;
1407 5621 1662 5691 ejusdem
1699 5626 1934 5682 oration.
1977 5626 2030 5680 in
2135 5621 2228 5683 od.‘
2260 5621 2356 5682 lli.

458 5692 519 5746 Β.
567 5690 795 5766 Virginis
826 5693 966 5746 diem
1009 5690 1316 5748 natalitium
1363 5690 1496 5763 Opp.
1535 5703 1574 5750 ι.
1621 5693 1687 5762 ll,
1737 5710 1855 5766 pag.
1889 5695 2029 5765 8“;
2201 5698 2278 5770 (ὅ)
2319 5697 2565 5770 Spicileg.
2600 5699 2754 5757 Rom.
2783 5710 2820 5759 t.
2849 5699 2939 5767 IV,
2971 5715 3026 5772 p.
3061 5700 3180 5756 186.
