4090 6286
516 331 642 397 1481
1431 328 1514 390 ΙΝ
1539 326 1644 390 SS.
1694 326 2046 390 DEIPARxE
2086 327 2131 387 P

2113 323 2809 388 )RJESENTATIONEM.
3600 317 3728 378 1432

528 464 3727 511 Μ

1589 610 1730 664 ΤοΥ
1759 609 1850 664 EN
1882 609 2108 662 ΑΓιοιΣ
2137 580 2410 662 [inpos
2435 607 2633 662 ΗΜΩΝ

659 754 1193 848 ΤΑΡΑΣΙΟΥ
1240 756 2166 847 ΑΡΧΙΕΠΙΣΚΟΠΟΥ
2238 747 3572 845 ΚΩΝΣΤΑΝΤΙΝΟΥΠΟΛΕΩΣ

1834 916 2389 1046 ’ΛΟΓΟΣ
2791 994 2797 1000 -
3308 964 3313 969 ‘

1311 1127 1442 1182 ΕΙΣ
1463 1128 1547 1181 ΤΔ
1570 1125 1864 1181 ΕΙΣΟΔΙΑ
1898 1126 2037 1179 ΤΗΣ
2077 1124 2503 1179 ΥΠΕΡΑΓΙΑΣ
2535 1119 2925 1176 ΘΕΟῙῸΚΟΥ.

1670 1353 1946 1444 Sanan
1979 1383 2252 1441 PATRIS
2289 1381 2564 1441 nosnu

629 1540 1099 1634 TABASII
1145 1536 2069 1636 ARCHIEPISCOPI
2135 1492 3578 1629 CONS'I‘ANTINOPOLITANI

1819 1727 2413 1857 ORATIO

1072 1909 1079 1913 ’
1166 1944 1247 2005 IN
1308 1941 1412 2004 ss.
1472 1940 1607 2003 DEI
1644 1936 1992 2002 MATREM
2023 1936 2106 1998 IN
2161 1936 2555 2000 TEMPLUM
2601 1935 3067 2001 DEDUCTAM.

1094 2211 1473 2281 Εὐλότησον.
2102 2226 2147 2281 Α

1466 2251 1473 2266 .
2102 2226 2147 2281 Α
2838 2209 3081 2265 Benedic.

569 2312 657 2368 A'.
685 2305 892 2380 Φαιδρὰ
917 2305 1014 2359 καὶ
1040 2301 1346 2375 παράδοξος
1374 2306 1409 2374 ή
1437 2302 1691 2374 παροῦσα
1720 2303 2027 2374 πανήγυρις
2053 2342 2069 2368 ,

2249 2302 2290 2359 Ι.
2342 2301 2491 2357 Laeta
2542 2311 2705 2373 atque
2748 2300 3087 2357 admirabilis
3129 2299 3391 2355 hodierna
3430 2299 3740 2362 celebritas,

504 2403 734 2458 καὶτῶν
788 2396 1086 2469 φιλεορτῶν
1114 2395 1207 2450 τὸν
1242 2395 1409 2449 πόθον
1442 2397 1580 2464 πρὸς
1622 2396 1891 2466 ὑμνῳδίαν
1926 2394 2070 2462 ἐγεί-

2178 2409 2301 2464 quae
2327 2393 2603 2449 studiosos
2637 2394 2878 2449 cultores
2909 2392 3174 2449 festorum
3202 2392 3414 2448 dierum
3444 2394 3644 2447 excitat
3676 2395 3742 2446 ad

504 2512 692 2568 ρουσα,
717 2496 751 2565 ή
797 2491 896 2561 τῆς
946 2486 1331 2557 Ἀειπαρθένου
1360 2487 1453 2540 καίΙ
1476 2488 1744 2541 Θεοτόκου
1776 2490 1834 2540 ὲν
1857 2485 1936 2557 τῷ
1961 2485 2073 2557 ναῷ

2178 2488 2412 2557 hymnos
2439 2485 2813 2541 concinendos
2834 2526 2850 2551 ,
2887 2494 3202 2555 perpetuam
3236 2482 3512 2556 Virginem
3541 2484 3746 2555 Deique

506 2587 725 2656 πρόοδος
749 2600 764 2616 ο
815 2584 1053 2651 σήμερον
1084 2582 1192 2650 γὰρ
1241 2582 1270 2632 ὁ
1307 2578 1535 2650 οὐρανὸς
1566 2580 1661 2631 καὶ
1700 2580 1734 2648 ή
1774 2581 1845 2648 γῆ
1886 2577 2071 2647 κοινὴν

2181 2576 2407 2633 Matrem
2459 2574 2515 2631 in
2574 2576 2837 2645 templum
2884 2574 3321 2646 progredientem
3371 2576 3743 2645 prosequitur.

505 2677 694 2751 ἑορτὴν
717 2672 1087 2736 ἐκτελοῦντες,
1109 2672 1414 2741 ἀμφότεροι
1438 2670 1529 2724 τὸν
1558 2669 1901 2738 Δημιουργὸν
1922 2667 2073 2735 δοξο-

2180 2667 2393 2723 Etenim
2434 2669 2594 2724 hodie
2636 2669 2837 2726 cmlum
2879 2677 2933 2725 et
2975 2679 3116 2724 terra
3149 2681 3495 2723 communem
3539 2667 3749 2738 agitant

503 2769 721 2838 >.ογοῦσι
750 2767 842 2820 τὸν
867 2766 933 2818 ὲκ
953 2764 1201 2835 βροτείας
1232 2764 1447 2829 φύσεως
1476 2760 1575 2831 τήν
1605 2760 1866 2816 θεόπαιδα
1900 2760 2070 2832 κόρην

2185 2759 2608 2826 solemnitatem,
2644 2768 2701 2814 et
2736 2757 3069 2830 coniunctim
3104 2758 3328 2813 laudant
3360 2772 3543 2813 rerum
3574 2755 3744 2828 Opili-

505 2859 867 2929 ὶκλεξὰμενον
900 2857 980 2921 είς
1002 2855 1199 2909 ἑαυτοῦ
1229 2852 1671 2923 κατασκήνωσιν.

2181 2866 2323 2915 cem,
2352 2852 2446 2920 qui
2480 2867 2512 2905 e
2542 2851 2715 2921 stirpe
2740 2851 3055 2907 mortalium
3100 2851 3337 2921 puellam
3358 2891 3373 2920 ,
3396 2864 3521 2921 qua:
3550 2848 3644 2905 Dei
3667 2861 3751 2906 est

2182 2938 2317 3004 lilia,
2349 2938 2417 2994 ad
2438 2940 2524 2995 sui
2557 2940 2927 2995 habitaculum
2955 2940 3174 3010 delegit.

574 3038 825 3109 Σήμερον
863 3033 959 3087 τοῦ
1000 3033 1108 3104 πρὸ
1134 3031 1353 3085 πάντων
1399 3031 1612 3085 αἰώνων
1655 3029 2077 3101 προορισθέντος

2258 3028 2432 3084 Hodie
2479 3031 2809 3085 sacramenti
2834 3039 2961 3085 ante
2989 3031 3172 3085 omnia
3221 3031 3421 3086 smcula
3468 3032 3749 3101 praeparati

510 3128 812 3203 μυστηρίου
843 3124 939 3179 καὶ
964 3125 1065 3177 ἐπ’
1094 3125 1341 3195 ἐσχάτων
1369 3121 1738 3192 φανεροῦσθαι
1771 3121 2075 3193 μέλλοντος,

2183 3122 2341 3189 cujus
2368 3121 2437 3175 ad
2459 3130 2703 3176 extrema
2730 3130 2976 3191 tempora
3015 3122 3399 3176 reservabatur
3428 3121 3748 3189 manifesta-

507 3220 889 3293 εὐτρεπίζεται
919 3216 1255 3287 οἰκητήριον.
1302 3214 1551 3285 Σήμερον
1589 3216 1623 3284 ὴ
1656 3213 1716 3281 ἐξ
1744 3212 2080 3282 ἐπαγγελίας

2237 3227 2283 3276 υ,
2338 3219 2637 3280 apparatur
2669 3210 3030 3268 domicilium.
3067 3210 3238 3267 Hodie
3271 3228 3337 3267 ex
3383 3214 3751 3283 promissiOne
3850 3212 3852 3215 ’

506 3310 760 3382 τεχθεῖσα
799 3308 858 3375 ἐξ
904 3306 1159 3374 ἰωακεὶμ
1206 3304 1300 3358 καὶ
1338 3305 1539 3373 Ἀννης
1575 3304 1946 3374 προσφέρεται
1985 3303 2078 3358 ὑπ’

2186 3303 2387 3373 genita,
2412 3301 2683 3358 Joachimi
2707 3313 2761 3359 et
2784 3305 2955 3360 Annae
2978 3304 3109 3369 ﬁlia,
3140 3306 3209 3361 ab
3231 3305 3426 3361 iisdem
3450 3307 3751 3376 pretiosum

506 3381 707 3464 αὐτῶν,
733 3398 913 3469 τίμιον
941 3395 1136 3467 δῶρον,
1167 3392 1246 3466 τῷ
1265 3393 1565 3464 μετέπειτα
1600 3394 1660 3459 ἐξ
1693 3394 1863 3461 αὐτῆς
1884 3392 2081 3461 τεχθῆ-

2186 3407 2387 3447 munus
2416 3394 2493 3446 illi
2521 3393 2766 3460 oﬂertur,
2796 3396 2890 3464 qui
2917 3381 3106 3465 pOstea
3133 3397 3444 3467 dignabitur
3467 3398 3536 3453 ab
3563 3413 3625 3453 ea
3657 3414 3751 3468 ge-

508 3508 598 3546 ναι
619 3488 993 3558 εὐδοκήσαντι.
1017 3484 1268 3554 Σήμερον
1286 3482 1349 3534 τὺ
1370 3483 1471 3551 τῆς
1499 3483 1676 3554 χαρᾶς
1711 3481 1998 3551 προοίμιον
2022 3481 2081 3531 ὲν

2189 3483 2388 3538 nerari.
2412 3483 2583 3539 Hodie
2610 3484 2970 3553 primordium
2998 3487 3199 3541 latitia:
3220 3488 3512 3544 adducitur
3536 3489 3591 3543 in
3621 3498 3755 3544 tem-

507 3580 586 3650 τῷ
612 3578 723 3649 ναῷ
752 3575 1035 3641 εἰσάγεται
1061 3571 1425 3643 τριετίζουσα,
1460 3573 1554 3624 καὶ
1578 3571 1837 3641 παρθένοι
1873 3568 2080 3639 ταύτης
2112 3574 2122 3630 1

2137 3578 2152 3629 ι
2182 3575 2332 3645 plum
2377 3574 2617 3640 trimula,
2649 3590 2813 3645 quam
2849 3576 3092 3646 virgines
3122 3592 3247 3632 cum
3278 3578 3623 3647 lampadibus
3656 3581 3752 3636 de-

512 3674 652 3742 μετὰ
698 3671 999 3742 λαμπάδων
1048 3667 1505 3740 προπορεύονται.
1564 3665 1809 3741 Σήμερον
1851 3665 1885 3734 ή
1928 3661 2082 3727 λύσις

2180 3666 2409 3721 ducunt.
2440 3665 2612 3721 Hodie
2655 3667 2709 3721 in
2743 3666 2944 3722 Sancta
2980 3675 3299 3723 sanctorum
3326 3684 3427 3724 ceu
3453 3670 3656 3725 donum
3686 3686 3751 3726 ea

508 3765 609 3834 τῆς
635 3761 995 3832 στειρωτικῆς
1032 3760 1298 3831 κατάρας,
1342 3757 1515 3824 δῶρον
1558 3757 1639 3818 εἰς
1664 3754 1734 3808 τὰ
1775 3755 1941 3822 Ἀγια
1974 3752 2082 3805 τῶν

2180 3755 2432 3822 infertur,
2456 3772 2579 3827 qua:
2599 3756 2902 3813 sterilitatis
2928 3757 3370 3814 maledictionem
3393 3758 3621 3814 abstulit
3645 3759 3746 3831 (ί).

510 3856 681 3926 ἁγίων
706 3852 1061 3925 προσάγεται.
1081 3853 1328 3923 Σήμερον
1344 3847 1454 3902 τῶν
1475 3844 1775 3917 προφητῶν
1796 3843 1860 3897 τὸ
1881 3844 1949 3914 κή
1958 3858 2083 3913 ρυγο

2180 3851 2412 3907 Hodie'a
2437 3852 2715 3923 prophetis
2742 3850 3053 3922 praedicata,
3084 3848 3370 3907 saéerdote
3392 3866 3457 3907 ac
3489 3854 3750 3924 pmpbcla

514 3966 591 4020 μα
611 3989 628 4014 ,
671 3946 777 4001 ὑπὸ
804 3947 900 3999 τοῦ
929 3942 1236 4017 ἀρχιερέως
1264 3941 1356 3994 καὶ
1381 3939 1665 4010 προφήτου
1697 3938 1973 4008 Ζαχαρίου
1999 3936 2082 3998 είς

2179 3942 2444 3998 Zacharia
2505 3943 2822 4009 comitante,
2856 3941 2913 3996 in
2945 3943 3250 3998 sanctiores
3282 3942 3470 4013 templi
3501 3958 3751 3999 recessus

510 4038 579 4092 τὰ
620 4038 791 4091 ἄδυτα
827 4033 1117 4104 ἀνέρχεται
1141 4047 1155 4060 ·
1186 4029 1316 4085 ἐν.οα
1341 4028 1515 4091 αὐτὸς
1528 4025 1680 4089 ἅπαξ
1710 4025 1803 4078 τοῦ
1834 4023 2079 4078 ἐνιαυτοῦ

2180 4035 2461 4101 ascendit;
2490 4043 2546 4089 et
2573 4050 2735 4105 quem
2764 4035 2946 4089 locum
2979 4035 3147 4090 semel
3175 4034 3265 4090 ille
3302 4036 3597 4106 quotannis
3624 4052 3749 4091 cum

515 4129 631 4200 μετ’
650 4125 935 4187 εὐλαϐείας
959 4124 1079 4192 είσή
1089 4136 1268 4194 ρχετο,
1290 4117 1429 4189 αὕτη
1465 4115 1704 4186 φαιδρῶς
1728 4114 1867 4184 μετὰ
1898 4114 2081 4176 ἁδείας

2179 4134 2327 4179 metu
2357 4125 2651 4192 adibat,,in
2677 4139 2744 4180 eo
2772 4125 2953 4196 puella
2982 4126 3086 4181 ista
3114 4125 3272 4181 hilari
3305 4143 3428 4183 cum
3459 4131 3752 4185 securitate

513 4216 722 4286 ἡμέρας
753 4215 847 4267 καὶ
873 4212 1066 4275 νυκτὸς
1094 4207 1406 4274 ἐκαθέζετο.

1327 4225 1406 4262 το.
2179 4215 2273 4270 diu
2302 4224 2574 4284 noctuque
2600 4214 2942 4271 considebat.

585 4309 659 4362 δ’.
695 4307 791 4369 Τίς
818 4306 920 4358 οὐκ
954 4301 1201 4373 ὲκπλαγῇ
1229 4301 1365 4373 πρὸς
1385 4300 1446 4354 τδ
1472 4296 1774 4369 παράδοξον
1804 4297 2036 4367 πρᾶγμα
2061 4311 2077 4362 ;

2249 4299 2314 4355 ll.
2345 4300 2478 4367 Quis
2522 4302 2602 4356 rei
2637 4304 2880 4358 novitate
2912 4319 3019 4359 non
3060 4305 3448 4376 Obstupescat?
3482 4308 3606 4378 quis
3641 4322 3749 4363 non

513 4400 594 4461 τίς
620 4399 720 4452 οὐκ
747 4396 1107 4466 ἐκπλήττεται
1143 4396 1237 4447 ἐπὶ
1267 4391 1343 4461 τῷ
1372 4389 1661 4461 παραδόξῳ
1693 4388 1968 4458 (inditam;
1998 4385 2083 4451 τίς

2181 4392 2444 4462 suspiciat
2467 4392 2789 4448 inusitatum
2818 4395 3172 4465 prodigium?
3195 4396 3329 4462 Quis
3355 4412 3464 4453 non
3495 4400 3752 4468 percella-

512 4493 613 4546 οὐκ
640 4490 912 4561 ἐκπλαγῇ,
933 4489 1146 4560 βλέπων
1168 4488 1225 4540 ὲν
1253 4484 1331 4556 τῷ
1361 4483 1492 4554 ἱερῷ
1518 4481 1956 4553 παρεδρεύουσαν
1979 4479 2074 4550 τήν

2182 4490 2270 4536 tur
2302 4483 2682 4550 admiratione,
2713 4500 2838 4541 cum
2864 4486 3051 4542 videat
3080 4488 3489 4544 immaculatam
3524 4489 3748 4546 Mariam

511 4586 624 4647 τοῖς
654 4581 857 4651 ἱερεῦσι
881 4581 1168 4648 γεγονυῖαν
1188 4578 1480 4648 ἀπρόσιτον
1507 4575 1729 4647 Μαρίαν
1758 4574 1856 4644 τήν
1882 4570 2080 4642 ἀμίαν-

2181 4572 2235 4626 in
2258 4573 2431 4628 sacris
2475 4574 2655 4646 adytis
2709 4576 3044 4632 assidentem
3079 4580 3164 4633 vel
3201 4580 3338 4649 ipsis
3373 4581 3747 4639 sacerdotibus

511 4689 603 4725 τον
635 4670 845 4738 ;Τοῦτο
885 4670 985 4738 τῆς
1035 4669 1170 4738 πρὸς
1216 4668 1365 4739 ἡμᾶς
1417 4666 1713 4735 συναφείας
1758 4660 2078 4734 προοίμιον

2179 4662 2378 4719 iactam
2412 4663 2799 4721 inaccessam?
2831 4666 2946 4723 Hoc
2981 4668 3199 4722 initium
3231 4677 3314 4724 est
3335 4669 3532 4725 divinae
3563 4668 3748 4727 nonis-

511 4760 680 4814 τοῦτο
697 4762 794 4830 τῆς
839 4757 949 4811 τῶν
971 4761 1217 4824 ἀγγέλων
1249 4755 1388 4826 μετὰ
1414 4754 1512 4809 ἀνθ
1523 4755 1719 4826 ρώπων
1764 4748 2078 4822 συμμίξεως

2184 4770 2310 4810 cum
2335 4757 2763 4826 coniunctionis.
2787 4756 2915 4815 Haec
2938 4760 3113 4830 prima
3144 4771 3271 4816 sunt
3299 4761 3629 4818 lineamenta
3665 4764 3722 4819 fu
3738 4795 3751 4801 ε

515 4849 885 4920 προχάραγμα
906 4864 921 4880 ·
954 4849 1112 4900 τοῦτο
1129 4849 1225 4916 τῆς
1244 4846 1401 4917 ἡμῶν
1425 4845 1817 4907 ἀνακαινίσεως
1838 4841 2078 4912 ὲκσφρά-
2116 4913 2130 4922 Δ

2137 4915 2146 4922 _
2182 4855 2316 4904 turea
2347 4850 2485 4904 inter
2514 4851 2736 4921 angelos
2774 4851 3133 4922 hominesque
3165 4854 3464 4910 societatis.
3498 4853 3623 4910 Haec
3654 4873 3752 4912 ex-

512 4913 722 5010 γὶσεῖαό
771 4913 930 4992 τοῦτο
955 4939 1048 4992 τοῦ
1083 4913 1457 5008 ἀκανθοφόρου
1496 4936 1613 5006 βίου
1647 4936 1806 5005 ήμῶν
1853 4934 1948 4988 καὶ
1979 4913 2127 5004 τῆς(

2136 4915 2149 4972 ί
2182 4954 2368 5009 pressa
2423 4941 2623 5013 eliigies
2672 4952 2876 5000 nostra;
2907 4945 3343 5002 instaurationis.
3377 4946 3502 5002 Haec
3550 4958 3751 5003 nostra

513 5034 839 5101 ἀποφάσεως
866 5031 964 5101 τῆς
992 5029 1286 5100 προτέρας.
1321 5028 1438 5095 τοῦ,
1465 5027 1923 5096 Ἐπικατάρατος
1946 5027 1985 5093 ἡ
2008 5023 2086 5095 γῆ

2182 5031 2312 5087 vitae
2336 5033 2522 5102 spinas
2550 5033 2774 5090 ferentis
2808 5046 2973 5106 atque
3004 5037 3152 5094 illius
3175 5041 3505 5108 permutatio
3541 5049 3596 5095 et
3623 5055 3748 5095 sen-

510 5122 580 5175 ἑν
600 5122 728 5188 τοῖς
769 5122 966 5191 ἔργοις
998 5135 1136 5186 σου,
1167 5119 1432 5183 ἀκάνθας
1464 5118 1562 5172 καὶ
1597 5118 1908 5185 τριϐόλους
1936 5118 2083 5170 ἀνα-

2183 5126 2367 5180 tentia:
2389 5126 2517 5181 olim
2554 5127 2677 5181 lata:
2705 5144 2720 5182 :
2758 5126 3048 5183 Maledicta
3095 5139 3241 5184 terra
3274 5131 3330 5185 in
3357 5130 3594 5199 operibus
3631 5132 3751 5185 tuis.

512 5211 676 5265 τελεῖ
692 5227 820 5264 σοι·
848 5209 942 5263 καὶ⁵
967 5208 1088 5271 τοῦ,
1127 5208 1231 5261 Ἐν
1253 5205 1448 5273 ίδρῶτι
1473 5207 1580 5259 τοῦ
1611 5205 1937 5274 προσώπου
1967 5217 2084 5258 σου

2135 5251 2141 5263 υ
2186 5217 2367 5285 spinas
2408 5226 2458 5271 et
2499 5218 2720 5273 tribulos
2755 5219 3027 5274 submittet
3075 5220 3170 5275 tibi
3218 5223 3272 5288 ¹;
3331 5232 3385 5277 et
3431 5224 3577 5277 illius
3615 5240 3628 5275 :
3686 5220 3750 5275 In

390 5316 393 5319 ‘
512 5301 676 5371 {parii
712 5302 820 5356 τὸν
869 5300 1054 5368 ἄρτον
1094 5315 1248 5366 σου,
1289 5299 1323 5368 ή
1366 5294 1690 5368 μετάλλαξις
1716 5312 1730 5328 ο
1771 5296 1933 5350 τοῦτο
1965 5313 2005 5349 τε

2181 5306 2370 5360 sudore
2399 5307 2572 5361 vultus
2599 5310 2676 5363 tui
2704 5310 2922 5364 vesceris
2954 5326 3089 5379 pane
3117 5312 3160 5366 ³.
3194 5310 3321 5366 Haec
3362 5321 3446 5366 est
3480 5319 3627 5366 certa
3663 5326 3739 5365 rc-

515 5392 805 5461 Πληθύνω
852 5392 958 5455 τὰς
996 5393 1199 5455 λύπας
1246 5404 1362 5442 σου
1393 5387 1492 5441 καὶ
1524 5388 1665 5454 τοὺς
1706 5386 2081 5457 στεναγμούς

2184 5397 2427 5466 demptio
2451 5400 2521 5455 ab
2543 5400 2748 5457 inﬂicta
2791 5401 2883 5458 illa
2909 5417 3068 5474 poena
3096 5421 3110 5458 :
3142 5401 3510 5472 Multiplicabo
3550 5402 3750 5456 doleret

584 5525 605 5557 ⁸
640 5523 778 5579 Gen.
810 5537 894 5589 ιιι,
928 5522 1018 5577 l7.
1093 5524 1116 5555 ³
1151 5521 1283 5577 ibid.
1316 5522 1405 5577 l9.

588 5670 663 5742 (l)
696 5666 1042 5749 sterilitatem
1089 5684 1197 5749 non
1230 5668 1515 5749 .Joachimi
1566 5677 1621 5723 et
1648 5667 2092 5749 Annae-tantum,
2133 5669 2227 5728 se]
2267 5683 2319 5727 et
2379 5672 2632 5731 humanae
2650 5687 2869 5745 quoque
2900 5682 3103 5729 natura:
3142 5686 3264 5742 quae
3293 5669 3360 5725 ad
3406 5666 3629 5724 Mariam
3660 5683 3741 5726 us

515 5738 620 5811 que
642 5740 849 5794 nullum
872 5738 1109 5792 fructum
1139 5740 1241 5793 nisi
1271 5739 1621 5793 maledictum
1654 5739 1896 5809 protulit.

868 5836 1137 5895 Pamon.
1182 5835 1297 5900 Gn.
1332 5834 1586 5896 XCVlll
3364 5831 3445 5892 107
