4090 6286
390 289 526 353 1483

1470 285 1530 344 S.
1564 283 1868 345 TARASII
1901 286 2407 350 PATRIARCH/E
2435 289 2545 350 CP.

3499 290 3631 359 1481.

391 410 507 452 tuos
538 407 585 452 et
615 396 840 468 gemitus
865 402 982 448 tuos
1017 393 1076 460 ⁸;
1115 401 1168 448 et
1201 393 1269 448 ab
1308 392 1397 447 illa
1425 409 1438 446 :
1475 392 1542 447 In
1574 395 1756 448 dolore
1785 396 1960 464 paries

2066 411 2180 452 σου
2206 413 2221 428 ’
2276 396 2372 452 καὶ
2425 397 2549 462 τοῦ,
2588 398 2690 452 Ἐν
2731 397 2952 468 λύπαις
2984 398 3124 468 τέξῃ
3181 397 3384 466 τέκνα,
3440 399 3634 470 βεϐαία

388 489 530 558 ﬁlios
552 489 594 541 ⁸.
645 489 884 558 Agamus
935 485 1138 554 itaque,
1171 484 1378 550 lideles,
1411 483 1612 538 festum
1635 485 1778 538 dicat
1809 483 1958 539 omni

389 582 600 635 honore
613 577 1019 649 dignissimum,
1041 575 1516 645 clarissimamque
1533 559 1956 637 solemnitatem,

387 683 512 738 qua:
536 667 736 721 divinis
771 665 940 720 radiis
963 663 1350 734 splendescens
1371 704 1388 730 ,
1420 661 1960 733 intelligibilibusque

387 774 620 815 accensa
653 757 957 813 luminibus
983 770 1048 812 ac
1072 755 1320 828 mysticis
1349 753 1660 826 fulgoribus
1690 756 1958 820 emicans,

387 863 619 904 arcanas
641 847 736 902 Dei
769 847 1112 919 cognitiones
1133 845 1458 901 mortalibus
1491 855 1774 912 coruscat,
1799 857 1962 916 atque

391 952 553 991 unam
585 937 639 991 in
663 937 837 992 tribus
860 937 1114 1008 personis
1135 937 1496 1003 divinitatem,
1514 935 1960 1007 omnipatentiam

392 1027 588 1092 Patris,
617 1037 672 1081 et
689 1025 834 1092 Filii,
865 1035 920 1082 et
948 1024 1182 1097 Spiritus
1211 1027 1386 1082 sancti
1415 1026 1678 1082 declarat.

463 1199 640 1266 Quare
686 1203 943 1258 omnibus
987 1204 1138 1260 hisce
1184 1209 1522 1277 argumentis
1582 1209 1637 1264 in
1685 1225 1960 1266 summam

391 1293 658 1357 collectis,
685 1295 1098 1351 accommodate
1127 1295 1343 1352 dicendi
1374 1299 1703 1370 principium
1734 1317 1764 1356 ιι
1792 1301 1966 1372 Virgi-

399 1381 486 1437 nis
515 1383 844 1440 deductione
887 1385 944 1440 in
973 1387 1240 1458 templum
1278 1403 1378 1458 pro
1415 1390 1624 1446 viribus
1647 1392 1964 1447 describen-

389 1475 460 1530 da
490 1474 776 1542 faciamus,
805 1491 870 1531 ac
892 1476 1089 1535 deinde
1112 1479 1247 1550 legis
1273 1479 1683 1551 implementum
1706 1493 1760 1536 et
1787 1483 1964 1540 editos

394 1569 582 1634 gratia:
626 1567 842 1624 fructus
899 1569 1150 1628 oratione
1191 1585 1612 1642 prosequamur.
1656 1574 1777 1642 Ipsa
1817 1573 1962 1629 enim

395 1657 595 1711 Sancta
643 1669 959 1714 sanctorum
986 1699 1002 1724 ,
1048 1661 1433 1718 immaculatus
1463 1663 1627 1719 Verbi
1655 1665 1927 1720 thalamus
1947 1705 1962 1731 ,

385 1748 634 1816 virginea
681 1749 832 1819 virga
867 1748 1069 1804 ﬂorens
1093 1791 1107 1815 ,
1154 1767 1280 1806 arca
1313 1753 1782 1819 sanctiﬁcationis,
1807 1771 1964 1810 mons

391 1849 642 1903 sanctus,
675 1838 1089 1893 tabernaculum
1126 1837 1219 1893 Dei
1244 1855 1438 1910 capax,
1468 1841 1850 1900 incombustus
1879 1861 1965 1900 ru-

391 1929 518 1994 bus,
571 1927 940 2006 ﬂammivolus
973 1926 1066 1982 Dei
1112 1943 1332 1991 currus,
1364 1932 1616 1988 columba
1660 1934 1963 2004 impolluta,

392 2017 735 2089 amplissima
787 2015 952 2072 Verbi
1005 2018 1186 2081 sedes,
1225 2019 1394 2074 nubes
1423 2037 1453 2076 a
1491 2021 1598 2076 Deo
1640 2024 1964 2087 illuminata,

390 2111 667 2180 variegata
720 2109 906 2179 regina
930 2125 961 2164 c
989 2111 1199 2165 semine
1234 2109 1400 2166 David
1446 2107 1741 2182 prognata,
1767 2117 1821 2172 in
1880 2119 1966 2173 sui

393 2199 783 2258 habitationem
838 2214 870 2253 a
921 2199 1139 2258 Davidis
1193 2199 1450 2258 Creatore
1497 2219 1562 2260 ac
1591 2205 1704 2262 Deo
1748 2220 1964 2264 servata

395 2293 594 2349 fuerat.

465 2385 554 2441 ιιι.
573 2384 896 2442 Joachimus
916 2384 1100 2456 itaque
1121 2399 1152 2441 e
1171 2385 1456 2442 duodecim
1483 2385 1696 2443 lsraelis
1718 2388 1969 2446 tribubus

393 2479 560 2535 homo
591 2479 744 2534 dives
785 2478 1048 2549 idemque
1087 2477 1293 2547 justus,
1330 2494 1431 2534 sua
1477 2479 1531 2534 in
1560 2479 1662 2536 ‘Dei
1705 2480 1967 2539 honorem

392 2590 624 2633 munera
680 2558 978 2629 deferebat.
1039 2570 1146 2626 Sed
1201 2585 1331 2626 cum
1387 2571 1596 2627 semine
1643 2571 1974 2647 infecundus

393 2681 461 2722 ac
491 2665 786 2720 liberorum
815 2675 1012 2732 expers
1041 2667 1212 2726 esset,
1243 2660 1556 2717 sacerdotes
1576 2675 1607 2716 e
1631 2663 1832 2732 templo
1854 2663 1966 2717 Do-

393 2757 531 2812 mini
567 2753 688 2825 ejus
710 2753 850 2810 dona
883 2751 1282 2808 contumeliose
1306 2751 1631 2822 reiecerunt
1662 2753 1814 2810 hisce
1843 2771 1966 2810 vcr-

396 2847 482 2903 bis
509 2865 522 2902 :
547 2845 972 2915 Haudquaquam
997 2845 1100 2898 ista
1124 2841 1229 2897 Deo
1246 2843 1434 2912 o/I’erre
1450 2843 1546 2897 tibi
1566 2844 1654 2914 fas
1667 2855 1765 2910 est,
1781 2847 1970 2915 quippe

391 2941 483 3010 qui
533 2939 681 2992 nulla
723 2937 900 2991 sobole
955 2943 1144 2989 auctus
1192 2935 1358 3004 fueris
1413 2935 1469 2989 in
1505 2933 1723 2992 Israele.
1761 2937 1831 2992 At
1878 2940 1969 2993 ille

393 3030 571 3085 oculis
615 3028 880 3097 vultuque
923 3041 1034 3096 prae
1083 3026 1304 3082 tristitia
1355 3027 1610 3084 demissis
1657 3030 1892 3084 excessit
1933 3045 1965 3084 e
1993 3065 2036 3122 ο

395 3121 598 3190 templo
635 3117 874 3180 Domini,
901 3130 1142 3170 maerore
1195 3129 1524 3185 oppressus;
1569 3127 1682 3170 tum
1712 3116 1868 3171 solus
1907 3117 1962 3171 in

394 3222 582 3269 monte
602 3209 670 3264 ad
707 3205 1130 3278 supplicandum
1147 3202 1322 3258 Deum
1356 3219 1676 3269 conversus,
1729 3207 1966 3262 contrito

395 3302 560 3359 corde
583 3313 837 3371 aegroque
879 3297 1066 3351 animo
1119 3297 1202 3351 sic
1226 3293 1543 3350 clamabat:
1576 3293 1678 3359 Tu,
1712 3295 1966 3361 Domine,

395 3393 644 3450 cordium
669 3391 962 3460 inspector,
981 3395 1036 3442 et
1055 3401 1239 3441 rerum
1257 3383 1504 3440 omnium
1531 3393 1646 3441 tum
1666 3387 1966 3444 visibilium

397 3495 514 3541 tum
555 3481 914 3538 invisibilium
951 3477 1237 3544 conditor,
1289 3477 1386 3546 qui
1424 3477 1610 3532 caelum
1670 3477 1952 3534 extendisti

396 3578 536 3629 sicut
559 3571 747 3643 pellem
761 3573 804 3636 ⁸,
825 3570 919 3641 qui
937 3569 1108 3624 solem
1135 3567 1304 3622 verbo
1331 3575 1425 3624 tuo
1439 3567 1645 3623 creasti
1673 3567 1739 3622 ad
1759 3568 1966 3624 illumi-

397 3667 642 3724 nandum
667 3664 837 3728 diem,
865 3672 918 3718 et
951 3663 1136 3716 lunam
1163 3674 1288 3714 cum
1321 3659 1516 3723 stellis,
1539 3667 1602 3714 ut
1622 3660 1792 3716 facem
1823 3675 1969 3730 prae-

397 3757 552 3812 beret
579 3755 728 3810 nocti
755 3754 800 3824 °,
827 3752 922 3823 qui
955 3751 1170 3806 nebulis
1194 3749 1472 3804 madetieri
1507 3763 1688 3804 aerem
1713 3749 1929 3820 iussisti
1953 3789 1970 3816 ,

397 3849 490 3918 qui
542 3845 765 3901 ﬂamina
813 3851 1102 3898 ventorum
1149 3839 1308 3911 quasi
1337 3838 1590 3895 claustris
1629 3839 1966 3907 conclusisti,

399 3939 493 4010 qui
536 3951 689 3992 mare
730 3933 956 3990 frenasti
997 3931 1221 3998 arenis,
1251 3931 1540 4002 ipsumque
1559 3931 1707 3986 omni
1733 3932 1966 4001 piscium

400 4043 619 4102 genere,
659 4026 1116 4098 quemadmodum
1148 4033 1346 4078 terram
1378 4037 1597 4092 quoque
1643 4023 1821 4078 brutis
1847 4024 1970 4078 aui-

401 4120 678 4176 mantihus
704 4126 758 4173 et
781 4116 912 4172 feris
939 4127 994 4171 et
1015 4115 1242 4171 alitibus
1267 4153 1284 4179 ,
1311 4113 1522 4177 ditasti,
1552 4121 1607 4167 et
1627 4127 1812 4168 escam
1845 4128 1967 4168 om-
2001 4124 2009 4130 '

399 4212 562 4266 nibus
589 4225 688 4280 pro
722 4217 812 4264 tua
844 4207 1124 4262 voluntate
1153 4221 1222 4280 ac
1245 4213 1382 4260 nutu
1421 4203 1758 4280 suppeditas,
1786 4204 1880 4273 qui
1913 4205 1970 4260 in

401 4315 560 4360 terrae
578 4279 866 4372 superﬁcie
889 4297 1088 4354 herbas
1117 4295 1400 4366 producis,
1429 4306 1484 4351 et
1521 4279 1712 4352 omnes
1739 4296 1970 4352 arbores

2057 489 2454 562 ἀπολύτρωσις.
2507 490 2726 562 Ταύτην
2784 490 2834 544 oi
2886 491 3069 544 πιστοὶ
3123 491 3476 562 ἑορτάσωμεν
3531 493 3630 565 τὴν

2059 582 2329 652 πάντιμον
2379 582 2608 652 ἑορτὴν,
2668 582 2768 654 τὴν
2819 581 3080 653 λαμπρὰν
3133 583 3441 654 πανήγυριν
3469 623 3485 647 ,
3531 583 3633 654 τὴν

2059 671 2230 736 θείαις
2286 673 2720 727 ἀποστίλϐουσαν
2767 676 3161 745 μαρμαρυγαῖς
3189 713 3204 739 ,
3253 673 3356 745 τὴν
3413 679 3635 744 νοηταῖς

2057 763 2438 835 λαμπαδουχου
2445 763 2613 836 μένην
2631 765 2988 834 φωταυγίαις,
3007 765 3106 836 τὴν
3128 767 3418 834 μυστικαῖς
3443 766 3636 833 ἀγλαϊ-

2059 856 2294 926 ζομένην
2324 857 2693 926 φωτοδοσίαις,
2719 857 2818 928 τὴν
2842 859 3131 926 μυστικαῖς
3158 857 3634 928 περώστράπτου-

2062 961 2161 997 σαν
2191 943 2269 1014 τῷ
2304 945 2496 1016 κόσμῳ
2525 945 2895 1014 θεογνωσίαις,
2922 947 3022 1014 τὴν
3055 948 3113 1000 ἐν
3137 947 3286 1017 τρισὶ
3324 947 3634 1017 προσώποις

2063 1037 2194 1106 μίαν
2224 1035 2479 1105 θεότητα,
2512 1037 2746 1108 Πατρδς,
2767 1040 2860 1092 καὶ
2891 1038 3044 1104 Υῐοῦ,
3069 1039 3162 1092 καὶ
3188 1038 3527 1110 Πνεῦματος,
3553 1039 3633 1092 δι-

2061 1125 2299 1190 δάξασαν
2322 1127 2812 1200 παντοκρατορίαν.

2129 1218 2225 1271 Διὸ
2249 1217 2452 1282 ταύτας
2473 1219 2574 1282 τὰς
2599 1219 2885 1283 ὑποθέσεις
2913 1219 3512 1288 ἀνακεφαλαιώσαντες,
3537 1220 3635 1276 καὶ

2062 1311 2236 1381 ἀρχὴν
2266 1310 2522 1376 λαϐόντες
2544 1311 2623 1384 τῷ
2643 1311 2787 1384 λόγῳ
2818 1315 3206 1384 προσήκουσαν
3233 1315 3332 1383 τῆς
3357 1313 3634 1384 Παρθένου

2061 1401 2251 1472 τὴν-εν
2280 1401 2361 1472 τῷ
2381 1400 2496 1473 ναῷ
2520 1403 2909 1474 προσαγωγὴν,
2943 1405 3068 1458 ὅσον
3098 1400 3210 1458 οἷόν
3235 1422 3295 1458 τε
3319 1404 3634 1476 διαγράφω-

2066 1509 2166 1563 μεν
2189 1531 2206 1556 ,
2243 1494 2340 1547 καὶ
2364 1491 2463 1564 τὴν
2491 1493 2586 1547 τοῦ
2626 1494 2791 1565 νόμου
2825 1495 3175 1568 ἐκπλήρωσιν
3208 1513 3270 1550 τε
3299 1497 3396 1550 κα.)⁵
3421 1513 3636 1567 καρπο-

2061 1583 2247 1637 δοσίαν
2271 1583 2738 1654 ὑπαγορεύσωμεν
2759 1600 2774 1616 ·
2797 1583 2940 1656 αὕτη
2961 1587 3034 1654 γα
3042 1603 3073 1658 ρ
3092 1589 3126 1657 ἡ
3143 1586 3251 1641 τῶν
3271 1585 3440 1655 άγίων
3455 1586 3634 1656 Ἀγία,

2066 1674 2098 1743 ἡ
2157 1673 2492 1745 ἀκηλίδωτος
2547 1673 2642 1728 τοῦ
2687 1677 2862 1744 Λόγου
2907 1679 3144 1748 παστὰς,
3201 1677 3264 1730 τὸ
3305 1677 3636 1749 παρθενικδν

2063 1765 2383 1836 ἅπάνθισμα
2408 1805 2424 1832 ,
2461 1767 2494 1837 ἡ
2525 1767 2758 1832 κιϐωτὸς
2785 1769 2880 1822 τοῦ
2913 1769 3254 1839 ἀγιάσματος
3276 1810 3293 1834 ,
3320 1769 3382 1822 τὸ
3411 1769 3538 1840 ὅρος
3574 1771 3636 1823 τὸ

2063 1856 2240 1924 ἅγιον,
2267 1858 2302 1928 ή
2329 1856 2670 1931 θεοχώρητος
2701 1859 2894 1931 σκηνὴ,
2922 1861 2955 1929 ἡ
2991 1861 3407 1930 άκατάφλεκτος
3442 1860 3634 1930 βάτος,

2063 1949 2126 2002 τὸ
2158 1950 2506 2022 πυρίμορφον
2531 1952 2686 2022 ἅρμα
2727 1953 2822 2006 τοῦ
2845 1953 3004 2020 Θεοῦ,
3036 1957 3071 2025 ἠ
3107 1955 3407 2025 περιστερὰ
3433 1956 3466 2024 ή
3493 1955 3635 2024 ἀμύ-

2063 2039 2274 2104 λυντος,
2301 2042 2364 2094 τὸ
2395 2041 2710 2112 εὐρύχωρον
2737 2043 2830 2096 τοῦ
2849 2045 3024 2113 Λόγου
3055 2047 3275 2116 χωρίον,
3301 2047 3334 2116 ἡ
3365 2046 3634 2114 θεότωτος

2064 2131 2285 2201 νεφέλη,
2331 2133 2364 2202 ἠ
2415 2135 2810 2204 πεποικιλμένη
2865 2135 3148 2204 βασίλισσα
3194 2139 3260 2190 ἐκ
3320 2136 3636 2206 σπέρματος

2063 2219 2226 2275 Δαυῒδ
2248 2225 2596 2294 καταγομένη
2617 2224 2696 2294 τῷ
2723 2223 2817 2276 τοῦ
2845 2223 3009 2278 Δαυῒδ
3037 2226 3228 2298 κτίστῃ
3252 2227 3346 2280 καὶ
3371 2226 3492 2296 Θεῷ
3513 2229 3633 2281 ἐτε-

2065 2309 2276 2381 τήρητο
2309 2313 2390 2374 είς
2415 2310 2608 2365 ἑαυτοῦ
2635 2312 2978 2380 κατοίκησιν.

2136 2401 2210 2454 1".
2251 2403 2507 2473 ἰωακεὶμ
2537 2402 2646 2473 γὰρ
2677 2404 2736 2457 ὲν
2780 2405 2846 2474 τῇ
2881 2401 3248 2472 δωδεκαφύλῳ
3273 2401 3372 2456 τοῦ
3417 2401 3634 2470 Ἰσραὴλ

2066 2486 2322 2556 πλοῦσιος
2350 2493 2429 2544 ῶν
2467 2496 2562 2548 καὶ
2603 2493 2808 2558 δίκαιος
2844 2494 3148 2566 προσέφερε
3181 2494 3250 2546 τὰ
3274 2493 3425 2563 δῶρα
3466 2492 3635 2547 αὐτοῦ

2067 2580 2204 2654 πρὸς
2224 2583 2314 2636 τὸν
2329 2583 2480 2638 Θεόν.
2493 2583 2586 2654 Μὴ
2607 2584 2825 2656 ἔχοντος
2839 2584 2895 2638 δὲ
2913 2584 3134 2656 σπέρμα
3150 2583 3338 2648 αὑτοῦ,
3354 2584 3470 2638 ἀλλ’
3485 2584 3638 2648 ὄντος

2066 2673 2308 2739 ἄπαιδος,
2329 2675 2777 2746 άπεσκοράκισαν
2799 2675 2974 2730 ταῦτα
2993 2677 3046 2730 oi
3079 2677 3244 2747 ἱερεῖς
3275 2677 3340 2730 ὲκ
3365 2676 3494 2731 ναοῦ
3524 2678 3640 2730 Κυ-

2069 2766 2210 2838 ρίου,
2243 2767 2494 2834 λέγοντες
2517 2785 2532 2799 ·
2565 2769 2689 2822 Οὐκ
2717 2767 2924 2830 ἔξεστί
2955 2783 3057 2822 σοι
3081 2768 3512 2838 προσενεγκεῖν
3530 2771 3639 2824 αὺ-

2067 2853 2140 2907 τὰ
2174 2853 2252 2918 τῷ
2278 2853 2400 2920 Θεῷ
2421 2894 2436 2919 ,
2468 2856 2674 2910 καθότι
2711 2857 2952 2925 σπέρμα
2976 2858 3089 2910 οὐκ
3120 2857 3416 2926 ἐποίησας
3446 2857 3518 2911 ἐν
3557 2857 3640 2922 τῷ

2081 2944 2325 3012 Ἰσραήλ
2355 2963 2368 2977 ·
2427 2945 2522 2998 καὶ
2577 2943 2978 3016 σκυθρωπάσας
3029 2946 3214 3011 αὐτὸς,
3260 2947 3528 3018 κατῆλθεν
3572 2949 3639 3002 ὲκ

2068 3034 2201 3090 ναοῦ
2240 3034 2469 3106 Κυρίου,
2502 3034 2645 3107 λύπῃ
2671 3035 3030 3108 συνεχόμενος
3053 3053 3067 3068 ·
3101 3037 3195 3091 καὶ
3221 3038 3280 3090 ἐν
3303 3037 3379 3109 τῷ
3395 3039 3510 3106 δραι
3535 3055 3639 3090 κα-

2067 3127 2313 3197 ταμόνας
2341 3127 2434 3180 τὸν
2461 3125 2596 3182 Θεὸν
2622 3128 2961 3196 λιτανεύσας,
2995 3131 3133 3201 μετὰ
3175 3131 3640 3202 συντετριμμένης

2067 3215 2316 3286 καρδίας,
2349 3219 2444 3271 καὶ
2463 3219 2772 3272 κατωδύνου
2796 3219 2998 3289 ψυχῆς,
3017 3221 3147 3274 ἐϐόα
3163 3222 3338 3290 λέγων
3354 3237 3370 3252 ο
3404 3221 3498 3286 Σὺ,
3524 3223 3639 3275 Κύ-

2069 3320 2174 3374 ριε,
2217 3305 2644 3376 καρδιογνῶστα,
2689 3307 2718 3358 ὁ
2755 3307 2868 3360 τῶν
2893 3308 3108 3378 ὁρατῶν
3151 3323 3213 3361 τε
3261 3309 3354 3362 καὶ
3387 3309 3639 3380 ἀοράτων

2067 3394 2312 3465 κτίστης,
2347 3397 2382 3449 ὁ
2419 3395 2529 3450 τὸν
2560 3397 2824 3464 οὐρανὸν
2861 3399 3131 3464 τανύσας
3201 3398 3348 3452 ὡσεί
3403 3398 3638 3468 arma»,

2066 3489 2096 3540 δ
2123 3487 2218 3540 τὸν
2247 3487 2401 3558 ἥλιον
2427 3487 2508 3552 είς
2537 3489 2736 3556 φαῦσιν
2774 3489 2874 3560 τῆς
2895 3489 3106 3560 ἡμέρας
3135 3489 3444 3560 προστάξας
3481 3491 3640 3560 γενέ-

2071 3576 2196 3633 σθαι
2225 3578 2321 3631 καὶ
2349 3577 2448 3648 τὴν
2477 3577 2710 3650 σελήνην
2736 3579 2816 3644 είς
2839 3579 3126 3650 δᾳδουχίαν
3141 3581 3240 3649 τῆς
3265 3581 3460 3644 νυκτὸς
3497 3583 3640 3652 μετὰ

2068 3667 2176 3722 τῶν
2196 3669 2444 3740 ἀστέρων
2472 3670 2712 3740 ποιήσας
2743 3685 2757 3700 '
2793 3672 2822 3724 ὁ
2852 3671 2966 3734 τοῖς
3007 3671 3194 3740 νέφεσι
3222 3672 3316 3723 τὸν
3341 3671 3480 3742 ἀέρα
3509 3673 3639 3744 βρέ-

2069 3774 2188 3828 χειν
2215 3758 2502 3825 κελεύσας,
2533 3761 2630 3814 καὶ
2655 3759 2770 3816 τῶν
2801 3761 3018 3832 ἀνέμων
3047 3761 3146 3826 τὰς
3179 3764 3346 3826 πνοὰς
3380 3763 3646 3835 θησαυρί-

2071 3865 2171 3912 σας
2195 3865 2210 3880 ·
2243 3850 2274 3903 ὁ
2299 3851 2398 3920 τὴν
2423 3851 2700 3906 θάλασσαν
2727 3849 3032 3922 χαλινώσας
3057 3855 3125 3922 τῇ
3151 3851 3366 3924 ψάμμῳ
3396 3855 3488 3907 καὶ
3511 3855 3642 3909 ταύ-

2069 3956 2171 4010 την
2191 3940 2384 4008 γένους
2432 3939 2633 4012 ἰχθύων
2659 3940 2978 4012 πληρώσας,
3015 3942 3110 3995 καὶ
3138 3941 3236 4012 τὴν
3260 3943 3491 4014 ἤπειρον
3517 3945 3643 3998 b16-

2071 4045 2186 4096 γων
2219 4029 2316 4082 καὶ⁸
2353 4029 2463 4084 τῶν
2497 4029 2704 4100 θηρίων
2737 4031 2834 4084 καὶ
2864 4029 2972 4083 τῶν
2997 4030 3265 4085 πετεινῶν
3285 4071 3300 4096 ,
3335 4035 3432 4086 καὶ
3463 4034 3642 4088 ταῦτα

2069 4117 2288 4188 τρέφων
2317 4117 2569 4190 βουλήσει
2589 4119 2686 4172 καὶ
2713 4119 3026 4190 προστάξει·
3063 4121 3092 4172 ὁ
3121 4119 3200 4190 τῷ
3233 4119 3512 4193 προσώπῳ
3539 4122 3643 4190 τῆς

2071 4209 2176 4278 γῆς
2207 4209 2401 4279 χόρτον
2433 4209 2821 4276 ἑξανατέλλων,
2861 4212 2956 4264 καὶ
3003 4213 3139 4264 πᾶσι
3168 4211 3406 4282 δένδροις
3435 4214 3506 4266 τὰ
3532 4213 3643 4267 ῐδια

2072 4301 2446 4368 καλλωπίσας,
2474 4302 2776 4356 ὲπᾶκουσόν
2807 4319 2930 4372 μου,
2965 4301 3324 4374 εὔσπλαγχνε,
3355 4304 3450 4359 καὶ
3468 4303 3647 4374 δώρη-

401 4412 500 4450 sua
538 4407 782 4464 quasque
815 4388 1218 4460 pulchritudine
1246 4401 1482 4442 exornas
1510 4428 1526 4453 ,
1571 4389 1766 4442 exaudi
1798 4402 1906 4454 me,
1933 4403 1968 4443 o

2073 4391 2164 4446 σαί
2197 4408 2288 4462 μοι
2309 4393 2526 4459 τέκνον,
2557 4392 2781 4464 χάρισαί
2823 4410 2915 4462 μοι
2938 4394 3307 4464 καρπογονίας
3361 4394 3639 4465 ἐνέχυρον,

401 4486 737 4548 misericors,
763 4491 819 4536 et
843 4479 976 4536 mihi
1013 4479 1256 4534 sobolem
1282 4477 1502 4548 largire.
1538 4477 1744 4548 Pignus
1766 4494 1969 4549 propa-

401 4580 590 4650 ganda:
618 4574 802 4644 stirpis
829 4571 896 4626 da
921 4571 1078 4634 mihi,
1111 4577 1173 4624 ut
1198 4568 1558 4625 obstruantur
1589 4569 1737 4624 labia
1762 4569 1970 4636 dolosa,

401 4689 518 4744 qua:
541 4670 872 4740 iniquitatem
912 4665 1200 4736 loquuntur
1223 4661 1476 4718 adversus
1504 4662 1714 4732 justum
1753 4661 1974 4731 superbe

401 4777 560 4836 atque
574 4761 862 4817 insolenter
887 4758 930 4815 ".
1325 4807 1333 4816 ,

473 4855 602 4910 llaec
626 4852 867 4908 hominis
891 4847 1027 4920 justi
1054 4847 1242 4914 verba,
1277 4848 1392 4903 haec
1421 4846 1783 4918 progenitoris
1815 4845 1973 4900 obte-

400 4949 689 5011 stationes,
715 4942 853 4998 tales
875 4939 1142 4994 Joachimi
1165 4954 1231 4995 ex
1259 4939 1444 5009 penite
1473 4937 1643 4993 animi
1670 4937 1858 4994 dolore
1877 4951 1971 5006 ge-

401 5051 742 5192 Πηίδῗόυειι
771 5141 900 5182 vero
949 5125 1114 5180 etiam
1173 5119 1373 5174 Anna?
1425 5119 1626 5190 Quippe
1661 5117 1816 5188 juvat
1856 5116 1974 5188 ejus

402 5232 624 5290 quoque
646 5217 915 5274 dictorum
945 5213 1274 5270 mentionem
1305 5209 1505 5266 facere.
1533 5210 1626 5264 Illa
1653 5209 1824 5274 enim,
1851 5225 1974 5279 qua:
2009 5255 2022 5266 .

402 5322 635 5365 concors
658 5305 868 5360 vixerat
891 5320 998 5359 una
1022 5319 1147 5360 cum
1171 5303 1312 5365 viro,
1343 5310 1397 5357 ct
1421 5299 1554 5356 ﬂore
1574 5301 1751 5356 aetatis
1767 5300 1974 5354 amisso

403 5405 510 5473 iam
542 5398 796 5470 vergebat
823 5396 878 5452 in
911 5397 1149 5458 senium,
1175 5395 1229 5449 in
1261 5401 1517 5464 perpetua
1539 5393 1790 5462 jacuerat
1817 5394 1978 5448 steri-

406 5493 575 5548 litate.
629 5489 898 5544 Catterum
931 5503 1056 5543 cum
1091 5494 1146 5542 et
1171 5485 1284 5556 jam
1331 5485 1618 5540 muliebria
1662 5483 1973 5547 desiissent,

2069 4484 2218 4548 ὅπως
2253 4485 2513 4555 ὲμφραγῇ
2543 4485 2715 4552 χείλη
2740 4483 2812 4538 τὰ
2843 4482 3039 4548 δόλια,
3065 4483 3138 4538 τὰ
3158 4483 3467 4556 λαλοῦντα
3494 4489 3645 4539 κατὰ

2069 4573 2178 4630 τοῦ
2218 4573 2453 4629 δικαίου
2494 4574 2750 4646 ἀνομίαν
2791 4575 2862 4629 ἐν
2901 4575 3282 4644 ὑπερηφανίᾳ
3341 4575 3445 4630 καὶ
3472 4574 3646 4640 ἐξου-

2069 4665 2339 4722 «Serdicae.

2142 4846 2327 4902 Ταῦτα
2359 4845 2456 4901 τοῦ
2482 4846 2694 4900 δικαίου
2724 4847 2796 4901 τὰ
2826 4849 3048 4919 ῥήματα
3073 4861 3089 4876 °
3117 4841 3281 4902 αὗται
3303 4846 3402 4900 τοῦ
3430 4845 3647 4918 προπάο

2071 4954 2230 5008 τορος
2255 4937 2314 4990 ai
2335 4936 2717 5010 παρακλήσεις
2739 4955 2753 4968 ·
2777 4937 3014 4992 τοιοῦτοι
3039 4934 3136 4990 τοῦ
3151 4935 3404 5006 Ἰωακεὶμ
3425 4937 3492 4991 ἐκ
3514 4954 3648 4991 κατ-

2069 5027 2276 5083 ωδύνου
2307 5027 2488 5098 ψυχῆς
2509 5028 2560 5081 οἱ
2594 5029 2920 5097 στεναγμοί.

2145 5121 2220 5174 A'.
2249 5118 2315 5172 Τί
2350 5118 2408 5172 δὲ
2437 5119 2534 5172 καὶ
2563 5120 2597 5190 ἡ
2634 5119 2842 5185 'Awa;
2874 5117 3039 5172 καλὸν
3076 5118 3185 5190 γὰρ
3213 5119 3307 5173 καὶ
3337 5117 3512 5188 αὐτῆς
3539 5117 3649 5172 τῶν

2074 5209 2338 5280 ῥημάτων
2359 5208 2868 5279 ἀπομνημονεῦσαι.
2899 5209 3048 5278 Αὕτη
3072 5211 3182 5280 γὰρ
3207 5207 3287 5278 τῷ
3316 5210 3470 5280 ἀνδρὶ
3501 5210 3648 5280 σύμ-

2073 5317 2250 5370 φωνος
2299 5299 2785 5369 συμϐιοτεύσασα,
2816 5303 2911 5354 καὶ
2965 5301 3026 5354 τὸ
3061 5299 3165 5371 τῆς
3194 5301 3446 5372 νεότητος
3484 5301 3651 5365 ἄνθος

2071 5395 2152 5454 είς
2183 5392 2356 5464 γῆρας
2385 5393 2626 5447 ἐλάσασα
2647 5435 2662 5458 ,
2697 5394 2886 5464 στείρα
2915 5392 3156 5462 διέμεινε
3191 5394 3368 5448 πάντα
3394 5391 3489 5446 τὸν
3517 5393 3649 5462 χρόα

2077 5501 2164 5536 νον
2197 5483 2368 5554 αὐτῆς
2402 5499 2417 5513 ’
2447 5485 2628 5538 λοιπὸν
2669 5487 2762 5538 καὶ
2787 5487 2851 5540 τὰ
2877 5485 2986 5539 τῶν
3015 5485 3288 5555 γυναικῶν
3318 5484 3642 5560 ἀναπληρὼ-

478 5717 498 5749 ³
523 5719 656 5774 Gen.
691 5737 772 5788 ιιι,
807 5720 892 5774 l6.
969 5719 989 5750 ⁸
1023 5717 1154 5772 ibid.
1233 5716 1251 5748 ⁵
1277 5713 1420 5768 Psal.
1449 5727 1566 5777 cnt,
1594 5712 1647 5764 ‘2.
1730 5710 1908 5766 ‘Gcn.
1937 5725 1975 5776 ι,
2007 5709 2092 5766 16.
2163 5709 2344 5767 Ῥειιί.
2381 5725 2506 5776 nx,
2549 5711 2630 5780 13,
2658 5713 2740 5766 l9.
