  <div class='ocr_page' id='page_1' title='image "/cluster/home/n/w/nwhite01/storage/ocr_20150623/98/mdp.39015005675650/762.png"; bbox 0 0 4090 6286; ppageno 0'>
   <div class='ocr_carea' id='block_1_1' title="bbox 460 382 599 450">
    <p class='ocr_par' dir='ltr' id='par_1_1' title="bbox 460 382 599 450">
     <span class='ocr_line' id='line_1_1' title="bbox 460 382 599 450; baseline 0.029 -4"><span class='ocrx_word' id='word_1_1' title='bbox 460 382 599 450; x_wconf 72' lang='grc'><strong>1485</strong></span> 
     </span>
    </p>
   </div>
   <div class='ocr_carea' id='block_1_2' title="bbox 1402 378 2786 445">
    <p class='ocr_par' dir='ltr' id='par_1_2' title="bbox 1402 378 2786 445">
     <span class='ocr_line' id='line_1_2' title="bbox 1402 378 2786 445; baseline 0.001 -5"><span class='ocrx_word' id='word_1_2' title='bbox 1402 381 1487 444; x_wconf 88' lang='grc' dir='ltr'><strong>ΙΝ</strong></span> <span class='ocrx_word' id='word_1_3' title='bbox 1517 383 1621 445; x_wconf 88' lang='lat' dir='ltr'><strong>SS.</strong></span> <span class='ocrx_word' id='word_1_4' title='bbox 1654 379 2007 443; x_wconf 60' lang='lat' dir='ltr'><strong>DEIPARIE</strong></span> <span class='ocrx_word' id='word_1_5' title='bbox 2053 378 2786 441; x_wconf 81' lang='lat' dir='ltr'><strong>PR/ESENTATIONEM.</strong></span> 
     </span>
    </p>
   </div>
   <div class='ocr_carea' id='block_1_3' title="bbox 3588 367 3723 432">
    <p class='ocr_par' dir='ltr' id='par_1_3' title="bbox 3588 367 3723 432">
     <span class='ocr_line' id='line_1_3' title="bbox 3588 367 3723 432; baseline 0.007 -1"><span class='ocrx_word' id='word_1_6' title='bbox 3588 367 3723 432; x_wconf 75' lang='lat'><strong>1486</strong></span> 
     </span>
    </p>
   </div>
   <div class='ocr_carea' id='block_1_4' title="bbox 454 479 2044 564">
    <p class='ocr_par' dir='ltr' id='par_1_4' title="bbox 454 490 2039 564">
     <span class='ocr_line' id='line_1_4' title="bbox 454 490 2039 564; baseline -0.005 -14"><span class='ocrx_word' id='word_1_7' title='bbox 454 512 634 560; x_wconf 90' lang='grc' dir='ltr'>σασα,</span> <span class='ocrx_word' id='word_1_8' title='bbox 674 494 877 564; x_wconf 84' lang='grc' dir='ltr'>φυσικῇ</span> <span class='ocrx_word' id='word_1_9' title='bbox 921 491 1160 547; x_wconf 76' lang='grc' dir='ltr'><strong>διαθέσει</strong></span> <span class='ocrx_word' id='word_1_10' title='bbox 1209 490 1438 557; x_wconf 77' lang='grc' dir='ltr'>ἄτεκνος</span> <span class='ocrx_word' id='word_1_11' title='bbox 1482 493 1836 562; x_wconf 78' lang='grc' dir='ltr'>έγνωρίζετο.</span> <span class='ocrx_word' id='word_1_12' title='bbox 1874 490 2039 543; x_wconf 84' lang='grc' dir='ltr'>Ὅθεν</span> 
     </span>
    </p>
   </div>
   <div class='ocr_carea' id='block_1_5' title="bbox 2147 479 3720 564">
    <p class='ocr_par' dir='ltr' id='par_1_5' title="bbox 2147 479 3720 558">
     <span class='ocr_line' id='line_1_5' title="bbox 2147 479 3720 558; baseline -0.004 -16"><span class='ocrx_word' id='word_1_13' title='bbox 2147 487 2576 558; x_wconf 82' lang='lat' dir='ltr'><strong>dignoscebatur</strong></span> <span class='ocrx_word' id='word_1_14' title='bbox 2614 503 2808 544; x_wconf 83' lang='lat' dir='ltr'><strong>exsors</strong></span> <span class='ocrx_word' id='word_1_15' title='bbox 2841 483 3181 556; x_wconf 80' lang='lat' dir='ltr'><strong>concipiendi</strong></span> <span class='ocrx_word' id='word_1_16' title='bbox 3217 482 3380 539; x_wconf 78' lang='lat' dir='ltr'><strong>foetus</strong></span> <span class='ocrx_word' id='word_1_17' title='bbox 3405 479 3720 537; x_wconf 77' lang='lat' dir='ltr'><strong>conditione</strong></span> 
     </span>
    </p>
   </div>
   <div class='ocr_carea' id='block_1_6' title="bbox 455 583 2032 661">
    <p class='ocr_par' dir='ltr' id='par_1_6' title="bbox 455 583 2032 661">
     <span class='ocr_line' id='line_1_6' title="bbox 455 583 2032 661; baseline -0.002 -23"><span class='ocrx_word' id='word_1_18' title='bbox 455 587 551 660; x_wconf 70' lang='grc' dir='ltr'>τὴν</span> <span class='ocrx_word' id='word_1_19' title='bbox 573 585 924 657; x_wconf 79' lang='grc' dir='ltr'><strong>ἀναχώρησιν</strong></span> <span class='ocrx_word' id='word_1_20' title='bbox 942 584 1039 640; x_wconf 81' lang='grc' dir='ltr'><strong>τοῦ</strong></span> <span class='ocrx_word' id='word_1_21' title='bbox 1061 584 1300 654; x_wconf 75' lang='grc' dir='ltr'><strong>συζύγου</strong></span> <span class='ocrx_word' id='word_1_22' title='bbox 1324 584 1682 661; x_wconf 81' lang='grc' dir='ltr'>θεωρήσασα,</span> <span class='ocrx_word' id='word_1_23' title='bbox 1706 584 1783 648; x_wconf 87' lang='grc' dir='ltr'><strong>ὡς</strong></span> <span class='ocrx_word' id='word_1_24' title='bbox 1813 583 2032 653; x_wconf 86' lang='grc' dir='ltr'>τρυγὼν</span> 
     </span>
    </p>
   </div>
   <div class='ocr_carea' id='block_1_7' title="bbox 454 676 2035 754">
    <p class='ocr_par' dir='ltr' id='par_1_7' title="bbox 454 676 2035 754">
     <span class='ocr_line' id='line_1_7' title="bbox 454 676 2035 754; baseline -0.002 -22"><span class='ocrx_word' id='word_1_25' title='bbox 454 679 775 754; x_wconf 81' lang='grc' dir='ltr'>φιλέρημος,</span> <span class='ocrx_word' id='word_1_26' title='bbox 797 679 854 731; x_wconf 81' lang='grc' dir='ltr'>ὲν</span> <span class='ocrx_word' id='word_1_27' title='bbox 877 676 957 749; x_wconf 83' lang='grc' dir='ltr'>τῷ</span> <span class='ocrx_word' id='word_1_28' title='bbox 982 679 1157 749; x_wconf 82' lang='grc' dir='ltr'>αὐτῆς</span> <span class='ocrx_word' id='word_1_29' title='bbox 1182 678 1502 751; x_wconf 77' lang='grc' dir='ltr'><strong>παραδείσῳ</strong></span> <span class='ocrx_word' id='word_1_30' title='bbox 1522 679 1709 749; x_wconf 83' lang='grc' dir='ltr'>εύχαῖς</span> <span class='ocrx_word' id='word_1_31' title='bbox 1736 676 2035 746; x_wconf 74' lang='grc' dir='ltr'><strong>ἱκετηρίαις</strong></span> 
     </span>
    </p>
   </div>
   <div class='ocr_carea' id='block_1_8' title="bbox 453 767 2031 841">
    <p class='ocr_par' dir='ltr' id='par_1_8' title="bbox 453 767 2031 841">
     <span class='ocr_line' id='line_1_8' title="bbox 453 767 2031 841; baseline -0.002 -18"><span class='ocrx_word' id='word_1_32' title='bbox 453 772 547 825; x_wconf 82' lang='grc' dir='ltr'>τὸν</span> <span class='ocrx_word' id='word_1_33' title='bbox 598 770 837 840; x_wconf 84' lang='grc' dir='ltr'>ποιητὴν</span> <span class='ocrx_word' id='word_1_34' title='bbox 880 771 978 824; x_wconf 71' lang='grc' dir='ltr'>καὶ</span> <span class='ocrx_word' id='word_1_35' title='bbox 1021 770 1268 841; x_wconf 83' lang='grc' dir='ltr'>πλάστην</span> <span class='ocrx_word' id='word_1_36' title='bbox 1304 769 1723 838; x_wconf 72' lang='grc' dir='ltr'><strong>ἀνακαλουμένη</strong></span> <span class='ocrx_word' id='word_1_37' title='bbox 1746 809 1763 835; x_wconf 90' lang='grc'><strong>,</strong></span> <span class='ocrx_word' id='word_1_38' title='bbox 1807 767 1993 834; x_wconf 80' lang='grc' dir='ltr'>ἔλεγεν</span> <span class='ocrx_word' id='word_1_39' title='bbox 2018 783 2031 797; x_wconf 86' lang='grc'><strong>·</strong></span> 
     </span>
    </p>
   </div>
   <div class='ocr_carea' id='block_1_9' title="bbox 453 852 2034 933">
    <p class='ocr_par' dir='ltr' id='par_1_9' title="bbox 453 852 2034 933">
     <span class='ocr_line' id='line_1_9' title="bbox 453 852 2034 933; baseline -0.004 -16"><span class='ocrx_word' id='word_1_40' title='bbox 453 852 524 917; x_wconf 73' lang='lat'><strong>&#39;0</strong></span> <span class='ocrx_word' id='word_1_41' title='bbox 556 862 731 933; x_wconf 84' lang='grc' dir='ltr'>Κύριε</span> <span class='ocrx_word' id='word_1_42' title='bbox 761 861 1017 930; x_wconf 75' lang='grc' dir='ltr'>Σαϐαὼθ,</span> <span class='ocrx_word' id='word_1_43' title='bbox 1042 864 1076 917; x_wconf 84' lang='grc' dir='ltr'><strong>ό</strong></span> <span class='ocrx_word' id='word_1_44' title='bbox 1093 859 1433 932; x_wconf 81' lang='grc' dir='ltr'>καθήμενος</span> <span class='ocrx_word' id='word_1_45' title='bbox 1458 857 1696 915; x_wconf 79' lang='grc' dir='ltr'>ἐπὶτῶν</span> <span class='ocrx_word' id='word_1_46' title='bbox 1719 859 2034 927; x_wconf 72' lang='grc' dir='ltr'>Χερουϐὶμ,</span> 
     </span>
    </p>
   </div>
   <div class='ocr_carea' id='block_1_10' title="bbox 456 949 2037 1025">
    <p class='ocr_par' dir='ltr' id='par_1_10' title="bbox 456 949 2037 1025">
     <span class='ocr_line' id='line_1_10' title="bbox 456 949 2037 1025; baseline -0.004 -15"><span class='ocrx_word' id='word_1_47' title='bbox 456 956 548 1011; x_wconf 70' lang='grc' dir='ltr'>καὶ</span> <span class='ocrx_word' id='word_1_48' title='bbox 592 954 950 1025; x_wconf 78' lang='grc' dir='ltr'><strong>δοξαζόμενος</strong></span> <span class='ocrx_word' id='word_1_49' title='bbox 1025 953 1132 1008; x_wconf 77' lang='grc' dir='ltr'><strong>ὑπὸ</strong></span> <span class='ocrx_word' id='word_1_50' title='bbox 1170 952 1291 1006; x_wconf 82' lang='grc' dir='ltr'>,τῶν</span> <span class='ocrx_word' id='word_1_51' title='bbox 1346 951 1638 1023; x_wconf 81' lang='grc' dir='ltr'>Σεραφίμ’</span> <span class='ocrx_word' id='word_1_52' title='bbox 1696 954 1729 1005; x_wconf 82' lang='grc' dir='ltr'><em>ὁ</em></span> <span class='ocrx_word' id='word_1_53' title='bbox 1783 949 2037 1021; x_wconf 82' lang='grc' dir='ltr'><strong>μυριάσι</strong></span> 
     </span>
    </p>
   </div>
   <div class='ocr_carea' id='block_1_11' title="bbox 451 1039 2038 1116">
    <p class='ocr_par' dir='ltr' id='par_1_11' title="bbox 451 1039 2038 1116">
     <span class='ocr_line' id='line_1_11' title="bbox 451 1039 2038 1116; baseline -0.006 -15"><span class='ocrx_word' id='word_1_54' title='bbox 451 1046 763 1116; x_wconf 77' lang='grc' dir='ltr'><strong>μυριάδων</strong></span> <span class='ocrx_word' id='word_1_55' title='bbox 808 1045 1062 1114; x_wconf 88' lang='grc' dir='ltr'>ἀγγέλων</span> <span class='ocrx_word' id='word_1_56' title='bbox 1107 1042 1598 1115; x_wconf 80' lang='grc' dir='ltr'><strong>δορυφορούμενος,</strong></span> <span class='ocrx_word' id='word_1_57' title='bbox 1656 1040 1757 1096; x_wconf 79' lang='grc' dir='ltr'>καὶ</span> <span class='ocrx_word' id='word_1_58' title='bbox 1805 1039 2038 1110; x_wconf 78' lang='grc' dir='ltr'><strong>χιλιάσι</strong></span> 
     </span>
    </p>
   </div>
   <div class='ocr_carea' id='block_1_12' title="bbox 454 1129 2037 1206">
    <p class='ocr_par' dir='ltr' id='par_1_12' title="bbox 454 1129 2037 1206">
     <span class='ocr_line' id='line_1_12' title="bbox 454 1129 2037 1206; baseline -0.006 -15"><span class='ocrx_word' id='word_1_59' title='bbox 454 1135 743 1206; x_wconf 73' lang='grc' dir='ltr'><strong>χιλιάδων</strong></span> <span class='ocrx_word' id='word_1_60' title='bbox 771 1135 1046 1206; x_wconf 82' lang='grc' dir='ltr'><strong>στρατιῶν</strong></span> <span class='ocrx_word' id='word_1_61' title='bbox 1073 1132 1357 1203; x_wconf 81' lang='grc' dir='ltr'>δοξολογού</span> <span class='ocrx_word' id='word_1_62' title='bbox 1367 1149 1526 1203; x_wconf 87' lang='grc' dir='ltr'>μενος</span> <span class='ocrx_word' id='word_1_63' title='bbox 1554 1132 1653 1187; x_wconf 78' lang='grc' dir='ltr'>καὶ</span> <span class='ocrx_word' id='word_1_64' title='bbox 1694 1129 2037 1203; x_wconf 85' lang='grc' dir='ltr'>προσκυνού-</span> 
     </span>
    </p>
   </div>
   <div class='ocr_carea' id='block_1_13' title="bbox 459 1221 2040 1298">
    <p class='ocr_par' dir='ltr' id='par_1_13' title="bbox 459 1221 2040 1298">
     <span class='ocr_line' id='line_1_13' title="bbox 459 1221 2040 1298; baseline -0.004 -18"><span class='ocrx_word' id='word_1_65' title='bbox 459 1244 618 1298; x_wconf 86' lang='grc' dir='ltr'>μενος</span> <span class='ocrx_word' id='word_1_66' title='bbox 652 1244 666 1260; x_wconf 77' lang='grc' dir='ltr'><strong>σ</strong></span> <span class='ocrx_word' id='word_1_67' title='bbox 708 1228 737 1280; x_wconf 96' lang='lat'><strong>6</strong></span> <span class='ocrx_word' id='word_1_68' title='bbox 766 1228 860 1282; x_wconf 82' lang='grc' dir='ltr'>τὸν</span> <span class='ocrx_word' id='word_1_69' title='bbox 896 1225 1069 1296; x_wconf 78' lang='grc' dir='ltr'>’Δδάμ</span> <span class='ocrx_word' id='word_1_70' title='bbox 1092 1225 1309 1289; x_wconf 81' lang='grc' dir='ltr'><strong>πλάσας</strong></span> <span class='ocrx_word' id='word_1_71' title='bbox 1338 1226 1409 1296; x_wconf 74' lang='grc' dir='ltr'>τῇ</span> <span class='ocrx_word' id='word_1_72' title='bbox 1430 1224 1577 1296; x_wconf 84' lang='grc' dir='ltr'>χειρί</span> <span class='ocrx_word' id='word_1_73' title='bbox 1607 1240 1728 1289; x_wconf 90' lang='grc' dir='ltr'>σου,</span> <span class='ocrx_word' id='word_1_74' title='bbox 1753 1223 1850 1278; x_wconf 81' lang='grc' dir='ltr'>καὶ</span> <span class='ocrx_word' id='word_1_75' title='bbox 1890 1221 2040 1291; x_wconf 83' lang='grc' dir='ltr'><strong>αὒτῷ</strong></span> 
     </span>
    </p>
   </div>
   <div class='ocr_carea' id='block_1_14' title="bbox 458 1312 2042 1390">
    <p class='ocr_par' dir='ltr' id='par_1_14' title="bbox 458 1312 2042 1390">
     <span class='ocr_line' id='line_1_14' title="bbox 458 1312 2042 1390; baseline -0.004 -18"><span class='ocrx_word' id='word_1_76' title='bbox 458 1318 603 1390; x_wconf 77' lang='grc' dir='ltr'>ζωήν</span> <span class='ocrx_word' id='word_1_77' title='bbox 629 1317 805 1382; x_wconf 68' lang='grc' dir='ltr'>ἐνθεὶς</span> <span class='ocrx_word' id='word_1_78' title='bbox 832 1319 900 1388; x_wconf 77' lang='grc' dir='ltr'><strong>τῇ</strong></span> <span class='ocrx_word' id='word_1_79' title='bbox 934 1316 1209 1387; x_wconf 76' lang='grc' dir='ltr'>ζωηφόρῳ</span> <span class='ocrx_word' id='word_1_80' title='bbox 1241 1333 1336 1370; x_wconf 91' lang='grc' dir='ltr'>σου</span> <span class='ocrx_word' id='word_1_81' title='bbox 1369 1314 1665 1386; x_wconf 81' lang='grc' dir='ltr'>προστάξει</span> <span class='ocrx_word' id='word_1_82' title='bbox 1705 1314 1797 1368; x_wconf 73' lang='grc' dir='ltr'>καὶ</span> <span class='ocrx_word' id='word_1_83' title='bbox 1845 1316 1911 1368; x_wconf 81' lang='grc' dir='ltr'>ὲκ</span> <span class='ocrx_word' id='word_1_84' title='bbox 1940 1312 2042 1382; x_wconf 84' lang='grc' dir='ltr'>τῆς</span> 
     </span>
    </p>
   </div>
   <div class='ocr_carea' id='block_1_15' title="bbox 459 1402 2041 1480">
    <p class='ocr_par' dir='ltr' id='par_1_15' title="bbox 459 1402 2041 1480">
     <span class='ocr_line' id='line_1_15' title="bbox 459 1402 2041 1480; baseline -0.001 -20"><span class='ocrx_word' id='word_1_85' title='bbox 459 1408 706 1480; x_wconf 83' lang='grc' dir='ltr'>πλευρᾶς</span> <span class='ocrx_word' id='word_1_86' title='bbox 747 1402 919 1462; x_wconf 72' lang='grc' dir='ltr'>αὑτοῦ</span> <span class='ocrx_word' id='word_1_87' title='bbox 949 1406 1382 1477; x_wconf 84' lang='grc' dir='ltr'><strong>ἀνοικοδομήσας</strong></span> <span class='ocrx_word' id='word_1_88' title='bbox 1427 1407 1661 1475; x_wconf 84' lang='grc' dir='ltr'>γυναῖκα</span> <span class='ocrx_word' id='word_1_89' title='bbox 1689 1419 1705 1434; x_wconf 81' lang='grc'><em>’</em></span> <span class='ocrx_word' id='word_1_90' title='bbox 1735 1406 1765 1458; x_wconf 95' lang='lat'><strong>6</strong></span> <span class='ocrx_word' id='word_1_91' title='bbox 1806 1406 1871 1476; x_wconf 80' lang='grc' dir='ltr'>τῇ</span> <span class='ocrx_word' id='word_1_92' title='bbox 1901 1406 2041 1475; x_wconf 79' lang='grc' dir='ltr'><strong>σοφῇ</strong></span> 
     </span>
    </p>
   </div>
   <div class='ocr_carea' id='block_1_16' title="bbox 460 1491 2044 1566">
    <p class='ocr_par' dir='ltr' id='par_1_16' title="bbox 460 1491 2044 1566">
     <span class='ocr_line' id='line_1_16' title="bbox 460 1491 2044 1566; baseline -0.003 -16"><span class='ocrx_word' id='word_1_93' title='bbox 460 1513 555 1550; x_wconf 90' lang='grc' dir='ltr'>σου</span> <span class='ocrx_word' id='word_1_94' title='bbox 585 1495 806 1566; x_wconf 71' lang='grc' dir='ltr'>εὐδοκία</span> <span class='ocrx_word' id='word_1_95' title='bbox 837 1494 1076 1566; x_wconf 79' lang='grc' dir='ltr'>ποιήσας</span> <span class='ocrx_word' id='word_1_96' title='bbox 1105 1493 1256 1563; x_wconf 83' lang='grc' dir='ltr'>αὐτῷ</span> <span class='ocrx_word' id='word_1_97' title='bbox 1279 1492 1518 1562; x_wconf 79' lang='grc' dir='ltr'>,βοηθὸν</span> <span class='ocrx_word' id='word_1_98' title='bbox 1537 1492 1666 1547; x_wconf 83' lang='grc' dir='ltr'>κατ’</span> <span class='ocrx_word' id='word_1_99' title='bbox 1691 1491 1913 1558; x_wconf 82' lang='grc' dir='ltr'>αὐτὸν,</span> <span class='ocrx_word' id='word_1_100' title='bbox 1947 1493 2044 1546; x_wconf 77' lang='grc' dir='ltr'>καὶ</span> 
     </span>
    </p>
   </div>
   <div class='ocr_carea' id='block_1_17' title="bbox 458 1581 2039 1653">
    <p class='ocr_par' dir='ltr' id='par_1_17' title="bbox 458 1581 2039 1653">
     <span class='ocr_line' id='line_1_17' title="bbox 458 1581 2039 1653; baseline -0.004 -12"><span class='ocrx_word' id='word_1_101' title='bbox 458 1589 539 1652; x_wconf 85' lang='grc' dir='ltr'><strong>εἰς</strong></span> <span class='ocrx_word' id='word_1_102' title='bbox 563 1586 622 1641; x_wconf 74' lang='grc' dir='ltr'><strong>ἓν</strong></span> <span class='ocrx_word' id='word_1_103' title='bbox 647 1590 776 1649; x_wconf 80' lang='grc' dir='ltr'>τοὺς</span> <span class='ocrx_word' id='word_1_104' title='bbox 803 1585 899 1638; x_wconf 93' lang='grc' dir='ltr'><strong>δύο</strong></span> <span class='ocrx_word' id='word_1_105' title='bbox 946 1584 1194 1653; x_wconf 69' lang='grc' dir='ltr'>συνάψας</span> <span class='ocrx_word' id='word_1_106' title='bbox 1220 1600 1235 1614; x_wconf 88' lang='grc'><strong>·</strong></span> <span class='ocrx_word' id='word_1_107' title='bbox 1275 1585 1558 1638; x_wconf 78' lang='grc' dir='ltr'>Ἔσονται</span> <span class='ocrx_word' id='word_1_108' title='bbox 1585 1584 1641 1637; x_wconf 88' lang='grc' dir='ltr'><strong>οι</strong></span> <span class='ocrx_word' id='word_1_109' title='bbox 1676 1582 1809 1647; x_wconf 83' lang='grc' dir='ltr'>δύο,</span> <span class='ocrx_word' id='word_1_110' title='bbox 1845 1581 2039 1645; x_wconf 82' lang='grc' dir='ltr'>εἰπὼν,</span> 
     </span>
    </p>
   </div>
   <div class='ocr_carea' id='block_1_18' title="bbox 458 1671 2042 1745">
    <p class='ocr_par' dir='ltr' id='par_1_18' title="bbox 458 1671 2042 1745">
     <span class='ocr_line' id='line_1_18' title="bbox 458 1671 2042 1745; baseline -0.003 -15"><span class='ocrx_word' id='word_1_111' title='bbox 458 1679 548 1742; x_wconf 81' lang='grc' dir='ltr'><strong>είς</strong></span> <span class='ocrx_word' id='word_1_112' title='bbox 576 1675 774 1744; x_wconf 80' lang='grc' dir='ltr'><strong>σάρκα</strong></span> <span class='ocrx_word' id='word_1_113' title='bbox 804 1675 954 1744; x_wconf 79' lang='grc' dir='ltr'>μίαν</span> <span class='ocrx_word' id='word_1_114' title='bbox 981 1690 998 1708; x_wconf 77' lang='grc' dir='ltr'><strong><em>ο</em></strong></span> <span class='ocrx_word' id='word_1_115' title='bbox 1039 1677 1068 1728; x_wconf 99' lang='lat'><strong>6</strong></span> <span class='ocrx_word' id='word_1_116' title='bbox 1092 1674 1173 1745; x_wconf 85' lang='grc' dir='ltr'><strong>τῷ</strong></span> <span class='ocrx_word' id='word_1_117' title='bbox 1206 1672 1493 1745; x_wconf 78' lang='grc' dir='ltr'>Ἀϐραὰμ,</span> <span class='ocrx_word' id='word_1_118' title='bbox 1526 1671 1606 1744; x_wconf 82' lang='grc' dir='ltr'>τῷ</span> <span class='ocrx_word' id='word_1_119' title='bbox 1637 1672 1717 1745; x_wconf 81' lang='grc' dir='ltr'>σῷ</span> <span class='ocrx_word' id='word_1_120' title='bbox 1745 1671 2042 1743; x_wconf 83' lang='grc' dir='ltr'><strong>θεράποντι</strong></span> 
     </span>
    </p>
   </div>
   <div class='ocr_carea' id='block_1_19' title="bbox 458 1762 2045 1838">
    <p class='ocr_par' dir='ltr' id='par_1_19' title="bbox 458 1762 2045 1838">
     <span class='ocr_line' id='line_1_19' title="bbox 458 1762 2045 1838; baseline -0.004 -17"><span class='ocrx_word' id='word_1_121' title='bbox 458 1768 557 1821; x_wconf 73' lang='grc' dir='ltr'><strong>καὶ</strong></span> <span class='ocrx_word' id='word_1_122' title='bbox 588 1767 925 1838; x_wconf 80' lang='grc' dir='ltr'>πατριάρχῃ,</span> <span class='ocrx_word' id='word_1_123' title='bbox 959 1766 1353 1836; x_wconf 81' lang='grc' dir='ltr'>δωρησάμενος</span> <span class='ocrx_word' id='word_1_124' title='bbox 1382 1764 1496 1818; x_wconf 82' lang='grc' dir='ltr'>υίδν</span> <span class='ocrx_word' id='word_1_125' title='bbox 1533 1763 1625 1818; x_wconf 77' lang='grc' dir='ltr'>τὸν</span> <span class='ocrx_word' id='word_1_126' title='bbox 1666 1763 1874 1826; x_wconf 84' lang='grc' dir='ltr'>Ἰσαὰκ,</span> <span class='ocrx_word' id='word_1_127' title='bbox 1904 1762 2045 1832; x_wconf 84' lang='grc' dir='ltr'>μετὰ</span> 
     </span>
    </p>
   </div>
   <div class='ocr_carea' id='block_1_20' title="bbox 2136 570 3718 650">
    <p class='ocr_par' dir='ltr' id='par_1_20' title="bbox 2136 570 3718 650">
     <span class='ocr_line' id='line_1_20' title="bbox 2136 570 3718 650; baseline -0.006 -15"><span class='ocrx_word' id='word_1_128' title='bbox 2136 580 2253 650; x_wconf 89' lang='lat' dir='ltr'><strong>ipsa</strong></span> <span class='ocrx_word' id='word_1_129' title='bbox 2287 590 2517 637; x_wconf 63' lang='lat' dir='ltr'><strong>natura.</strong></span> <span class='ocrx_word' id='word_1_130' title='bbox 2554 582 2744 649; x_wconf 83' lang='lat' dir='ltr'><strong>itaque</strong></span> <span class='ocrx_word' id='word_1_131' title='bbox 2773 578 2956 634; x_wconf 88' lang='lat' dir='ltr'><strong>mariti</strong></span> <span class='ocrx_word' id='word_1_132' title='bbox 3002 574 3385 631; x_wconf 87' lang='lat' dir='ltr'><strong>animadverso</strong></span> <span class='ocrx_word' id='word_1_133' title='bbox 3413 570 3467 627; x_wconf 88' lang='lat' dir='ltr'><strong>in</strong></span> <span class='ocrx_word' id='word_1_134' title='bbox 3496 571 3718 627; x_wconf 80' lang='lat' dir='ltr'><strong>devium</strong></span> 
     </span>
    </p>
   </div>
   <div class='ocr_carea' id='block_1_21' title="bbox 2137 664 3722 741">
    <p class='ocr_par' dir='ltr' id='par_1_21' title="bbox 2137 664 3722 741">
     <span class='ocr_line' id='line_1_21' title="bbox 2137 664 3722 741; baseline -0.004 -16"><span class='ocrx_word' id='word_1_135' title='bbox 2137 672 2317 726; x_wconf 89' lang='lat' dir='ltr'><strong>locum</strong></span> <span class='ocrx_word' id='word_1_136' title='bbox 2343 688 2586 738; x_wconf 84' lang='lat' dir='ltr'><strong>secessu,</strong></span> <span class='ocrx_word' id='word_1_137' title='bbox 2609 680 2875 741; x_wconf 88' lang='lat' dir='ltr'><strong>tanquam</strong></span> <span class='ocrx_word' id='word_1_138' title='bbox 2898 676 3082 725; x_wconf 87' lang='lat' dir='ltr'><strong>turtur</strong></span> <span class='ocrx_word' id='word_1_139' title='bbox 3108 676 3380 738; x_wconf 73' lang='lat' dir='ltr'><strong>appetens</strong></span> <span class='ocrx_word' id='word_1_140' title='bbox 3406 664 3722 721; x_wconf 89' lang='lat' dir='ltr'><strong>solitudinis</strong></span> 
     </span>
    </p>
   </div>
   <div class='ocr_carea' id='block_1_22' title="bbox 2139 757 3711 836">
    <p class='ocr_par' dir='ltr' id='par_1_22' title="bbox 2139 757 3711 836">
     <span class='ocr_line' id='line_1_22' title="bbox 2139 757 3711 836; baseline -0.005 -18"><span class='ocrx_word' id='word_1_141' title='bbox 2139 765 2192 820; x_wconf 91' lang='lat' dir='ltr'><strong>in</strong></span> <span class='ocrx_word' id='word_1_142' title='bbox 2222 765 2383 821; x_wconf 88' lang='lat' dir='ltr'><strong>horto</strong></span> <span class='ocrx_word' id='word_1_143' title='bbox 2404 781 2505 821; x_wconf 88' lang='lat' dir='ltr'><strong>suo</strong></span> <span class='ocrx_word' id='word_1_144' title='bbox 2525 764 2869 836; x_wconf 82' lang='lat' dir='ltr'><strong>supplicibus</strong></span> <span class='ocrx_word' id='word_1_145' title='bbox 2887 761 3301 833; x_wconf 82' lang='lat' dir='ltr'><strong>precationibus</strong></span> <span class='ocrx_word' id='word_1_146' title='bbox 3324 757 3592 815; x_wconf 89' lang='lat' dir='ltr'><strong>artiﬁcem</strong></span> <span class='ocrx_word' id='word_1_147' title='bbox 3630 773 3688 811; x_wconf 92' lang='lat' dir='ltr'><strong>re</strong></span> <span class='ocrx_word' id='word_1_148' title='bbox 3708 788 3711 791; x_wconf 55' lang='grc' dir='ltr'>ν</span> 
     </span>
    </p>
   </div>
   <div class='ocr_carea' id='block_1_23' title="bbox 2139 848 3726 926">
    <p class='ocr_par' dir='ltr' id='par_1_23' title="bbox 2139 848 3726 926">
     <span class='ocr_line' id='line_1_23' title="bbox 2139 848 3726 926; baseline -0.004 -16"><span class='ocrx_word' id='word_1_149' title='bbox 2139 872 2262 910; x_wconf 92' lang='lat' dir='ltr'><strong>rum</strong></span> <span class='ocrx_word' id='word_1_150' title='bbox 2309 864 2475 926; x_wconf 89' lang='lat' dir='ltr'><strong>atque</strong></span> <span class='ocrx_word' id='word_1_151' title='bbox 2513 857 2827 912; x_wconf 77' lang='lat' dir='ltr'><strong>eﬁectorem</strong></span> <span class='ocrx_word' id='word_1_152' title='bbox 2868 856 2944 911; x_wconf 89' lang='lat' dir='ltr'><strong>ita</strong></span> <span class='ocrx_word' id='word_1_153' title='bbox 2987 852 3312 911; x_wconf 81' lang='lat' dir='ltr'><strong>obsecrabat</strong></span> <span class='ocrx_word' id='word_1_154' title='bbox 3361 869 3375 906; x_wconf 89' lang='lat'><strong>:</strong></span> <span class='ocrx_word' id='word_1_155' title='bbox 3409 848 3454 905; x_wconf 94' lang='grc' dir='ltr'>Ο</span> <span class='ocrx_word' id='word_1_156' title='bbox 3495 848 3726 905; x_wconf 85' lang='lat' dir='ltr'><strong>Domine</strong></span> 
     </span>
    </p>
   </div>
   <div class='ocr_carea' id='block_1_24' title="bbox 2139 939 3715 1017">
    <p class='ocr_par' dir='ltr' id='par_1_24' title="bbox 2139 939 3715 1017">
     <span class='ocr_line' id='line_1_24' title="bbox 2139 939 3715 1017; baseline -0.003 -18"><span class='ocrx_word' id='word_1_157' title='bbox 2139 946 2503 1013; x_wconf 76' lang='lat' dir='ltr'><strong>exercituum,</strong></span> <span class='ocrx_word' id='word_1_158' title='bbox 2533 947 2623 1017; x_wconf 81' lang='lat' dir='ltr'><strong>qui</strong></span> <span class='ocrx_word' id='word_1_159' title='bbox 2648 946 2793 1001; x_wconf 81' lang='lat' dir='ltr'><strong>sedes</strong></span> <span class='ocrx_word' id='word_1_160' title='bbox 2826 961 2985 1015; x_wconf 84' lang='lat' dir='ltr'><strong>super</strong></span> <span class='ocrx_word' id='word_1_161' title='bbox 3009 942 3297 999; x_wconf 84' lang='lat' dir='ltr'><strong>Cherubim</strong></span> <span class='ocrx_word' id='word_1_162' title='bbox 3326 941 3373 1008; x_wconf 86' lang='grc'>⁸,</span> <span class='ocrx_word' id='word_1_163' title='bbox 3402 955 3567 1011; x_wconf 85' lang='lat' dir='ltr'><strong>quem</strong></span> <span class='ocrx_word' id='word_1_164' title='bbox 3602 939 3715 1012; x_wconf 74' lang='lat' dir='ltr'><strong>glo-</strong></span> 
     </span>
    </p>
   </div>
   <div class='ocr_carea' id='block_1_25' title="bbox 2142 1032 3726 1108">
    <p class='ocr_par' dir='ltr' id='par_1_25' title="bbox 2142 1032 3726 1108">
     <span class='ocr_line' id='line_1_25' title="bbox 2142 1032 3726 1108; baseline -0.002 -20"><span class='ocrx_word' id='word_1_165' title='bbox 2142 1034 2359 1108; x_wconf 79' lang='lat' dir='ltr'><strong>riﬁcant</strong></span> <span class='ocrx_word' id='word_1_166' title='bbox 2387 1035 2700 1106; x_wconf 87' lang='lat' dir='ltr'><strong>Seraphim,</strong></span> <span class='ocrx_word' id='word_1_167' title='bbox 2729 1035 2819 1091; x_wconf 92' lang='lat' dir='ltr'><strong>cui</strong></span> <span class='ocrx_word' id='word_1_168' title='bbox 2845 1042 3039 1106; x_wconf 88' lang='lat' dir='ltr'><strong>parent</strong></span> <span class='ocrx_word' id='word_1_169' title='bbox 3058 1033 3128 1089; x_wconf 90' lang='lat' dir='ltr'><strong>ad</strong></span> <span class='ocrx_word' id='word_1_170' title='bbox 3156 1032 3523 1088; x_wconf 79' lang='lat' dir='ltr'><strong>ministerium</strong></span> <span class='ocrx_word' id='word_1_171' title='bbox 3555 1045 3726 1100; x_wconf 72' lang='lat' dir='ltr'><strong>ange-</strong></span> 
     </span>
    </p>
   </div>
   <div class='ocr_carea' id='block_1_26' title="bbox 2141 1122 3729 1195">
    <p class='ocr_par' dir='ltr' id='par_1_26' title="bbox 2141 1122 3729 1195">
     <span class='ocr_line' id='line_1_26' title="bbox 2141 1122 3729 1195; baseline -0.003 -15"><span class='ocrx_word' id='word_1_172' title='bbox 2141 1125 2318 1181; x_wconf 84' lang='lat' dir='ltr'><strong>lorum</strong></span> <span class='ocrx_word' id='word_1_173' title='bbox 2362 1127 2532 1181; x_wconf 78' lang='lat' dir='ltr'><strong>decies</strong></span> <span class='ocrx_word' id='word_1_174' title='bbox 2584 1126 2777 1182; x_wconf 80' lang='lat' dir='ltr'><strong>millies</strong></span> <span class='ocrx_word' id='word_1_175' title='bbox 2827 1136 3047 1181; x_wconf 81' lang='lat' dir='ltr'><strong>centena</strong></span> <span class='ocrx_word' id='word_1_176' title='bbox 3092 1124 3288 1190; x_wconf 82' lang='lat' dir='ltr'><strong>millia,</strong></span> <span class='ocrx_word' id='word_1_177' title='bbox 3339 1139 3504 1195; x_wconf 87' lang='lat' dir='ltr'><strong>quem</strong></span> <span class='ocrx_word' id='word_1_178' title='bbox 3552 1122 3729 1178; x_wconf 77' lang='lat' dir='ltr'><strong>millia</strong></span> 
     </span>
    </p>
   </div>
   <div class='ocr_carea' id='block_1_27' title="bbox 2143 1213 3731 1290">
    <p class='ocr_par' dir='ltr' id='par_1_27' title="bbox 2143 1213 3731 1290">
     <span class='ocr_line' id='line_1_27' title="bbox 2143 1213 3731 1290; baseline -0.001 -20"><span class='ocrx_word' id='word_1_179' title='bbox 2143 1216 2376 1271; x_wconf 86' lang='lat' dir='ltr'><strong>millium</strong></span> <span class='ocrx_word' id='word_1_180' title='bbox 2405 1218 2428 1251; x_wconf 77' lang='lat'><strong>’</strong></span> <span class='ocrx_word' id='word_1_181' title='bbox 2457 1218 2739 1290; x_wconf 83' lang='lat' dir='ltr'><strong>agminum</strong></span> <span class='ocrx_word' id='word_1_182' title='bbox 2778 1217 3096 1274; x_wconf 87' lang='lat' dir='ltr'><strong>collaudant</strong></span> <span class='ocrx_word' id='word_1_183' title='bbox 3127 1225 3179 1271; x_wconf 89' lang='lat' dir='ltr'><strong>et</strong></span> <span class='ocrx_word' id='word_1_184' title='bbox 3215 1224 3551 1271; x_wconf 79' lang='lat' dir='ltr'><strong>venerantur</strong></span> <span class='ocrx_word' id='word_1_185' title='bbox 3574 1256 3591 1281; x_wconf 90' lang='lat'><strong>,</strong></span> <span class='ocrx_word' id='word_1_186' title='bbox 3635 1213 3731 1286; x_wconf 88' lang='lat' dir='ltr'><strong>qui</strong></span> 
     </span>
    </p>
   </div>
   <div class='ocr_carea' id='block_1_28' title="bbox 2143 1307 3729 1378">
    <p class='ocr_par' dir='ltr' id='par_1_28' title="bbox 2143 1307 3729 1378">
     <span class='ocr_line' id='line_1_28' title="bbox 2143 1307 3729 1378; baseline 0 -16"><span class='ocrx_word' id='word_1_187' title='bbox 2143 1309 2413 1364; x_wconf 84' lang='lat' dir='ltr'><strong>Adamnm</strong></span> <span class='ocrx_word' id='word_1_188' title='bbox 2461 1322 2553 1365; x_wconf 90' lang='lat' dir='ltr'><strong>tua</strong></span> <span class='ocrx_word' id='word_1_189' title='bbox 2601 1324 2767 1367; x_wconf 89' lang='lat' dir='ltr'><strong>manu</strong></span> <span class='ocrx_word' id='word_1_190' title='bbox 2814 1309 3019 1366; x_wconf 81' lang='lat' dir='ltr'><strong>ﬁnxisti</strong></span> <span class='ocrx_word' id='word_1_191' title='bbox 3046 1350 3060 1375; x_wconf 96' lang='lat'><strong>,</strong></span> <span class='ocrx_word' id='word_1_192' title='bbox 3097 1308 3311 1378; x_wconf 84' lang='lat' dir='ltr'><strong>ipsique</strong></span> <span class='ocrx_word' id='word_1_193' title='bbox 3357 1307 3527 1362; x_wconf 88' lang='lat' dir='ltr'><strong>vitam</strong></span> <span class='ocrx_word' id='word_1_194' title='bbox 3566 1307 3729 1377; x_wconf 84' lang='lat' dir='ltr'><strong>jussu</strong></span> 
     </span>
    </p>
   </div>
   <div class='ocr_carea' id='block_1_29' title="bbox 2145 1397 3728 1468">
    <p class='ocr_par' dir='ltr' id='par_1_29' title="bbox 2145 1397 3728 1468">
     <span class='ocr_line' id='line_1_29' title="bbox 2145 1397 3728 1468; baseline -0.001 -15"><span class='ocrx_word' id='word_1_195' title='bbox 2145 1407 2242 1453; x_wconf 88' lang='lat' dir='ltr'><strong>tuo</strong></span> <span class='ocrx_word' id='word_1_196' title='bbox 2289 1398 2507 1455; x_wconf 85' lang='lat' dir='ltr'><strong>viviﬁeo</strong></span> <span class='ocrx_word' id='word_1_197' title='bbox 2555 1399 2819 1464; x_wconf 89' lang='lat' dir='ltr'><strong>indidisti,</strong></span> <span class='ocrx_word' id='word_1_198' title='bbox 2866 1407 2922 1454; x_wconf 88' lang='lat' dir='ltr'><strong>et</strong></span> <span class='ocrx_word' id='word_1_199' title='bbox 2966 1414 3034 1455; x_wconf 80' lang='lat' dir='ltr'><strong>ex</strong></span> <span class='ocrx_word' id='word_1_200' title='bbox 3075 1398 3194 1468; x_wconf 83' lang='lat' dir='ltr'><strong>ejus</strong></span> <span class='ocrx_word' id='word_1_201' title='bbox 3239 1399 3409 1454; x_wconf 87' lang='lat' dir='ltr'><strong>latere</strong></span> <span class='ocrx_word' id='word_1_202' title='bbox 3443 1397 3728 1453; x_wconf 84' lang='lat' dir='ltr'><strong>mulierem</strong></span> 
     </span>
    </p>
   </div>
   <div class='ocr_carea' id='block_1_30' title="bbox 2144 1488 3731 1562">
    <p class='ocr_par' dir='ltr' id='par_1_30' title="bbox 2144 1488 3731 1562">
     <span class='ocr_line' id='line_1_30' title="bbox 2144 1488 3731 1562; baseline -0.002 -17"><span class='ocrx_word' id='word_1_203' title='bbox 2144 1488 2449 1557; x_wconf 67' lang='lat' dir='ltr'><strong>aediﬁcasti,</strong></span> <span class='ocrx_word' id='word_1_204' title='bbox 2483 1491 2576 1561; x_wconf 90' lang='lat' dir='ltr'><strong>qui</strong></span> <span class='ocrx_word' id='word_1_205' title='bbox 2607 1506 2707 1562; x_wconf 91' lang='lat' dir='ltr'><strong>pro</strong></span> <span class='ocrx_word' id='word_1_206' title='bbox 2737 1503 2829 1547; x_wconf 89' lang='lat' dir='ltr'><strong>tua</strong></span> <span class='ocrx_word' id='word_1_207' title='bbox 2860 1490 3096 1562; x_wconf 86' lang='lat' dir='ltr'><strong>sapienti</strong></span> <span class='ocrx_word' id='word_1_208' title='bbox 3130 1490 3480 1545; x_wconf 84' lang='lat' dir='ltr'><strong>ordinatione</strong></span> <span class='ocrx_word' id='word_1_209' title='bbox 3512 1488 3731 1559; x_wconf 84' lang='lat' dir='ltr'><strong>adjuto-</strong></span> 
     </span>
    </p>
   </div>
   <div class='ocr_carea' id='block_1_31' title="bbox 2145 1580 3728 1653">
    <p class='ocr_par' dir='ltr' id='par_1_31' title="bbox 2145 1580 3728 1653">
     <span class='ocr_line' id='line_1_31' title="bbox 2145 1580 3728 1653; baseline 0.002 -21"><span class='ocrx_word' id='word_1_210' title='bbox 2145 1582 2285 1634; x_wconf 84' lang='lat' dir='ltr'><strong>rium</strong></span> <span class='ocrx_word' id='word_1_211' title='bbox 2314 1581 2416 1635; x_wconf 80' lang='lat' dir='ltr'><strong>sibi</strong></span> <span class='ocrx_word' id='word_1_212' title='bbox 2445 1581 2620 1637; x_wconf 84' lang='lat' dir='ltr'><strong>simile</strong></span> <span class='ocrx_word' id='word_1_213' title='bbox 2650 1583 2694 1614; x_wconf 82' lang='grc'><strong>¹⁰</strong></span> <span class='ocrx_word' id='word_1_214' title='bbox 2725 1582 2829 1653; x_wconf 88' lang='lat' dir='ltr'><strong>ipsi</strong></span> <span class='ocrx_word' id='word_1_215' title='bbox 2864 1582 3061 1645; x_wconf 79' lang='lat' dir='ltr'><strong>fecisti,</strong></span> <span class='ocrx_word' id='word_1_216' title='bbox 3095 1591 3150 1635; x_wconf 89' lang='lat' dir='ltr'><strong>et</strong></span> <span class='ocrx_word' id='word_1_217' title='bbox 3173 1580 3315 1636; x_wconf 83' lang='lat' dir='ltr'><strong>duos</strong></span> <span class='ocrx_word' id='word_1_218' title='bbox 3346 1581 3401 1634; x_wconf 87' lang='lat' dir='ltr'><strong>in</strong></span> <span class='ocrx_word' id='word_1_219' title='bbox 3433 1596 3602 1634; x_wconf 91' lang='lat' dir='ltr'><strong>unum</strong></span> <span class='ocrx_word' id='word_1_220' title='bbox 3631 1595 3728 1635; x_wconf 90' lang='lat' dir='ltr'><strong>co-</strong></span> 
     </span>
    </p>
   </div>
   <div class='ocr_carea' id='block_1_32' title="bbox 2146 1672 3728 1745">
    <p class='ocr_par' dir='ltr' id='par_1_32' title="bbox 2146 1672 3728 1745">
     <span class='ocr_line' id='line_1_32' title="bbox 2146 1672 3728 1745; baseline 0 -19"><span class='ocrx_word' id='word_1_221' title='bbox 2146 1673 2376 1743; x_wconf 87' lang='lat' dir='ltr'><strong>pulasti,</strong></span> <span class='ocrx_word' id='word_1_222' title='bbox 2408 1672 2581 1728; x_wconf 84' lang='lat' dir='ltr'><strong>Erunt</strong></span> <span class='ocrx_word' id='word_1_223' title='bbox 2611 1712 2628 1737; x_wconf 93' lang='lat'><strong>,</strong></span> <span class='ocrx_word' id='word_1_224' title='bbox 2661 1674 2952 1745; x_wconf 89' lang='lat' dir='ltr'><strong>inquiens,</strong></span> <span class='ocrx_word' id='word_1_225' title='bbox 2986 1675 3091 1727; x_wconf 83' lang='lat' dir='ltr'><strong>duo</strong></span> <span class='ocrx_word' id='word_1_226' title='bbox 3123 1675 3179 1728; x_wconf 85' lang='lat' dir='ltr'><strong>in</strong></span> <span class='ocrx_word' id='word_1_227' title='bbox 3212 1689 3426 1728; x_wconf 86' lang='lat' dir='ltr'><strong>carnem</strong></span> <span class='ocrx_word' id='word_1_228' title='bbox 3455 1689 3616 1727; x_wconf 86' lang='lat' dir='ltr'><strong>unam</strong></span> <span class='ocrx_word' id='word_1_229' title='bbox 3646 1673 3687 1705; x_wconf 85' lang='grc'>¹¹</span> <span class='ocrx_word' id='word_1_230' title='bbox 3712 1713 3728 1738; x_wconf 93' lang='grc'><strong>,</strong></span> 
     </span>
    </p>
   </div>
   <div class='ocr_carea' id='block_1_33' title="bbox 2147 1762 3728 1835">
    <p class='ocr_par' dir='ltr' id='par_1_33' title="bbox 2147 1762 3728 1835">
     <span class='ocr_line' id='line_1_33' title="bbox 2147 1762 3728 1835; baseline 0 -16"><span class='ocrx_word' id='word_1_231' title='bbox 2147 1763 2248 1833; x_wconf 91' lang='lat' dir='ltr'><strong>qui</strong></span> <span class='ocrx_word' id='word_1_232' title='bbox 2301 1762 2618 1819; x_wconf 83' lang='lat' dir='ltr'><strong>Abrahamo</strong></span> <span class='ocrx_word' id='word_1_233' title='bbox 2653 1780 2814 1820; x_wconf 90' lang='lat' dir='ltr'><strong>servo</strong></span> <span class='ocrx_word' id='word_1_234' title='bbox 2858 1775 2952 1819; x_wconf 91' lang='lat' dir='ltr'><strong>tuo</strong></span> <span class='ocrx_word' id='word_1_235' title='bbox 2985 1773 3041 1821; x_wconf 90' lang='lat' dir='ltr'><strong>et</strong></span> <span class='ocrx_word' id='word_1_236' title='bbox 3071 1765 3400 1835; x_wconf 68' lang='lat' dir='ltr'><strong>patriarchae</strong></span> <span class='ocrx_word' id='word_1_237' title='bbox 3432 1764 3631 1820; x_wconf 90' lang='lat' dir='ltr'><strong>dedisti</strong></span> <span class='ocrx_word' id='word_1_238' title='bbox 3661 1764 3728 1819; x_wconf 85' lang='lat' dir='ltr'><strong>ﬁ-</strong></span> 
     </span>
    </p>
   </div>
   <div class='ocr_carea' id='block_1_34' title="bbox 461 1838 2044 1930">
    <p class='ocr_par' dir='ltr' id='par_1_34' title="bbox 461 1854 2044 1930">
     <span class='ocr_line' id='line_1_34' title="bbox 461 1854 2044 1930; baseline -0.01 -15"><span class='ocrx_word' id='word_1_239' title='bbox 461 1859 638 1930; x_wconf 84' lang='grc' dir='ltr'>γῆρας</span> <span class='ocrx_word' id='word_1_240' title='bbox 668 1859 765 1912; x_wconf 72' lang='lat' dir='ltr'><strong>xal.</strong></span> <span class='ocrx_word' id='word_1_241' title='bbox 793 1861 934 1930; x_wconf 86' lang='grc' dir='ltr'>μετὰ</span> <span class='ocrx_word' id='word_1_242' title='bbox 954 1860 1053 1927; x_wconf 79' lang='grc' dir='ltr'>τὴν</span> <span class='ocrx_word' id='word_1_243' title='bbox 1074 1857 1360 1927; x_wconf 88' lang='grc' dir='ltr'>στείρωσιν</span> <span class='ocrx_word' id='word_1_244' title='bbox 1379 1857 1479 1925; x_wconf 85' lang='grc' dir='ltr'>τῆς</span> <span class='ocrx_word' id='word_1_245' title='bbox 1500 1855 1742 1927; x_wconf 64' lang='grc' dir='ltr'>Σάρρας,</span> <span class='ocrx_word' id='word_1_246' title='bbox 1772 1854 1869 1909; x_wconf 75' lang='grc' dir='ltr'>καὶ</span> <span class='ocrx_word' id='word_1_247' title='bbox 1889 1855 2044 1925; x_wconf 84' lang='grc' dir='ltr'>ποιή-</span> 
     </span>
    </p>
   </div>
   <div class='ocr_carea' id='block_1_35' title="bbox 2147 1838 3729 1930">
    <p class='ocr_par' dir='ltr' id='par_1_35' title="bbox 2149 1854 3729 1927">
     <span class='ocr_line' id='line_1_35' title="bbox 2149 1854 3729 1927; baseline 0 -18"><span class='ocrx_word' id='word_1_248' title='bbox 2149 1856 2283 1910; x_wconf 88' lang='lat' dir='ltr'><strong>lium</strong></span> <span class='ocrx_word' id='word_1_249' title='bbox 2318 1855 2472 1910; x_wconf 87' lang='lat' dir='ltr'><strong>illum</strong></span> <span class='ocrx_word' id='word_1_250' title='bbox 2497 1854 2745 1911; x_wconf 87' lang='lat' dir='ltr'><strong>lsaacum</strong></span> <span class='ocrx_word' id='word_1_251' title='bbox 2769 1867 2894 1927; x_wconf 84' lang='lat' dir='ltr'><strong>post</strong></span> <span class='ocrx_word' id='word_1_252' title='bbox 2918 1864 3256 1913; x_wconf 86' lang='lat' dir='ltr'><strong>senectutem</strong></span> <span class='ocrx_word' id='word_1_253' title='bbox 3290 1871 3356 1911; x_wconf 90' lang='lat' dir='ltr'><strong>ac</strong></span> <span class='ocrx_word' id='word_1_254' title='bbox 3386 1855 3729 1912; x_wconf 81' lang='lat' dir='ltr'><strong>sterilitatem</strong></span> 
     </span>
    </p>
   </div>
   <div class='ocr_carea' id='block_1_36' title="bbox 465 1944 2044 2020">
    <p class='ocr_par' dir='ltr' id='par_1_36' title="bbox 465 1944 2044 2019">
     <span class='ocr_line' id='line_1_36' title="bbox 465 1944 2044 2019; baseline -0.004 -15"><span class='ocrx_word' id='word_1_255' title='bbox 465 1967 566 2016; x_wconf 90' lang='grc' dir='ltr'><strong>σας</strong></span> <span class='ocrx_word' id='word_1_256' title='bbox 619 1952 783 2004; x_wconf 76' lang='grc' dir='ltr'>αὐτὸν</span> <span class='ocrx_word' id='word_1_257' title='bbox 826 1949 1040 2004; x_wconf 83' lang='grc' dir='ltr'>πολλῶν</span> <span class='ocrx_word' id='word_1_258' title='bbox 1086 1949 1256 2004; x_wconf 74' lang='grc' dir='ltr'>ἐθνῶν</span> <span class='ocrx_word' id='word_1_259' title='bbox 1294 1948 1553 2019; x_wconf 78' lang='grc' dir='ltr'>πατέρα’</span> <span class='ocrx_word' id='word_1_260' title='bbox 1601 1949 1632 2000; x_wconf 90' lang='lat'><strong>6</strong></span> <span class='ocrx_word' id='word_1_261' title='bbox 1664 1948 1732 2019; x_wconf 77' lang='grc' dir='ltr'>τῇ</span> <span class='ocrx_word' id='word_1_262' title='bbox 1763 1944 2044 2016; x_wconf 83' lang='grc' dir='ltr'><strong>ὁμωνύμῳ</strong></span> 
     </span>
    </p>
   </div>
   <div class='ocr_carea' id='block_1_37' title="bbox 2147 1944 3733 2020">
    <p class='ocr_par' dir='ltr' id='par_1_37' title="bbox 2152 1946 3733 2020">
     <span class='ocr_line' id='line_1_37' title="bbox 2152 1946 3733 2020; baseline 0 -18"><span class='ocrx_word' id='word_1_263' title='bbox 2152 1946 2305 2003; x_wconf 74' lang='lat' dir='ltr'><strong>Sarte</strong></span> <span class='ocrx_word' id='word_1_264' title='bbox 2329 1989 2346 2016; x_wconf 93' lang='lat'><strong>,</strong></span> <span class='ocrx_word' id='word_1_265' title='bbox 2371 1948 2737 2020; x_wconf 72' lang='lat' dir='ltr'><strong>eamdemque</strong></span> <span class='ocrx_word' id='word_1_266' title='bbox 2772 1947 3004 2006; x_wconf 81' lang='lat' dir='ltr'><strong>eﬁecisti</strong></span> <span class='ocrx_word' id='word_1_267' title='bbox 3041 1958 3255 2020; x_wconf 86' lang='lat' dir='ltr'><strong>patrem</strong></span> <span class='ocrx_word' id='word_1_268' title='bbox 3279 1947 3577 2004; x_wconf 88' lang='lat' dir='ltr'><strong>multarum</strong></span> <span class='ocrx_word' id='word_1_269' title='bbox 3603 1963 3733 2019; x_wconf 80' lang='lat' dir='ltr'><strong>gen-</strong></span> 
     </span>
    </p>
   </div>
   <div class='ocr_carea' id='block_1_38' title="bbox 462 2036 2044 2115">
    <p class='ocr_par' dir='ltr' id='par_1_38' title="bbox 462 2036 2044 2115">
     <span class='ocr_line' id='line_1_38' title="bbox 462 2036 2044 2115; baseline -0.005 -19"><span class='ocrx_word' id='word_1_270' title='bbox 462 2043 559 2097; x_wconf 72' lang='grc' dir='ltr'>καὶ</span> <span class='ocrx_word' id='word_1_271' title='bbox 611 2042 868 2114; x_wconf 80' lang='grc' dir='ltr'>ὁμοφύλῳ</span> <span class='ocrx_word' id='word_1_272' title='bbox 909 2059 999 2114; x_wconf 91' lang='grc' dir='ltr'>μοι</span> <span class='ocrx_word' id='word_1_273' title='bbox 1027 2041 1199 2115; x_wconf 83' lang='grc' dir='ltr'>Ἀννῃ</span> <span class='ocrx_word' id='word_1_274' title='bbox 1237 2041 1604 2112; x_wconf 83' lang='grc' dir='ltr'><strong>χαρισάμενος</strong></span> <span class='ocrx_word' id='word_1_275' title='bbox 1636 2040 1726 2092; x_wconf 73' lang='grc' dir='ltr'>τὸν</span> <span class='ocrx_word' id='word_1_276' title='bbox 1761 2036 2044 2091; x_wconf 82' lang='grc' dir='ltr'>κάλλιστον</span> 
     </span>
    </p>
   </div>
   <div class='ocr_carea' id='block_1_39' title="bbox 2147 2036 3730 2115">
    <p class='ocr_par' dir='ltr' id='par_1_39' title="bbox 2148 2038 3730 2112">
     <span class='ocr_line' id='line_1_39' title="bbox 2148 2038 3730 2112; baseline 0.001 -18"><span class='ocrx_word' id='word_1_277' title='bbox 2148 2040 2308 2105; x_wconf 89' lang='lat' dir='ltr'><strong>tium,</strong></span> <span class='ocrx_word' id='word_1_278' title='bbox 2340 2040 2435 2110; x_wconf 88' lang='lat' dir='ltr'><strong>qui</strong></span> <span class='ocrx_word' id='word_1_279' title='bbox 2468 2038 2642 2095; x_wconf 70' lang='lat' dir='ltr'><strong>Annae</strong></span> <span class='ocrx_word' id='word_1_280' title='bbox 2665 2040 2976 2112; x_wconf 78' lang='lat' dir='ltr'><strong>cognomini</strong></span> <span class='ocrx_word' id='word_1_281' title='bbox 3000 2054 3058 2096; x_wconf 84' lang='lat' dir='ltr'><strong>et</strong></span> <span class='ocrx_word' id='word_1_282' title='bbox 3084 2039 3270 2095; x_wconf 89' lang='lat' dir='ltr'><strong>tribuli</strong></span> <span class='ocrx_word' id='word_1_283' title='bbox 3310 2053 3445 2095; x_wconf 71' lang='lat' dir='ltr'><strong>mese</strong></span> <span class='ocrx_word' id='word_1_284' title='bbox 3472 2039 3730 2110; x_wconf 83' lang='lat' dir='ltr'><strong>pulcher-</strong></span> 
     </span>
    </p>
   </div>
   <div class='ocr_carea' id='block_1_40' title="bbox 464 2128 2048 2205">
    <p class='ocr_par' dir='ltr' id='par_1_40' title="bbox 464 2128 2048 2205">
     <span class='ocr_line' id='line_1_40' title="bbox 464 2128 2048 2205; baseline -0.004 -18"><span class='ocrx_word' id='word_1_285' title='bbox 464 2133 627 2188; x_wconf 85' lang='grc' dir='ltr'>παῖδα</span> <span class='ocrx_word' id='word_1_286' title='bbox 656 2135 750 2187; x_wconf 75' lang='grc' dir='ltr'>καὶ</span> <span class='ocrx_word' id='word_1_287' title='bbox 783 2133 932 2205; x_wconf 84' lang='grc' dir='ltr'>ίερδν</span> <span class='ocrx_word' id='word_1_288' title='bbox 960 2132 1217 2204; x_wconf 82' lang='grc' dir='ltr'>Σαμουὴλ</span> <span class='ocrx_word' id='word_1_289' title='bbox 1239 2172 1256 2199; x_wconf 89' lang='grc'><strong>,</strong></span> <span class='ocrx_word' id='word_1_290' title='bbox 1291 2132 1370 2196; x_wconf 83' lang='grc' dir='ltr'>ὡς</span> <span class='ocrx_word' id='word_1_291' title='bbox 1398 2130 1676 2185; x_wconf 84' lang='grc' dir='ltr'><strong>θεόσδοτον</strong></span> <span class='ocrx_word' id='word_1_292' title='bbox 1706 2128 1874 2199; x_wconf 82' lang='grc' dir='ltr'>εὐχῆς</span> <span class='ocrx_word' id='word_1_293' title='bbox 1909 2129 2048 2192; x_wconf 72' lang='grc' dir='ltr'>υἱὸν,</span> 
     </span>
    </p>
   </div>
   <div class='ocr_carea' id='block_1_41' title="bbox 463 2216 2049 2295">
    <p class='ocr_par' dir='ltr' id='par_1_41' title="bbox 463 2216 2049 2295">
     <span class='ocr_line' id='line_1_41' title="bbox 463 2216 2049 2295; baseline -0.001 -17"><span class='ocrx_word' id='word_1_294' title='bbox 463 2225 557 2279; x_wconf 75' lang='grc' dir='ltr'>καὶ</span> <span class='ocrx_word' id='word_1_295' title='bbox 571 2224 666 2278; x_wconf 78' lang='grc' dir='ltr'><strong>τοῦ</strong></span> <span class='ocrx_word' id='word_1_296' title='bbox 680 2225 912 2294; x_wconf 72' lang='grc' dir='ltr'>ψεύδους</span> <span class='ocrx_word' id='word_1_297' title='bbox 928 2225 1026 2279; x_wconf 70' lang='grc' dir='ltr'>καὶ</span> <span class='ocrx_word' id='word_1_298' title='bbox 1044 2224 1239 2295; x_wconf 82' lang='grc' dir='ltr'>μίσους</span> <span class='ocrx_word' id='word_1_299' title='bbox 1262 2221 1534 2294; x_wconf 77' lang='grc' dir='ltr'>θρίαμϐον</span> <span class='ocrx_word' id='word_1_300' title='bbox 1557 2237 1573 2253; x_wconf 73' lang='grc' dir='ltr'><strong><em>ο</em></strong></span> <span class='ocrx_word' id='word_1_301' title='bbox 1599 2220 1769 2276; x_wconf 75' lang='grc' dir='ltr'>ἔπιδε</span> <span class='ocrx_word' id='word_1_302' title='bbox 1788 2219 1855 2285; x_wconf 79' lang='grc' dir='ltr'><strong>ἐξ</strong></span> <span class='ocrx_word' id='word_1_303' title='bbox 1875 2216 2049 2291; x_wconf 75' lang='grc' dir='ltr'>ἁγίου</span> 
     </span>
    </p>
   </div>
   <div class='ocr_carea' id='block_1_42' title="bbox 462 2310 2052 2385">
    <p class='ocr_par' dir='ltr' id='par_1_42' title="bbox 462 2310 2052 2385">
     <span class='ocr_line' id='line_1_42' title="bbox 462 2310 2052 2385; baseline -0.003 -15"><span class='ocrx_word' id='word_1_304' title='bbox 462 2333 580 2370; x_wconf 85' lang='grc' dir='ltr'>σου</span> <span class='ocrx_word' id='word_1_305' title='bbox 618 2320 1107 2385; x_wconf 77' lang='grc' dir='ltr'>κατοικητηρίου,</span> <span class='ocrx_word' id='word_1_306' title='bbox 1138 2313 1400 2384; x_wconf 85' lang='grc' dir='ltr'>Ὕψιστε,</span> <span class='ocrx_word' id='word_1_307' title='bbox 1425 2313 1522 2367; x_wconf 73' lang='lat' dir='ltr'><strong>xal.</strong></span> <span class='ocrx_word' id='word_1_308' title='bbox 1557 2310 1769 2378; x_wconf 79' lang='grc' dir='ltr'>ἀνοιξόν</span> <span class='ocrx_word' id='word_1_309' title='bbox 1821 2327 1911 2382; x_wconf 89' lang='grc' dir='ltr'>μοι</span> <span class='ocrx_word' id='word_1_310' title='bbox 1950 2311 2052 2379; x_wconf 79' lang='grc' dir='ltr'>τὴν</span> 
     </span>
    </p>
   </div>
   <div class='ocr_carea' id='block_1_43' title="bbox 464 2396 2050 2477">
    <p class='ocr_par' dir='ltr' id='par_1_43' title="bbox 464 2396 2050 2477">
     <span class='ocr_line' id='line_1_43' title="bbox 464 2396 2050 2477; baseline -0.005 -19"><span class='ocrx_word' id='word_1_311' title='bbox 464 2408 677 2477; x_wconf 83' lang='grc' dir='ltr'>μήτραν</span> <span class='ocrx_word' id='word_1_312' title='bbox 708 2402 844 2476; x_wconf 78' lang='grc' dir='ltr'>πρὸς</span> <span class='ocrx_word' id='word_1_313' title='bbox 871 2401 1221 2471; x_wconf 85' lang='grc' dir='ltr'>παιδογονίαν</span> <span class='ocrx_word' id='word_1_314' title='bbox 1238 2418 1253 2433; x_wconf 88' lang='grc'><strong>·</strong></span> <span class='ocrx_word' id='word_1_315' title='bbox 1278 2400 1467 2468; x_wconf 80' lang='grc' dir='ltr'>δίωξόν</span> <span class='ocrx_word' id='word_1_316' title='bbox 1500 2415 1603 2469; x_wconf 86' lang='grc' dir='ltr'><strong>μου</strong></span> <span class='ocrx_word' id='word_1_317' title='bbox 1624 2397 1724 2469; x_wconf 82' lang='grc' dir='ltr'>τὴν</span> <span class='ocrx_word' id='word_1_318' title='bbox 1744 2396 1927 2467; x_wconf 77' lang='grc' dir='ltr'>λύπην</span> <span class='ocrx_word' id='word_1_319' title='bbox 1948 2396 2050 2466; x_wconf 85' lang='grc' dir='ltr'>τῆς</span> 
     </span>
    </p>
   </div>
   <div class='ocr_carea' id='block_1_44' title="bbox 461 2489 2050 2568">
    <p class='ocr_par' dir='ltr' id='par_1_44' title="bbox 461 2489 2050 2568">
     <span class='ocr_line' id='line_1_44' title="bbox 461 2489 2050 2568; baseline -0.006 -19"><span class='ocrx_word' id='word_1_320' title='bbox 461 2495 830 2568; x_wconf 84' lang='grc' dir='ltr'>στειρὼσεως,</span> <span class='ocrx_word' id='word_1_321' title='bbox 874 2494 967 2549; x_wconf 73' lang='grc' dir='ltr'><strong>καὶ</strong></span> <span class='ocrx_word' id='word_1_322' title='bbox 1006 2493 1304 2567; x_wconf 80' lang='grc' dir='ltr'>διάρῤηξόν</span> <span class='ocrx_word' id='word_1_323' title='bbox 1347 2509 1448 2563; x_wconf 90' lang='grc' dir='ltr'><strong>μου</strong></span> <span class='ocrx_word' id='word_1_324' title='bbox 1487 2491 1557 2545; x_wconf 82' lang='grc' dir='ltr'>τὰ</span> <span class='ocrx_word' id='word_1_325' title='bbox 1592 2490 1770 2560; x_wconf 87' lang='grc' dir='ltr'>δεσμά</span> <span class='ocrx_word' id='word_1_326' title='bbox 1801 2491 1901 2561; x_wconf 81' lang='grc' dir='ltr'>τῆς</span> <span class='ocrx_word' id='word_1_327' title='bbox 1930 2489 2050 2541; x_wconf 89' lang='grc' dir='ltr'>ἀτε-</span> 
     </span>
    </p>
   </div>
   <div class='ocr_carea' id='block_1_45' title="bbox 461 2579 2048 2658">
    <p class='ocr_par' dir='ltr' id='par_1_45' title="bbox 461 2579 2048 2658">
     <span class='ocr_line' id='line_1_45' title="bbox 461 2579 2048 2658; baseline -0.006 -16"><span class='ocrx_word' id='word_1_328' title='bbox 461 2588 642 2654; x_wconf 88' lang='grc' dir='ltr'>κνίας,</span> <span class='ocrx_word' id='word_1_329' title='bbox 696 2588 845 2652; x_wconf 76' lang='grc' dir='ltr'>ὅπως</span> <span class='ocrx_word' id='word_1_330' title='bbox 898 2586 962 2640; x_wconf 79' lang='grc' dir='ltr'>τὸ</span> <span class='ocrx_word' id='word_1_331' title='bbox 993 2584 1398 2658; x_wconf 86' lang='grc' dir='ltr'>γεννησόμενον</span> <span class='ocrx_word' id='word_1_332' title='bbox 1442 2584 1508 2637; x_wconf 76' lang='grc' dir='ltr'>ὲκ</span> <span class='ocrx_word' id='word_1_333' title='bbox 1555 2581 1659 2651; x_wconf 85' lang='grc' dir='ltr'>τῆς</span> <span class='ocrx_word' id='word_1_334' title='bbox 1707 2579 1902 2652; x_wconf 83' lang='grc' dir='ltr'>δούλης</span> <span class='ocrx_word' id='word_1_335' title='bbox 1952 2596 2048 2633; x_wconf 92' lang='grc' dir='ltr'>σου</span> 
     </span>
    </p>
   </div>
   <div class='ocr_carea' id='block_1_46' title="bbox 460 2672 2050 2750">
    <p class='ocr_par' dir='ltr' id='par_1_46' title="bbox 460 2672 2050 2750">
     <span class='ocr_line' id='line_1_46' title="bbox 460 2672 2050 2750; baseline -0.004 -17"><span class='ocrx_word' id='word_1_336' title='bbox 460 2678 788 2750; x_wconf 81' lang='grc' dir='ltr'>βλάστημα,</span> <span class='ocrx_word' id='word_1_337' title='bbox 822 2680 934 2733; x_wconf 67' lang='lat' dir='ltr'><strong>size</strong></span> <span class='ocrx_word' id='word_1_338' title='bbox 984 2677 1177 2749; x_wconf 77' lang='grc' dir='ltr'>ἄρσεν,</span> <span class='ocrx_word' id='word_1_339' title='bbox 1215 2676 1331 2731; x_wconf 73' lang='grc' dir='ltr'>εἴτε</span> <span class='ocrx_word' id='word_1_340' title='bbox 1364 2675 1525 2746; x_wconf 78' lang='grc' dir='ltr'>θῆλυ,</span> <span class='ocrx_word' id='word_1_341' title='bbox 1571 2673 1745 2746; x_wconf 88' lang='grc' dir='ltr'>δῶρον</span> <span class='ocrx_word' id='word_1_342' title='bbox 1788 2672 2050 2745; x_wconf 81' lang='grc' dir='ltr'>προσάξω</span> 
     </span>
    </p>
   </div>
   <div class='ocr_carea' id='block_1_47' title="bbox 461 2764 2046 2842">
    <p class='ocr_par' dir='ltr' id='par_1_47' title="bbox 461 2764 2046 2842">
     <span class='ocr_line' id='line_1_47' title="bbox 461 2764 2046 2842; baseline -0.003 -19"><span class='ocrx_word' id='word_1_343' title='bbox 461 2789 568 2836; x_wconf 90' lang='grc' dir='ltr'>σοι,</span> <span class='ocrx_word' id='word_1_344' title='bbox 607 2771 683 2834; x_wconf 86' lang='grc' dir='ltr'>ὼς</span> <span class='ocrx_word' id='word_1_345' title='bbox 734 2769 989 2842; x_wconf 85' lang='grc' dir='ltr'>θυμίαμα</span> <span class='ocrx_word' id='word_1_346' title='bbox 1016 2768 1215 2832; x_wconf 85' lang='grc' dir='ltr'>εὐῶδες</span> <span class='ocrx_word' id='word_1_347' title='bbox 1237 2808 1253 2834; x_wconf 93' lang='grc'><strong>,</strong></span> <span class='ocrx_word' id='word_1_348' title='bbox 1280 2767 1357 2832; x_wconf 84' lang='grc' dir='ltr'>ὡς</span> <span class='ocrx_word' id='word_1_349' title='bbox 1387 2765 1637 2837; x_wconf 84' lang='grc' dir='ltr'>καθαρὰν</span> <span class='ocrx_word' id='word_1_350' title='bbox 1686 2764 2005 2837; x_wconf 80' lang='grc' dir='ltr'>προσφορὰν</span> <span class='ocrx_word' id='word_1_351' title='bbox 2031 2803 2046 2829; x_wconf 89' lang='grc'><strong>,</strong></span> 
     </span>
    </p>
   </div>
   <div class='ocr_carea' id='block_1_48' title="bbox 457 2853 2049 2932">
    <p class='ocr_par' dir='ltr' id='par_1_48' title="bbox 457 2853 2049 2932">
     <span class='ocr_line' id='line_1_48' title="bbox 457 2853 2049 2932; baseline -0.006 -18"><span class='ocrx_word' id='word_1_352' title='bbox 457 2861 534 2924; x_wconf 80' lang='grc' dir='ltr'>ὡς</span> <span class='ocrx_word' id='word_1_353' title='bbox 556 2862 738 2930; x_wconf 87' lang='grc' dir='ltr'>τίμιον</span> <span class='ocrx_word' id='word_1_354' title='bbox 765 2861 958 2932; x_wconf 88' lang='grc' dir='ltr'>δῶρον,</span> <span class='ocrx_word' id='word_1_355' title='bbox 992 2859 1069 2922; x_wconf 83' lang='grc' dir='ltr'>ὡς</span> <span class='ocrx_word' id='word_1_356' title='bbox 1102 2858 1248 2930; x_wconf 80' lang='grc' dir='ltr'>ἱερὸν</span> <span class='ocrx_word' id='word_1_357' title='bbox 1280 2856 1559 2926; x_wconf 83' lang='grc' dir='ltr'>ἀνάθημα,</span> <span class='ocrx_word' id='word_1_358' title='bbox 1589 2853 1667 2916; x_wconf 84' lang='grc' dir='ltr'><strong>ῶς</strong></span> <span class='ocrx_word' id='word_1_359' title='bbox 1696 2853 1842 2908; x_wconf 84' lang='grc' dir='ltr'>θεῖον</span> <span class='ocrx_word' id='word_1_360' title='bbox 1868 2869 2049 2906; x_wconf 82' lang='grc' dir='ltr'>κατοι-</span> 
     </span>
    </p>
   </div>
   <div class='ocr_carea' id='block_1_49' title="bbox 458 2946 2045 3026">
    <p class='ocr_par' dir='ltr' id='par_1_49' title="bbox 458 2946 2045 3026">
     <span class='ocr_line' id='line_1_49' title="bbox 458 2946 2045 3026; baseline -0.006 -18"><span class='ocrx_word' id='word_1_361' title='bbox 458 2956 724 3026; x_wconf 83' lang='grc' dir='ltr'>κητήριον</span> <span class='ocrx_word' id='word_1_362' title='bbox 747 2995 763 3020; x_wconf 94' lang='grc'><strong>,</strong></span> <span class='ocrx_word' id='word_1_363' title='bbox 810 2955 887 3019; x_wconf 84' lang='grc' dir='ltr'>ὡς</span> <span class='ocrx_word' id='word_1_364' title='bbox 937 2952 1201 3024; x_wconf 88' lang='grc' dir='ltr'>ἀμίαντον</span> <span class='ocrx_word' id='word_1_365' title='bbox 1265 2948 1482 3021; x_wconf 74' lang='grc' dir='ltr'>ἀμνάδα</span> <span class='ocrx_word' id='word_1_366' title='bbox 1507 2987 1523 3014; x_wconf 89' lang='grc'><strong>,</strong></span> <span class='ocrx_word' id='word_1_367' title='bbox 1571 2947 1649 3011; x_wconf 86' lang='grc' dir='ltr'><strong>ὡς</strong></span> <span class='ocrx_word' id='word_1_368' title='bbox 1695 2946 2045 3018; x_wconf 83' lang='grc' dir='ltr'>πρωτότοκον</span> 
     </span>
    </p>
   </div>
   <div class='ocr_carea' id='block_1_50' title="bbox 457 3042 1153 3113">
    <p class='ocr_par' dir='ltr' id='par_1_50' title="bbox 457 3042 1153 3113">
     <span class='ocr_line' id='line_1_50' title="bbox 457 3042 1153 3113; baseline 0 -18"><span class='ocrx_word' id='word_1_369' title='bbox 457 3043 652 3113; x_wconf 86' lang='grc' dir='ltr'>ἀμνὸν,</span> <span class='ocrx_word' id='word_1_370' title='bbox 677 3043 755 3108; x_wconf 84' lang='grc' dir='ltr'>ὡς</span> <span class='ocrx_word' id='word_1_371' title='bbox 788 3043 909 3098; x_wconf 83' lang='grc' dir='ltr'>νέον</span> <span class='ocrx_word' id='word_1_372' title='bbox 944 3042 1153 3096; x_wconf 82' lang='grc' dir='ltr'>Ἰσαάκ.</span> 
     </span>
    </p>
   </div>
   <div class='ocr_carea' id='block_1_51' title="bbox 2149 2129 3728 2202">
    <p class='ocr_par' dir='ltr' id='par_1_51' title="bbox 2149 2129 3728 2202">
     <span class='ocr_line' id='line_1_51' title="bbox 2149 2129 3728 2202; baseline 0 -16"><span class='ocrx_word' id='word_1_373' title='bbox 2149 2131 2352 2187; x_wconf 90' lang='lat' dir='ltr'><strong>rimum</strong></span> <span class='ocrx_word' id='word_1_374' title='bbox 2383 2141 2436 2187; x_wconf 91' lang='lat' dir='ltr'><strong>et</strong></span> <span class='ocrx_word' id='word_1_375' title='bbox 2465 2146 2686 2187; x_wconf 84' lang='lat' dir='ltr'><strong>sacrum</strong></span> <span class='ocrx_word' id='word_1_376' title='bbox 2720 2147 2952 2202; x_wconf 89' lang='lat' dir='ltr'><strong>puerum</strong></span> <span class='ocrx_word' id='word_1_377' title='bbox 2982 2131 3204 2188; x_wconf 88' lang='lat' dir='ltr'><strong>donasti</strong></span> <span class='ocrx_word' id='word_1_378' title='bbox 3245 2129 3579 2197; x_wconf 89' lang='lat' dir='ltr'><strong>Samuelem,</strong></span> <span class='ocrx_word' id='word_1_379' title='bbox 3611 2131 3728 2187; x_wconf 90' lang='lat' dir='ltr'><strong>vel-</strong></span> 
     </span>
    </p>
   </div>
   <div class='ocr_carea' id='block_1_52' title="bbox 2154 2221 3732 2293">
    <p class='ocr_par' dir='ltr' id='par_1_52' title="bbox 2154 2221 3732 2293">
     <span class='ocr_line' id='line_1_52' title="bbox 2154 2221 3732 2293; baseline 0.002 -17"><span class='ocrx_word' id='word_1_380' title='bbox 2154 2221 2233 2277; x_wconf 92' lang='lat' dir='ltr'><strong>uti</strong></span> <span class='ocrx_word' id='word_1_381' title='bbox 2308 2221 2482 2277; x_wconf 87' lang='lat' dir='ltr'><strong>ﬁlium</strong></span> <span class='ocrx_word' id='word_1_382' title='bbox 2541 2223 2597 2277; x_wconf 90' lang='lat' dir='ltr'><strong>in</strong></span> <span class='ocrx_word' id='word_1_383' title='bbox 2662 2222 3131 2293; x_wconf 85' lang='lat' dir='ltr'><strong>supplicationum</strong></span> <span class='ocrx_word' id='word_1_384' title='bbox 3185 2223 3417 2293; x_wconf 78' lang='lat' dir='ltr'><strong>gratiam</strong></span> <span class='ocrx_word' id='word_1_385' title='bbox 3470 2222 3732 2279; x_wconf 86' lang='lat' dir='ltr'><strong>divinitus</strong></span> 
     </span>
    </p>
   </div>
   <div class='ocr_carea' id='block_1_53' title="bbox 2148 2314 3730 2386">
    <p class='ocr_par' dir='ltr' id='par_1_53' title="bbox 2148 2314 3730 2386">
     <span class='ocr_line' id='line_1_53' title="bbox 2148 2314 3730 2386; baseline -0.001 -16"><span class='ocrx_word' id='word_1_386' title='bbox 2148 2328 2477 2370; x_wconf 86' lang='lat' dir='ltr'><strong>concessum</strong></span> <span class='ocrx_word' id='word_1_387' title='bbox 2508 2329 2576 2370; x_wconf 91' lang='lat' dir='ltr'><strong>ac</strong></span> <span class='ocrx_word' id='word_1_388' title='bbox 2598 2314 2767 2370; x_wconf 85' lang='lat' dir='ltr'><strong>veluti</strong></span> <span class='ocrx_word' id='word_1_389' title='bbox 2797 2314 3138 2386; x_wconf 88' lang='lat' dir='ltr'><strong>triumphum</strong></span> <span class='ocrx_word' id='word_1_390' title='bbox 3167 2315 3237 2371; x_wconf 89' lang='lat' dir='ltr'><strong>de</strong></span> <span class='ocrx_word' id='word_1_391' title='bbox 3261 2314 3547 2371; x_wconf 84' lang='lat' dir='ltr'><strong>mendacio</strong></span> <span class='ocrx_word' id='word_1_392' title='bbox 3570 2315 3730 2370; x_wconf 85' lang='lat' dir='ltr'><strong>odio-</strong></span> 
     </span>
    </p>
   </div>
   <div class='ocr_carea' id='block_1_54' title="bbox 2146 2405 3734 2476">
    <p class='ocr_par' dir='ltr' id='par_1_54' title="bbox 2146 2405 3734 2476">
     <span class='ocr_line' id='line_1_54' title="bbox 2146 2405 3734 2476; baseline 0.001 -17"><span class='ocrx_word' id='word_1_393' title='bbox 2146 2420 2256 2474; x_wconf 90' lang='lat' dir='ltr'><strong>que</strong></span> <span class='ocrx_word' id='word_1_394' title='bbox 2284 2415 2619 2476; x_wconf 86' lang='lat' dir='ltr'><strong>reportatum</strong></span> <span class='ocrx_word' id='word_1_395' title='bbox 2650 2423 2667 2473; x_wconf 89' lang='lat'><strong>;</strong></span> <span class='ocrx_word' id='word_1_396' title='bbox 2714 2406 2943 2471; x_wconf 81' lang='lat' dir='ltr'><strong>intuere,</strong></span> <span class='ocrx_word' id='word_1_397' title='bbox 2975 2421 3009 2462; x_wconf 94' lang='lat' dir='ltr'><strong>o</strong></span> <span class='ocrx_word' id='word_1_398' title='bbox 3053 2405 3359 2472; x_wconf 82' lang='lat' dir='ltr'><strong>Altissime,</strong></span> <span class='ocrx_word' id='word_1_399' title='bbox 3384 2409 3448 2461; x_wconf 86' lang='lat' dir='ltr'><strong>de</strong></span> <span class='ocrx_word' id='word_1_400' title='bbox 3483 2406 3734 2462; x_wconf 31' lang='lat' dir='ltr'><strong>tabernas</strong></span> 
     </span>
    </p>
   </div>
   <div class='ocr_carea' id='block_1_55' title="bbox 2144 2494 3731 2568">
    <p class='ocr_par' dir='ltr' id='par_1_55' title="bbox 2144 2494 3731 2568">
     <span class='ocr_line' id='line_1_55' title="bbox 2144 2494 3731 2568; baseline 0.003 -20"><span class='ocrx_word' id='word_1_401' title='bbox 2144 2494 2264 2548; x_wconf 84' lang='lat' dir='ltr'><strong>culo</strong></span> <span class='ocrx_word' id='word_1_402' title='bbox 2283 2504 2467 2549; x_wconf 78' lang='lat' dir='ltr'><strong>sancto</strong></span> <span class='ocrx_word' id='word_1_403' title='bbox 2501 2505 2594 2549; x_wconf 86' lang='lat' dir='ltr'><strong>tuo</strong></span> <span class='ocrx_word' id='word_1_404' title='bbox 2628 2496 2696 2563; x_wconf 83' lang='lat'><strong>“,</strong></span> <span class='ocrx_word' id='word_1_405' title='bbox 2727 2496 2878 2567; x_wconf 86' lang='lat' dir='ltr'><strong>aperi</strong></span> <span class='ocrx_word' id='word_1_406' title='bbox 2915 2496 2985 2553; x_wconf 86' lang='lat' dir='ltr'><strong>ad</strong></span> <span class='ocrx_word' id='word_1_407' title='bbox 3011 2505 3337 2568; x_wconf 85' lang='lat' dir='ltr'><strong>conceptum</strong></span> <span class='ocrx_word' id='word_1_408' title='bbox 3371 2496 3575 2555; x_wconf 82' lang='lat' dir='ltr'><strong>sobolis</strong></span> <span class='ocrx_word' id='word_1_409' title='bbox 3605 2506 3731 2553; x_wconf 90' lang='lat' dir='ltr'><strong>ute-</strong></span> 
     </span>
    </p>
   </div>
   <div class='ocr_carea' id='block_1_56' title="bbox 2148 2584 3733 2652">
    <p class='ocr_par' dir='ltr' id='par_1_56' title="bbox 2148 2584 3733 2652">
     <span class='ocr_line' id='line_1_56' title="bbox 2148 2584 3733 2652; baseline 0.003 -14"><span class='ocrx_word' id='word_1_410' title='bbox 2148 2598 2274 2639; x_wconf 90' lang='lat' dir='ltr'><strong>rum</strong></span> <span class='ocrx_word' id='word_1_411' title='bbox 2308 2599 2520 2652; x_wconf 89' lang='lat' dir='ltr'><strong>meum,</strong></span> <span class='ocrx_word' id='word_1_412' title='bbox 2559 2593 2754 2641; x_wconf 74' lang='lat' dir='ltr'><strong>excute</strong></span> <span class='ocrx_word' id='word_1_413' title='bbox 2792 2600 2824 2641; x_wconf 86' lang='lat' dir='ltr'><strong>a</strong></span> <span class='ocrx_word' id='word_1_414' title='bbox 2853 2601 2945 2642; x_wconf 85' lang='lat' dir='ltr'><strong>me</strong></span> <span class='ocrx_word' id='word_1_415' title='bbox 2973 2584 3384 2643; x_wconf 81' lang='lat' dir='ltr'><strong>infecunditatis</strong></span> <span class='ocrx_word' id='word_1_416' title='bbox 3414 2602 3733 2652; x_wconf 76' lang='lat' dir='ltr'><strong>mterorem.</strong></span> 
     </span>
    </p>
   </div>
   <div class='ocr_carea' id='block_1_57' title="bbox 2145 2674 3734 2747">
    <p class='ocr_par' dir='ltr' id='par_1_57' title="bbox 2145 2674 3734 2747">
     <span class='ocr_line' id='line_1_57' title="bbox 2145 2674 3734 2747; baseline 0.003 -17"><span class='ocrx_word' id='word_1_417' title='bbox 2145 2682 2202 2730; x_wconf 91' lang='lat' dir='ltr'><strong>et</strong></span> <span class='ocrx_word' id='word_1_418' title='bbox 2226 2674 2493 2747; x_wconf 87' lang='lat' dir='ltr'><strong>abrumpe</strong></span> <span class='ocrx_word' id='word_1_419' title='bbox 2532 2676 2753 2733; x_wconf 87' lang='lat' dir='ltr'><strong>vincula</strong></span> <span class='ocrx_word' id='word_1_420' title='bbox 2798 2693 2936 2734; x_wconf 72' lang='lat' dir='ltr'><strong>mete</strong></span> <span class='ocrx_word' id='word_1_421' title='bbox 2973 2678 3308 2746; x_wconf 85' lang='lat' dir='ltr'><strong>sterilitatis,</strong></span> <span class='ocrx_word' id='word_1_422' title='bbox 3346 2688 3410 2734; x_wconf 88' lang='lat' dir='ltr'><strong>ut</strong></span> <span class='ocrx_word' id='word_1_423' title='bbox 3452 2686 3640 2736; x_wconf 86' lang='lat' dir='ltr'><strong>natum</strong></span> <span class='ocrx_word' id='word_1_424' title='bbox 3665 2694 3734 2735; x_wconf 81' lang='lat' dir='ltr'><strong>ex</strong></span> 
     </span>
    </p>
   </div>
   <div class='ocr_carea' id='block_1_58' title="bbox 2146 2766 3733 2836">
    <p class='ocr_par' dir='ltr' id='par_1_58' title="bbox 2146 2766 3733 2836">
     <span class='ocr_line' id='line_1_58' title="bbox 2146 2766 3733 2836; baseline 0.004 -15"><span class='ocrx_word' id='word_1_425' title='bbox 2146 2781 2235 2822; x_wconf 92' lang='lat' dir='ltr'><strong>me</strong></span> <span class='ocrx_word' id='word_1_426' title='bbox 2260 2766 2466 2824; x_wconf 81' lang='lat' dir='ltr'><strong>famula</strong></span> <span class='ocrx_word' id='word_1_427' title='bbox 2500 2776 2592 2826; x_wconf 87' lang='lat' dir='ltr'><strong>tua</strong></span> <span class='ocrx_word' id='word_1_428' title='bbox 2618 2768 2883 2836; x_wconf 79' lang='lat' dir='ltr'><strong>fructum,</strong></span> <span class='ocrx_word' id='word_1_429' title='bbox 2929 2771 3048 2827; x_wconf 87' lang='lat' dir='ltr'><strong>sive</strong></span> <span class='ocrx_word' id='word_1_430' title='bbox 3077 2770 3284 2828; x_wconf 77' lang='lat' dir='ltr'><strong>ﬁliolus</strong></span> <span class='ocrx_word' id='word_1_431' title='bbox 3305 2771 3398 2827; x_wconf 91' lang='lat' dir='ltr'><strong>ille</strong></span> <span class='ocrx_word' id='word_1_432' title='bbox 3420 2771 3589 2828; x_wconf 79' lang='lat' dir='ltr'><strong>fuerit</strong></span> <span class='ocrx_word' id='word_1_433' title='bbox 3613 2772 3733 2828; x_wconf 86' lang='lat' dir='ltr'><strong>sive</strong></span> 
     </span>
    </p>
   </div>
   <div class='ocr_carea' id='block_1_59' title="bbox 2148 2855 3734 2948">
    <p class='ocr_par' dir='ltr' id='par_1_59' title="bbox 2148 2855 3734 2948">
     <span class='ocr_line' id='line_1_59' title="bbox 2148 2855 3734 2948; baseline 0.004 -36"><span class='ocrx_word' id='word_1_434' title='bbox 2148 2855 2336 2924; x_wconf 89' lang='lat' dir='ltr'><strong>ﬁliola,</strong></span> <span class='ocrx_word' id='word_1_435' title='bbox 2372 2875 2574 2916; x_wconf 87' lang='lat' dir='ltr'><strong>munus</strong></span> <span class='ocrx_word' id='word_1_436' title='bbox 2623 2861 2721 2917; x_wconf 88' lang='lat' dir='ltr'><strong>tibi</strong></span> <span class='ocrx_word' id='word_1_437' title='bbox 2770 2860 3027 2927; x_wconf 80' lang='lat' dir='ltr'><strong>oﬁ&#39;eram,</strong></span> <span class='ocrx_word' id='word_1_438' title='bbox 3085 2862 3235 2918; x_wconf 89' lang='lat' dir='ltr'><strong>velut</strong></span> <span class='ocrx_word' id='word_1_439' title='bbox 3287 2862 3620 2919; x_wconf 84' lang='lat' dir='ltr'><strong>sacriﬁcium</strong></span> <span class='ocrx_word' id='word_1_440' title='bbox 3675 2863 3734 2948; x_wconf 67' lang='lat' dir='ltr'><strong>in</strong></span> 
     </span>
    </p>
   </div>
   <div class='ocr_carea' id='block_1_60' title="bbox 2147 2949 3738 3022">
    <p class='ocr_par' dir='ltr' id='par_1_60' title="bbox 2147 2949 3738 3022">
     <span class='ocr_line' id='line_1_60' title="bbox 2147 2949 3738 3022; baseline 0.003 -18"><span class='ocrx_word' id='word_1_441' title='bbox 2147 2949 2373 3006; x_wconf 88' lang='lat' dir='ltr'><strong>odorem</strong></span> <span class='ocrx_word' id='word_1_442' title='bbox 2396 2954 2710 3019; x_wconf 84' lang='lat' dir='ltr'><strong>suavitatis,</strong></span> <span class='ocrx_word' id='word_1_443' title='bbox 2735 2952 2886 3009; x_wconf 89' lang='lat' dir='ltr'><strong>velut</strong></span> <span class='ocrx_word' id='word_1_444' title='bbox 2914 2953 3247 3009; x_wconf 88' lang='lat' dir='ltr'><strong>oblationem</strong></span> <span class='ocrx_word' id='word_1_445' title='bbox 3278 2956 3562 3022; x_wconf 86' lang='lat' dir='ltr'><strong>mundam,</strong></span> <span class='ocrx_word' id='word_1_446' title='bbox 3588 2953 3738 3010; x_wconf 86' lang='lat' dir='ltr'><strong>velut</strong></span> 
     </span>
    </p>
   </div>
   <div class='ocr_carea' id='block_1_61' title="bbox 2148 3039 3742 3122">
    <p class='ocr_par' dir='ltr' id='par_1_61' title="bbox 2148 3039 3742 3122">
     <span class='ocr_line' id='line_1_61' title="bbox 2148 3039 3742 3122; baseline 0.007 -29"><span class='ocrx_word' id='word_1_447' title='bbox 2148 3039 2355 3097; x_wconf 90' lang='lat' dir='ltr'><strong>donum</strong></span> <span class='ocrx_word' id='word_1_448' title='bbox 2401 3044 2728 3113; x_wconf 88' lang='lat' dir='ltr'><strong>pretiosum,</strong></span> <span class='ocrx_word' id='word_1_449' title='bbox 2772 3045 2923 3101; x_wconf 90' lang='lat' dir='ltr'><strong>velut</strong></span> <span class='ocrx_word' id='word_1_450' title='bbox 2972 3056 3166 3101; x_wconf 85' lang='lat' dir='ltr'><strong>sancte</strong></span> <span class='ocrx_word' id='word_1_451' title='bbox 3209 3045 3524 3122; x_wconf 81' lang='lat' dir='ltr'><strong>dedicatum</strong></span> <span class='ocrx_word' id='word_1_452' title='bbox 3569 3047 3742 3104; x_wconf 80' lang='lat' dir='ltr'><strong>dona-</strong></span> 
     </span>
    </p>
   </div>
   <div class='ocr_carea' id='block_1_62' title="bbox 458 3127 3734 3210">
    <p class='ocr_par' dir='ltr' id='par_1_62' title="bbox 458 3127 3734 3210">
     <span class='ocr_line' id='line_1_62' title="bbox 458 3127 3734 3210; baseline 0.002 -22"><span class='ocrx_word' id='word_1_453' title='bbox 458 3136 623 3198; x_wconf 91' lang='lat' dir='ltr'><strong>rium,</strong></span> <span class='ocrx_word' id='word_1_454' title='bbox 653 3135 800 3189; x_wconf 89' lang='lat' dir='ltr'><strong>velut</strong></span> <span class='ocrx_word' id='word_1_455' title='bbox 837 3134 1079 3189; x_wconf 84' lang='lat' dir='ltr'><strong>divinam</strong></span> <span class='ocrx_word' id='word_1_456' title='bbox 1137 3133 1205 3187; x_wconf 90' lang='lat' dir='ltr'><strong>ad</strong></span> <span class='ocrx_word' id='word_1_457' title='bbox 1262 3129 1678 3186; x_wconf 89' lang='lat' dir='ltr'><strong>inhabitandum</strong></span> <span class='ocrx_word' id='word_1_458' title='bbox 1726 3127 1919 3193; x_wconf 82' lang='lat' dir='ltr'><strong>aedem,</strong></span> <span class='ocrx_word' id='word_1_459' title='bbox 1952 3128 2101 3182; x_wconf 88' lang='lat' dir='ltr'><strong>velut</strong></span> <span class='ocrx_word' id='word_1_460' title='bbox 2140 3143 2336 3202; x_wconf 82' lang='lat' dir='ltr'><strong>agnam</strong></span> <span class='ocrx_word' id='word_1_461' title='bbox 2369 3134 2800 3201; x_wconf 70' lang='lat' dir='ltr'><strong>immaculatum,</strong></span> <span class='ocrx_word' id='word_1_462' title='bbox 2838 3137 2986 3192; x_wconf 90' lang='lat' dir='ltr'><strong>velut</strong></span> <span class='ocrx_word' id='word_1_463' title='bbox 3055 3150 3254 3208; x_wconf 86' lang='lat' dir='ltr'><strong>agnum</strong></span> <span class='ocrx_word' id='word_1_464' title='bbox 3288 3138 3734 3210; x_wconf 83' lang='lat' dir='ltr'><strong>primogenitum,</strong></span> 
     </span>
    </p>
   </div>
   <div class='ocr_carea' id='block_1_63' title="bbox 455 3226 1138 3281">
    <p class='ocr_par' dir='ltr' id='par_1_63' title="bbox 455 3226 1138 3281">
     <span class='ocr_line' id='line_1_63' title="bbox 455 3226 1138 3281; baseline -0.004 0"><span class='ocrx_word' id='word_1_465' title='bbox 455 3227 603 3281; x_wconf 85' lang='lat' dir='ltr'><strong>velut</strong></span> <span class='ocrx_word' id='word_1_466' title='bbox 632 3240 831 3281; x_wconf 88' lang='lat' dir='ltr'><strong>novum</strong></span> <span class='ocrx_word' id='word_1_467' title='bbox 867 3226 1138 3281; x_wconf 87' lang='lat' dir='ltr'><strong>lsaacum.</strong></span> 
     </span>
    </p>
   </div>
   <div class='ocr_carea' id='block_1_64' title="bbox 529 3310 2044 3391">
    <p class='ocr_par' dir='ltr' id='par_1_64' title="bbox 529 3313 2044 3389">
     <span class='ocr_line' id='line_1_64' title="bbox 529 3313 2044 3389; baseline -0.007 -13"><span class='ocrx_word' id='word_1_468' title='bbox 529 3324 606 3376; x_wconf 83' lang='lat' dir='ltr'><strong>E&#39;.</strong></span> <span class='ocrx_word' id='word_1_469' title='bbox 650 3320 807 3375; x_wconf 74' lang='grc' dir='ltr'>Οὕτω</span> <span class='ocrx_word' id='word_1_470' title='bbox 836 3319 1017 3374; x_wconf 83' lang='grc' dir='ltr'>τοίνυν</span> <span class='ocrx_word' id='word_1_471' title='bbox 1048 3317 1380 3389; x_wconf 78' lang='grc' dir='ltr'>ἀμφοτέροις</span> <span class='ocrx_word' id='word_1_472' title='bbox 1403 3314 1860 3386; x_wconf 71' lang='grc' dir='ltr'>ἐπικαλουμένοις</span> <span class='ocrx_word' id='word_1_473' title='bbox 1888 3313 2044 3384; x_wconf 81' lang='grc' dir='ltr'>ῶφθη</span> 
     </span>
    </p>
   </div>
   <div class='ocr_carea' id='block_1_65' title="bbox 2147 3310 3738 3391">
    <p class='ocr_par' dir='ltr' id='par_1_65' title="bbox 2223 3310 3738 3391">
     <span class='ocr_line' id='line_1_65' title="bbox 2223 3310 3738 3391; baseline 0.009 -25"><span class='ocrx_word' id='word_1_474' title='bbox 2223 3310 2290 3366; x_wconf 78' lang='grc' dir='ltr'>ν.</span> <span class='ocrx_word' id='word_1_475' title='bbox 2314 3311 2578 3382; x_wconf 87' lang='lat' dir='ltr'><strong>Utrisque</strong></span> <span class='ocrx_word' id='word_1_476' title='bbox 2606 3312 2772 3384; x_wconf 82' lang='lat' dir='ltr'><strong>igitur</strong></span> <span class='ocrx_word' id='word_1_477' title='bbox 2800 3315 2881 3370; x_wconf 88' lang='lat' dir='ltr'><strong>sic</strong></span> <span class='ocrx_word' id='word_1_478' title='bbox 2908 3315 3263 3385; x_wconf 76' lang='lat' dir='ltr'><strong>precantibus</strong></span> <span class='ocrx_word' id='word_1_479' title='bbox 3305 3313 3479 3372; x_wconf 85' lang='lat' dir='ltr'><strong>astitit</strong></span> <span class='ocrx_word' id='word_1_480' title='bbox 3510 3320 3738 3391; x_wconf 77' lang='lat' dir='ltr'><strong>angelus</strong></span> 
     </span>
    </p>
   </div>
   <div class='ocr_carea' id='block_1_66' title="bbox 458 3402 2045 3481">
    <p class='ocr_par' dir='ltr' id='par_1_66' title="bbox 458 3402 2045 3481">
     <span class='ocr_line' id='line_1_66' title="bbox 458 3402 2045 3481; baseline -0.009 -13"><span class='ocrx_word' id='word_1_481' title='bbox 458 3414 640 3476; x_wconf 80' lang='grc' dir='ltr'>αὐτοῖς</span> <span class='ocrx_word' id='word_1_482' title='bbox 682 3411 912 3480; x_wconf 75' lang='grc' dir='ltr'>ἄγγελος</span> <span class='ocrx_word' id='word_1_483' title='bbox 944 3409 1150 3481; x_wconf 82' lang='grc' dir='ltr'>Κυρίου</span> <span class='ocrx_word' id='word_1_484' title='bbox 1168 3450 1183 3470; x_wconf 88' lang='grc'><strong>,</strong></span> <span class='ocrx_word' id='word_1_485' title='bbox 1213 3407 1313 3477; x_wconf 83' lang='grc' dir='ltr'>τῆς</span> <span class='ocrx_word' id='word_1_486' title='bbox 1353 3406 1626 3473; x_wconf 82' lang='grc' dir='ltr'>παναγίας</span> <span class='ocrx_word' id='word_1_487' title='bbox 1653 3405 1752 3474; x_wconf 80' lang='grc' dir='ltr'>τὴν</span> <span class='ocrx_word' id='word_1_488' title='bbox 1782 3402 2045 3473; x_wconf 79' lang='grc' dir='ltr'>σύλληψιν</span> 
     </span>
    </p>
   </div>
   <div class='ocr_carea' id='block_1_67' title="bbox 459 3491 2045 3571">
    <p class='ocr_par' dir='ltr' id='par_1_67' title="bbox 459 3491 2045 3571">
     <span class='ocr_line' id='line_1_67' title="bbox 459 3491 2045 3571; baseline -0.009 -15"><span class='ocrx_word' id='word_1_489' title='bbox 459 3500 977 3571; x_wconf 79' lang='grc' dir='ltr'>εὐαγγελιζόμενος,</span> <span class='ocrx_word' id='word_1_490' title='bbox 1007 3499 1185 3565; x_wconf 88' lang='grc' dir='ltr'>λέγων</span> <span class='ocrx_word' id='word_1_491' title='bbox 1206 3514 1218 3527; x_wconf 89' lang='grc'><strong>·</strong></span> <span class='ocrx_word' id='word_1_492' title='bbox 1257 3496 1596 3564; x_wconf 87' lang='grc' dir='ltr'>Είσήκουσεν</span> <span class='ocrx_word' id='word_1_493' title='bbox 1635 3491 1791 3561; x_wconf 83' lang='grc' dir='ltr'>ὑμῶν</span> <span class='ocrx_word' id='word_1_494' title='bbox 1821 3493 1849 3544; x_wconf 94' lang='lat'><strong>6</strong></span> <span class='ocrx_word' id='word_1_495' title='bbox 1875 3491 2045 3560; x_wconf 70' lang='grc' dir='ltr'><strong>Ὕψιο</strong></span> 
     </span>
    </p>
   </div>
   <div class='ocr_carea' id='block_1_68' title="bbox 461 3579 2045 3659">
    <p class='ocr_par' dir='ltr' id='par_1_68' title="bbox 461 3579 2045 3659">
     <span class='ocr_line' id='line_1_68' title="bbox 461 3579 2045 3659; baseline -0.008 -16"><span class='ocrx_word' id='word_1_496' title='bbox 461 3607 585 3653; x_wconf 87' lang='grc' dir='ltr'>στος</span> <span class='ocrx_word' id='word_1_497' title='bbox 614 3589 715 3659; x_wconf 84' lang='grc' dir='ltr'>τῆς</span> <span class='ocrx_word' id='word_1_498' title='bbox 743 3589 1013 3658; x_wconf 76' lang='grc' dir='ltr'><strong>δεήσεως,</strong></span> <span class='ocrx_word' id='word_1_499' title='bbox 1046 3587 1140 3638; x_wconf 82' lang='grc' dir='ltr'>καὶ</span> <span class='ocrx_word' id='word_1_500' title='bbox 1183 3587 1241 3637; x_wconf 75' lang='grc' dir='ltr'>ὲν</span> <span class='ocrx_word' id='word_1_501' title='bbox 1275 3583 1441 3651; x_wconf 81' lang='grc' dir='ltr'>ὀλίγῳ</span> <span class='ocrx_word' id='word_1_502' title='bbox 1483 3581 1662 3651; x_wconf 82' lang='grc' dir='ltr'>χρόνῳ</span> <span class='ocrx_word' id='word_1_503' title='bbox 1693 3579 1913 3646; x_wconf 80' lang='grc' dir='ltr'>τέξεσθε</span> <span class='ocrx_word' id='word_1_504' title='bbox 1948 3579 2045 3632; x_wconf 89' lang='grc' dir='ltr'>θυ-</span> 
     </span>
    </p>
   </div>
   <div class='ocr_carea' id='block_1_69' title="bbox 458 3669 2050 3751">
    <p class='ocr_par' dir='ltr' id='par_1_69' title="bbox 458 3669 2050 3751">
     <span class='ocr_line' id='line_1_69' title="bbox 458 3669 2050 3751; baseline -0.007 -17"><span class='ocrx_word' id='word_1_505' title='bbox 458 3682 690 3751; x_wconf 83' lang='grc' dir='ltr'>γατέρα,</span> <span class='ocrx_word' id='word_1_506' title='bbox 715 3680 816 3749; x_wconf 86' lang='grc' dir='ltr'>τὴν</span> <span class='ocrx_word' id='word_1_507' title='bbox 846 3679 911 3731; x_wconf 80' lang='grc' dir='ltr'>ὲκ</span> <span class='ocrx_word' id='word_1_508' title='bbox 940 3675 1133 3730; x_wconf 88' lang='grc' dir='ltr'>πασῶν</span> <span class='ocrx_word' id='word_1_509' title='bbox 1162 3675 1367 3744; x_wconf 82' lang='grc' dir='ltr'>γενεῶν</span> <span class='ocrx_word' id='word_1_510' title='bbox 1399 3672 1700 3744; x_wconf 82' lang='grc' dir='ltr'>μακαρίαν,</span> <span class='ocrx_word' id='word_1_511' title='bbox 1721 3669 2050 3741; x_wconf 78' lang='grc' dir='ltr'>ἐκλελεγμέ-</span> 
     </span>
    </p>
   </div>
   <div class='ocr_carea' id='block_1_70' title="bbox 459 3759 2044 3841">
    <p class='ocr_par' dir='ltr' id='par_1_70' title="bbox 459 3759 2044 3841">
     <span class='ocr_line' id='line_1_70' title="bbox 459 3759 2044 3841; baseline -0.007 -17"><span class='ocrx_word' id='word_1_512' title='bbox 459 3787 559 3841; x_wconf 85' lang='grc' dir='ltr'><strong>νην</strong></span> <span class='ocrx_word' id='word_1_513' title='bbox 604 3770 685 3833; x_wconf 83' lang='grc' dir='ltr'><strong>είς</strong></span> <span class='ocrx_word' id='word_1_514' title='bbox 732 3765 870 3821; x_wconf 84' lang='grc' dir='ltr'>Θεοῦ</span> <span class='ocrx_word' id='word_1_515' title='bbox 924 3766 1371 3836; x_wconf 84' lang='grc' dir='ltr'>κατοικητήριον.</span> <span class='ocrx_word' id='word_1_516' title='bbox 1425 3761 1611 3816; x_wconf 81' lang='grc' dir='ltr'>Ταῦτα</span> <span class='ocrx_word' id='word_1_517' title='bbox 1661 3760 1760 3826; x_wconf 67' lang='grc' dir='ltr'><strong>τού</strong></span> <span class='ocrx_word' id='word_1_518' title='bbox 1808 3759 2044 3829; x_wconf 81' lang='grc' dir='ltr'>ἀγγέλου</span> 
     </span>
    </p>
   </div>
   <div class='ocr_carea' id='block_1_71' title="bbox 460 3853 2046 3934">
    <p class='ocr_par' dir='ltr' id='par_1_71' title="bbox 460 3853 2046 3934">
     <span class='ocr_line' id='line_1_71' title="bbox 460 3853 2046 3934; baseline -0.008 -18"><span class='ocrx_word' id='word_1_519' title='bbox 460 3861 777 3934; x_wconf 87' lang='grc' dir='ltr'>περιχαρῶς</span> <span class='ocrx_word' id='word_1_520' title='bbox 817 3857 1346 3929; x_wconf 80' lang='grc' dir='ltr'>εὐαγγελιζομένου,</span> <span class='ocrx_word' id='word_1_521' title='bbox 1380 3854 1620 3925; x_wconf 84' lang='grc' dir='ltr'>κατῆλθε</span> <span class='ocrx_word' id='word_1_522' title='bbox 1655 3854 1754 3924; x_wconf 82' lang='grc' dir='ltr'>μὲν</span> <span class='ocrx_word' id='word_1_523' title='bbox 1787 3853 2046 3923; x_wconf 69' lang='grc' dir='ltr'>ἰωακεὶμ</span> 
     </span>
    </p>
   </div>
   <div class='ocr_carea' id='block_1_72' title="bbox 458 3946 2043 4026">
    <p class='ocr_par' dir='ltr' id='par_1_72' title="bbox 458 3946 2043 4026">
     <span class='ocr_line' id='line_1_72' title="bbox 458 3946 2043 4026; baseline -0.007 -16"><span class='ocrx_word' id='word_1_524' title='bbox 458 3957 527 4010; x_wconf 68' lang='grc' dir='ltr'>ἐκ</span> <span class='ocrx_word' id='word_1_525' title='bbox 555 3954 649 4008; x_wconf 86' lang='grc' dir='ltr'>τοῦ</span> <span class='ocrx_word' id='word_1_526' title='bbox 689 3955 848 4026; x_wconf 76' lang='grc' dir='ltr'>ὅρους</span> <span class='ocrx_word' id='word_1_527' title='bbox 883 3951 1024 4023; x_wconf 80' lang='grc' dir='ltr'><strong>μετά</strong></span> <span class='ocrx_word' id='word_1_528' title='bbox 1052 3951 1228 4022; x_wconf 81' lang='grc' dir='ltr'>χαρᾶς</span> <span class='ocrx_word' id='word_1_529' title='bbox 1262 3948 1359 4004; x_wconf 70' lang='grc' dir='ltr'>καὶ</span> <span class='ocrx_word' id='word_1_530' title='bbox 1388 3947 1732 4019; x_wconf 83' lang='grc' dir='ltr'>εὐφροσύνης</span> <span class='ocrx_word' id='word_1_531' title='bbox 1773 3946 2001 4016; x_wconf 83' lang='grc' dir='ltr'>καρδίας</span> <span class='ocrx_word' id='word_1_532' title='bbox 2028 3962 2043 3977; x_wconf 88' lang='grc'><strong>·</strong></span> 
     </span>
    </p>
   </div>
   <div class='ocr_carea' id='block_1_73' title="bbox 460 4037 2047 4118">
    <p class='ocr_par' dir='ltr' id='par_1_73' title="bbox 460 4037 2047 4118">
     <span class='ocr_line' id='line_1_73' title="bbox 460 4037 2047 4118; baseline -0.006 -17"><span class='ocrx_word' id='word_1_533' title='bbox 460 4046 685 4118; x_wconf 89' lang='grc' dir='ltr'>γόνιμος</span> <span class='ocrx_word' id='word_1_534' title='bbox 736 4044 794 4100; x_wconf 73' lang='grc' dir='ltr'>δὲ</span> <span class='ocrx_word' id='word_1_535' title='bbox 839 4044 972 4116; x_wconf 82' lang='grc' dir='ltr'>παρ’</span> <span class='ocrx_word' id='word_1_536' title='bbox 993 4042 1186 4097; x_wconf 72' lang='grc' dir='ltr'>ἐλπίδα</span> <span class='ocrx_word' id='word_1_537' title='bbox 1238 4042 1273 4113; x_wconf 77' lang='grc' dir='ltr'><strong>ἡ</strong></span> <span class='ocrx_word' id='word_1_538' title='bbox 1316 4041 1568 4112; x_wconf 75' lang='grc' dir='ltr'>ἄκαρπος</span> <span class='ocrx_word' id='word_1_539' title='bbox 1615 4038 1900 4108; x_wconf 85' lang='grc' dir='ltr'>ἀνεδείχθη</span> <span class='ocrx_word' id='word_1_540' title='bbox 1945 4037 2047 4107; x_wconf 79' lang='grc' dir='ltr'>τῆς</span> 
     </span>
    </p>
   </div>
   <div class='ocr_carea' id='block_1_74' title="bbox 386 4130 2047 4210">
    <p class='ocr_par' dir='ltr' id='par_1_74' title="bbox 386 4130 2047 4210">
     <span class='ocr_line' id='line_1_74' title="bbox 386 4130 2047 4210; baseline -0.006 -18"><span class='ocrx_word' id='word_1_541' title='bbox 386 4153 392 4161; x_wconf 85' lang='grc'><em>’</em></span> <span class='ocrx_word' id='word_1_542' title='bbox 465 4141 665 4210; x_wconf 83' lang='grc' dir='ltr'>’Ἀννης</span> <span class='ocrx_word' id='word_1_543' title='bbox 700 4136 934 4210; x_wconf 80' lang='grc' dir='ltr'>γαστὴρ,</span> <span class='ocrx_word' id='word_1_544' title='bbox 967 4139 1032 4190; x_wconf 80' lang='grc' dir='ltr'>ὲκ</span> <span class='ocrx_word' id='word_1_545' title='bbox 1078 4134 1387 4205; x_wconf 84' lang='grc' dir='ltr'>θελήματος</span> <span class='ocrx_word' id='word_1_546' title='bbox 1438 4130 1641 4201; x_wconf 67' lang='grc' dir='ltr'>σαρκὸς</span> <span class='ocrx_word' id='word_1_547' title='bbox 1669 4131 1765 4184; x_wconf 71' lang='lat' dir='ltr'><strong>xal.</strong></span> <span class='ocrx_word' id='word_1_548' title='bbox 1791 4133 1857 4185; x_wconf 74' lang='grc' dir='ltr'>ἐκ</span> <span class='ocrx_word' id='word_1_549' title='bbox 1890 4130 2047 4200; x_wconf 86' lang='grc' dir='ltr'>θελή-</span> 
     </span>
    </p>
   </div>
   <div class='ocr_carea' id='block_1_75' title="bbox 465 4222 2046 4302">
    <p class='ocr_par' dir='ltr' id='par_1_75' title="bbox 465 4222 2046 4302">
     <span class='ocr_line' id='line_1_75' title="bbox 465 4222 2046 4302; baseline -0.006 -19"><span class='ocrx_word' id='word_1_550' title='bbox 465 4245 636 4298; x_wconf 88' lang='grc' dir='ltr'>ματος</span> <span class='ocrx_word' id='word_1_551' title='bbox 661 4229 878 4302; x_wconf 85' lang='grc' dir='ltr'>ἀνδρδς,</span> <span class='ocrx_word' id='word_1_552' title='bbox 911 4228 1007 4282; x_wconf 78' lang='grc' dir='ltr'><strong>καὶ</strong></span> <span class='ocrx_word' id='word_1_553' title='bbox 1034 4228 1128 4280; x_wconf 75' lang='grc' dir='ltr'>τὸν</span> <span class='ocrx_word' id='word_1_554' title='bbox 1162 4224 1353 4296; x_wconf 78' lang='grc' dir='ltr'>καιρὸν</span> <span class='ocrx_word' id='word_1_555' title='bbox 1381 4222 1482 4294; x_wconf 83' lang='grc' dir='ltr'><strong>τῆς</strong></span> <span class='ocrx_word' id='word_1_556' title='bbox 1506 4223 1925 4293; x_wconf 75' lang='grc' dir='ltr'>έννεαμηνιαίας</span> <span class='ocrx_word' id='word_1_557' title='bbox 1947 4222 2046 4276; x_wconf 86' lang='grc' dir='ltr'>αύ-</span> 
     </span>
    </p>
   </div>
   <div class='ocr_carea' id='block_1_76' title="bbox 463 4310 2045 4392">
    <p class='ocr_par' dir='ltr' id='par_1_76' title="bbox 463 4310 2045 4392">
     <span class='ocr_line' id='line_1_76' title="bbox 463 4310 2045 4392; baseline -0.006 -18"><span class='ocrx_word' id='word_1_558' title='bbox 463 4319 673 4391; x_wconf 77' lang='grc' dir='ltr'>ξήσεως</span> <span class='ocrx_word' id='word_1_559' title='bbox 705 4319 1041 4392; x_wconf 88' lang='grc' dir='ltr'>γνωρίσασα,</span> <span class='ocrx_word' id='word_1_560' title='bbox 1070 4316 1227 4370; x_wconf 72' lang='grc' dir='ltr'>ἔτεκε</span> <span class='ocrx_word' id='word_1_561' title='bbox 1271 4313 1370 4385; x_wconf 80' lang='grc' dir='ltr'>τὴν</span> <span class='ocrx_word' id='word_1_562' title='bbox 1422 4312 1803 4382; x_wconf 66' lang='grc' dir='ltr'>Μνάχραντον</span> <span class='ocrx_word' id='word_1_563' title='bbox 1831 4310 2045 4382; x_wconf 84' lang='grc' dir='ltr'>Παρθέ-</span> 
     </span>
    </p>
   </div>
   <div class='ocr_carea' id='block_1_77' title="bbox 465 4401 2045 4479">
    <p class='ocr_par' dir='ltr' id='par_1_77' title="bbox 465 4401 2045 4479">
     <span class='ocr_line' id='line_1_77' title="bbox 465 4401 2045 4479; baseline -0.006 -15"><span class='ocrx_word' id='word_1_564' title='bbox 465 4429 556 4464; x_wconf 92' lang='grc' dir='ltr'><strong>νον</strong></span> <span class='ocrx_word' id='word_1_565' title='bbox 583 4412 676 4464; x_wconf 68' lang='grc' dir='ltr'>καὶ</span> <span class='ocrx_word' id='word_1_566' title='bbox 703 4412 966 4465; x_wconf 82' lang='grc' dir='ltr'>Θεοτόκον</span> <span class='ocrx_word' id='word_1_567' title='bbox 996 4409 1218 4479; x_wconf 86' lang='grc' dir='ltr'>Μαρίαν</span> <span class='ocrx_word' id='word_1_568' title='bbox 1245 4447 1261 4474; x_wconf 88' lang='grc'><strong>,</strong></span> <span class='ocrx_word' id='word_1_569' title='bbox 1294 4405 1395 4478; x_wconf 81' lang='grc' dir='ltr'><strong>τὴν</strong></span> <span class='ocrx_word' id='word_1_570' title='bbox 1419 4403 1516 4459; x_wconf 81' lang='grc' dir='ltr'><strong>τοῦ</strong></span> <span class='ocrx_word' id='word_1_571' title='bbox 1545 4405 1752 4474; x_wconf 82' lang='grc' dir='ltr'>κόσμου</span> <span class='ocrx_word' id='word_1_572' title='bbox 1786 4401 2045 4472; x_wconf 81' lang='grc' dir='ltr'>πρόξενον</span> 
     </span>
    </p>
   </div>
   <div class='ocr_carea' id='block_1_78' title="bbox 466 4501 1803 4572">
    <p class='ocr_par' dir='ltr' id='par_1_78' title="bbox 466 4501 1803 4572">
     <span class='ocr_line' id='line_1_78' title="bbox 466 4501 1803 4572; baseline -0.004 -17"><span class='ocrx_word' id='word_1_573' title='bbox 466 4501 766 4572; x_wconf 78' lang='grc' dir='ltr'>σωτηρίας.</span> <span class='ocrx_word' id='word_1_574' title='bbox 1796 4507 1803 4511; x_wconf 83' lang='grc'><strong>’</strong></span> 
     </span>
    </p>
   </div>
   <div class='ocr_carea' id='block_1_79' title="bbox 538 4586 2043 4660">
    <p class='ocr_par' dir='ltr' id='par_1_79' title="bbox 538 4586 2043 4660">
     <span class='ocr_line' id='line_1_79' title="bbox 538 4586 2043 4660; baseline -0.006 -14"><span class='ocrx_word' id='word_1_575' title='bbox 538 4594 630 4660; x_wconf 74' lang='lat' dir='ltr'><strong>q&#39;.</strong></span> <span class='ocrx_word' id='word_1_576' title='bbox 674 4591 785 4644; x_wconf 80' lang='lat' dir='ltr'><strong>Kal.</strong></span> <span class='ocrx_word' id='word_1_577' title='bbox 846 4589 1036 4659; x_wconf 75' lang='grc' dir='ltr'>μηδεὶς</span> <span class='ocrx_word' id='word_1_578' title='bbox 1090 4587 1198 4641; x_wconf 90' lang='grc' dir='ltr'><strong>τῶν</strong></span> <span class='ocrx_word' id='word_1_579' title='bbox 1246 4588 1346 4658; x_wconf 81' lang='grc' dir='ltr'>τῆς</span> <span class='ocrx_word' id='word_1_580' title='bbox 1381 4586 1711 4658; x_wconf 84' lang='grc' dir='ltr'>Ἑκκλησίας</span> <span class='ocrx_word' id='word_1_581' title='bbox 1758 4587 2043 4656; x_wconf 84' lang='grc' dir='ltr'>τροφίμων</span> 
     </span>
    </p>
   </div>
   <div class='ocr_carea' id='block_1_80' title="bbox 2165 3402 3736 3480">
    <p class='ocr_par' dir='ltr' id='par_1_80' title="bbox 2165 3402 3736 3480">
     <span class='ocr_line' id='line_1_80' title="bbox 2165 3402 3736 3480; baseline 0.006 -23"><span class='ocrx_word' id='word_1_582' title='bbox 2165 3402 2401 3467; x_wconf 89' lang='lat' dir='ltr'><strong>Domini,</strong></span> <span class='ocrx_word' id='word_1_583' title='bbox 2427 3402 2521 3472; x_wconf 93' lang='lat' dir='ltr'><strong>qui</strong></span> <span class='ocrx_word' id='word_1_584' title='bbox 2548 3405 2911 3459; x_wconf 67' lang='lat' dir='ltr'><strong>sanctissimae</strong></span> <span class='ocrx_word' id='word_1_585' title='bbox 2943 3404 3129 3462; x_wconf 62' lang='lat' dir='ltr'><strong>Mariae</strong></span> <span class='ocrx_word' id='word_1_586' title='bbox 3157 3417 3483 3480; x_wconf 88' lang='lat' dir='ltr'><strong>conceptum</strong></span> <span class='ocrx_word' id='word_1_587' title='bbox 3515 3412 3736 3467; x_wconf 83' lang='lat' dir='ltr'><strong>nuntia-</strong></span> 
     </span>
    </p>
   </div>
   <div class='ocr_carea' id='block_1_81' title="bbox 2153 3491 3733 3571">
    <p class='ocr_par' dir='ltr' id='par_1_81' title="bbox 2153 3491 3733 3571">
     <span class='ocr_line' id='line_1_81' title="bbox 2153 3491 3733 3571; baseline 0.009 -27"><span class='ocrx_word' id='word_1_588' title='bbox 2153 3492 2254 3557; x_wconf 76' lang='lat' dir='ltr'><strong>vit,</strong></span> <span class='ocrx_word' id='word_1_589' title='bbox 2291 3491 2546 3561; x_wconf 88' lang='lat' dir='ltr'><strong>inquiens</strong></span> <span class='ocrx_word' id='word_1_590' title='bbox 2573 3510 2588 3546; x_wconf 90' lang='lat'><strong>:</strong></span> <span class='ocrx_word' id='word_1_591' title='bbox 2622 3494 2944 3551; x_wconf 86' lang='lat' dir='ltr'><strong>Altissimus</strong></span> <span class='ocrx_word' id='word_1_592' title='bbox 2973 3498 3251 3552; x_wconf 84' lang='lat' dir='ltr'><strong>exaudivit</strong></span> <span class='ocrx_word' id='word_1_593' title='bbox 3280 3514 3468 3569; x_wconf 85' lang='lat' dir='ltr'><strong>preces</strong></span> <span class='ocrx_word' id='word_1_594' title='bbox 3497 3511 3733 3571; x_wconf 88' lang='lat' dir='ltr'><strong>vestras,</strong></span> 
     </span>
    </p>
   </div>
   <div class='ocr_carea' id='block_1_82' title="bbox 2152 3584 3736 3662">
    <p class='ocr_par' dir='ltr' id='par_1_82' title="bbox 2152 3584 3736 3662">
     <span class='ocr_line' id='line_1_82' title="bbox 2152 3584 3736 3662; baseline 0.008 -23"><span class='ocrx_word' id='word_1_595' title='bbox 2152 3599 2219 3639; x_wconf 85' lang='lat' dir='ltr'><strong>ac</strong></span> <span class='ocrx_word' id='word_1_596' title='bbox 2250 3584 2400 3640; x_wconf 82' lang='lat' dir='ltr'><strong>brevi</strong></span> <span class='ocrx_word' id='word_1_597' title='bbox 2437 3584 2604 3639; x_wconf 88' lang='lat' dir='ltr'><strong>ﬁliam</strong></span> <span class='ocrx_word' id='word_1_598' title='bbox 2628 3585 2881 3655; x_wconf 85' lang='lat' dir='ltr'><strong>gignetis,</strong></span> <span class='ocrx_word' id='word_1_599' title='bbox 2910 3587 3127 3642; x_wconf 83' lang='lat' dir='ltr'><strong>beatam</strong></span> <span class='ocrx_word' id='word_1_600' title='bbox 3171 3589 3341 3656; x_wconf 88' lang='lat' dir='ltr'><strong>illam,</strong></span> <span class='ocrx_word' id='word_1_601' title='bbox 3369 3607 3491 3662; x_wconf 73' lang='lat' dir='ltr'><strong>quae</strong></span> <span class='ocrx_word' id='word_1_602' title='bbox 3515 3609 3580 3648; x_wconf 80' lang='lat' dir='ltr'><strong>ex</strong></span> <span class='ocrx_word' id='word_1_603' title='bbox 3617 3610 3736 3651; x_wconf 89' lang='lat' dir='ltr'><strong>om-</strong></span> 
     </span>
    </p>
   </div>
   <div class='ocr_carea' id='block_1_83' title="bbox 2153 3674 3736 3746">
    <p class='ocr_par' dir='ltr' id='par_1_83' title="bbox 2153 3674 3736 3746">
     <span class='ocr_line' id='line_1_83' title="bbox 2153 3674 3736 3746; baseline 0.009 -17"><span class='ocrx_word' id='word_1_604' title='bbox 2153 3674 2318 3730; x_wconf 89' lang='lat' dir='ltr'><strong>nibus</strong></span> <span class='ocrx_word' id='word_1_605' title='bbox 2362 3675 2810 3746; x_wconf 79' lang='lat' dir='ltr'><strong>generationibus</strong></span> <span class='ocrx_word' id='word_1_606' title='bbox 2867 3677 2920 3732; x_wconf 92' lang='lat' dir='ltr'><strong>in</strong></span> <span class='ocrx_word' id='word_1_607' title='bbox 2974 3676 3069 3733; x_wconf 88' lang='lat' dir='ltr'><strong>Dei</strong></span> <span class='ocrx_word' id='word_1_608' title='bbox 3120 3679 3514 3738; x_wconf 85' lang='lat' dir='ltr'><strong>habitationem</strong></span> <span class='ocrx_word' id='word_1_609' title='bbox 3563 3687 3736 3744; x_wconf 77' lang='lat' dir='ltr'><strong>electa</strong></span> 
     </span>
    </p>
   </div>
   <div class='ocr_carea' id='block_1_84' title="bbox 2153 3765 3731 3845">
    <p class='ocr_par' dir='ltr' id='par_1_84' title="bbox 2153 3765 3731 3845">
     <span class='ocr_line' id='line_1_84' title="bbox 2153 3765 3731 3845; baseline 0.006 -22"><span class='ocrx_word' id='word_1_610' title='bbox 2153 3775 2261 3824; x_wconf 88' lang='lat' dir='ltr'><strong>est.</strong></span> <span class='ocrx_word' id='word_1_611' title='bbox 2288 3765 2392 3823; x_wconf 91' lang='lat' dir='ltr'><strong>Ubi</strong></span> <span class='ocrx_word' id='word_1_612' title='bbox 2433 3768 2581 3824; x_wconf 90' lang='lat' dir='ltr'><strong>hunc</strong></span> <span class='ocrx_word' id='word_1_613' title='bbox 2628 3770 2852 3839; x_wconf 83' lang='lat' dir='ltr'><strong>angelus</strong></span> <span class='ocrx_word' id='word_1_614' title='bbox 2905 3771 3074 3826; x_wconf 88' lang='lat' dir='ltr'><strong>edidit</strong></span> <span class='ocrx_word' id='word_1_615' title='bbox 3125 3771 3418 3833; x_wconf 77' lang='lat' dir='ltr'><strong>laetissime.</strong></span> <span class='ocrx_word' id='word_1_616' title='bbox 3455 3779 3731 3845; x_wconf 89' lang='lat' dir='ltr'><strong>nuntium,</strong></span> 
     </span>
    </p>
   </div>
   <div class='ocr_carea' id='block_1_85' title="bbox 2145 3852 3734 3931">
    <p class='ocr_par' dir='ltr' id='par_1_85' title="bbox 2145 3852 3734 3931">
     <span class='ocr_line' id='line_1_85' title="bbox 2145 3852 3734 3931; baseline 0.008 -18"><span class='ocrx_word' id='word_1_617' title='bbox 2145 3852 2469 3914; x_wconf 82' lang='lat' dir='ltr'><strong>Joachimus</strong></span> <span class='ocrx_word' id='word_1_618' title='bbox 2509 3858 2757 3915; x_wconf 88' lang='lat' dir='ltr'><strong>miriﬁcis</strong></span> <span class='ocrx_word' id='word_1_619' title='bbox 2806 3861 3020 3931; x_wconf 83' lang='lat' dir='ltr'><strong>gaudiis</strong></span> <span class='ocrx_word' id='word_1_620' title='bbox 3060 3861 3298 3931; x_wconf 85' lang='lat' dir='ltr'><strong>gestiens</strong></span> <span class='ocrx_word' id='word_1_621' title='bbox 3342 3865 3627 3922; x_wconf 85' lang='lat' dir='ltr'><strong>descendit</strong></span> <span class='ocrx_word' id='word_1_622' title='bbox 3664 3870 3734 3926; x_wconf 90' lang='lat' dir='ltr'><strong>de</strong></span> 
     </span>
    </p>
   </div>
   <div class='ocr_carea' id='block_1_86' title="bbox 2149 3947 3726 4026">
    <p class='ocr_par' dir='ltr' id='par_1_86' title="bbox 2149 3947 3726 4026">
     <span class='ocr_line' id='line_1_86' title="bbox 2149 3947 3726 4026; baseline 0.009 -24"><span class='ocrx_word' id='word_1_623' title='bbox 2149 3957 2357 4013; x_wconf 88' lang='lat' dir='ltr'><strong>monte,</strong></span> <span class='ocrx_word' id='word_1_624' title='bbox 2379 3947 2537 4004; x_wconf 79' lang='lat' dir='ltr'><strong>Anna</strong></span> <span class='ocrx_word' id='word_1_625' title='bbox 2565 3964 2697 4006; x_wconf 88' lang='lat' dir='ltr'><strong>vero</strong></span> <span class='ocrx_word' id='word_1_626' title='bbox 2722 3961 2939 4007; x_wconf 90' lang='lat' dir='ltr'><strong>uterum</strong></span> <span class='ocrx_word' id='word_1_627' title='bbox 2960 3994 2976 4021; x_wconf 92' lang='lat'><strong>,</strong></span> <span class='ocrx_word' id='word_1_628' title='bbox 3020 3953 3115 4023; x_wconf 93' lang='lat' dir='ltr'><strong>qui</strong></span> <span class='ocrx_word' id='word_1_629' title='bbox 3145 3955 3351 4012; x_wconf 82' lang='lat' dir='ltr'><strong>sterilis</strong></span> <span class='ocrx_word' id='word_1_630' title='bbox 3381 3956 3560 4013; x_wconf 78' lang='lat' dir='ltr'><strong>fuerat</strong></span> <span class='ocrx_word' id='word_1_631' title='bbox 3581 4000 3596 4026; x_wconf 92' lang='lat'><strong>,</strong></span> <span class='ocrx_word' id='word_1_632' title='bbox 3638 3959 3726 4016; x_wconf 78' lang='lat' dir='ltr'><strong>fe-</strong></span> 
     </span>
    </p>
   </div>
   <div class='ocr_carea' id='block_1_87' title="bbox 2147 4039 3733 4116">
    <p class='ocr_par' dir='ltr' id='par_1_87' title="bbox 2147 4039 3733 4116">
     <span class='ocr_line' id='line_1_87' title="bbox 2147 4039 3733 4116; baseline 0.008 -20"><span class='ocrx_word' id='word_1_633' title='bbox 2147 4039 2389 4096; x_wconf 86' lang='lat' dir='ltr'><strong>cundum</strong></span> <span class='ocrx_word' id='word_1_634' title='bbox 2418 4050 2644 4111; x_wconf 80' lang='lat' dir='ltr'><strong>experta</strong></span> <span class='ocrx_word' id='word_1_635' title='bbox 2683 4052 2768 4098; x_wconf 90' lang='lat' dir='ltr'><strong>est</strong></span> <span class='ocrx_word' id='word_1_636' title='bbox 2803 4044 2878 4116; x_wconf 73' lang='lat'><strong>(2)</strong></span> <span class='ocrx_word' id='word_1_637' title='bbox 2906 4059 2974 4100; x_wconf 77' lang='lat' dir='ltr'><strong>ex</strong></span> <span class='ocrx_word' id='word_1_638' title='bbox 3022 4049 3308 4104; x_wconf 86' lang='lat' dir='ltr'><strong>voluntate</strong></span> <span class='ocrx_word' id='word_1_639' title='bbox 3340 4052 3530 4106; x_wconf 75' lang='lat' dir='ltr'><strong>carnis</strong></span> <span class='ocrx_word' id='word_1_640' title='bbox 3580 4061 3635 4108; x_wconf 88' lang='lat' dir='ltr'><strong>et</strong></span> <span class='ocrx_word' id='word_1_641' title='bbox 3662 4068 3733 4109; x_wconf 71' lang='lat' dir='ltr'><strong>ex</strong></span> 
     </span>
    </p>
   </div>
   <div class='ocr_carea' id='block_1_88' title="bbox 2147 4131 3731 4215">
    <p class='ocr_par' dir='ltr' id='par_1_88' title="bbox 2147 4131 3731 4215">
     <span class='ocr_line' id='line_1_88' title="bbox 2147 4131 3731 4215; baseline 0.008 -29"><span class='ocrx_word' id='word_1_642' title='bbox 2147 4131 2427 4189; x_wconf 88' lang='lat' dir='ltr'><strong>voluntate</strong></span> <span class='ocrx_word' id='word_1_643' title='bbox 2478 4133 2581 4187; x_wconf 89' lang='lat' dir='ltr'><strong>viri</strong></span> <span class='ocrx_word' id='word_1_644' title='bbox 2601 4149 2623 4215; x_wconf 19' lang='lat'><strong>;.</strong></span> <span class='ocrx_word' id='word_1_645' title='bbox 2670 4143 2783 4190; x_wconf 91' lang='lat' dir='ltr'><strong>tum</strong></span> <span class='ocrx_word' id='word_1_646' title='bbox 2822 4137 3040 4205; x_wconf 87' lang='lat' dir='ltr'><strong>cognita</strong></span> <span class='ocrx_word' id='word_1_647' title='bbox 3088 4148 3213 4209; x_wconf 89' lang='lat' dir='ltr'><strong>post</strong></span> <span class='ocrx_word' id='word_1_648' title='bbox 3267 4155 3463 4195; x_wconf 90' lang='lat' dir='ltr'><strong>novem</strong></span> <span class='ocrx_word' id='word_1_649' title='bbox 3512 4157 3731 4199; x_wconf 90' lang='lat' dir='ltr'><strong>menses</strong></span> 
     </span>
    </p>
   </div>
   <div class='ocr_carea' id='block_1_89' title="bbox 2149 4227 3733 4305">
    <p class='ocr_par' dir='ltr' id='par_1_89' title="bbox 2149 4227 3733 4305">
     <span class='ocr_line' id='line_1_89' title="bbox 2149 4227 3733 4305; baseline 0.009 -26"><span class='ocrx_word' id='word_1_650' title='bbox 2149 4227 2465 4281; x_wconf 82' lang='lat' dir='ltr'><strong>maturitate</strong></span> <span class='ocrx_word' id='word_1_651' title='bbox 2489 4236 2699 4296; x_wconf 86' lang='lat' dir='ltr'><strong>partus,</strong></span> <span class='ocrx_word' id='word_1_652' title='bbox 2733 4229 2924 4300; x_wconf 89' lang='lat' dir='ltr'><strong>genuit</strong></span> <span class='ocrx_word' id='word_1_653' title='bbox 2963 4231 3338 4287; x_wconf 74' lang='lat' dir='ltr'><strong>intemeratum</strong></span> <span class='ocrx_word' id='word_1_654' title='bbox 3369 4232 3649 4305; x_wconf 81' lang='lat' dir='ltr'><strong>Virginem</strong></span> <span class='ocrx_word' id='word_1_655' title='bbox 3675 4246 3733 4294; x_wconf 90' lang='lat' dir='ltr'><strong>et</strong></span> 
     </span>
    </p>
   </div>
   <div class='ocr_carea' id='block_1_90' title="bbox 2149 4315 3725 4388">
    <p class='ocr_par' dir='ltr' id='par_1_90' title="bbox 2149 4315 3725 4388">
     <span class='ocr_line' id='line_1_90' title="bbox 2149 4315 3725 4388; baseline 0.01 -19"><span class='ocrx_word' id='word_1_656' title='bbox 2149 4315 2242 4371; x_wconf 87' lang='lat' dir='ltr'><strong>Dei</strong></span> <span class='ocrx_word' id='word_1_657' title='bbox 2286 4316 2514 4373; x_wconf 82' lang='lat' dir='ltr'><strong>Matrem</strong></span> <span class='ocrx_word' id='word_1_658' title='bbox 2568 4318 2795 4375; x_wconf 85' lang='lat' dir='ltr'><strong>Mariam</strong></span> <span class='ocrx_word' id='word_1_659' title='bbox 2844 4323 3039 4377; x_wconf 88' lang='lat' dir='ltr'><strong>salutis</strong></span> <span class='ocrx_word' id='word_1_660' title='bbox 3092 4326 3407 4381; x_wconf 85' lang='lat' dir='ltr'><strong>mortalium</strong></span> <span class='ocrx_word' id='word_1_661' title='bbox 3464 4330 3725 4388; x_wconf 80' lang='lat' dir='ltr'><strong>concilia-</strong></span> 
     </span>
    </p>
   </div>
   <div class='ocr_carea' id='block_1_91' title="bbox 2150 4409 2365 4463">
    <p class='ocr_par' dir='ltr' id='par_1_91' title="bbox 2150 4409 2365 4463">
     <span class='ocr_line' id='line_1_91' title="bbox 2150 4409 2365 4463; baseline 0.005 -1"><span class='ocrx_word' id='word_1_662' title='bbox 2150 4409 2365 4463; x_wconf 86' lang='lat' dir='ltr'><strong>tricem.</strong></span> 
     </span>
    </p>
   </div>
   <div class='ocr_carea' id='block_1_92' title="bbox 2223 4587 3733 4671">
    <p class='ocr_par' dir='ltr' id='par_1_92' title="bbox 2223 4587 3733 4671">
     <span class='ocr_line' id='line_1_92' title="bbox 2223 4587 3733 4671; baseline 0.009 -28"><span class='ocrx_word' id='word_1_663' title='bbox 2223 4587 2309 4646; x_wconf 84' lang='lat' dir='ltr'><strong>Vl.</strong></span> <span class='ocrx_word' id='word_1_664' title='bbox 2337 4589 2458 4646; x_wconf 83' lang='lat' dir='ltr'><strong>Jam</strong></span> <span class='ocrx_word' id='word_1_665' title='bbox 2500 4592 2826 4647; x_wconf 86' lang='lat' dir='ltr'><strong>sententiam</strong></span> <span class='ocrx_word' id='word_1_666' title='bbox 2880 4593 3030 4648; x_wconf 87' lang='lat' dir='ltr'><strong>illam</strong></span> <span class='ocrx_word' id='word_1_667' title='bbox 3083 4597 3350 4665; x_wconf 90' lang='lat' dir='ltr'><strong>spuriam,</strong></span> <span class='ocrx_word' id='word_1_668' title='bbox 3388 4615 3510 4669; x_wconf 63' lang='lat' dir='ltr'><strong>quae</strong></span> <span class='ocrx_word' id='word_1_669' title='bbox 3548 4601 3733 4671; x_wconf 86' lang='lat' dir='ltr'><strong>perhi-</strong></span> 
     </span>
    </p>
   </div>
   <div class='ocr_carea' id='block_1_93' title="bbox 468 4655 2044 4762">
    <p class='ocr_par' dir='ltr' id='par_1_93' title="bbox 468 4655 2044 4752">
     <span class='ocr_line' id='line_1_93' title="bbox 468 4655 2044 4752; baseline -0.008 -10"><span class='ocrx_word' id='word_1_670' title='bbox 468 4655 653 4742; x_wconf 76' lang='grc' dir='ltr'>τοῦτον</span> <span class='ocrx_word' id='word_1_671' title='bbox 682 4655 984 4752; x_wconf 66' lang='grc' dir='ltr'>εἰσδέξηται</span> <span class='ocrx_word' id='word_1_672' title='bbox 1014 4682 1109 4736; x_wconf 82' lang='grc' dir='ltr'>τὸν</span> <span class='ocrx_word' id='word_1_673' title='bbox 1139 4655 1318 4750; x_wconf 78' lang='grc' dir='ltr'>λόγον,</span> <span class='ocrx_word' id='word_1_674' title='bbox 1350 4655 1742 4741; x_wconf 80' lang='grc' dir='ltr'>ύποὸἀλλοντα,</span> <span class='ocrx_word' id='word_1_675' title='bbox 1769 4655 1845 4742; x_wconf 77' lang='grc' dir='ltr'>ὥς</span> <span class='ocrx_word' id='word_1_676' title='bbox 1874 4655 2044 4731; x_wconf 61' lang='grc' dir='ltr'>ἑπτα-</span> 
     </span>
    </p>
   </div>
   <div class='ocr_carea' id='block_1_94' title="bbox 2147 4655 3729 4762">
    <p class='ocr_par' dir='ltr' id='par_1_94' title="bbox 2152 4655 3729 4762">
     <span class='ocr_line' id='line_1_94' title="bbox 2152 4655 3729 4762; baseline 0.008 -27"><span class='ocrx_word' id='word_1_677' title='bbox 2152 4681 2240 4736; x_wconf 77' lang='lat' dir='ltr'><strong>bet</strong></span> <span class='ocrx_word' id='word_1_678' title='bbox 2266 4682 2498 4751; x_wconf 89' lang='lat' dir='ltr'><strong>septimo</strong></span> <span class='ocrx_word' id='word_1_679' title='bbox 2526 4697 2717 4739; x_wconf 88' lang='lat' dir='ltr'><strong>mense</strong></span> <span class='ocrx_word' id='word_1_680' title='bbox 2744 4694 2868 4753; x_wconf 88' lang='lat' dir='ltr'><strong>post</strong></span> <span class='ocrx_word' id='word_1_681' title='bbox 2888 4655 3214 4757; x_wconf 66' lang='lat' dir='ltr'><strong>conceptum</strong></span> <span class='ocrx_word' id='word_1_682' title='bbox 3251 4655 3422 4744; x_wconf 75' lang='lat' dir='ltr'><strong>fuisse</strong></span> <span class='ocrx_word' id='word_1_683' title='bbox 3452 4655 3729 4762; x_wconf 70' lang='lat' dir='ltr'><strong>Virginem</strong></span> 
     </span>
    </p>
   </div>
   <div class='ocr_carea' id='block_1_95' title="bbox 469 4769 2048 4850">
    <p class='ocr_par' dir='ltr' id='par_1_95' title="bbox 469 4769 2048 4850">
     <span class='ocr_line' id='line_1_95' title="bbox 469 4769 2048 4850; baseline -0.008 -17"><span class='ocrx_word' id='word_1_684' title='bbox 469 4777 698 4850; x_wconf 83' lang='grc' dir='ltr'>μηνιαία</span> <span class='ocrx_word' id='word_1_685' title='bbox 738 4777 774 4847; x_wconf 87' lang='grc' dir='ltr'><strong>ή</strong></span> <span class='ocrx_word' id='word_1_686' title='bbox 820 4773 1104 4846; x_wconf 85' lang='grc' dir='ltr'>Παρθένος</span> <span class='ocrx_word' id='word_1_687' title='bbox 1141 4772 1361 4844; x_wconf 71' lang='grc' dir='ltr'>ἐτέχθη.</span> <span class='ocrx_word' id='word_1_688' title='bbox 1394 4770 1506 4826; x_wconf 75' lang='grc' dir='ltr'><strong>Καὶ</strong></span> <span class='ocrx_word' id='word_1_689' title='bbox 1534 4771 1643 4843; x_wconf 87' lang='grc' dir='ltr'><strong>γὰρ</strong></span> <span class='ocrx_word' id='word_1_690' title='bbox 1673 4769 1901 4833; x_wconf 77' lang='grc' dir='ltr'>πολλοὺς</span> <span class='ocrx_word' id='word_1_691' title='bbox 1940 4769 2048 4822; x_wconf 87' lang='grc' dir='ltr'><strong>τῶν</strong></span> 
     </span>
    </p>
   </div>
   <div class='ocr_carea' id='block_1_96' title="bbox 465 4857 2049 4938">
    <p class='ocr_par' dir='ltr' id='par_1_96' title="bbox 465 4857 2049 4938">
     <span class='ocr_line' id='line_1_96' title="bbox 465 4857 2049 4938; baseline -0.008 -15"><span class='ocrx_word' id='word_1_692' title='bbox 465 4869 718 4938; x_wconf 85' lang='grc' dir='ltr'>ἀφρόνων</span> <span class='ocrx_word' id='word_1_693' title='bbox 742 4863 916 4918; x_wconf 82' lang='grc' dir='ltr'>ταῦτα</span> <span class='ocrx_word' id='word_1_694' title='bbox 947 4860 1386 4932; x_wconf 80' lang='grc' dir='ltr'>φιλονεικοῦντας</span> <span class='ocrx_word' id='word_1_695' title='bbox 1413 4861 1650 4932; x_wconf 72' lang='grc' dir='ltr'>ἀκήκοα,</span> <span class='ocrx_word' id='word_1_696' title='bbox 1681 4858 1775 4923; x_wconf 83' lang='grc' dir='ltr'><strong>οὒς</strong></span> <span class='ocrx_word' id='word_1_697' title='bbox 1803 4857 1914 4926; x_wconf 74' lang='grc' dir='ltr'><strong>ἐγὼ</strong></span> <span class='ocrx_word' id='word_1_698' title='bbox 1937 4857 2049 4911; x_wconf 88' lang='grc' dir='ltr'><strong>τῶν</strong></span> 
     </span>
    </p>
   </div>
   <div class='ocr_carea' id='block_1_97' title="bbox 465 4947 2047 5027">
    <p class='ocr_par' dir='ltr' id='par_1_97' title="bbox 465 4947 2047 5027">
     <span class='ocr_line' id='line_1_97' title="bbox 465 4947 2047 5027; baseline -0.008 -15"><span class='ocrx_word' id='word_1_699' title='bbox 465 4957 710 5011; x_wconf 86' lang='grc' dir='ltr'>ἀπίστων</span> <span class='ocrx_word' id='word_1_700' title='bbox 751 4954 970 5027; x_wconf 81' lang='grc' dir='ltr'>χείρους</span> <span class='ocrx_word' id='word_1_701' title='bbox 1014 4947 1155 5005; x_wconf 71' lang='grc' dir='ltr'>εἶναι</span> <span class='ocrx_word' id='word_1_702' title='bbox 1183 4950 1344 5005; x_wconf 87' lang='grc' dir='ltr'>δοκῶ.</span> <span class='ocrx_word' id='word_1_703' title='bbox 1385 4948 1573 5003; x_wconf 78' lang='grc' dir='ltr'>Ταῦτα</span> <span class='ocrx_word' id='word_1_704' title='bbox 1617 4947 1726 5021; x_wconf 81' lang='grc' dir='ltr'><strong>γὰρ</strong></span> <span class='ocrx_word' id='word_1_705' title='bbox 1755 4949 2047 5019; x_wconf 74' lang='grc' dir='ltr'>αίρετικῦν</span> 
     </span>
    </p>
   </div>
   <div class='ocr_carea' id='block_1_98' title="bbox 464 5040 2044 5118">
    <p class='ocr_par' dir='ltr' id='par_1_98' title="bbox 464 5040 2044 5118">
     <span class='ocr_line' id='line_1_98' title="bbox 464 5040 2044 5118; baseline -0.008 -16"><span class='ocrx_word' id='word_1_706' title='bbox 464 5050 603 5102; x_wconf 73' lang='grc' dir='ltr'>εἰσιν</span> <span class='ocrx_word' id='word_1_707' title='bbox 643 5045 1036 5118; x_wconf 82' lang='grc' dir='ltr'>ὲφευρήματα·</span> <span class='ocrx_word' id='word_1_708' title='bbox 1065 5040 1241 5096; x_wconf 79' lang='grc' dir='ltr'>ταῦτα</span> <span class='ocrx_word' id='word_1_709' title='bbox 1272 5043 1374 5112; x_wconf 82' lang='grc' dir='ltr'>τῆς</span> <span class='ocrx_word' id='word_1_710' title='bbox 1413 5040 1736 5112; x_wconf 85' lang='grc' dir='ltr'>Ἐκκλησίας</span> <span class='ocrx_word' id='word_1_711' title='bbox 1768 5040 2044 5103; x_wconf 83' lang='grc' dir='ltr'>ἀντίθετα,</span> 
     </span>
    </p>
   </div>
   <div class='ocr_carea' id='block_1_99' title="bbox 464 5127 2041 5208">
    <p class='ocr_par' dir='ltr' id='par_1_99' title="bbox 464 5127 2041 5208">
     <span class='ocr_line' id='line_1_99' title="bbox 464 5127 2041 5208; baseline -0.005 -18"><span class='ocrx_word' id='word_1_712' title='bbox 464 5137 574 5190; x_wconf 83' lang='grc' dir='ltr'><strong>τῶν</strong></span> <span class='ocrx_word' id='word_1_713' title='bbox 606 5135 902 5208; x_wconf 81' lang='grc' dir='ltr'>ὁρθοδόξων</span> <span class='ocrx_word' id='word_1_714' title='bbox 935 5132 1195 5205; x_wconf 77' lang='grc' dir='ltr'>ἀλλότρια</span> <span class='ocrx_word' id='word_1_715' title='bbox 1221 5148 1234 5163; x_wconf 75' lang='grc' dir='ltr'>ο</span> <span class='ocrx_word' id='word_1_716' title='bbox 1263 5134 1297 5202; x_wconf 83' lang='grc' dir='ltr'><strong>ή</strong></span> <span class='ocrx_word' id='word_1_717' title='bbox 1328 5131 1438 5201; x_wconf 79' lang='grc' dir='ltr'>γὰρ</span> <span class='ocrx_word' id='word_1_718' title='bbox 1473 5127 1749 5200; x_wconf 85' lang='grc' dir='ltr'>Παρθένος</span> <span class='ocrx_word' id='word_1_719' title='bbox 1775 5131 1869 5183; x_wconf 76' lang='grc' dir='ltr'>καὶ</span> <span class='ocrx_word' id='word_1_720' title='bbox 1913 5129 2041 5182; x_wconf 82' lang='grc' dir='ltr'>θεό-</span> 
     </span>
    </p>
   </div>
   <div class='ocr_carea' id='block_1_100' title="bbox 465 5218 2051 5299">
    <p class='ocr_par' dir='ltr' id='par_1_100' title="bbox 465 5218 2051 5299">
     <span class='ocr_line' id='line_1_100' title="bbox 465 5218 2051 5299; baseline -0.006 -19"><span class='ocrx_word' id='word_1_721' title='bbox 465 5243 607 5293; x_wconf 71' lang='grc' dir='ltr'>παις</span> <span class='ocrx_word' id='word_1_722' title='bbox 641 5227 827 5299; x_wconf 84' lang='grc' dir='ltr'>Μαρία</span> <span class='ocrx_word' id='word_1_723' title='bbox 852 5226 1057 5280; x_wconf 83' lang='grc' dir='ltr'>τέλειον</span> <span class='ocrx_word' id='word_1_724' title='bbox 1084 5222 1177 5275; x_wconf 81' lang='grc' dir='ltr'>τὸν</span> <span class='ocrx_word' id='word_1_725' title='bbox 1208 5222 1402 5292; x_wconf 84' lang='grc' dir='ltr'>χρόνον</span> <span class='ocrx_word' id='word_1_726' title='bbox 1433 5220 1542 5273; x_wconf 86' lang='grc' dir='ltr'><strong>τῶν</strong></span> <span class='ocrx_word' id='word_1_727' title='bbox 1570 5219 1728 5272; x_wconf 71' lang='grc' dir='ltr'>ἐννέα</span> <span class='ocrx_word' id='word_1_728' title='bbox 1762 5218 1951 5289; x_wconf 88' lang='grc' dir='ltr'>μηνῶν</span> <span class='ocrx_word' id='word_1_729' title='bbox 1992 5220 2051 5271; x_wconf 84' lang='grc' dir='ltr'><strong>έν</strong></span> 
     </span>
    </p>
   </div>
   <div class='ocr_carea' id='block_1_101' title="bbox 465 5311 2050 5391">
    <p class='ocr_par' dir='ltr' id='par_1_101' title="bbox 465 5311 2050 5391">
     <span class='ocr_line' id='line_1_101' title="bbox 465 5311 2050 5391; baseline -0.004 -20"><span class='ocrx_word' id='word_1_730' title='bbox 465 5322 531 5391; x_wconf 79' lang='grc' dir='ltr'>τῇ</span> <span class='ocrx_word' id='word_1_731' title='bbox 569 5320 671 5390; x_wconf 80' lang='grc' dir='ltr'>τῆς</span> <span class='ocrx_word' id='word_1_732' title='bbox 694 5320 895 5389; x_wconf 75' lang='grc' dir='ltr'>Ἀννης</span> <span class='ocrx_word' id='word_1_733' title='bbox 942 5315 1122 5388; x_wconf 56' lang='grc' dir='ltr'><strong>κοιλίᾳ⁵</strong></span> <span class='ocrx_word' id='word_1_734' title='bbox 1172 5312 1501 5381; x_wconf 73' lang='grc' dir='ltr'>ἐξετέλεσεν,</span> <span class='ocrx_word' id='word_1_735' title='bbox 1531 5311 1605 5375; x_wconf 82' lang='grc' dir='ltr'>ὡς</span> <span class='ocrx_word' id='word_1_736' title='bbox 1635 5314 1668 5383; x_wconf 80' lang='grc' dir='ltr'>ἠ</span> <span class='ocrx_word' id='word_1_737' title='bbox 1699 5312 1860 5381; x_wconf 89' lang='grc' dir='ltr'>φύσις</span> <span class='ocrx_word' id='word_1_738' title='bbox 1890 5314 1922 5383; x_wconf 84' lang='grc' dir='ltr'><strong>ή</strong></span> <span class='ocrx_word' id='word_1_739' title='bbox 1952 5314 2050 5365; x_wconf 88' lang='grc' dir='ltr'>ἀν-</span> 
     </span>
    </p>
   </div>
   <div class='ocr_carea' id='block_1_102' title="bbox 467 5403 2049 5482">
    <p class='ocr_par' dir='ltr' id='par_1_102' title="bbox 467 5403 2049 5482">
     <span class='ocr_line' id='line_1_102' title="bbox 467 5403 2049 5482; baseline -0.004 -18"><span class='ocrx_word' id='word_1_740' title='bbox 467 5411 716 5482; x_wconf 83' lang='grc' dir='ltr'>θρωπίνη</span> <span class='ocrx_word' id='word_1_741' title='bbox 762 5411 916 5480; x_wconf 86' lang='grc' dir='ltr'>δηλοῖ</span> <span class='ocrx_word' id='word_1_742' title='bbox 935 5427 948 5440; x_wconf 75' lang='grc' dir='ltr'>ο</span> <span class='ocrx_word' id='word_1_743' title='bbox 976 5407 1111 5462; x_wconf 81' lang='grc' dir='ltr'><strong>ἀλλά</strong></span> <span class='ocrx_word' id='word_1_744' title='bbox 1139 5406 1251 5460; x_wconf 86' lang='grc' dir='ltr'><strong>τῶν</strong></span> <span class='ocrx_word' id='word_1_745' title='bbox 1287 5405 1538 5475; x_wconf 76' lang='grc' dir='ltr'>ἀφρόνων</span> <span class='ocrx_word' id='word_1_746' title='bbox 1568 5405 1636 5457; x_wconf 86' lang='grc' dir='ltr'><strong>τά</strong></span> <span class='ocrx_word' id='word_1_747' title='bbox 1665 5403 1913 5474; x_wconf 84' lang='grc' dir='ltr'>στόματα</span> <span class='ocrx_word' id='word_1_748' title='bbox 1945 5424 2049 5474; x_wconf 86' lang='grc' dir='ltr'>μη-</span> 
     </span>
    </p>
   </div>
   <div class='ocr_carea' id='block_1_103' title="bbox 465 5494 2050 5573">
    <p class='ocr_par' dir='ltr' id='par_1_103' title="bbox 465 5494 2050 5573">
     <span class='ocr_line' id='line_1_103' title="bbox 465 5494 2050 5573; baseline -0.004 -17"><span class='ocrx_word' id='word_1_749' title='bbox 465 5503 592 5558; x_wconf 86' lang='grc' dir='ltr'>δένα</span> <span class='ocrx_word' id='word_1_750' title='bbox 627 5503 815 5573; x_wconf 89' lang='grc' dir='ltr'>μῶμον</span> <span class='ocrx_word' id='word_1_751' title='bbox 842 5501 977 5572; x_wconf 83' lang='grc' dir='ltr'>πρὸς</span> <span class='ocrx_word' id='word_1_752' title='bbox 1000 5500 1099 5570; x_wconf 83' lang='grc' dir='ltr'>τὴν</span> <span class='ocrx_word' id='word_1_753' title='bbox 1130 5498 1362 5569; x_wconf 82' lang='grc' dir='ltr'>ἄμωμον</span> <span class='ocrx_word' id='word_1_754' title='bbox 1400 5497 1583 5567; x_wconf 80' lang='grc' dir='ltr'>εὑρεῖν</span> <span class='ocrx_word' id='word_1_755' title='bbox 1610 5494 1904 5565; x_wconf 78' lang='grc' dir='ltr'>δυνάμενα,</span> <span class='ocrx_word' id='word_1_756' title='bbox 1928 5496 2050 5549; x_wconf 78' lang='grc' dir='ltr'><strong>τοῦ-</strong></span> 
     </span>
    </p>
   </div>
   <div class='ocr_carea' id='block_1_104' title="bbox 2149 4771 3726 4848">
    <p class='ocr_par' dir='ltr' id='par_1_104' title="bbox 2149 4771 3726 4848">
     <span class='ocr_line' id='line_1_104' title="bbox 2149 4771 3726 4848; baseline 0.01 -26"><span class='ocrx_word' id='word_1_757' title='bbox 2149 4771 2408 4839; x_wconf 80' lang='lat' dir='ltr'><strong>genitam,</strong></span> <span class='ocrx_word' id='word_1_758' title='bbox 2445 4786 2604 4826; x_wconf 90' lang='lat' dir='ltr'><strong>nemo</strong></span> <span class='ocrx_word' id='word_1_759' title='bbox 2652 4771 2705 4826; x_wconf 92' lang='lat' dir='ltr'><strong>in</strong></span> <span class='ocrx_word' id='word_1_760' title='bbox 2757 4773 3005 4831; x_wconf 77' lang='lat' dir='ltr'><strong>Ecclesia</strong></span> <span class='ocrx_word' id='word_1_761' title='bbox 3046 4774 3346 4834; x_wconf 91' lang='lat' dir='ltr'><strong>innutritus</strong></span> <span class='ocrx_word' id='word_1_762' title='bbox 3394 4781 3726 4848; x_wconf 83' lang='lat' dir='ltr'><strong>probaverit.</strong></span> 
     </span>
    </p>
   </div>
   <div class='ocr_carea' id='block_1_105' title="bbox 2151 4859 3728 4941">
    <p class='ocr_par' dir='ltr' id='par_1_105' title="bbox 2151 4859 3728 4941">
     <span class='ocr_line' id='line_1_105' title="bbox 2151 4859 3728 4941; baseline 0.01 -28"><span class='ocrx_word' id='word_1_763' title='bbox 2151 4859 2348 4916; x_wconf 82' lang='lat' dir='ltr'><strong>Multos</strong></span> <span class='ocrx_word' id='word_1_764' title='bbox 2378 4862 2523 4915; x_wconf 90' lang='lat' dir='ltr'><strong>enim</strong></span> <span class='ocrx_word' id='word_1_765' title='bbox 2558 4860 2742 4927; x_wconf 77' lang='lat' dir='ltr'><strong>fatuos</strong></span> <span class='ocrx_word' id='word_1_766' title='bbox 2771 4864 2954 4920; x_wconf 89' lang='lat' dir='ltr'><strong>audivi</strong></span> <span class='ocrx_word' id='word_1_767' title='bbox 2980 4865 3048 4921; x_wconf 83' lang='lat' dir='ltr'><strong>de</strong></span> <span class='ocrx_word' id='word_1_768' title='bbox 3069 4867 3174 4922; x_wconf 85' lang='lat' dir='ltr'><strong>hac</strong></span> <span class='ocrx_word' id='word_1_769' title='bbox 3214 4884 3275 4924; x_wconf 91' lang='lat' dir='ltr'><strong>re</strong></span> <span class='ocrx_word' id='word_1_770' title='bbox 3310 4874 3728 4941; x_wconf 74' lang='lat' dir='ltr'><strong>contendentes,</strong></span> 
     </span>
    </p>
   </div>
   <div class='ocr_carea' id='block_1_106' title="bbox 2150 4953 3728 5024">
    <p class='ocr_par' dir='ltr' id='par_1_106' title="bbox 2150 4953 3728 5024">
     <span class='ocr_line' id='line_1_106' title="bbox 2150 4953 3728 5024; baseline 0.01 -18"><span class='ocrx_word' id='word_1_771' title='bbox 2150 4966 2288 5019; x_wconf 89' lang='lat' dir='ltr'><strong>quos</strong></span> <span class='ocrx_word' id='word_1_772' title='bbox 2304 4965 2407 5023; x_wconf 87' lang='lat' dir='ltr'><strong>ego</strong></span> <span class='ocrx_word' id='word_1_773' title='bbox 2442 4953 2631 5023; x_wconf 85' lang='lat' dir='ltr'><strong>judico</strong></span> <span class='ocrx_word' id='word_1_774' title='bbox 2670 4953 2984 5012; x_wconf 84' lang='lat' dir='ltr'><strong>inﬁdelibus</strong></span> <span class='ocrx_word' id='word_1_775' title='bbox 3020 4959 3336 5024; x_wconf 88' lang='lat' dir='ltr'><strong>deteriores,</strong></span> <span class='ocrx_word' id='word_1_776' title='bbox 3390 4977 3515 5017; x_wconf 85' lang='lat' dir='ltr'><strong>cum</strong></span> <span class='ocrx_word' id='word_1_777' title='bbox 3553 4968 3728 5022; x_wconf 70' lang='lat' dir='ltr'><strong>haere—</strong></span> 
     </span>
    </p>
   </div>
   <div class='ocr_carea' id='block_1_107' title="bbox 2152 5044 3732 5117">
    <p class='ocr_par' dir='ltr' id='par_1_107' title="bbox 2152 5044 3732 5117">
     <span class='ocr_line' id='line_1_107' title="bbox 2152 5044 3732 5117; baseline 0.011 -20"><span class='ocrx_word' id='word_1_778' title='bbox 2152 5044 2385 5098; x_wconf 84' lang='lat' dir='ltr'><strong>ticorum</strong></span> <span class='ocrx_word' id='word_1_779' title='bbox 2411 5047 2632 5116; x_wconf 90' lang='lat' dir='ltr'><strong>propria</strong></span> <span class='ocrx_word' id='word_1_780' title='bbox 2665 5046 2775 5100; x_wconf 89' lang='lat' dir='ltr'><strong>sint</strong></span> <span class='ocrx_word' id='word_1_781' title='bbox 2808 5049 3079 5117; x_wconf 81' lang='lat' dir='ltr'><strong>ejusmodi</strong></span> <span class='ocrx_word' id='word_1_782' title='bbox 3109 5050 3348 5108; x_wconf 88' lang='lat' dir='ltr'><strong>inventa.</strong></span> <span class='ocrx_word' id='word_1_783' title='bbox 3396 5052 3522 5111; x_wconf 41' lang='lat' dir='ltr'><strong>l‘lmc</strong></span> <span class='ocrx_word' id='word_1_784' title='bbox 3548 5056 3732 5114; x_wconf 78' lang='lat' dir='ltr'><strong>Eccle-</strong></span> 
     </span>
    </p>
   </div>
   <div class='ocr_carea' id='block_1_108' title="bbox 2152 5134 3727 5217">
    <p class='ocr_par' dir='ltr' id='par_1_108' title="bbox 2152 5134 3727 5217">
     <span class='ocr_line' id='line_1_108' title="bbox 2152 5134 3727 5217; baseline 0.009 -28"><span class='ocrx_word' id='word_1_785' title='bbox 2152 5134 2252 5190; x_wconf 69' lang='lat' dir='ltr'><strong>siae</strong></span> <span class='ocrx_word' id='word_1_786' title='bbox 2285 5135 2512 5192; x_wconf 87' lang='lat' dir='ltr'><strong>adversa</strong></span> <span class='ocrx_word' id='word_1_787' title='bbox 2546 5146 2696 5202; x_wconf 90' lang='lat' dir='ltr'><strong>sunt,</strong></span> <span class='ocrx_word' id='word_1_788' title='bbox 2726 5153 2756 5192; x_wconf 92' lang='lat' dir='ltr'><strong>a</strong></span> <span class='ocrx_word' id='word_1_789' title='bbox 2783 5148 2930 5194; x_wconf 87' lang='lat' dir='ltr'><strong>recte</strong></span> <span class='ocrx_word' id='word_1_790' title='bbox 2953 5142 3318 5200; x_wconf 88' lang='lat' dir='ltr'><strong>sentientibus</strong></span> <span class='ocrx_word' id='word_1_791' title='bbox 3341 5148 3503 5217; x_wconf 87' lang='lat' dir='ltr'><strong>plane</strong></span> <span class='ocrx_word' id='word_1_792' title='bbox 3529 5150 3727 5205; x_wconf 77' lang='lat' dir='ltr'><strong>aliena.</strong></span> 
     </span>
    </p>
   </div>
   <div class='ocr_carea' id='block_1_109' title="bbox 2150 5221 3730 5295">
    <p class='ocr_par' dir='ltr' id='par_1_109' title="bbox 2150 5221 3730 5295">
     <span class='ocr_line' id='line_1_109' title="bbox 2150 5221 3730 5295; baseline 0.011 -19"><span class='ocrx_word' id='word_1_793' title='bbox 2150 5221 2314 5295; x_wconf 84' lang='lat' dir='ltr'><strong>Virgo</strong></span> <span class='ocrx_word' id='word_1_794' title='bbox 2336 5224 2481 5279; x_wconf 91' lang='lat' dir='ltr'><strong>enim</strong></span> <span class='ocrx_word' id='word_1_795' title='bbox 2502 5240 2568 5280; x_wconf 89' lang='lat' dir='ltr'><strong>ac</strong></span> <span class='ocrx_word' id='word_1_796' title='bbox 2589 5225 2689 5280; x_wconf 87' lang='lat' dir='ltr'><strong>Dei</strong></span> <span class='ocrx_word' id='word_1_797' title='bbox 2710 5227 2825 5295; x_wconf 81' lang='lat' dir='ltr'><strong>ﬁlia</strong></span> <span class='ocrx_word' id='word_1_798' title='bbox 2853 5226 3019 5283; x_wconf 86' lang='lat' dir='ltr'><strong>Maria</strong></span> <span class='ocrx_word' id='word_1_799' title='bbox 3048 5239 3323 5289; x_wconf 77' lang='lat' dir='ltr'><strong>maturum</strong></span> <span class='ocrx_word' id='word_1_800' title='bbox 3348 5251 3540 5291; x_wconf 86' lang='lat' dir='ltr'><strong>novem</strong></span> <span class='ocrx_word' id='word_1_801' title='bbox 3573 5254 3730 5293; x_wconf 88' lang='lat' dir='ltr'><strong>men-</strong></span> 
     </span>
    </p>
   </div>
   <div class='ocr_carea' id='block_1_110' title="bbox 2148 5315 3731 5399">
    <p class='ocr_par' dir='ltr' id='par_1_110' title="bbox 2148 5315 3731 5399">
     <span class='ocr_line' id='line_1_110' title="bbox 2148 5315 3731 5399; baseline 0.011 -31"><span class='ocrx_word' id='word_1_802' title='bbox 2148 5315 2288 5370; x_wconf 87' lang='lat' dir='ltr'><strong>sium</strong></span> <span class='ocrx_word' id='word_1_803' title='bbox 2318 5317 2553 5387; x_wconf 85' lang='lat' dir='ltr'><strong>spatium</strong></span> <span class='ocrx_word' id='word_1_804' title='bbox 2602 5317 2656 5372; x_wconf 90' lang='lat' dir='ltr'><strong>in</strong></span> <span class='ocrx_word' id='word_1_805' title='bbox 2694 5318 2816 5373; x_wconf 87' lang='lat' dir='ltr'><strong>alvo</strong></span> <span class='ocrx_word' id='word_1_806' title='bbox 2849 5322 3040 5377; x_wconf 88' lang='lat' dir='ltr'><strong>matris</strong></span> <span class='ocrx_word' id='word_1_807' title='bbox 3092 5325 3346 5390; x_wconf 85' lang='lat' dir='ltr'><strong>absolvit,</strong></span> <span class='ocrx_word' id='word_1_808' title='bbox 3382 5337 3445 5382; x_wconf 88' lang='lat' dir='ltr'><strong>ut</strong></span> <span class='ocrx_word' id='word_1_809' title='bbox 3491 5332 3731 5399; x_wconf 80' lang='lat' dir='ltr'><strong>postulat</strong></span> 
     </span>
    </p>
   </div>
   <div class='ocr_carea' id='block_1_111' title="bbox 2150 5407 3726 5489">
    <p class='ocr_par' dir='ltr' id='par_1_111' title="bbox 2150 5407 3726 5489">
     <span class='ocr_line' id='line_1_111' title="bbox 2150 5407 3726 5489; baseline 0.011 -29"><span class='ocrx_word' id='word_1_810' title='bbox 2150 5407 2387 5463; x_wconf 85' lang='lat' dir='ltr'><strong>humana</strong></span> <span class='ocrx_word' id='word_1_811' title='bbox 2424 5418 2641 5464; x_wconf 81' lang='lat' dir='ltr'><strong>natura.</strong></span> <span class='ocrx_word' id='word_1_812' title='bbox 2669 5409 2870 5466; x_wconf 78' lang='lat' dir='ltr'><strong>Verum</strong></span> <span class='ocrx_word' id='word_1_813' title='bbox 2903 5415 3194 5470; x_wconf 87' lang='lat' dir='ltr'><strong>stultorum</strong></span> <span class='ocrx_word' id='word_1_814' title='bbox 3224 5433 3343 5486; x_wconf 89' lang='lat' dir='ltr'><strong>ora,</strong></span> <span class='ocrx_word' id='word_1_815' title='bbox 3368 5436 3490 5489; x_wconf 72' lang='lat' dir='ltr'><strong>qua:</strong></span> <span class='ocrx_word' id='word_1_816' title='bbox 3522 5425 3726 5478; x_wconf 83' lang='lat' dir='ltr'><strong>nullam</strong></span> 
     </span>
    </p>
   </div>
   <div class='ocr_carea' id='block_1_112' title="bbox 2149 5500 3728 5583">
    <p class='ocr_par' dir='ltr' id='par_1_112' title="bbox 2149 5500 3728 5583">
     <span class='ocr_line' id='line_1_112' title="bbox 2149 5500 3728 5583; baseline 0.012 -32"><span class='ocrx_word' id='word_1_817' title='bbox 2149 5500 2323 5583; x_wconf 76' lang='lat' dir='ltr'><strong>labent</strong></span> <span class='ocrx_word' id='word_1_818' title='bbox 2368 5501 2420 5555; x_wconf 88' lang='lat' dir='ltr'><strong>in</strong></span> <span class='ocrx_word' id='word_1_819' title='bbox 2456 5502 2664 5558; x_wconf 77' lang='lat' dir='ltr'><strong>illibata</strong></span> <span class='ocrx_word' id='word_1_820' title='bbox 2692 5505 2767 5575; x_wconf 60' lang='lat' dir='ltr'><strong>t5)</strong></span> <span class='ocrx_word' id='word_1_821' title='bbox 2790 5507 3067 5575; x_wconf 89' lang='lat' dir='ltr'><strong>potuerint</strong></span> <span class='ocrx_word' id='word_1_822' title='bbox 3095 5508 3362 5572; x_wconf 89' lang='lat' dir='ltr'><strong>invenire,</strong></span> <span class='ocrx_word' id='word_1_823' title='bbox 3395 5517 3728 5570; x_wconf 82' lang='lat' dir='ltr'><strong>sententiam</strong></span> 
     </span>
    </p>
   </div>
   <div class='ocr_carea' id='block_1_113' title="bbox 533 5614 2044 5691">
    <p class='ocr_par' dir='ltr' id='par_1_113' title="bbox 533 5614 1965 5685">
     <span class='ocr_line' id='line_1_113' title="bbox 533 5614 1965 5685; baseline -0.003 -10"><span class='ocrx_word' id='word_1_824' title='bbox 533 5621 558 5655; x_wconf 82' lang='grc'><em>³</em></span> <span class='ocrx_word' id='word_1_825' title='bbox 592 5622 727 5677; x_wconf 68' lang='grc' dir='ltr'>[λιιι.</span> <span class='ocrx_word' id='word_1_826' title='bbox 758 5636 843 5685; x_wconf 90' lang='grc' dir='ltr'>ιιι,</span> <span class='ocrx_word' id='word_1_827' title='bbox 878 5620 968 5675; x_wconf 82' lang='lat'><strong>55.</strong></span> <span class='ocrx_word' id='word_1_828' title='bbox 1045 5622 1065 5651; x_wconf 77' lang='grc'><strong>⁸³</strong></span> <span class='ocrx_word' id='word_1_829' title='bbox 1091 5618 1226 5673; x_wconf 91' lang='lat' dir='ltr'><strong>Dan.</strong></span> <span class='ocrx_word' id='word_1_830' title='bbox 1263 5634 1358 5682; x_wconf 89' lang='lat' dir='ltr'><strong>vn,</strong></span> <span class='ocrx_word' id='word_1_831' title='bbox 1392 5617 1478 5669; x_wconf 83' lang='lat' dir='ltr'><strong>lO.</strong></span> <span class='ocrx_word' id='word_1_832' title='bbox 1556 5616 1597 5647; x_wconf 81' lang='grc'><strong>¹⁰</strong></span> <span class='ocrx_word' id='word_1_833' title='bbox 1624 5615 1760 5669; x_wconf 90' lang='lat' dir='ltr'><strong>Gen.</strong></span> <span class='ocrx_word' id='word_1_834' title='bbox 1784 5630 1840 5677; x_wconf 81' lang='lat' dir='ltr'><strong>tt.</strong></span> <span class='ocrx_word' id='word_1_835' title='bbox 1878 5614 1965 5670; x_wconf 77' lang='grc'><strong>18.</strong></span> 
     </span>
    </p>
   </div>
   <div class='ocr_carea' id='block_1_114' title="bbox 2147 5614 3089 5691">
    <p class='ocr_par' dir='ltr' id='par_1_114' title="bbox 2147 5618 3089 5691">
     <span class='ocr_line' id='line_1_114' title="bbox 2147 5618 3089 5691; baseline 0.013 -20"><span class='ocrx_word' id='word_1_836' title='bbox 2147 5618 2257 5674; x_wconf 73' lang='lat' dir='ltr'><strong>ien.</strong></span> <span class='ocrx_word' id='word_1_837' title='bbox 2283 5637 2365 5685; x_wconf 86' lang='lat' dir='ltr'><strong>nt,</strong></span> <span class='ocrx_word' id='word_1_838' title='bbox 2395 5621 2486 5678; x_wconf 73' lang='grc' dir='ltr'>ει.</span> <span class='ocrx_word' id='word_1_839' title='bbox 2567 5625 2610 5658; x_wconf 76' lang='grc'><strong><em>⁸³</em></strong></span> <span class='ocrx_word' id='word_1_840' title='bbox 2639 5624 2877 5682; x_wconf 86' lang='lat' dir='ltr'><strong>Baruch.</strong></span> <span class='ocrx_word' id='word_1_841' title='bbox 2909 5642 2969 5691; x_wconf 88' lang='grc' dir='ltr'><strong>ιι,</strong></span> <span class='ocrx_word' id='word_1_842' title='bbox 3005 5627 3089 5683; x_wconf 71' lang='lat' dir='ltr'><strong>iii.</strong></span> 
     </span>
    </p>
   </div>
   <div class='ocr_carea' id='block_1_115' title="bbox 539 5736 1597 5810">
    <p class='ocr_par' dir='ltr' id='par_1_115' title="bbox 539 5736 1597 5810">
     <span class='ocr_line' id='line_1_115' title="bbox 539 5736 1597 5810; baseline -0.008 -15"><span class='ocrx_word' id='word_1_843' title='bbox 539 5739 615 5810; x_wconf 70' lang='lat'><strong>(2)</strong></span> <span class='ocrx_word' id='word_1_844' title='bbox 653 5737 961 5810; x_wconf 72' lang='lat' dir='ltr'><strong>Stipplenda</strong></span> <span class='ocrx_word' id='word_1_845' title='bbox 991 5736 1079 5791; x_wconf 89' lang='lat' dir='ltr'><strong>hic</strong></span> <span class='ocrx_word' id='word_1_846' title='bbox 1107 5736 1323 5810; x_wconf 71' lang='lat' dir='ltr'><strong>negatio</strong></span> <span class='ocrx_word' id='word_1_847' title='bbox 1362 5736 1597 5810; x_wconf 71' lang='lat' dir='ltr'><strong>t&#39;i.lei_ttr.</strong></span> 
     </span>
    </p>
   </div>
   <div class='ocr_carea' id='block_1_116' title="bbox 2168 5742 3732 5826">
    <p class='ocr_par' dir='ltr' id='par_1_116' title="bbox 2168 5742 3732 5826">
     <span class='ocr_line' id='line_1_116' title="bbox 2168 5742 3732 5826; baseline 0.015 -35"><span class='ocrx_word' id='word_1_848' title='bbox 2168 5748 2221 5826; x_wconf 76' lang='lat' dir='ltr'><strong>et</strong></span> <span class='ocrx_word' id='word_1_849' title='bbox 2253 5742 2515 5826; x_wconf 66' lang='lat' dir='ltr'><strong>nanti-alis</strong></span> <span class='ocrx_word' id='word_1_850' title='bbox 2544 5742 2790 5826; x_wconf 74' lang='lat' dir='ltr'><strong>delectus</strong></span> <span class='ocrx_word' id='word_1_851' title='bbox 2811 5747 3178 5815; x_wconf 77' lang='lat' dir='ltr'><strong>suspicionem</strong></span> <span class='ocrx_word' id='word_1_852' title='bbox 3214 5765 3242 5803; x_wconf 89' lang='lat' dir='ltr'><strong>a</strong></span> <span class='ocrx_word' id='word_1_853' title='bbox 3274 5750 3426 5805; x_wconf 82' lang='lat' dir='ltr'><strong>beata</strong></span> <span class='ocrx_word' id='word_1_854' title='bbox 3515 5752 3732 5826; x_wconf 74' lang='lat' dir='ltr'><strong>Virgine</strong></span> 
     </span>
    </p>
   </div>
   <div class='ocr_carea' id='block_1_117' title="bbox 532 5801 2961 5880">
    <p class='ocr_par' dir='ltr' id='par_1_117' title="bbox 532 5801 2961 5880">
     <span class='ocr_line' id='line_1_117' title="bbox 532 5801 2961 5880; baseline -0.003 -17"><span class='ocrx_word' id='word_1_855' title='bbox 532 5801 609 5880; x_wconf 47' lang='lat'><strong>(‘35</strong></span> <span class='ocrx_word' id='word_1_856' title='bbox 669 5801 796 5861; x_wconf 76' lang='lat' dir='ltr'><strong>Vide</strong></span> <span class='ocrx_word' id='word_1_857' title='bbox 842 5817 1042 5880; x_wconf 75' lang='lat' dir='ltr'><strong>quanta</strong></span> <span class='ocrx_word' id='word_1_858' title='bbox 1098 5805 1384 5880; x_wconf 83' lang='lat' dir='ltr'><strong>sedulitate</strong></span> <span class='ocrx_word' id='word_1_859' title='bbox 1437 5805 1560 5880; x_wconf 13' lang='lat' dir='ltr'><strong>SS.‘</strong></span> <span class='ocrx_word' id='word_1_860' title='bbox 1603 5801 1792 5880; x_wconf 72' lang='lat' dir='ltr'><strong>Patres</strong></span> <span class='ocrx_word' id='word_1_861' title='bbox 1812 5819 2055 5880; x_wconf 39' lang='lat' dir='ltr'><strong>“onmem</strong></span> <span class='ocrx_word' id='word_1_862' title='bbox 2169 5811 2591 5880; x_wconf 72' lang='lat' dir='ltr'><strong>propulsandam</strong></span> <span class='ocrx_word' id='word_1_863' title='bbox 2626 5801 2961 5872; x_wconf 65' lang='grc' dir='ltr'><strong>οχίειίηηηζε,</strong></span> 
     </span>
    </p>
   </div>
   <div class='ocr_carea' id='block_1_118' title="bbox 471 5873 2058 5945">
    <p class='ocr_par' dir='ltr' id='par_1_118' title="bbox 471 5873 2058 5945">
     <span class='ocr_line' id='line_1_118' title="bbox 471 5873 2058 5945; baseline -0.003 -12"><span class='ocrx_word' id='word_1_864' title='bbox 471 5873 778 5934; x_wconf 70' lang='grc' dir='ltr'>ῐιοηίιιοάο</span> <span class='ocrx_word' id='word_1_865' title='bbox 808 5873 1010 5945; x_wconf 83' lang='lat' dir='ltr'><strong>peccati</strong></span> <span class='ocrx_word' id='word_1_866' title='bbox 1043 5877 1450 5943; x_wconf 73' lang='lat' dir='ltr'><strong>maculaqune</strong></span> <span class='ocrx_word' id='word_1_867' title='bbox 1478 5876 1715 5929; x_wconf 79' lang='lat' dir='ltr'><strong>annnam</strong></span> <span class='ocrx_word' id='word_1_868' title='bbox 1747 5873 1937 5940; x_wconf 86' lang='lat' dir='ltr'><strong>inlicit,</strong></span> <span class='ocrx_word' id='word_1_869' title='bbox 1965 5877 2058 5929; x_wconf 86' lang='lat' dir='ltr'><strong>sed</strong></span> 
     </span>
    </p>
   </div>
   <div class='ocr_carea' id='block_1_119' title="bbox 3696 5960 3745 5976">
    <p class='ocr_par' dir='ltr' id='par_1_119' title="bbox 3696 5960 3745 5976">
     <span class='ocr_line' id='line_1_119' title="bbox 3696 5960 3745 5976; baseline 0 -2"><span class='ocrx_word' id='word_1_870' title='bbox 3696 5960 3745 5976; x_wconf 71' lang='grc' dir='ltr'><em>,Ι</em></span> 
     </span>
    </p>
   </div>
  </div>
