4090 6286
473 373 606 442 1489

1379 374 1461 437 IN
1504 374 1606 438 SS.
1655 374 2006 437 DEIPARAE
2057 372 2786 436 PRIESENTATIONEM'.

3577 374 3728 435 1490'

469 493 571 544 τῶν
617 489 976 560 γεννητόρων,
1021 489 1232 558 βοῶσαο
1271 489 1436 560 Δέχου
1487 491 1589 559 τὴν
1652 489 1876 560 σεμνὴν,
1938 489 2036 558 τὴν

2144 503 2264 558 gum
2323 503 2420 558 par
2452 487 2760 541 lzetantibus
2791 485 2950 540 labiis
2983 492 3147 555 atque
3181 484 3291 540 oris
3345 485 3715 540 exsultatione

469 581 762 650 ἀμίαντον·
790 579 970 649 δέχου,
1003 579 1172 650 ἱερεῦ,
1228 581 1326 652 τὴν
1390 579 1724 651 ἀκηλίδωτον
1791 580 2038 634 παστάδα

465 672 557 725 τοῦ
584 668 757 740 Λόγου
785 687 802 704 ·
835 669 1016 742 δέχου,
1081 673 1356 743 προφῆτα,
1413 673 1474 726 τὸ
1523 671 1906 744 θυμιατήριον⁴
1943 671 2036 726 τοῦ

469 762 634 816 ἀῦλου
667 761 879 831 φωτός⁶
912 763 1088 834 δέχου,
1115 763 1310 828 δίκαιε,
1345 763 1406 816 τὸ
1473 763 1831 834 πυρίμορφονε
1881 764 2037 836 ἆρμα

464 849 559 908 τοῦ
607 854 864 924 Ὑψίστου
888 871 902 885 ⁸
933 855 1111 926 δέχου,
1151 855 1428 926 ἄμεμπτε,
1471 853 1570 926 τὴν
1595 854 1803 926 ὡραίαν
1855 855 2038 926 ἀμπε-

465 943 577 1011 λον,
611 943 734 1016 ἥτις
767 945 1063 1016 βλαστήσει
1087 943 1180 999 τδν
1211 945 1438 1010 ἀείζωον
1470 945 1666 1018 βότρυν
1694 961 1709 976 °
1777 945 2038 1015 εἰσάγαγε

465 1037 638 1107 αὐτὴν
673 1037 753 1101 είς
779 1037 849 1090 τά
872 1037 1126 1092 ὲνδὸτατα
1155 1037 1250 1090 τοῦ
1283 1037 1413 1092 ναοῦ
1453 1037 1658 1107 Κυρίου
1687 1053 1704 1069 ο
1763 1037 2040 1109 πρόσφερε

465 1129 636 1199 αὐτὴν
667 1131 748 1192 είς
779 1127 942 1182 τόπον
975 1129 1334 1198 ἀγιάσματος,
1365 1127 1814 1196 ὅκατειργάσατο
1837 1128 2041 1197 δ”Υψι-

469 1234 593 1282 στος
651 1219 732 1280 είς
761 1219 958 1273 ἑαυτοῦ
1013 1221 1428 1286 κατασκήνωσιν
1453 1233 1470 1248 ⁸
1539 1219 1782 1288 ἀνάγαγε
1836 1219 2040 1293 ταύτην

467 1311 550 1373 εἰς
577 1310 647 1364 τὰ
671 1309 858 1377 ἄδυτα,
885 1311 977 1364 τὸν
1007 1310 1238 1381 ἀόρατον
1272 1312 1332 1364 ὲν
1365 1310 1546 1382 κοιλίᾳ
1571 1310 1861 1382 βαστάζειν
1889 1314 2041 1366 ἐπει-

469 1395 745 1467 γομένηνο
779 1397 1082 1468 μακάρισον
1109 1397 1276 1468 αδτὴν
1304 1399 1403 1470 τὴν
1471 1387 1778 1471 μακαρίους
1833 1401 2041 1464 πάντας

471 1485 695 1555 βροτοὺς
723 1486 1074 1552 ἀναδείξασαν
1105 1505 1121 1522 ·
1168 1489 1468 1560 μεγάλυνον
1519 1490 1744 1556 ταύτην,
1806 1490 1904 1562 τὴν
1935 1490 2043 1544 τῶν

471 1576 886 1650 μεγαλουργιιῖω
917 1579 1051 1634 Θεοῦ
1085 1581 1491 1652 ἀναδειχθεῖσαν
1512 1581 1690 1653 βίϐλον
1717 1583 2040 1655 θεόγραφον·

469 1666 704 1720 ἀνάλαϐε
733 1667 958 1739 ταύτην,
987 1671 1084 1741 τῆς
1113 1673 1176 1722 ὲκ
1203 1671 1306 1739 τῆς
1349 1672 1693 1744 προμήτορος
1719 1669 1862 1736 Elia;
1909 1687 2045 1726 κατ-

469 1757 609 1828 ἀρας
663 1759 811 1830 ἡμᾶς
865 1761 1290 1826 ἀπαλλάξασαν·
1344 1762 1584 1816 ἄσπασαι
1657 1761 1883 1834 ταύτην,
1943 1761 2043 1834 τὴν

471 1848 607 1918 πρὸς
637 1849 729 1902 τὸν
755 1849 886 1903 Θεὸν
938 1851 1316 1924 φιλανθρωπίᾳ
1351 1853 1499 1924 ἡμᾶς
1553 1851 1911 1924 συνδήσασαν,
1944 1852 2040 1907 καὶ

468 1939 569 2010 τὴν
597 1939 796 2012 ἔχθραν
821 1941 915 1996 τοῦ
945 1941 1122 2012 ὄφεως
1159 1943 1238 2012 τῷ
1265 1944 1437 2013 αὐτῆς
1468 1943 1614 2014 τόκῳ
1663 1945 1998 1999 καθελοῦσαν
2021 1961 2036 1977 ·

469 2029 764 2098 ἀγκάλισαι
800 2029 988 2104 αὐτὴν,
1019 2034 1118 2104 τὴν
1144 2031 1207 2100 ἐξ
1235 2033 1492 2103 ἀγκαλῶν
1535 2035 1630 2088 τοῦ
1657 2033 1834 2105 ὅφεως
1890 2037 2040 2106 ἡμᾶς

465 2123 869 2194 ἀφαρπάσασαν
901 2141 918 2157 ο
948 2126 1326 2196 προφητευσον
1355 2127 1487 2198 mp!
1514 2127 1742 2198 ταύτην,
1800 2127 1900 2198 τὴν
1931 2127 2040 2182 τῶν

465 2217 760 2284 προφητῶν
791 2215 1200 2288 ἀναδειχθεῐσαν
1233 2218 1538 2290 πλήρωσιν,
1572 2218 1668 2272 καὶ
1697 2219 1796 2288 τῆς
1857 2223 2037 2289 ἐπαγ-

469 2305 655 2373 γελίας
683 2303 818 2360 Θεοῦ
845 2307 980 2378 πρὸς
1010 2307 1332 2378 ἀνθρώπους
1368 2309 1844 2378 ἀνακεφαλαίωσιν
1869 2326 1884 2342 ο
1939 2312 2040 2383 τὴν

466 2397 744 2468 τράπεζαν
774 2397 869 2452 τοῦ
907 2397 1051 2452 θείου
1087 2399 1279 2471 ἄρτου,
1316 2399 1412 2453 τδν
1439 2397 1582 2454 οῐνον
1636 2400 1728 2454 τὸν
1765 2401 2036 2473 εὐφρόσυ-

467 2505 576 2553 νον,
627 2488 726 2562 τὴν
756 2491 962 2562 τροφὴν
987 2490 1084 2562 τὴν
1113 2489 1409 2562 ἀδάπανον,
1443 2491 1544 2562 τὴν
1571 2491 1906 2564 περιστερὰν
1939 2492 2040 2566 τὴν

468 2580 752 2652 ἀκεραίαν,
782 2582 873 2636 τὸν
905 2575 1133 2654 οὖρανὸν
1161 2581 1252 2636 τδν
1281 2581 1545 2654 ἔμψυχον,
1589 2583 1688 2656 τὴν
1723 2583 2038 2656 πολύφωτον

467 2672 708 2745 λυχνίαν,
737 2675 835 2743 τὴν
862 2674 1244 2745 πολυῢμνητον
1304 2675 1546 2747 νύμφην,
1600 2677 1701 2748 τὴν
1753 2677 2038 2733 πολύαινον

469 2765 703 2847 μητέρα,
736 2763 836 2835 τὴν
865 2764 1212 2820 θεοπότιστον
1243 2766 1447 2834 ἐλαίαν,
1477 2768 1538 2820 τὸ
1565 2767 1706 2822 θεῖον
1731 2767 1828 2840 ὅχη
1839 2785 1914 2840 μα
1939 2770 2040 2842 τῆς

465 2852 566 2906 τοῦ
613 2850 872 2925 Ὑψίστου
919 2855 1254 2927 οἰκονομίας,
1287 2857 1386 2926 τὴν
1443 2858 1649 2930 σκηνὴν
1693 2859 1791 2930 τὴν
1850 2859 2036 2929 ἁγίαν,

442 2938 566 3016 ,τὴν
620 2939 845 3010 λυχνίαν
898 2940 998 3011 τὴν
1049 2941 1459 3014 θεοχάλκευτον,
1516 2945 1614 3016 τὴν
1669 2946 1885 3017 ἀμνάδα
1934 2949 2038 3020 τὴν

468 3028 712 3099 λογικὴν,
745 3029 806 3084 τδ
861 3031 1167 3102 ἱλαστήριον
1192 3033 1286 3087 τοῦ
1330 3033 1486 3100 Θεοῦ,
1515 3033 1576 3088 τὸ
1634 3035 1920 3107 κειμήλιον
1977 3036 2040 3093 τὸ

469 3116 698 3184 ἔνδοξον,
733 3117 831 3189 τὴν
859 3119 1139 3188 σάλπιγγα
1167 3122 1266 3192 τὴν
1291 3120 1510 3193 εῦηχον,
1539 3121 1600 3176 τὸ
1629 3123 1772 3178 πῖον
1793 3123 1919 3194 ὄρος
1941 3124 2036 3179 καὶ
2061 3158 2106 3220 c

471 3213 894 3280 τετυρωμένον,
923 3211 1012 3266 τὸν
1043 3211 1185 3267 θεῖον
1212 3213 1400 3280 πόκον,
1420 3213 1525 3284 τὴν
1565 3213 1855 3287 θεόόρυτον
1887 3216 2039 3288 νεφέ-

469 3300 587 3371 λην,
619 3299 718 3372 τὴν
741 3303 893 3356 πόλιν
915 3303 1012 3374 τὴν
1035 3303 1250 3376 ἔντιμον
1275 3345 1290 3370 ,
1315 3305 1375 3359 τὸ
1407 3307 1596 3378 νοητὸν
1623 3309 2040 3380 καταπέτασμα,

471 3393 561 3445 τὸν
621 3391 968 3458 θεολάξευτον
996 3392 1209 3466 λύχνον,
1254 3395 1354 3468 τὴν
1377 3396 1624 3468 κλίμακα
1651 3397 1720 3449 δι’
1741 3393 1810 3470 ἦς
1835 3401 1862 3451 ὁ
1909 3399 2044 3452 Κτί-

473 3497 605 3552 στης
647 3487 760 3548 τοῖς
795 3485 1006 3556 βροτοῖς
1032 3487 1351 3558 ὀφθήσεται,
1383 3487 1482 3556 τὴν
1519 3486 1708 3558 κλίνην
1731 3488 1832 3560 τὴν
1859 3489 2042 3556 ἁγίαν,

469 3574 530 3625 τὸ
575 3573 782 3643 δοχεῖον
846 3575 946 3643 τῆς
996 3575 1383 3644 χρηστότητος,
1445 3574 1545 3646 τὴν
1593 3575 1702 3628 τῶν
1753 3575 2044 3648 θαυμάτων

470 3663 726 3728 ἄϐυσσον,
755 3665 856 3734 τὴν
895 3665 1080 3736 πηγὴν
1107 3664 1216 3719 τῶν
1243 3665 1483 3734 ἀγαθῶν,
1526 3665 1620 3720 τὸν
1647 3667 1846 3722 ἄσυλον
1877 3667 2044 3721 πλοῦ-

469 3769 582 3820 τον,
621 3754 720 3824 τὴν
753 3754 1098 3825 πολυώνυμον
1146 3756 1241 3810 καὶ
1269 3757 1655 3811 πολυποίκιλον
1679 3743 1791 3812 ’καὶ
1813 3759 2046 3831 ἀειπαρ-

472 3845 623 3899 θένον
656 3846 938 3900 Θεοτόκον.
969 3845 1190 3919 Ταύτην
1214 3847 1477 3917 εἰσάγαγε
1504 3849 1584 3912 είς
1615 3849 1686 3904 τὰ
1710 3849 1880 3919 Ἀγια
1936 3849 2046 3904 τῶν

476 3938 668 4006 ἀγίων,
701 3936 927 4008 ταύτην
953 3939 1271 4010 προσάγαγε
1325 3939 1404 4010 τῷ
1454 3940 1688 4010 βασιλεῖ,
1746 3941 1820 4005 ὼς
1876 3941 2048 4014 δῶρον

480 4029 796 4101 πολύτιμον,
825 4031 1024 4099 ταύτην
1045 4031 1257 4084 αἰνεσον
1280 4030 1356 4096 ὡς
1395 4031 1641 4102 βασιλίδα
1664 4032 1766 4102 τῆς
1793 4033 2044 4100 κτίσεως,

475 4119 681 4190 ταύτην
725 4121 1066 4192 εὐτρέπισον,
1107 4121 1184 4185 ὡς
1211 4123 1472 4176 παλάτιον
1501 4122 1596 4175 τοῦ
1639 4123 2045 4190 παντάνακτος,

472 4211 678 4282 ταύτην
707 4212 1095 4282 ὑμνολόγησον,
1128 4213 1228 4284 τὴν
1259 4213 1449 4268 πασῶν
1472 4213 1582 4265 τῶν
1636 4213 1918 4284 παρθένων
1942 4214 2048 4283 φύ-

471 4303 614 4357 λακα
646 4304 844 4359 ἄσυλον
865 4321 878 4334 ⁸
910 4304 1116 4376 ταύτην
1163 4305 1590 4376 κατασκήνωσον
1625 4305 1704 4368 είς
1737 4305 1864 4357 ναὸν
1923 4323 2042 4375 χει-

475 4394 760 4465 ροποίητον
783 4395 881 4465 τὴν
914 4395 1216 4467 γενομένην
1253 4395 1379 4448 ναὸν
1435 4395 1678 4466 ἔμψυχον
1732 4395 1824 4449 τοῦ
1873 4397 2046 4464 Λόγου

477 4485 654 4537 πάντα
667 4502 902 4556 τεκτηνα
911 4487 1072 4554 μένου
1080 4527 1094 4539 .

545 4575 620 4628 Θθ.
655 4571 818 4630 Abeat
845 4577 938 4628 τοῦ
979 4576 1236 4646 Ἰωακεὶμ
1255 4578 1348 4630 καὶ
1401 4577 1500 4648 τῆς
1555 4579 1755 4647 Ἀννης
1823 4579 1878 4631 αἱ
1907 4594 2044 4650 χαρ-

479 4669 698 4738 μονικαὶ
723 4667 1022 4736 δοξολογίαι
1050 4685 1064 4699 ·
1099 4662 1262 4722 αὗται
1283 4670 1382 4740 τῆς
1425 4669 1774 4740 εὐχαριστίας
1804 4673 1860 4725 αί
1891 4672 2050 4743 ὑμνο-

473 4759 692 4828 λογικαὶ
723 4757 1005 4829 θεηγορίαι
1047 4775 1061 4789 °
1091 4754 1250 4812 αὗται
1281 4760 1418 4830 πρὸς
1463 4761 1554 4814 τὸν
1607 4763 1893 4833 προφήτην
1945 4765 2048 4818 Ζα-

479 4851 760 4921 χαρίανάί
787 4849 1256 4920 παρρησιαστικαὶ
1281 4851 1582 4921 μαρτυρίαι
1613 4867 1626 4879 ·
1656 4851 1778 4906 ὅθεν
1803 4853 1831 4905 ὁ
1865 4853 2044 4924 ἱερεὺς

475 4943 552 5008 ὡς
585 4945 868 5012 προφήτης
899 4939 1054 5006 Θεοῦ,
1082 4942 1174 4994 καὶ
1205 4941 1274 4994 τὰ
1299 4941 1409 4994 τῶν
1441 4941 1612 5010 ἁγίων
1639 4943 1804 5012 Ἀγια
1827 4945 1886 4997 ὲν
1917 4943 2048 5016 μεθ-

475 5036 585 5101 έξει
607 5034 742 5086 Θεοῦ
791 5030 1060 5097 καθελὼν,
1088 5031 1234 5102 ὁρῶν
1275 5032 1376 5102 τῆς
1409 5033 1689 5103 Παρθένου
1731 5033 1828 5087 τοῦ
1857 5034 2043 5107 ὄμμα-

476 5143 566 5191 τος
593 5125 693 5195 τὴν
743 5124 1028 5194 καλλονὴν,
1093 5123 1189 5176 τοῦ
1241 5123 1536 5194 προσώπου
1575 5124 1636 5177 τὸ
1683 5113 1904 5198 ὡραῖον,
1947 5130 2048 5200 τῆς

475 5217 722 5290 γλώττης
751 5217 848 5289 τὴν
886 5216 1113 5281 αῖνεσιν,
1145 5215 1245 5284 τῆς
1284 5214 1464 5286 ψυχῆς
1493 5217 1592 5288 τὴν
1621 5217 1921 5286 εὐγένειαν,
1953 5219 2047 5276 τοῦ

478 5309 594 5379 βίου
627 5308 690 5360 τὸ
714 5309 1023 5378 ἄμεμπτον,
1076 5307 1186 5360 τῶν
1220 5306 1399 5359 ποδῶν
1429 5308 1488 5360 τὸ
1527 5306 1785 5379 βάδισμα,
1823 5310 1922 5382 τὴν
1947 5329 2046 5364 κα-

477 5399 738 5468 ταστολὴν
775 5401 867 5452 τοῦ
900 5399 1084 5472 ἤθους,
1133 5399 1226 5452 τοῦ
1267 5401 1542 5469 σχήματος
1563 5401 1662 5470 τὴν
1690 5401 2044 5470 εὐπρέπειαν,

477 5489 794 5560 Πνεῦματος
859 5491 1012 5558 ἁγίου
1089 5489 1369 5560 πλησθεὶς,
1426 5487 1710 5561 ἐξεϐόησεν
1742 5507 1757 5522 ο
1789 5489 1861 5544 Ὦ
1911 5493 2048 5562 κόρη

477 5583 708 5650 ἀμιαντε
729 5597 744 5610 ·
774 5575 819 5634 ὦ
843 5580 1079 5651 παρθένε
1117 5579 1396 5650 ἀμόλυντε.
1418 5597 1430 5609 ’
1481 5575 1526 5633 ὦ
1547 5583 1728 5644 νεᾶνις
1759 5583 2010 5651 πάγκαλε
2032 5600 2046 5615 ’

476 5668 522 5728 ὦ
555 5672 826 5742 γυναικῶν
853 5671 1131 5742 ἀγλάϊσμα
1157 5688 1170 5701 ⁸
1208 5665 1253 5725 ὦ
1283 5671 1596 5743 θυγατέρων
1639 5673 2002 5746 καλλὼπισμα
2029 5694 2040 5706 ·

553 5837 597 5870 ⁸⁸
645 5837 788 5892 Psal.
825 5852 990 5904 van,
1017 5837 1068 5894 7.

2137 580 2439 650 appellabat
2487 578 2766 632 clamans:
2797 577 3018 648 Accipe,
3077 593 3111 632 ο
3139 575 3424 642 Zacharia,
3463 589 3713 632 sanctam

2139 663 2548 719 immaculatam
2581 665 2830 731 ;accipe,
2865 664 3149 726 sacerdos,
3169 665 3550 719 intemeratum
3587 663 3718 718 Ver-

2137 753 2199 808 bi.
2248 755 2581 820 thalamum;
2611 756 2816 824 accipe,
2854 770 2888 808 ο
2913 756 3196 824 propheta,
3237 756 3576 810 thuribulum
3632 757 3716 809 lu-

2138 843 2216 898 cis
2245 845 2312 899 ab
2366 849 2512 898 omni
2581 846 2812 901 materia
2873 857 3134 913 secretae;
3193 849 3400 917 accipe,
3464 864 3497 903 ο
3540 850 3712 917 juste,

2140 935 2369 1006 ignitum
2422 951 2642 991 currum
2704 934 2991 992 Altissinii.
3064 939 3281 1009 Accipe,
3337 953 3372 993 ο
3419 939 3712 1008 inculpate,

2138 1025 2384 1080 ﬂoridam
2423 1027 2604 1092 vitem,
2641 1043 2762 1098 quat
2783 1042 3058 1082 racemum
3083 1037 3298 1082 aeterna;
3328 1029 3449 1082 ViL’B
3487 1028 3708 1093 eﬂ'eret;

2141 1119 2442 1173 intromitte
2467 1120 2611 1172 illaut
2647 1120 2700 1172 in
2736 1120 2959 1174 intimos
2984 1133 3228 1190 recessus
3259 1121 3440 1189 templi
3473 1119 3710 1186 Domini;

2142 1209 2282 1263 infer
2309 1210 2452 1264 illam
2505 1211 2556 1262 in
2594 1211 2772 1264 locum
2821 1211 3144 1274 sanctuarii,
3199 1211 3343 1280 quod
3399 1211 3714 1267 Altissimus

2142 1302 2194 1354 in
2224 1303 2306 1356 sui
2336 1301 2675 1355 domicilium
2707 1302 2936 1357 secrevit
2969 1317 2981 1366 ;
3018 1287 3261 1356 inducite
3307 1303 3448 1358 hanc
3475 1304 3530 1356 in
3587 1319 3715 1358 san-

2142 1391 2386 1447 ctissima
2419 1393 2742 1462 penetralia,
2784 1408 2905 1462 qua:
2936 1408 3059 1447 mox
3107 1393 3160 1447 in
3199 1403 3352 1449 utero
3373 1410 3495 1448 eum
3533 1405 3715 1464 porta-

2141 1484 2240 1547 bit,
2271 1483 2364 1554 qui
2414 1484 2586 1539 oculis
2649 1485 2798 1538 cerni
2843 1499 2948 1538 non
3001 1493 3210 1554 potest;
3275 1485 3485 1539 beatam
3538 1486 3712 1556 ipsam

2142 1577 2398 1647 praedira,
2428 1591 2550 1645 qua:
2578 1577 2767 1630 beatos
2791 1574 2954 1630 elIicit
2991 1557 3182 1630 omnes
3233 1576 3494 1630 mortales
3528 1591 3542 1640 ;
3599 1591 3715 1629 ma-

2143 1666 2335 1738 gnifice
2359 1667 2498 1721 hanc
2549 1667 2729 1728 lauda,
2769 1682 2891 1735 quae.
2933 1665 3144 1736 prolata
3176 1673 3260 1720 est
3287 1666 3715 1728 velutdivinitus

2144 1759 2482 1828 conscriptus
2541 1759 2676 1812 liber
2739 1757 3068 1827 magnalium
3129 1757 3242 1811 Dei.
3301 1757 3496 1828 Excipe
3551 1757 3714 1823 hanc,

2145 1865 2265 1921 quae
2297 1865 2327 1904 a
2362 1849 2650 1904 maledicto
2699 1851 2751 1902 in
2805 1849 3034 1918 primam
3084 1857 3362 1918 parentem
3395 1847 3558 1904 Evam
3613 1850 3716 1904 itu-

2145 1941 2315 1995 misso
2354 1955 2454 1995 nos
2494 1940 2689 1994 liberat
2717 1956 2736 2005 ;
2769 1933 3126 2008 complectere
3150 1941 3307 2004 hanc,
3333 1955 3453 2010 quae
3475 1955 3574 1996 nos
3589 1957 3711 1995 cum

2145 2029 2254 2086 Deo
2279 2031 2547 2086 charitate
2596 2031 2892 2101 colligavit,
2953 2038 3008 2086 et
3057 2031 3401 2085 inimicitiam
3447 2033 3715 2102 serpentis

2143 2120 2334 2178 fraude
2362 2121 2635 2177 inductam
2673 2136 2774 2178 suo
2804 2129 2958 2191 partu
2995 2121 3260 2187 abstulit;
3296 2121 3512 2192 implica
3549 2123 3709 2178 istam

2143 2214 2401 2280 brachiis,
2440 2228 2564 2284 quae
2590 2227 2690 2268 nos
2738 2213 2808 2268 ab
2851 2213 3088 2283 implexu
3123 2213 3394 2282 serpentis
3423 2212 3726 2268 abstrahit..

2142 2306 2218 2361 De
2267 2306 2370 2360 hac
2397 2306 2718 2372 vaticinare,
2753 2321 2876 2376 qua:
2920 2305 3358 2376 propheticorum
3426 2304 3714 2360 vaticinio-

2142 2413 2264 2452 rum
2320 2397 2758 2466 implementum,
2820 2397 3235 2467 divinarumque
3289 2397 3711 2466 promissionum

2141 2491 2524 2561 compendium
2559 2491 2613 2545 in
2639 2505 2699 2546 se
2720 2491 2958 2546 exhibet.
2992 2489 3114 2560 lpsa
3167 2505 3356 2546 mensa
3399 2488 3566 2544 divini
3618 2505 3716 2558 pa-

2139 2581 2246 2646 nis,
2277 2582 2463 2636 viuum
2490 2581 2820 2646 exhilarans,
2855 2577 3010 2638 eibus
3041 2583 3336 2653 gratuitos,
3370 2581 3620 2638 columba
3653 2582 3718 2634 il-

2141 2673 2332 2738 libata,
2404 2674 2604 2729 etelum
2665 2674 2991 2737 animatum,
3059 2674 3270 2744 lampas
3325 2671 3482 2728 valde
3531 2672 3714 2738 rutila,

2138 2774 2336 2830 sponsa
2369 2761 2554 2817 mttltis
2603 2763 2823 2834 hymnis
2857 2763 3357 2835 celebratas-mater
3389 2762 3572 2818 multis
3604 2763 3717 2818 lau-

2138 2851 2298 2908 dibus
2359 2861 2579 2920 ornata,
2632 2855 2774 2910 oliva
2836 2855 3101 2923 divinitus
3153 2857 3403 2927 irrigata,
3459 2856 3710 2910 divinum

2137 2941 2448 3000 vehiculum
2481 2944 2913 3022 dispensationis
2950 2946 3238 3012 Altissimi,
3302 2947 3714 3003 tabernaculum

2139 3041 2416 3102 sanctum,
2467 3035 2856 3092 candelabrum
2891 3054 2920 3092 a
2957 3036 3070 3093 Deo
3135 3037 3518 3104 fabrefactum,
3577 3054 3718 3110 agna

2138 3124 2445 3187 rationalis,
2499 3127 2939 3198 propitiatorium
3017 3125 3132 3189 Dei,
3173 3144 3270 3184 vas
3314 3129 3713 3190 inaestimabile.

2143 3214 2436 3270 thesaurus
2471 3215 2822 3282 honorificus,
2855 3219 2983 3273 tuba
3023 3219 3264 3274 suaviter
3316 3231 3536 3280 sonans,
3559 3233 3718 3274 mons

2143 3307 2353 3377 pinguis
2387 3316 2437 3359 et
2467 3307 2782 3377 coagulatua
2809 3307 2874 3374 νο,
2906 3309 3150 3363 divinum
3187 3309 3381 3371 vellus,
3407 3309 3575 3365 nubes
3609 3309 3719 3365 Deo

2143 3393 2363 3460 referta,
2393 3395 2524 3448 urbs
2549 3395 2893 3464 admiranda,
2929 3397 3160 3453 aulmum
3197 3399 3462 3468 spiritale,
3496 3401 3719 3454 lucerna

2143 3481 2405 3536 divinitus
2427 3497 2658 3548 excusa,
2685 3485 2830 3558 scala
2858 3499 3136 3554 perquam
3177 3486 3520 3543 descendens
3551 3487 3720 3541 Crea~

2148 3583 2231 3627 tor
2258 3573 2401 3628 inter
2433 3573 2683 3630 homines
2711 3575 3004 3638 videbitur,
3038 3577 3220 3631 cubile
3265 3585 3538 3640 sanctum,
3602 3592 3720 3646 gra-

2147 3665 2238 3720 tiae
2268 3666 2694 3744 receptaculum,
2731 3667 3122 3722 miraculorum
3153 3667 3403 3738 abyssus,
3445 3667 3566 3722 fons
3615 3669 3717 3724 bo-

2149 3771 2366 3822 norum,
2395 3756 2704 3812 divitiarum
2731 3758 2886 3828 copia
2919 3758 3270 3822 inviolabilis,
3319 3759 3506 3817 multis
3545 3762 3720 3814 nomi-

2148 3849 2310 3904 nibus
2340 3855 2504 3918 atque
2554 3848 2774 3904 dotibus
2803 3849 3075 3920 insignata
3101 3861 3156 3905 et
3183 3866 3397 3920 semper
3429 3850 3592 3922 Virgo
3625 3851 3716 3906 Dei

2149 3947 2340 3995 mater.
2376 3937 2528 3994 lianc
2552 3940 2884 3996 introducito
2906 3941 2958 3995 in
2991 3939 3188 3997 Sancta
3213 3950 3549 4009 sanctorum,
3583 3943 3722 3997 hanc

2149 4032 2261 4102 regi
2294 4031 2486 4086 aﬂ'erto
2519 4040 2778 4102 tanquam
2805 4031 3261 4102 pretiosissimum
3291 4033 3518 4098 donum,
3543 4086 3549 4091 .
3579 4033 3722 4086 hanc

2150 4123 2312 4177 lauda
2337 4122 2484 4178 velut
2520 4122 2763 4193 reginam
2793 4122 3168 4178 universitatis
3195 4137 3396 4188 rerum,
3425 4123 3566 4177 hanc
3613 4125 3713 4192 tip-

2149 4229 2279 4284 para
2311 4223 2372 4268 ut
2402 4215 2665 4285 palatium
2696 4213 2840 4284 regis
2869 4213 3272 4276 universorum,
3325 4214 3466 4268 hanc
3501 4214 3722 4284 hymnis

2155 4305 2354 4358 extolle
2389 4315 2448 4359 ut
2497 4310 2672 4356 tutum
2720 4300 3034 4372 praesidium
3095 4301 3341 4356 omnium
3406 4302 3674 4370 virginum
3705 4339 3721 4362 ,

2149 4393 2279 4448 huic
2313 4393 2496 4448 sedem
2523 4394 2575 4446 in
2610 4393 2810 4462 templo
2841 4390 3164 4446 manufacto
3197 4392 3398 4461 praebe,
3439 4407 3563 4462 qua:
3589 4400 3724 4447 tem-

2081 4484 2123 4539 D
2152 4485 2300 4554 plum
2337 4485 2637 4539 animatum
2665 4495 2750 4540 est
2787 4482 2946 4540 Verbi
2998 4485 3245 4539 omnium
3269 4485 3586 4540 conditoris.

2223 4575 2316 4631 IX.
2349 4577 2442 4632 Hae
2472 4577 2692 4631 fuerunt
2721 4577 2789 4630 ab
2821 4574 3107 4630 Joachimo
3135 4583 3188 4630 et
3216 4577 3372 4630 Anna
3395 4575 3556 4630 editae
3584 4575 3723 4630 laetae

2153 4669 2590 4741 prmdicationes,
2619 4669 2700 4724 ba:
2729 4667 2838 4722 Deo
2864 4667 3090 4724 reddita
3114 4683 3239 4721 cum
3261 4669 3560 4739 gratiarum
3626 4683 3721 4720 ac-

2155 4761 2302 4816 tione
2333 4758 2696 4822 laudationes,
2731 4758 2814 4812 hae
2838 4757 2978 4826 apud
3022 4757 3343 4827 prephetam
3403 4757 3726 4811 Zachariam

2153 4849 2294 4905 datae
2343 4863 2558 4904 summa
2620 4863 2744 4902 cum
2797 4845 2991 4900 fiducia
3051 4846 3481 4902 testiﬁcationes.
3544 4843 3726 4910 Quare

2155 4941 2433 5002 sacerdos,
2463 4949 2522 4994 ut
2561 4939 2652 4993 Dei
2703 4939 2989 5008 propheta,
3029 4938 3234 5008 quique
3285 4945 3476 5002 tenens
3527 4936 3726 4990 Sancta

2151 5040 2462 5092 sanctorum
2499 5031 2768 5101 particeps
2796 5029 2890 5086 Dei
2932 5039 3070 5097 erat,
3131 5030 3352 5084 intuens
3409 5029 3464 5083 in
3510 5027 3727 5098 Virgine

2152 5134 2402 5195 aspectus
2427 5123 2910 5195 pulchritudinem,
2962 5123 3145 5179 vultus
3183 5123 3460 5188 decorem,
3530 5123 3726 5190 lingua!

2154 5217 2499 5287 modestiam,
2561 5215 2728 5270 animi
2799 5215 3160 5282 nobilitatem,
3199 5216 3350 5284 ,vita:
3393 5213 3724 5283 inculpatum

2153 5312 2340 5372 decus,
2377 5309 2573 5379 pedum
2624 5308 2921 5372 incessum,
2979 5322 3193 5362 morum
3213 5305 3723 5375 .a-compositionctu,

2146 5383 2458 5456 decentiam
2485 5401 2724 5462 habitus,
2756 5401 2939 5454 alilatu
2967 5401 3159 5471 sancti.
3174 5399 3412 5469 Spiritus
3460 5407 3724 5467 concepto

2151 5492 2480 5548 exclamavit
2520 5507 2534 5544 :
2581 5489 2626 5545 Ο
2656 5490 2833 5560 puella
2863 5485 3236 5554 immaculata,
3269 5502 3303 5542 ο
3333 5488 3487 5558 virgo
3525 5487 3724 5555 impol-

2148 5583 2282 5646 luta,
2304 5582 2750 5638 oadolescentula
2766 5581 3169 5644 venustissima,
3199 5593 3232 5633 ο
3254 5578 3541 5632 mulierum
3561 5593 3722 5630 orna-

2153 5685 2416 5740 mentum,
2461 5675 2692 5730 liliarum
2739 5675 2904 5740 nitor,
2939 5689 2972 5727 ο
3001 5682 3172 5727 mater
3203 5668 3366 5744 Virgo
3424 5681 3629 5738 sancta,
3667 5681 3720 5724 tu
