4090 6286
467 313 594 381 1491

1544 319 1605 380 S.
1630 316 1936 380 TARASII
1974 310 2475 375 PATRIARCH/E
2516 313 2626 376 CP.

3565 308 3704 377 1432

461 426 746 483 benedicta
772 426 912 483 inter
942 428 1217 491 mulieres,
1244 436 1300 482 tu
1339 428 1610 483 celebrata
1638 436 1856 498 propter
1878 426 2026 480 inno-

2133 417 2178 476 ὦ
2206 423 2381 495 μῆτερ
2410 424 2652 492 Παρθένε
2681 425 2831 492 ἁγία,
2872 422 2959 482 σὺ.
2995 422 3335 493 εὐλογημένη
3359 422 3419 477 ἐν
3449 424 3702 492 γυναιξί·

460 518 720 584 centiam,
754 528 807 574 tu
841 520 1124 590 obsignata
1158 520 1512 591 virginitate;
1547 529 1601 572 tu
1631 520 1825 573 Adami
1855 518 2025 571 male-

457 611 589 665 dicti
620 610 878 679 expiatio,
920 619 977 665 tu
1008 610 1179 665 debiti
1207 610 1331 665 Eva;
1368 610 1602 676 solutio;
1637 616 1695 664 tu
1727 609 2028 678 Abelispu-

466 700 684 754 rissima
713 700 940 764 oblatio,
968 701 1454 770 primogenitorum
1483 699 1811 763 delectus",
1837 700 2031 753 imma-

455 792 697 846 culatum
729 792 1057 847 sacrificium
1083 809 1098 856 ;
1131 801 1186 847 tu
1215 792 1364 846 Sethi
1398 801 1540 847 recta
1567 792 1852 861 disciplina
1876 792 1921 823 ¹⁶
1951 797 2030 858 (ιιι

455 888 781 949 conceptum
813 881 866 934 in
897 890 1054 936 utero
1081 882 1173 936 Dei
1194 882 1361 937 lilium
1379 885 1559 953 paries
1589 884 1706 938 sine
1734 884 1920 938 dolore
1938 883 2027 951 ");

454 980 511 1025 ιιι
547 970 693 1027 Enos
712 972 765 1026 in
786 972 953 1027 Deum
985 990 1109 1044 spes
1141 990 1247 1029 non
1279 976 1483 1044 pudore
1502 974 1705 1029 suffusa
1730 993 1745 1039 ;
1767 986 1823 1030 tu
1847 974 2029 1031 Enoch

457 1062 593 1116 inita
633 1062 805 1131 gratia
850 1073 906 1118 et
934 1064 988 1118 in
1051 1078 1300 1120 securam
1359 1066 1524 1120 vitam
1590 1064 1883 1134 migratio;
1971 1073 2029 1117 tu

455 1151 665 1209 Noachi
692 1170 840 1222 arca,
868 1165 922 1210 et
950 1158 1202 1212 secundae
1231 1156 1658 1227 regenerationis
1683 1156 1825 1226 apud
1857 1154 2029 1210 Deum

458 1247 812 1313 conciliatio;
845 1258 903 1303 tu
945 1250 1094 1319 regni
1150 1257 1206 1303 et
1267 1247 1559 1303 sacerdotii
1614 1246 2030 1303 Melchisedeehi

458 1334 790 1402 perillustris
814 1335 1108 1405 splendor;
1154 1348 1209 1390 tu
1237 1336 1530 1390 Ahrahami
1570 1334 1726 1390 ﬁrma
1759 1336 1953 1390 [lducia
1978 1346 2030 1389 et

460 1425 845 1492 promissionis
886 1425 1086 1482 futura:
1133 1427 1468 1497 posteritatis
1491 1427 1800 1496 obsequens
1853 1427 2026 1493 lides;

463 1521 521 1567 tu
547 1511 713 1568 lsaaci
742 1530 943 1569 novum
998 1517 1330 1572 sacritlcium
1360 1527 1414 1572 et
1444 1517 1712 1573 rationale
1764 1517 2029 1572 holocau-

459 1612 604 1658 stum
633 1621 649 1670 ;
678 1614 738 1660 tu
771 1603 957 1661 Jacobi
987 1607 1040 1661 in
1077 1607 1279 1662 scalam
1311 1623 1574 1663 ascensus
1634 1622 1819 1672 causa,
1853 1617 1908 1662 et
1956 1608 2028 1661 {eo

459 1695 755 1751 cunditatis
780 1696 835 1750 in
850 1695 1134 1762 duodecjm
1154 1698 1330 1753 tribus
1348 1699 1723 1768 permanantis
1746 1698 2029 1768 expressio

459 1784 932 1850 nobilissima;tu
979 1785 1133 1842 inda:
1183 1789 1483 1859 apparuisti
1542 1789 1838 1844 secundum
1897 1789 2027 1843 stir-

458 1889 580 1942 pem
640 1874 748 1929 lilia
786 1891 800 1939 ;
835 1885 890 1930 ιιι
916 1874 1137 1947 Iosephi
1163 1877 1441 1945 pudicitia,
1473 1885 1528 1932 et
1557 1880 1755 1935 veteris
1785 1877 2027 1951 Egypti,

468 1963 726 2018 nimirum
765 1963 1065 2038 Synagogae
1115 1965 1449 2033 Judaeorum,
1480 1970 1712 2032 eversio,
1737 1984 1771 2023 o
1830 1969 2027 2023 imma-

458 2054 675 2119 culata;
711 2063 766 2109 tu
788 2053 911 2110 Jobi
940 2056 995 2110 in
1025 2056 1418 2112 tentationibus
1445 2057 1721 2127 patientiae
1750 2056 2023 2128 perfectio

458 2153 515 2199 et
545 2146 811 2200 bonorum
847 2146 969 2217 eius
1003 2147 1057 2201 in
1088 2148 1313 2217 duplum
1348 2148 1620 2203 restitutio
1653 2144 1718 2203 ac
1759 2148 2028 2203 ditissima

457 2238 649 2306 c0pia;
681 2247 738 2293 tu
784 2238 985 2311 Moysis
1037 2239 1265 2310 ejusque
1301 2239 1654 2311 Legislatoris
1687 2240 1827 2296 liber
1884 2239 2024 2294 divi-

459 2329 610 2383 nitus
639 2331 1002 2386 concinnatus
1027 2373 1043 2398 ,
1075 2331 1128 2385 in
1161 2346 1271 2401 quo
1306 2332 1572 2401 scriptum
1602 2340 1685 2387 est
1709 2345 2028 2388 sacramen-

460 2431 572 2474 tum
604 2421 1056 2490 regenerationis,
1094 2431 1148 2476 et
1174 2422 1374 2478 divinis
1423 2422 1607 2493 digitis
1660 2423 1931 2493 insculpta
1973 2423 2026 2476 in

458 2514 660 2568 tabulis
686 2513 774 2568 lex
823 2524 907 2569 est
930 2522 1193 2585 tanquam
1229 2514 1285 2569 in
1314 2522 1500 2569 monte
1546 2514 1700 2580 Sina,
1732 2514 1824 2569 ubi
1850 2529 2026 2570 novus

457 2601 622 2659 lsracl
655 2604 725 2658 ab
771 2603 1191 2674 intelligihilium
1221 2603 1602 2676 Egyptiorum
1634 2607 1897 2683 servitute
1919 2606 2029 2660 vin-

458 2691 747 2756 dicabitur.
786 2696 1249 2762 quemadmodum
1292 2697 1549 2765 antiquus
1579 2698 1812 2767 populus
1835 2697 1891 2752 in
1936 2712 2029 2753 so-

458 2783 685 2839 litudine
724 2801 925 2840 manna
951 2795 1008 2841 et
1039 2801 1181 2855 aqua
1230 2787 1299 2843 de
1347 2802 1543 2857 aspera
1598 2795 1753 2858 petra
1799 2788 2030 2845 satiatus

455 2884 561 2939 est,
602 2884 751 2945 petra
780 2885 953 2930 autent
983 2888 1095 2932 erat
1124 2874 1366 2932 Christus
1390 2878 1434 2911 ³⁸
1454 2895 1469 2945 ;
1490 2893 1522 2933 e
1551 2886 1647 2932 tuo
1678 2880 1889 2947 gremio
1907 2895 2031 2948 pro-

455 2967 670 3022 diturus
698 2977 953 3037 tauquam
997 2984 1219 3038 sponsus
1253 2986 1287 3024 a
1316 2970 1553 3024 thalamo
1578 2970 1654 3040 ";
1705 2980 1764 3026 tu
1796 2970 2029 3029 Aaronis

2134 515 2198 566 σὺ
2235 513 2596 585 δεδοξασμένη
2637 520 2703 587 τῇ
2767 515 3000 585 ἁγνείᾳ·
3058 519 3123 573 σὺ
3168 514 3580 584 ἐσφραγισμένη
3633 516 3702 584 τῇ

2134 604 2405 677 παρθενίᾳ
2436 622 2449 637 ·
2482 607 2546 661 σὺ
2570 606 2663 660 τοῦ
2709 607 2882 676 ’Δδὰμ
2902 607 3001 677 τῆς
3025 606 3271 676 κατάρας
3314 607 3348 674 ή
3402 604 3555 665 λύσις
3582 621 3595 635 ·
3633 604 3700 656 σὺ

2131 697 2232 766 τῆς
2261 695 2406 761 Εὔας
2427 698 2523 751 τοῦ
2549 699 2861 768 ὀφλήματος
2882 700 2915 768 ἡ
2946 698 3223 769 πλήρωσις
3247 714 3262 728 ο
3314 698 3377 750 σὺ
3405 696 3500 749 τοῦ
3540 695 3697 749 Ἅϐελ

2132 788 2166 857 ή
2198 788 2561 860 καθαρωτάτη
2592 788 2897 860 προσφορά,
2924 788 3019 842 καὶΙ
3061 787 3421 860 πρωτοτόκων
3450 787 3706 858 πρόθεσις

2134 877 2339 939 ἄκακος
2377 877 2538 931 θυσία
2561 892 2575 906 ⁸
2628 880 2692 932 σὺ
2714 877 2811 931 τοῦ
2868 877 2975 949 Σὴθ
3004 880 3038 949 ή
3085 877 3501 947 κατακόσμησις
3532 890 3545 904 ·
3590 874 3703 947 [σὺ

2132 968 2222 1021 τὸν
2253 967 2382 1021 Υίδν
2409 968 2502 1021 τοῦ
2535 968 2672 1022 Θεοῦ
2710 969 2770 1021 ὲν
2796 969 2997 1039 γαστρὶ
3035 966 3369 1037 βαστάσασα,
3424 966 3706 1035 ὼδινήσεις

2133 1059 2351 1123 ἀπόνως
2454 1060 2516 1113 σὺ
2547 1059 2643 1113 τοῦ
2706 1058 2875 1123 Ἐνὼς
2898 1061 2957 1112 έν
2986 1058 3106 1127 Θεῷ
3134 1058 3286 1120 ἐλπὶς
3336 1057 3704 1126 ἁκαταίσχυν-

2131 1166 2263 1214 τοςο
2309 1150 2373 1204 σὺ
2411 1151 2506 1205 τοῦ
2555 1149 2724 1221 Ἑνὼχ
2753 1152 2787 1222 ή
2838 1150 3221 1221 εὐαρέστησις,
3276 1148 3372 1202 καὶ
3408 1146 3545 1218 πρὸς
3614 1147 3707 1200 τὸν

2128 1242 2325 1298 ἄσυλον
2349 1241 2465 1312 βίον
2502 1243 2850 1316 μετάστασις
2880 1258 2895 1271 ο
2930 1242 2994 1296 σὺ
3039 1240 3134 1294 τοῦ
3189 1238 3306 1293 Νῶε
3352 1241 3386 1309 ἠ
3443 1239 3703 1303 κιϐωτὸς,

2132 1333 2226 1387 καὶ
2256 1336 2357 1405 τῆς
2375 1332 2635 1404 δευτέρας
2656 1331 3078 1402 παλιγγενεσίας
3105 1331 3137 1401 ή
3174 1329 3312 1399 πρὸς
3335 1329 3467 1382 Θεὸν
3487 1330 3705 1382 οἰκείω-

2134 1441 2218 1485 σις
2241 1440 2254 1454 ·
2290 1425 2355 1478 σὺ
2383 1422 2476 1477 τοῦ
2503 1423 2835 1494 Μελχισεδὲκ
2859 1423 2957 1493 τῆς
2973 1421 3249 1492 βασιλείας
3298 1421 3393 1475 καὶ
3429 1419 3705 1489 Ξερατείας

2130 1514 2408 1585 ἀγλάϊσμα
2436 1514 2740 1585 πάμφωτον
2765 1529 2780 1544 ·
2810 1514 2875 1567 σὺ
2905 1512 3003 1567 τοῦ
3044 1512 3299 1582 Ἀϐραὰμ
3346 1511 3381 1582 ή
3410 1510 3699 1573 πίστωσις,

2132 1609 2229 1661 καὶ
2265 1608 2362 1679 τῆς
2387 1605 2720 1676 ἐπαγγελίας
2743 1606 2840 1660 καὶ
2866 1605 3211 1674 τεκνογονίας
3256 1604 3495 1674 ὑπήκοος
3543 1600 3706 1654 πειθ-

2130 1699 2362 1770 άρχησις
2393 1714 2409 1729 ·
2447 1699 2511 1754 σὺ
2554 1697 2651 1752 τοῦ
2699 1698 2887 1752 Ἰσαὰκ
2928 1697 3089 1767 καινὴ
3138 1695 3323 1758 θυσία,
3372 1696 3464 1748 καὶ
3512 1694 3575 1746 τὸ
3613 1694 3705 1746 λο-

2130 1790 2284 1859 γικδν
2316 1772 2677 1859 δλοκαύτωμα
2699 1806 2713 1821 ·
2740 1789 2811 1841 σὺ
2837 1787 2933 1840 τοῦ
2975 1785 3169 1841 Ἰακὼὸ
3209 1786 3309 1855 τῆς
3358 1786 3414 1837 ὲν
3470 1784 3705 1855 κλίμακι

2129 1880 2317 1934 ἀνόδου
2382 1880 2555 1943 αίτία,
2605 1883 2705 1949 τῆς
2769 1877 3146 1945 δωδεκαφύλου
3188 1876 3534 1943 τεκνογονίας
3611 1877 3706 1928 ὲκ-

2130 1973 2454 2044 σφράγισμα
2493 1974 2775 2042 μέγιστον’
2803 1971 2867 2024 σὺ
2905 1968 3000 2022 τοῦ
3038 1968 3207 2023 Ἰούδα
3235 1969 3482 2038 πέφηνας
3506 1970 3539 2037 ἡ
3562 1967 3703 2020 κατὰ

2127 2060 2284 2127 γένος
2307 2058 2553 2130 θυγάτηρ
2580 2075 2594 2089 ·
2629 2060 2695 2113 σὺ
2729 2056 2824 2111 τοῦ
2896 2057 3094 2128 Ἰωσὴφ
3125 2059 3157 2129 ή
3225 2055 3572 2127 σωφροσύνη,
3609 2056 3703 2109 καὶ

2134 2152 2233 2218 τῆς
2279 2149 2876 2219 παλαιᾶςλΛῑγυπτίας,
2921 2149 3088 2219 ήγουν
3120 2147 3220 2215 τῆς
3256 2147 3530 2200 Ἰουδαίων
3573 2147 3705 2199 Συν-

2128 2243 2370 2313 αγωγῆς,
2393 2242 2731 2313 καθαίρεσις,
2760 2241 2994 2312 ἄχραντε
3020 2257 3037 2273 ο
3067 2238 3131 2293 σὺ
3155 2237 3248 2292 τοῦ
3289 2238 3408 2293 Ἰὼϐ
3436 2240 3469 2307 ή
3502 2237 3563 2289 ὲν
3582 2254 3701 2289 πει-

2132 2336 2362 2404 ρασμοϊς
2384 2333 2754 2405 ὑπομονητικὴ
2778 2329 3266 2399 άνακεφαλαίωσις,
3287 2330 3380 2384 καὶ
3400 2329 3507 2381 τῶν
3527 2328 3703 2397 ὑπαρ-

2129 2428 2331 2498 χόντων
2364 2426 2513 2497 αύτῷ
2546 2425 2709 2495 διπλῆ
2739 2423 2974 2487 διάδοσις
3002 2422 3096 2475 καὶ
3125 2420 3477 2482 πλουτοποιδς
3528 2417 3705 2488 ὓπαρ-

2130 2517 2213 2585 ξις
2235 2536 2250 2553 ·
2285 2521 2348 2573 σὺ
2378 2517 2471 2572 τοῦ
2498 2517 2740 2580 Μωσέως
2790 2517 2885 2570 καὶ
2912 2513 3201 2586 νομοθέτου
3249 2512 3564 2574 θεότευκτος
3617 2509 3702 2580 βί-

2129 2613 2277 2675 ϐλος,
2318 2614 2376 2666 ὲν
2472 2611 2532 2664 τὸ
2559 2611 2659 2679 τῆς
2691 2606 3109 2677 παλιγγενεσίας
3134 2607 3431 2677 μυστήριον
3459 2603 3699 2674 ἐγράφη,

2129 2700 2225 2755 καὶ
2259 2698 2543 2762 δακτύλοις
2581 2698 2747 2761 θείοις
2778 2698 2837 2750 έν
2870 2695 3063 2763 πλαξὶν
3084 2693 3469 2764 ἐνομοθετήθη,
3499 2692 3580 2755 ῶς
3647 2693 3703 2743 ὲν

2130 2791 2330 2861 Σιναίῳ
2361 2789 2441 2861 τῷ
2473 2791 2610 2862 δρει,
2652 2790 2710 2841 ὲν
2761 2781 2915 2857 ᾧπερ
2952 2786 3165 2857 Ἰσραήλ
3216 2785 3244 2838 δ
3273 2784 3579 2855 ἁρτιφανὴς
3641 2783 3704 2834 ἐκ

2130 2881 2373 2944 δουλείας
2406 2881 2719 2950 Αἰγυπτίων
2769 2879 2898 2932 τῶν⁹
2926 2876 3133 2947 νοητῶν
3184 2874 3699 2945 ἐλευθερωθήσεται,

2128 2970 2205 3036 ὡς
2240 2974 2269 3024 ὁ
2298 2971 2429 3043 πρὶν
2452 2971 2511 3023 ὲν
2534 2972 2599 3041 τῇ
2623 2970 2815 3040 ἐρήμῳ
2859 2966 3006 3033 λαὸς,
3061 2964 3156 3019 τοῦ
3209 2964 3386 3036 μάννα
3432 2962 3702 3033 ἐπλήσθη.

458 3053 606 3125 virga
635 3054 967 3123 ﬂoresceus;
1016 3066 1076 3112 ιιι
1102 3055 1288 3113 Jesum
1319 3056 1469 3113 Nave
1493 3058 1663 3114 illium
1717 3060 1774 3113 in
1833 3059 2026 3117 mediis

2132 3062 2228 3116 καὶ
2251 3061 2347 3116 τοῦ
2386 3059 2579 3125 ὓδατος
2606 3061 2672 3113 ὲκ
2701 3059 2909 3130 πέτρας
2940 3056 3247 3129 άκροτόμου
3278 3071 3293 3087 '
3337 3054 3396 3110 Ἠ
3426 3052 3496 3108 δὲ
3519 3055 3705 3121 πέτρα

455 3147 781 3203 adversariis
805 3147 1103 3219 gloriosum
1140 3149 1464 3216 reddidisti;
1495 3159 1551 3204 tu
1580 3165 1641 3205 es
1682 3149 1902 3205 Davidis
1942 3151 2021 3205 1i-

458 3238 551 3304 lia,
584 3237 808 3308 ﬁmbriis
860 3239 1038 3293 aureis
1062 3238 1473 3301 circumvestita,
1507 3240 1655 3294 vario
1702 3250 1897 3294 ornatu
1947 3241 2029 3293 ni-

458 3340 655 3386 tescens
682 3330 754 3399 “,
782 3343 839 3385 ιιι
861 3329 1027 3386 lectas
1068 3328 1367 3387 Solemnis
1387 3345 1453 3386 ex
1481 3346 1618 3386 auro
1647 3330 1846 3393 factus,
1875 3349 2026 3402 quem

457 3422 732 3491 sexaginta
772 3421 874 3474 uiri
904 3421 1183 3490 fortissimi
1215 3422 1546 3476 circumdant
1577 3422 1646 3487 “,
1678 3424 1915 3479 musicas
1938 3439 2029 3479 vo-

458 3527 548 3567 ces
577 3510 889 3566 divinarum
922 3512 1412 3582 Scripturarumin
1473 3513 1582 3569 Deo
1629 3514 1758 3569 tuba
1824 3530 2028 3570 cauen-

460 3614 574 3671 tes;
608 3604 860 3660 ascensio
890 3619 949 3660 es
974 3604 1364 3675 assumptionis
1411 3602 1562 3670 Elite,
1591 3615 1646 3661 et
1677 3606 2030 3678 intelligibilis

455 3694 719 3751 Jezabelis
751 3696 1000 3751 exitium.
1030 3694 1114 3752 Tu
1146 3696 1322 3753 Elisaai
1347 3698 1581 3766 duplicis
1619 3698 1771 3770 pallii
1808 3697 2029 3757 benedi-

2132 3150 2211 3224 ἧν
2240 3156 2274 3209 d
2306 3150 2584 3221 Χριστὸς,
2623 3151 2652 3204 ὁ
2682 3148 2892 3222 μέλλων
2919 3150 2984 3202 ἐκ
3014 3148 3114 3218 τῆς
3140 3145 3348 3210 κοιλίας
3372 3163 3465 3199 σου
3498 3146 3701 3217 προέρ-

2130 3243 2347 3315 χεσθαι,
2371 3243 2451 3308 ὡς
2477 3242 2547 3296 ἐκ
2584 3240 2826 3296 παστοῦ
2856 3240 3113 3309 νυμφίος
3144 3255 3159 3271 ·
3203 3239 3269 3292 σὺ
3329 3237 3424 3292 τοῦ
3492 3237 3705 3309 ’Δαρὼν

2135 3337 2170 3407 ή
2218 3334 2469 3408 ράδδοςή
2498 3332 2848 3404 βλαστήσασα
2881 3349 2895 3363 ο
2935 3333 2999 3385 σὺ
3033 3332 3122 3384 τὸν
3152 3329 3245 3383 τοῦ
3289 3328 3446 3405 Ναυῆ
3494 3329 3705 3401 Ἰησοῦν

2132 3429 2190 3482 ὲν
2222 3426 2372 3497 μέσῳ
2399 3426 2506 3478 τῶν
2539 3423 2872 3478 ὑπεναντίων
2902 3422 3157 3489 ὲδέξκσας
3181 3438 3195 3453 ·
3229 3424 3293 3477 συ
3320 3419 3370 3476 εἷ
3415 3422 3513 3475 τοῦ
3544 3422 3703 3477 Δαυῒδ

2130 3520 2166 3592 ή
2192 3517 2457 3588 θυγάτηρ,
2492 3519 2531 3585 ὴ
2562 3514 2931 3585 κροσσωτοῒς
2973 3513 3225 3583 χρυσοῖς
3283 3513 3703 3581 περιϐεϐλημέ-

2126 3628 2226 3679 νη,
2262 3609 2697 3677 πεποικιλμένη
2732 3625 2747 3636 ·
2778 3608 2841 3660 σὺ
2872 3608 2977 3661 τοῦ
3017 3605 3405 3675 Σολομῶντος
3460 3607 3501 3674 ἠ
3527 3605 3700 3669 κλίνη

2125 3704 2160 3773 ή
2220 3704 2635 3772 χρυσότευκτος,
2681 3694 2871 3765 ἤνπερ
2931 3696 3176 3750 δυνατοὶ
3222 3695 3525 3764 ἐξήκοντα
3592 3711 3696 3747 κυ-

456 3787 587 3849 etio,
642 3802 751 3856 qua
781 3787 872 3840 ille
904 3786 1092 3842 divisit
1116 3787 1319 3845 ﬂuenta
1340 3787 1598 3848 Iordanis
1622 3800 1678 3846 et
1707 3793 1872 3849 siccis
1928 3809 2023 3863 pe-

2129 3792 2370 3855 τελοῦσι,
2410 3789 2520 3844 τῶν
2545 3789 2882 3843 θεοτεύκτων
2928 3788 3162 3858 Γραφῶν
3184 3789 3282 3852 τὰς
3316 3790 3371 3841 ὲν
3411 3787 3534 3859 Θεῷ
3565 3805 3697 3857 μου-

454 3877 617 3932 dibus
646 3878 884 3939 transiit,
914 3888 970 3933 et
998 3895 1198 3950 aquam
1243 3882 1358 3936 sale
1383 3884 1711 3938 medicatam
1737 3883 1805 3939 ad
1834 3884 2024 3941 biben-

454 3968 583 4020 dum
610 3977 791 4037 aptam
820 3970 1087 4037 reddidit;
1113 3979 1169 4026 tu
1199 3969 1352 4027 Jonas
1375 3974 1430 4028 in
1483 3975 1585 4030 ceti
1637 3984 1830 4031 ventre
1867 3977 2021 4034 inco-

430 4058 1099 4124 lumitas,etNinivitarum
1120 4062 1187 4117 ad
1216 4063 1446 4119 meliora
1478 4065 1709 4121 consilia
1734 4069 2021 4124 conversio

453 4162 515 4201 ac
540 4147 771 4218 benigna
800 4151 977 4205 venia.

2124 3881 2282 3944 σικὰς
2311 3880 2495 3949 φωνὰς
2535 3880 2888 3945 σαλπίζοντες
2919 3895 2934 3910 ⁸
2966 3882 3030 3934 σὺ
3059 3883 3157 3953 τῆς
3189 3879 3367 3933 Ἠλίου
3386 3879 3699 3951 ἀναλήψεως

2129 3973 2335 4037 ἄνοδος,
2367 3974 2462 4027 καὶ
2479 3972 2577 4042 τῆς
2592 3976 2786 4043 νοητῆς
2815 3970 3050 4036 Ἰεζάϐελ
3067 3972 3385 4043 καθαίρεσις
3413 3971 3661 4041 πέφηνας
3681 3984 3696 3998 ·

2132 4064 2197 4116 σὺ
2226 4061 2322 4115 τοῦ
2364 4061 2672 4115 Ἐλισσαίου
2700 4062 2799 4132 τῆς
2826 4061 3021 4131 διπλῆς
3079 4060 3337 4132 μηλωτῆς
3376 4062 3410 4130 ἡ
3457 4059 3695 4127 εὐλογία.

2129 4152 2259 4232 ᾖτὰ
2301 4154 2592 4226 Ἰορδάνεια
2624 4154 2814 4224 ῥεῖθρα
2845 4153 3026 4224 τεμὼν
3075 4153 3226 4223 διέϐη
3275 4150 3695 4208 ἀκατακλύστιιις

452 4239 548 4294 καὶ
581 4239 645 4294 τὸ
716 4239 861 4312 ὕδωρ
891 4242 1050 4297 άλατι
1113 4242 1480 4315 θεραπεύσας,
1533 4244 1764 4315 πότιμον
1821 4248 2058 4316 ἀνέδειξε
2080 4266 2096 4282 ο
2140 4248 2204 4302 σὺ
2235 4245 2331 4300 τοῦ
2374 4246 2528 4298 Ἰωνᾶ
2556 4247 2590 4317 ή
2627 4247 2685 4298 ὲν
2706 4244 2782 4315 τῷ
2820 4247 2974 4316 κήτει
3000 4244 3278 4310 διάσωσις,
3316 4244 3409 4298 καὶ
3440 4245 3551 4298 τῶν
3606 4241 3697 4295 NL-

450 4336 678 4389 νευῖτῶν
709 4337 1055 4408 μετανόησις,
1080 4339 1178 4424 καὶ
1209 4339 1553 4410 συγχώρησις
1590 4340 1840 4410 ἄφθονος.

520 4424 603 4481 Τιι
641 4442 701 4481 es
730 4429 1117 4498 prophetarum
1144 4434 1453 4499 speculum,
1482 4441 1536 4487 et
1589 4448 1772 4489 rerum
1804 4435 1873 4490 ab
1893 4436 2026 4506 ipsis

2205 4433 2277 4486 Σὺ
2310 4426 2363 4485 εἴ
2411 4431 2518 4484 τῶν
2549 4429 2845 4501 προφητῶν
2871 4432 2903 4501 ή
2930 4430 3181 4502 διόπτρα,
3218 4428 3452 4505 καὶτῶν
3519 4427 3692 4499 ῥημά-

455 4519 945 4588 praznuntiatarum
979 4522 1178 4576 exitus.
1227 4523 1304 4575 Te
1328 4523 1474 4577 enim
1528 4521 1779 4580 Ezechiel
1837 4528 2026 4583 vatici-

453 4625 593 4665 naus
638 4611 930 4680 appellavit
969 4622 1181 4681 portam
1234 4613 1503 4675 clausam,
1542 4629 1638 4684 per
1662 4621 1829 4685 quam’
1862 4633 2027 4673 nemo

453 4701 738 4755 hominum
768 4718 1007 4771 unquam
1040 4704 1295 4759 transibit
1316 4704 1422 4760 nisi
1453 4702 1722 4762 Dominus
1765 4706 1909 4765 Deus
1935 4725 2026 4764 so-

452 4792 558 4857 lus,
592 4801 646 4847 et
669 4801 881 4862 portam
936 4796 1177 4851 clausam
1235 4798 1586 4853 conservabit
1612 4798 1698 4864 ";
1753 4806 1806 4854 te
1857 4799 2026 4855 Isaias

452 4882 544 4938 ille
567 4882 620 4937 in
656 4883 850 4953 primis
894 4885 1290 4956 grandiloquus
1323 4889 1650 4955 praenuntiat
1685 4889 1891 4956 virgam
1913 4888 2022 4945 Jes-

451 4990 531 5040 se,
563 4989 630 5029 ex
655 4990 763 5044 qua
801 4974 903 5031 llos
932 4975 1189 5033 Christus
1214 4978 1443 5045 orietur,
1493 4987 1547 5034 et
1610 4978 1878 5036 fructibus
1937 4981 2020 5035 vi-

451 5065 653 5116 tiorum
692 5064 1008 5135 exstirpatis
1045 5067 1307 5123 radicitus
1344 5068 1557 5138 plantas
1588 5069 1788 5124 divinae
1838 5071 2025 5140 cogni-

449 5153 619 5207 tionis
656 5151 709 5205 iu
732 5168 867 5224 agro
900 5155 1102 5211 inseret
1144 5158 1233 5225 ";
1268 5169 1320 5212 te
1341 5158 1606 5214 Jeremias
1637 5171 2018 5229 praemonstra-

2124 4540 2232 4577 των
2296 4522 2476 4577 αὐτῶν
2514 4523 2549 4593 ή
2588 4521 2944 4593 ὲμπλήρωσις
2973 4539 2987 4553 ’
3023 4522 3082 4576 σὲ
3110 4523 3218 4594 γάρ
3263 4519 3524 4591 Ἱεζεκιὴλ
3568 4534 3693 4588 προ·

2124 4615 2388 4685 ηγόρευσε
2416 4614 2591 4683 πύλην
2621 4616 3034 4687 κεκλεισμένην,
3055 4619 3113 4670 ιν
3134 4612 3168 4688 ᾖ
3193 4616 3367 4680 οὐδεὶς
3398 4612 3692 4683 ἀνθρώπων

2121 4704 2382 4759 διοδεύσει
2422 4706 2574 4772 ποτὲ,
2602 4709 2650 4759 εί
2680 4706 2757 4776 μὴ
2812 4690 3015 4781 Κύριος
3041 4711 3069 4762 ὁ
3102 4708 3234 4772 Θεὸς
3264 4710 3442 4779 μόνος,
3480 4709 3573 4763 καί¹
3599 4708 3691 4770 τὴν

2125 4795 2299 4868 πύλην
2338 4796 2733 4868 κεκλεισμένην
2786 4799 3102 4867 διαφυλάξει
3136 4816 3150 4831 ·
3190 4801 3249 4852 σὲ
3292 4801 3519 4865 Ἡσαΐας
3546 4801 3574 4852 ὁ
3600 4815 3691 4867 με·

2128 4889 2569 4959 γαλοφωνότατος
2612 4890 2806 4962 ράὄδον
2858 4890 2952 4944 τοῦ
2995 4892 3193 4945 Ἰεσσαὶ
3249 4894 3578 4964 προγράφει,
3632 4888 3688 4952 ἐξ

2128 4975 2196 5052 ἦς
2227 4981 2290 5035 τὸ
2324 4982 2487 5046 ἄνθος
2517 4983 2751 5054 Χριστὸς
2777 4982 3074 5048 ἐλεύσεται,
3110 4985 3205 5038 καὶ
3227 4984 3296 5037 τὰ
3323 4986 3465 5053 φυτά
3483 4984 3579 5053 τῆς
3596 4998 3689 5035 κα-

2123 5072 2248 5137 κίας
2278 5073 2576 5146 πρόρριζον
2607 5073 2877 5144 ἐκτεμὼν,
2927 5074 3029 5145 τῆς
3078 5075 3408 5143 θεογνωσίας
3439 5073 3687 5146 φυτεύσει

2119 5166 2220 5235 τὴν
2253 5168 2492 5237 ἄρουραν
2518 5183 2531 5196 ·
2551 5167 2611 5219 σὲ
2646 5166 2910 5236 Ἱερεμίας
2929 5166 3269 5239 προεκήρυξε
3297 5167 3467 5235 λέγων
3497 5181 3511 5195 ⁸
3541 5163 3689 5218 Ἰδοὺ

447 5244 527 5298 vit
547 5241 806 5314 inquiens
834 5260 847 5296 :
884 5244 1017 5299 Ecce
1062 5248 1173 5301 dics
1208 5250 1432 5314 venient,
1466 5250 1598 5303 dicit
1631 5250 1914 5314 Dominus,
1968 5261 2020 5306 et

2129 5256 2329 5325 ἡμέραι
2356 5257 2830 5328 ἔρχονται,.ιέγει
2847 5260 3086 5327 Κύριος,
3118 5260 3216 5313 καὶ
3246 5258 3597 5327 διαθήσομαι
3614 5253 3689 5318 τῷ

449 5334 640 5401 furiam
691 5334 873 5389 domui
898 5333 1070 5390 Israel
1095 5346 1144 5391 ct
1178 5340 1357 5392 domui
1383 5340 1540 5395 Judw
1602 5342 1772 5411 {rudus
1827 5360 2017 5397 uocum

2129 5348 2262 5415 οἴκῳ
2293 5347 2556 5417 Ἰσραὴλ
2589 5350 2687 5403 καὶ
2716 5348 2797 5416 τῷ
2830 5351 2975 5415 οικφ
3018 5351 3205 5405 Ἰούδα
3226 5350 3520 5417 διαθήκην
3568 5363 3685 5401 και-

448 5426 588 5495 quod
619 5429 872 5482 constitui
897 5444 1014 5482 cum
1072 5431 1311 5508 putribus
1344 5448 1525 5486 corum
1549 5434 1636 5500 “;
1670 5435 1745 5488 ita
1807 5435 2017 5505 signiti-

2129 5438 2253 5507 γὴν,
2269 5439 2637 5511 ῆνδιεθέμην
2654 5440 2778 5508 τοῖς
2791 5441 3300 5514 πατράσιναὺτῶνζ
3311 5461 3323 5474 ·
3342 5442 3432 5512 τῆς
3446 5438 3537 5493 τοῦ
3563 5434 3685 5490 Υξοῦ

489 5593 1009 5684 2"tlolttl’.‘6en..tv,
1046 5600 1098 5653 ι.
1178 5600 1220 5630 ¹⁶
1248 5600 1380 5655 Gen.
1417 5603 1673 5684 tv,_25,‘et
1706 5603 2022 5684 Ecrli._xuv

2133 5610 2203 5684 9._
2264 5612 2306 5642 "
2341 5610 2503 5666 chis
2533 5612 2737 5666 inclusa
2762 5621 2887 5666 sunt
2915 5613 3095 5676 verba,
3124 5631 3245 5684 quae
3277 5614 3468 5667 serium
3500 5625 3588 5661 ora
3618 5609 3681 5684 iu-

447 5665 839 5749 ξιλίςννὶιΙΙιειιιιιι*
914 5668 1328 5749 ίιιιιὶντιιιιιιιρινιξ.
1424 5665 1515 5749 “Al
1583 5674 1708 5749 ρος.
1767 5691 1818 5734 κ,
1873 5676 1926 5728 4.
2006 5679 2018 5707 ¹

2129 5679 2226 5749 sal.
2269 5698 2418 5744 xuii,
2460 5665 2512 5734 6.
2558 5665 2563 5666 ν
2600 5684 2645 5713 ’°
2681 5665 2823 5737 l’sal.
2873 5700 3014 5749 SLH’,
3052 5665 3286 5740 ίι’.ι.¹””ιι’
3314 5665 3465 5738 (iant.
3492 5696 3570 5738 ιιι.
3633 5680 3678 5730 7-

450 5732 493 5762 ³⁸
528 5730 721 5785 Etet-li.
765 5751 909 5800 xuv,
946 5738 1058 5792 1-5.
1138 5730 1229 5792 "'l
1267 5759 1313 5792 ιι.
1355 5756 1423 5805 \t,
1468 5745 1509 5795 l.
1546 5792 1551 5799 ,
1590 5742 1631 5773 ’⁸⁸
1663 5730 1861 5797 διεςιιιιι.
1901 5730 2135 5802 second.
2162 5730 2511 5820 'th‘kfibfr.’
2542 5730 2699 5821 xu";
