4090 6286
439 353 575 424 1493

1345 357 1426 424 ΙΝ
1463 363 1568 424 SS.
1607 361 1960 424 DEIPARIE
1999 361 2727 424 PRAESENTATIONEM.
2895 381 2926 410 ι

3537 354 3677 422 1495

431 491 524 530 σου
559 475 864 546 γεννήσεως
899 475 997 545 τὴν
1037 473 1344 547 παρουσίαν
1369 477 1670 548 σημαίνων,
1701 479 1796 534 καὶ
1822 477 1914 532 τὸν
1943 476 2003 542 ἐξ
2030 479 2051 536 1

2135 493 2236 534 ans
2275 479 2566 534 advennnn
2623 489 2914 544 ortumque
2975 475 3094 530 Filii
3155 475 3250 540 tui,
3310 482 3366 530 et
3413 473 3673 544 populum

430 565 602 620 ὲθνῶν
631 565 762 620 λαὸν
798 565 978 621 καλῶν
1006 569 1087 630 είς
1118 567 1492 638 προσκύνησιν
1527 570 1690 642 μέχρι
1745 571 1998 642 περάτων

431 658 534 728 τῆς
562 657 669 728 γῆς
695 674 710 690 ⁸
748 657 809 712 σὲ
831 659 926 711 καλ¹
971 658 1004 712 ὁ
1031 656 1152 712 τῶν
1183 658 1511 729 ἐπιθυμιῶν
1561 661 1720 729 ἀνὴρ
1780 659 2006 728 Δανιὴλ

434 747 768 820 ἀνεκήρυξεν
795 747 916 818 ὖρος
951 749 1114 818 μέγα,
1139 749 1196 816 ἐξ
1222 743 1284 804 οῦ
1303 749 1539 820 Χριστὸς
1565 748 1594 803 ὁ
1613 753 2005 823 ἀκρογωνιαῖος

434 839 582 900 λίθος
607 839 1078 915 ἀποτμηθήσεται.
1113 841 1208 895 καὶ
1229 840 1327 911 τὴν
1357 843 1540 896 εἰκόνα
1571 842 1669 895 τοῦ
1735 841 2010 912 πολυμόρ-

437 947 540 999 φου
562 931 738 998 δφεως
760 929 939 983 ὀλέσει
969 931 1064 984 καὶ
1109 931 1434 1002 ὲκλικμήσει
1465 948 1480 964 ο
1511 931 1572 984 σὲ
1621 932 1673 984 οί
1719 932 1780 984 ὲν
1835 931 2011 984 82:60-

436 1017 568 1072 λῶνι
596 1020 746 1088 τρεῖς
775 1018 968 1081 παῖδες
1007 1017 1180 1072 τύπον
1211 1019 1446 1089 ἔχοντες,
1483 1019 1580 1073 καὶ
1601 1019 1694 1072 τοῦ
1730 1019 1866 1072 Υῑοῦ
1913 1036 2010 1072 σου

440 1113 538 1178 τὴν
567 1110 864 1181 ἐπιθυμίαν
902 1110 1356 1180 κατανοήσαντες,
1390 1111 1488 1179 τήν
1516 1110 1744 1178 κάμινον
1768 1108 1866 1179 τὴν
1915 1106 2012 1161 ἑπ-

438 1199 756 1264 ταπλασίως
801 1199 1096 1252 καυθεϊσαν
1139 1199 1351 1268 διῆλθον
1380 1199 1656 1262 ἀόλαϐεῖς,
1691 1199 1786 1252 καὶ
1825 1199 1903 1262 ὼς
1954 1201 2014 1252 ἐν

441 1288 668 1359 θαλάμῳ
694 1287 978 1360 χαίροντες
1029 1289 1191 1358 μέσον
1219 1289 1466 1358 ἐχόρευον
1493 1303 1507 1321 ⁶
1566 1277 1626 1342 σὲ
1702 1288 2015 1359 Ἀὅϐακοὺμ

443 1379 655 1449 Θαιμάν
677 1379 800 1449 ὅρος
819 1378 1094 1447 ὀνομάζει,
1127 1378 1186 1442 ἐξ
1217 1373 1279 1432 οῦ
1315 1378 1577 1446 βασιλέως
1608 1376 1868 1450 σκῆπτρα
1887 1393 2016 1450 κρα-

444 1467 612 1532 ταιῶς
637 1467 1019 1532 ἀνατέταλκεν,
1051 1471 1108 1522 ὲν
1132 1461 1176 1536 ᾧ
1202 1466 1539 1538 σκηνώματα
1563 1468 1836 1522 Αἰθιόπων
1855 1484 2020 1537 πτοη-

447 1557 706 1630 θήσονται
754 1559 850 1612 καὶ
902 1559 1100 1631 σκηναὶ
1119 1560 1224 1629 γῆς
1267 1560 1481 1614 Μαδιάν
1503 1577 1518 1592 ο
1548 1561 1608 1614 σὲ
1665 1559 1872 1626 δοξάζω
1921 1559 2018 1630 τήν

445 1649 708 1721 ἀμίαντον
740 1651 954 1721 ἀμνάδα
984 1667 999 1682 ·
1061 1651 1120 1704 σὲ
1168 1649 1324 1722 ὐμνῶ
1374 1652 1476 1722 τήν
1520 1650 1973 1722 κεχαριτωμένην
1999 1667 2014 1682 ’

449 1741 508 1792 σὲ
537 1739 760 1809 ἀνυμνῶ
791 1740 892 1809 τὴν
917 1741 983 1794 ὲκ
1014 1740 1204 1794 πασῶν
1233 1739 1342 1794 τῶν
1364 1740 1566 1809 γενεῶν
1611 1739 2019 1810 ἀναδειχθείσαν

2108 569 2348 639 gentium
2400 584 2600 624 vocans
2639 569 2707 623 ad
2745 567 2913 622 Deum
2940 565 3278 620 adorandum
3313 563 3440 617 inde
3503 578 3678 631 usque

2107 674 2139 713 a
2179 659 2379 714 ﬁnibus
2414 668 2569 713 terra:
2595 675 2610 722 ;
2639 667 2693 712 te
2725 659 2888 712 etiam
2927 655 3117 708 Daniel
3141 656 3220 708 vir
3238 653 3679 706 desideriorum”

2107 747 2466 815 proclamavit
2502 757 2736 800 montem
2767 746 3038 814 ingentem
3096 743 3164 806 “,
3200 757 3232 795 e
3281 755 3390 810 quo
3421 738 3676 793 Christus

2109 833 2248 902 lapis
2278 834 2561 904 angularis
2601 831 2973 894 abscindatur,
3005 839 3058 884 et
3099 829 3454 884 simulacrum
3491 826 3676 879 multi-

2109 923 2306 980 formis
2367 923 2632 994 serpentis
2681 923 2838 976 ruina
2897 929 3061 990 atque
3113 917 3280 973 exitio
3351 915 3682 986 dissipabit;

2114 999 2167 1072 te
2221 1016 2376 1086 pueri
2434 1024 2546 1070 tres
2597 1013 2888 1084 Babylonis
2950 1011 3121 1081 ﬁgura
3172 999 3582 1071 adumbrantes,
3629 1016 3692 1061 et

2113 1102 2570 1170 eXSpectationem
2602 1099 2723 1154 Filii
2747 1099 2826 1154 tui
2857 1100 3040 1154 animo
3065 1097 3263 1159 intuiti,
3302 1096 3577 1151 fornacem
3603 1109 3688 1150 se-

2116 1193 2292 1262 ptenis
2321 1191 2590 1247 incendiis
2619 1201 2834 1246 auctam
2890 1189 3346 1259 perambularunt
3389 1187 3570 1250 illaesi,
3632 1195 3690 1239 et

2117 1283 2171 1337 in
2221 1283 2400 1338 medio
2432 1283 2556 1350 igne
2583 1281 2740 1352 quasi
2791 1282 2847 1336 in
2881 1281 3124 1336 thalamo
3173 1279 3279 1334 laeti
3329 1277 3634 1348 gestiebant
3668 1293 3690 1342 ;

2118 1371 2452 1428 tellabacuc
2472 1371 2718 1426 Thsman
2767 1379 3002 1426 montem
3037 1371 3270 1440 appellat
3331 1371 3400 1433 ",
3453 1383 3520 1422 ex
3579 1383 3692 1437 quo

2118 1463 2261 1534 regis
2288 1473 2503 1534 sceptra
2540 1471 2794 1534 potenter
2849 1472 3042 1517 exorta
3074 1469 3227 1520 sunt.
3270 1461 3323 1514 in
3358 1475 3468 1532 quo
3525 1459 3690 1528 trepi-

2118 1555 2338 1611 datione
2364 1555 2732 1626 percelluntur
2761 1555 3110 1611 tabernacula
3127 1553 3468 1624 Ethiopntn,
3497 1561 3552 1608 et
3575 1561 3691 1607 ten-

2123 1645 2260 1702 toria
2291 1654 2452 1701 terra:
2481 1645 2716 1700 Madian.
2747 1645 2825 1700 Te
2855 1645 3066 1700 honoro
3095 1659 3291 1716 agnam
3357 1643 3678 1697 immacula-

2123 1747 2256 1804 tam,
2292 1749 2343 1794 te
2365 1739 2602 1808 prazdico
2624 1741 2796 1810 gratia
2827 1741 3064 1808 plenam,
3107 1747 3157 1792 te
3183 1735 3348 1792 eﬂ'ero
3398 1751 3428 1790 e
3481 1736 3692 1790 cunctis

444 1828 582 1882 Θεοῦ
607 1829 826 1901 νύμφην
853 1847 868 1860 ⁸
901 1831 962 1884 σε
985 1831 1282 1902 ἀναμέλπω
1308 1831 1407 1902 τὴν
1462 1831 1580 1885 νέον
1607 1831 1836 1902 οὐρανὸν
1885 1829 2015 1900 μέλ·
2049 1862 2051 1869 ι

2132 1829 2568 1902 generationibus
2593 1831 2936 1900 designatam
2972 1827 3066 1884 Dei
3096 1843 3383 1898 Sponsam,
3422 1837 3473 1882 te
3529 1841 3690 1891 cano,

445 1921 643 1975 λουσαν
701 1921 1132 1992 ἀναδειχθῆναι·
1181 1923 1242 1976 σὲ
1303 1921 1564 1994 προσάγω
1611 1921 1688 1985 ὡς
1731 1920 2018 1993 κειμήλιον

2132 1937 2243 1992 quae
2276 1935 2403 1975 mox
2435 1934 2637 1976 novum
2693 1919 2902 1975 cmlum
2936 1920 3288 1990 cognosceris
3319 1936 3334 1985 ;
3368 1927 3421 1974 te
3479 1917 3700 1974 adduco

447 2012 684 2084 καθαρὸν
716 2014 774 2066 ὲν
801 2011 880 2082 τῷ
920 2011 1034 2083 ναῷ
1063 2011 1268 2082 Κυρίου
1295 2028 1308 2043 ·
1341 2013 1401 2065 σὲ
1432 2010 1722 2083 μεγαλύνω
1747 2010 1845 2082 τὴν
1889 2011 2016 2065 νέαν

2132 2021 2380 2082 tanquam
2428 2011 2744 2066 thesaurum
2798 2011 3258 2080 pretiosissimum
3321 2009 3374 2063 in
3432 2008 3692 2078 templum

444 2103 708 2172 διαθήκην
731 2142 747 2168 ,
787 2103 844 2156 ὲν
883 2096 1028 2174 ᾗπερ
1059 2103 1088 2155 ό
1130 2102 1375 2164 Μεσσίας
1419 2102 1653 2173 Χριστὸς
1699 2103 2017 2171 ἐγγραφεὶς,

2132 2101 2378 2170 Domini;
2421 2111 2474 2157 te
2501 2101 2702 2158 extollo
2745 2100 2956 2156 Novum
2987 2099 3422 2165 Testamentum,
3475 2099 3528 2153 in
3583 2115 3694 2169 quo

446 2192 508 2246 τὸ
537 2191 637 2260 μὲν
671 2192 906 2262 γράμμα
939 2191 1284 2246 καταπαύσει
1337 2189 1434 2244 τοῦ
1464 2190 1652 2260 νόμου,
1683 2189 1786 2260 τῆς
1811 2187 1874 2244 δὲ
1919 2189 2016 2261 χά-

2132 2193 2350 2250 Messias
2375 2194 2628 2251 Christus
2653 2195 2972 2264 inscriptus,
3007 2193 3132 2248 hinc
3187 2192 3387 2247 litteras
3433 2191 3692 2260 legalium

451 2299 609 2354 ριτος
653 2283 754 2352 τήν
776 2282 967 2352 κλῆσιν
1016 2280 1448 2353 ὔξανατελεϊςδιά
1476 2281 1570 2334 τοῦ
1600 2280 1979 2352 βαπτίσματος
2003 2296 2020 2312 ο

2132 2286 2284 2342 nem
2315 2287 2577 2357 imponet,
2616 2286 2741 2341 inde
2775 2283 3080 2340 vocationis
3111 2284 3298 2355 gratiae
3335 2281 3550 2337 initium
3609 2280 3694 2336 fa-

447 2375 543 2427 καὶ
583 2375 684 2444 τῆς
719 2373 818 2441 μὲν
872 2373 1180 2446 περιτομῆς
1228 2373 1328 2443 τὴν
1367 2373 1525 2426 σκιάν
1555 2373 1824 2444 διακόψει,
1857 2372 1952 2426 τοῦ
1967 2374 2024 2428 δὲ

2132 2377 2248 2442 ciet,
2281 2391 2379 2447 per
2409 2375 2738 2446 baptismum
2764 2391 2780 2441 ;
2805 2373 2932 2428 hinc
2963 2373 3210 2428 umbram
3245 2377 3560 2441 perrumpet
3582 2369 3690 2424 cir-

451 2465 764 2537 Πνεύματος
796 2466 896 2536 τήν
927 2467 1234 2535 παρουσίαν
1265 2467 1378 2529 τοῖς
1405 2467 1475 2524 ὲν,
1522 2468 1594 2536 γῇ
1649 2465 2020 2536 καταπέμψει.

2132 2470 2499 2534 cumcisionis,
2527 2469 2653 2525 inde
2700 2465 3048 2538 praesentiam
3109 2465 3353 2536 Spiritus
3401 2461 3700 2532 terrigenis

2122 2564 2413 2619 desursum
2447 2563 2730 2634 largietur.“

519 2639 578 2693 l'.
609 2638 832 2702 Τούτοις
859 2641 974 2705 τοῖς
1009 2641 1175 2712 ἱεροῖς
1201 2641 1378 2709 λόγοις
1411 2643 1440 2696 ὁ
1468 2639 1755 2714 προφήτης
1781 2641 1880 2714 τὴν
1902 2643 2028 2698 Μα-

453 2731 574 2801 ρίαν
606 2732 1051 2802 κατακοσμήσας,
1073 2732 1408 2798 ἀναϐιϐάσας
1435 2735 1607 2806 αὐτὴν
1635 2735 1714 2800 είς
1752 2735 1814 2788 τὸ
1840 2735 2030 2790 θυσια-

452 2819 695 2890 στήριον,
727 2819 918 2892 Κυρίῳ
953 2821 1030 2892 τῷ
1058 2821 1179 2892 Θεῷ
1215 2824 1504 2894 παρέθετο.
1537 2825 1702 2880 Ὅθεν
1750 2826 1801 2880 ol
1839 2829 2036 2900 γεννή-’

451 2927 606 2982 τορες
641 2911 897 2984 Ἰωακεὶμ
943 2913 1040 2968 καὶ
1063 2915 1233 2974 Ἄννα
1281 2919 1338 2970 ὲν
1377 2920 1521 2990 χαρᾷ
1565 2919 1794 2990 καρδίας
1833 2922 1900 2976 ἐκ
1935 2921 2029 2975 τοῦ

453 3000 582 3055 ναοῦ
627 3003 994 3074 ὑπέστρεψαν,
1039 3005 1411 3078 θαυμάζοντες
1461 3004 1564 3077 τῆς
1615 3010 1893 3080 Παρθένου
1933 3011 2030 3084 τὴν

455 3091 670 3146 σύνεσιν
715 3095 808 3148 καὶ
843 3095 1111 3168 τδπρᾶον
1143 3099 1237 3152 καὶ
1270 3101 1451 3170 ῆπιον.
1493 3099 1809 3174 Ὑπερόᾶσα
1851 3103 2032 3157 τοίνυν

456 3183 596 3254 αῦτη
622 3183 692 3238 τά
731 3184 839 3239 τῶν
865 3187 1076 3256 νηπίων
1104 3187 1466 3260 ψελλίσματα,
1511 3189 1589 3258 τῷ
1631 3191 2033 3262 παντοκράτορι

457 3275 770 3346 καταμόνας
799 3276 1080 3348 ἐλάτρευε,
1105 3281 1198 3333 καὶ
1219 3279 1424 3352 τροφήν
1447 3280 1740 3352 οὐρανόθεν
1768 3281 2033 3352 δεχομένη

455 3366 525 3420 δι’
554 3368 787 3436 ἀγγέλου
829 3368 928 3441 τὴν
965 3371 1076 3426 τῶν
1111 3371 1414 3444 ἀνθρώπων
1444 3372 1650 3444 βρῶσιν
1689 3373 2034 3440 ὲόδελύξατο,

456 3459 554 3514 καὶ
580 3459 659 3532 τῷ
685 3461 798 3532 ναῷ
823 3463 1166 3534 καθεκάστην
1188 3464 1646 3534 προσεδρεύουσα,
1679 3465 1742 3516 τὸ
1773 3463 2036 3534 κοσμικδν

459 3551 646 3620 σχῆμα
669 3551 743 3614 ὡς
767 3553 1009 3623 ἀράχνης
1033 3554 1177 3605 ίστὺν
1201 3554 1478 3620 ἐλογίσατο
1496 3570 1510 3584 ’
1539 3555 1634 3608 καὶ
1663 3555 1756 3606 τοῦ
1784 3555 2036 3622 οὐρανίου

455 3639 619 3692 ὄλϐου
663 3640 1017 3710 ὲπιτυχοῦσα,
1047 3641 1142 3694 τὸν
1185 3641 1428 3711 ἐπίγειον
1458 3641 1688 3697 πλοῦτον
1724 3645 2033 3714 ἠρνήσατοσ

461 3731 557 3784 καὶ
595 3731 771 3801 χαράν
795 3732 896 3802 τὴν
934 3730 1046 3785 τῶν
1067 3731 1314 3801 ἀγγέλων
1345 3733 1694 3803 καθεκάστην
1734 3733 2036 3806 θεωροῦσα,

458 3818 570 3872 τῶν
601 3815 694 3873 τοῦ
726 3818 842 3889 βίου
885 3819 1183 3889 φροντίδων
1228 3821 1478 3892 ἀνωτέρα
1521 3823 1815 3887 ἐδείκνυτο,
1856 3825 2040 3880 καὶτὸ

461 3908 690 3981 Πνεῦμα
709 3909 772 3964 τὸ
793 3910 948 3978 ἅγιον
971 3910 1215 3976 άεννάως
1235 3911 1441 3982 ὁρῶσα,
1471 3912 1580 3966 τῶν
1605 3913 1858 3985 πονηρῶν
1881 3931 2042 3970 πνευ-

465 4001 652 4072 μάτων
679 4001 778 4066 τάς
809 4002 1098 4072 φάλαγγας
1131 4004 1382 4074 ἀοράτως
1413 4003 1716 4078 ἀπήλαυνε.

533 4091 634 4149 1Δ¹.
668 4093 734 4148 Τί
759 4093 871 4166 γάρ
891 4094 1160 4167 ἔπραττεν
1185 4097 1220 4166 ἡ
1245 4094 1522 4167 Παρθένος
1544 4098 1626 4162 είς
1649 4097 1720 4152 τὰ
1745 4097 1912 4167 Ἀγια
1931 4097 2036 4152 τῶν

464 4183 636 4250 ἁγίων
663 4185 1060 4256 περιπολοῦσας
1087 4185 1306 4258 Τροφήν
1325 4187 1575 4256 ἀγγείλων
1597 4188 1668 4242 δι’
1688 4188 1919 4259 ἀγγέλου
1933 4191 2043 4242 είσ-

465 4273 711 4346 εδέχετοο
739 4279 836 4329 καὶ
869 4276 947 4340 ὡς
974 4275 1276 4350 περιστερά
1321 4277 1559 4348 ἀκεραία
1597 4277 1700 4350 τήν
1743 4278 2042 4350 παρθενίαν

464 4365 730 4437 τηροῦσα,
761 4369 853 4423 τὸν
881 4369 978 4424 τοῦ
1005 4368 1138 4425 ναοῦ
1186 4369 1284 4424 καὶ
1313 4369 1546 4442 οὐρανοῦ
1588 4372 1684 4426 καὶ
1715 4373 1822 4442 γῆς
1866 4372 2042 4443 Δημι-

2195 2654 2264 2708 X.
2301 2655 2592 2725 Postquam
2630 2653 2894 2724 propheta
2925 2649 3291 2706 sanctissimis
3334 2646 3486 2702 hisce
3518 2645 3700 2700 laudi—

2127 2747 2229 2802 bus
2255 2745 2480 2801 Mariam
2513 2745 2829 2805 cumulavit.
2851 2758 2972 2798 eam
2997 2743 3064 2798 ad
3089 2755 3338 2798 summos
3367 2738 3554 2794 altaris
3575 2751 3702 2808 gra-

2127 2839 2230 2894 dus
2283 2838 2568 2894 deductam
2624 2837 2857 2892 Domino
2908 2835 3018 2890 Deo
3069 2833 3286 2889 obtulit.
3333 2828 3700 2898 Quamobrem
3780 2893 3788 2900 _

2129 2931 2402 3001 genitores
2433 2929 2750 2985 Joachimus
2779 2937 2834 2982 et
2866 2929 3026 2982 Anna
3076 2927 3202 2982 laeto
3230 2925 3415 2979 animo
3441 2935 3474 2978 ο
3504 2919 3706 2991 templo

2132 3023 2361 3094 regressj
2392 3031 2540 3088 sunt,
2573 3021 2816 3092 Virginis
2850 3019 3262 3090 intelligentiam
3297 3028 3352 3072 et
3386 3022 3708 3070 mansuetu-

2133 3117 2314 3170 dinem
2348 3123 2403 3171 et
2431 3113 2820 3184 benignitatem
2853 3115 3210 3170 admirantes.
3257 3108 3378 3180 Ipsa
3416 3121 3582 3180 porro
3623 3105 3708 3158 in-

2135 3205 2365 3261 fantium
2413 3215 2797 3276 praetergressa
2841 3203 3161 3268 balbutiem,
3195 3201 3406 3258 colebat
3442 3197 3707 3266 Omnipo-

2136 3306 2362 3362 tentem,
2387 3304 2442 3352 et
2471 3296 2864 3352 nutrimentum
2909 3311 2942 3350 e
2970 3294 3110 3350 caelo
3139 3309 3237 3364 per
3273 3290 3531 3361 angelum
3560 3288 3710 3342 acci-

2135 3389 2292 3458 piens
2343 3387 2701 3442 aversabatur
2745 3387 3024 3456 vulgarem
3066 3385 3274 3450 cibnm,
3307 3391 3365 3438 et
3411 3381 3466 3436 in
3508 3381 3711 3450 templo

2138 3477 2382 3548 qu0tidie
2413 3476 2631 3532 assidua
2683 3490 2772 3530 res
2807 3476 2995 3531 mundi
3043 3476 3280 3530 caducas
3325 3473 3470 3528 velut
3523 3471 3710 3526 aranei

2138 3569 2301 3622 telam
2353 3566 2658 3637 reputabat,
2713 3573 2781 3622 et'
2815 3565 2940 3622 coeli
2985 3580 3116 3635 opes
3165 3573 3416 3619 assecuta
3467 3573 3712 3618 terrenas

2139 3659 2353 3715 divitias
2379 3657 2693 3728 respuebat,
2727 3665 2782 3712 et
2805 3656 3068 3729 gaudium
3103 3655 3426 3726 angelorum
3459 3654 3711 3725 quotidie

2141 3751 2550 3819 contemplans,
2613 3748 2780 3820 hujus
2848 3747 2975 3802 vitae
3045 3745 3194 3802 curis
3249 3745 3587 3816 superiorem
3653 3759 3714 3800 se

2143 3839 2504 3906 monstrabat,
2557 3849 2614 3894 et
2663 3848 2914 3894 sanctum
2980 3835 3249 3906 Spiritum
3308 3845 3568 3906 perpetuo
3627 3835 3714 3889 in-

2145 3933 2321 3992 tuens,
2352 3925 2620 3980 malorum
2650 3924 2942 3996 spirituum
2976 3923 3192 3996 agmina
3229 3922 3577 3980 invisibiliter
3601 3925 3716 3981 dis-

2137 4016 2380 4088 jiciebat.

2211 4108 2305 4164 XI:
2335 4109 2477 4176 Quid
2509 4108 2654 4164 enim
2687 4107 2879 4180 agebat
2911 4107 3076 4179 Virgo
3112 4109 3314 4181 degens
3349 4109 3401 4163 in
3433 4108 3720 4166 sanctissi-

2143 4201 2250 4258 mis
2281 4201 2466 4272 templi
2490 4201 2710 4274 adytis?
2739 4202 3068 4274 Angelorum
3092 4203 3376 4280 cibumab
3404 4204 3596 4275 angelo
3626 4219 3718 4258 ac-

2148 4295 2404 4364 cipiebat.
2428 4302 2484 4350 et
2507 4294 2874 4350 immaculatae
2904 4297 3170 4351 columba:
3199 4295 3397 4352 similis
3423 4295 3720 4368 virginita-

2148 4395 2256 4444 tem
2307 4401 2556 4451 servans,
2597 4386 2785 4458 templi
2835 4394 2891 4442 et
2933 4387 3056 4443 οωιί
3111 4396 3381 4460 terraeque
3431 4386 3613 4458 opiﬁci
3642 4379 3748 4459 (5’)ι

465 4457 663 4554 ουργδν
694 4459 811 4528 μετ’
833 4460 1190 4532 εὐχαριστίας
1225 4466 1282 4516 ἐν
1311 4462 1597 4534 παρρησίᾳ
1624 4462 1854 4534 καρδίας
1885 4465 2040 4518 λιταο

2145 4496 2272 4536 cum
2307 4483 2604 4554 gratiarum
2639 4483 2854 4538 aetione
2883 4492 2938 4538 et
2963 4481 3289 4540 effusissimo
3317 4483 3486 4538 animi
3523 4483 3721 4538 aﬂ‘ectu

465 4543 720 4612 νεύουσα,
765 4547 952 4618 ἔλεγεν
975 4565 990 4581 ·
1051 4551 1203 4624 ’.ᾼσω
1249 4570 1355 4619 σοι,
1403 4553 1784 4626 παντόκρατορ
1827 4554 2042 4627 ὖψιστε,

467 4635 550 4688 ὅτι
579 4635 808 4704 ἀφεῖλες
818 4639 912 4692 τὸν
929 4639 1230 4712 ὀνειδισμὸν
1253 4646 1353 4716 τῆς
1375 4645 1724 4717 προμήτορός
1747 4663 1851 4718 μου
1874 4647 2041 4714 Εὐας·

470 4728 564 4782 καὶ
594 4727 685 4782 διά
722 4729 824 4800 τήν
853 4730 952 4803 σήν
979 4732 1185 4802 ἄφατον
1213 4735 1617 4808 εὐσπλαγχνίαν
1654 4738 1745 4792 τὸν
1778 4743 2044 4815 μονογενῆ

471 4833 568 4872 σου
597 4819 726 4874 Υίδν
755 4820 970 4891 μέλλεις
996 4825 1354 4910 καταπέμψαι
1374 4829 1467 4882 ἐπὶ
1493 4829 1619 4900 γῆς,
1649 4829 1792 4887 ὥστε
1813 4836 1926 4898 τοῖς
1947 4836 2044 4890 ἀν-

471 4912 714 4984 θρώποις
749 4918 1294 4989 συναναστραφῆναιο
1327 4921 1408 4974 διδ
1431 4927 1852 4997 κατοικητήριον
1885 4929 2050 4984 αὐτοῦ

469 5007 775 5078 γενήσομαι
805 5007 1044 5082 καθαρὸν
1073 5012 1168 5064 καὶ
1198 5013 1482 5084 ἀμίαντον.

541 5097 728 5156 Ὅπου
762 5100 871 5172 γάρ
896 5103 934 5171 ἡ
959 5102 1212 5172 ἁμαρτία
1239 5105 1637 5172 ἐπλεόνασεν,
1663 5111 2053 5180 ὑπερεπερίσ-

469 5205 702 5246 σευσεν
730 5191 770 5259 ἡ
803 5193 994 5262 χάρις.
1024 5193 1124 5247 Διά
1156 5197 1414 5262 γυναικὸς
1452 5197 1544 5252 τὸν
1568 5199 1798 5253 θάνατον
1824 5201 2052 5272 ὲκερδή-

474 5295 678 5350 σαμεν·
712 5281 802 5335 διὰ
828 5285 1085 5350 γυναικὸς
1123 5279 1286 5339 πάλιν
1317 5287 1656 5342 ἀνακαινίσει
1689 5291 1758 5343 τά
1792 5290 2046 5363 σύμπαν-

471 5385 541 5423 τα
563 5385 580 5400 ·
609 5371 698 5426 διά
727 5372 822 5426 τοῦ
849 5373 1026 5443 δφεως
1065 5376 1169 5447 τῆς
1213 5379 1418 5450 πικρᾶς
1455 5380 1698 5447 γεύσεως
1747 5381 2046 5454 δεδέγμεθα

472 5458 571 5532 τὴν
601 5460 802 5532 βρῶσιν
826 5481 841 5495 ·
874 5465 942 5520 δι’
967 5467 1133 5520 αὐτοῦ
1157 5467 1214 5522 δὲ
1235 5469 1398 5524 πάλιν
1423 5470 1526 5542 τὴν
1555 5471 1758 5544 βρῶσιν
1785 5474 1888 5544 τῆς
1911 5474 2047 5530 ἀθα-

504 5601 550 5632 ²⁵
586 5599 721 5655 Dan.
769 5617 825 5667 ιι,
863 5603 949 5659 ll.

2148 4573 2225 4628 ita
2255 4573 2590 4644 supplicabat
2618 4591 2630 4626 :
2669 4572 2926 4630 Laudabo
2954 4584 3024 4642 te,
3051 4575 3399 4644 omnipmens
3419 4573 3720 4642 Altissimc,

2150 4664 2247 4736 qui
2294 4665 2506 4734 primat
2534 4665 2812 4736 genitricis
2857 4681 2990 4720 mea:
3031 4661 3156 4722 Eva:
3201 4665 3478 4722 abstulisti
3525 4679 3726 4736 oppro-

2148 4754 2354 4818 brium,
2381 4763 2435 4810 et
2469 4764 2690 4826 propter
2730 4756 3052 4812 ineﬂ‘abilem
3087 4757 3524 4814 misericordiam
3573 4767 3725 4814 tuam

2157 4845 2428 4902 missurus
2455 4861 2516 4902 es
2546 4845 2600 4900 in
2633 4855 2833 4902 terram
2863 4846 3056 4902 Filium
3081 4855 3232 4904 tuum
3264 4848 3631 4920 unigenitum,
3667 4857 3728 4905 ut

2151 4953 2277 4993 cum
2303 4937 2616 4994 hominibus
2637 4949 3014 4995 conversetur.
3042 4937 3225 5006 Quare
3257 4940 3521 4998 habitatio
3551 4943 3726 5014 ipsius

2153 5029 2278 5084 ﬁam
2311 5045 2446 5100 pura
2477 5041 2533 5086 et
2561 5030 2931 5088 immaculata.

2225 5118 2295 5174 Et
2327 5135 2480 5186 sane,
2510 5121 2601 5176 ubi
2653 5123 2942 5178 abundavit
2967 5123 3240 5191 delictum,
3281 5123 3730 5193 superabundavit

2155 5213 2332 5281 gratia
2361 5213 2429 5268 ⁸⁸.
2461 5213 2568 5268 Per
2597 5215 2880 5270 mulierem
2911 5225 3142 5272 mortem
3169 5205 3362 5272 lucrati
3390 5232 3602 5282 sumus,
3637 5229 3730 5283 per

2153 5299 2437 5356 mulierem
2496 5301 2751 5358 universa
2800 5303 2915 5373 ipse
2964 5303 3532 5361 rursus‘instaurabit
3576 5321 3589 5358 :
3633 5318 3730 5373 per

2153 5397 2462 5458 serpentem
2519 5390 2701 5446 cibum
2761 5393 3074 5464 accepimus
3128 5392 3300 5447 amari
3347 5391 3580 5457 saporis,
3633 5405 3728 5460 per

2153 5477 2332 5548 ipsum
2363 5495 2494 5536 vero
2533 5497 2752 5538 rursum
2797 5499 3084 5540 vescemur
3123 5483 3248 5538 cibo
3277 5481 3724 5537 immortalitatis.

1059 5608 1106 5640 “
1151 5606 1528 5687 ibid._t_t_,__54,
1713 5608 1760 5687 ’_'
1787 5609 1938 5687 Quod
1976 5608 2250 5687 _Vu_lgatus
2284 5613 2582 5687 _in_t_erpres
2613 5615 2840 5687 (Habac.
2895 5632 2978 5683 tu,
3019 5617 3072 5687 ὅ)
3133 5615 3312 5683 habet,
3347 5613 3486 5669 Deus
3521 5613 3582 5668 ab
3617 5611 3729 5667 Au-

475 5677 586 5724 stro
619 5671 803 5738 veniet,
829 5671 970 5728 LXX
1026 5676 1205 5732 versio
1231 5671 1462 5732 reddidit
1506 5679 1534 5730 ὀ
1561 5678 1692 5742 θεὸς
1728 5679 1791 5730 ὲκ
1811 5671 2032 5749 ’Θαιμάν

2132 5697 2178 5732 ει
2281 5683 2322 5714 ³³
2358 5671 2514 5740 limit.
2543 5702 2595 5751 ν,
2619 5671 2712 5740 ΞΟ.

545 5801 642 5878 (5⁸)
669 5805 861 5864 I‘cxtus
903 5809 990 5867 hic
1022 5811 1320 5869 mendosus
1351 5812 1582 5889 videtur.
