4090 6286
374 5767 388 5804 ι

433 265 568 331 1495
1454 272 1552 357 νδ.
1593 270 1899 333 ΤΑΒΑΞΙΙ
1943 272 1993 334 Ρ⁴

2096 273 2444 336 ΒῙΑΠΟΗΕ
2501 276 2610 336 CP.
3532 265 3662 329 14ῗὸ

428 374 612 430 Prima
646 389 840 446 parens
871 376 981 432 Eva
1018 377 1248 433 Cainum
1293 379 1346 433 in
1382 379 1556 436 lucem
1593 383 1760 438 edidit
1787 385 1993 441 invidia:

2104 391 2294 451 νασιας
2325 385 2808 460 χορτασθησόμεθα
2828 402 2842 416 °
2877 386 2909 454 ή
2939 383 3243 454 προμήτωρ
3277 379 3385 433 Εὔα
3413 381 3554 434 Κάῖν
3577 383 3663 433 τέ-

427 475 484 520 et
508 467 762 538 nequitia:
785 467 1127 539 principem;
1159 471 1475 540 unigenitus
1514 472 1686 529 Filius
1729 484 1856 531 tuus
1893 477 1993 530 erit

2097 499 2248 548 τοκε,
2283 483 2478 552 φθόνου
2511 481 2606 536 καὶ
2635 477 2831 540 κακίας
2853 477 3094 548 ἀρχηγόν
3116 493 3129 506 ·
3167 475 3196 526 ὁ
3243 473 3540 544 μονογενής
3573 489 3664 525 σου

431 559 823 628 primogenitus
869 559 992 616 vitae
1037 575 1103 616 ac
1136 563 1574 618 resurrectionis.
1619 565 1664 619 0
1695 566 1993 622 inauditum

2099 575 2247 641 Υἱὸς,
2277 576 2422 646 ζωῆς
2463 573 2559 628 καὶ
2591 570 2940 634 ἀναστάσεως
2974 569 3262 639 γενήσεται
3299 566 3664 637 πρωτότοκος.

429 647 768 716 prodigium!
801 663 835 704 ο
861 649 1236 704 admirandam
1266 653 1558 706 novitatem
1582 654 1594 706 ε
1621 669 1654 708 ο
1677 655 1994 724 sapientiam

429 735 596 790 nullis
625 736 806 792 verbis
832 741 1258 808 coasquandaml

499 823 615 878 XII.
647 823 768 891 Quo
811 825 977 894 igitur
1023 828 1244 883 nomine
1301 828 1526 884 Mariam
1569 833 1998 901 appellabimus?

427 913 568 968 Num
601 914 799 971 coelum
819 916 843 970 ?
865 925 921 971 et
943 933 1076 974 sane
1103 920 1228 974 caeli
1264 928 1530 991 terraeque
1561 923 1867 978 effectorem
1894 940 1994 980 suo

427 1014 586 1060 utero
633 1007 920 1062 conclusit.
955 1007 1038 1063 An
1068 1009 1286 1065 solem?
1318 1013 1434 1079 ipsa
1469 1013 1614 1066 enim
1653 1014 1852 1081 septies
1879 1015 1993 1069 sole

426 1094 766 1164 splendidior
786 1099 1019 1165 enitens,
1044 1098 1272 1169 justitim
1295 1099 1474 1155 Solem
1505 1104 1772 1172 concepit.
1803 1107 1884 1156 An
1911 1109 1994 1158 ln-

427 1199 550 1238 nam
567 1186 594 1239 ἲ
619 1185 818 1240 etenim
853 1186 1262 1257 incomparabili
1299 1190 1702 1258 pulchritudine
1727 1193 1990 1260 emicans,

423 1275 705 1332 Christum
753 1277 900 1332 omni
935 1277 1339 1345 pulchritudine
1367 1282 1626 1335 decorum
1659 1282 1883 1352 peperit.
1909 1284 1990 1336 An

427 1365 625 1420 nubem
647 1367 672 1420 ?
693 1367 891 1421 etenim
916 1381 1064 1432 eum,
1087 1369 1183 1438 qui
1215 1371 1456 1426 nubibus
1483 1373 1735 1436 vestitur,
1760 1374 1878 1428 suis
1911 1373 1994 1426 ul-

425 1453 514 1508 nis
559 1454 807 1524 gestavit.
841 1455 924 1509 An
959 1456 1383 1512 candelabrum?
1414 1459 1612 1514 etenim
1655 1461 1709 1514 in
1754 1462 1994 1517 tenebris

422 1548 478 1595 et
505 1543 696 1597 umbra
743 1543 938 1598 mortis
967 1543 1282 1600 sedentibus
1313 1545 1406 1598 lux
1433 1544 1670 1601 refulsit.
1717 1546 1800 1600 An
1843 1547 1992 1602 thro-

425 1633 595 1687 num?
621 1633 820 1688 etenim
857 1649 981 1689 eum
1011 1635 1104 1705 qui
1143 1635 1197 1689 in
1223 1644 1447 1706 paterno
1471 1637 1668 1692 throno
1700 1637 1992 1692 invisibilis

2101 664 2165 715 Ὦ
2205 661 2298 716 τοῦ
2344 661 2645 734 παραδόξου
2675 656 2985 730 θαύματοςι
3021 655 3068 710 ὣ
3110 658 3210 740 τῆς
3237 655 3432 727 καινῆς
3463 655 3663 723 ἐκπλή-

2101 751 2235 816 ξεως
2260 752 2273 804 l
2302 751 2348 804 ὣ
2376 755 2476 821 τῆς
2497 749 2778 820 ἀφράστου
2807 747 3030 816 σοφίαςῑ

2173 843 2270 896 IB'.
2301 843 2367 894 Τί
2399 839 2492 896 οὗν
2521 841 2825 910 καλέσομεν
2849 839 2948 909 τὴν
2975 838 3232 907 Μαρίαν;
3261 836 3525 909 οὗρανόνς
3572 840 3667 890 καὶ

2097 933 2205 1000 7&9
2233 933 2324 985 τὸν
2355 931 2585 1004 ούρανοῦ
2622 931 2716 984 καὶ
2743 931 2846 1000 γῆς
2874 929 3104 998 ποιητὴν
3147 932 3204 982 ὲν
3246 930 3429 1000 μήτρςι⁵
3459 914 3666 1000 ἐχώρη-

2099 1039 2189 1076 σεν
2210 1038 2222 1051 ⁸
2254 1019 2440 1091 ἧλιον;
2467 1019 2605 1088 αῦτη
2629 1017 2736 1090 7&9
2760 1016 2856 1071 τοῦ
2882 1017 3034 1088 ἡλίου
3057 1015 3444 1081 ἑπταπλασιως
3470 1033 3665 1083 φωτει-

2097 1112 2290 1180 νοτέρα
2317 1111 2656 1181 ὑπάρχουσα,
2677 1109 2769 1163 τὸν
2795 1108 2946 1180 ἦλιον
2970 1107 3072 1178 τῆς
3099 1106 3443 1178 δικαιοσύνης
3473 1107 3662 1160 ὑπεδέο

2096 1204 2257 1270 ξατοο
2306 1203 2572 1272 σελήνην;
2633 1200 2770 1272 αὕτη
2826 1201 2936 1270 7&9
2978 1201 3038 1254 τὸ
3085 1200 3280 1263 κάλλος
3333 1199 3663 1270 ἀσύγκριτον

2095 1293 2313 1362 ἔχουσα,
2343 1293 2434 1346 τὸν
2454 1292 2653 1362 ὡραῖον
2687 1291 2872 1344 κάλλει
2904 1292 3138 1360 Χριστὸν
3165 1290 3444 1361 ἀπεκύησε
3466 1309 3480 1322 σ
3507 1288 3666 1358 νεφέ-

2094 1385 2192 1454 λην
2219 1401 2232 1450 ;
2269 1383 2364 1436 κα)⁵
2393 1383 2502 1454 γάρ
2529 1382 2620 1436 τὸν
2645 1383 2749 1436 ἐπὶ·
2768 1381 3008 1451 νεφελῶν
3031 1379 3391 1450 ὲποχούμενον
3417 1381 3537 1442 ταῖς
3557 1379 3663 1446 ἀγ-

2094 1475 2288 1538 κάλαις
2318 1473 2585 1526 ἐϐάστασε
2605 1487 2620 1502 ο
2652 1472 2906 1542 λυχνίαν;
2949 1471 3042 1524 καὶ
3071 1471 3182 1542 γὰρ
3215 1470 3276 1524 τὸ
3315 1471 3432 1540 φῶς
3457 1473 3572 1534 τοῖς
3604 1472 3663 1524 ἐν

2096 1566 2278 1620 σκότει
2325 1565 2424 1618 καὶ
2479 1565 2606 1635 σκιᾷ
2661 1563 2894 1616 θανάτου
2951 1562 3286 1632 καθημένοις
3340 1561 3618 1633 ἐξέλαμψε
3643 1577 3659 1593 ο

2095 1657 2318 1727 θρόνονς
2351 1657 2446 1709 καὶ
2477 1655 2586 1726 7&9
2617 1655 2708 1708 τὸν
2739 1656 2798 1706 ὲν
2825 1653 2999 1724 θρόνῳ
3025 1649 3102 1724 τῷ
3138 1653 3388 1724 πατρικῷ
3411 1653 3664 1724 ἀοράτως

423 1733 634 1796 regnat,
666 1723 721 1778 in
753 1723 958 1794 Spiritu
983 1734 1174 1781 sancto
1199 1725 1674 1796 circumscriptum
1713 1743 1814 1783 suo
1837 1737 1992 1783 utero

2096 1713 2466 1819 βασιλεύοντα,
2489 1713 2566 1798 ’ἐν’
2585 1713 2871 1814 Πνεύματι
2887 1713 3028 1813 ἁγίῳ
3059 1713 3292 1814 χορηγόν
3325 1713 3622 1808 ὑπεδέξατο
3643 1713 3662 1776 ξ

425 1815 650 1885 recepit.
677 1815 759 1888 An
790 1817 1182 1886 margaritam?
1220 1817 1422 1871 etenim
1453 1819 1626 1873 multo
1663 1819 1996 1888 pretiosissi-

425 1922 568 1962 mam
597 1907 943 1976 margaritam
978 1907 1301 1963 mortalibus
1330 1910 1685 1978 comparavit.
1713 1910 1797 1964 An
1829 1925 1992 1979 para-

423 1997 644 2053 disum?
671 1998 869 2053 etenim
894 1996 1062 2054 Edem
1090 1997 1176 2058 iis.
1206 1999 1298 2068 qui
1324 1999 1564 2056 damnati
1594 2009 1770 2068 erant,
1797 2002 1996 2070 adapea

425 2091 594 2153 tiens,
629 2089 685 2144 in
723 2103 948 2158 regnum
974 2103 1070 2144 eos
1106 2089 1313 2144 inducit
1343 2099 1602 2160 perpetuo
1643 2091 1990 2145 duraturum.

423 2183 504 2236 An
559 2181 838 2236 montem?
879 2181 929 2236 ei
984 2183 1152 2249 enim,
1187 2197 1296 2252 quo
1328 2183 1556 2252 iubente
1598 2191 1800 2238 montes
1831 2183 1994 2246 fumi-

423 2282 550 2341 gant
568 2274 615 2306 ”
639 2272 972 2329 continendo
1003 2289 1112 2330 non
1137 2271 1242 2328 fuit
1264 2281 1518 2343 angusta.
1541 2275 1622 2328 An
1651 2275 1890 2329 terram?
1915 2283 1992 2329 et-

423 2363 568 2420 enim
593 2379 743 2428 eum,
775 2363 933 2434 cujus
957 2373 1096 2418 nutu
1127 2369 1273 2418 terra
1297 2363 1634 2426 concutitur.
1659 2365 1780 2420 sine
1804 2363 1992 2419 dolore

426 2463 580 2510 utero
617 2453 869 2528 gestavit.
900 2455 982 2510 An
1018 2455 1301 2510 mensam?
1336 2455 1535 2510 etenim
1581 2469 1731 2521 eum,
1763 2455 1856 2524 qui
1891 2469 1992 2508 no-

425 2548 511 2601 bis
541 2547 851 2616 suppeditat
880 2546 1220 2613 alimentum,
1257 2544 1416 2612 lacte_
1437 2554 1684 2600 materno
1713 2545 1990 2602 eunti-ivit.

423 2639 507 2690 An
547 2635 740 2691 mare?
789 2649 913 2689 eum
961 2633 1130 2700 enim,
1154 2633 1249 2704 qui
1292 2647 1464 2704 aquas
1507 2633 1564 2688 in
1603 2647 1772 2688 unum
1813 2633 1990 2689 locum

423 2723 796 2796 congregavit,
827 2723 944 2778 suis
975 2721 1138 2778 labiis
1168 2721 1456 2778 osculavit.

495 2811 636 2867 XIII.
671 2813 872 2884 Ecquis
897 2813 1063 2884 igitur
1104 2825 1212 2866 non
1242 2811 1569 2882 percellatur
1599 2809 1863 2880 stupore?
1888 2809 1993 2864 Ec-

424 2903 550 2971 quis
575 2903 933 2958 admiratione
958 2901 1170 2960 deﬁxus
1194 2915 1302 2956 non
1327 2901 1605 2958 teneatur?
1626 2899 1761 2968 Quis
1777 2915 1991 2956 summa

2097 1837 2472 1908 μαργαρίτηνς
2493 1836 2590 1889 καὶ
2615 1835 2726 1906 γὰρ
2747 1835 2836 1888 τὸν
2861 1833 3151 1911 πολύτιμον
3175 1833 3517 1904 μαργαρίτην
3543 1834 3663 1896 τοῖς

2095 1931 2304 2002 βροτοῖς
2328 1930 2657 2000 ὲθησαύρισε
2675 1944 2690 1960 ο
2723 1926 3051 1994 παράδεισον
3075 1943 3088 1993 ;
3120 1925 3343 1994 καὶγὰρ
3367 1925 3465 1998 τὴν
3495 1925 3662 1994 Έδὲμ

2091 2019 2204 2081 τοῖς
2256 2017 2605 2088 κατακρίτοις
2642 2014 2922 2081 άνοζξασα,
2953 2015 3091 2085 πρὸς
3120 2013 3395 2084 βασιλείαν
3445 2014 3660 2082 εἰσάγει

2090 2111 2190 2179 τὴν
2230 2111 2318 2164 ἀεὶ
2347 2108 2746 2180 διαμένουσανο
2777 2107 2942 2179 1590;;
2997 2107 3090 2160 καὶ
3134 2105 3243 2176 7&9
3286 2105 3376 2158 τδν
3436 2107 3503 2160 τὰ
3552 2101 3662 2173 ὄρη

2091 2201 2381 2255 ποιοῦντα
2444 2197 2832 2260 καπνίζεσθαι
2875 2198 3332 2268 άστενοχωρήτως
3387 2197 3658 2268 ἐχώρησε·

2091 2291 2234 2362 γῆν;
2265 2291 2358 2346 καὶ
2387 2291 2495 2361 γὰρ
2527 2291 2618 2344 τὸν
2643 2291 2742 2362 τὴν
2771 2289 2874 2360 γῆν
2905 2289 3164 2342 ποιοῦντα
3191 2289 3414 2360 τρέμειν
3449 2288 3660 2343 ἀνωδύ-

2091 2402 2196 2446 νως
2223 2384 2488 2437 ἐϐάστασε
2513 2399 2527 2412 ο
2559 2381 2874 2452 τράπεζανς
2904 2383 2996 2435 καὶ
3041 2383 3152 2453 γὰρ
3183 2381 3272 2434 τὸν
3314 2382 3414 2450 τὴν
3450 2380 3662 2450 τροφὴν

2091 2475 2224 2545 ἡμῖν
2251 2471 2588 2545 χορηγοῦντα
2616 2473 3018 2543 μητροπρεπῶς
3050 2471 3245 2544 ἔθρεψε
3271 2470 3500 2540 γάλακτι
3528 2487 3544 2501 ο
3574 2469 3664 2524 θά-

2091 2565 2330 2631 λασσαν;
2359 2565 2584 2635 καὶγὰρ
2601 2563 2692 2618 τόν
2715 2563 3017 2633 συνάγοντα
3045 2565 3112 2618 τὰ
3137 2563 3306 2617 ὕδατα
3331 2563 3411 2626 εἰς
3430 2561 3664 2632 ἑνότητα

2095 2656 2246 2728 μίαν,
2281 2659 2392 2721 τοῖς
2421 2655 2657 2728 χείλεσιν
2687 2656 2856 2727 αὐτῆς
2888 2656 3194 2726 ἠσπάσατο.

2162 2824 2266 2880 ll".
2287 2822 2384 2889 Τὶς
2410 2823 2510 2876 οὐκ
2532 2821 2813 2892 ἑκπλαγῇς
2846 2820 2932 2884 τις
2962 2821 3024 2876 οὐ
3049 2820 3347 2890 θαυμάσεις
3374 2821 3458 2883 τίς
3481 2819 3547 2874 οὐ
3579 2819 3665 2874 δο-

2095 2917 2246 2984 ξάσει
2271 2915 2366 2971 τοῦ
2397 2914 2692 2986 μυστηρίου
2713 2914 2778 2966 τὸ
2811 2912 3076 2983 μέγεθος;
3107 2915 3157 2966 εἰ
3193 2913 3302 2983 γὰρ
3326 2912 3394 2966 τὰ
3421 2910 3534 2982 πρὸ
3562 2911 3666 2980 τῆς

423 3010 549 3049 eum
577 2993 882 3050 reverentia
923 3008 1034 3049 non
1069 2993 1217 3048 colat
1245 2992 1492 3064 mysterii
1521 2990 1991 3062 magnitudinem?

2096 3011 2314 3082 χάριτος
2334 3006 2676 3078 γεγενημένα
2701 3003 2944 3066 τοιαῦτα,
2975 3003 3102 3058 νοῦν
3131 3001 3533 3074 ὑπερϐαίνοντα
3564 3002 3664 3056 καὶ

422 3085 559 3139 Nam
598 3085 644 3140 si
675 3099 844 3154 opera
875 3091 1001 3138 ante
1023 3084 1254 3153 gratiam
1298 3089 1510 3152 patrata
1539 3081 1808 3149 ejusmodi
1841 3088 1991 3144 sunt,

424 3191 546 3248 quae
575 3176 774 3232 mentis
805 3174 914 3230 vim
958 3183 1124 3244 atque
1158 3187 1376 3228 omnem
1411 3172 1800 3242 cogitationem
1833 3183 1994 3226 exce-

423 3267 735 3339 dant;quis
756 3267 974 3322 tandem
1004 3265 1202 3338 poterit
1243 3265 1387 3320 edita
1413 3271 1539 3334 post
1566 3263 1796 3334 gratiam
1830 3277 1994 3317 enar-

424 3361 586 3416 rare?
615 3359 674 3414 Si
713 3358 948 3414 illustria
979 3367 1125 3420 sunt,
1163 3371 1286 3426 qua:
1315 3355 1382 3410 ad
1419 3358 1672 3410 umbram
1720 3353 1997 3424 pertinent

423 3463 476 3507 et
499 3453 567 3506 ad
589 3452 762 3520 legem
793 3449 1154 3518 antiquatam,
1181 3457 1384 3518 quanta
1403 3447 1624 3502 demum
1646 3445 1992 3507 videbuntur,

425 3554 548 3610 quae
568 3539 857 3594 subsecuta
881 3546 1012 3594 sunt
1045 3535 1286 3606 Spiritus
1315 3532 1808 3592 manifestationem
1833 3533 1858 3586 ?

493 3630 677 3688 Pudor
705 3640 936 3700 occupet
958 3629 1336 3684 haereticorum
1365 3625 1527 3693 ﬁlios,
1555 3625 1650 3695 qui
1681 3623 1870 3680 buccis
1895 3624 1998 3678 im-

426 3721 532 3788 piis
584 3729 642 3777 et
687 3732 898 3776 veneno
958 3719 1174 3776 infectis
1227 3726 1503 3775 conantur
1559 3716 1838 3790 Virginem
1900 3730 1994 3772 ca-

425 3813 708 3868 lumniari.
743 3809 994 3868 Gloriosa
1029 3813 1176 3868 enim
1217 3810 1387 3867 Maria
1413 3811 1482 3866 ad
1514 3811 1780 3866 honorem
1806 3822 1992 3866 evecta

423 3904 719 3961 Genitricis
771 3903 888 3970 Dei,
949 3919 1113 3974 quem
1162 3918 1286 3960 cum
1337 3902 1636 3958 secundum
1695 3901 1992 3956 humanam

421 3997 654 4052 formam
677 3995 1018 4066 concepisset
1045 4006 1098 4050 et
1121 4001 1408 4066 gestasset,
1443 4002 1636 4063 praeter
1661 4002 1871 4048 naturae
1903 4006 1995 4046 or-

422 4081 605 4138 dinem
633 4081 800 4137 Deum
827 4083 1030 4151 pariter
1054 4088 1111 4138 et
1132 4081 1409 4138 hominem
1431 4081 1658 4152 peperit.
1694 4079 1870 4151 Hujus
1899 4095 1993 4135 ve-

423 4172 722 4229 nerandam
779 4171 1032 4246 efﬁgiem,
1079 4181 1295 4244 propter
1336 4172 1589 4228 eumdem
1645 4173 1992 4236 honorantes,

363 4327 365 4330 γ
422 4263 846 4336 amplectimur;
883 4265 996 4320 imo
1033 4264 1182 4320 illius
1223 4278 1462 4334 quoque,
1495 4272 1682 4334 utpote
1723 4279 1844 4334 qua:
1881 4261 1996 4318 Ma-

2093 3101 2350 3164 διάνοιαν,
2379 3097 2448 3151 τὰ
2478 3093 2618 3168 μετά
2638 3097 2738 3166 τῆς
2759 3094 2980 3164 χάριτος
3008 3091 3432 3163 παραδειχθέντα
3459 3091 3549 3154 τίς
3573 3093 3668 3162 ἑρ-

2099 3187 2365 3260 μηνεῦσαι
2397 3185 2653 3252 δύναται;
2682 3187 2730 3238 εἰ
2756 3185 2852 3238 καὶ
2870 3187 2972 3256 τῆς
3001 3185 3160 3246 σκιᾶς
3184 3181 3396 3236 καὶτοῦ
3421 3181 3670 3234 παλαιω-

2096 3279 2280 3343 θέντος
2307 3277 2514 3344 ἔνδοξα,
2543 3275 2612 3330 τὰ
2639 3275 2934 3347 μετέπειτα
2963 3271 3056 3327 τοῦ
3088 3271 3404 3342 Πνεύματος
3431 3273 3670 3342 ἐμφανι-

2099 3367 2317 3431 σθᾶντος
2349 3367 2502 3420 ποῖα.
3035 3393 3042 3399 -
3348 3364 3356 3370 '

2171 3631 2624 3704 Αἰσχυνέσθωσαν
2645 3626 2938 3701 αἱρετικῶν
2963 3625 3172 3691 παῖδες,
3193 3623 3245 3676 οἱ
3269 3621 3367 3692 τὴν
3391 3619 3671 3690 Παρθένον

2099 3727 2405 3798 βλασφήμῳ
2435 3723 2666 3793 στόματι
2694 3720 2790 3775 καὶ
2831 3716 3024 3788 ῑοϐόλῳ
3060 3714 3414 3782 συκοφαντεῖν
3453 3713 3670 3780 ἐπιχει-

2101 3816 2349 3891 ροῦντες·
2383 3817 2418 3886 ἠ
2441 3814 2551 3884 7&9
2583 3811 2790 3876 ἔνδοξος
2817 3807 3027 3878 Μαρία,
3055 3804 3316 3866 Θεοτόκος
3335 3801 3673 3871 ἀναδειχθεῑ-

2099 3925 2190 3973 σα,
2235 3905 2330 3960 καὶ
2379 3901 2657 3976 μορφώσει
2709 3898 3022 3971 ἀνθρωπίνῃ
3069 3894 3232 3949 αὑτὸν
3281 3893 3668 3962 ἀποκυήσασα,

2098 3997 2284 4051 ἔτεκεν
2317 3993 2611 4067 ὑπερφυῶς
2647 3990 2781 4045 Θεὸν
2807 3987 2943 4060 ὁμοῦ
2985 3985 3083 4041 καὶ
3113 3984 3434 4054 ἀνθρωπονο
3476 3979 3672 4035 τοῦτον

2097 4088 2190 4140 τὸν
2235 4087 2420 4158 τίμιον
2469 4081 2797 4156 χαρακτῆρα
2843 4076 3109 4150 σχετικῶς
3141 4072 3541 4144 ἀσπαζόμεθα*
3583 4069 3672 4124 ναὶ

2103 4176 2210 4247 μὴν
2236 4175 2331 4228 καὶ
2351 4172 2554 4244 ταύτης
2584 4172 2682 4243 τὴν
2707 4169 3006 4241 μόρφωσιν,
3031 4165 3106 4228 ὼς
3125 4162 3350 4234 Μητρὸς
3367 4159 3670 4229 γενομένης

2099 4265 2195 4321 τοῦ
2209 4263 2534 4336 σωματικῶς
2563 4263 2695 4332 ἡμῖν
2711 4259 3096 4330 ὁμιλήσαντος,
3125 4249 3564 4324 προσκυνοῦμεν,
3603 4247 3667 4336 ού

421 4335 754 4412 terexstitit
788 4354 930 4426 ejus,
966 4354 1061 4426 qui
1103 4353 1400 4410 secundum
1434 4369 1652 4410 carnem
1705 4355 1992 4410 nobiscum

2101 4359 2168 4429 τῇ
2190 4335 2303 4428 ῦλῃί
2320 4355 2418 4426 τὴν
2447 4351 2837 4424 προσκύνησιν,
2872 4347 3072 4414 ἄπαγε,
3113 4341 3504 4414 προσάγοντες·
3535 4335 3671 4390 ἀλλὰ

421 4455 780 4502 conversatus
817 4453 923 4510 est,
970 4445 1258 4515 imaginem
1305 4444 1453 4500 cultu
1499 4444 1726 4499 relativo
1764 4460 1989 4500 venera-

421 4548 566 4599 mur,
607 4547 719 4588 non
761 4533 979 4602 quidem
1023 4533 1267 4588 materiae
1295 4531 1807 4603 venerationem'(id
1845 4534 1991 4604 quod

422 4624 588 4694 absit)
613 4623 957 4690 adhibentes,
987 4625 1080 4681 sed
1107 4625 1371 4680 honorem
1401 4625 1698 4682 referentes
1723 4625 1790 4681 ad
1815 4635 2024 4681 exem-'

421 4714 561 4784 plar.
594 4723 656 4769 ut
690 4714 874 4770 divina
907 4713 1010 4770 ﬁde
1039 4715 1405 4786 percepimus.
1438 4716 1555 4770 Non
1583 4717 1728 4771 enim
1760 4715 1992 4770 formam

419 4805 744 4870 divinitatis,
769 4815 834 4860 ut
855 4820 952 4861 vos
978 4807 1106 4861 caeci
1134 4815 1190 4862 et
1211 4805 1442 4877 improbi
1479 4807 1763 4869 dictitatis,
1800 4807 1997 4878 objici-

421 4911 546 4954 mus
593 4896 792 4964 oculis,
827 4895 924 4952 sed
965 4911 1030 4952 ex
1075 4897 1234 4954 nobis
1273 4905 1610 4968 assumptam
1655 4913 1686 4952 a
1717 4896 2001 4955 Salvatore

421 5003 664 5052 carnem,
693 5004 801 5060 qua
826 4988 916 5044 ille
946 4988 1229 5044 nobiscum
1259 4989 1378 5044 sine
1407 4989 1492 5046 sui
1519 4990 1816 5044 mutatione
1843 4991 1996 5055 vixit,

423 5094 486 5132 uc
514 5077 933 5150 primogenitam
961 5096 994 5136 e
1021 5081 1256 5136 mortuis
1289 5080 1582 5136 redivivam
1619 5080 1812 5136 formis
1841 5081 1997 5136 cﬂin-

423 5177 634 5239 gentes,
662 5171 1038 5239 praedicamus.
1072 5171 1298 5242 Propter
1323 5172 1499 5242 ipsum
1532 5183 1736 5239 autem,
1763 5173 1856 5242 qui
1879 5188 1997 5228 car-

423 5275 546 5314 nem
579 5259 900 5328 assumpsit,
927 5261 1094 5315 etiam
1125 5262 1428 5332 genitricis,
1460 5271 1520 5317 ut
1541 5263 1766 5318 omnino
1794 5265 1990 5318 imma-

425 5353 615 5406 culatae
635 5350 734 5423 (6),
764 5350 991 5422 elligiem
1015 5367 1081 5407 eo
1105 5355 1272 5415 cultu.
1305 5371 1414 5425 quo
1436 5355 1612 5420 decet,
1633 5357 1988 5420 houoramus,

510 5549 556 5581 "
589 5545 734 5606 Psal.
769 5565 887 5618 cm,
915 5549 1004 5604 5:2;

2099 4449 2238 4521 πρὸς
2281 4447 2344 4500 τδ
2372 4443 2726 4516 πρωτότυπον
2758 4440 2857 4512 τὴν
2893 4437 3058 4510 τιμὴν
3085 4435 3522 4506 ἀναπέμποντες,
3557 4429 3668 4521 θεῖ-

2101 4519 2213 4604 κῶς
2237 4538 2708 4604 πεπιστεύκαμενο
2733 4532 2794 4586 οὐ
2819 4531 2927 4602 γὰρ
2949 4529 3199 4600 θεότητος
3223 4527 3459 4598 μορφὴν,
3485 4519 3669 4584 καθὼς

2101 4633 2258 4702 ὑμεῖς
2295 4629 2482 4700 τυφλοὶ
2523 4626 2620 4680 καὶ⁹
2664 4623 2968 4695 παράνομοι
3005 4620 3263 4690 φάσκετε,
3307 4615 3630 4686 ἱστοροῦμεν
3651 4627 3666 4642 ο

2099 4720 2238 4776 ἀλλὰ
2263 4721 2362 4790 τὴν
2388 4718 2449 4783 ἐξ
2471 4715 2626 4788 ἡμῶν
2653 4711 3091 4787 προσληφθεῖσαν
3109 4707 3190 4780 τῷ
3214 4707 3428 4777 Σωτῆρι
3458 4705 3666 4774 σάρκα,

2097 4811 2164 4866 δι’
2189 4805 2257 4883 ἧς
2291 4811 2422 4882 ἡμῖν
2457 4807 2744 4878 ἀτρέπτως
2765 4803 3028 4874 ὡμίλησε,
3060 4801 3154 4855 καὶ
3183 4801 3247 4852 ἐκ
3277 4797 3482 4868 νεκρῶν
3532 4795 3664 4848 ἀνα-

2099 4903 2304 4956 στᾶσαν
2347 4899 2691 4970 πρωτότοκον
2723 4895 3144 4958 ὰνατυποῦντες,
3179 4891 3525 4962 κηρύττομεν
3551 4902 3564 4915 ⁸
3601 4885 3667 4938 δι’

2096 4991 2257 5044 αὑτὸν
2297 4989 2356 5042 δὲ
2387 4989 2480 5043 τὸν
2521 4986 2942 5058 προσειληφότα,
2983 4986 3074 5038 καὶ
3120 4984 3220 5053 τῆς
3255 4978 3546 5048 τεκούσης,
3592 4975 3667 5036 ὡς

2098 5082 2398 5150 πανάγνου,
2429 5079 2527 5149 τὴν
2555 5078 2761 5140 εἰκόνα,
2783 5075 2924 5130 κατὰ
2950 5075 3012 5128 τὸ
3035 5074 3331 5146 προσῆκον,
3357 5065 3660 5138 σεϐόμεθα·

2096 5172 2230 5241 ἁγία
2267 5172 2374 5240 γὰρ
2405 5170 2572 5232 ὅντως
2604 5166 2764 5236 αῦτη,
2794 5166 2870 5229 ὡς
2905 5166 2996 5218 τὸν
3033 5164 3191 5234 μόνον
3231 5161 3386 5229 ἅγιον
3411 5157 3665 5229 ἀρῤήτως

2096 5261 2477 5330 ἀποκυήσασα.
2515 5260 2576 5312 Εἰ
2615 5257 2726 5328 7&9
2767 5259 2796 5310 ὁ
2839 5255 2970 5318 Θεὸς
3003 5253 3082 5324 τῷ
3121 5251 3374 5322 Ἀϐραὰμ
3423 5247 3664 5312 ἐνεγκεῖν

2099 5351 2398 5422 προσέταξε
2427 5351 2658 5420 δάμαλιν
2681 5345 3074 5419 τριετίζουσαν,
3101 5345 3194 5398 καὶ
3222 5338 3352 5410 αἶγα
3376 5331 3660 5410 τριετίζου-

496 5705 570 5770 t6)
604 5703 732 5759 Nota
769 5707 1028 5784 rationem
1064 5704 1346 5774 Dsipzn-um
1373 5705 1580 5760 colendi
1613 5721 1718 5760 non
1753 5720 1778 5756 τι
1811 5704 2068 5772 dignitate
2104 5703 2296 5769 ipsius,
2343 5702 2433 5758 sed
2491 5701 2557 5755 ab
2606 5699 2912 5755 innocentia
2959 5711 3004 5752 ct
3042 5695 3271 5759 puritate
3299 5691 3654 5758 desumpta!"-
