4090 6286
415 287 548 356 ῙίΩΊ
1345 290 1430 356 ΙΝ
1459 299 1560 360 SS.
1603 297 1954 360 DEIPARJE
1989 298 2714 362 PILESENTATIONEM-
3508 301 3643 362 1-198

411 423 509 458 σαν
535 405 670 478 πρὸς
698 406 1035 478 καθαρισμὸν
1062 406 1168 461 τῶν
1189 405 1396 477 ψυχῶν,
1428 409 1546 473 πῶς
1577 413 1609 480 ὴ
1641 410 1912 479 Ῐίαρθένος
1940 412 1959 461 i

2077 412 2194 481 ipsa
2216 413 2360 466 enim
2393 427 2518 468 vere
2541 423 2756 476 sancta,
2787 428 2909 483 quia:
2938 427 3086 476 eum,
3115 413 3208 484 qui
3240 412 3389 467 solus
3423 424 3644 466 sanctus

411 495 790 565 πρωρισθεῖσα
837 495 946 550 ἁπδ
991 496 1221 558 κτίσεως
1271 499 1497 568 κόσμου,
1533 500 1628 552 καὶ
1677 500 1742 551 ἐκ
1789 500 1959 551 πασῶη

2077 511 2180 565 est,
2214 517 2413 556 arcana
2465 503 2672 558 ratione
2721 504 2968 572 concepit
3001 503 3098 572 (7).
3134 502 3198 556 Et
3239 517 3371 556 sane
3417 503 3460 558 si
3475 499 3646 557 'Deus

404 585 609 651 γενεῶν
637 584 1094 656 προσεκλεχθεῖσα
1123 588 1202 650 εἰς
1231 591 1652 658 κατοικητήριον
1682 589 1959 658 ἁμόλυντοε

2069 593 2235 662 jussit
2273 595 2644 650 Abrahamum
2690 595 2887 650 all'erre
2926 595 3152 650 vitulam
3199 595 3418 649 trimam
3463 603 3519 648 et
3562 611 3648 648 ca-

404 679 494 728 καὶ
535 679 956 747 προσενεχθεῖσα
999 680 1080 742 είς
1093 678 1233 732 ,ναὸν
1261 677 1415 746 ἅγιον
1445 679 1524 750 τῷ
1553 681 1952 750 παντοκράτορι

2075 681 2272 750 pellam
2311 685 2527 738 trimam
2557 685 2612 739 in
2649 687 2956 740 animarum
2987 685 3389 755 purgationem,
3417 701 3643 753 quomo-

403 767 523 835 οὐχὶ
551 767 710 836 τιμία
734 768 826 820 καὶ
855 767 1070 836 καθαρὰ
1095 769 1188 822 καὶ¹
1209 769 1506 840 ἁμόλυντος
1529 769 1857 840 καθέστηκε.
1884 773 1959 824 κα¹

2073 773 2145 828 do
2190 775 2350 855 virgo
2408 791 2439 830 a
2490 779 2766 832 creatione
2827 778 3014 832 mundi
3065 777 3468 846 praedestinata,
3497 788 3550 829 et
3577 791 3643 828 ex

403 855 689 926 προσφορὰ
717 856 946 928 ἄμωμος
983 859 1082 928 τῆς
1107 859 1456 929 ἀνθρωπίνης
1479 862 1722 928 φύσεως;

2074 865 2330 920 omnibus
2355 868 2796 936 generationibus
2815 869 2985 923 electa
3013 869 3067 922 in
3101 868 3442 938 impollutam
3471 866 3646 920 domi-

405 947 618 1013 .ilium,
643 958 697 1004 et
717 950 1074 1019 omnipotenti
1103 951 1283 1006 oblata
1313 953 1366 1006 in
1399 954 1600 1023 templo
1653 950 1868 1018 'sancto,
1931 970 2037 1009 non
2080 957 2286 1015 honore
2313 959 2474 1032 digna
2508 970 2563 1015 et
2595 977 2732 1032 pura
2757 971 2810 1017 et
2835 962 3114 1031 impolluta
3139 968 3336 1025 exstat,
3362 969 3416 1014 et
3441 959 3642 1014 oblatio

407 1042 750 1108 immaculata
784 1043 1034 1098 humana
1067 1057 1276 1100 natura:
1300 1045 1400 1115 (8).

473 1133 570 1186 ιε’.
609 1127 680 1184 Ὦ
712 1132 978 1186 Ἰουδαίων
1014 1136 1335 1204 Συναγωγή,
1366 1137 1413 1189 οἱ
1447 1136 1544 1207 τὴν
1575 1137 1639 1190 ἐκ
1671 1137 1840 1206 φυλῆς
1871 1136 1970 1208 τῆς

403 1219 674 1294 ὑμετέρας
755 1225 1123 1296 ἔκλαμψάσαν
1199 1227 1478 1298 Παρθένον
1536 1229 1610 1298 μὴ
1689 1229 1973 1298 δεξάμενοι

401 1315 686 1378 Θεοτὸκον,
717 1315 854 1369 ἀλλὰ
882 1319 977 1370 καὶ
1019 1317 1384 1390 λοιδοροῦντες
1420 1320 1652 1386 ἀναξίως
1684 1321 1973 1373 καὶιάσελ-

402 1406 526 1469 γὲσι
565 1405 790 1474 χείλεσι,
817 1409 913 1460 καὶ
935 1407 1012 1476 τῷ
1033 1408 1213 1478 φθόνῳ
1246 1410 1575 1480 κινούμενοι,
1603 1411 1970 1464 καταλαλοῦν-
2015 1461 2021 1467 .

401 1511 492 1557 τες
523 1495 692 1564 αὐτῆς
723 1495 938 1548 ἀδικίαν
972 1499 1068 1548 καὶ
1099 1499 1330 1568 ἀνομίαν
1349 1514 1364 1528 ο
1405 1499 1522 1560 πῶς
1549 1500 1641 1554 τὸν
1668 1500 1838 1554 ἀΐδιον
1875 1502 1968 1554 τοῦ

405 1584 616 1654 Πατρδς
651 1585 798 1648 Υίὺν,
850 1585 909 1651 ἐξ
951 1587 1123 1656 αὐτῆς
1177 1589 1264 1642 ἐπ’
1303 1586 1549 1658 ἒσχάτων
1593 1591 1733 1659 μετὰ
1765 1591 1968 1663 σαρκὸς

2145 1139 2284 1196 XIV.
2313 1140 2358 1196 Ο
2389 1139 2670 1212 Synagoga
2691 1139 3024 1204 Judzeorum,
3053 1142 3146 1212 qui
3181 1141 3457 1212 Virginem
3486 1157 3517 1196 e
3547 1143 3648 1196 tri-

2072 1231 2143 1286 bu
2167 1241 2342 1287 vestra
2372 1231 2714 1302 eﬂ‘ulgentem
2737 1248 2841 1286 non
2861 1234 2952 1288 Dei
2977 1233 3198 1286 Matrem
3220 1232 3510 1297 habuistis,
3531 1235 3640 1289 imo

2071 1337 2198 1376 vero
2223 1323 2463 1378 convicia
2493 1323 2867 1392 indignissime
2895 1333 2950 1378 et
3006 1324 3276 1394 protervis
3307 1324 3462 1378 labiis
3493 1325 3644 1394 inge-

2069 1413 2213 1473 ritis,
2243 1422 2296 1466 et
2323 1413 2525 1468 invidia
2560 1413 2770 1468 incitati
2805 1414 2980 1468 eidem
3017 1413 3340 1482 iniustitiam
3369 1425 3424 1468 et
3457 1415 3636 1480 legum

2071 1509 2439 1570 contemptum
2465 1503 2836 1572 exprobratis;
2865 1505 3140 1573 quomodo
3167 1515 3429 1559 aeternum
3462 1504 3638 1558 Patris

2072 1590 2268 1646 Filium
2302 1593 2370 1646 ab
2399 1593 2516 1662 ipsa
2541 1593 2800 1648 extremis
2832 1595 3168 1664 temporibus
3194 1595 3493 1650 secundum
3523 1611 3648 1650 car-

402 1675 750 1746 γεννηθέντα,
775 1677 874 1746 οὐχ
902 1677 1269 1744 ύπεδέξασθες
1305 1681 1401 1733 καὶ
1447 1681 1507 1735 ού
1553 1683 1713 1751 μόνον
1761 1684 1959 1754 ταύτης

2071 1698 2194 1736 nem
2221 1683 2461 1752 genitum
2487 1685 2904 1755 haudquaquam
2929 1687 3245 1754 recepistis?
3266 1697 3320 1740 et
3344 1702 3447 1739 non
3478 1687 3638 1740 modo

401 1764 495 1832 τῆς
529 1762 706 1834 δόξης,
743 1764 876 1839 ἀλλα
905 1767 996 1818 καὶ
1037 1767 1131 1820 τοῦ
1171 1768 1524 1837 γεννηθέντος
1563 1771 1783 1843 ἄμοιροι
1829 1775 1966 1826 καθ-

399 1853 691 1924 εστήκατε,
745 1855 866 1926 οὐχὶ
913 1857 1008 1910 τοῦ
1051 1861 1496 1930 παραγενομένου
1558 1861 1772 1926 πάντως
1836 1862 1965 1932 ὑμῖν

397 1944 784 2014 φθονήσαντος,
815 1946 952 2000 ἀλλὰ
997 1949 1062 2021 τῇ
1096 1947 1338 2020 ὑμετέρᾳ
1370 1949 1540 2020 κακίᾳ
1571 1951 1961 2018 ἐξοκείλαντες,

399 2035 492 2086 καὶ
519 2037 586 2106 τῇ
611 2037 845 2108 πονηρίᾳ
869 2037 966 2108 τῆς
997 2037 1150 2108 ὑμῶν
1179 2039 1543 2111 ματαιότητος
1573 2042 1964 2112 ὑπομείναντες

394 2123 662 2191 ἀφθόνως,
697 2119 794 2195 τῆς
837 2127 994 2198 δόξης
1041 2127 1364 2198 ἀμφοτέρων
1413 2132 1840 2186 ἑκπεπτώκατεο
1883 2133 1967 2186 διδ

393 2211 468 2274 ὡς
491 2212 640 2274 ὄντες
668 2213 932 2284 ἄχρηστοι
975 2214 1068 2267 καὶ
1099 2215 1363 2286 πρότερον
1415 2217 1512 2270 καὶ
1548 2219 1862 2286 μετέπειτα,
1895 2219 1964 2272 τὰ

392 2303 490 2372 τῆς
529 2301 827 2372 βασκανίας
857 2305 1011 2377 ὑμῶν
1039 2303 1436 2376 ἐγχειρήματα,
1474 2308 1638 2360 παντὶ
1667 2307 1743 2378 τῷ
1771 2309 1963 2378 κόσμῳ

393 2393 604 2463 φανερᾶ
629 2393 1024 2466 καθεστήκατε,
1069 2395 1212 2449 κατὰ
1251 2397 1344 2449 τὸν
1373 2397 1531 2472 λόγον
1566 2397 1658 2450 τοῦ
1688 2393 1959 2468 Σωτῆρος,

390 2481 482 2534 τὸν
517 2482 585 2534 δι’
633 2483 774 2553 ὑμᾶς
819 2483 1289 2554 ἑμφανιζάμενον·
1345 2486 1546 2556 Ἀμὴν,
1594 2487 1760 2557 ἀμὴν
1807 2488 1962 2558 λέγω

388 2570 552 2640 ὑμῖν,
596 2574 650 2626 εί
705 2571 889 2638 τέκνα
939 2573 1046 2630 τοῦ
1105 2576 1349 2647 Ἀϐραὰμ
1399 2574 1526 2648 ἦτε,
1567 2577 1640 2630 τὰ
1680 2579 1824 2649 ἔργα
1853 2578 1960 2634 τοῦ

403 2661 648 2730 Ἀϐραὰμ
669 2661 922 2718 ἐποιεῖτε
945 2663 1052 2716 ἄν’
1088 2665 1318 2732 ἐκεῖνος
1345 2667 1454 2736 γὰρ
1485 2667 1616 2735 περὶ
1647 2667 1794 2736 ἐμοῦ
1819 2667 1960 2722 ἐλά-

388 2751 567 2816 anas,
617 2749 736 2804 νῦν
755 2749 826 2803 δὲ
849 2750 918 2805 ἐκ
945 2752 1051 2807 τοῦ
1071 2752 1355 2808 διαϐόλου
1375 2755 1536 2820 ἐστὲ,
1565 2755 1664 2810 καί
1693 2755 1802 2820 τὰς
1827 2755 1957 2808 ἐπι-

389 2839 602 2906 θυμίας
623 2837 731 2893 τοῦ
756 2841 978 2909 πατρὸς
1003 2839 1172 2910 ὑμῶν
1193 2840 1396 2898 θέλετε
1427 2843 1638 2898 ποιεῖν.
1670 2845 1779 2898 Καὶ
1800 2843 1958 2898 ἀλλα-

388 2925 486 2996 χοῦ
537 2929 700 2982 πάλιν
722 2943 736 2959 ·
787 2929 886 2998 Μὴ
940 2930 1169 2985 δοκεῖτε
1219 2932 1308 2986 ὅτι
1359 2933 1748 3002 κατηγορήσω
1791 2933 1959 3002 ὑμῶν

387 3015 538 3083 πρὸς
569 3015 678 3070 τὸν
707 3017 966 3086 Ποτέραν
993 3019 1167 3074 ἐστιν
1197 3024 1231 3075 ὁ
1260 3022 1602 3092 κατηγορῶν
1629 3023 1796 3091 ὑμῶν
1823 3028 1954 3080 Maia-
1982 3009 2026 3066 ο

387 3105 528 3174 σῆς,
560 3109 648 3174 εις
672 3107 746 3162 ὃν
771 3109 941 3178 ὑμεῖς
961 3110 1258 3178 ἠλπίκατε
1275 3127 1288 3144 ·
1319 3116 1388 3168 Et
1425 3115 1532 3184 γὰρ
1559 3115 1958 3172 ἐπιστεύσατε

387 3198 605 3260 Μωσεῐ,
629 3198 1027 3255 ἐπιστεύσατε
1045 3201 1122 3256 ἂν
1143 3203 1304 3272 ἐμοί·
1339 3205 1472 3272 περὶ
1496 3206 1606 3274 γὰρ
1632 3206 1779 3275 ἐμοῦ
1803 3207 1956 3262 ἐκεῖ·

384 3298 493 3352 νος
543 3286 787 3357 ἔγραψε.
820 3290 931 3344 Καὶ
983 3291 1302 3362 μετέπειτα·
1359 3296 1431 3348 Et
1474 3297 1586 3350 οὐκ
1624 3291 1815 3366 ἦλθον
1856 3298 1955 3352 καί

385 3375 662 3446 ἐλάλησα
709 3380 938 3448 αὐτοῖς,
991 3383 1287 3453 ἁμαρτίαν
1332 3387 1445 3440 οὐκ
1502 3383 1690 3456 εἶχον,
1722 3390 1844 3444 νῦν
1887 3389 1957 3441 δὲ

385 3469 691 3537 πρόφασιν
736 3473 850 3525 οὐκ
902 3473 1114 3542 έχουσι
1173 3474 1310 3542 περὶ
1355 3474 1468 3543 τῆς
1505 3476 1793 3544 ἁμαρτιας
1841 3479 1949 3532 αὐ-

385 3569 526 3612 των.
1695 3577 1700 3583 ”

456 3647 556 3704 IE'.
605 3649 796 3720 Ἡμεῖς
838 3650 920 3717 δὲ,
975 3653 1006 3704 ό
1060 3653 1190 3716 λαὸς
1233 3651 1329 3708 τοῦ
1371 3653 1529 3722 Θεοῦ,
1574 3656 1726 3721 ἔθνος
1774 3659 1950 3728 ἆγιον,

383 3738 694 3809 περιούσιον
745 3741 1040 3812 ἄθροισμα,
1094 3748 1281 3814 στῖφος
1329 3747 1646 3818 όρθοδόξων,
1695 3742 1800 3804 ἱδὶοὶ
1855 3754 1954 3823 τῆς

383 3828 783 3902 κολυμϐήθρας,
827 3832 996 3886 τέκνα
1023 3835 1122 3905 τῆς
1155 3836 1397 3908 χάριτος,
1438 3841 1487 3893 οί
1516 3841 1616 3912 τὴν
1643 3841 1702 3895 ὲν
1727 3841 1805 3912 τῷ
1838 3842 1952 3915 ναῷ

382 3919 606 3988 πρόοδον
635 3921 986 3990 ἑορτάζοντες
1006 3923 1106 3994 τῆς
1135 3925 1438 3996 Παρθένου,
1467 3927 1666 4001 ψυχαῖς
1691 3931 1952 4003 καθαραῖς

383 4011 480 4062 καὶ
524 4011 894 4083 ἀρῤυπάντοις
937 4015 1166 4086 χείλεσι,
1221 4017 1496 4086 γλώσσαις
1550 4021 1950 4092 πολυφθόγγοις

379 4099 474 4154 ἐπὶ
528 4102 700 4174 ταύτῃ
746 4107 812 4174 τῇ
863 4106 1172 4178 πανηγύρει
1224 4109 1538 4181 μελῳδικῶς
1573 4111 1948 4186 ἀλαλάξωμεν,

379 4189 642 4262 τιμῶντες
697 4195 886 4267 αὐτὴν,
938 4196 1016 4260 ὡς
1069 4197 1131 4252 τὺ
1183 4198 1352 4266 εἰκὸς,
1397 4201 1497 4273 τὴν
1542 4203 1770 4274 φαιδρὰν
1823 4207 1948 4276 iop-

2071 1773 2284 1838 matris,
2315 1774 2408 1828 sed
2431 1782 2492 1828 et
2516 1776 2608 1828 lilii
2647 1775 2832 1844 gloria:
2860 1785 3108 1831 exsortes
3136 1776 3499 1841 remansistis,
3527 1791 3636 1829 non

2070 1864 2228 1932 quasi
2263 1864 2382 1934 ipse
2407 1879 2648 1932 praesens
2678 1865 2851 1922 factus
2880 1882 2979 1923 vos
3017 1869 3128 1922 ullo
3169 1870 3330 1922 modo
3362 1869 3634 1938 rejeccrii,

2071 1953 2163 2009 sed
2193 1954 2320 2024 quia
2349 1964 2532 2012 vestra
2565 1957 2769 2011 malitia
2799 1973 2921 2012 eum
2958 1959 3322 2028 repndiastis;
3359 1968 3413 2014 et
3449 1960 3504 2013 in
3534 1961 3637 2013 im-

2065 2045 2340 2114 probitate
2373 2045 2614 2102 stultitiaa
2647 2058 2840 2104 vestra:
2877 2049 3233 2116 pervicaciter
3280 2063 3637 2116 perseveran-

2070 2144 2174 2199 tes.
2203 2137 2274 2191 ab
2300 2137 2586 2208 utriusque
2615 2139 2787 2210 gloria
2813 2139 3126 2194 excidistis!
3173 2140 3342 2208 igitur
3373 2150 3634 2209 tanquam

2070 2225 2320 2283 homines
2366 2239 2601 2298 nequam
2639 2238 2708 2284 ‘et
2758 2229 2908 2292 olim,
2957 2239 3012 2285 et
3059 2231 3306 2300 posthac,
3353 2231 3408 2284 in
3468 2229 3636 2285 totius

2067 2315 2256 2370 mundi
2289 2316 2410 2372 luce
2431 2317 2740 2374 collocastis
2767 2319 2970 2388 ﬂagitia
2995 2319 3388 2374 malevolentiae
3414 2331 3630 2382 vestrae,

2061 2407 2217 2476 juxta
2247 2407 2544 2464 Salvatoris
2573 2411 2854 2465 oraculum
2883 2411 3168 2481 perspicue
3193 2411 3260 2465 de
3287 2411 3442 2466 vobis
3465 2410 3634 2481 signi-

2067 2495 2286 2552 ficatum
2321 2515 2336 2554 :
2369 2497 2554 2560 Amen,
2579 2515 2728 2553 amen
2755 2501 2872 2554 dico
2897 2501 3060 2560 vobis.
3094 2501 3140 2554 si
3173 2500 3273 2569 ﬁlii
3304 2500 3532 2555 Abralue
3557 2517 3634 2554 es-

2066 2587 2210 2652 setis,
2239 2603 2395 2656 opera
2421 2587 2647 2644 Abraha:
2672 2591 2951 2660 faceretis;
2985 2591 3075 2646 ille
3107 2593 3245 2646 enim
3271 2595 3338 2648 de
3363 2609 3442 2647 me
3480 2593 3631 2648 locu-

2067 2686 2152 2733 tus
2198 2689 2314 2744 est;
2359 2695 2496 2741 nunc
2525 2690 2702 2735 autem
2737 2697 2802 2736 ea:
2832 2682 3044 2738 diabolo
3083 2677 3232 2748 estis,
3272 2696 3322 2739 et
3367 2684 3632 2740 desideria

2063 2767 2230 2836 patris
2261 2768 2418 2822 vestri
2449 2769 2609 2824 vultis
2634 2771 2806 2838 facere
2833 2773 2898 2829 ³⁸.
2926 2771 2992 2827 Et
3016 2773 3143 2828 alibi
3181 2789 3372 2829 rursus
3406 2792 3419 2828 :
3449 2770 3630 2829 Nolite

2063 2869 2250 2928 putare
2293 2861 2420 2930 quia
2446 2877 2540 2932 ego
2571 2869 2917 2918 accusaturus
2944 2867 3045 2918 sim
3079 2881 3167 2919 vos
3205 2865 3344 2935 apud
3371 2864 3586 2919 Patrem
3607 2878 3627 2919 :

2061 2954 2138 3000 est
2175 2947 2266 3018 qui
2304 2958 2519 3004 accusat
2555 2966 2643 3006 vos
2680 2950 2906 3021 Moyses,
2934 2955 2988 3006 in
3031 2970 3132 3024 quo
3171 2971 3259 3008 vos
3293 2955 3534 3024 speratis.
3569 2952 3629 3007 Si

2057 3039 2194 3092 enim
2245 3039 2521 3094 crederetis
2557 3040 2750 3112 Moysi,
2787 3045 3066 3098 crederetis
3099 3045 3324 3114 forsitan
3362 3055 3411 3099 et
3446 3045 3575 3099 mihi
3607 3059 3626 3098 :

2057 3129 2120 3181 de
2167 3143 2248 3182 me
2293 3130 2432 3184 enim
2481 3117 2572 3184 itte
2602 3133 2812 3202 scripsit
2834 3135 2901 3187 ³³.
2937 3133 3004 3188 Et
3036 3151 3228 3190 rursus
3261 3155 3276 3188 :
3311 3133 3370 3190 Si
3407 3153 3510 3190 non
3539 3151 3628 3190 oe-

2057 3220 2270 3286 nissem,
2305 3229 2355 3275 et
2391 3221 2596 3276 locutus
2623 3223 2842 3292 fuissem
2879 3227 2975 3290 eis,
3017 3236 3289 3295 peccatum
3333 3242 3436 3280 non
3468 3225 3624 3279 liabe-

2057 3320 2208 3376 rent;
2228 3328 2366 3366 nunc
2391 3322 2567 3368 autem
2586 3317 2977 3372 excusationem
2999 3333 3102 3372 non
3121 3317 3307 3372 habent
3327 3315 3392 3372 de
3413 3324 3624 3386 peccato

2055 3415 2150 3452 suo
2177 3399 2243 3455 “.

2127 3678 2241 3736 XV.
2269 3679 2338 3735 At
2367 3695 2465 3737 nos
2485 3683 2716 3754 populus
2743 3683 2855 3749 Dei,
2881 3701 3013 3757 gens
3037 3694 3246 3756 sancta,
3273 3689 3624 3758 congregatio

2054 3765 2400 3841 accepta'hilis
2422 3773 2488 3840 ³³,
2523 3775 2947 3832 orthodoxorum
2988 3779 3153 3844 acies,
3195 3778 3290 3832 lilii
3337 3779 3620 3844 columine,

2053 3861 2270 3918 soboles
2301 3851 2518 3934 gratiae,
2539 3867 2629 3936 qui
2663 3865 2804 3922 festo
2829 3869 2977 3923 cultu
3003 3869 3216 3941 agimus
3238 3869 3618 3925 deductionem

2055 3951 2290 4024 Virginis
2313 3954 2367 4009 in
2396 3957 2679 4026 templum,
2699 3959 2852 4030 puris
2877 3960 3097 4024 animis,
3118 3961 3415 4031 impollutis
3440 3963 3618 4026 labiis,

2052 4041 2359 4098 multisonis
2392 4043 2592 4116 linguis
2640 4046 2696 4102 in
2734 4049 2836 4104 hac
2867 4048 3179 4105 celebritate
3207 4050 3438 4122 hymnos
3483 4067 3618 4106 sua-

2050 4131 2256 4188 vidicos
2284 4134 2630 4204 extollamus,
2670 4138 2880 4194 illustre
2923 4140 3029 4197 hoc
3061 4139 3283 4206 festum,
3313 4143 3617 4213 principem

2050 4219 2450 4278 solemnitatem
2490 4227 2696 4296 angelis
2728 4228 2904 4284 laetam
2953 4238 3008 4286 et
3044 4231 3323 4286 hominum
3355 4234 3616 4302 praedica-

379 4281 511 4352 τήν,
563 4284 666 4355 τὴν
715 4287 938 4358 πρώτην
997 4292 1342 4362 πανήγυριν,
1392 4293 1492 4364 τὴν
1539 4295 1792 4364 ἀγγέλοις
1853 4298 1948 4350 sb-

2562 4281 2592 4296 υ
2680 4281 2687 4282 ,
2875 4281 2903 4282 η
2961 4281 3006 4286 η
3356 4281 3584 4302 r---_--_

2058 4309 2198 4364 tione
2251 4310 2651 4384 dignissimam,
2694 4319 2876 4387 prouti
2921 4332 3020 4390 par
3047 4327 3149 4386 est,
3179 4331 3619 4378 veneranteszet

379 4373 642 4442 φρόσυνον
693 4377 788 4430 καὶ
831 4379 1142 4450 ἀνθρώποις
1170 4381 1519 4448 ἀξιέπαινονο
1555 4386 1650 4439 καὶ
1686 4387 1748 4440 τὸ
1771 4383 1959 4456 Χαῖρε

2058 4401 2178 4454 illud
2209 4373 2614 4462 AvevGabrielis
2640 4373 2765 4463 cum
2794 4373 3096 4466 reveientia
3127 4373 3182 4466 et
3205 4411 3403 4483 gaudio
3425 4421 3616 4469 sancto

374 4463 471 4516 τοῦ
496 4464 740 4536 Γαϐριὴλ
773 4471 910 4538 μετὰ
941 4473 1108 4541 φόϐου
1141 4475 1234 4528 καὶ
1258 4479 1432 4546 χαρᾶς
1469 4479 1536 4549 τῇ
1571 4481 1830 4551 πανάγνῳ
1861 4483 1951 4535 ὲκ-

377 4554 666 4625 σοήσωμεν
688 4571 702 4586 ·

443 4645 634 4717 Χαῖρε,
662 4647 754 4702 τοῦ
777 4651 990 4722 Πατρδς
1013 4655 1048 4725 ή
1076 4653 1312 4721 εὐδοκία,
1344 4657 1412 4710 δι’
1431 4653 1500 4732 ἧς
1527 4663 1607 4725 εἰς
1635 4660 1702 4716 τὰ
1730 4663 1944 4732 πέρατα

377 4736 618 4824 ἐγνωσθη
652 4738 980 4810 θεογνωσίαο
1011 4749 1190 4816 χαῖρε,
1221 4749 1316 4800 τοῦ
1345 4750 1476 4803 Υίοῦ
1523 4753 1556 4824 ή
1596 4755 1934 4824 κατοίκησις,

378 4829 430 4878 ἐν
470 4821 506 4902 ᾖ
551 4831 582 4884 ό
616 4832 956 4902 σαρκοφόρος
1001 4837 1361 4908 προελήλυθε·
1409 4821 1590 4912 χαῖρε,
1641 4845 1736 4898 τοῦ
1781 4821 1936 4914 ἁγίου

373 4917 690 4989 Πνεύματος
713 4925 1134 4995 κατοικητήριον
1159 4927 1398 5000 ἄῤῥητον
1415 4947 1430 4961 ο
1463 4935 1640 5004 χαῖρε,
1665 4935 1774 4988 τῶν
1799 4939 1938 4990 ἀσω-

375 5007 558 5099 μάτων
583 5011 644 5064 τὸ
674 5013 1105 5087 πολυθρύλλητον
1139 5018 1356 5090 θαῦμα⁹
1389 5025 1569 5093 χαῖρε,
1589 5025 1700 5079 τῶν
1726 5028 1944 5099 Χερουδ

371 5097 468 5166 ὕὶμ
521 5101 823 5174 άγιωτέρα·
873 5107 1066 5175 χαῖρε,
1122 5105 1230 5161 τῶν
1283 5109 1535 5183 Σεραφὶμ
1595 5097 1932 5190 ἐνδοξοτέρα.

2045 4493 2452 4551 οουοιειηεωυε
2480 4512 2495 4548 :

2110 4667 2248 4731 Ave,
2269 4665 2526 4722 delicium
2558 4667 2758 4735 Patris,
2781 4684 2878 4740 per
2907 4686 3070 4742 quam
3106 4671 3172 4727 ad
3207 4673 3428 4728 ultimos
3458 4683 3614 4730 terra

2046 4759 2180 4813 lines
2223 4757 2316 4814 Dei
2347 4759 2587 4830 cognitio
2613 4761 2875 4816 manavit.
2916 4764 3052 4828 Ave,
3089 4763 3211 4818 Filii
3251 4765 3610 4832 domicilium,

2043 4848 2112 4903 de
2147 4863 2256 4918 qua
2290 4848 2378 4902 ille
2409 4864 2576 4905 carne
2602 4849 2828 4906 indutus
2857 4853 3072 4922 prodiit.
3112 4855 3246 4920 Ave,
3277 4855 3450 4909 sancti
3485 4856 3611 4926 Spi-

2043 4942 2181 4996 ritus
2203 4941 2572 4996 habitaculum
2604 4941 2896 4998 inelIabile.
2920 4943 3052 5012 Ave,
3076 4961 3433 5016 supernarum
3460 4963 3611 5003 men«

2043 5032 2176 5087 tium
2209 5032 2636 5088 celebratissima
2677 5035 2987 5092 admiratio.
3021 5037 3154 5102 Ave,
3190 5039 3432 5094 sanctior
3469 5039 3610 5097 Che-

2043 5123 2256 5192 rubim;
2289 5139 2410 5194 ave,
2434 5126 2722 5198 gloriosior
2740 5125 3028 5200 Seraphim
3053 5148 3069 5199 ;
3095 5146 3213 5197 ave,
3246 5133 3386 5188 coelo
3413 5133 3606 5199 latior;

458 5257 518 5364 :1
521 5257 688 5364 ipsa:
731 5265 949 5364 221.39
991 5267 1996 5364 siAt-“llis.-vggliauilgueuim-_de
2054 5299 2134 5338 me
2162 5284 2368 5339 locutus
2425 5295 2526 5352 est,
2593 5286 2649 5342 in
2682 5287 2972 5362 Evangelio
3021 5292 3272 5364 uuspiam
3331 5293 3602 5363 leguntur.

377 5324 420 5358 ⁸⁸
451 5325 610 5385 Joan.
641 5348 694 5398 v,
728 5331 818 5398 45,
859 5334 972 5396 46._
1027 5337 1074 5368 ³¹
1097 5335 1260 5392 Joan.
1289 5355 1380 5406 xv,
1401 5324 1963 5412 92.

439 5499 1071 5602 ξῖὶῇξηξί-οὶξξῑεεξξιιμιη
1100 5513 1298 5602 ‘ap‘uld:
1345 5513 1534 5602 Patres
1595 5520 1920 5602 principium
2027 5532 2093 5583 de
2143 5530 2290 5602 nulla
2340 5535 2574 5602 puellula

369 5569 606 5646 lii-ipara:
647 5569 1042 5646 'praarogativas
1097 5595 1127 5636 a

367 5637 579 5695 tiemlas
602 5637 740 5696 esse.

436 5708 515 5778 (8)
541 5709 616 5764 De
645 5712 1073 5782 singularissima
1121 5722 1352 5788 puritate
1397 5741 1572 5783 sermo
1605 5739 1706 5785 cst.
1750 5729 1916 5790 Porro

1180 5581 1300 5636 Filii
1344 5581 1714 5658 praerogaiiris
1747 5581 1922 5646 dime-

2615 5539 2837 5614 triennik
2861 5539 2998 5614 adeo
3047 5540 3342 5610 singularis
3389 5547 3597 5614 purilas

2027 5599 2365 5684 praedicatum
2402 5615 2488 5684 est
2523 5615 2599 5684 _ut
2633 5611 2752 5684 κατ’
2781 5609 2972 5684 ἐξοχὴν
3005 5599 3246 5666 innocens
3286 5599 3590 5684 appelletur

2026 5669 2191 5792 iselath
2217 5670 2396 5791 Vi'rgo,
2433 5676 2536 5731 uisi
2559 5679 2624 5732 de
2655 5669 2994 5736 immunitate
3021 5699 3050 5737 a
3087 5694 3304 5751 peccato
3324 5669 3594 5754 originali

2026 5753 2078 5792 in
2107 5757 2133 5791 υ
2183 5756 2262 5794 ica
2295 5758 2377 5794 ur.

2124 5757 2377 5812 ungatur.
