3946 6308
307 301 416 350 ϋἍ
487 296 648 353 COD.
692 294 864 351 DIPL.
906 328 974 336 ——
1013 295 1317 353 MONUMN
1363 297 1513 353 ETC.
1546 339 1561 363 ,
1604 297 1737 354 SEU
1772 296 1927 355 COD.
1968 297 2383 359 CAROLINUS.
2423 331 2494 341 -—
2531 300 2682 357 APP.
2720 331 2790 340 -—
2826 300 3000 358 DlPL.
3045 305 3321 361 liENRlCl
3358 308 3396 362 1.
3474 307 3584 365 πθ

311 408 765 491 μτοωξεείοιιςιῃς
784 425 877 464 seu
916 409 1301 491 professionem
1342 410 1646 491 Leonis_lV,
1672 390 1776 480 qua
1806 426 1895 465 co—
1923 417 1971 474 Α
1999 415 2258 491 decrevit,
2280 423 2335 491 et
2356 415 2523 469 Leo-‘i
2553 416 2616 491 IV
2640 417 2737 491 qui
2770 419 3084 491 pontificum
3110 422 3347 476 omnium
3372 425 3577 491 primus

313 496 431 535 ram
472 481 847 549 imperialibus
874 483 1071 535 missis
1091 496 1150 535 se
1182 496 1417 536 canones
1442 491 1495 533 et
1517 481 1733 534 decreta
1760 497 1896 549 pra:-

314 552 663 605 dcccssorum
694 567 757 605 ac
799 553 1096 620 praesertim
1141 567 1226 603 res
1258 551 1510 604 Eccles'ae
1548 561 1895 604 conservatu-

316 635 435 674 rum
478 620 808 688 pollicetur:
851 629 962 674 tum
987 637 1115 675 vero
1154 621 1434 689 perspicua
1477 631 1559 674 est
1607 620 1898 689 imperialis

315 699 558 759 potestas
603 691 657 744 in
706 692 932 745 Romani
982 690 1255 761 pontiﬁcis
1302 690 1593 745 creatione.
1632 690 1698 743 At
1750 692 1895 760 Pagii

316 762 656 832 aliorumque
692 763 893 832 Opinio,
920 760 1012 830 qui
1048 761 1272 817 scilicet,
1303 769 1361 813 ut
1395 760 1703 832 Occidcmis
1732 762 1900 830 impc-

316 833 590 886 ratorihus
615 830 707 898 jus
732 830 1113 887 eontirmandzc
1149 832 1430 886 electionis
1453 831 1740 895 vindicent,
1773 848 1899 901 gra-

316 918 429 956 vem
479 902 547 955 iis
572 901 827 969 injuriam
861 902 1083 965 faciunt,
1114 903 1238 967 dum
1272 902 1530 957 Odoacris
1560 909 1612 954 et
1638 902 1902 969 Augusto-

317 988 429 1025 rum
447 971 690 1027 Orientis
713 973 1113 1041 usurpationem
1128 972 1316 1027 iisdem
1339 972 1659 1035 attribuunt,
1689 971 1898 1026 convel-

315 1041 458 1095 litur.
492 1042 632 1096 Nam
662 1043 788 1098 Otto
830 1053 883 1097 et
920 1044 1182 1097 Henricus
1211 1044 1350 1097 hanc
1378 1042 1780 1111 imperatoriam
1804 1059 1901 1111 po-

315 1120 588 1183 testatem,
617 1128 782 1181 quam
827 1122 1055 1183 uterque
1092 1113 1206 1167 vult
1246 1114 1470 1175 salvam,
1500 1128 1607 1166 non
1642 1112 1899 1166 Lothario

313 1188 361 1235 et
392 1180 670 1239 Ludovico
704 1180 983 1255 Augustis,
1012 1184 1108 1239 sed
1138 1184 1378 1254 Eugenio
1420 1183 1511 1253 (ιιιὶ
1536 1184 1602 1237 de
1635 1182 1897 1238 electione

2001 484 2054 562 i_n
2091 487 2492 562 exsecutionem
2530 484 2676 562 misit
2708 484 2880 559 Sergi:
2906 490 2946 543 ll
2972 484 3432 562 constitutionem,
3471 511 3576 562 qua

1998 552 2286 630 Lo‘tliarius
2308 566 2362 610 et
2379 557 2681 612 Ludovicus
2702 552 3022 628 poteStatem
3048 561 3192 615 illam
3214 552 3576 630 obtinuerant,

2002 622 2192 703 referri
2236 634 2509 703 testantur
2559 622 2856 703 acceptam.
2909 633 3269 703 Quamobrem
3304 630 3399 703 jus
3446 622 3578 690 illud

2002 694 2297 761 imperiale,
2332 712 2430 772 pro
2473 714 2579 767 quo
2604 694 2895 772 assei'endo
2930 694 3045 755 tam
3085 702 3252 755 multa
3282 694 3576 772 disputant,

2001 772 2218 832 tamque
2270 768 2616 824 vehementer
2664 770 3042 844 digladiantur,
3091 768 3445 844 imperatores
3477 774 3581 844 ipsi

2001 845 2279 911 respuunt,
2334 852 2498 911 seque
2547 841 2854 909 apostolica:
2904 843 3047 896 sedis
3096 841 3377 911 privilegio
3427 841 3581 898 ill—r8

2002 906 2134 985 tanti
2162 906 2643 985 momentibabere
2669 919 2989 985 potestatem
3013 906 3268 985 fatentur,
3290 906 3450 985 quam
3474 914 3578 969 sibi

2001 979 2220 1043 suisque
2239 979 2471 1046 posteris
2496 979 2696 1033 salvam
2723 981 2838 1035 fore
2860 983 3213 1037 constituunt.
3246 979 3575 1039 Dii—subscri-

1997 1046 2271 1128 ptiouibus
2304 1049 2619 1128 ueterisque
2635 1052 2716 1128 _a_d
2755 1062 3291 1128 extremampartem
3321 1053 3579 1128 diploma.

1999 1119 2071 1170 tis
2095 1119 2507 1186 pertinentibus,
2537 1121 2648 1174 dixi
2675 1122 2730 1175 in
2756 1119 3503 1191 priecedenti'dissertatione.

1048 1391 1207 1461 18’]
1238 1390 1623 1449 EXEMPLUM
1660 1360 2025 1450 PRIVILEGII
2066 1396 2341 1451 HENRICI
2377 1393 2841 1450 [MPERATORIS

1346 1542 1411 1580 DE
1452 1541 1741 1583 REGALIBUS
1778 1545 1951 1585 ΒΕΑΤο
1989 1545 2163 1585 Μετιιο
2185 1543 2476 1584 εοκαιῑδδιδ.

375 1634 491 1705 ειη
534 1632 753 1705 nomine
778 1632 989 1687 Domini
1025 1633 1118 1687 Dei
1166 1634 1572 1703 omnipotentis,
1609 1635 1806 1697 Patris,
1838 1646 1892 1690 et
1922 1647 1967 1705 Β

1995 1708 2083 1779 pie
2109 1707 2497 1779 recordationis
2510 1703 3012 1779 domnusAPippinus,
3034 1711 3087 1779 c_t
3103 1705 3311 1779 donnus
3330 1703 3574 1767 Carolus,

307 1702 446 1768 Filii,
472 1711 528 1757 et
557 1702 794 1777 Spiritus
818 1704 1011 1777 sancti.
1047 1705 1159 1775 Ego
1190 1702 1454 1777 Henricus
1480 1706 1572 1760 Dei
1601 1708 1770 1777 gratia
1793 1707 1892 1760 im-

307 1782 528 1857 perator
554 1773 693 1857 Aug.
726 1773 767 1857 by
781 1775 1024 1856 spondeo
1059 1773 1231 1857 atque;
1250 1776 1513 1857 promitto
1536 1773 1631 1857 per
1669 1779 1771 1857 hoc
1799 1793 1893 1857 pa:

303 1844 450 1900 etum
484 1844 918 1916 conﬁrmationis
954 1844 1145 1900 nostre
1172 1844 1267 1899 tibi
1298 1847 1453 1901 beato
1475 1844 1637 1901 Petro
1663 1847 1892 1916 principi

306 1915 680 1997 apostolorum
711 1922 778 1997 _et
820 1915 1110 1997 clavigeri)“
1137 1916 1289 1997 regni
1336 1917 1594 1981 celerum,
1625 1915 1812 1997 per
1839 1915 1892 1997 te

302 1984 509 2040 vicario
550 1994 645 2039 tuo
694 1986 872 2040 donno
918 1984 1221 2041 Benedicto
1255 2001 1468 2043 summo
1512 1984 1785 2055 pontilici,
1837 1996 1892 2042 et

302 2055 602 2111 universali
624 2070 780 2126 pape,
801 2056 942 2110 sicut
962 2070 992 2108 a
1014 2057 1488 2126 predecessoribus
1509 2058 1702 2112 vestris
1720 2062 1892 2126 usque

302 2126 521 2181 nuncin
564 2125 746 2180 vestra
778 2133 1046 2195 potestate
1073 2125 1367 2181 auditione
1394 2128 1662 2192 tenuistis,
1695 2136 1749 2183 et
1782 2125 1891 2182 dis-

301 2196 563 2264 posuistis
595 2206 620 2234 ο
656 2196 929 2251 civitatem
954 2196 1252 2251 Romanam
1278 2212 1405 2252 cum
1445 2197 1641 2253 ducatu
1691 2213 1808 2261 suo,
1838 2205 1889 2251 et

302 2265 632 2321 mburbanis
658 2266 789 2335 suis,
819 2275 981 2335 atque
1003 2267 1196 2321 viculis
1220 2268 1493 2334 omnibus,
1520 2276 1575 2321 et
1603 2268 1893 2323 territoriis

304 2336 417 2404 ejus
442 2333 836 2409 montanis,'ac
868 2333 1175 2409 maritimis,
1212 2338 1485 2409 litoribus,
1509 2353 1572 2392 ac
1608 2340 1890 2409 portubus,

301 2422 396 2478 seu
435 2406 680 2478 cunctis,
703 2407 1030 2478 civitatibus,
1059 2408 1315 2472 castellis,
1342 2409 1571 2478 oppidis,
1602 2406 1665 2463 ac
1699 2409 1892 2463 viculis

304 2476 502 2547 :l‘useie
520 2477 790 2547 partibus,
815 2477 868 2532 id
887 2486 970 2533 est
991 2476 1232 2547 Portum,
1248 2476 1661 2541 Centumcellas,
1678 2478 1889 2543 Cerem,

298 2544 1013 2621 Pledam‘tﬁlarturianum,
1053 2545 1291 2621 Sutriam
1335 2548 1739 2621 [Maiorianum
1787 2549 1891 2621 Su;

301 2616 516 2692 trium],
548 2614 776 2692 Nepem,
796 2614 1392 2692 Cast_cllum_Galliserji,
1422 2619 1604 2692 Ortcm
1628 2618 1886 2692 [Orcem],

300 2685 718 2751 Polliniartiuim,
752 2686 1043 2752 Ameriam,
1069 2687 1295 2753 Tndam,
1329 2690 1608 2745 Perusiam
1630 2685 1762 2744 cum
1791 2685 1889 2744 tri-

304 2757 404 2825 bus
426 2758 625 2813 insulis
647 2758 781 2821 suis,
806 2759 861 2813 id
883 2767 965 2813 est
992 2757 1196 2825 majore
1238 2768 1293 2813 et
1319 2761 1557 2825 minore,
1584 2760 1892 2814 Pulvensim

304 2824 342 2899 [,
366 2827 635 2903 et__lacu],
664 2827 938 2903 Narniam,
974 2839 1029 2903 et
1067 2824 1360 2903 Utriculam
1386 2824 1735 2903 [Utrieulum]
1767 2847 1888 2885 cum

302 2899 558 2954 omnibus
594 2899 792 2954 linihns
813 2906 867 2955 et
887 2899 1173 2955 territoriis
1194 2901 1260 2954 ad
1286 2899 1622 2971 supradictas
1643 2899 1889 2956 civitates

304 2969 721 3024 pertinentibus.
992 2968 999 2974 ’

370 2969 721 3025 rtinentibus.
992 2968 999 2974 ’

302 2983 721 3039 pertinentibus.

369 3038 594 3096 Necnon
616 3047 672 3095 et
693 3041 1042 3096 exarehatum
1065 3040 1429 3097 Ravennatem
1451 3043 1550 3097 sub
1576 3042 1886 3114 integritate

370 3189 395 3216 ι
431 3176 647 3229 Dantur
670 3175 825 3229 uncis
854 3174 1073 3229 inclusa:
1096 3176 1369 3231 variantes
1390 3176 1669 3241 lectiones,
1696 3192 1764 3231 ex
1788 3191 1886 3232 au-

303 3247 541 3302 thentica
566 3244 862 3300 Innocentii
896 3246 963 3300 lV‘
987 3246 1302 3316 dcsumptac.

370 3317 399 3357 δ
438 3316 516 3370 De
536 3316 877 3371 invocatione
897 3324 949 3370 et
987 3316 1252 3385 principio
1283 3329 1495 3386 semper
1521 3317 1679 3371 simili
1711 3317 1764 3372 in
1790 3317 1887 3373 tri-

301 3387 402 3442 bus
423 3386 807 3455 diplomatibus
826 3394 908 3441 est
938 3388 1136 3441 dictum
1157 3388 1289 3441 satis
1318 3387 1371 3440 in
1395 3388 1882 3442 dissertationibus.

302 3458 378 3512 De
402 3459 549 3526 imp.‘
572 3455 799 3527 Augusti
832 3456 1006 3521 titulo,
1031 3471 1190 3525 quem
1219 3458 1322 3511 sibi
1354 3457 1560 3522 tribuit,
1592 3459 1883 3514 notandum

302 3528 564 3583 adversus
585 3526 933 3582 Germanicos
955 3528 1265 3597 scriptores,
1290 3528 1382 3597 qui
1405 3528 1570 3581 etiam
1594 3529 1882 3584 Henricum

303 3606 510 3667 patrem
550 3598 767 3652 Ottonis
806 3598 946 3652 inter
985 3599 1338 3667 imperatores
1377 3609 1676 3664 recensent,
1708 3598 1882 3667 diplo-

304 3676 446 3722 mata
494 3667 654 3735 hujus
683 3668 967 3737 diligenter
989 3669 1229 3737 inspecta
1264 3684 1294 3722 a
1322 3668 1650 3724 Gotvvicensi
1692 3667 1883 3724 abbate

304 3737 814 3809 aliudvocabuluim,
848 3754 1009 3808 quam
1054 3738 1196 3809 regis
1242 3755 1348 3793 non
1376 3738 1710 3808 prteseferre,
1738 3739 1883 3793 nulla

247 3855 257 3863 ,
304 3808 577 3864 addition‘e
599 3816 693 3863 ant
714 3808 1044 3873 Germania),
1083 3808 1177 3863 aut
1208 3809 1555 3873 Francorum,
1587 3817 1679 3864 aut
1707 3810 1886 3864 orien-

304 3878 426 3932 talis
476 3877 718 3933 Francius
761 3877 975 3949 (Chron.
1024 3886 1153 3933 tom.
1195 3878 1235 3943 l,
1269 3880 1307 3933 l.
1343 3896 1415 3944 ﬂ,
1449 3895 1498 3934 c.
1543 3880 1597 3943 2,
1684 3919 1697 3932 .
1736 3878 1879 3951 151).

304 3944 358 4003 Id
382 3949 606 4003 minime
636 3959 994 4005 annotassem.
1029 3949 1129 4004 nisi
1159 3950 1297 4005 apud
1338 3949 1597 4005 Glossarii
1625 3896 1879 4005 ganaiani

302 3944 358 4003 ld
382 3949 606 4003 minime
636 3944 994 4019 annotassem,
1029 3949 1129 4004 nisi
1159 3950 1297 4019 apud
1338 3949 1597 4005 Glossarii
1625 3944 1881 4019 Cangiani

301 4019 709 4091 continuatores
731 4020 818 4091 (V.
843 4018 1127 4091 Imperium
1150 4020 1360 4091 vacans)
1378 4020 1704 4091 additionem
1728 4018 1885 4091 insci-

303 4089 474 4144 timet
503 4088 749 4145 audaciae
767 4088 980 4158 plenam
1028 4088 1390 4144 olfendissem.
1440 4088 1570 4144 Eam
1626 4090 1876 4156 consule;

304 4159 503 4214 mirare
528 4160 781 4214 ﬁduciam
815 4160 1111 4225 hominum,
1137 4159 1258 4213 vide
1298 4160 1427 4229 quid
1467 4162 1678 4230 possint
1720 4162 1880 4216 studii

302 4244 480 4300 causa:
520 4246 647 4285 cum
689 4230 900 4285 assidua
945 4231 1223 4286 sectarier.
1275 4230 1505 4285 lectione
1556 4230 1877 4300 conjunctae.

301 4298 530 4355 Chartas
556 4316 676 4370 qua)
696 4300 993 4355 aﬂ'eruntur
1030 4315 1186 4355 nemo
1221 4300 1473 4355 cordatus
1513 4298 1760 4357 admittet
1785 4316 1799 4355 :
1824 4310 1879 4356 at

301 4370 633 4442 imperialem
658 4370 972 4441 dignitatem
996 4386 1024 4424 a
1052 4371 1232 4426 Leone
1254 4370 1664 4442 lll.institntam,
1691 4381 1878 4442 totque

300 4441 668 4496 monumentis
704 4448 954 4496 testatam
978 4442 1174 4496 eruditi
1201 4441 1369 4510 probe
1394 4450 1612 4495 norunt.

369 4524 392 4594 ξ
422 4510 598 4566 Annis
619 4511 733 4594 lere
754 4513 1006 4594 trecentis
1025 4511 1377 4594 pontiﬁcesin
1402 4510 1877 4594 Romanoduc‘atu,

298 4582 446 4652 cujus
473 4591 639 4654 caput
666 4581 855 4654 Roma,
896 4581 1154 4641 dominati
1202 4589 1377 4645 erant,
1417 4582 1693 4654 dominatu
1736 4582 1826 4638 illo
1850 4599 1882 4638 a

295 4652 790 4721 przedecessoribus
814 4653 868 4707 in
889 4666 1248 4716 successores,
1275 4659 1336 4705 ut
1360 4666 1502 4721 saepe
1532 4652 1755 4716 dictum,
1784 4668 1883 4721 per

298 4737 492 4793 manus
529 4730 861 4778 transeunte.
889 4722 948 4777 ld
995 4730 1307 4778 constanter
1345 4721 1614 4793 allirmant
1642 4724 1882 4793 epistola:

294 4791 427 4849 Cod.
455 4794 637 4849 Carol.
665 4800 719 4849 et
758 4793 862 4846 alia
893 4800 1238 4847 monumenta
1263 4799 1444 4847 vetera
1468 4792 1581 4862 jam
1607 4791 1763 4847 allata
1792 4809 1882 4848 us-

294 4864 400 4918 bue
423 4865 493 4919 ad
514 4864 696 4919 Caroli
723 4862 897 4934 Magni
924 4870 1181 4927 mortem;
1207 4870 1261 4917 et
1280 4864 1473 4918 exinde
1498 4864 1880 4931 imperatorum

293 4935 539 5005 omnium
560 4934 868 5005 diplomata,
898 4948 1126 5005 quorum
1157 4934 1470 5005 instituunt
1492 4934 1595 4987 tria
1622 4934 1736 4989 ham
1757 4950 1876 5005 qua:

290 5002 671 5075 expendimus,
706 5002 1067 5075 incipienan
1091 5004 1362 5059 Ludovico
1405 5002 1522 5067 Pio,
1548 5018 1711 5075 quem
1752 5002 1875 5058 Ste-

292 5072 601 5146 phimung
626 5083 683 5131 et
714 5072 990 5146 Paschalis
1008 5074 1034 5146 li
1055 5075 1320 5146 imperiali
1355 5074 1673 5146 auctoritate
1717 5076 1877 5129 robo-

289 5143 415 5200 ἐπε
437 5144 725 5201 voluerunt
749 5143 872 5211 jura
894 5145 1076 5200 omnia
1098 5143 1297 5200 sanctae
1322 5144 1484 5209 sedis,
1510 5158 1615 5197 non
1639 5146 1876 5214 exceptis

289 5215 360 5273 iis
412 5231 537 5287 qua:
589 5217 657 5287 ab
704 5215 824 5287 aliis
872 5214 1069 5287 injuste
1118 5216 1469 5287 tenebantur;
1522 5214 1718 5287 quippe
1756 5232 1874 5282 qua:

289 5284 498 5342 sancite
713 5286 848 5367 olim_
881 5286 1214 5367 vindicatum
1251 5286 1317 5339 iri
1361 5284 1669 5353 sperabant,
1700 5300 1874 5354 neque

286 5371 387 5411 eas
509 5372 538 5411 s
567 5355 787 5411 fallaces
822 5355 987 5411 fuisse
1020 5364 1353 5425 compertum
1390 5365 1493 5409 est.

328 5497 337 5502 ν
363 5371 508 5502 αἷς
540 5427 661 5481 luce
690 5426 888 5481 clarius
917 5426 1263 5502 donationum
1298 5424 1532 5502 initium.
1578 5424 1883 5480 Donatoer

289 5497 566 5569 siquidem
582 5511 837 5569 expresse
858 5497 1221 5569 nominantur,
1243 5495 1387 5569 quod
1405 5495 1519 5569 ﬁeri
1542 5510 1879 5569 nequaquam

281 5582 323 5638 ι)
343 5565 504 5633 diuit,
532 5568 624 5623 ubi
645 5565 711 5622 de
734 5567 949 5623 Romm.
984 5565 1557 5638 pontiﬁcumgdomini‘o
1582 5566 1881 5638 agebatur:

281 5635 403 5694 iion
429 5640 577 5693 enim
607 5638 796 5708 liquet,
828 5654 954 5693 num
985 5635 1341 5709 Gregoriusll
1368 5652 1443 5709 an,
1465 5636 1539 5709 lll_
1573 5635 1734 5709 fuerit
1764 5637 1877 5706 pri-

280 5725 412 5765 mus
441 5707 712 5766 princeps.
745 5720 795 5762 et
824 5724 1065 5776 quaenam
1092 5707 1486 5764 administratio
1517 5707 1698 5774 fuerit,
1722 5711 1879 5764 abso-

1072 5942 1097 5969 ο

1905 4450 1957 4511 ι)
1982 4443 2260 4497 Gabellum
2296 4444 2558 4497 tantulam
2596 4444 2887 4506 civitatem,

1932 4560 1935 4563 .
1983 4514 2248 4568 rissimum
2272 4526 2429 4568 vocat
2462 4513 2615 4583 (Cod.
2653 4513 2775 4567 Car.
2811 4530 2896 4583 ep.
2921 4514 3020 4578 54,
3050 4513 3119 4567 al.
3156 4512 3247 4583 5|)
3274 4514 3565 4574 recenseri,

1997 1653 2119 1693 cum
2151 1630 2396 1700 urbibus,
2426 1635 2759 1697 civitatibus,
2805 1634 3032 1704 oppidis,
3079 1642 3133 1686 et
3179 1634 3432 1704 castellis,
3471 1650 3588 1704 quo

1992 1768 2045 1833 et
2069 1779 2279 1832 donnus
2301 1777 2620 1837 Ludovicus,
2639 1784 2693 1829 et
2713 1768 2851 1829 Octo
2870 1775 3010 1829 [ilius
3030 1773 3145 1840 ejus
3166 1768 3573 1843 predecessores

1992 1849 2241 1904 videlicet
2284 1846 2456 1902 nostri
2487 1848 2643 1900 beato
2674 1846 2832 1901 Petro
2857 1846 3116 1914 apostolo,
3146 1854 3199 1899 et
3228 1845 3572 1914 predecesso-

1993 1919 2142 1974 ribus
2193 1918 2356 1989 188
2399 1917 2595 1989 vestris
2614 1916 3057 1989 jamdudumper
3100 1915 3405 1989 donationis
3432 1917 3577 1988 pagi-

1991 2004 2115 2043 nam
2145 1984 2487 2043 cobfuierunt
2512 1986 2561 2051 ἀ,
2601 1988 2703 2042 hoc
2730 1996 2813 2042 est
2848 1986 3123 2040 civitatem
3164 1984 3578 2051 Ravennam,'et

1992 2059 2241 2130 Emiliam
2291 2070 2339 2130 ἐ,
2369 2058 2604 2130 Dobium
2635 2057 2676 2130 [,
2705 2057 2805 2130 et],
2850 2056 3130 2130 Cescnam,
3172 2054 3575 2130 Forumpopuli,

1992 2128 2303 2185 Forumlivii
2322 2170 2335 2192 ,
2367 2125 2709 2192 Faventiam,
2737 2125 2955 2182 lfuolam
2974 2169 2986 2190 ,
3027 2126 3320 2181 Bononiam
3339 2166 3351 2189 ,
3381 2125 3574 2197 [ferra-

1991 2200 2149 2271 riam,
2177 2199 2541 2271 Comiacclum
2570 2197 2966 2271 [Corniaclum],
2986 2197 3258 2271 Adrianis,
3287 2194 3449 2271 atque
3469 2194 3578 2252 Ga-

1991 2269 2206 2332 bellum,
2240 2285 2362 2324 cum
2386 2267 2637 2324 omnibus
2661 2270 2878 2333 ﬁnibus,
2907 2267 3216 2330 territoriis,
3246 2276 3409 2337 atque
3432 2267 3577 2322 insu-

1991 2338 2059 2394 lis
2087 2349 2231 2395 terra
2264 2340 2506 2409 marique
2543 2341 2609 2393 ad
2653 2342 2993 2409 supradictas
3017 2338 3264 2409 civitates
3301 2339 3581 2409 pertinen-

1991 2411 2155 2466 tibus.
2210 2409 2378 2464 Simul
2421 2406 2477 2463 ct
2524 2406 2857 2479 Pentapolim
2883 2450 2896 2471 ,
2937 2409 3185 2479 videlicet
3236 2406 3575 2479 Ariminum,

1989 2480 2340 2545 Pensaurum,
2374 2479 2598 2543 Fanum,
2629 2477 3007 2549 Se‘nogalliam,
3056 2477 3355 2549 Anconam,
3408 2478 3583 2549 Anxia-

1991 2567 2141 2623 ζημίη
2160 2549 2485 2623 [Ausimnm]
2514 2544 2833 2623 Humanam,
2861 2549 3062 2623 liesirn,
3080 2544 3567 2623 Formiisimpronii

1992 2619 2088 2693 [Γ.
2122 2618 2740 2693 Sémpronii],:_montem
2758 2619 3249 2693 l‘eltri,_gUrbinum_,
3273 2626 3328 2672 et
3351 2618 3571 2693 territo-

1990 2689 2131 2763 rium
2161 2689 2796 2763 Valvensc'7[Balncnse],
2831 2690 3010 2752 Callis,
3035 2689 3292 2763 Luciolis,
3317 2695 3371 2763 et
3400 2689 3573 2763 Eugu-

1989 2762 2138 2817 bium
2174 2779 2295 2817 cum
2324 2759 2575 2816 omnibus
2608 2759 2802 2815 ﬁnibus
2840 2776 2903 2815 ac
2945 2760 3235 2815 territoriis
3263 2759 3329 2812 ad
3355 2760 3571 2814 easdem

1988 2833 2262 2914 civitates.
2282 2832 2721 2914 pertinentibus.‘
2749 2831 2826 2886 Eo
2876 2829 3123 2914 [Eodem]
3152 2830 3313 2912 modo
3360 2829 3576 2914 territo-

1986 2902 2130 2957 rium
2173 2900 2472 2958 Sabinense
2508 2900 2562 2962 ί.
2590 2903 2729 2956 sicut
2774 2917 2803 2955 a
2852 2900 3121 2969 p’redictis'
3156 2900 3573 2969 imperatoribus

1988 2975 2420 3028 antecessoribus
2470 2973 2670 3027 nostris
2702 2975 2726 3012 ⁸
2761 2972 2920 3026 beato
2971 2971 3135 3025 Petro
3187 2970 3430 3040 apostolo
3476 2985 3579 3039 per

1984 3043 2288 3100 donationis
2314 3044 2573 3113 scriptum
2608 3056 2925 3099 concessum
2958 3050 3041 3096 est
3090 3041 3189 3096 sub
3245 3041 3573 3114 integritate.

1987 3177 2099 3232 luta
2129 3177 2355 3242 scilicet,
2390 3194 2457 3232 an
2485 3187 2704 3234 senatus
2729 3177 3018 3246 populique
3063 3175 3272 3245 legibus
3314 3175 3566 3234 admista.

1986 3248 2192 3304 Idcirco
2215 3249 2520 3304 conditione
2561 3249 2647 3301 illa
2672 3249 2802 3302 sicut
2823 3248 3061 3302 tenuistis
3084 3246 3310 3303 dominii
3336 3248 3573 3318 qualitas

1988 3319 2313 3388 relinquitur
2338 3319 2392 3372 in
2420 3318 2663 3388 ancipiti.

2061 3401 2084 3429 ο
2114 3387 2314 3444 Vellem
2348 3387 2623 3458 astipulari
2673 3388 2739 3442 iis
2786 3388 2899 3457 qni,
2948 3387 3115 3441 nimio
3172 3398 3374 3443 sancta:
3424 3391 3569 3445 sedis

1986 3474 2171 3515 amore
2191 3459 2353 3521 ducti,
2384 3461 2681 3514 extendunt
2710 3458 2985 3513 AEmiliam
3011 3473 3179 3526 usque
3210 3458 3562 3521 Placentiam,

1985 3530 2125 3600 unde
2160 3545 2285 3584 vere
2322 3530 2598 3600 provincia
2622 3530 2710 3583 illa
2739 3528 3029 3598 incipiebat
3056 3528 3267 3581 Bonam.
3301 3537 3569 3600 tempore.

1983 3598 2269 3655 Provincia
2305 3598 2431 3654 item
2463 3608 2580 3653 erat
2606 3600 2801 3653 saeculo
2830 3615 2924 3669 vui
2956 3605 3009 3669 et
3033 3612 3209 3669 scqq.,
3249 3608 3306 3652 ut
3331 3598 3476 3669 patet
3504 3617 3571 3655 ex

1983 3672 2346 3749 monumentis
2369 3678 2610 3749 veterum
2640 3684 2653 3722 :
2690 3685 2801 3749 pne
2834 3667 3381 3749 alii§_luculentc_r_iil_
3402 3679 3569 3749 testa-

1984 3749 2074 3810 tur
2108 3740 2534 3795 Ravennatensis
2557 3737 2767 3810 concilii
2792 3737 3017 3810 an._877
3042 3754 3214 3810 cauen
3246 3739 3310 3791 l7
3340 3738 3567 3810 (Labbe,

1984 3809 2143 3865 Cone.
2190 3822 2323 3865 tom.
2369 3811 2457 3874 ιχ,
2500 3826 2553 3879 p.
2584 3809 2764 3879 502):
2798 3829 2815 3860 ε
2852 3804 2959 3863 tim
3007 3823 3104 3878 per
3146 3804 3478 3871 Ravennam,
3515 3821 3569 3864 et

1984 3826 2143 3865 conc.
2190 3826 2323 3865 tom.
2370 3826 2457 3874 nt,
2541 3850 2553 3864 .
2585 3826 2764 3879 oua):
2798 3829 2815 3860 ε
2852 3826 2959 3863 tam
3007 3826 3104 3878 per
3147 3826 3478 3871 navennam,
3515 3826 3569 3864 et

1983 3880 2336 3950 Pentapolim,
2377 3890 2431 3937 et
2456 3826 2753 3945 Agmiliam,
2783 3895 2941 3952 quam
2966 3889 3021 3933 et
3047 3895 3143 3949 per
3179 3879 3430 3935 Tusciam
3461 3881 3569 3952 lto-

1982 3966 2264 4022 manornm
2304 3961 2465 4021 atque
2499 3950 2996 4022 Longobardorum,
3043 3959 3114 4022 et,
3142 3966 3303 4022 omne
3355 3950 3569 4022 territo-

1984 4021 2125 4075 rium
2166 4023 2339 4077 sancti
2380 4020 2534 4076 Petri
2572 4020 2746 4091 apost.
2780 4043 2798 4072 ι
2832 4020 2937 4075 Sed
2970 4021 3245 4091 provincia
3271 4028 3389 4074 erat
3415 4020 3570 4077 valde

1983 4099 2230 4162 angusta,
2260 4091 2413 4160 cujus
2439 4091 2571 4147 ﬁnes
2595 4090 2933 4146 territorium
2962 4090 3297 4146 Bononiense
3325 4108 3388 4145 ex
3417 4100 3571 4161 parte

1981 4161 2105 4232 una,
2146 4177 2213 4216 ex
2261 4163 2428 4218 altera
2481 4179 2607 4218 vero
2650 4161 2980 4232 Peritapol-is.
3022 4162 3199 4228 Quare
3243 4162 3574 4226 Ludovicus,

1980 4231 2126 4295 Otto,
2156 4241 2211 4287 et
2237 4233 2499 4287 Henricus
2530 4231 2868 4303 Exarcbatus
2907 4242 2962 4284 et
2990 4232 3299 4303 Pentapolis
3321 4233 3571 4289 civitates

1980 4311 2321 4358 enumerant.
2364 4303 2635 4358 Placentia
2660 4312 2713 4359 et
2736 4302 2948 4363 Parma,
2975 4304 3201 4372 aliisque
3222 4303 3361 4356 ultra
3393 4304 3567 4361 Bono-

1981 4374 2125 4427 niam
2149 4374 2366 4428 silentio
2388 4373 2648 4429 altissimo
2672 4373 3070 4443 prietcrmissis.
3100 4373 3568 4443 Estneercdibile,

2934 4459 3095 4513 quam
3136 4442 3407 4513 Adrianus
3454 4442 3569 4497 bre-

1984 4583 2291 4656 nullamque
2333 4598 2397 4637 ex
2444 4582 3021 4656 celebrioribusiultra
3050 4582 3341 4656 Bononiam
3396 4584 3568 4638 nomi-

1982 4654 2140 4708 nari?
2183 4652 2486 4708 Mereturne
2515 4655 2678 4709 ullam
2720 4652 2881 4710 [idem
2908 4655 2999 4723 qui
3049 4654 3101 4707 in
3153 4652 3441 4723 donatione
3472 4667 3568 4722 per

1983 4724 2288 4793 designatos
2313 4725 2446 4779 lines
2480 4724 2729 4780 Parmam
2766 4722 2950 4793 aperte
2990 4724 3177 4777 videns
3202 4738 3323 4775 cum
3362 4722 3564 4777 Mutina

1981 4794 2191 4849 excludi
2231 4811 2261 4849 a
2292 4795 2655 4850 dominatione
2698 4804 2898 4849 sancta:
2939 4794 3111 4857 sedis,
3154 4793 3565 4849 allucinationes

1982 4873 2260 4919 auctorum
2309 4865 2503 4921 decimi
2558 4865 2694 4920 sexti
2739 4863 2921 4919 saeculi
2973 4863 3334 4919 monumentis
3382 4863 3566 4931 objicit

1983 4936 2300 5005 veneranda:
2344 4935 2717 5005 antiquitatis?
2755 4934 2883 4988 Mihi
2915 4934 3129 5002 quidem
3161 4941 3268 5005 tam
3291 4943 3437 5005 errat
3471 4935 3565 5003 qui

1980 5004 2362 5087 diplomatibus
2386 5001 2533 5087 hisce
2556 5001 3108 5087 de_traliit,'qiiamqui
3133 5001 3373 5073 adjungit
3404 5001 3564 5061 terrae

1980 5074 2183 5130 ulnam.
2210 5076 2344 5131 Vide
2382 5085 2536 5130 notas
2563 5076 2630 5129 ad
2654 5075 2780 5144 dipl.
2810 5075 2944 5128 Lud.
2968 5074 3070 5128 Pii.

2057 5144 2079 5184 τ
2110 5145 2258 5200 Satis
2282 5145 2347 5199 de
2371 5146 2475 5201 hoc
2509 5146 2781 5200 territorio
2803 5145 2857 5197 in
2884 5145 3015 5199 Cod.
3049 5144 3173 5200 Car.
3201 5153 3258 5199 et
3283 5146 3337 5199 in
3364 5146 3563 5202 disser-

1979 5215 2293 5340 tati‘gnibus.
2331 5216 2464 5271 Vide
2488 5216 2648 5269 etiam
2684 5215 2938 5271 notasad
2964 5215 3106 5275 Lud.
3146 5215 3225 5275 Pii
3246 5216 3377 5285 dipl.
3419 5227 3473 5272 et
3496 5216 3563 5272 ad

2121 5302 2177 5339 η.

2038 5293 2177 5340 tton.

2059 5358 2084 5396 δ
2109 5357 2168 5428 In
2191 5355 2321 5428 dipl.
2336 5354 2599 5428 Ludovici
2625 5353 2896 5428 Piileges,
2919 5357 3111 5428 sicuta
3133 5358 3364 5428 genitore
3388 5367 3567 5413 nostra

1985 5424 2195 5489 Carolo,
2224 5424 2277 5479 in
2324 5424 2629 5499 Ottoniano.
2679 5424 2889 5481 sicula
2927 5424 3385 5499 domino'_Carolo
3430 5429 3557 5499 imp.

1985 5505 2152 5549 antea.
2187 5504 2360 5549 nostra
2384 5496 2704 5563 :utrobique
2751 5504 2932 5563 recte;
2990 5512 3114 5552 nam
3158 5496 3383 5553 Carolus
3422 5496 3563 5555 unus

1984 5565 2241 5637 territorii
2276 5565 2586 5620 Sabinensis
2613 5565 2839 5637 largitor
2863 5567 3056 5623 fuerat.
3086 5567 3187 5624 llic
3204 5576 3383 5624 autem
3410 5568 3561 5623 vides

1984 5636 2352 5709 imperatores
2367 5650 2556 5709 omnes
2584 5636 2745 5708 paulo
2786 5653 2945 5709 supra
2972 5639 3277 5693 nominatos
3312 5639 3555 5709 indicari,

1985 5719 2175 5776 nempe
2197 5705 2470 5771 Carolum,
2510 5705 3122 5772 Ludovicum,0ttones.
3163 5726 3267 5765 non
3299 5710 3423 5780 quia
3455 5708 3557 5763 lar-
