3996 6320
212 304 307 362 761
351 302 510 360 COD.
535 299 1273 369 DlPL.—M0.\'liM.,ETC.,
1303 300 1435 360 SEU
1464 301 1618 359 COD.
1644 298 2359 363 CAROLINUS.——APP.-—
2379 300 2526 359 El’l‘.
2555 303 2908 363 RUDOLPHI
2948 306 2990 361 Ι.
3017 339 3086 349 -
3111 308 3241 366 LIB.
3266 309 3330 365 Il.
3373 306 3479 367 769

200 428 520 482 erexerunt,
554 424 675 487 post
696 417 972 471 decessum
994 417 1287 471 beatissimi
1310 416 1480 486 patris
1509 424 1562 470 et
1584 416 1785 469 domini
1815 423 1865 485 Α
1890 420 2225 474 charissimis
2249 420 2558 483 derelictus,
2610 428 2663 473 et
2692 420 2909 474 habitus
2943 420 2994 474 in
3020 421 3272 481 derisum,
3312 429 3366 475 te
3388 424 3477 477 do-

200 492 377 548 nostri
409 503 562 558 papa:
599 488 842 556 Gregorii
888 488 1219 542 exsultantes
1268 489 1321 540 in
1345 489 1502 541 rebus
1540 487 1788 556 pessimis

202 562 538 617 insolescunt
579 560 657 614 sic
702 559 956 612 atrociter
982 558 1353 622 et‘audaciter,
1401 558 1510 611 acsi
1563 567 1791 625 utraque

202 631 443 702 dignitas
467 637 523 683 et
542 636 802 698 potestas,
844 644 977 698 quas
1006 630 1124 702 Deo
1142 629 1374 702 propitio
1396 629 1667 702 credimus
1693 629 1792 683 im-

200 698 485 764 mortales,
526 716 625 770 per
660 708 889 753 mortem
925 701 1086 754 unius
1110 698 1344 770 hominis
1384 700 1494 753 sint
1524 699 1711 770 deleta:
1739 711 1787 751 ιι.

199 772 316 827 Hoc
353 772 410 825 in
454 769 614 825 nobis
648 777 702 823 et
722 770 949 824 ecclesia
994 778 1181 824 nostra
1230 769 1417 833 facile,
1454 769 1549 824 sed
1575 769 1795 822 misera-

203 843 387 897 biliter
412 839 780 912 [mirabiliter]
807 849 890 894 est
913 840 1115 904 videre,
1143 838 1232 908 qui
1260 855 1359 909 pro
1382 856 1447 912 eo
1470 839 1585 893 solo
1608 853 1793 907 perse-

196 911 480 968 eutionem
519 911 772 980 patimur,
812 911 1138 965 sustinemus
1163 911 1471 980 opprobria,
1524 918 1796 964 nostrum-

198 998 306 1052 que
331 979 719 1036 exterminium
748 992 1142 1052 exspectamus,
1183 979 1325 1052 quod
1378 988 1487 1033 tam
1514 980 1624 1052 sedi
1665 993 1795 1047 apo-

198 1050 412 1110 stolica:
440 1067 606 1122 quam
653 1052 897 1105 Romano
927 1051 1154 1119 imperio
1206 1050 1438 1122 debitam
1467 1050 1791 1122 etdevotani

199 1125 437 1178 libenter
458 1118 819 1191 impendimus
836 1118 1178 1185 servitutem;
1210 1118 1405 1188 quibus
1430 1120 1505 1191 ad
1522 1119 1797 1173 lidelitatis

199 1194 464 1263 obsequia
490 1189 923 1262 recognoscimus
956 1207 1056 1244 nos
1078 1191 1265 1263 teneri,
1297 1198 1454 1257 prout
1475 1189 1632 1263 _la_tor
1662 1204 1797 1258 prte-

199 1259 464 1326 sentium,
524 1259 920 1333 qui’angustias
946 1270 1163 1333 nostras
1185 1259 1608 1333 innumerabiles
1633 1264 1796 1333 Abene

199 1337 372 1398 novit,
412 1328 568 1402 plene
606 1328 924 1388 sublimitati
983 1331 1143 1402 regize
1188 1330 1237 1402 ιζ
1264 1330 1531 1402 recitabit.
1622 1328 1795 1395 Quem

199 1406 368 1461 etiam
392 1400 701 1472 specialiter
724 1402 968 1456 misimus
988 1400 1063 1454 ad
1079 1400 1273 1469 regalis
1286 1400 1473 1472 gloria:
1498 1406 1792 1469 aspectum.

201 1487 260 1530 ut
286 1470 449 1530 nobis
486 1475 555 1528 de
605 1472 879 1527 creatione
932 1472 1128 1527 summi
1170 1470 1461 1539 pontiﬁcis,
1511 1480 1798 1539 vestroque

198 1561 465 1616 processu
490 1556 513 1582 ο
543 1558 705 1613 quem
727 1542 1221 1616 felicioremnostro
1242 1551 1395 1616 statu
1413 1541 1677 1609 cupimus,
1694 1541 1797 1616 qui

196 1611 361 1688 381
401 1631 512 1669 non
540 1611 769 1673 stamus,
810 1615 902 1667 sed
926 1612 1179 1688 labimur,
1206 1611 1492 1680 investiget
1528 1611 1799 1688 sagaciter

199 1681 533 1747 ﬁse—lenem
572 1699 783 1739 necnon
830 1682 1197 1737 conditionem
1227 1690 1465 1735 nostram
1517 1681 1799 1735 miserabi-

1892 490 2098 544 minum
2123 506 2230 544 non
2254 491 2474 562 negavi;
2515 507 2545 544 a
2572 492 2713 544 notis
2740 501 2793 543 et
2820 491 3079 560 proximis
3103 493 3235 545 meis
3260 502 3479 562 propter

1892 561 2190 615 tesnstinui
2227 561 2593 629 opprobrium,
2626 576 2816 629 passus
2864 577 2981 615 sum
3030 561 3382 616 contumelias
3424 571 3480 619 et

1892 640 2147 696 terrores,
2201 631 2323 700 igne
2347 641 2401 685 et
2425 632 2600 699 gladio
2629 631 2836 699 perdidi
2854 648 2938 685 me
2966 640 3018 686 et
3040 648 3207 696 meos,
3236 643 3293 686 ut
3319 632 3483 688 lucri-

1892 702 2126 755 facerem
2152 712 2206 756 et
2242 702 2508 755 salvarem
2551 702 2702 763 alios,
2761 703 2851 771 qui
2899 717 2929 755 a
2960 703 3241 757 devmione
3269 702 3479 772 imperii

1891 772 2263 843 discedentes,
2284 788 2340 826 se
2357 773 2500 841 ipsos
2520 773 2571 826 in
2588 773 2952 827 miserabilem
2977 775 3290 827 servitutem
3304 773 3481 843 pretio

1894 844 1975 898 sui
2001 842 2269 914 [pretiosi]
2295 844 2571 913 sanguinis
2591 844 2968 898 vendiderunt.
3014 844 3166 898 Vivat
3189 842 3481 912 igiturani-

1893 928 1979 967 ma
2018 922 2126 977 tua,
2171 914 2402 977 domine,
2430 914 2573 967 vivat
2616 922 2669 967 et
2711 915 2902 977 valeat,
2952 915 3135 967 veniat
3157 923 3209 967 et
3234 930 3338 969 non
3370 922 3480 967 tar-

1894 984 2001 1046 det,
2034 993 2222 1056 utnon
2246 985 2522 1056 videamus
2544 993 2772 1037 mortem
2795 1002 2821 1056 ;ν
2842 984 2957 1053 ejus
2983 983 3180 1056 [cujus]
3207 985 3482 1056 timorest

1892 1054 2172 1122 proximus
2196 1096 2210 1116 ,
2255 1054 2385 1107 mihi
2432 1054 2649 1123 quidem
2684 1064 2737 1106 et
2775 1055 2879 1110 illis
2916 1054 3044 1109 viris
3088 1055 3252 1109 corde
3295 1064 3350 1108 et
3376 1054 3481 1109 ﬁde

1896 1124 2226 1195 fortissimis,
2254 1126 2344 1193 qui
2372 1140 2468 1193 pro
2492 1122 2865 1195 zelojustitiae,
2912 1141 3011 1195 pro
3039 1124 3245 1193 imperii
3276 1124 3482 1194 legibus

1895 1194 2191 1263 elegerunt,
2238 1196 2377 1248 velut
2403 1194 2558 1248 alteri
2584 1194 2891 1259 Machabrei,
2916 1194 3017 1248 aut
3044 1195 3277 1265 glorioso
3300 1202 3479 1248 certa-

1897 1265 2041 1319 mine
2066 1266 2398 1334 triumphare
2428 1264 2723 1325 vobiscum,
2757 1275 2847 1319 aut
2874 1282 2971 1334 pro
2998 1264 3149 1319 vehis
3169 1306 3183 1328 ,
3238 1266 3283 1319 si
3314 1280 3476 1334 opor-

1897 1335 2080 1399 tuerit,
2112 1335 2408 1389 honorabili
2433 1346 2601 1388 morte
2619 1336 2896 1402 quiescere
2918 1335 3093 1404 potius
3116 1337 3168 1388 in
3193 1334 3476 1404 sepulcris,

1897 1420 2058 1472 quam
2075 1407 2299 1459 vivendo
2326 1404 2982 1461 calamitatesinnumeras
3010 1416 3324 1475 exspectare
3348 1420 3480 1473 quo-

1898 1475 2047 1557 tidie,
2088 1484 2142 1557 et
2179 1477 2392 1557 demum
2425 1475 2641 1528 sordida
2685 1484 2735 1529 et
2771 1476 2988 1557 ignobili
3041 1486 3215 1557 morte
3265 1476 3399 1557 mori
3432 1475 3477 1528 ⁸.

1897 1546 2110 1599 Attraxi
2135 1547 2349 1614 quidem
2397 1560 2490 1599 eos
2512 1560 2646 1614 quos
2671 1544 2838 1614 potui,
2893 1546 3213 1601 consolabar
3255 1544 3476 1607 debiles,

1896 1616 2267 1684 pusillanimes
2292 1615 2612 1677 confortavi,
2664 1616 2793 1669 etin
2824 1614 2928 1670 ﬁde
2961 1616 3190 1670 sustinui
3217 1616 3480 1685 plurimos

1902 1702 2071 1754 usque
2096 1688 2273 1750 modo,
2300 1688 2433 1741 adeo
2460 1686 2602 1754 quod
2631 1700 2737 1740 non
2772 1695 2941 1739 restat
2969 1688 3120 1741 vobis
3146 1686 3291 1740 aliud
3315 1702 3476 1754 quam

196 1759 306 1813 lem
329 1757 512 1811 eidem
535 1754 905 1827 commisimus
926 1751 1383 1827 majestat_i__regia3
1403 1754 1794 1827 esponendant,
1830 1770 1874 1827 Β
1902 1751 2105 1827 venire,
2164 1772 2386 1827 regnum
2436 1751 2679 1827 accipere
2719 1767 2772 1810 et
2822 1757 3036 1810 reverti.
3095 1756 3261 1827 Quid
3302 1751 3478 1810 dicam

197 1838 372 1897 utque
402 1825 765 1897 nobisgratia:
793 1832 988 1897 vestra:
1035 1821 1319 1876 consilium
1371 1822 1589 1884 referat,
1645 1821 1798 1897 cujus

194 1893 459 1968 praesidio
495 1893 650 1968 intér_
666 1896 942 1968 angustias
976 1902 1213 1968 nostras,
1251 1906 1479 1961 quarum
1515 1893 1726 1968 pondus
1747 1902 1802 1946 et

197 1964 467 2023 humerus
508 1967 575 2021 de
603 1966 689 2020 die
726 1966 779 2019 in
802 1965 943 2019 diem
980 1964 1198 2034 gravius
1220 1970 1658 2034 augtncntantur,
1699 1964 1802 2018 hoc

196 2038 511 2108 periculoso
538 2047 780 2105 tempore
801 2033 1119 2105 dirigantur.
1162 2034 1217 2087 lu
1244 2034 1347 2108 hoc
1366 2035 1514 2108 enim
1526 2033 1802 2108 delibera-

200 2102 371 2164 tionis
407 2115 609 2161 nostra:
630 2102 962 2175 propositum
1003 2104 1307 2175 constantia
1354 2102 1539 2175 stabili
1573 2103 1800 2175 inviola-

201 2180 389 2234 biliter
414 2188 496 2233 est
523 2172 815 2239 firmatum,
846 2185 903 2229 ut
931 2174 1129 2229 nullius
1157 2172 1500 2228 adversitatis
1539 2174 1796 2240 pondere,

197 2251 515 2317 nulliusque
538 2247 763 2317 periculi
807 2253 1125 2316 tempestate
1170 2252 1378 2317 pereat,
1422 2242 1524 2317 sed
1546 2251 1801 2317 appareat

198 2321 376 2391 magis
415 2313 469 2373 et
498 2313 696 2391 luceat
728 2318 887 2391 circa
917 2313 1022 2391 'vos
1063 2325 1127 2391 et_
1165 2315 1466 2391 Romanum
1513 2313 1797 2391 imp-crium
1822 2378 1839 2387 κ

197 2385 333 2465 ﬁdes
374 2398 582 2465 nostra.
634 2388 853 2465 Placeat
876 2388 1041 2458 igitur
1080 2386 1262 2465 gloriae
1293 2393 1522 2465 vestra},
1549 2385 1799 2465 princeps

196 2472 251 2517 et
266 2462 491 2517 domine
512 2458 765 2530 gloriose,
790 2454 923 2512 sano
940 2454 1140 2530 vestra:
1159 2454 1557 2530 informationis
1574 2454 1799 2509 consilio

196 2532 476 2587 cotisolari
490 2525 730 2583 n'ostram
749 2530 1041 2591 miseriam,
1060 2527 1215 2594 cujus
1235 2525 1396 2578 ﬁnem
1423 2532 1477 2578 et
1513 2539 1798 2578 numerum

198 2619 306 2657 non
336 2603 590 2656 videmus
617 2639 634 2664 ,
675 2600 968 2653 secundum
1004 2614 1067 2653 ea
1112 2612 1231 2668 qua:
1272 2596 1414 2650 lator
1448 2596 1797 2664 prtesentium

198 2675 402 2727 vestris
433 2672 662 2726 auribus
680 2671 971 2740 explicabit
990 2668 1041 2722 ἀ.

786 2761 893 2820 ΕΡΙ
902 2759 1121 2816 STOLA
1156 2760 1225 2814 Χ.

196 2853 335 2910 Item
364 2852 790 2924 Safisburgens’is
835 2852 1061 2924 episcopi
1104 2851 1173 2905 ad
1199 2923 1205 2924 ί
1227 2849 1562 2924 Rudolphum
1591 2848 1800 2924 gravior

267 2923 486 2995 querela
512 2924 577 2978 de
599 2918 843 2995 Ottocaro
864 2918 982 2995 rege
992 2918 1272 2986 Bohemiw,
1293 2939 1325 2975 α
1351 2918 1502 2990 cujus
1520 2918 1798 2990 tyrannide

258 2993 345 3062 se,
376 3006 427 3050 et
464 3012 590 3050 suos
622 2996 745 3066 petit
782 2993 1016 3048 liberari.

527 3090 653 3161 (An.
685 3088 839 3143 Dom.
876 3088 1042 3153 1276,
1078 3087 1196 3142 cod.
1228 3086 1369 3141 Rud.
1394 3084 1473 3158 x.)

195 3183 608 3241 haemi.
640 3210 711 3222 —
742 3178 959 3234 Saevitia
987 3179 1221 3234 hostium
1258 3178 1640 3243 invalescente,
1694 3175 1796 3232 ite-

269 3268 393 3307 rum
410 3253 655 3321 archin.
680 3251 936 3306 auxilium
948 3250 1234 3319 efﬂagitat:
1266 3251 1624 3305 constantiam
1640 3263 1795 3321 suam

267 3318 645 3392 nequidquam
670 3329 926 3392 tentatam
963 3318 1184 3385 scribit;
1237 3334 1295 3373 se
1311 3335 1543 3392 suosque
1569 3318 1795 3392 populos

268 3390 417 3448 mori
449 3390 612 3446 malle
645 3408 807 3463 quam
834 3391 1065 3463 deﬁcere
1087 3392 1154 3444 ab
1179 3390 1433 3463 imperio;
1483 3390 1649 3463 multa
1677 3404 1798 3463 pas-

270 3480 419 3529 sum,
453 3471 515 3518 ut
548 3459 836 3517 nonnullos
876 3461 1188 3516 deﬁcientes
1218 3474 1248 3513 a
1288 3459 1580 3514 miserabili
1629 3460 1799 3513 servi-

269 3544 389 3589 tute
420 3535 754 3597 abduceret;
814 3531 1159 3600 Rudolphum
1214 3540 1366 3601 rogat
1388 3540 1448 3583 ut
1476 3531 1797 3601 quantocius

269 3605 552 3668 adveniat,
600 3602 979 3673 redempturus
1000 3617 1093 3657 eas
1126 3600 1433 3672 provincias
1458 3611 1619 3670 atque
1643 3601 1697 3654 in
1731 3600 1798 3655 iis

274 3676 686 3731 dominaturus.

274 3766 647 3822 Serenissimo
676 3766 892 3821 domino
919 3780 1039 3829 suo,
1067 3772 1172 3820 etc.
1221 3762 1647 3830 Salisburgensis
1674 3776 1797 3816 cum

200 3837 554 3894 orationibus
598 3836 841 3892 sedulam
889 3835 1227 3891 devotionem
1278 3834 1400 3888 ﬁdei
1445 3833 1723 3887 indefessa:
1749 3845 1795 3886 ε.

205 3910 490 3964 Hactenus
515 3923 638 3962 eum
661 3909 753 3976 qui
780 3906 987 3962 salvum
1016 3921 1100 3959 me
1119 3905 1281 3976 382
1308 3904 1506 3976 faceret
1544 3904 1686 3976 inter
1704 3918 1802 3976 an-

196 3980 417 4060 gustias
436 3978 665 4060 positus,
680 3972 852 4032 'morti
870 3972 1165 4060 expositus",
1186 3972 1802 4060 eiquotitlie_projusti-

205 4045 280 4109 tia
314 4045 560 4104 moriens
593 4050 899 4119 exspectavi
939 4045 1070 4112 'vos,
1122 4046 1398 4119 dominum
1453 4045 1796 4119 salvatorem,

204 4120 479 4189 impulsus
504 4128 559 4173 et
588 4114 777 4173 versus
798 4118 1111 4189 frequenter
1134 4124 1193 4170 ut
1229 4115 1510 4180 caderem;
1544 4114 1801 4189 sollicita-

202 4182 301 4245 tus
342 4190 679 4253 multotiens,
724 4198 782 4243 ut
826 4182 1069 4245 ellicerer
1120 4189 1380 4243 adversus
1413 4203 1509 4241 vos
1556 4182 1800 4254 apostata

202 4260 333 4315 ﬁdei
355 4269 416 4315 et
453 4258 728 4328 transfuga
771 4260 1033 4322 veritatis,
1082 4256 1373 4328 immobilis
1407 4256 1640 4325 perstiti,
1696 4255 1800 4328 ﬁde

200 4333 435 4401 grandis
478 4326 704 4385 eﬂectus
727 4346 851 4385 cum
884 4327 1332 4401 Moyse,_nnega_v_i_
1357 4334 1633 4401 peceatum
1658 4326 1801 4401 regis

204 4395 476 4472 Egyptii,
500 4402 693 4472 negavi
714 4409 769 4455 et
789 4416 932 4472 nego
948 4395 1037 4472 mc
1060 4395 1383 4472 ﬁliumﬁlia:
1419 4397 1718 4472 Pharaonis
1754 4395 1797 4472 τ.

208 4466 599 4541 ΕεῖίὶιυὶἀεῐῐΓ
618 4466 889 4526 ferocibus
917 4470 1072 4523 furiis
1111 4468 1408 4541 hominum,
1452 4472 1569 4541 sine
1617 4466 1799 4541 delicti

204 4535 417 4613 μῶρε-’ὶί
440 4542 668 4597 crimine
688 4541 1053 4604 conculcatus,
1079 4540 1215 4593 etab
1245 4538 1495 4592 omnibus
1520 4535 1632 4590 fere
1665 4536 1801 4591 meis

281 4670 305 4696 ι
345 4656 512 4711 Juxta
565 4654 681 4725 ejus
714 4656 812 4709 :evi
852 4656 1158 4725 opinionem
1199 4654 1424 4725 duorum
1451 4652 1796 4725 luminat-ium

206 4725 502 4795 majorum,
541 4723 635 4781 seu
674 4723 961 4796 pontiﬁc’ia:
989 4734 1045 4779 et
1098 4724 1391 4794 impcrialis
1418 4724 1702 4793 potestatis
1739 4723 1796 4777 in

207 4802 468 4852 universo
500 4805 764 4851 terrarum
792 4797 941 4852 orbe.

279 4868 310 4909 δ
334 4868 441 4934 Qui
463 4875 780 4937 perpetuum
800 4868 949 4921 novit
966 4865 1272 4934 imperium,
1286 4865 1350 4937 in
1382 4863 1667 4937 Budolpho
1688 4878 1796 4937 non

207 4935 999 5007 maiestatentimperatoriam,
1050 4937 1157 5007 sed
1183 4935 1566 5007 sublimitatem
1592 4935 1796 5007 regiam

505 5001 766 5082 llegalem
789 5021 1003 5077 quoque
1031 5006 1276 5082 gloria_m,_
1300 5006 1609 5082 regianlque
1631 5001 1792 5082 maje-

212 5073 410 5137 st'atcrn
438 5076 579 5136 infra
595 5073 896 5142 'admon'et,
919 5073 1004 5140 se,
1032 5073 1208 5146 quoad
1229 5073 1445 5141 vixerit,
1482 5074 1687 5129 ﬁdelem
1715 5073 1799 5127 fu-

214 5159 396 5204 turum
424 5149 673 5206 llomano
704 5149 948 5218 imperio.

283 5231 304 5259 ε
350 5219 469 5275 Duo
493 5233 593 5291 per
615 5213 1045 5291 suum-nuntium
1062 5215 1393 5291 sciscitatur:
1411 5213 1795 5291 nntnﬁregorii

214 5284 722 5346 successor'electus
748 5286 944 5343 fuerit?
968 5296 1021 5342 et
1041 5288 1381 5356 quandonam
1408 5286 1473 5340 ad
1492 5284 1689 5356 Urbem
1701 5299 1799 5356 pro

216 5360 486 5429 imperiali
509 5359 816 5414 diademate
828 5354 1168 5429 profecturus
1191 5358 1295 5411 sit?
1333 5358 1383 5411 id
1408 5355 1672 5429 siquidem
1695 5354 1799 5409 sibi

214 5426 326 5485 vult
346 5431 493 5502 regis
511 5426 879 5502 Romanorum
906 5443 1221 5502 processus,
1272 5442 1431 5502 quem
1481 5442 1578 5481 suo
1602 5426 1802 5502 misero

217 5511 356 5555 statu
392 5497 513 5556 c'sse
544 5499 839 5555 feliciorem
890 5497 1159 5553 desiderat
1190 5513 1203 5552 :
1234 5500 1451 5568 quicum
1495 5514 1552 5551 se
1602 5497 1803 5550 iturum

218 5571 539 5640 promiserat
570 5572 835 5640 superiori
864 5570 1133 5635 anno(lib.
1166 5587 1203 5632 ι,
1232 5567 1421 5638 cp.'58)
1447 5569 1490 5622 si
1514 5584 1606 5621 rex
1633 5567 1805 5640 Bone-

221 5636 336 5697 inia:
357 5636 773 5711 respirare-eum
797 5642 1147 5711 permisisset,
1178 5636 1603 5707 haudprmscius.
1632 5636 1804 5705 majus

221 5713 317 5766 sibi
345 5710 702 5766 infortunium
728 5710 1008 5766 imminere
1023 5710 1400 5780 postGrcgorii
1427 5718 1683 5763 mortem:
1710 5724 1805 5780 cu-

217 5785 298 5856 jus
308 5782 584 5853 pontiﬁcis
596 5784 916 5847 reverentia,
932 5779 1206 5846 scumctu,
1224 5779 1804 5848 Ottocarusaliquando

282 5984 301 6013 \

1822 3126 1870 3190 C

1902 1826 2172 1896 amplius?
2194 1826 2460 1895 Quidquid
2487 1826 2715 1891 eveniat,
2744 1842 3062 1895 quacunque
3084 1826 3218 1881 facie
3244 1826 3477 1890 fortuna,

1900 1911 2020 1963 qua:
2060 1914 2217 1952 casus
2241 1898 2517 1951 hominum
2544 1899 2731 1958 variat,
2774 1914 2915 1952 nunc
2940 1912 3151 1961 setena,
3192 1912 3335 1950 nunc
3364 1906 3477 1950 tur-

1901 1966 2025 2020 bida
2051 1983 2109 2022 se
2144 1964 2410 2029 ostendat,
2436 1982 2707 2036 nunquam
2736 1976 2916 2021 tamen
2938 1967 3080 2021 circa
3106 1982 3200 2021 vos
3215 1965 3478 2020 etRoma-

1900 2053 2027 2091 num
2057 2038 2343 2108 imperium
2368 2035 2577 2092 deﬁciet
2599 2035 2730 2091 ﬁdes
2753 2054 2891 2092 mea.
2932 2038 3039 2091 Aut
3057 2038 3200 2091 enim
3221 2037 3274 2091 in
3303 2050 3479 2108 meant

1900 2121 2021 2175 prox
2034 2104 2231 2163 inciam
2255 2124 2349 2162 vos
2364 2108 2541 2178 afllicti
2557 2108 2735 2177 populi
2760 2108 3154 2178 redemptorem
3171 2104 3482 2178 cumjubilo

1901 2178 2261 2243 introducam,
2290 2187 2381 2233 aut
2409 2176 2606 2247 fugiam
2637 2194 2743 2232 non
2784 2176 2999 2232 visurns
3046 2177 3240 2231 amodo
3284 2176 3479 2247 faciem

1899 2249 2291 2316 persequentis.
2351 2246 2578 2304 Nuntios
2608 2248 2763 2303 nobis
2793 2248 3052 2303 remittite
3072 2247 3211 2303 hstis
3240 2246 3477 2303 rumori-

1898 2318 2002 2373 bus
2027 2320 2326 2389 expeditos.

2348 2410 2509 2487 333
2548 2408 2882 2465 EPISTOLA
2917 2408 2988 2464 XI

1899 2500 2051 2556 Idem
2081 2501 2497 2573 Salisburgensis
2537 2503 2694 2557 mittit
2740 2503 3004 2556 notarium
3038 2517 3192 2573 suum
3239 2500 3311 2554 ad
3363 2498 3480 2554 Ru-

1968 2572 2218 2644 dolpltum
2253 2572 2513 2628 Ctisarem
2543 2614 2555 2636 ,
2598 2589 2815 2644 eumque
2850 2582 2906 2625 ut
2957 2573 3026 2626 ad
3056 2572 3139 2626 sui
3162 2587 3479 2644 suorumque

1968 2642 2327 2697 liberationem
2354 2642 2738 2715 quamprimum
2767 2644 3102 2714 accingatur,
3138 2642 3298 2697 etiam
3325 2651 3481 2712 atque

1968 2715 2126 2767 etiam
2146 2715 2389 2767 hortatur
2410 2716 2458 2767 ιι.

2203 2804 2324 2875 (An.
2351 2804 2505 2858 Dom.
2548 2802 2701 2868 1276,
2734 2804 2850 2859 cod.
2878 2802 3019 2859 Rud.
3051 2801 3155 2875 ιι.)

1897 2893 2293 2950 Aacuussruu.
2320 2925 2389 2935 —
2416 2895 2598 2949 Tertio
2654 2893 2933 2949 effusiores
2980 2908 3168 2964 preces
3185 2893 3434 2964 fundens
3461 2931 3477 2957 ,

1970 2966 2238 3021 notarium
2271 2982 2425 3020 suum
2449 2981 2555 3034 quo
2575 2981 2702 3019 usus
2729 2972 2846 3019 erat
2871 2960 3246 3033 pertrahendis
3272 2962 3339 3016 ad
3365 2960 3481 3029 ejus

1915 3039 1929 3106 ’
1970 3038 2285 3105 obsequium
2312 3036 2521 3105 populis
2550 3078 2564 3100 ,
2599 3035 2762 3090 mittit
2790 3036 2969 3089 omnia
2995 3034 3293 3106 luculenter
3317 3048 3478 3087 enar-

1972 3104 2235 3163 raturum.
2270 3104 2327 3161 In
2356 3104 2631 3162 celeritate
2654 3106 2730 3160 rei
2757 3120 3021 3160 summam
3048 3104 3344 3160 consistere
3362 3144 3375 3167 ,
3413 3119 3481 3158 ne

1970 3177 2185 3233 amictio
2212 3178 2523 3233 continuata
2567 3177 3018 3246 desperationem,
3061 3174 3365 3244 desperatio
3389 3177 3483 3227 de-

1970 3248 2255 3304 fectionem
2279 3248 2486 3305 afferat.
2515 3248 2596 3302 Ad
2622 3248 2903 3303 victoriam
2921 3246 3101 3301 omnia
3124 3252 3311 3315 parata
3333 3258 3475 3309 esse;

1968 3318 2233 3388 Rudolphi
2253 3334 2447 3374 nomen
2464 3318 2835 3374 aversantibus
2847 3315 3272 3379 formidolosum,
3290 3315 3483 3369 trium-

1967 3392 2105 3460 phos
2128 3390 2471 3458 portendere.
2517 3389 2674 3460 Illum
2700 3396 2881 3443 monet
2910 3396 2971 3441 ut
2996 3388 3122 3442 vita:
3147 3401 3260 3460 sua:
3289 3399 3477 3460 curam

1968 3454 2194 3584 habbetit,
2229 3467 2528 3529 caveatque
2578 3459 2681 3514 sibi
2712 3474 2743 3512 a
2773 3473 3033 3512 novorum
3064 3457 3365 3512 amicorum
3394 3454 3481 3508 in-

1968 3547 2014 3584 Sl
2076 3547 2140 3584 IS.

1968 3547 2140 3586 sums.

1969 3622 2192 3676 Domine
2218 3621 2535 3677 charissime
2560 3661 2573 3684 ,
2604 3617 2861 3689 quidquid
2888 3618 3151 3689 hactenus
3185 3614 3324 3689 apud
3354 3612 3476 3689 illos

1898 3693 2145 3747 homines
2184 3708 2345 3762 super
2386 3691 2585 3745 vestris
2613 3684 2668 3745 et
2698 3684 2902 3762 eorum
2922 3687 3154 3762 negotiis
3183 3684 3471 3762 ordinavi,

1898 3764 2002 3819 hoc
2028 3762 2139 3817 fere
2168 3755 2341 3816 totum
2372 3777 2469 3832 per
2508 3761 2663 3832 istius
2704 3759 2937 3832 hominis
2961 3755 3159 3812 notarii
3189 3755 3478 3832 mei_mini-

1899 3835 2123 3890 sterium
2147 3825 2497 3903 exseque'bar.
2514 3829 2680 3898 Cujus
2701 3830 3054 3903 diligentiam,
3068 3836 3269 3903 quanta
3292 3825 3472 3888 fuerit,

1899 3905 2272 3958 commendant
2295 3897 2361 3958 'et
2392 3897 2621 3972 probant
2653 3897 2820 3969 opera
2845 3899 3107 3972 veritatis.
3140 3897 3293 3972 Hunc
3332 3910 3477 3972 nunc

1901 3974 1968 4027 ad
1996 3990 2093 4028 vos
2121 3975 2278 4029 mitto
2300 4015 2315 4039 ,
2352 3965 2410 4027 ut
2444 3987 2515 4026 ex
2544 3972 2656 4026 suis
2686 3965 3025 4025 sermonibus
3045 4009 3060 4033 ,
3087 3976 3143 4023 et
3169 3967 3288 4039 aliis
3314 3965 3480 4021 certis

1901 4045 2133 4109 indiciis,
2169 4060 2290 4114 qua!
2304 4036 2466 4098 vobis
2492 4042 2777 4114 ostendet,
2794 4048 2848 4095 et
2873 4040 2977 4114 mei
3001 4039 3202 4114 laboris
3227 4036 3473 4114 frequenc

1900 4116 2047 4198 tiam,
2074 4108 2128 4170 et
2149 4108 2482 4198 propositum
2514 4113 2731 4198 illorum
2766 4108 3351 4198 hcminumeolligatis,
3386 4122 3479 4161 vo-

1900 4186 2092 4255 bisque
2123 4180 2296 4257 magis
2336 4199 2497 4253 quam
2531 4184 2660 4253 ipsis
2694 4180 2844 4257 [ipsi]
2890 4180 3426 4257 curetisprospicere
3459 4217 3475 4241 ,

1902 4250 2241 4311 attendentes
2276 4250 2377 4312 sub
2422 4250 2624 4324 quanto
2675 4250 2799 4307 vita:
2826 4250 2958 4307 ’suae
2999 4250 3239 4324 periculo
3286 4257 3480 4303 vestra:

1903 4328 2093 4395 gratiae
2119 4342 2177 4381 se
2197 4318 2538 4381 submittnnt.
2565 4324 2709 4379 Inter
2726 4338 2875 4394 spem
2895 4331 2949 4376 et
2966 4318 3166 4375 metum
3195 4318 3475 4395 fluctuant,

1902 4388 1956 4449 Et
1998 4398 2203 4450 utinam
2230 4395 2552 4465 desperatio,
2582 4410 2740 4463 quam
2755 4388 2945 4465 'mmora
2982 4400 3161 4465 vestra
3186 4399 3367 4465 posset
3397 4388 3481 4440 in-

1904 4468 2119 4531 ducere,
2147 4460 2356 4521 illorum
2394 4460 2689 4535 pauperum
2721 4462 3037 4535 alllictorum
3077 4460 3335 4535 ﬁduciam
3371 4471 3478 4535 non

1904 4528 2232 4608 submergat.
2265 4528 2534 4605 Quidquid
2563 4534 2861 4606 neglectum
2888 4531 3050 4586 fuerit
3077 4532 3180 4585 hac
3206 4535 3395 4584 testate
3429 4528 3475 4590 ἱ,

1904 4654 2082 4708 furere
2111 4655 2406 4710 desinebat.

1973 4724 1999 4763 ά
2050 4725 2132 4779 Nil
2164 4726 2500 4795 frequentius
2543 4725 2599 4778 in
2626 4723 2745 4795 cod.
2768 4718 3007 4777 Carolini
3036 4718 3275 4795 _litter_is,
3314 4732 3477 4787 quam

1903 4795 2207 4865 hujusmodi
2227 4789 2536 4852 commissio
2564 4793 3005 4865 legatistentpore
3036 4789 3235 4865 hostili.

1902 4936 1948 4990 Η
1971 4855 2001 4905 ἓ
2037 4866 2212 4948 Etiam
2264 4868 2320 4921 in
2350 4867 2453 4922 ista
2488 4855 2680 4921 desunt
2726 4855 2914 4917 titulus
2947 4870 3003 4916 et
3049 4860 3298 4916 salutatio
3338 4855 3478 4928 apud

1951 4952 2121 4990 anslz.

1951 4952 2121 4991 ansuz.

1980 5006 2000 5045 τ
2043 5006 2176 5061 Fide
2208 5004 2413 5074 Moyses
2436 5005 2649 5074 grandis
2672 5003 2841 5074 factus
2868 5001 3066 5074 negarit
3101 5016 3156 5054 se
3176 4996 3477 5074 esse‘filinnt

1901 5074 2029 5145 ﬁlia:
2046 5066 2359 5131 Pharaonis.
2415 5066 2587 5146 Magis
2610 5066 2799 5146 eligens
2823 5066 2979 5146 affligi
3002 5086 3119 5146 cunt
3149 5066 3477 5146 papam-Dei,

1902 5135 2059 5216 quam
2088 5146 2387 5216 temporalis
2419 5135 2613 5216 peccati
2640 5135 2827 5216 habere
2857 5135 3254 5216 "facunditatem
3285 5135 3475 5209 (Hebr.

1903 5213 1980 5279 in,
2000 5215 2090 5284 24,
2112 5213 2239 5287 25).
2280 5217 2394 5270 Iluc
2419 5213 2653 5285 respexit
2683 5213 3144 5281 archiepiscopus:
3174 5226 3303 5264 num
3331 5222 3479 5263 com-

1906 5287 2082 5352 mode,
2116 5286 2203 5342 alii
2224 5286 2485 5356 judicent.

1980 5359 2005 5397 ⁸
2038 5350 2188 5412 Hanc
2224 5350 2425 5426 'utique
2477 5354 2904 5411 Machabzeorum
2938 5350 3344 5407 similitudinem
3384 5362 3483 5405 ex-

1902 5428 2240 5497 pendendam
2262 5428 2503 5497 relinquo
2527 5426 2667 5481 aliis.

1973 5500 2000 5538 h
2034 5497 2243 5552 Titulus
2272 5495 2428 5552 deest
2457 5499 2511 5552 in
2545 5498 2665 5552 cod.
2690 5495 2956 5553 Cmsareo.

1983 5570 1999 5608 ἱ
2031 5568 2108 5621 Εη
2141 5578 2288 5621 certa
2324 5578 2454 5623 tetas
2483 5569 2642 5622 trium
2678 5568 3025 5636 epistolarum
3053 5563 3293 5620 Ottocari
3316 5558 3481 5614 auda-

1905 5638 2041 5694 ciam
2069 5649 2124 5691 et
2141 5639 2400 5692 saevitiam
2421 5640 2789 5693 enarrantium
2815 5650 2933 5709 post
2954 5636 3198 5709 Gregorii
3228 5639 3476 5695 mortem,

1906 5724 2118 5782 menses
2148 5709 2394 5765 videlicet
2423 5710 2669 5765 aestivum
2697 5708 2906 5780 tempus
2930 5708 3312 5781 praecedentes.
