3996 6320
481 245 593 316 16⁸1

1341 238 1400 301 Β.
1436 238 1688 301 CAROLI
1724 237 1938 297 MAGNI
1975 237 2128 296 OPP.
2168 236 2350 293 PARS
2378 236 2421 294 Ι.
2469 230 2713 296 SECTIO
2760 233 2849 294 Ill.

3634 240 3739 299 768

485 358 768 432 audemus,
806 374 907 419 nec
930 373 1219 433 possumus
1242 358 1511 433 relaxare,
1541 359 1643 433 nisi
1688 358 1837 428 prius
1851 352 2060 433 injuria
2087 359 2140 418 Α
2165 352 2419 433 potentia;
2450 360 2644 433 vestrm
2664 351 2908 433 dextera
2936 348 3224 433 humiliare
3270 349 3505 433 intendit
3525 390 3544 416 ,
3590 362 3644 405 et
3672 367 3750 433 re-

486 424 828 501 retractetur,
845 424 1007 505 quam
1040 447 1220 505 comes
1241 430 1336 495 M.,
1353 431 1399 505 si
1420 430 1668 505 voluerit,
1688 424 1890 505 poterit
1906 424 2064 494 plene

489 507 783 583 reformare
812 500 1087 583 ¢._Sumus
1118 502 1279 583 etiam
1301 503 1366 583 ad
1385 516 1625 583 praesens
1636 501 1700 583 in
1726 500 2067 583 itinere‘con-

489 578 681 640 stituti,
713 591 821 646 quo
852 578 1115 630 intramus
1157 567 1491 626 Carinthiam
1538 579 1592 625 et
1635 570 1871 640 Styriam
1906 567 1934 606 ιι
1959 580 2069 689 Xro

490 649 653 689 vocari
702 647 922 689 linmris
969 651 1275 689 atramento.
1319 649 1373 689 et
1402 642 1597 689 ahinde
1640 641 1706 689 ad
1743 646 1926 689 partes
2006 653 2069 689 u-

490 649 656 703 vestri
702 641 922 701 honoris
969 651 1276 715 augmento,
1319 649 1373 696 et
1402 642 1597 696 abinde
1640 641 1706 696 ad
1728 646 1926 709 partes
1959 641 2070 691 Au-

492 719 641 773 strize
667 717 1077 773 descendemus.

1034 828 1370 885 EPISTOLA
1407 827 1544 884 XIV.

496 948 809 1004 Patriarclta
854 943 1208 1015 Aquilegensis
1249 943 1427 1015 scribit
1460 936 2074 1015 Rudolpliojmpcratori

568 1032 589 1060 ο
622 1008 953 1144 Δεάηιαιεὶἐ,
1015 1008 1305 1086 ῥνωδενιίηι
1362 1014 1427 1067 de
1491 1029 1605 1083 rege
1636 1008 1927 1066 ‘Bohemia:
1974 1008 2073 1062 do-

568 1106 653 1144 ma
729 1105 779 1143 ο.

564 1105 779 1145 mando.

758 1201 883 1273 (Art.
918 1201 1075 1256 Dom.
1120 1200 1277 1265 1276,
1319 1199 1435 1253 cod.
1478 1197 1621 1251 Rud.
1667 1192 1806 1267 xw.)

496 1293 891 1350 Ancuusuruu.
930 1325 1001 1334 —
1037 1292 1388 1358 Raymundus
1429 1290 1728 1345 Turrianus
1769 1285 2077 1358 patriarcha

566 1365 923 1434 Aquileiensis
971 1360 1238 1432 Rudolphi
1277 1363 1472 1434 litteris
1513 1360 2079 1434 rescribitA,__se_g_au-

568 1428 734 1501 dere,
782 1436 926 1505 quod
971 1428 1363 1505 Turrianorum
1398 1432 1502 1505 fide
1541 1440 1597 1505 et
1628 1429 1869 1505 consiliis
1915 1428 2083 1482 initae-

566 1499 727 1571 reat,
762 1499 1066 1575 inferatque
1108 1504 1305 1558 bellum
1336 1502 1604 1575 themire
1654 1501 1765 1571 regi
1802 1499 2079 1575 Ottocaro.

566 1568 842 1632 Adversus
886 1568 1007 1630 eum
1033 1616 1047 1639 ,
1098 1575 1200 1629 sibi
1244 1584 1298 1629 et
1347 1573 1601 1627 Ecclesiae
1650 1568 1761 1624 suis
1802 1568 2078 1630 infestum,

569 1647 766 1716 auxilia
797 1647 1085 1716 promittit.
1118 1645 1257 1698 Nihil
1291 1645 1391 1716 sibi
1424 1641 1773 1697 dissensionis
1812 1654 1929 1693 esse
1959 1652 2082 1691 cum

568 1715 634 1770 N.
680 1715 920 1771 futurum
965 1725 1143 1769 tamen
1170 1755 1184 1779 ,
1235 1716 1288 1768 ni
1336 1715 1578 1769 destruat
1628 1721 1866 1765 castrum
1914 1723 2083 1777 nuper
2116 1718 2159 1777 Β

569 1796 811 1842 erectum
850 1794 1038 1841 contra
1074 1784 1197 1853 jura
1246 1792 1300 1838 et
1344 1783 1623 1853 privilegia
1663 1781 1904 1853 ecclesiae
1948 1794 2078 1833 sum.

571 1855 642 1912 Se
689 1858 756 1912 ad
804 1852 1087 1910 ecclesiam
1140 1870 1293 1909 suam
1337 1852 1594 1908 continuo
1635 1852 1933 1906 rediturum
1960 1890 1975 1913 ,
2024 1857 2086 1904 ut

572 1927 695 1981 inde
724 1927 791 1981 ad
817 1926 934 1994 ejus
973 1926 1231 1994 obsequia
1259 1923 1556 1994 promptior
1582 1922 1929 1992 paratiorque
1958 1919 2047 1974 sit.

576 2036 953 2103 Serenissimo,
974 2046 1079 2092 etc.
1126 2035 1499 2107 Aquilegensis
1526 2033 1841 2107 rd._Regios
1880 2033 2083 2107 apices,

504 2108 597 2178 qui
626 2124 776 2177 pura:
806 2110 927 2163 ﬁdei
963 2104 1346 2177 promptaeque
1359 2105 1664 2178 devotionis
1684 2104 1928 2178 exempla
1968 2104 2086 2157 exi-

506 2175 641 2249 gunt
661 2188 714 2233 et
734 2180 885 2248 signa
909 2175 1211 2249 requirunt,
1237 2175 1448 2249 Suscepi
1479 2175 2092 2249 honoriﬁcentiajroyt-

504 2243 665 2317 ptiori
688 2288 705 2313 ,
748 2243 944 2318 quibus
988 2243 1434 2303 aﬁ‘ectuosissimo
1474 2246 1727 2316 perlectis
1764 2244 1929 2318 39o
1963 2243 2092 2318 alie-

507 2315 617 2384 ctu,
664 2315 885 2388 concepi
916 2319 1157 2373 laetitiam
1201 2324 1310 2372 tam
1341 2315 1635 2387 ingentem,
1679 2319 1823 2388 quod
1847 2315 2089 2388 spiritus,

507 2404 679 2460 mens,
717 2384 1044 2460 imo—sensus
1073 2389 1271 2460 singuli
1314 2384 1438 2460 sunt
1468 2403 1579 2457 prce
1606 2384 1800 2460 gaudio
1817 2384 2089 2460 renovati.

507 2459 603 2513 Est
631 2460 763 2513 mihi
803 2459 1068 2528 siquidem
1102 2455 1553 2528 jucunditatiset
1579 2455 1957 2528 exsultationis
1981 2470 2097 2528 ma-

510 2529 642 2584 teria
672 2524 941 2599 praecipita
985 2540 1040 2584 et
1082 2524 1261 2586 votiva
1286 2571 1301 2595 ,
1353 2530 1498 2600 quod
1541 2527 1803 2600 celsitudo
1848 2526 1997 2595 regia
2029 2524 2096 2580 de

509 2615 628 2655 mea
659 2596 1008 2671 meorumque
1035 2600 1139 2655 ﬁda
1171 2602 1274 2655 ﬁde
1309 2596 1584 2671 conﬁdens
1605 2639 1619 2662 ,
1654 2596 1821 2671 juxta
1851 2604 2096 2671 nostrum

510 2670 795 2727 consilium
843 2665 995 2740 quasi
1031 2672 1302 2727 salubrius
1348 2671 1449 2725 sibi
1495 2670 1748 2740 oblatum
1772 2665 1930 2740 dirigi
1968 2680 2096 2735 pro-

511 2755 697 2797 cessus
726 2738 1001 2797 Cmsareos
1033 2742 1219 2811 eligit,
1272 2750 1433 2810 atque
1468 2740 1581 2810 regi
1623 2751 1669 2811 ἒ.
1711 2738 1806 2792 Est
1834 2738 1998 2811 etiam
2042 2743 2099 2791 et

510 2812 646 2867 mihi
682 2812 987 2881 specialiter
1031 2808 1420 2883 superal'lhiens
1467 2808 1715 2883 cumulus
1756 2808 2093 2883 gaudiorum,

514 2883 657 2950 quod
682 2878 859 2935 vestra
888 2878 1154 2938 serenitas
1186 2883 1478 2952 imperialis
1504 2881 1622 2936 solii
1651 2881 1816 2952 decus
1844 2878 2100 2952 virtoosis

514 2949 788 3020 operibus,
820 2968 939 3021 quae
959 2954 1092 3006 tanti
1118 2949 1315 3009 domini
1340 2954 1563 3022 gloriam
1594 2950 1907 3014 condecent,
1942 2949 2101 3003 deco-

517 3038 639 3076 rare
671 3036 1000 3090 procurans,
1029 3034 1427 3091 contemptores
1460 3030 1685 3085 vestros,
1728 3022 1818 3090 qui
1846 3028 2097 3091 tanquam

517 3091 778 3164 columna:
804 3108 868 3147 ac
892 3094 1049 3147 bases
1078 3090 1288 3164 imperii
1329 3109 1450 3148 cum
1494 3095 1640 3147 omni
1679 3090 2100 3164 promptitudine

520 3163 575 3217 in
610 3163 698 3217 via
725 3174 1026 3218 vestrorum
1051 3161 1308 3220 deberent
1331 3179 1552 3219 currere
1576 3162 1973 3226 mandatorum,
2001 3161 2101 3215 sub

591 3284 619 3313 ι
648 3272 845 3346 Forma
884 3275 1090 3340 statuti,
1135 3291 1253 3344 quae
1277 3273 1603 3346 jampridem
1632 3272 1771 3330 facta
1812 3290 1931 3346 esse
1966 3273 2101 3346 dici-

519 3349 631 3410 tur,
659 3344 925 3417 continuo
941 3346 1185 3417 sequitur
1210 3355 1331 3416 post
1371 3344 1531 3402 allata
1561 3347 1723 3401 verba
1742 3360 1762 3417 7:
1805 3344 2107 3417 «Personis

523 3420 704 3488 tamen
739 3415 1036 3472 illustribus
1063 3415 1329 3488 decoratis
1367 3419 1667 3488 principum
1702 3416 1977 3488 dignitate,
2009 3430 2108 3488 pro

525 3485 764 3556 ipsorum
814 3497 1112 3544 reverentia
1148 3484 1472 3553 deferenles,
1516 3484 1755 3557 pmsens
1781 3487 2012 3541 edictum
2041 3484 2109 3557 ad

524 3555 619 3612 eos
640 3566 695 3612 et
721 3566 896 3613 terras
920 3574 1109 3614 eorum
1136 3560 1353 3616 extendi
1398 3555 1669 3624 nolumus,
1714 3557 1816 3611 nisi
1842 3557 1990 3626 prius
2015 3555 2110 3610 ad-

527 3627 751 3691 moniti,
814 3644 1029 3686 cessare
1076 3630 1615 3699 contempserintab
1655 3627 1872 3683 oﬁensis
1922 3626 2110 3699 hujus-

528 3699 694 3762 modi,
725 3713 824 3754 nec
852 3699 1139 3755 emendare
1160 3698 1427 3756 voluerint
1446 3698 1587 3756 infra
1603 3700 1762 3754 unius
1779 3698 1979 3752 mensis
1996 3711 2115 3766 spa-

532 3770 669 3823 tium
701 3770 843 3839 quod
871 3769 1132 3825 fecerunt.
1171 3793 1187 3821 ι

602 3840 630 3879 ιι
664 3835 1030 3923 Dolo-exstant
1047 3842 1347 3923 diplomata
1378 3839 1591 3923 inundat...
1611 3837 1923 3919 monasterii
1940 3835 2117 3923 Ivi'rgi-

533 3926 661 3966 num
688 3910 1011 3965 Tullncnsis.
1047 3906 1286 3966 Primum
1316 3913 1499 3966 datum
1531 3912 1751 3965 Viennte
1781 3928 1798 3958 ι
1817 3909 1972 3978 prid.
1999 3906 2115 3978 Kal.

534 3980 684 4052 Sept.
727 3981 783 4034 in
808 3989 997 4034 octava
1024 3982 1213 4035 lndict.
1237 3990 1361 4052 post
1373 3976 1932 4035 NativitatemChristi
1956 3976 2116 4041 1280,

536 4050 687 4119 regni
717 4052 888 4103 nostri
932 4052 1181 4119 septimo.
1218 4050 1255 4103 ί
1292 4052 1533 4106 Alterum
1576 4067 1704 4105 vero
1738 4063 1929 4104 novem
1972 4062 2122 4119 men-

536 4117 677 4175 sium
700 4117 1132 4189 intercapedine,
1178 4140 1197 4172 ι
1227 4138 1302 4175 xu
1331 4121 1446 4175 Kal.
1474 4120 1598 4174 Jun.
1631 4120 1745 4175 lnd.
1779 4135 1855 4184 ix,
1882 4117 2119 4189 an.Cbr_.

538 4190 699 4257 {28L
732 4190 882 4259 regni
908 4187 1077 4244 nostri
1106 4209 1248 4246 anno
1273 4200 1462 4246 octavo
1487 4210 1499 4244 :
1538 4212 1555 4242 ι
1590 4206 1709 4259 qtae
1730 4188 2026 4243 afferuntur
2056 4187 2124 4259 ab

539 4207 699 4257 1261,
732 4207 788 4245 ῙὋ
829 4207 882 4243 ιιι
908 4207 1077 4244 IIOSU'I
1106 4209 1248 4246 anno
1273 4207 1462 4246 oetavo
1487 4210 1499 4244 Ζ
1538 4212 1555 4242 ι
1590 4207 1709 4259 (Illic
1730 4207 2026 4243 atteruntur
2056 4207 2121 4241 an

539 4207 925 4342 auctor-{Sion
952 4260 1151 4342 Austr._
1173 4262 1290 4334 (lib.
1318 4280 1354 4327 ι,
1388 4277 1437 4342 c_.
1474 4261 1559 4342 15,
1588 4277 1727 4342 seq.,
1755 4276 1806 4342 p.
1838 4259 1906 4315 87
1933 4258 2121 4342 et

540 4332 717 4388 Priori
758 4330 1191 4403 Salisburgensis'
1215 4350 1320 4388 non
1363 4335 1568 4395 aderat,
1617 4330 1783 4403 alteri
1812 4346 1943 4384 vero
1975 4330 2127 4403 testis

540 4404 729 4460 aderat
752 4404 992 4481 omnium
1010 4400 1238 4481 primus.
1268 4404 1629 4481 Quamobrem
1650 4402 1833 4481 magis.
1851 4400 2127 4481 magisque

542 4477 923 4546 comprobaur
946 4472 1042 4546 has
1071 4475 1278 4531 litteras
1305 4476 1458 4531 datas
1486 4494 1604 4530 esse
1629 4476 1696 4528 ab
1724 4472 2130 4546 archiepiscopo

544 4546 644 4600 sub
667 4543 840 4600 ﬁnem
880 4545 1005 4598 anni
1040 4547 1171 4601 1279
1214 4563 1280 4602 ex
1317 4548 1510 4602 itinere
1535 4587 1550 4610 ,
1581 4562 1704 4601 cum
1746 4543 2132 4612 amplissimam

543 4631 695 4673 suam
722 4616 1052 4688 provinciam
1074 4619 1275 4682 obibat,
1295 4620 1439 4688 quod
1458 4630 1581 4672 ante
1597 4618 1965 4688 Septembrem
1992 4627 2137 4688 men-

545 4702 658 4744 sem
685 4681 808 4741 anni
838 4687 973 4740 l280
997 4704 1102 4741 non
1133 4681 1385 4745 confecit.
1425 4689 1481 4743 Si
1515 4681 1799 4742 Hansizius
1841 4685 1981 4737 hanc
2022 4681 2137 4751 epi-

546 4757 740 4829 stolam
786 4755 1027 4822 vidisset,
1071 4759 1215 4814 inani
1252 4760 1690 4829 conjecturanon
1722 4754 2027 4829 institisset,
2080 4760 2139 4806 ut

548 4828 1019 4904 Salisburgensem
1048 4829 1282 4886 otiosum
1307 4824 1528 4904 Vienna:
1551 4826 1835 4904 detineret,
1865 4824 2140 4904 subintro:

552 4901 712 4956 ducta
751 4893 1094 4954 aemulatione
1131 4916 1255 4955 cum
1305 4902 1479 4968 legato
1525 4895 1860 4968 apostolico,
1907 4909 2015 4963 quo
2066 4893 2141 4946 nil

553 4971 921 5096 incredibilius
966 4970 1020 5025 id
1058 4965 1455 5041 temporisfut
1490 4965 1853 5023 monumentis
1894 4978 2143 5032 compro-

595 5051 732 5095 atur.

595 5051 732 5095 atur.

633 5125 653 5150 ε
691 5112 820 5167 Vide
850 5113 956 5167 col.
998 5112 1120 5175 765,
1152 5123 1268 5169 not.
1314 5124 1361 5165 ο.

628 5181 655 5220 ἀ
683 5182 794 5253 Bay
806 5186 1035 5239 mundus
1068 5184 1396 5248 anrianus,
1447 5180 1687 5253 Ughello
1715 5179 1951 5253 Martini
1980 5178 2142 5253 ﬁlius,

559 5250 688 5325 dum
707 5250 825 5308 erat
854 5256 1138 5325 episcopus
1160 5254 1459 5317 Comensis,
1492 5250 1715 5325 Pagani,
1738 5251 1956 5325 cunt_ad
1981 5250 2148 5319 Aqui-

558 5321 814 5394 ieiensem
836 5320 1263 5393 patriarcltatutn
1288 5335 1370 5381 est
1394 5320 1708 5378 translatus.
1734 5322 1829 5394 (It.
1857 5320 1983 5376 Sac.
2012 5330 2145 5375 tom.

566 5391 1074 5546 γῖορᾷἓὲιῗοῗίιοὲἒξέ
1108 5476 1162 5546 et
1188 5465 1536 5546 Franciscum
1573 5463 1900 5546 Turrianos,
1932 5462 2024 5531 qui
2055 5462 2153 5546 dq-

562 5532 909 5607 rninabantur
936 5536 1253 5607 Mediolani,
1293 5555 1323 5592 a
1366 5537 1632 5607 Gregorio
1671 5535 1852 5603 jussus
1896 5549 2015 5607 esse
2060 5532 2153 5586 Al-

562 5605 749 5679 fonsoA
772 5604 1019 5679 castellis
1064 5610 1176 5679 regi
1218 5604 1503 5664 aﬁectanti
1538 5608 1822 5676 imperium
1858 5606 2149 5679 resistere,

566 5678 692 5732 dum
720 5676 1006 5750 Rudolpbo
1030 5676 1229 5750 ubique
1251 5678 1969 5750 obsequiumcomparabat,
1997 5676 2153 5730 docet

571 5748 882 5822 Raynaldus
928 5746 1225 5821 (1275,11.
1274 5751 1329 5821 5)
1385 5746 1804 5822 apostolicarum
1849 5746 2152 5801 litterarum

2161 4444 2210 4505 D

2167 421 2415 477 bellionis
2468 423 2713 491 exigente
2755 422 3064 491 protervia,
3134 421 3501 489 depressionis
3560 423 3750 480 merito

2168 492 2360 547 malleo
2386 493 2702 547 conculcare
2731 506 2746 544 :
2784 492 2956 561 utqui
2983 491 3145 546 modo
3174 492 3499 561 tranquillus
3538 492 3595 545 in
3624 508 3752 561 prat-

2168 563 2477 644 ceptissuis
2502 562 2811 631 despicitur,
2831 563 3025 644 “iratus
3060 562 3377 644 invindicta
3410 562 3752 644 postmodum

2170 634 2467 696 sentiatur,
2520 647 2787 701 quemque
2826 632 3012 686 ﬁdeles
3038 631 3359 703 universiiet
3384 631 3589 703 singuli
3613 674 3628 697 ,
3673 634 3754 702 qui

2171 703 2499 759 excellentia:
2528 710 2722 757 vestra:
2761 702 3031 757 ﬁdelitatis
3058 702 3249 756 debita
3274 702 3518 758 debitum
3558 718 3755 773 repue-

2172 782 2406 838 sentant,
2446 773 2656 827 dulcem
2684 782 2738 827 et
2764 773 2913 842 pium
2937 772 3213 828 dominum
3241 781 3531 839 noverunt,
3564 772 3758 828 incon-

2173 843 2440 924 fusionem
2493 843 2771 924 propriam
2822 843 3067 924 sentiant
3091 842 3310 924 Larinuli
3371 852 3756 924 correctorem.

2174 913 2386 981 Quanto
2422 913 2564 967 enim
2602 913 2886 983 punienda:
2919 913 3252 968 temeritates
3284 915 3459 983 magis
3497 923 3761 983 augentur

2175 984 2503 1047 excessibus,
2529 991 2679 1038 tanto
2702 982 2874 1051 major
2894 992 2978 1038 est
3001 982 3438 1052 delinquentibus
3458 982 3761 1040 adhibenda

2177 1054 2463 1136 correctio,
2494 1062 2553 1106 ut
2588 1061 2643 1108 et
2671 1053 2772 1124 ipsi
2803 1053 3010 1136 facinus
3047 1069 3391 1136 suum‘pmna
3418 1055 3763 1136 saltem-vin-

2178 1125 2391 1180 dicante
2428 1133 2787 1193 cognoscant,
2829 1132 2883 1179 et
2906 1126 3042 1178 alios
3068 1125 3135 1179 ab
3168 1123 3371 1180 illicitis
3398 1140 3581 1193 pasam
3611 1126 3764 1179 timor

2179 1202 2424 1250 coerceat
2451 1203 2505 1247 et
2548 1194 2811 1249 vindictae.
2861 1193 3030 1249 Porro
3069 1210 3192 1250 cum
3218 1196 3511 1249 scribentis
3557 1195 3766 1249 animus

2181 1266 2315 1319 adeo
2356 1266 2425 1318 sit
2465 1266 2518 1318 in
2561 1264 2901 1319 exaltationis
2937 1273 3131 1319 vestra:
3157 1264 3499 1333 promotione
3539 1265 3763 1330 deﬁxus,

2182 1342 2239 1389 ut
2268 1334 2654 1389 desideriorum
2683 1350 2923 1390 meorum
2962 1350 3169 1390 summa
3197 1334 3553 1404 principalius
3592 1336 3770 1403 cupiat

2182 1405 2402 1460 honoris
2437 1414 2492 1460 et
2538 1405 2771 1459 nominis
2810 1406 2975 1460 vestri
3019 1404 3184 1459 decus
3220 1420 3472 1459 sermone
3512 1412 3572 1458 et
3613 1420 3769 1474 opere

2181 1490 2488 1545 procurare,
2515 1475 2968 1546 magniﬁcentiam
2994 1484 3228 1530 vestram
3249 1476 3390 1530 seire
3412 1476 3604 1544 cupio,
3636 1475 3771 1545 quod

2182 1546 2312 1601 viris
2333 1553 2388 1600 et
2413 1545 2624 1601 viribus
2654 1561 2940 1616 congeram
2963 1561 3123 1616 posse
3149 1562 3349 1609 meum,
3379 1554 3439 1600 ut
3467 1562 3639 1616 quam
3669 1546 3771 1601 cito

2184 1617 2253 1698 de
2286 1632 2574 1698 processu“
2598 1625 2781 1698 vestro
2826 1616 2970 1672 felici
3030 1626 3232 1698 contra
3266 1632 3456 1697 regem.

2187 1686 2301 1758 (qui
2327 1695 2513 1758 contra
2537 1686 2704 1740 Deum
2733 1694 2788 1758 et
2824 1703 3040 1743 omnem
3062 1686 3494 1755 justitiam'meis
3517 1696 3575 1740 et
3607 1686 3778 1758 eccle-

2188 1756 2281 1813 Sia:
2316 1772 2448 1813 mea:
2469 1756 2684 1826 juribus
2726 1756 2746 1795 ί
2779 1759 2965 1812 existit
3006 1759 3233 1826 injurius
3273 1766 3329 1811 et
3361 1758 3671 1812 honoribus
3698 1757 3777 1811 in-

2185 1826 2444 1899 honorus)
2476 1826 2607 1899 mihi
2620 1826 2788 1899 A391
2814 1829 3136 1891 constiterit,
3178 1843 3266 1883 me
3302 1828 3530 1881 reddam
3563 1843 3667 1896 pro
3701 1826 3779 1882 vi-

2185 1901 2337 1954 ribus
2368 1896 2434 1952 ad
2462 1896 2792 1952 excellentiae
2834 1907 3027 1954 vestrae
3061 1899 3280 1954 servitia
3325 1908 3700 1967 pneparatum
3729 1898 3777 1954 ⁸.

2185 1969 2453 2026 Cancrum
2483 1968 2786 2021 litterarum
2820 1979 3124 2024 vestrarum
3173 1968 3490 2024 favorabilis
3534 1968 3777 2023 inductio

2186 2040 2395 2102 habuit,
2440 2048 2502 2092 ut
2526 2052 2649 2121 cum
2679 2036 2745 2091 N.
2771 2040 2837 2093 ad
2866 2039 3314 2121 compositionem
3353 2053 3449 2121 me
3488 2038 3781 2121 disponere

2185 2125 2556 2180 procurarem.
2598 2106 2789 2180 Super
2813 2125 2920 2178 quo
2967 2106 3046 2165 sic
3080 2124 3177 2179 per
3221 2118 3521 2179 praesentes
3565 2106 3778 2180 explica

2187 2178 2323 2235 velle
2360 2195 2558 2250 meum,
2606 2178 2918 2250 quodinter
2959 2196 3046 2235 me
3070 2178 3134 2234 ac
3177 2178 3351 2250 ipsum
3390 2195 3500 2250 non
3531 2179 3683 2249 viget
3718 2179 3782 2233 ad

2188 2265 2427 2320 prmsens
2469 2249 2694 2317 alicujus
2720 2248 3096 2320 dissensionis
3124 2248 3353 2304 materia
3387 2249 3473 2304 vel
3516 2248 3782 2315 rancoris,

2190 2319 2291 2376 nec
2326 2334 2391 2374 ex
2425 2335 2512 2374 me
2532 2320 2679 2375 circa
2716 2319 2892 2388 ipsum
2915 2321 3196 2377 discordia:
3216 2320 3506 2389 scrupulus
3532 2320 3782 2385 orietur;

2193 2391 2322 2461 quin
2365 2392 2506 2444 inter
2534 2406 2631 2444 nos
2661 2390 2913 2461 amicitiai
2941 2407 3005 2445 ac
3043 2390 3346 2445 dilectionis
3389 2391 3683 2461 integritas
3711 2389 3788 2461 vi-

2194 2460 2316 2532 geat
2346 2469 2401 2532 et
2430 2461 2680 2532 virescat.
2738 2460 3119 2516 Verumtamen
3148 2470 3251 2532 est,
3281 2461 3423 2532 quod
3456 2460 3578 2531 ipse
3614 2475 3702 2532 me
3729 2460 3785 2532 in

2196 2531 2390 2589 vestris
2424 2531 2661 2586 servitiis
2687 2533 2970 2595 existente,
3022 2533 3074 2586 iu
3125 2531 3497 2601 prtejudicium
3532 2531 3789 2601 ecclesia;

2195 2617 2348 2666 meae,
2382 2618 2446 2656 ac
2475 2611 2662 2656 contra
2682 2601 2849 2671 ipsius
2878 2602 3154 2672 privilegia
3186 2612 3240 2656 et
3261 2601 3384 2672 jura
3413 2600 3632 2672 publica
3657 2600 3789 2672 erigi

2197 2672 2324 2727 fecit
2355 2682 2590 2743 castrum
2621 2671 2908 2741 quoddam,
2957 2671 3098 2743 quod
3135 2672 3238 2743 nisi
3275 2671 3456 2743 forsan
3484 2671 3787 2743 ipseuviam

2197 2742 2468 2812 aequitatis
2494 2751 2548 2797 et
2567 2742 2707 2811 juris
2748 2743 2949 2813 eligens
2974 2741 3042 2797 ab
3086 2741 3278 2811 injuria
3320 2741 3653 2813 huiusmodi,
3680 2750 3791 2813 tam

2199 2811 2435 2867 indebita
2462 2822 2515 2867 et
2542 2814 2773 2868 violenta
2806 2811 3102 2878 destiterit,
3146 2813 3537 2868 malevolentia:
3564 2811 3794 2865 inducti-

2200 2899 2323 2937 vum
2348 2898 2467 2938 esse
2487 2884 2706 2954 poterit,
2730 2894 2784 2938 et
2804 2884 3085 2953 plusquam
3109 2883 3375 2954 expediat,
3398 2883 3722 2938 nutrititum
3740 2882 3791 2954 μ.

2200 2956 2463 3009 Caeterum
2494 2953 2617 3010 licet
2657 2955 2711 3009 in
2739 2956 2984 3024 partibus
3022 2956 3140 3009 istis
3185 2970 3283 3025 pro
3309 2954 3608 3024 dirigendis
3633 2953 3796 3008 vesti-

2202 3028 2303 3096 giis
2337 3026 2550 3090 vestris,
2582 3026 2882 3095 vestrisque
2911 3026 3165 3095 parandis
3188 3025 3555 3096 processibus,
3589 3038 3796 3079 moram

2204 3095 2346 3150 nunc
2386 3112 2553 3165 usque
2583 3096 2828 3151 duxerim
2875 3097 3311 3165 protrahendam,
3348 3109 3474 3150 ecce
3504 3095 3561 3148 in
3596 3106 3794 3149 terram

2206 3182 2381 3220 meam
2411 3168 2465 3220 in
2500 3168 2720 3221 instanti
2762 3167 2939 3221 redire
2984 3165 3180 3221 festino
3227 3167 3269 3232 ί,
3320 3174 3380 3220 ιιι
3424 3165 3492 3220 ad
3537 3165 3795 3233 obsequia

2207 3277 2547 3361 auctoritate.
2605 3276 2675 3360 ᾼι
2708 3292 2914 3361 “eorum
2962 3277 3201 3360 consiliis
3228 3277 3559 3361 patriarcha
3610 3275 3797 3361 supra.

2208 3355 2387 3473 ἔμειξε,
2410 3347 2465 3401 in
2489 3347 2825 3417 gravioribus
2847 3348 3056 3417 imperii
3081 3347 3312 3419 negotiis
3330 3363 3486 3403 usum
3510 3362 3655 3412 esse,
3679 3347 3800 3402 hinc

2248 3433 2490 3473 lSClIllllS.

2248 3433 2490 3473 lSClIllllS.

2290 3487 2309 3526 ί
2339 3487 2422 3542 Ad
2446 3488 2654 3559 imperii
2681 3489 3007 3558 provincias,
3053 3504 3173 3559 qua:
3211 3489 3280 3544 ab
3312 3488 3576 3545 Ottocaro
3602 3488 3802 3559 detinp-

2212 3559 2431 3623 bantur,
2458 3556 2583 3627 jura
2610 3556 3012 3628 patriarchatus
3035 3556 3253 3615 extendi
3280 3574 3471 3614 omnes
3495 3568 3721 3615 norunt.
3745 3556 3801 3611 ιιι

2215 3629 2328 3684 sola
2357 3627 2633 3683 Carinthia
2656 3629 2773 3699 dux
2816 3630 3029 3685 Ulricus
3070 3630 3350 3685 ﬁduciario
3370 3628 3494 3699 jure
3526 3628 3805 3699 obtinebat

2217 3700 2363 3755 illius
2394 3699 2587 3771 oppida
2636 3698 2794 3769 Tyfer
2817 3741 2831 3765 ,
2863 3699 3087 3771 Treoen,
3123 3696 3534 3771 περιάξει-ἦρται
3558 3742 3574 3765 ,
3617 3711 3665 3753 et
3696 3696 3805 3771 σιοτ

2218 3786 2342 3841 man
2364 3809 2378 3831 ,
2404 3766 2890 3841 ciuitatem'sancti
2938 3768 3072 3837 Viti,
3123 3766 3466 3841 Cl‘agtgcnfu'rt
3488 3811 3503 3833 ,
3542 3781 3609 3841 Aet
3645 3766 3804 3841 sancti

2221 3838 2626 3921 Georgii..Quaa
2651 3850 2774 3921 post
2797 3838 2914 3907 ejus
2957 3838 3499 3921 morteml’hili'pp‘us
3530 3839 3705 3921 frater
3728 3838 3804 3892 in-

2222 3910 2381 3973 vasit,
2431 3910 2575 3963 viam
2620 3909 2723 3963 sibi
2765 3921 3056 3980 paraturus
3081 3913 3146 3965 ad
3193 3909 3802 3980 infulas’Aquileienses,

2222 3996 2358 4049 quas
2384 3980 2742 4049 nequidquam
2768 3982 3057 4036 ambiebat.
3085 3980 3154 4035 At
3178 3980 3419 4035 Ottocari
3438 3980 3603 4050 jussu
3624 3994 3690 4034 ea
3716 3991 3806 4047 op-

2224 4051 2347 4120 pida
2378 4050 2631 4104 Ecclesiae
2658 4051 2986 4119 Aquileiensi
3020 4052 3304 4106 restituere
3343 4049 3570 4106 coactus
3619 4049 3803 4120 fuerat.

2226 4117 2360 4191 Cum
2386 4130 2566 4191 autem
2596 4117 2908 4191 Bndolphus
2933 4136 3029 4175 rex
3057 4122 3422 4176 Romanorum
3462 4121 3675 4176 electus
3694 4117 3806 4191 luit,

2229 4190 2369 4245 idem
2404 4190 2700 4261 Philippus,
2738 4188 2796 4245 ut
2821 4193 3047 4246 aliarum
3072 4191 3468 4261 provinciarum
3497 4192 3593 4246 alii
3622 4188 3808 4261 princi-

2229 4275 2345 4330 pes,
2386 4262 2454 4316 ab
2474 4259 2664 4316 eodem
2692 4261 2976 4331 Rudolpho
2995 4259 3288 4317 Carinthire
3314 4259 3696 4317 investituram
3722 4259 3807 4312 ob-

2235 4331 2423 4396 tinuit,
2476 4348 2636 4401 quam
2682 4340 2862 4387 tamen
2911 4349 3007 4387 rex
3050 4333 3141 4387 ubi
3177 4347 3319 4386 anno
3356 4331 3498 4386 1276
3544 4348 3650 4386 una
3699 4342 3807 4401 cum

2234 4402 2466 4467 caeteris,
2494 4399 2571 4456 in
2610 4418 2762 4457 suam
2786 4412 3107 4472 potestatem
3138 4403 3360 4472 redegit,
3394 4402 3647 4471 Philippo
3676 4399 3812 4472 obla-

2236 4481 2346 4527 tam
2400 4472 2709 4544 Mehinardo
2760 4471 2943 4527 comiti
2998 4471 3291 4544 Tyrolensi
3333 4471 3807 4544 administrandam

2231 4544 2519 4598 cenassit.
2559 4543 2693 4598 Cum
2719 4559 2849 4598 vero
2875 4540 3225 4614 liaym'undus
3261 4542 3506 4598 Ottocari
3534 4540 3811 4614 injustitias

2233 4622 2507 4682 queratur,
2539 4614 2682 4669 haud
2711 4613 2871 4668 dubie
2901 4609 3195 4683 Philippus,
3243 4609 3809 4683 aliarunique’provin—

2234 4679 2441 4739 ciarum
2471 4685 2654 4747 duces,
2682 4685 2772 4755 qui
2798 4679 3135 4739 adhzeseraiit
3164 4684 3467 4753 Rudolpho,
3493 4679 3691 4755 eadem
3716 4679 3809 4732 for-

2236 4763 2365 4810 tuna
2392 4757 2729 4828 utebantur,
2757 4770 2861 4828 qua
2891 4754 3317 4828 Salisburgensis
3347 4754 3807 4828 archiepiscopus:

2238 4841 2302 4880 ac
2323 4825 2543 4893 proinde
2555 4824 2680 4893 jura
2705 4823 3065 4895 Aquileiensis
3086 4823 3328 4880 ecclesia:
3340 4823 3575 4880 furentis
3587 4823 3811 4878 Ottocari

2238 4895 2442 4965 rapinis
2473 4905 2635 4965 atque
2662 4897 2925 4951 incendiis
2953 4905 3109 4951 erant
3141 4896 3395 4951 obnoxia.

2315 4969 2339 5007 ⁸
2368 4965 2425 5020 In
2453 4968 2600 5020 nullo
2626 4983 2693 5021 ex
2719 4966 3109 5029 monumentis,
3139 4980 3260 5035 qua:
3280 4980 3382 5034 ego
3408 4965 3657 5027 viderim,
3687 4960 3813 5029 Bay-

2241 5037 2500 5092 mundum
2527 5038 2667 5092 inter
2699 5038 2974 5107 praesules,
3021 5037 3115 5105 qui
3139 5034 3318 5092 castra
3344 5034 3615 5105 Rudolphi
3642 5044 3815 5100 seque-

2242 5111 2461 5170 bantur,
2495 5108 2697 5162 inveni.

2315 5179 2341 5217 ιι
2369 5177 2505 5231 Num
2530 5179 2597 5233 de
2625 5178 2872 5247 Philippo
2896 5178 3032 5233 duce
3064 5176 3378 5242 Carinthiae,
3408 5190 3480 5247 an
3513 5176 3581 5230 de
3605 5172 3815 5247 ﬁnitimo

2245 5248 2351 5323 alio
2384 5249 2626 5323 principe
2671 5242 2792 5323 haec
2803 5242 3062 5323 fdicantur
3085 5288 3109 5323 ,_
3147 5249 3354 5319 ignoro.
3377 5246 3545 5323 _llinc
3567 5255 3709 5323 certe
3731 5242 3815 5321 in}

2246 5316 2424 5387 aliqua
2454 5316 2671 5389 aﬁ‘ulgct
2699 5320 2896 5373 Italicae
2923 5316 3200 5373 historize':
3230 5334 3353 5372 nam
3377 5316 3721 5389 Raymundus
3743 5316 3818 5389 {i-

2246 5378 2706 5468 deturjludolpho
2727 5390 3019 5468 praebuisse
3039 5389 3353 5468 obsequium
3460 5378 3814 5468 Langobardi“

2250 5460 2363 5514 suis
2404 5456 2685 5515 Turrianis
2725 5456 3042 5525 adhaerens,
3090 5456 3366 5529 qui’bello
3394 5456 3639 5529 impliciti
3672 5456 3817 5508 erant

2252 5546 2372 5585 cum
2400 5530 2820 5586 vicecomitibus.
2855 5531 3001 5586 Alias
3030 5528 3193 5586 caStri
3218 5528 3336 5599 ejus
3360 5532 3679 5584 erectionem
3706 5533 3818 5575 sen-

2253 5603 2406 5656 sisset
2418 5639 2432 5652 .

2330 5673 2345 5711 ί
2385 5670 2479 5725 His
2510 5674 2767 5742 praedicta
2796 5673 3231 5742 comprobantur,
3263 5679 3408 5742 terra
3437 5670 3577 5724 enim
3602 5681 3688 5721 sua
3694 5668 3817 5742 fr“

2252 5731 2649 5815 patriai-clintes
2661 5731 3039 5814 Aquileiensis.
3068 5731 3236 5799 Sedes
3264 5741 3457 5807 Utinm,
3482 5753 3586 5810 quo
3610 5753 3669 5793 ex
3687 5731 3813 5788 Ger.
