3996 6320
196 321 300 379 ’169
337 320 494 377 COD.
522 320 1063 390 DlPL.—MONUM.,
1087 323 1262 391 ETC.,
1296 324 1428 382 SEU
1453 325 1606 382 COD.
1636 326 2519 391 CAROLINUS.-—APP.——EPP.
2545 334 2897 393 RUDOLPHI
2930 336 2971 392 1.
2986 338 3190 394 —LIB.
3232 341 3296 396 ll.
3338 344 3444 399 770

196 444 373 518 vestra
419 435 743 518 paratiorem
789 446 843 518 et
878 438 1271 518 promptiorem
1299 455 1386 495 me
1415 441 1636 518 reddere
1682 458 1773 498 va-
1798 448 1847 509 Δ
1875 446 2120 518 hostibus
2141 450 2509 506 conculcatum
2539 452 2588 505 ι).
2620 450 2875 518 Quamvis
2901 458 3081 507 autem
3109 467 3230 506 cum
3257 453 3449 512 devota

195 506 330 561 leam
350 504 507 573 juxta
540 506 755 561 fervens
778 504 1100 562 desiderium
1124 510 1302 565 cordis
1331 510 1457 566 mei.

652 597 813 668 392
836 597 1167 654 EPISTOLA
1200 599 1312 657 xv.

190 687 263 743 De
287 688 566 759 capitoneo
597 687 825 758 Styrite,
867 691 956 759 qui
992 692 1198 745 nomine
1232 690 1465 747 Ottocari
1498 696 1631 759 regis
1664 695 1767 751 Bo-

252 758 463 833 lieuu'te
476 759 653 833 omnia
674 759 808 833 bona
832 758 1083 833 Ecclesia;
1100 759 1512 833 Sqlisburgemis
1533 758 1772 820 devasta-

253 828 323 907 vi!
346 844 369 891 ς
590 827 1002 907 Salisburgensis
1039 828 1319 904 Rudolplto
1343 826 1561 901 inibit,
1592 845 1768 907 petens

252 898 318 951 ob
346 914 409 953 eo
432 897 683 967 festiuum
712 897 994 955 auxilium.

486 987 791 1061 (Anwom.
823 989 994 1057 1275,
1025 990 1142 1046 cod.
1174 991 1318 1046 Rud.
1360 995 1474 1067 xv.)

184 1081 690 1157 Δισυιιξατψικ-
719 1079 971 1157 Ai'chiep:
1017 1078 1438 1157 Salisbnrgensis
1484 1086 1766 1157 Rudolpho

250 1151 486 1222 anntiat,
501 1150 557 1203 in
582 1148 820 1212 Austria,
851 1148 1148 1222 carinthia,
1179 1148 1377 1222 Sty‘ria,
1405 1156 1617 1211 hostilia
1646 1148 1765 1213 om-

248 1220 340 1299 nia
397 1234 519 1274 esse
562 1228 915 1299 persequente
962 1220 1214 1299 O_ttoc.lro
1242 1220 1599 1299 quoscunque
1642 1229 1757 1299 regi

248 1290 619 1362 Romanorum
640 1289 823 1362 ﬁdeles
847 1306 875 1362 ;7
894 1305 959 1345 ac
979 1291 1193 1362 demum
1217 1289 1398 1362 copias
1419 1296 1471 1349 in
1496 1289 1765 1353 Salisbur-

246 1361 433 1486 geosis
458 1360 701 1414 ecclesiae
713 1359 837 1442 jura
864 1361 1170 1425 immisisse,
1199 1359 1317 1432 qua:
1354 1367 1556 1435 rapinis
1582 1375 1635 1421 et
1663 1383 1765 1423 cae-

283 1432 409 1485 ibus
438 1429 552 1484 fere
586 1445 766 1484 omnia
801 1432 1317 1486 nessumdederunt:
1358 1436 1503 1486 nullo
1532 1436 1638 1486 alio
1671 1453 1764 1486 na-

283 1432 409 1485 ibus
428 1429 552 1508 fere
586 1429 766 1508 omnia
801 1429 1317 1508 pessumdederunt;
1358 1429 1503 1508 nu'llo
1532 1436 1638 1491 alio
1670 1453 1764 1508 pa-

248 1511 339 1556 cto
370 1500 607 1570 mitigari
649 1500 786 1554 velle
822 1501 1033 1557 hostem
1056 1542 1070 1567 ,
1121 1518 1279 1570 quam
1317 1506 1556 1561 ecclesia:
1583 1515 1637 1561 et
1663 1500 1765 1562 im-

243 1571 386 1643 perii
414 1570 576 1647 ﬁdem
617 1570 933 1647 deserendo.
977 1571 1220 1627 Celerem
1246 1588 1401 1643 Opem
1428 1577 1495 1629 ab
1523 1592 1587 1633 eo
1607 1578 1759 1647 petit,

243 1641 313 1696 ite
340 1641 616 1695 modicum
642 1641 786 1710 quod
816 1652 1148 1696 remanserat
1168 1641 1561 1715 corrumpatur.

241 1732 575 1805 Indignatio,
609 1747 771 1855 quam
801 1734 1049 1803 concepit
1071 1733 1287 1816 indigne
1312 1737 1569 1819 adversus
1592 1737 1760 1794 Salis-

247 1818 502 1855 mensem
525 1802 620 1855 [Sa
643 1804 1018 1855 zburaensemi
1057 1805 1340 1855 ecclesmm
1387 1809 1635 1855 dominus
1664 1824 1753 1855 rex

177 1802 502 1876 burgen'sem
525 1802 1018 1876 [Salzburgensem]
1057 1802 1340 1876 ecclesiam
1387 1809 1635 1863 dominus
1664 1824 1757 1864 rex

178 1873 447 1949 Bohemia:
462 1885 511 1936 ι,
526 1873 667 1929 sicut
686 1873 1054 1949 experimento
1070 1874 1371 1942 didicimus,
1387 1894 1492 1949 non
1517 1879 1757 1949 quiescet

179 1947 632 2018 donec.nostru_tn
677 1953 732 1999 et
764 1943 1005 2018 ecclesia:
1034 1954 1230 2000 nostra:
1266 1943 1552 2018 vestigium
1581 1950 1758 2004 delea-

177 2027 260 2071 tur
285 2031 318 2069 a
339 2023 520 2101 terra.
547 2014 845 2101 ‘Postqu‘am
867 2015 1033 2101 .enit‘n
1055 2030 1254 2101 omnes
1281 2026 1339 2097 et.
1358 2014 1554 2101 singuli
1574 2020 1756 2101 perie-

177 2095 299 2165 _runt_
332 2086 399 2165 in
426 2084 648 2165 Austri?
671 2124 688 2150 ,
735 2084 1025 2165 StyriaAet
1053 2085 1346 2165 Qarinth_ia_
1371 2084 1474 2165 qui
1513 2084 1759 2145 colebant

175 2155 459 2225 justitiam,
503 2162 560 2208 et
593 2153 829 2229 Romani
870 2154 1029 2224 393
1075 2155 1285 2229 imperii
1332 2153 1540 2229 legibus
1566 2173 1761 2228 parue-

178 2222 330 2290 runt,
377 2233 662 2296 postquam
679 2222 864 2296 ﬁdelis
876 2222 1072 2296 nostra
1114 2222 1325 2282 devotio
1356 2222 1616 2282 remove-ri
1651 2245 1758 2283 non

174 2297 345 2379 potuit
377 2293 465 2348 'vel
497 2294 692 2376 mutari
716 2334 731 2359 ,
752 2372 763 2379 Δ
784 2293 965 2349 multis
993 2299 1550 2379 tentataterroribus,
1596 2300 1760 2354 variis

175 2365 347 2439 illecta
387 2365 692 2439 promissis,
717 2372 824 2439 et_a
855 2380 978 2439 rege
1006 2367 1257 2439 praedicto
1284 2368 1570 2439 sollicitata
1597 2383 1760 2439 quam

174 2438 417 2562 gluribus
444 2435 845 2517 blandimentis.
873 2435 1011 2517 Ecce
1046 2437 1188 2517 quod
1215 2438 1306 2519 tali
1335 2437 1423 2492 die
1447 2435 1760 2521 capita'neus

214 2517 368 2562 tvriaa
404 2520 623 2560 nomine
649 2521 789 2562 regis
830 2507 1071 2562 Dl‘lelcll
1100 2523 1278 2562 omnia
1304 2508 1545 2562 ecclesne
1586 2509 1756 2562 Salis-

214 2508 368 2579 tyriaa
404 2506 623 2579 nomine
649 2505 806 2579 regis
830 2505 1071 2575 praedicti
1100 2508 1278 2562 omnia
1304 2505 1545 2579 ecclesia:
1586 2509 1756 2564 Salis-

174 2574 460 2649 bu'rgensis
518 2574 737 2649 praedia,
771 2574 1143 2649 _fora,__castra
1185 2587 1239 2632 et
1283 2578 1479 2648 oppida
1520 2580 1760 2635 exercitu

175 2646 501 2717 congregato
539 2646 738 2701 invasit
771 2646 1063 2717 hostiliter,
1111 2649 1282 2717 captis
1322 2646 1652 2715 hominibus,
1705 2658 1759 2704 et

176 2716 446 2789 plerisque
483 2717 701 2789 occisis,
747 2716 1011 2789 deductis
1035 2716 1197 2789 rebus
1219 2719 1525 2783 mobilibus,
1563 2720 1758 2774 immo-

174 2786 370 2844 bilibus
396 2802 529 2843 vero
552 2800 649 2857 per
676 2786 855 2857 ignem
879 2794 934 2841 et
964 2786 1198 2857 gladium
1227 2796 1337 2843 tam
1362 2790 1652 2845 crudeliter
1675 2791 1762 2846 de-

175 2859 429 2922 vastatis,
465 2854 611 2927 quod
628 2854 742 2929 jam
768 2858 834 2929 de
867 2854 1116 2913 ominibus
1152 2860 1264 2914 suis
1289 2859 1450 2914 rebus
1479 2875 1760 2929 superesse

176 2930 304 2986 nihil
332 2928 581 2984 cernitur
617 2926 857 2982 ecclesiae
881 2938 1226 2996 memoratae,
1275 2929 1419 2999 quod
1461 2926 1569 2985 non
1595 2931 1665 2985 sit
1691 2931 1759 2986 ab

178 3042 368 3096 mania:
392 3040 689 3110 provinciis
729 3053 1045 3096 reversurus
1073 3049 1188 3097 erat
1211 3082 1225 3106 ,
1266 3050 1325 3095 ut
1368 3042 1498 3097 mihi
1525 3042 1753 3097 videtur.

1790 1801 1833 1861 Β
1931 1771 2214 1861 ΒοΙιεηιὶίξεἒ

1873 517 2176 575 humilitate
2204 522 2458 590 prostrati
2500 517 2657 590 pacis,
2675 524 2932 591 gratiam,
2973 522 3056 575 vel
3085 524 3274 576 saltem
3305 533 3449 579 treu-

1872 602 2059 656 garum
2109 590 2352 646 inducias
2389 590 2739 663 petiverimns
2779 594 2847 647 ab
2895 593 3080 648 eodem
3111 607 3256 663 rege,
3303 595 3447 649 nulla

1872 665 2051 731 tamen
2077 669 2224 731 certa
2248 662 2361 717 haec
2390 661 2698 716 conditione
2730 663 2988 731 perficere
3014 661 3305 731 quivinius,
3343 665 3449 721 nisi

1869 728 2125 784 adversus
2169 730 2464 785 Romanam
2506 728 2832 799 Ecclesiam,
2885 728 3204 799 sacrtimqne
3247 732 3450 789 Roma-

1868 813 1996 852 num
2038 800 2322 870 imperium
2358 812 2618 856 temerato
2653 801 2776 858 ﬁdei
2816 812 3016 858 nostrae
3043 800 3222 857 debito
3249 803 3448 859 voluis-

1868 882 2050 943 semus
2077 870 2231 943 efﬁci
2268 871 2528 943 inﬁdeles.
2576 872 2686 928 Nos
2728 873 2891 943 igitur
2939 874 2992 927 in
3041 873 3301 942 angustiis
3346 889 3447 942 pro

1865 936 2099 1014 Augusti
2118 942 2416 1014 reverentia
2451 936 3138 1014 constitutifimploramus'
3159 936 3440 1014 auxilium,

1865 1017 1921 1062 et
1955 1010 2266 1083 subsidium
2288 1020 2660 1083 exspectamus
2690 1010 2883 1068 vestite
2919 1013 3242 1068 felicissima:
3271 1010 3444 1083 maje-

1864 1079 2039 1153 statis,
2087 1095 2210 1153 cum
2238 1079 2420 1153 dolore
2462 1093 2517 1135 et
2541 1082 2739 1153 gemitu
2784 1085 3137 1153 postulantes,
3181 1079 3447 1152 quatenus

1864 1147 2051 1219 saltem
2082 1151 2327 1219 reliquiis
2367 1152 2523 1207 dicta:
2544 1147 2801 1209 'ecclesiai
2844 1147 3223 1209 miserabiliter
3258 1147 3446 1208 dereli-

1864 1218 1985 1293 ctis,
2017 1235 2086 1275 ne
2110 1222 2168 1293 id
2194 1218 2368 1293 ipsum
2395 1231 2554 1277 tenue
2584 1231 2638 1277 et
2674 1224 2943 1278 modicum
2979 1223 3273 1286 facultatis,
3300 1225 3443 1293 quod

1863 1288 1933 1342 ab
1960 1290 2227 1414 unguibus
2256 1290 2675 1374 depraedantium
2710 1294 2918 1376 cecidit,
2959 1288 3443 1375 absorbeatur'ite-

1863 1373 1983 1412 rum
2112 1361 2331 1414 eisdem.
2380 1360 2575 1414 festino
2619 1363 2873 1414 suﬁ'ramo
2909 1371 3254 1414 succurram.
3290 1372 3443 1414 ante-

1863 1373 1983 1412 rum
2008 1360 2075 1414 ab
2112 1360 2331 1425 eisdem,
2380 1360 2575 1417 festino
2619 1363 2873 1432 suﬁ'ragio
2909 1363 3255 1430 succurratis,
3290 1372 3443 1419 ante-

1861 1442 2025 1498 quam
2050 1445 2148 1486 nos
2171 1432 2448 1503 contingat
2473 1433 2713 1488 totaliter
2736 1434 3099 1489 consummari

2282 1543 2447 1617 394
2483 1543 2814 1600 EPISTOLA
2850 1545 2991 1602 xw.

1861 1629 2170 1705 Budolpltus
2203 1634 2283 1705 Aad
2327 1650 2566 1704 proceres
2594 1684 2597 1687 ,
2624 1635 2767 1703 regni
2809 1634 3115 1705 AHungaria!
3166 1636 3344 1690 scribit
3381 1653 3439 1691 se

1930 1700 2067 1776 {regii
2116 1700 2365 1776 ultionem
2398 1700 2725 1775 sumpturum
2780 1703 2844 1759 de
2872 1700 3108 1775 ipsorum
3142 1705 3285 1761 hoste
3322 1722 3440 1776 rege

2160 1842 2284 1914 (An.
2309 1841 2465 1897 Dom.
2495 1842 2649 1906 1276,
2690 1843 2808 1897 cod.
2832 1842 2975 1898 Rud.
2996 1844 3136 1915 ινι.)

1858 1930 2263 2003 Anculsmuu.
2294 1962 2364 2003 έ
2409 1931 2721 2003 Budolphus
2764 1932 3052 2003 Hungarite
3080 1948 3335 2003 proceres
3373 1934 3439 1988 de

1929 2002 2034 2057 ﬁde
2073 2010 2127 2056 et
2155 2002 2513 2056 sollicitudine
2535 2003 2589 2055 in
2628 2002 2995 2057 adolescentes
3017 2002 3324 2057 Ladnslaum
3356 2019 3439 2057 re;

1930 2084 2050 2142 gem
2072 2072 2370 2142 ducemque
2396 2071 2689 2135 Andream,
2713 2073 2782 2127 ab
2812 2087 2868 2126 se
2895 2074 3177 2142 adoptatos
3204 2074 3256 2126 in
3276 2073 3437 2137 ﬁlios,

1927 2141 2225 2207 Collaudat;
2273 2141 2536 2210 factisque
2564 2141 3014 2210 comprobaturus
3054 2143 3195 2197 dicta
3228 2158 3323 2198 eos
3360 2143 3440 2196 al-

1927 2211 2044 2265 licit
2070 2212 2135 2264 ad
2181 2212 2440 2280 petendos
2469 2212 2699 2265 honores
2723 2212 2776 2264 in
2811 2226 2974 2281 regno
3002 2212 3244 2266 Romano
3267 2252 3283 2277 ,
3326 2212 3440 2267 sive

1928 2282 1984 2335 in
2016 2281 2155 2344 aula,
2180 2282 2282 2335 sibi
2304 2295 2425 2336 esse
2447 2282 2598 2335 cordi
2634 2282 2908 2336 allirmans
2929 2322 2943 2344 ,
2986 2282 3271 2351 pristinam
3319 2281 3437 2350 ejus

1929 2351 2077 2420 regni
2103 2351 2330 2421 gloriam
2376 2351 2694 2413 instaurare,
2736 2350 3021 2421 tremulique
3074 2350 3315 2407 Ottocari
3349 2367 3439 2406 au-

1929 2421 2155 2485 daciam,
2189 2421 2301 2476 Deo
2340 2422 2577 2490 auspice,
2607 2419 2918 2490 infringere.

1998 2437 2155 2485 ctam,
2189 2437 2301 2476 ueo
2340 2437 2577 2491 auspice,
2607 2437 2918 2490 iniungere.

1931 2499 2082 2580 Quod
2106 2512 2322 2566 illibatae
2353 2511 2476 2566 ﬁdei
2504 2518 2697 2565 vestra:
2729 2511 2961 2565 virorem
2987 2519 3042 2566 et
3069 2512 3231 2566 decus
3251 2519 3438 2581 poten-

1859 2585 1948 2640 tiae
1982 2582 2242 2636 naturalis
2271 2582 2595 2645 illuminant,
2624 2582 2765 2650 quod
2792 2581 3119 2636 invariabilis
3146 2582 3310 2635 animi
3346 2596 3438 2634 ve-

1858 2655 1957 2709 stri
1982 2653 2174 2707 robore
2204 2652 2510 2706 rutilantior
2548 2651 2800 2721 puritatis
2821 2651 3051 2706 scintilla
3078 2651 3428 2720 resplenduit,

1858 2724 2052 2779 lucidis
2077 2738 2299 2793 operum
2342 2722 2953 2793 argumentisapparuit
2987 2732 3043 2793 et
3067 2722 3301 2775 realibus
3326 2721 3438 2773 cla-

1858 2795 1967 2848 ruit
1991 2791 2328 2848 documentis
2346 2791 2395 2854 d,
2419 2791 2546 2845 dum
2586 2792 2815 2861 inclytos
2845 2791 3173 2846 Lndovicum
3199 2803 3221 2829 ε
3252 2805 3433 2859 regem

1858 2863 2143 2933 Hutigaritc
2187 2871 2240 2917 ct
2285 2862 2552 2916 Andream
2592 2861 2784 2933 ducem
2828 2861 3123 2933 Sclavonia:
3166 2861 3305 2915 ﬁlios
3345 2875 3440 2933 no-

1859 2930 2007 2990 stros
2027 2933 2375 2989 charissimos
2409 2941 2554 2987 sorte
2591 2930 2869 2985 fatalitatis
2902 2932 3148 2986 humana:
3196 2930 3436 3000 paternis

1860 3045 2165 3102 tribulantis
2211 3042 2405 3110 injuste
2436 3058 2535 3098 nos
2569 3051 2723 3097 eruat
2750 3043 3033 3098 tribulatos
3080 3042 3436 3111 digneturque

180 3114 302 3208 Quae
334 3112 541 3208 omnia,
593 3118 777 3208 utpote
805 3111 1477 3208 conjectandlolassecu‘tns,
1522 3112 1642 3168 aliis
1673 3130 1756 3170 re-
1782 3143 1832 3208 α
1858 3126 2037 3199 vestra
2078 3113 2740 3208 benignitasJserenissitni
2777 3114 2946 3195 nostri
2976 3113 3437 3208 dominikliolmani

179 3183 359 3253 linquo
385 3183 617 3253 integra,
640 3180 775 3253 nihil
803 3196 1023 3253 negans,
1054 3182 1291 3253 nihilque
1316 3182 1613 3238 aflirmans.

240 3251 396 3308 iliis
416 3251 614 3324 litteris
636 3252 809 3306 lucem
834 3251 1065 3324 aﬁ'erunt
1079 3252 1198 3324 alia
1211 3251 1286 3309 ab
1306 3253 1493 3308 eodem
1517 3254 1754 3324 archiep.

177 3325 391 3393 scriptae
421 3323 491 3376 ad
520 3320 840 3391 Gregorium
866 3322 934 3387 Χ,
965 3339 1099 3393 quas
1119 3321 1283 3378 refert
1308 3324 1523 3378 Hansiz.
1556 3320 1753 3393 (Genii.

180 3392 303 3475 Sne.
329 3405 463 3448 tom.
486 3393 651 3475 _l_l,.p.
675 3392 801 3473 ξεί)
831 3392 1087 3475 continuo
1122 3404 1241 3475 post
1280 3394 1434 3449 datas
1468 3396 1533 3475 an
1560 3392 1759 3475 liudolf

178 3466 338 3534 phum
370 3481 385 3516 :
427 3481 446 3512 ι
483 3462 669 3524 llnlta,
697 3463 891 3532 inquit,
934 3462 1256 3534 necessitate
1282 3464 1672 3534 compellimur,
1699 3473 1760 3520 ut

179 3533 528 3590 afﬂictionum
566 3542 874 3588 nostrarum
912 3533 1310 3590 multitudinem
1333 3533 1758 3590 ad’aoostolatus

180 3607 342 3660 vestri
383 3614 630 3659 sanctam
670 3604 1009 3660 clementiam
1050 3606 1373 3660 deferamus.
1422 3604 1651 3659 lllustris
1681 3606 1756 3659 si-

178 3678 394 3745 quidem
439 3676 691 3745 princeps
739 3685 921 3730 noster
968 3687 1089 3745 post
1142 3676 1374 3731 reditum
1426 3684 1671 3730 nostrum
1726 3691 1758 3729 a

181 3744 329 3802 conc.
369 3744 653 3816 generali,
701 3746 851 3816 gravi
901 3744 1187 3800 adversum
1235 3761 1335 3801 nos
1394 3745 1759 3816 indignatione

181 3814 462 3886 concepta,
490 3830 679 3871 omnes
710 3814 1061 3872 ecclesiarum
1090 3826 1394 3871 nostrarum
1424 3814 1664 3886 redditus
1706 3823 1761 3870 et

180 3885 472 3955 proventus
505 3886 584 3941 sic
611 3886 944 3955 integraliter
975 3887 1292 3956 occupavit,
1323 3886 1464 3956 quod
1492 3885 1761 3956 plerisque

182 3974 244 4011 ex
274 3956 432 4012 nobis
458 3964 538 4012 tot
560 3956 893 4025 temporalia,
922 3972 1041 4025 qua:
1074 3955 1197 4012 oeto
1223 3955 1431 4011 dierum
1452 3955 1761 4012 necessitati

185 4028 515 4092 sufﬁcerent,
545 4040 653 4080 non
673 4026 949 4098 reliquit:
988 4026 1259 4091 homines,
1292 4030 1674 4098 possessiones,
1704 4038 1761 4098 et

172 4099 379 4166 praedia
406 4105 593 4152 nostra
622 4097 797 4152 edicto
825 4098 972 4168 regio
1010 4106 1269 4168 annotata
1293 4096 1422 4153 'non
1446 4096 1620 4159 nobis,
1664 4096 1759 4152 sed

186 4170 281 4222 sibi
309 4169 559 4222 serviunt
584 4174 639 4222 et
668 4166 967 4238 intendunt.
1014 4166 1292 4227 Civitates.
1342 4168 1553 4238 oppida,
1586 4175 1640 4221 et
1660 4184 1762 4238 Vca-

186 4248 289 4292 stra
335 4247 525 4292 nostra
552 4237 820 4292 hostiliter
843 4248 1189 4305 occupantur,
1240 4246 1294 4293 et
1333 4237 1400 4292 ab
1444 4239 1545 4293 hac
1587 4237 1757 4292 valida

186 4309 558 4376 persrcutione
586 4307 765 4361 nullus
790 4309 1082 4377 excipitur,
1106 4317 1303 4376 praeter
1327 4323 1423 4363 eos
1464 4308 1555 4376 qui
1587 4322 1644 4361 se
1673 4306 1763 4374 ju-

188 4377 441 4433 ramcntis
471 4387 526 4433 et
547 4377 670 4432 aliis
699 4378 1037 4434 cautionibus
1061 4380 1447 4443 astrinxerant,
1494 4377 1636 4447 quod
1664 4394 1762 4433 nec

186 4449 250 4501 ad
280 4449 538 4502 Romana:
577 4447 833 4502 Ecclesia:
867 4449 1185 4518 jussionem,
1231 4464 1330 4503 nec
1361 4450 1428 4503 ad
1470 4447 1762 4518 regisARo-

188 4518 327 4571 mani
367 4526 698 4599 praeceptum
728 4515 1022 4599 quidQuam
1044 4533 1245 4599 eorum
1287 4518 1485 4599 faciant
1618 4515 1762 4595 futu-

191 4603 323 4650 rum,
348 4585 495 4656 quod
520 4585 698 4642 eidem
739 4585 851 4657 regi
877 4585 1060 4645 Valeat
1088 4587 1389 4656 displicere.
1430 4587 1576 4641 Talia
1621 4585 1764 4654 iura-

190 4666 362 4727 menta
391 4658 600 4723 illicita,
631 4664 686 4711 et
718 4659 975 4727 improbae
1014 4658 1274 4713 factiones
1299 4668 1405 4711 tam
1436 4673 1467 4710 a
1492 4657 1763 4712 saeculari-

190 4726 285 4809 bus
311 4743 474 4809 quam
510 4726 846 4809 regularibus
868 4737 1296 4809 extorquentur“
1312 4728 1419 4782 Nos
1444 4735 1641 4808 autern,
1670 4727 1763 4809 qui

191 4796 510 4852 horrendam
540 4796 904 4852 eitorsionem
933 4796 1255 4867 hujusmodi,
1285 4798 1393 4851 imo
1415 4796 1767 4867 conspiratio-

192 4882 308 4920 nem
343 4867 705 4937 damnabilem
746 4869 1100 4923 abhorremus
1124 4909 1139 4932 ,
1183 4868 1324 4937 apud
1367 4883 1546 4936 regem
1573 4867 1767 4936 praedi-

190 4946 330 4990 ctum
360 4936 539 4993 locum
566 4939 736 4992 veniae
776 4939 1014 4993 invenire
1042 4954 1148 4992 non
1173 4953 1476 5007 possumus,
1514 4938 1609 5007 sed
1632 4952 1769 5006 prae-

192 5007 433 5079 sentibus
455 5008 734 5079 graviores
758 5007 982 5079 injurias
1005 5024 1102 5079 pro
1124 5006 1531 5079 conservatione
1544 5006 1771 5079 justitize

194 5075 580 5146 pnestolarnur.
628 5078 694 5133 Et
732 5075 857 5133 licet
903 5075 1266 5134 incnmbentia
1296 5078 1449 5132 nobis
1492 5077 1593 5131 ista
1635 5077 1773 5147 peri-

196 5147 327 5211 cula,
366 5162 489 5216 quae
523 5148 593 5202 ad
620 5149 1024 5204 subversionem
1058 5149 1404 5203 ecclesiarum
1441 5156 1766 5212 nostrarum,

194 5225 245 5290 et
268 5219 438 5290 nostri
479 5217 756 5290 interitum
786 5218 1110 5290 diriguntur,
1145 5218 1352 5290 timoris
1375 5217 1574 5290 pariter
1600 5226 1653 5270 et
1677 5217 1773 5271 do-

197 5286 320 5341 loris
345 5286 708 5342 sufficientem
740 5286 1206 5345 nobis'materiam
1229 5286 1657 5351 subniiniszrent,
1702 5302 1771 5341 ex

200 5357 292 5429 hoc
318 5368 501 5429 tamen
546 5360 823 5414 cruentius
856 5360 1179 5424 cruciamur,
1209 5358 1353 5429 quod
1379 5374 1410 5411 a
1432 5358 1772 5429 promotione

201 5428 417 5499 subsidii
454 5437 617 5483 terra:
659 5439 874 5492 sanctae,
909 5445 973 5484 ac
998 5427 1379 5499 praedicatione
1420 5427 1600 5482 crucis
1629 5429 1772 5482 salu-

203 5495 401 5580 ξξςειςεελ.
423 5515 488 5579 ac
521 5502 894 5580 prosecutione
924 5495 1095 5556 sancti
1126 5500 1346 5570 negotii,
1375 5499 1433 5579 in
1471 5513 1576 5566 quo
1601 5507 1773 5580 status

202 5567 313 5639 ﬁdei
340 5567 665 5639 Christianae
685 5573 879 5639 agitur,
911 5586 1098 5626 omnes
1120 5567 1477 5625 communiter
1510 5577 1772 5637 praetextu

204 5636 320 5710 dicti
346 5638 678 5695 discriminis
706 5636 1072 5709 prohibemur.
1101 5641 1339 5710 Aspiciat
1364 5636 1529 5709 igitur
1560 5640 1628 5693 ab
1648 5638 1769 5691 alti-

205 5707 380 5762 tudine
416 5710 559 5764 sedis
590 5707 897 5780 apostolicze
932 5719 1109 5770 vestra
1131 5707 1436 5772 clementia,
1467 5717 1621 5779 pater
1652 5724 1775 5763 san-

206 5783 299 5862 cte,
330 5793 453 5851 quae
479 5781 857 5841 tribulationes
880 5791 1095 5841 nostras
1124 5781 1397 5862 respiciat,
1443 5780 1587 5851 etde
1611 5794 1773 5842 manu

1860 3188 2004 3258 regis
2023 3184 2316 3256 potentiam
2353 3185 2420 3239 ad
2464 3185 2847 3253 redemptionis
2876 3192 3072 3239 nostra:
3115 3184 3434 3247 subsidium,

1858 3268 1912 3313 et
1941 3258 2008 3312 ad
2049 3256 2130 3311 sui
2167 3255 2333 3323 ipsius
2378 3252 2629 3322 injuriam
2672 3255 3087 3323 propulsandam
3128 3269 3289 3324 quam
3337 3269 3437 3309 nos

1855 3344 1955 3398 pro
1990 3328 2106 3396 ipso
2136 3326 2389 3395 patimur,
2410 3326 2698 3398 excitare;
2733 3325 2850 3398 nisi
2893 3325 3317 3398 enimprompto
3341 3338 3441 3398 no-

1855 3393 1942 3453 bis
1969 3393 2250 3451 snccurrat
2297 3394 2517 3458 auxilio,
2543 3395 2794 3449 Ecclesiae
2829 3403 3027 3449 nostra:
3052 3396 3104 3447 in
3131 3393 3436 3463 praecipitio

1927 3469 2044 3523 sitae
2069 3467 2469 3521 subvertentur.
2499 3485 2517 3516 ι
2537 3464 2710 3533 Atque
2735 3466 2848 3519 haec
2870 3465 3084 3532 quidem
3110 3464 3337 3533 epistola
3365 3463 3437 3518 ad

1927 3484 2044 3523 suae
2069 3484 2469 3521 sunvertelitur.
2499 3485 2517 3516 ι
2537 3484 2710 3533 Atque
2735 3484 2848 3519 11ωο
2870 3484 3084 3532 qutttem
3110 3484 3337 3533 CpIBIOIa
3365 3484 3436 3518 au

1856 3484 2174 3607 Eoregortum
2208 3534 2451 3604 praeferri
2483 3535 2639 3589 debet
2665 3536 2733 3589 58
2764 3535 2885 3588 libri
2910 3533 3098 3602 primi,
3139 3534 3225 3607 cui
3251 3534 3436 3607 statim

1857 3602 2186 3676 subjicienda
2210 3602 2328 3660 ista
2347 3619 2518 3676 quam
2554 3619 2855 3668 versamus,
2902 3618 3027 3657 nam
3054 3603 3325 3658 saevientis
3347 3602 3442 3659 Ot-

1856 3674 2028 3735 tocari
2054 3692 2189 3730 nova
2215 3674 2455 3745 continet
2483 3684 2818 3745 argumenta.

1930 3750 1958 3789 b
1996 3748 2195 3803 Chron.
2222 3744 2518 3815 Salisburg.
2549 3742 2638 3815 ap.
2665 3744 2940 3815 Canisium
2962 3743 3106 3815 (Ant.
3130 3742 3273 3815 μοι.
3301 3751 3435 3798 tom.

1856 3820 1954 3883 ΙΙΙ,
1994 3833 2112 3888 par.
2144 3833 2183 3871 ιι
2209 3856 2224 3879 ,
2273 3831 2327 3885 p.
2371 3814 2498 3888 487)
2557 3814 2750 3888 damna
2790 3814 2937 3888 illata
2990 3814 3140 3868 brevi
3166 3827 3439 3888 _se_rmo_ne

1857 3883 2219 3958 complectens
2244 3883 2321 3939 τ’(
2357 3884 2533 3958 Anno.
2560 3886 2753 3958 inquit,
2784 3883 2921 3958 1275
2953 3925 2989 3958 ,_
3023 3884 3436 3958 rex__Bohemi:_e

1860 3954 2308 4027 Salzburgensem
2333 3956 2619 4012 ecclesiam
2668 3956 2931 4027 hostiliter
2978 3955 3183 4009 invadit
3208 3956 3275 4008 ad
3294 3954 3442 4009 testi-

1859 4026 2150 4086 mationein
2214 4027 2483 4096 publicam
2538 4027 2607 4080 ad
2646 4026 3001 4096 quadraginta
3027 4032 3172 4096 “tres
3230 4039 3443 4096 marcas

1859 4101 2102 4158 eamdem
2132 4095 2546 4162 damniﬁcando,
2570 4104 2625 4150 et
2649 4095 2881 4150 maxime
2918 4096 2974 4149 in
3005 4095 3357 4149 distractione
3385 4101 3441 4149 et

1858 4171 2139 4228 cxustione
2168 4167 2514 4238 praediorum.
2549 4188 2566 4218 ι
2609 4166 2933 4238 Metnotatus
2982 4166 3294 4238 capitaneus
3321 4174 3441 4220 erat

1860 4242 2043 4297 Milota
2068 4236 2400 4294 Zavvischius
2436 4237 2630 4308 Styrite
2656 4236 2956 4306 praefectus.
2986 4237 3100 4302 Qua
3130 4237 3196 4290 de
3245 4252 3304 4308 re
3348 4252 3440 4289 ar-

1860 4312 2230 4380 chiepiscopus
2260 4308 2401 4380 haud
2444 4306 2519 4380 ita
2545 4308 2714 4380 multo
2747 4317 2868 4378 post
2906 4308 2963 4380 in
2988 4306 3320 4380 Augustanis
3344 4322 3438 4359 co-

1861 4374 2028 4437 mitiis
2051 4374 2229 4435 die—2‘
2261 4376 2403 4432 Junii
2428 4378 2712 4433 celebratis
2747 4374 3009 4433 acerrime
3053 4374 3341 4440 disseruit,
3381 4384 3442 4429 ut

1863 4454 1938 4507 ait
1961 4449 2233 4507 Gerardus
2266 4447 2432 4517 (Hist.
2463 4448 2642 4517 Austr.
2670 4448 2764 4502 lib.
2795 4464 2832 4511 ι,
2855 4463 2910 4517 p.
2940 4446 3051 4517 22).
3076 4445 3291 4517 Etenim
3320 4454 3443 4517 post

1793 4502 1842 4563 υ
1864 4502 2502 4577 ἷιίίιιῆξιὲλὶιέίτῖποτυω
2536 4516 2780 4587 injurias,
2810 4502 2924 4586 ip'se
2954 4502 3070 4587 «de
3094 4516 3301 4587 recenti
3320 4502 3443 4582 'ejus

1864 4592 2091 4668 injuria,_
2108 4605 2214 4659 qua
2235 4588 2400 4668 misso
2432 4588 2484 4668 in
2506 4584 2674 4668 ipsius
2696 4584 2925 4644 ditiones
2951 4586 3133 4668 Milota
3164 4584 3438 4668 praefecto,

1864 4655 2043 4718 omnia
2067 4655 2212 4715 ferro
2236 4667 2395 4727 atque
2435 4655 2543 4727 igni
2568 4657 2881 4722 fiedaverat,
2909 4658 3071 4712 verba
3092 4655 3296 4727 faciens
3314 4664 3444 4727 orat

1865 4741 1918 4788 et
1951 4733 2201 4787 obsecrat
2225 4726 2513 4792 Caasaretn,
2543 4729 2882 4797 reliquosque
2931 4726 3222 4799 principes,
3247 4726 3327 4780 uti
3349 4741 3441 4780 co-

1867 4804 2082 4866 natibus
2106 4800 2251 4854 illius
2278 4800 2332 4852 in
2354 4807 2594 4867 tempore
2619 4799 2832 4853 obviam
2860 4806 3004 4852 eant.
3039 4816 3058 4848 ο

1939 4885 1961 4912 ο
2004 4872 2080 4926 De
2101 4878 2211 4925 tota
2252 4870 2550 4922 litterarum
2605 4868 2873 4923 sententia
2917 4867 3190 4922 uberrime
3230 4873 3445 4920 constat

1867 4958 1934 4997 ex
1963 4942 2124 4997 allata
2149 4941 2216 4994 ad
2243 4938 2564 5008 Gregorium
2589 4937 2829 5006 epistola,
2856 4945 3216 5008 praeterquam
3235 4936 3304 4990 de
3348 4934 3441 4988 Mi-

1867 5013 1990 5068 lotze
2015 5009 2251 5081 praefecti
2279 5007 2555 5081 miSsione,
2578 5022 2698 5075 quae
2741 5008 3009 5077 posterior
3036 5007 3153 5070 fuit,
3189 5015 3250 5060 ut
3269 5020 3334 5059 ex
3356 5020 3447 5060 ea-

1870 5076 2113 5137 rumdem
2140 5079 2353 5135 silentio
2378 5076 2664 5146 colligitur.

1939 5153 1967 5193 ἀ
2003 5152 2154 5206 Hanc
2170 5148 2449 5221 epistolam
2470 5145 2859 5221 praeferendam
2880 5162 3000 5221 esse
3030 5147 3141 5221 illiL
3159 5162 3318 5217 quam
3351 5163 3445 5221 su-

1870 5240 1967 5293 pra
2007 5217 2283 5293 attulinins
2314 5220 2436 5293 (ep._
2462 5217 2539 5293 ii),
2563 5232 2681 5293 _res
2729 5217 2845 5293 ipsa
2877 5217 3078 5293 docet.__
3104 5217 3449 5274 Camerarius

1872 5287 2016 5350 enim
2046 5287 2682 5354 Ladislai,'exhibitione
2729 5288 2831 5342 hac
2874 5287 3084 5342 liberali
3134 5296 3446 5357 permotus,

1873 5360 2337 5420 commendatione
2368 5357 2449 5412 sui
2488 5358 2629 5427 regis
2674 5366 2851 5413 terras
2893 5358 3096 5426 aliquot
3122 5359 3223 5414 sibi
3258 5374 3449 5414 conce-
3502 5414 3517 5427 ,

1873 5436 2076 5490 dendas
2096 5430 2270 5499 petiit,
2294 5444 2413 5497 qua:
2444 5429 2681 5482 nondum
2728 5438 2927 5500 erepta:
2955 5427 3172 5483 fuerant
3204 5445 3270 5485 ex
3301 5430 3450 5484 inva-

1872 5505 2013 5560 soris
2039 5501 2304 5557 manibus.

1949 5588 1971 5613 υ
2014 5574 2260 5626 Mendum
2287 5568 2507 5624 evidens
2536 5570 2836 5633 collectori,
2871 5579 2963 5625 aut
2996 5570 3316 5640 exscriptori
3356 5569 3447 5623 tri~

1875 5644 2167 5769 bulelntlum,
2183 5656 2307 5696 nam
2330 5648 2476 5699 recte
2497 5641 2625 5700 alibi
2657 5643 2765 5714 (ep.
2803 5642 2836 5698 6
2856 5649 2912 5698 et
2931 5641 3023 5714 20)
3045 5642 3328 5699 Ladislaus
3357 5654 3439 5711 ap-

1876 5732 1941 5769 ne
1983 5731 2015 5769 a
2043 5729 2126 5768 ur.

1875 5716 2126 5788 pellatur.
