3996 6320
195 306 299 362 177
335 303 492 364 con.
531 301 1074 372 DlPL.—MONUM.,
1102 302 1277 372 me,
1311 303 1446 364 ssc
1470 303 1625 366 con.
1663 291 2900 372 CAROLINus.—App.-‘—Epp‘.nunor.pm
2921 310 2964 370 1.
2979 342 3053 358 —
3073 312 3202 372 LIB.
3238 313 3303 373 ιι.
3343 317 3450 375 773

189 419 500 496 animarum
533 425 994 496 vestrarum,_nos
1035 418 1356 496 auctoritate
1383 419 1479 476 Dei
1516 420 1765 496 omnipo—
1797 425 1854 485 Α
1876 423 2144 481 ciabiliter
2161 425 2454 496 observare
2474 424 2526 480 σι.
2561 425 2703 484 Hinc
2729 436 2843 496 est,
2873 430 3018 496 quod
3055 431 3136 488 sic
3161 443 3455 492 contractae

195 490 356 546 tentis
384 490 501 559 ipsa
515 489 665 543 vobis
687 489 1012 544 remittimus
1035 499 1086 542 et
1108 490 1434 546 absolvimus
1456 504 1505 558 α,
1533 491 1642 548 imo
1662 489 1771 548 non

194 576 314 642 esse
342 560 541 642 ligatos
547 559 931 642 denuntiamus
956 559 1024 614 ad
1042 561 1414 642 observandas
1434 562 1768 642 egrumdem.

187 630 301 686 Nos
327 629 496 684 etiam
529 631 595 685 de
615 629 838 685 consilio
872 631 1127 685 venerab.
1150 629 1387 704 fratrum
1411 631 1773 704 suﬁ‘raganeo-

190 716 317 758 rum
361 709 674 756 nostrorum
699 715 799 770 per
825 701 1398 758 excommunicationis
1449 701 1772 759 sententiam

187 773 455 845 adversus
482 786 672 827 omnes
697 779 753 826 et
783 771 1020 845 singulos
1052 775 1406 842 procedemus
1429 814 1443 840 ,
1498 774 1590 844 qui
1642 789 1774 845 prae-

187 849 344 898 textu
385 839 820 912 juramentorum
856 839 1036 897 taliter
1054 839 1446 912 —praestitorum
1481 839 1537 901 in
1571 839 1774 901 erroris

185 913 440 985 concepti
463 911 619 968 devio
645 911 826 985 vagari
865 913 1037 984 magis
1079 911 1360 985 elegerint,
1391 931 1554 985 quam
1587 916 1773 985 reduci

182 983 251 1059 id
286 982 552 1059 semitam
596 983 842 1059 veritatis
883 982 1086 1059 aperta:
1135 982 1368 1059 ,'quam_
1393 982 1598 1058 [Fors.,
1643 983 1772 1059 qua]

182 1052 497 1128 Romanum
536 1053 821 1126 imperium
883 1053 993 1110 Deo
1050 1053 1162 1125 jam
1198 1052 1472 1126 ’przedu'ce
1495 1052 1596 1113 nos
1629 1052 1772 1128 prae;

183 1123 334 1180 eam
355 1124 408 1178 δ’
593 1193 755 1268 m3
807 1193 1144 1253 EPISTOLA
1181 1195 1369 1252 χχιιι.

182 1283 502 1357 Rudolphus
538 1285 718 1342 scribit
769 1284 1173 1411 νὲζίἠειζὲιὲειτὶἔ
1217 1304 1313 1360 pro
1349 1287 1550 1344 auxilio
1592 1297 1777 1344 contra

843 1373 1084 1412 onemum
1115 1373 1164 1411 ⁸.

439 1446 566 1520 (An.
602 1446 760 1504 Dom.
788 1447 948 1514 1278,
993 1449 1112 1504 cod.
1150 1447 1292 1504 Rud.
1342 1449 1527 1522 mu.)

179 1538 590 1596 Ancona-run.
611 1569 685 1579 —
707 1537 1025 1610 Budolphus
1060 1538 1284 1596 Vienna:
1323 1541 1626 1597 consistens
1661 1540 1778 1610 jam

247 1611 382 1665 inde
405 1626 437 1666 a
463 1624 682 1666 recessu
706 1607 968 1675 Ottocari,
995 1617 1052 1664 et
1073 1611 1312 1680 undique
1335 1612 1534 1668 auxilia
1561 1607 1778 1668 contra-

245 1680 391 1736 bens
415 1689 604 1752 contra
637 1680 887 1736 eumdem
924 1680 1276 1737 rebellantem
1301 1721 1316 1752 ,
1357 1697 1522 1752 seque
1555 1684 1622 1738 ad
1644 1683 1775 1738 ulti-

1873 497 2017 554 inter
2057 511 2158 551 nos
2205 495 2528 553 inviolabilis
2573 495 2834 555 amicitiai
2869 495 3112 557 debitum
3156 503 3275 561 vice
3317 508 3456 563 reci—

1869 580 2036 646 proca
2070 573 2372 646 repetentes
2401 582 2431 620 a
2457 567 2610 624 vobis
2625 608 2666 646 ,_
2678 569 2835 646 juxta
2860 573 3015 646 quod_
3056 581 3238 630 vester
3262 591 3457 646 procu-

1869 637 2020 695 i-ator
2058 643 2113 719 et
2151 637 2758 719 nuntius_spopondisse
2779 637 3129 719 dignoscitur,
3172 652 3230 719 et
3262 637 3330 702 'ad
3354 648 3460 704 hoc

1870 723 1967 786 vos
2012 706 2322 786 soieinniter
2346 706 2613 779 obligasse
2641 720 2686 776 ο,
2735 706 3082 786 serénitatem
3113 706 3318 786 regiam
3342 733 3460 774 am-

1870 777 2029 850 pliori
2234 794 2338 859 qua
2360 776 2648 859 possumus
2665 796 2886 850 precum
2911 776 3204 859 affectione-
3216 787 3462 859 deposci-

1872 849 2015 916 inus,
2058 849 2114 920 et
2137 849 2416 920 hortamur
2451 849 2718 920 quatenus
2755 862 2944 910 mutuo
2979 856 3138 910 nobis
3167 857 3222 912 in
3254 849 3460 916 nostris

1872 919 2290 976 necessitatibus
2307 919 2639 978 subveniatis
2662 923 2883 989 auxilio,
2909 932 2964 981 et
2991 925 3239 983 ﬁdelibus
3257 942 3323 984 ac
3342 928 3463 985 fau-

1875 991 2084 1047 toribus
2105 991 2306 1066 nostris
2329 991 2389 1066 in_
2405 990 2641 1066 Austris;
2664 991 2939 1066 etiStyriae
2961 997 3246 1054 ducatibus
3272 997 3462 1057 eﬁicax

1874 1059 2161 1133 opportuni
2185 1061 2472 1133 patrocinii
2495 1059 2844 1133 praetendati's
2876 1067 3250 1123 umbraculum
3295 1078 3351 1125 et
3375 1086 3465 1126 so-

1874 1131 2059 1208 iatiosi
2089 1131 2300 1208 consilii
2320 1139 2378 1208 et
2410 1133 2612 1208 auxilii
2631 1131 3004 1208 fulcimentum
3025 1178 3040 1204 ,
3070 1146 3233 1208 prout
3281 1139 3464 1197 dilecti

1873 1201 2062 1279 ﬁdeles
2105 1202 2279 1279 nostri
2319 1200 2501 1279 ’μ
2533 1203 2926 1279 celsitudinem
2959 1200 3162 1279 regiam
3213 1209 3467 1266 duxerint

1876 1271 2272 1328 informandam
2320 1271 2367 1327 ί.
2403 1271 2514 1328 Nos
2558 1275 2703 1329 enim
2743 1277 2799 1331 in
2826 1271 3050 1332 civitate
3073 1286 3259 1334 nostra
3294 1281 3463 1337 Vien-

1875 1343 2082 1416 nensis,
2099 1350 2160 1416 ut
2171 1343 2431 1416 poteregi
2452 1343 2721 1416 Bohemiae
2735 1347 2869 1402 satis
2883 1349 3240 1416 contermina,
3255 1365 3466 1408 moram

1874 1413 2064 1468 utilem
2114 1413 2220 1491 ista
2244 1413 2401 1491 _vice'
2417 1415 2810 1491 contrahimus,
2857 1425 2918 1491 u_t
2965 1419 3011 1475 si
3039 1434 3133 1474 rex
3173 1413 3466 1491 przedictus

1875 1483 2198 1564 temerarios
2241 1485 2478 1564 impetus
2510 1486 2595 1564 sui
2629 1502 2846 1564 gressus
2880 1489 2938 1564 in
2965 1483 3294 1564 attritioiiem
3322 1493 3468 1564 ipso-

1876 1570 1999 1609 rum
2048 1553 2359 1631 nosirorum
2407 1553 2656 1612 ﬁdelium'
2694 1556 2846 1631 forte,
2889 1560 3166 1628 direxerit,
3211 1553 3386 1631 ipsum
3433 1579 3468 1619 a

1878 1624 2281 1705 tergoviriliter
2305 1625 2938 1705 insequentes,_eu_rndem
2957 1624 3164 1705 regem,
3192 1624 3470 1705 piaedictis

1878 1693 2128 1752 ﬁdelibus
2156 1696 2360 1752 nostris
2387 1693 2570 1754 illiesis
2591 1738 2608 1766 ,
2641 1697 2864 1755 allidere
2888 1693 3328 1759 valeamus.'Vos
3366 1704 3468 1759 ita-

247 1750 734 1843 ἫΨὲἮΨῩΞἯ
746 1766 915 1843 Bri“
919 1758 1049 1843 $9:
1060 1766 1252 1843 £958.“!
1263 1750 1613 1843 _‘_J.‘.’§3§‘l'.".'!l
1618 1761 1772 1843 3’3."

1891 1780 2007 1843 que
2031 1750 2352 1836 quaesumus
2386 1750 2574 1843 adii;
2592 1750 3464 1838 'cdﬁ"fésiih§ti&£é"éesb}ibiié,

248 1831 314 1876 ut
343 1823 446 1894 sibi
472 1822 722 1894 praesidio
743 1823 814 1877 sit
842 1824 898 1876 in
919 1823 1204 1878 ducatibus
1217 1822 1452 1894 Austris:
1472 1832 1527 1879 et
1553 1823 1769 1894 Styriaa,

250 1906 367 1961 quo
395 1893 445 1967 si
486 1893 661 1967 hostis
700 1907 759 1948 se
801 1900 1000 1967 verta_t,
1039 1907 1165 1947 eum
1204 1893 1414 1963 insequi
1454 1909 1486 1949 a
1521 1893 1674 1967 tergo
1717 1910 1778 1951 se

251 1963 609 2020 constituisse
629 2003 646 2029 ,
679 1977 863 2033 regem
898 1962 1172 2019 admonet.

251 2054 392 2110 Cum
421 2055 564 2110 inter
601 2070 756 2125 reges
783 2054 932 2110 orbis
954 2095 971 2121 ,
1003 2063 1059 2110 et
1095 2054 1368 2124 principes
1393 2055 1674 2112 afﬁnitatis
1695 2057 1779 2113 in-

182 2127 401 2181 terdum
429 2135 483 2180 et
518 2125 771 2181 amicitia;
796 2125 1002 2180 foedera
1031 2127 1444 2192 contrahuntur,
1473 2135 1625 2183 tanto
1667 2143 1779 2183 ma-

180 2193 326 2263 joris
378 2196 521 2252 inter
575 2197 793 2252 eosdem
839 2193 1137 2251 aﬁ‘ectionis
1191 2197 1320 2251 unio
1372 2198 1530 2252 debet
1583 2199 1779 2254 merito

185 2266 447 2340 suboriri,
500 2275 704 2340 quanto
752 2263 984 2340 majores
1018 2267 1137 2321 aliis
1170 2266 1226 2340 in
1250 2265 1572 2340 celsioribus
1594 2270 1780 2340 'positi

183 2337 426 2406 speculis
482 2334 822 2408 dignitatum,
877 2336 1141 2391 virtutum
1184 2334 1533 2394 interioribus
1581 2334 1781 2396 debent

183 2408 436 2478 exempla
467 2409 751 2474 disserere,
780 2417 1091 2477 quantoque
1113 2422 1211 2476 per
1233 2409 1517 2464 unanimes
1535 2409 1781 2465 volunta—

177 2487 260 2533 tes
283 2480 530 2550 ipsorum
572 2495 678 2550 pax
705 2478 912 2532 ﬁrmior
936 2479 1133 2533 crescit
1153 2478 1209 2532 in
1237 2478 1468 2549 populis,
1514 2481 1782 2550 amplian-

176 2556 266 2603 tur
302 2550 545 2604 honores
593 2550 949 2613 alterutrum,
983 2557 1037 2604 et
1087 2563 1304 2604 suorum
1348 2550 1674 2606 roborantur
1722 2551 1778 2606 in

175 2627 465 2700 posterum
509 2619 632 2701 jura
672 2634 980 2701 regnorum.
1032 2618 1173 2674 Sane
1220 2621 1778 2701 coniracta_l:eliciter

175 2689 324 2744 inter
375 2706 480 2745 nos
503 2689 828 2760 jampridem
868 2690 1090 2744 alternae
1127 2689 1485 2746 connexitatis
1519 2691 1780 2749 identitas

176 2761 258 2815 sic
302 2776 498 2816 revera
544 2759 1055 2830 inexstinguibiliter
1089 2769 1172 2816 est
1202 2759 1257 2814 in
1306 2761 1506 2816 nostris
1535 2764 1778 2818 radicata

175 2832 522 2902 praecordiis,
557 2833 636 2886 sic
667 2833 722 2886 in
753 2831 961 2902 intimis
991 2831 1161 2902 nostri
1187 2831 1366 2886 cordis
1390 2831 1670 2889 affectibus
1694 2840 1779 2888 est

177 2901 402 2973 ﬁrmata
456 2903 740 2968 tenaciter,
787 2901 930 2973 quod
985 2901 1219 2956 delectat
1265 2917 1364 2957 nos
1413 2905 1634 2973 exsequi
1680 2918 1781 2973 per

173 2972 435 3028 effectum
483 2973 740 3042 quidquid
766 2972 1008 3042 regalem,
1039 2980 1277 3027 vestrum
1317 2972 1619 3029 demulceat
1663 2972 1781 3029 ani-

174 3059 329 3098 mum
349 3085 364 3108 ,
391 3041 654 3113 quidquid
679 3041 874 3098 vestrae
909 3041 1204 3111 majestatis
1225 3043 1520 3098 honoribus
1547 3045 1780 3099 arbitra-

1877 1836 2008 1915 quid
2046 1852 2209 1915 super
2229 1838 2534 1915 pramissis
2558 1838 2616 1893 in
2650 1846 2834 1915 vestro
2871 1843 3152 1912 proposito
3177 1843 3386 1915 geritur
3411 1836 3468 1901 et

1876 1907 1934 1966 in
1962 1907 2305 1980 beneplacito
2333 1909 2643 1965 continetur
2665 1909 2718 1964 ιι.

2385 2023 2722 2083 EPISTOLA
2757 2027 2948 2085 XXIV.

1878 2111 2192 2187 Rudolphus
2214 2115 2396 2187 recipit
2433 2117 2713 2187 cujusdam
2737 2121 3145 2186 excusationem,
3187 2103 3263 2178 ita
3293 2133 3469 2180 tamen

1952 2197 2006 2240 ut
2034 2187 2164 2266 nolit
2189 2187 2361 2258 ipsum
2387 2203 2499 2242 esse
2523 2187 2728 2245 interea
2753 2199 2803 2245 et
2829 2207 3001 2262 regem
3028 2191 3296 2250 Bohemiae
3321 2197 3467 2266 pacis

1950 2257 2313 2312 mediatorem.

2158 2345 2284 2420 (An.
2307 2346 2465 2404 Dom.
2497 2348 2658 2418 1276,
2677 2351 2799 2406 cod.
2834 2350 2979 2407 Rud.
3012 2356 3189 2428 xxrv.)

1880 2439 2279 2498 Ancunsn'ruu.
2305 2472 2379 2482 —
2399 2442 2662 2497 Bernardi
2692 2443 2940 2570 episcopi
2968 2445 3340 2506 Seccoviensis
3379 2450 3470 2506 de-

1952 2513 2252 2570 Drecationi
2292 2513 2530 2570 Optimus
2554 2514 2808 2570 princeps
2833 2515 2869 2568 li
2945 2515 3214 2570 ralissime
3246 2535 3470 2570 resmn-

1952 2513 2252 2591 precaiioni
2292 2513 2530 2591 optimus
2554 2513 2808 2591 princeps
2833 2513 3214 2591 liberalissime
3246 2535 3470 2591 respon-

1953 2583 2261 2661 det.__Pacis
2294 2583 2562 2638 arbitrum
2601 2583 2831 2661 inter’se
2863 2595 2929 2661 ct_
2943 2585 3262 2644 Ottocarum
3308 2583 3471 2661 n'egat

1954 2669 2013 2709 se
2033 2654 2184 2709 illum
2208 2662 2580 2725 accepturum,
2601 2654 2706 2710 nisi
2726 2656 2877 2725 prius
2893 2656 3180 2715 Ottocarus
3207 2654 3469 2717 immensa

1953 2725 2151 2803 damna
2196 2725 2486 2803 episcopis_
2506 2724 2652 2780 illata
2677 2724 2963 2803 resarserit
2988 2747 3001 2782 :
3024 2737 3140 2803 ium
3176 2745 3305 2788 vero
3331 2747 3472 2803 prte-

1951 2795 2193 2850 biturum
2221 2811 2381 2852 aures
2412 2796 2574 2852 rebus
2598 2797 2792 2853 rationi
2815 2799 3086 2870 congruis.

1951 2907 2187 2981 Litteras
2211 2917 2418 2981 vestras
2453 2911 2470 2951 i
2504 2909 2662 2966 nobis
2695 2919 2972 2981 postremo
3011 2917 3353 2972 transmissas
3387 2919 3472 2973 af-

1881 2975 2115 3055 fectione
2142 2979 2372 3050 benigna
2407 2975 2775 3055 suscepimus}
2799 2991 3009 3055 utpote
3031 3001 3152 3055 qua:
3185 2986 3438 3044 fermenti
3455 3030 3470 3054 ,

1884 3051 2028 3118 quod
2057 3049 2359 3104 litterarum
2394 3049 3175 3124 vestrarumims‘priorilas
3203 3049 3474 3116 discrimi;

173 3115 289 3198 ιρι-ἰ
340 3114 609 3198 fuerimus
665 3113 1008 3198 adauctivum
1034 3153 1057 3198 ,_
1111 3113 1552 3198 incomImutabili
1596 3115 1777 3198 animo
1804 3131 1853 3198 ο
1883 3113 2041 3174 uarat
2070 3129 2428 3198 et__spar_serat
2450 3163 2466 3188 ,
2494 3137 2589 3177 vos
2632 3113 3210 3198 reddebam-innoxios,
3254 3113 3474 3186 velleris

173 3186 552 3256 disponentes,
587 3184 1022 3242 conﬁbulationis
1043 3183 1202 3254 hujus
1245 3184 1776 3257 vinculumjndisso-

250 3336 278 3364 ι
318 3323 463 3380 Cum
500 3338 616 3378 haec
638 3331 857 3395 gerebat
885 3323 1352 3395 archiepiscopus,
1386 3324 1442 3395 in
1490 3331 1607 3380 tuto
1635 3334 1773 3395 erat,

176 3395 462 3466 Budolphi
491 3395 636 3466 enim
651 3394 837 3466 castra
863 3395 1208 3466 sequebatur.
1233 3394 1628 3450 Hist.Austral.
1655 3394 1778 3466 post

174 3464 460 3534 Rudolphi
514 3465 799 3520 adventum
825 3464 880 3518 in
919 3465 1214 3528 Austriam,
1249 3466 1496 3521 eamdem
1549 3464 1672 3521 rem
1696 3469 1778 3524 sic

176 3544 447 3593 enarrat:
486 3554 504 3586 ι
538 3535 711 3603 Quem
746 3535 1127 3590 ministeriales
1160 3535 1456 3590 honoriﬁce
1488 3551 1553 3591 ac
1579 3537 1778 3593 solem-

175 3609 327 3662 niter
376 3607 725 3677 recipientes,
778 3606 968 3661 relicto
1007 3613 1062 3660 et
1099 3605 1309 3677 abjecto
1357 3607 1615 3675 praedicto
1651 3624 1777 3677 rege

175 3677 442 3742 Boemiaz,
477 3676 762 3747 Rudolpho
783 3677 1158 3741 adhaeserunt,
1186 3676 1446 3747 oblitique
1475 3686 1599 3731 sunt
1629 3676 1775 3748 pacti

176 3757 231 3805 et
250 3749 556 3830 j_n_ramenti
579 3749 722 3817 quod
743 3748 1056 3830 pepigerant
1079 3763 1201 3830 cum
1225 3762 1312 3830 eo,
1329 3748 1646 3830 postpositis
1668 3749 1778 3803 haec

177 3818 410 3876 redibus
429 3835 641 3884 eorum,
671 3834 804 3889 quos
831 3818 920 3889 eis
957 3819 1010 3871 in
1043 3818 1258 3873 obsides
1300 3818 1670 3889 tradiderant,
1711 3834 1778 3874 ac

247 3909 278 3944 r
329 3890 620 3946 consilium
658 3887 713 3944 et
764 3887 1203 3943 informationem
1256 3888 1679 3944 Praedicatorum
1721 3897 1776 3944 et

231 3963 455 4016 inorum
494 3959 755 4025 fratrum,
787 3966 841 4014 et
890 3959 1057 4014 totius
1089 3959 1218 4013 cleri
1247 4000 1260 4023 ,
1300 3959 1392 4028 qui
1453 3960 1776 4014 auctoritate

177 4031 647 4104 papa:_toilentes
696 4029 1127 4104 jurameutorum
1163 4030 1366 4084 scelera
1388 4071 1402 4094 ,
1466 4045 1776 4104 omnes_re-

179 4100 304 4173 gein
344 4100 696 4173 Rudolphum
755 4100 1136 4173 inuidominum
1174 4109 1515 4173 receperunt.
1557 4121 1576 4154 ι
1641 4100 1776 4156 Fra—

177 4171 328 4227 trum
369 4171 613 4241 clerique
669 4171 953 4226 consilium
1016 4171 1332 4234 accesserit,
1399 4187 1599 4236 necne,
1666 4187 1774 4226 non

178 4259 371 4314 quam
414 4259 427 4294 :
478 4241 787 4314 episcopali
833 4241 1154 4296 auctoritate
1212 4241 1436 4314 populos
1474 4241 1716 4314 iabsolvi
1742 4257 1774 4296 a

178 4311 496 4384 iuramento
533 4311 740 4367 certum
774 4312 878 4366 hoc
914 4319 1321 4367 monumentum
1349 4311 1775 4368 luculentissime

180 4392 440 4441 testatur.

251 4457 285 4496 δ
328 4453 656 4524 Populorum
679 4453 878 4516 studio,
909 4453 999 4522 qui
1026 4453 1093 4506 ab
1115 4450 1354 4524 Ottocari
1383 4453 1668 4524 tyrannide
1708 4451 1776 4506 li-

179 4526 368 4581 berari
410 4523 684 4588 avebant,
721 4524 1089 4592 spiritualibus
1146 4523 1312 4576 armis
1367 4523 1768 4588 accedentibus,

178 4597 438 4651 civitates
471 4605 528 4650 et
553 4604 729 4649 castra
754 4609 810 4648 se
840 4594 1106 4662 Rudolphi
1133 4593 1368 4648 dominio
1394 4593 1768 4658 subdiderunt,

179 4677 414 4736 excepta
439 4665 661 4736 civitate
706 4665 1030 4736 Viennensi,
1060 4679 1239 4736 quami
1272 4663 1551 4736 obsidione
1582 4664 1768 4729 cinxit,

180 4747 240 4791 ut
261 4733 510 4792 breviter
531 4735 842 4792 Eberardus
868 4733 1117 4790 Altahen.
1142 4742 1196 4789 et
1216 4733 1388 4789 fusius
1412 4733 1502 4789 alii
1524 4742 1772 4791 constan-

179 4815 268 4863 ter
300 4807 543 4861 tradunt.

254 4890 282 4918 ε
329 4878 475 4933 Loco
509 4877 668 4946 hujus
707 4875 946 4946 epistolae
991 4875 1238 4946 ponenda
1275 4873 1506 4946 erat29,
1533 4889 1656 4946 cum
1685 4891 1776 4929 au-

181 4956 300 5004 tem
347 4948 540 5017 religio
588 4945 930 5001 mihi’fuerit
967 4945 1208 5001 ordinem
1245 4945 1449 5017 codicis
1507 4945 1775 5000 ullatenus

180 5016 514 5082 immutare,
547 5034 617 5072 ne
645 5019 803 5071 istam
841 5017 1056 5086 quidem
1077 5017 1376 5072 evidentem
1414 5016 1775 5071 inversionem

179 5093 479 5160 attingam,
511 5104 634 5142 cum
669 5088 939 5160 praecipue
961 5102 1082 5160 qure
1102 5102 1228 5141 mox
1249 5094 1506 5160 sequetur
1528 5086 1772 5156 epistola,

179 5156 456 5231 superiori
495 5156 999 5231 puemittendasit,
1034 5157 1320 5231 pluresque
1354 5156 1473 5210 aliae
1513 5166 1778 5231 vagentur

179 5247 210 5285 a
231 5227 625 5314 prepria_sede
647 5269 660 5293 ,
704 5237 763 5282 ut
792 5229 1127 5314 videbimus;
1149 5228 1204 5314 in
1235 5235 1581 5314 antecessum.
1599 5227 1777 5314 potius

178 5297 369 5357 notari
399 5301 580 5362 debet,
616 5315 756 5354 anno
786 5298 924 5352 1276
952 5300 1037 5354 die
1064 5300 1129 5354 l9
1159 5297 1477 5352 Novembris
1505 5297 1777 5352 Elisabeth

181 5372 365 5425 Sacro
387 5371 661 5425 Bohemize
691 5383 872 5439 regem
917 5371 970 5424 in
1011 5384 1182 5440 genua
1204 5368 1544 5440 provolutum
1562 5365 1777 5435 iurasse

181 5442 355 5497 ﬁdem
412 5441 697 5510 Rudolpho
737 5455 922 5494 coram
967 5439 1150 5494 multis
1181 5439 1514 5510 principibus
1560 5456 1572 5491 :
1615 5453 1778 5510 quam

178 5526 308 5567 rem
327 5508 606 5566 uberrime
640 5519 950 5565 enarratam
985 5510 1284 5565 videbimus
1310 5508 1451 5562 infra
1476 5508 1582 5580 (ep.
1612 5509 1728 5580 29.)

249 5581 281 5622 δ
318 5583 395 5637 De
423 5581 686 5636 aliinitate
706 5597 793 5650 per
824 5580 1165 5650 adoptionem
1181 5588 1456 5635 contracta
1477 5590 1560 5634 est
1577 5579 1780 5650 dictum

178 5666 354 5723 supra
389 5652 498 5723 (ep.
543 5653 607 5706 16
642 5649 834 5723 ειί20)
876 5669 889 5704 :
927 5649 1015 5706 hic
1051 5662 1229 5723 autem
1260 5650 1378 5704 initi
1413 5651 1577 5706 etiam
1604 5649 1777 5723 foede-

178 5720 268 5778 ris
310 5725 371 5778 ﬁt
399 5720 405 5723 ⁷
436 5720 641 5777 mentio
668 5763 684 5786 ,
728 5721 881 5788 cujus
931 5722 1267 5777 conditiones
1326 5723 1594 5776 habentur
1637 5720 1776 5776 infra

180 5792 310 5864 (ep.
345 5795 460 5864 51).
494 5793 675 5860 Quare
710 5793 899 5847 eadem
948 5793 1039 5846 isti
1067 5792 1441 5863 pmmittcnda
1475 5800 1614 5858 erat,
1659 5808 1780 5863 quae

446 5886 726 5950 Ριτιιοι..
772 5883 1058 5948 XCVIII.

1799 4491 1855 4552 D

1881 3191 2171 3248 verecundi
2217 3191 2484 3248 velamina
2534 3193 2846 3251 revelarimt
2895 3193 2943 3250 i.
2997 3195 3140 3255 Sane
3195 3214 3474 3271 nunquam

1879 3323 1949 3381 ad
1975 3339 2177 3380 annum
2199 3332 2406 3395 spectat
2433 3325 2594 3382 1278.

1955 3406 1979 3435 θ
2017 3395 2158 3469 ante
2186 3395 2452 3469 sancitum
2493 3395 2668 3469 foedus
2697 3412 2728 3452 a
2777 3413 2904 3469 rege
2945 3399 3315 3457 Romanorum
3347 3418 3472 3458 cum

1879 3481 2007 3536 rege
2018 3465 2354 3554 pllungariae,
2378 3466 2570 3554 legatis
2597 3468 2740 3523 ιιινο
2768 3465 3229 3554 citroquemissis
3270 3474 3476 3554 pactio-

1877 3535 1978 3606 nes
2017 3535 2179 3590 factae
2202 3543 2376 3600 erant,
2406 3535 2616 3605 riteque
2653 3539 2833 3592 omnia
2858 3535 3098 3606 peracta,
3126 3557 3248 3606 qua:
3271 3535 3331 3596 in
3364 3544 3470 3597 hu-

1871 3604 2109 3730 iusmodi
2137 3607 2346 3675 magnis
2376 3604 2605 3677 negotiis
2660 3607 2778 3663 ﬁeri
2803 3604 3013 3675 solent,
3051 3604 3111 3692 ut
3146 3604 3474 3682 Rudolphus

1902 3677 2179 3730 uculenter
2211 3675 2465 3730 afﬁrmat.
2490 3677 2852 3730 Ouamobrem
2887 3679 3178 3730 chromslm
3204 3681 3468 3730 Altahen-

1902 3677 2179 3732 uculenter
2211 3675 2466 3730 afﬁrmat}
2490 3677 2852 3742 Quamobrem
2887 3679 3178 3736 chronistaa
3203 3675 3468 3737 Altahen-

1878 3746 1974 3808 sis,
2011 3746 2346 3815 aliorumque
2368 3747 2856 3816 breviloquentiam
2877 3749 2944 3804 de
2970 3752 3208 3806 amicitia
3235 3752 3470 3808 invicem

1878 3824 2179 3890 contracta,
2209 3832 2331 3871 cum
2361 3818 2497 3890 mira
2522 3817 2787 3890 factorum
2812 3819 3094 3890 celeritate
3116 3821 3468 3890 conjunctam

1877 3887 2087 3944 secerni
2108 3895 2342 3962 oportet,
2376 3887 2449 3941 ita
2481 3896 2537 3942 ut
2567 3889 2858 3962 sanciendo
2884 3889 3074 3962 foederi
3107 3887 3290 3962 plures
3312 3909 3468 3948 men-

1877 3973 1984 4021 ses,
2011 3974 2112 4012 nec
2140 3957 2424 4027 pauciores
2463 3961 2742 4028 apparatui
2795 3961 2920 4014 novi
2948 3962 3070 4016 belli
3109 3957 3426 4019 tribuantur
3455 3979 3470 4018 :

1876 4043 2002 4084 nam
2026 4029 2103 4083 rei
2133 4029 2415 4100 utriusque
2432 4029 2654 4084 effectus
2674 4037 2798 4085 ante
2818 4029 3041 4100 Augusti
3066 4035 3269 4089 mensis
3293 4043 3476 4091 extre—

1874 4115 1973 4172 ma_
1991 4114 2131 4172 anno
2164 4099 2301 4172 1278
2327 4115 2434 4153 non
2458 4101 2725 4172 iapparuit
2750 4100 2858 4172 (ep.
2895 4102 2964 4155 52
2993 4106 3157 4172 seq.).

1953 4169 1984 4242 Af;
2017 4169 2330 4242 Rudolphus
2363 4178 2417 4224 et
2457 4169 2738 4242 Ladislaus
2760 4169 2938 4242 reges
2978 4169 3280 4242 conjunctis
3315 4192 3472 4230 exer-

1875 4239 2074 4296 citibus
2097 4239 2438 4303 dimicarunt,
2455 4241 2598 4310 quod
2623 4241 2819 4296 litterae
2837 4239 3038 4298 caedem
3057 4239 3270 4300 docent.
3299 4246 3473 4301 Bohe-

1875 4326 2006 4383 mus
2022 4310 2607 4383 enimicastrametatus
2631 4313 2684 4365 in
2705 4311 2924 4367 Austria
2950 4313 3218 4383 Rudolphi
3242 4316 3466 4370 consilia

1875 4380 2038 4452 elusit
2066 4381 2134 4434 ad
2163 4380 2358 4452 Styriae
2379 4383 2632 4452 ducatum
2663 4383 2805 4451 quod
2841 4383 3055 4439 attinet.

1953 4450 2061 4524 Siln
2089 4451 2192 4506 hac
2217 4450 2349 4524 urbe
2373 4467 2468 4524 rex
2503 4450 2873 4508 Romanorum
2899 4462 3156 4524 moratus
3187 4463 3271 4510 est
3299 4471 3469 4524 usque

1875 4521 1943 4576 ad
1966 4521 2136 4577 Annae
2164 4522 2382 4592 reginae
2414 4523 2695 4578 decessum
2723 4539 2814 4579 an.
2854 4522 3011 4578 1281.
3049 4524 3198 4580 Tunc
3245 4521 3469 4580 Alberto

1871 4591 2233 4670 primogenito
2245 4591 2500 4670 austrina,
2519 4593 2855 4670 aliarumque
2873 4595 3148 4670 provincia
3157 4612 3272 4649 rum
3299 4596 3474 4650 admi-

1873 4663 2196 4734 nistratione
2228 4663 2478 4734 dimissa,
2506 4663 2780 4734 profectus
2805 4673 2888 4719 est
2925 4664 2990 4734 ad
3017 4665 3287 4720 Rhenum.

1945 4735 1972 4774 ιι
2002 4732 2323 4857 ΩιιειιἏιιιιιιι
2346 4735 2398 4788 vi
2428 4732 2650 4790 fcederis
2678 4735 2745 4788 ad
2771 4733 3059 4804 tegendum
3083 4747 3137 4790 et
3165 4736 3468 4791 nocendum

1945 4805 1996 4857 iti
2022 4820 2130 4857 non
2201 4803 2412 4857 efutura
2432 4819 2553 4857 esse
2579 4804 2782 4857 auxilia
2803 4806 3115 4857 viderentur
3144 4823 3173 4857 a
3205 4805 3468 4857 fmderato

1874 4803 1996 4858 initi
2022 4820 2130 4858 non
2165 4803 2412 4860 defutura
2432 4819 2553 4859 esse
2579 4804 2782 4858 auxilia
2803 4803 3115 4860 viderentur
3144 4823 3173 4860 a
3205 4805 3469 4861 fmderato

1875 4889 2031 4947 rege,
2065 4875 2378 4944 Rudolphus
2409 4883 2589 4930 tamen
2616 4876 2834 4947 scripto
2849 4877 2951 4930 sibi
2987 4876 3278 4947 signiﬁcari
3316 4885 3471 4946 optat

1973 4947 2163 5028 eodem
2199 4961 2342 5028 rege,
2379 4961 2509 5000 num
2538 4960 2695 5028 opem
2727 4945 2799 4999 sit
2820 4945 3067 5028 laturus'3
3098 4945 3472 5028 necne?.Con:

1875 5014 2166 5086 ﬁigendum
2193 5014 2391 5086 quippe
2437 5023 2556 5070 erat
2581 5014 2724 5086 cum
2761 5031 2886 5086 rege
2927 5018 3201 5072 hominum
3249 5017 3330 5071 sui
3365 5017 3469 5071 aevi

1875 5085 2215 5151 fortissimo,
2289 5085 2354 5140 ac
2401 5085 2846 5150 bellicosissima,
2898 5103 2997 5142 nec
3061 5103 3165 5141 non
3222 5088 3471 5143 victoriis

1877 5167 2111 5238 assueto,
2139 5165 2196 5212 ut
2221 5157 2385 5212 tradit
2413 5157 2607 5213 chron.
2634 5157 2864 5226 Pragen.
2898 5164 3159 5228 przeterea
3190 5172 3313 5212 cum
3343 5174 3471 5228 rege

1876 5237 2040 5282 irato.

1954 5300 1971 5339 i
2004 5299 2260 5353 Bernardi
2287 5299 2494 5354 scilicet
2518 5296 2891 5354 Seccoviensis
2913 5299 3180 5369 episcopi,
3211 5299 3470 5369 Ottocaro

1877 5367 2250 5440 addictissimi,
2279 5369 2369 5439 qui
2407 5383 2548 5440 anno
2565 5371 2841 5440 praeterito
2877 5367 3025 5440 regia
3057 5367 3323 5440 legatione
3345 5367 3470 5423 funo

1878 5455 2010 5508 gens
2045 5441 2099 5494 in
2129 5439 2454 5509 Augustanis
2484 5439 2720 5494 comitiis
2757 5439 2960 5495 temere
2999 5439 3321 5497 invectivam
3368 5440 3470 5495 lia-

1877 5509 2066 5564 buerat
2098 5510 2154 5563 in
2174 5510 2550 5582 iRudolphum,
2578 5525 2739 5579 quem
2774 5511 2996 5566 Bohemi
3027 5512 3270 5582 potentia
3298 5509 3472 5566 fretus

1878 5588 2144 5652 tanquam,
2171 5581 2343 5652 hostis
2356 5581 2576 5652 hostem
2595 5589 3032 5652 contempserat.

1952 5651 1969 5702 i
1994 5649 2116 5704 Has
2133 5651 2297 5721 igitur
2328 5651 2538 5707 litteras
2559 5651 2677 5707 alia:
2697 5649 3103 5721 pmcesserant,
3135 5653 3330 5722 quibus
3359 5649 3474 5721 opi-

1878 5723 2094 5778 nionem
2147 5723 2215 5776 ab
2263 5737 2322 5794 se
2374 5730 2665 5794 averterat,
2709 5739 2816 5794 qua
2871 5726 3162 5794 probrosos
3201 5724 3254 5794 in
3286 5735 3474 5792 regem

1879 5795 2248 5852 Romanorum
2286 5793 2496 5852 libellos
2518 5791 2773 5854 effudisse
2798 5791 3169 5854 dictitabatur.
3206 5791 3488 5848 Neutram'

2959 5886 3037 5947 25
