3996 6320
196 293 295 354 θοι
337 292 496 350 con.
536 288 1080 359 men—norma,
1107 289 1285 358 nm,
1311 288 1444 348 seu
1471 289 1625 350 con.
1651 289 2511 350 CAltOLlNUS.—APP.—EPP.
2537 290 2890 352 RUDOLPHI
2912 293 2955 352 1.
2981 321 3056 339 -
3076 295 3205 356 LIB.
3228 297 3315 357 ιιι.
3348 298 3455 358 sos

263 410 369 464 dus
413 407 662 478 Philippo
694 406 760 462 Ill
805 406 918 476 regi
969 403 1376 478 efﬁciasissimis
1413 405 1612 475 litteris
1655 421 1773 478 rem
1798 407 1992 471 Atum
2057 405 2352 475 poterimus
2405 407 2703 478 impensuri
2743 420 2802 462 ο.
2862 407 3455 471 Porro~universitatis

262 480 559 550 signiﬁcat,
596 477 753 533 suam
784 477 1212 534 benevolentiam
1261 485 1562 549 opportune
1588 477 1776 533 utilem

264 549 387 605 fore
418 550 761 619 promittens.

260 639 414 696 Inter
442 650 636 696 catera
665 639 919 710 qualibet
954 638 1318 710 augustalium
1343 637 1622 694 titulorum
1648 637 1779 694 insi-

266 712 319 765 ia
347 712 503 766 nobis
537 712 799 766 attributa
854 711 1129 775 divinitus,
1168 711 1310 764 inter
1362 710 1531 764 multa
1587 711 1782 765 votiva

266 727 319 765 1a
347 727 503 766 nouis
537 727 799 766 attributa
854 727 1129 775 (llVlllllus,
1168 727 1310 764 inter
1362 727 1531 764 multa
1587 727 1780 765 votiva

194 727 475 837 ﬁlicitatis
509 782 767 851 auspicia,
822 782 1018 850 quibus
1073 781 1295 836 dextera
1334 780 1548 834 Domini
1607 781 1780 835 latera

195 861 383 908 nostra
435 851 811 917 circumdedit,
860 853 1193 906 incessanter
1240 851 1296 906 id
1354 852 1536 905 animo
1590 860 1780 906 nostro

197 939 387 978 revera
453 923 734 977 suavitatis
795 923 978 976 arrisit
1031 923 1088 976 in
1124 921 1327 987 osculo,
1395 921 1450 975 id
1507 921 1782 976 immensa

195 993 401 1048 latitia
437 993 630 1062 poculo
685 1000 871 1047 nostra
914 992 1210 1061 pracordia
1255 991 1580 1054 fecundavit,
1637 991 1783 1062 quod

196 1064 338 1118 inter
367 1080 468 1119 nos
488 1071 542 1118 et
575 1079 689 1127 vos,
724 1063 781 1117 in
809 1078 969 1132 quem
1007 1063 1191 1132 utique
1220 1063 1462 1132 proavita
1489 1063 1782 1119 Strenuitas

195 1135 338 1188 vires
378 1143 434 1190 et
467 1134 676 1188 animos
720 1133 1051 1203 propagavit,
1085 1132 1363 1187 afﬁnitatis
1417 1135 1604 1189 amica
1653 1148 1783 1188 con-

195 1205 360 1259 nubia
398 1213 544 1274 sunt?
581 1202 859 1259 contracta
899 1202 1128 1274 9._Qua
1181 1203 1399 1274 quidem
1451 1219 1517 1260 ω
1551 1203 1784 1259 indisso-

195 1275 464 1347 ciabilius,
505 1273 684 1347 434
723 1290 788 1330 eo
832 1272 1215 1347 indisjunctius
1277 1289 1489 1347 semper
1564 1289 1782 1330 servare

195 1361 298 1399 non
343 1345 546 1409 solum,
578 1345 690 1400 sed
738 1352 794 1399 et
850 1345 1204 1400 corroborare
1267 1345 1618 1413 disponimus,
1675 1361 1782 1414 quo

193 1431 314 1471 cum
358 1417 560 1485 inclyta
589 1417 747 1470 domo
776 1415 1017 1469 Francia
1067 1415 1273 1469 couniri
1302 1431 1402 1470 nos
1451 1417 1783 1471 desiderabi-

195 1486 293 1540 lius
329 1487 586 1557 delectat.
629 1486 705 1557 De
732 1487 886 1540 nobis
916 1486 1079 1557 igitur
1117 1501 1423 1554 quasumus
1452 1486 1601 1557 regia
1625 1487 1782 1541 celsi-

195 1557 322 1611 tudo
355 1556 566 1611 ﬁducia
595 1556 853 1625 plenioris
878 1572 942 1610 ex
980 1555 1280 1610 litterarum
1311 1555 1621 1611 nostrarum
1658 1557 1783 1612 alfa-

195 1627 336 1680 tibus
365 1634 684 1697 argumenta
711 1627 986 1695 suscipiat,
1018 1625 1162 1694 quod
1195 1627 1252 1680 in
1292 1628 1783 1696 opportunitatibus

195 1698 344 1752 vobis
385 1706 574 1752 nostra
600 1697 905 1753 sollicitudo
931 1712 1039 1751 non
1085 1697 1278 1762 deerit,
1326 1699 1420 1752 sed
1473 1698 1539 1752 ad
1587 1710 1781 1755 cuncta

1875 484 2069 530 vestra
2123 478 2464 546 prudentiam
2506 480 2868 553 exhortamur
2900 480 3062 553 ‘35
3102 484 3362 540 attentius
3402 494 3460 540 et

1875 561 2150 625 rogamus,
2211 559 2476 617 quatenus
2505 548 2584 625 N._
2611 547 2866 604 familiari
2924 547 3138 625 ῖῙΠςδὶιοΔ
3165 570 3330 625 super
3373 556 3459 610 his

1877 632 1997 691 qua
2027 618 2181 673 vobis
2205 629 2390 691 nostro
2442 621 2660 691 nomine
2703 623 3061 691 proposuerit,
3112 618 3273 679 ﬁdem
3307 625 3461 680 adbi-

1876 687 2008 764 bere
2043 703 2151 764 non
2210 689 2427 764 dubiam
2473 698 2529 744 et
2567 687 2821 764 effectqu
2852 687 3078 764 congrui
3137 694 3460 750 beneﬁcium

1878 756 2145 831 impertiri
2197 759 2393 831 velitis,
2426 767 2487 814 ut
2521 770 2742 831 propter
2797 763 2902 819 hoc
2957 756 3114 820 vobis
3159 766 3230 820 ad
3266 774 3460 820 cuncta

1879 841 2010 952 quta.
2025 828 2178 883 vobis
2206 829 2488 899 profutura
2522 828 2838 889 noverimus
2888 848 3104 907 semper
3157 835 3463 906 specialiter

1880 913 1943 953 as
1969 914 2246 953 rmeamur

1969 914 2246 970 rmgamur

2417 992 2754 1050 EPISTOLA
2803 994 2918 1051 VII.

1880 1078 2191 1154 Rudolpltus
2238 1082 2378 1140 dolet
2417 1086 2940 1169 quemdamhterram
2983 1103 3136 1144 suam
3190 1091 3463 1150 transiisse

2488 1165 2846 1227 incognitum.

2203 1243 2327 1316 (An.
2344 1243 2504 1300 Dom.
2534 1245 2692 1313 1279,
2720 1246 2838 1300 cod.
2865 1246 3009 1304 Rud.
3031 1249 3156 1323 vn.)

1880 1329 2276 1407 Antonianarum
2293 1365 2367 1376 —
2381 1334 2620 1407 Principi
2641 1337 2969 1395 amicissimo
2986 1342 3223 1398 suaviter
3242 1359 3466 1401 succen-

1951 1413 2054 1486 set,
2087 1405 2231 1486 quod
2278 1421 2394 1486 per,
2413 1404 2645 1462 Austria
2695 1410 3011 1486 provincias
3043 1416 3308 1486 currendo
3345 1431 3467 1485 per-

1952 1481 2244 1547 transiens,
2275 1485 2475 1547 imutuo
2521 1486 2814 1547 utrumque
2859 1481 3051 1536 solatio
3098 1481 3468 1541 collocutionis

1951 1545 2242 1670 orbavelrit.
2273 1546 2536 1618 Legatum
2563 1545 2743 1606 mittit
2766 1557 2968 1607 mutua
2993 1556 3358 1612 excusationis
3384 1556 3464 1611 in-

1978 1629 2138 1670 ernre
2164 1630 2272 1670 em.

1978 1629 2272 1685 erpretem.

1956 1703 2289 1786 Rudolphus,
2319 1714 2424 1764 etc.
2448 1708 2476 1749 ἀ
2506 1710 2941 1786 Quodtransnus
2969 1722 3146 1770 vester
3177 1731 3276 1786 per
3308 1731 3468 1772 terra

196 1783 309 1836 qua
366 1768 526 1849 vobis
571 1769 793 1853 honoris
814 1776 881 1849 _et
932 1766 1126 1853 gloria
1174 1767 1777 1853 incremento__cessura
1806 1768 1857 1830 B
1885 1766 2383 1853 nostradistrictus
2406 1766 2897 1853 tamwclandestinus
2921 1766 3208 1839 exstitit—ei
3222 1766 3466 1853 festinus;

195 1839 525 1965 nega-italus}:
559 1854 620 1894 se
684 1838 952 1897 oﬂiciose'
1000 1838 1317 1894 benevolam
1353 1847 1411 1895 et
1478 1839 1781 1898 ultroneam

195 1923 256 1962 Cl
359 1924 390 1964 e
430 1918 475 1963 ιι
532 1947 547 1963 ο

194 1918 475 1964 exhibebit
497 1918 547 1963 ³³.

748 1998 1085 2056 EPISTOLA
1126 2000 1215 2057 VI.

195 2089 512 2162 Rudolphus
569 2091 748 2147 scribit
801 2091 999 2216 civlt'tatli
1057 2091 1267 2148 cuidam
1312 2090 1620 2162 ﬁdelitatem
1669 2093 1784 2164 ejus

889 2180 978 2216 aut
999 2180 1116 2216 αηε.

889 2180 1116 2217 mutans.

517 2254 642 2327 (An.
666 2253 820 2309 Dom.
853 2254 1012 2322 H79,
1041 2255 1157 2309 cod.
1188 2255 1330 2310 Rud.
1358 2255 1460 2327 vi.)

192 2348 591 2404 Aacmmuu.
628 2378 700 2389 —
736 2347 955 2420 Civitati
1005 2349 1231 2415 Tusciae,
1273 2365 1393 2420 qua
1441 2364 1594 2404 suam
1624 2348 1787 2404 ﬁdem

261 2427 464 2474 testata
495 2427 614 2475 erat
646 2434 771 2489 erga
802 2419 1105 2474 Romanum
1129 2419 1438 2490 imperium,
1471 2421 1782 2488 respondet,

256 2505 317 2543 se
380 2505 504 2544 eam
570 2505 897 2560 magnopere
968 2492 1469 2546 commendaturum
1541 2491 1787 2545 Romano

257 2560 526 2632 pontiﬁci,
555 2562 825 2632 mittitque
855 2561 923 2616 ad
953 2577 1073 2616 eam
1119 2561 1373 2632 legatum,
1418 2562 1508 2630 qui
1559 2575 1658 2632 suo
1687 2576 1787 2614 no-

260 2631 412 2686 mine
433 2631 695 2686 nonnulla
719 2640 981 2702 proponet
1005 2633 1060 2686 in
1075 2631 1478 2688 exsecutionem
1499 2631 1784 2686 mittenda.

259 2723 604 2792 Rudolphus,
637 2732 742 2780 etc.
785 2724 1020 2780 Litteras
1058 2734 1269 2780 vestras
1303 2741 1436 2794 quas
1474 2724 1624 2794 regio
1671 2723 1784 2777 cul-

224 2793 320 2847 iini
352 2795 630 2866 direxistis
656 2794 938 2850 aﬁ‘ectione
956 2795 1191 2864 benigna
1212 2793 1564 2866 suscepimus,
1592 2801 1788 2866 vestra

194 2864 501 2935 devotionis
533 2874 588 2920 et
615 2866 741 2920 ﬁdei
774 2882 938 2935 quam
959 2867 1026 2920 ad
1060 2881 1274 2920 sacrum
1324 2864 1609 2934 imperium
1637 2864 1785 2935 geri—

193 2934 259 2989 tis
302 2937 671 3004 expressivas.
713 2934 855 2991 Sane
906 2937 1313 2992 memorabilem
1382 2934 1666 3005 probitatis
1695 2950 1789 2989 ve-

192 3015 317 3078 stra
341 3008 729 3071 constantiam,
774 3022 894 3075 qua
921 3021 1016 3062 vos
1047 3007 1100 3060 in
1142 3006 1363 3078 agendis
1397 3006 1608 3076 imperii
1631 3007 1787 3078 deco-

193 3077 332 3130 ravit
384 3093 485 3146 pro
536 3093 632 3132 sua
685 3078 1152 3132 commendatione
1190 3077 1584 3146 prosequimur
1639 3077 1784 3131 circa

192 3162 252 3201 ea
290 3133 418 3215 qua
440 3156 636 3202 vestra
661 3148 859 3218 quietis
891 3148 1161 3217 vestrique
1182 3133 1469 3217 provecius
1495 3158 1783 3218 augmenta
1808 3133 1860 3201 Ο

191 3219 512 3287 respiciunt,
566 3219 851 3289 vigilanter
903 3218 1182 3272 intendere
1230 3219 1592 3286 disponentes,
1645 3218 1788 3286 apud

193 3289 601 3344 Sanctissimum
665 3296 870 3358 patrem
905 3300 1151 3342 nostrum
1201 3290 1475 3342 dominum
1512 3303 1786 3343 summum

193 3360 531 3429 pontiﬁcem,
560 3367 620 3413 ut
649 3367 887 3428 paterna
924 3359 1314 3415 benevolentia
1351 3359 1504 3414 vobis
1554 3369 1787 3429 praten-

194 3431 282 3486 dat
314 3430 718 3498 unbraculum,
767 3444 928 3485 curas
981 3438 1198 3485 nostras
1235 3439 1291 3485 et
1339 3445 1551 3500 operas,
1613 3444 1788 3499 quan-

261 3601 288 3629 ιι
329 3587 590 3643 Nicolaus
629 3587 695 3642 Ill
724 3587 835 3644 suis
859 3587 914 3642 in
969 3587 1167 3644 litteris
1211 3589 1278 3643 ad
1327 3587 1784 3658 Rudolphumap.

196 3659 539 3730 Baynaldum
593 3659 774 3730 (1279,
811 3676 866 3713 ιι.
898 3659 987 3729 10)
1026 3660 1167 3714 datis
1197 3659 1446 3714 videlicet
1483 3677 1502 3709 ι
1535 3675 1598 3713 ιιι
1643 3657 1781 3730 _Non.

195 3728 316 3784 Jun.
353 3750 373 3781 ι
410 3746 471 3785 se
509 3728 725 3799 nuptias
765 3731 897 3786 istas
932 3728 1250 3785 cOnciliasse
1278 3739 1529 3784 testatur.
1577 3749 1596 3781 ‹
1627 3728 1782 3794 Quia,

197 3800 396 3868 inquit,
424 3800 798 3857 indissolubile
855 3801 1183 3855 matrimonii
1206 3800 1500 3864 vinculum,
1531 3800 1787 3854 divinitus

196 3870 526 3935 institutum,
555 3887 622 3926 ex
654 3871 994 3927 institutione
1030 3872 1111 3926 sui
1140 3871 1394 3926 virtutem
1418 3872 1473 3924 in
1498 3885 1556 3924 se
1580 3871 1788 3925 obtinet

198 3943 553 3996 connexivam
601 3943 742 3996 inter
767 3943 872 3997 alia
918 3958 1024 3998 non
1064 3942 1182 3997 sine
1232 3941 1400 3996 multa
1452 3942 1788 3996 discussione

198 4014 553 4092 providimus,
588 4013 731 4092 quod
777 4014 936 4092 inter;
955 4021 1009 4068 te
1037 4029 1101 4067 ac
1130 4028 1309 4092 regem
1335 4011 1598 4092 eumdem"
1611 4011 1790 4065 chari-

200 4084 324 4137 tatis
354 4083 537 4137 unitas
584 4081 864 4139 afﬁnitatis
902 4083 1042 4138 linea
1087 4081 1462 4153 coniungatur.
1501 4101 1520 4134 ι
1567 4081 1787 4151 Septem

199 4153 262 4208 iis
305 4154 590 4207 mensibus
619 4154 709 4224 qui
740 4161 896 4208 erant
939 4154 1170 4224 reliqui,
1192 4155 1334 4208 inter
1377 4168 1559 4224 regem
1589 4153 1786 4206 Roma-

199 4239 395 4278 norum
417 4233 472 4278 et
498 4223 750 4278 Carolum
777 4224 976 4279 Sicilia
999 4223 1181 4295 regem
1202 4223 1544 4279 concordiam
1565 4225 1791 4291 despon-

200 4297 410 4364 satione
466 4295 725 4363 pradicta
783 4295 1079 4350 absolutam
1139 4311 1257 4350 esse
1313 4303 1647 4364 compertum
1682 4301 1785 4364 est.

201 4363 394 4418 Filiam
422 4362 610 4436 autem
657 4365 919 4436 Rudolphi
949 4365 1162 4420 nonnisi
1195 4362 1495 4420 declinante
1516 4362 1789 4436 “sequenti

203 4451 341 4490 anno
388 4435 681 4506 dimissam
707 4433 889 4491 esse'a
939 4437 1090 4506 regio
1119 4436 1362 4506 genitore
1407 4449 1476 4488 ex
1503 4433 1788 4506 AHornekio

203 4514 251 4576 et
286 4504 678 4576 diplomatibus
713 4507 916 4576 colligit
970 4503 1190 4560 Ii'ansiz.
1233 4503 1430 4576 (Germ.
1491 4503 1616 4576 Sac.
1653 4512 1782 4556 tom.

202 4573 259 4646 ll,
284 4593 342 4646 p.
378 4574 530 4645 390).
573 4576 708 4629 Tum
733 4573 863 4630 vero
899 4578 1208 4646 Rudolphus
1246 4573 1786 4646 ‘Styriamiustrans,

205 4642 322 4700 inde
363 4642 496 4700 cum
546 4646 827 4716 Rudolpbo
861 4642 1204 4712 cancellario,
1249 4642 1454 4701 Joanne
1486 4645 1786 4716 ,Gurcensi,

205 4727 252 4788 et
280 4717 579 4788 comitibus
613 4718 678 4771 de
724 4715 891 4788 'Sayn,
921 4729 974 4774 et
1029 4719 1383 4787 Wertenberg
1437 4715 1788 4772 Cletnentiam

206 4787 429 4849 dimisit,
470 4785 692 4841 Nicolao
731 4785 814 4842 Ill'
841 4788 952 4856 jam
984 4798 1215 4844 mortuo.

269 4860 298 4898 δ
327 4857 413 4931 ,ξι
439 4858 742 4931 concordia
776 4868 829 4913 et
849 4860 1102 4931 amicitia
1142 4865 1457 4931 argumenta
1504 4863 1790 4927 suppetent

206 4943 266 4984 ex
283 4928 420 5011 aliis
463 4927 680 5011 lit‘t‘eris'
697 4927 946 5011 (ep;_l§)_i.

272 5010 296 5036 ε
340 4997 481 5052 Cum
521 4997 973 5064 Carolus’Sicilia
1003 5015 1096 5055 rex
1133 5016 1275 5055 anno
1298 4999 1437 5054 1278
1472 4998 1558 5053 die
1581 4997 1790 5052 decima

209 5077 370 5141 sexta!
388 5067 722 5141 Septembris
750 5086 855 5124 una
884 5087 1005 5125 cum
1032 5072 1288 5141 dignitate
1314 5069 1584 5141 senatoria
1607 5067 1788 5141 Urbis,

210 5139 530 5194 vicariatum
564 5139 773 5195 Tuscia
821 5138 1140 5203 abdicasset,
1189 5140 1408 5196 Nicolao
1436 5139 1502 5193 Ill
1537 5138 1791 5208 pontiﬁce

212 5209 283 5279 sic
326 5209 567 5274 volente,
625 5211 768 5265 inter
829 5212 1038 5267 Tuscia
1081 5213 1345 5273 civitates,
1399 5207 1792 5279 qua’singula

210 5277 339 5345 iuris
375 5288 535 5350 erant
563 5281 790 5350 imperii,
821 5297 982 5336 unam
1026 5284 1183 5346 hanc,
1223 5277 1503 5342 incertum,
1534 5277 1792 5350 num’Lu-

215 5365 349 5416 eam,
380 5348 556 5416 Pisas,
582 5347 656 5404 an
677 5350 1006 5406 Florentiam
1043 5354 1111 5407 ad
1159 5352 1453 5421 legitimum
1495 5347 1790 5421 principem

215 5435 267 5474 se
316 5421 569 5486 vertisse,
619 5437 724 5476 non
789 5433 871 5478 est
919 5422 1176 5478 credibile
1201 5417 1235 5474 τ’
1272 5430 1327 5475 at
1396 5417 1587 5474 littera
1631 5417 1790 5485 hujus

217 5497 426 5563 tantum
462 5502 770 5562 suppetunt.
811 5493 993 5563 Neque
1021 5510 1052 5547 a
1075 5508 1201 5548 vero
1235 5490 1414 5563 forsan
1461 5489 1791 5563 abierit,_qui

204 5559 365 5617 Pisas
418 5559 631 5631 reputet
684 5565 879 5633 quippe
907 5559 1093 5633 'quam
1143 5564 1332 5618 urbem
1381 5561 1573 5633 Carolo
1624 5559 1790 5614 etiam

205 5633 426 5704 imperii
464 5633 669 5688 vicario
701 5631 1150 5704 ad_Rudoipbum
1200 5649 1298 5702 per
1355 5648 1511 5686 suum
1552 5631 1788 5704 legatum

1890 1855 1951 1900 ut
1979 1847 2133 1901 nobis
2163 1857 2356 1904 vestra
2384 1850 2607 1905 visionis
2637 1858 2692 1906 et
2730 1852 3069 1909 allocutionis
3113 1857 3328 1911 amabili
3385 1847 3470 1912 re;

1888 1918 2064 1972 creari
2089 1918 2281 1973 solatio
2306 1935 2414 1974 non
2456 1921 2661 1986 liceret,
2694 1921 2748 1976 id
2770 1938 2876 1976 non
2919 1923 3090 1979 levem
3117 1926 3273 1981 nobis
3300 1935 3472 1981 mate-

1886 1987 2025 2042 riam
2047 1990 2473 2046 conturbationis
2491 1993 2797 2064 intrinseca
2817 1996 3114 2062 generavit,
3128 2005 3187 2050 ut
3203 2004 3326 2064 pote
3348 2012 3470 2051 cum

1887 2073 1996 2183 guo
2038 2074 2204 2113 unum
2241 2075 2336 2114 cor
2369 2069 2424 2116 et
2451 2063 2694 2116 eamdem
2724 2061 2841 2117 fore
2869 2065 3102 2120 animam
3139 2061 3349 2136 placide
3375 2081 3474 2121 nos

1924 2128 2141 2183 electat.
2173 2129 2250 2183 ΕΟ
2282 2132 2479 2183 etenim
2511 2132 2885 2183 vehementius
2914 2135 3158 2183 dolemus
3195 2151 3358 2183 simer
3385 2151 3470 2183 en-

1924 2128 2250 2207 electat.._Eo
2282 2132 2479 2185 etenim
2511 2128 3158 2207 gehementiusidolemus
3195 2151 3358 2207 super
3385 2151 3470 2201 eo,

1887 2199 2250 2276 quo_amplius
2274 2209 2329 2276 et
2353 2201 2752 2276 vos‘affectasse
2780 2203 3131 2276 conﬁdimus,
3152 2199 3338 2260 nosira
3378 2199 3475 2276 po-

1887 2268 2014 2324 tiori
2042 2268 2329 2344 prasentia
2357 2270 2460 2344 frui
2486 2287 2640 2326 versa
2670 2273 2808 2328 vice.
2836 2274 2908 2329 Ut
2934 2268 3248 2344 igitur’hinc
3273 2283 3327 2329 et
3351 2268 3474 2330 inde

1887 2354 2049 2409 super
2091 2340 2176 2395 his
2219 2343 2585 2397 excusationis
2629 2346 2817 2398 amica
2865 2340 3242 2400 reniedicabile
3273 2346 3475 2401 beneﬁ-

1888 2410 2033 2466 cium
2066 2410 2394 2478 intercedat,
2423 2427 2551 2468 ecce
2579 2413 2722 2488 quod
2751 2413 2818 2468 N.
2842 2415 3208 2482 credentialis,
3243 2426 3267 2456 °
3291 2423 3397 2472 etc.

2319 2526 2483 2600 436
2517 2519 2853 2585 EPISTOLA
2890 2531 3022 2586 vm.

1888 2636 2202 2722 Budolphua
2211 2642 2472 2696 contrahit
2487 2658 2605 2695 cum
2627 2641 2896 2698 cardinale
2913 2644 3140 2714 quodam
3156 2642 3469 2699 amicitiam.

2185 2731 2310 2805 (An.
2339 2733 2494 2787 Dom.
2527 2733 2684 2799 1279,
2712 2734 2831 2788 cod.
2864 2733 3010 2789 Rud.
3040 2735 3188 2808 vni.)

1885 2822 2284 2881 Ακαιιιιειιτυιι.
2311 2854 2382 2866 --
2404 2825 2462 2879 S.
2494 2825 2559 2879 R.
2587 2823 2650 2880 E.
2687 2822 3052 2890 cardinalem,
3078 2825 3232 2894 cujus
3273 2841 3473 2882 nomen

1957 2896 2014 2950 in
2052 2895 2338 2950 Germania
2375 2912 2469 2951 ore
2501 2897 2741 2950 omnium
2783 2896 3180 2960 celebrabatur,
3217 2905 3474 2966 tanquam

1958 2966 2202 3030 consilio,
2233 2976 2287 3021 et
2311 2967 2633 3020 auctoritate
2663 2967 2805 3036 apud
2852 2977 3096 3021 sanctam
3141 2968 3324 3022 sedem
3358 2967 3476 3036 plu-

1958 3037 2159 3092 rimum
2198 3037 2448 3101 valentis,
2481 3045 2536 3090 et
2579 3037 2797 3105 quicum
2825 3052 3007 3090 rarum
3035 3037 3297 3092 habuerat
3331 3053 3477 3092 com-

1961 3107 2223 3179 mercium
2265 3107 2589 3173 litterarum,
2624 3117 2682 3161 ut
2719 3106 3057 3179 frequentius
3104 3108 3355 3179 deinceps
3382 3108 3478 3162 ba-

1960 3178 2103 3242 beat,
2149 3178 2217 3249 ad
2267 3194 2419 3232 suam
2469 3178 2920 3249 necessitudinem
2969 3177 3257 3248 adiungere
3293 3177 3475 3249 optat,

1960 3264 2127 3318 seque
2147 3248 2299 3303 illum
2325 3249 2476 3304 brevi
2502 3264 2688 3304 coram
2716 3248 3076 3304 allocuturum
3104 3258 3307 3320 sperat.

1959 3352 2289 3427 Venerabili,
2329 3369 2431 3415 etc.
2467 3360 2804 3430 Budolphus,
2836 3369 2940 3416 etc.
2972 3360 3074 3415 Tot
3121 3366 3175 3415 et
3214 3367 3363 3415 tanta
3410 3363 3478 3418 de

1887 3431 2145 3488 virtuosis
2165 3432 2377 3488 aclibus
2398 3432 2594 3486 vestris
2616 3432 2758 3501 apud
2782 3447 2880 3487 nos
2900 3446 3182 3486 rumorum
3201 3431 3478 3489 invaluere

1887 3586 2037 3657 poris
2061 3587 2116 3660 in
2144 3587 2407 3660 factiones
2425 3588 2613 3644 divisae
2636 3599 2810 3656 erant,
2841 3605 2910 3645 ne
2932 3591 3225 3659 pontiﬁciis
3252 3590 3471 3660 quidem

1890 3659 2148 3732 erceptis,
2176 3659 2462 3732 ipracipue
2523 3661 2782 3732 Bononia,
2836 3669 2897 3715 ut
2939 3676 3092 3732 sape
3137 3659 3477 3732 isapiusest

1891 3729 2113 3784 dictum.
2163 3729 2522 3795 Quamobrem
2561 3729 2835 3785 afﬁrmare
2883 3746 2991 3785 non
3022 3729 3244 3795 ausim;
3281 3731 3475 3786 civita-

1891 3807 2000 3854 tem
2031 3800 2337 3870 universam
2382 3800 2663 3870 Rudolpho
2709 3801 3007 3870 scripsisse,
3040 3803 3134 3857 sed
3155 3801 3476 3856 Gibellinam

1891 3877 2098 3944 tantum
2137 3869 2446 3944 factionem,
2476 3879 2535 3944 ut
2558 3869 2707 3944 iante
2755 3869 2926 3944 annos
2975 3873 3213 3944 quinque
3251 3871 3475 3938 fecerat,

1891 3939 2220 4012 duin__Greg.
2251 3939 2300 3993 Χ
2342 3940 2584 4012 Lugduni
2624 3942 2958 3997 morabatur.

1959 4008 1990 4083 (ξ
2025 4008 2275 4079 Ungaria
2305 4008 2486 4083 regem
2513 4011 2746 4066 aliumve
2771 4028 3039 4067 summum
3060 4012 3360 4082 principem
3382 4029 3478 4083 pu-

1890 4079 1994 4151 tari
2023 4088 2168 4134 vetat
2211 4079 2512 4151 pramissio
2547 4083 2800 4149 nominis,

2891 4084 2994 4138 uod
3035 4083 3347 4153 Rudolpbus
3372 4099 3481 4138 non

1891 4150 2027 4221 solet
2055 4168 2178 4206 cum
2215 4150 2442 4206 summis
2467 4153 2821 4221 principibus.

2901 4155 3119 4224 quidem
3155 4153 3481 4223 conjecturis

1892 4219 2170 4290 indulgere
2213 4223 2266 4276 in
2294 4238 2351 4277 re
2386 4219 2583 4277 nullius
2615 4219 2892 4289 momenti,
2920 4219 3022 4279 nec
3049 4225 3236 4289 debeo,
3256 4219 3365 4279 nec
3395 4240 3482 4280 so-

1891 4291 1996 4365 leo,
2032 4293 2162 4365 mihi
2199 4303 2377 4348 tamen
2423 4294 2639 4365 videtur
2663 4295 2903 4364 archiep.
2936 4295 3332 4365 Salisburgensi
3361 4295 3478 4364 epi-

1893 4361 2030 4433 stola
2062 4364 2261 4433 scripta
2304 4380 2441 4419 esse.
2467 4363 2746 4433 Principes
2769 4361 2911 4420 enim
2937 4361 3332 4433 ecclesiasticos
3355 4361 3479 4433 plu-

1894 4432 2079 4505 raliter
2103 4431 2418 4505 Rudolphus
2443 4431 2754 4504 alloquitur,
2781 4447 2834 4491 et
2866 4434 3290 4505 Salisburgensis
3312 4431 3481 4500 iuris-

1819 4480 1868 4540 D
1893 4480 2056 4557 dictio
2091 4480 3332 4575 ῥετᾟυὲἷὶνίξέρὶὂιῖίιῖἓῖεἰέ’θῖἷέὶἷᾶίῖίιῗῗἱμῖεὲ
3362 4480 3482 4559 (ιιὶῖε

1893 4588 1980 4644 res
2022 4575 2162 4628 hanc
2201 4574 2508 4644 opinionem
2559 4585 2799 4631 tuentur.
2846 4576 3070 4632 Accedit
3118 4574 3478 4639 necessitudo,

1893 4642 2044 4784 auius
2095 4642 2454 4784 testeiii2)nolo
2499 4647 2663 4701 alium
2709 4664 2871 4718 quam
2917 4648 3092 4718 ipsum
3138 4644 3479 4715 Rudolphum

1938 4731 1952 4767 ι
1997 4754 2010 4769 .
2038 4733 2099 4778 ιι,
2133 4733 2219 4784 ep.
2345 4757 2358 4770 .

1938 4731 2010 4769 ID.
2038 4733 2099 4778 II,
2133 4733 2219 4778 ep.
2249 4731 2358 4778 12).

1967 4719 2439 4857 Ξ’ἱιι
2498 4788 2774 4844 Glossario
2827 4787 2899 4860 (7
2953 4785 3270 4860 Credentia)
3324 4787 3481 4860 docet

1893 4863 2202 4917 chartarum
2226 4855 2299 4912 'et
2346 4860 2725 4914 historicorum
2768 4855 3106 4922 auctoritate,
3147 4855 3478 4912 credentiam

1893 4931 2034 5002 apud
2061 4929 2228 5002 Italos
2257 4929 2418 5002 fuisse
2445 4929 2708 5002 publicum
2753 4931 2939 4984 civium
2981 4937 3285 5002 conventum
3312 4926 3376 4980 de
3405 4942 3482 4979 re-

1893 4999 1987 5083 li'us
2017 4999 2235 5083 palilicis
2267 4999 2588 5083 delilierandi
2614 5016 2774 5083 causa
2799 5009 3037 5083 coactum
3067 5014 3086 5052 :
3111 4999 3346 5079 indeque
3365 5012 3481 5083 ore-

1892 5068 2181 5126 dentiarios
2221 5071 2534 5140 appellatos,
2567 5069 2709 5139 quod
2745 5071 2798 5124 in
2823 5078 3156 5152 secretorum
3185 5068 3320 5138 reip.
3339 5081 3478 5191 Par-

1893 5151 2001 5191 tem
2041 5141 2446 5191 adhiberentur.
2475 5142 2554 5191 Ex
2595 5141 2783 5191 charta
2826 5140 3087 5191 Friderim
3112 5139 3133 5191 Ι
3158 5154 3300 5191 anno
3376 5134 3478 5191 185

1893 5151 2001 5198 tem
2041 5134 2446 5196 adhiberentur.
2475 5142 2554 5196 Ex
2584 5134 2783 5195 eliarta
2826 5140 3087 5195 Friderici
3112 5139 3133 5194 Ι
3158 5134 3300 5193 anno
3339 5134 3478 5193 1185

1894 5214 1963 5269 ad
1989 5212 2286 5276 terminum,
2312 5227 2462 5281 quem
2507 5209 2744 5265 consules
2769 5209 3053 5281 Mediolani
3105 5226 3224 5264 cum
3260 5207 3479 5263 consilio

1894 5283 2170 5338 credentiar
2190 5278 2336 5335 nobis
2349 5281 2598 5336 dixerint.
2622 5281 2700 5335 Ex
2724 5281 2902 5335 annal.
2921 5278 3150 5335 Januen.
3171 5281 3239 5336 ad
3276 5293 3478 5334 annum

1895 5353 2053 5410 1282.
2103 5350 2348 5424 Creatum
2378 5352 2497 5424 fuit
2522 5352 2606 5424 de
2637 5368 2771 5424 novo
2809 5349 3074 5424 quoddam
3115 5349 3391 5424 consilium
3415 5349 3480 5424 in

1893 5425 2072 5479 Ianua
2105 5422 2169 5475 de
2190 5417 2484 5493 hominibus
2513 5422 2600 5487 15,
2632 5421 2771 5493 quod
2799 5417 3062 5493 credentia
3089 5420 3388 5478 vocabatur.
3414 5417 3483 5473 Et

1893 5509 1958 5549 ex
1984 5493 2104 5548 aliis
2130 5491 2401 5562 chronicis
2422 5493 2586 5547 [talia
2605 5491 2860 5562 sapientes
2889 5511 2921 5545 a
2943 5491 3223 5562 credentia,
3244 5506 3309 5546 ac
3327 5505 3482 5562 sena-

1894 5574 2030 5618 tores
2079 5561 2366 5633 credentiwi
2411 5558 2746 5633 nuncupatos
2788 5561 3045 5633 ostendit.
3099 5561 3230 5632 Ejus
3266 5558 3482 5633 generis

1893 5633 2059 5689 fuisse
2080 5631 2463 5710 credentialem
2487 5631 2653 5693 istum
2677 5633 2945 5708 Rudolphi
2969 5631 3237 5710 legatione
3257 5631 3481 5704 fungen-

203 5703 532 5774 eoufugerat
580 5703 657 5776 _(l.
701 5721 741 5776 ι,
799 5721 884 5776 ep.
945 5701 1035 5776 20)
1093 5701 1444 5776 impetratum
1490 5717 1648 5776 opem
1691 5701 1790 5756 ad-
1824 5707 1864 5766 2‘,
1893 5710 2005 5762 tem
2039 5703 2292 5762 arbitror.

200 5772 406 5832 versus
435 5772 684 5832 amulam
713 5772 1004 5836 factionem
1017 5772 1040 5836 ’ς
1069 5772 1200 5845 nam
1219 5772 1334 5836 fere
1357 5789 1546 5834 omnes
1576 5773 1633 5834 id
1651 5779 1791 5833 tem-
1845 5852 1864 5870 ἱ
