  <div class='ocr_page' id='page_1' title='image "/cluster/home/n/w/nwhite01/storage/ocr_20150623/98/hvd.32044015466782/430.png"; bbox 0 0 3996 6320; ppageno 0'>
   <div class='ocr_carea' id='block_1_1' title="bbox 277 357 1859 443">
    <p class='ocr_par' dir='ltr' id='par_1_1' title="bbox 277 358 1859 443">
     <span class='ocr_line' id='line_1_1' title="bbox 277 358 1859 443; baseline 0.004 -18"><span class='ocrx_word' id='word_1_1' title='bbox 277 370 379 425; x_wconf 64' lang='lat'><strong>&quot;-549</strong></span> <span class='ocrx_word' id='word_1_2' title='bbox 413 370 568 427; x_wconf 83' lang='lat' dir='ltr'><strong>COD.</strong></span> <span class='ocrx_word' id='word_1_3' title='bbox 605 358 1154 441; x_wconf 69' lang='lat' dir='ltr'><strong>DIPL.-—MONUM.,~</strong></span> <span class='ocrx_word' id='word_1_4' title='bbox 1186 372 1362 443; x_wconf 85' lang='lat' dir='ltr'><strong>ETC.,</strong></span> <span class='ocrx_word' id='word_1_5' title='bbox 1405 373 1537 433; x_wconf 87' lang='lat' dir='ltr'><strong>SEU</strong></span> <span class='ocrx_word' id='word_1_6' title='bbox 1574 375 1729 433; x_wconf 88' lang='lat' dir='ltr'><strong>COD.</strong></span> <span class='ocrx_word' id='word_1_7' title='bbox 1768 374 1859 432; x_wconf 79' lang='lat' dir='ltr'><strong>CA</strong></span> 
     </span>
    </p>
   </div>
   <div class='ocr_carea' id='block_1_2' title="bbox 1964 357 3530 443">
    <p class='ocr_par' dir='ltr' id='par_1_2' title="bbox 1964 357 3530 439">
     <span class='ocr_line' id='line_1_2' title="bbox 1964 357 3530 439; baseline 0.005 -8"><span class='ocrx_word' id='word_1_8' title='bbox 1964 357 2662 438; x_wconf 68' lang='lat' dir='ltr'><strong>LiNUs.—&#39;-App.—1niss2</strong></span> <span class='ocrx_word' id='word_1_9' title='bbox 2704 380 2793 437; x_wconf 88' lang='lat' dir='ltr'><strong>DE</strong></span> <span class='ocrx_word' id='word_1_10' title='bbox 2817 379 2993 437; x_wconf 87' lang='lat' dir='ltr'><strong>DIPL.</strong></span> <span class='ocrx_word' id='word_1_11' title='bbox 3018 378 3387 438; x_wconf 82' lang='lat' dir='ltr'><strong>RUDOLPHI.</strong></span> <span class='ocrx_word' id='word_1_12' title='bbox 3426 380 3530 439; x_wconf 85' lang='lat'><strong>850</strong></span> 
     </span>
    </p>
   </div>
   <div class='ocr_carea' id='block_1_3' title="bbox 274 480 3531 562">
    <p class='ocr_par' dir='ltr' id='par_1_3' title="bbox 274 480 3531 562">
     <span class='ocr_line' id='line_1_3' title="bbox 274 480 3531 562; baseline 0.004 -24"><span class='ocrx_word' id='word_1_13' title='bbox 274 483 411 538; x_wconf 86' lang='lat' dir='ltr'><strong>Dum</strong></span> <span class='ocrx_word' id='word_1_14' title='bbox 432 481 552 540; x_wconf 83' lang='lat' dir='ltr'><strong>hac</strong></span> <span class='ocrx_word' id='word_1_15' title='bbox 604 480 790 562; x_wconf 70' lang='lat' dir='ltr'><strong>Romae</strong></span> <span class='ocrx_word' id='word_1_16' title='bbox 833 483 1159 562; x_wconf 75' lang='lat' dir='ltr'><strong>agebantur,</strong></span> <span class='ocrx_word' id='word_1_17' title='bbox 1189 485 1545 562; x_wconf 77' lang='lat' dir='ltr'><strong>cancellaritis</strong></span> <span class='ocrx_word' id='word_1_18' title='bbox 1567 486 1712 558; x_wconf 82' lang='lat' dir='ltr'><strong>regis</strong></span> <span class='ocrx_word' id='word_1_19' title='bbox 1736 486 1850 542; x_wconf 84' lang='lat' dir='ltr'><strong>Ro-</strong></span> <span class='ocrx_word' id='word_1_20' title='bbox 1876 486 1929 551; x_wconf 74' lang='grc' dir='ltr'><strong>Α</strong></span> <span class='ocrx_word' id='word_1_21' title='bbox 1952 495 2156 562; x_wconf 83' lang='lat' dir='ltr'><strong>sancta</strong></span> <span class='ocrx_word' id='word_1_22' title='bbox 2180 488 2322 546; x_wconf 84' lang='lat' dir='ltr'><strong>sedis</strong></span> <span class='ocrx_word' id='word_1_23' title='bbox 2338 487 2466 558; x_wconf 85' lang='lat' dir='ltr'><strong>jura</strong></span> <span class='ocrx_word' id='word_1_24' title='bbox 2489 492 2688 547; x_wconf 90' lang='lat' dir='ltr'><strong>tutiora</strong></span> <span class='ocrx_word' id='word_1_25' title='bbox 2717 491 2970 562; x_wconf 81' lang='lat' dir='ltr'><strong>deinceps</strong></span> <span class='ocrx_word' id='word_1_26' title='bbox 2990 501 3172 549; x_wconf 90' lang='lat' dir='ltr'><strong>essent</strong></span> <span class='ocrx_word' id='word_1_27' title='bbox 3195 492 3263 548; x_wconf 89' lang='lat' dir='ltr'><strong>ab</strong></span> <span class='ocrx_word' id='word_1_28' title='bbox 3289 493 3531 552; x_wconf 57' lang='lat' dir='ltr'><strong>invasion</strong></span> 
     </span>
    </p>
   </div>
   <div class='ocr_carea' id='block_1_4' title="bbox 272 552 1853 637">
    <p class='ocr_par' dir='ltr' id='par_1_4' title="bbox 272 552 1853 637">
     <span class='ocr_line' id='line_1_4' title="bbox 272 552 1853 637; baseline 0.003 -29"><span class='ocrx_word' id='word_1_29' title='bbox 272 554 697 637; x_wconf 76' lang='lat' dir='ltr'><strong>manorum,_qui</strong></span> <span class='ocrx_word' id='word_1_30' title='bbox 735 552 1048 625; x_wconf 80' lang='lat' dir='ltr'><strong>Rudolplius</strong></span> <span class='ocrx_word' id='word_1_31' title='bbox 1066 556 1259 637; x_wconf 75' lang='lat' dir='ltr'><strong>et_ipse</strong></span> <span class='ocrx_word' id='word_1_32' title='bbox 1280 552 1664 637; x_wconf 61' lang='lat' dir='ltr'><strong>appellabatur,</strong></span> <span class='ocrx_word' id='word_1_33' title='bbox 1684 570 1853 637; x_wconf 55' lang='lat' dir='ltr'><strong>vene-</strong></span> 
     </span>
    </p>
   </div>
   <div class='ocr_carea' id='block_1_5' title="bbox 273 623 1856 699">
    <p class='ocr_par' dir='ltr' id='par_1_5' title="bbox 273 623 1856 699">
     <span class='ocr_line' id='line_1_5' title="bbox 273 623 1856 699; baseline 0.003 -22"><span class='ocrx_word' id='word_1_34' title='bbox 273 632 469 699; x_wconf 75' lang='lat' dir='ltr'><strong>ratque</strong></span> <span class='ocrx_word' id='word_1_35' title='bbox 490 623 547 678; x_wconf 92' lang='lat' dir='ltr'><strong>in</strong></span> <span class='ocrx_word' id='word_1_36' title='bbox 580 624 790 699; x_wconf 80' lang='lat' dir='ltr'><strong>Italiam</strong></span> <span class='ocrx_word' id='word_1_37' title='bbox 810 623 1330 699; x_wconf 45' lang='lat' dir='ltr'><strong>recuperandi-ergo&quot;</strong></span> <span class='ocrx_word' id='word_1_38' title='bbox 1340 623 1463 696; x_wconf 84' lang='lat' dir='ltr'><strong>jura</strong></span> <span class='ocrx_word' id='word_1_39' title='bbox 1509 628 1740 699; x_wconf 88' lang='lat' dir='ltr'><strong>imperii,</strong></span> <span class='ocrx_word' id='word_1_40' title='bbox 1768 640 1856 682; x_wconf 90' lang='lat' dir='ltr'><strong>ea-</strong></span> 
     </span>
    </p>
   </div>
   <div class='ocr_carea' id='block_1_6' title="bbox 272 694 1853 767">
    <p class='ocr_par' dir='ltr' id='par_1_6' title="bbox 272 694 1853 767">
     <span class='ocr_line' id='line_1_6' title="bbox 272 694 1853 767; baseline 0.004 -20"><span class='ocrx_word' id='word_1_41' title='bbox 272 695 398 767; x_wconf 82' lang='lat' dir='ltr'><strong>dem</strong></span> <span class='ocrx_word' id='word_1_42' title='bbox 429 696 782 767; x_wconf 80' lang='lat' dir='ltr'><strong>persuasione</strong></span> <span class='ocrx_word' id='word_1_43' title='bbox 831 694 1041 761; x_wconf 85' lang='lat' dir='ltr'><strong>illusus,</strong></span> <span class='ocrx_word' id='word_1_44' title='bbox 1089 711 1208 767; x_wconf 90' lang='lat' dir='ltr'><strong>qua</strong></span> <span class='ocrx_word' id='word_1_45' title='bbox 1255 694 1619 753; x_wconf 81' lang='lat' dir='ltr'><strong>Romanorum</strong></span> <span class='ocrx_word' id='word_1_46' title='bbox 1669 712 1853 767; x_wconf 91' lang='lat' dir='ltr'><strong>regem</strong></span> 
     </span>
    </p>
   </div>
   <div class='ocr_carea' id='block_1_7' title="bbox 271 765 1852 837">
    <p class='ocr_par' dir='ltr' id='par_1_7' title="bbox 271 765 1852 837">
     <span class='ocr_line' id='line_1_7' title="bbox 271 765 1852 837; baseline 0.001 -16"><span class='ocrx_word' id='word_1_47' title='bbox 271 765 582 836; x_wconf 72' lang='lat' dir='ltr'><strong>deceperat,</strong></span> <span class='ocrx_word' id='word_1_48' title='bbox 630 766 699 837; x_wconf 90' lang='lat' dir='ltr'><strong>ab</strong></span> <span class='ocrx_word' id='word_1_49' title='bbox 726 767 1054 822; x_wconf 84' lang='lat' dir='ltr'><strong>exarcbatus</strong></span> <span class='ocrx_word' id='word_1_50' title='bbox 1069 765 1379 824; x_wconf 73' lang='lat' dir='ltr'><strong>civitatibus</strong></span> <span class='ocrx_word' id='word_1_51' title='bbox 1406 768 1678 824; x_wconf 84' lang='lat' dir='ltr'><strong>ﬁdelitatis</strong></span> <span class='ocrx_word' id='word_1_52' title='bbox 1696 765 1852 837; x_wconf 81' lang='lat' dir='ltr'><strong>jura-</strong></span> 
     </span>
    </p>
   </div>
   <div class='ocr_carea' id='block_1_8' title="bbox 271 836 1856 911">
    <p class='ocr_par' dir='ltr' id='par_1_8' title="bbox 271 836 1856 911">
     <span class='ocr_line' id='line_1_8' title="bbox 271 836 1856 911; baseline 0.005 -23"><span class='ocrx_word' id='word_1_53' title='bbox 271 846 517 911; x_wconf 78' lang='lat' dir='ltr'><strong>mentum</strong></span> <span class='ocrx_word' id='word_1_54' title='bbox 542 836 693 908; x_wconf 84' lang='lat' dir='ltr'><strong>regio</strong></span> <span class='ocrx_word' id='word_1_55' title='bbox 717 837 935 911; x_wconf 81' lang='lat' dir='ltr'><strong>nomine</strong></span> <span class='ocrx_word' id='word_1_56' title='bbox 959 846 1231 911; x_wconf 67' lang='lat' dir='ltr'><strong>exegerat,</strong></span> <span class='ocrx_word' id='word_1_57' title='bbox 1279 839 1453 907; x_wconf 84' lang='lat' dir='ltr'><strong>Quam</strong></span> <span class='ocrx_word' id='word_1_58' title='bbox 1481 855 1598 895; x_wconf 88' lang='lat' dir='ltr'><strong>rem</strong></span> <span class='ocrx_word' id='word_1_59' title='bbox 1620 836 1734 911; x_wconf 88' lang='lat' dir='ltr'><strong>ipse</strong></span> <span class='ocrx_word' id='word_1_60' title='bbox 1747 854 1856 911; x_wconf 79' lang='lat' dir='ltr'><strong>rex</strong></span> 
     </span>
    </p>
   </div>
   <div class='ocr_carea' id='block_1_9' title="bbox 271 905 1855 988">
    <p class='ocr_par' dir='ltr' id='par_1_9' title="bbox 271 905 1855 988">
     <span class='ocr_line' id='line_1_9' title="bbox 271 905 1855 988; baseline 0.003 -30"><span class='ocrx_word' id='word_1_61' title='bbox 271 905 582 988; x_wconf 70' lang='lat' dir='ltr'><strong>admonitus</strong></span> <span class='ocrx_word' id='word_1_62' title='bbox 612 905 657 961; x_wconf 54' lang='lat' dir='ltr'><strong>&#39;a</strong></span> <span class='ocrx_word' id='word_1_63' title='bbox 681 907 959 988; x_wconf 51' lang='lat' dir='ltr'><strong>&quot;pontiﬁce</strong></span> <span class='ocrx_word' id='word_1_64' title='bbox 1000 905 1127 988; x_wconf 67' lang='grc' dir='ltr'><strong>ιιοὶι⁸</strong></span> <span class='ocrx_word' id='word_1_65' title='bbox 1154 905 1328 966; x_wconf 81' lang='lat' dir='ltr'><strong>solum</strong></span> <span class='ocrx_word' id='word_1_66' title='bbox 1378 926 1522 981; x_wconf 88' lang='lat' dir='ltr'><strong>agre</strong></span> <span class='ocrx_word' id='word_1_67' title='bbox 1565 905 1855 988; x_wconf 77' lang='lat' dir='ltr'><strong>admodum</strong></span> 
     </span>
    </p>
   </div>
   <div class='ocr_carea' id='block_1_10' title="bbox 270 976 1856 1049">
    <p class='ocr_par' dir='ltr' id='par_1_10' title="bbox 270 976 1856 1049">
     <span class='ocr_line' id='line_1_10' title="bbox 270 976 1856 1049; baseline 0.005 -20"><span class='ocrx_word' id='word_1_68' title='bbox 270 976 419 1049; x_wconf 88' lang='lat' dir='ltr'><strong>tulit,</strong></span> <span class='ocrx_word' id='word_1_69' title='bbox 449 977 546 1031; x_wconf 90' lang='lat' dir='ltr'><strong>sed</strong></span> <span class='ocrx_word' id='word_1_70' title='bbox 582 976 746 1049; x_wconf 87' lang='lat' dir='ltr'><strong>regiis</strong></span> <span class='ocrx_word' id='word_1_71' title='bbox 776 977 975 1033; x_wconf 85' lang='lat' dir='ltr'><strong>litteris</strong></span> <span class='ocrx_word' id='word_1_72' title='bbox 998 978 1276 1049; x_wconf 86' lang='lat' dir='ltr'><strong>professus</strong></span> <span class='ocrx_word' id='word_1_73' title='bbox 1318 988 1402 1035; x_wconf 90' lang='lat' dir='ltr'><strong>est</strong></span> <span class='ocrx_word' id='word_1_74' title='bbox 1430 976 1476 1036; x_wconf 72' lang='grc' dir='ltr'><strong>ἰι</strong></span> <span class='ocrx_word' id='word_1_75' title='bbox 1530 979 1856 1037; x_wconf 87' lang='lat' dir='ltr'><strong>cancellario</strong></span> 
     </span>
    </p>
   </div>
   <div class='ocr_carea' id='block_1_11' title="bbox 266 1046 1856 1107">
    <p class='ocr_par' dir='ltr' id='par_1_11' title="bbox 266 1046 1856 1107">
     <span class='ocr_line' id='line_1_11' title="bbox 266 1046 1856 1107; baseline 0.004 -7"><span class='ocrx_word' id='word_1_76' title='bbox 266 1046 479 1102; x_wconf 84' lang='lat' dir='ltr'><strong>factam</strong></span> <span class='ocrx_word' id='word_1_77' title='bbox 513 1062 573 1102; x_wconf 91' lang='lat' dir='ltr'><strong>se</strong></span> <span class='ocrx_word' id='word_1_78' title='bbox 598 1046 771 1104; x_wconf 82' lang='lat' dir='ltr'><strong>inscio</strong></span> <span class='ocrx_word' id='word_1_79' title='bbox 803 1057 860 1103; x_wconf 90' lang='lat' dir='ltr'><strong>et</strong></span> <span class='ocrx_word' id='word_1_80' title='bbox 884 1046 1072 1104; x_wconf 66' lang='lat' dir='ltr'><strong>contra</strong></span> <span class='ocrx_word' id='word_1_81' title='bbox 1096 1065 1251 1106; x_wconf 90' lang='lat' dir='ltr'><strong>suum</strong></span> <span class='ocrx_word' id='word_1_82' title='bbox 1299 1051 1631 1106; x_wconf 90' lang='lat' dir='ltr'><strong>mandatum.</strong></span> <span class='ocrx_word' id='word_1_83' title='bbox 1678 1050 1856 1107; x_wconf 81' lang='lat' dir='ltr'><strong>Verba</strong></span> 
     </span>
    </p>
   </div>
   <div class='ocr_carea' id='block_1_12' title="bbox 267 1117 1854 1197">
    <p class='ocr_par' dir='ltr' id='par_1_12' title="bbox 267 1117 1854 1197">
     <span class='ocr_line' id='line_1_12' title="bbox 267 1117 1854 1197; baseline 0.004 -26"><span class='ocrx_word' id='word_1_84' title='bbox 267 1117 390 1188; x_wconf 86' lang='lat' dir='ltr'><strong>ipsa</strong></span> <span class='ocrx_word' id='word_1_85' title='bbox 439 1117 704 1173; x_wconf 89' lang='lat' dir='ltr'><strong>audienda</strong></span> <span class='ocrx_word' id='word_1_86' title='bbox 738 1127 866 1197; x_wconf 80' lang='lat' dir='ltr'><strong>sunt</strong></span> <span class='ocrx_word' id='word_1_87' title='bbox 886 1159 900 1183; x_wconf 92' lang='lat'><strong>,</strong></span> <span class='ocrx_word' id='word_1_88' title='bbox 932 1121 1148 1197; x_wconf 72' lang='lat' dir='ltr'><strong>quippe</strong></span> <span class='ocrx_word' id='word_1_89' title='bbox 1199 1137 1319 1197; x_wconf 89' lang='lat' dir='ltr'><strong>qua</strong></span> <span class='ocrx_word' id='word_1_90' title='bbox 1363 1121 1517 1178; x_wconf 83' lang='lat' dir='ltr'><strong>valde</strong></span> <span class='ocrx_word' id='word_1_91' title='bbox 1567 1121 1854 1194; x_wconf 89' lang='lat' dir='ltr'><strong>perspicua</strong></span> 
     </span>
    </p>
   </div>
   <div class='ocr_carea' id='block_1_13' title="bbox 266 1190 1478 1263">
    <p class='ocr_par' dir='ltr' id='par_1_13' title="bbox 266 1190 1478 1263">
     <span class='ocr_line' id='line_1_13' title="bbox 266 1190 1478 1263; baseline 0.003 -20"><span class='ocrx_word' id='word_1_92' title='bbox 266 1203 607 1263; x_wconf 66' lang='lat' dir='ltr'><strong>summaque</strong></span> <span class='ocrx_word' id='word_1_93' title='bbox 637 1190 976 1263; x_wconf 77' lang='lat' dir='ltr'><strong>auctoritatis</strong></span> <span class='ocrx_word' id='word_1_94' title='bbox 1001 1190 1133 1263; x_wconf 76' lang='lat' dir='ltr'><strong>esse</strong></span> <span class='ocrx_word' id='word_1_95' title='bbox 1161 1190 1478 1248; x_wconf 77' lang='lat' dir='ltr'><strong>ndscuntur.</strong></span> 
     </span>
    </p>
   </div>
   <div class='ocr_carea' id='block_1_14' title="bbox 342 1257 1856 1319">
    <p class='ocr_par' dir='ltr' id='par_1_14' title="bbox 342 1257 1856 1319">
     <span class='ocr_line' id='line_1_14' title="bbox 342 1257 1856 1319; baseline 0.004 -6"><span class='ocrx_word' id='word_1_96' title='bbox 342 1257 434 1315; x_wconf 80' lang='lat' dir='ltr'><strong>IX.</strong></span> <span class='ocrx_word' id='word_1_97' title='bbox 471 1257 619 1315; x_wconf 77' lang='lat' dir='ltr'><strong>Data</strong></span> <span class='ocrx_word' id='word_1_98' title='bbox 638 1258 857 1314; x_wconf 86' lang='lat' dir='ltr'><strong>fuerunt</strong></span> <span class='ocrx_word' id='word_1_99' title='bbox 881 1261 964 1316; x_wconf 88' lang='lat' dir='ltr'><strong>ba</strong></span> <span class='ocrx_word' id='word_1_100' title='bbox 1001 1261 1194 1318; x_wconf 86' lang='lat' dir='ltr'><strong>littera</strong></span> <span class='ocrx_word' id='word_1_101' title='bbox 1215 1263 1436 1319; x_wconf 84' lang='lat' dir='ltr'><strong>Vienna</strong></span> <span class='ocrx_word' id='word_1_102' title='bbox 1456 1279 1511 1319; x_wconf 90' lang='lat' dir='ltr'><strong>iv</strong></span> <span class='ocrx_word' id='word_1_103' title='bbox 1535 1260 1856 1319; x_wconf 82' lang='lat' dir='ltr'><strong>Kal.Junias</strong></span> 
     </span>
    </p>
   </div>
   <div class='ocr_carea' id='block_1_15' title="bbox 264 1328 1857 1404">
    <p class='ocr_par' dir='ltr' id='par_1_15' title="bbox 264 1328 1857 1404">
     <span class='ocr_line' id='line_1_15' title="bbox 264 1328 1857 1404; baseline 0.004 -22"><span class='ocrx_word' id='word_1_104' title='bbox 264 1328 514 1404; x_wconf 74' lang='lat' dir='ltr'><strong>ejusdem</strong></span> <span class='ocrx_word' id='word_1_105' title='bbox 553 1331 701 1404; x_wconf 64' lang='lat' dir='ltr'><strong>anni,</strong></span> <span class='ocrx_word' id='word_1_106' title='bbox 725 1330 786 1404; x_wconf 92' lang='lat' dir='ltr'><strong>In_</strong></span> <span class='ocrx_word' id='word_1_107' title='bbox 814 1331 879 1404; x_wconf 80' lang='lat' dir='ltr'><strong>iis</strong></span> <span class='ocrx_word' id='word_1_108' title='bbox 920 1332 1391 1404; x_wconf 81' lang='lat' dir='ltr'><strong>Rudolpliusjura</strong></span> <span class='ocrx_word' id='word_1_109' title='bbox 1420 1335 1602 1388; x_wconf 88' lang='lat' dir='ltr'><strong>omnia</strong></span> <span class='ocrx_word' id='word_1_110' title='bbox 1652 1343 1857 1389; x_wconf 84' lang='lat' dir='ltr'><strong>sancta</strong></span> 
     </span>
    </p>
   </div>
   <div class='ocr_carea' id='block_1_16' title="bbox 266 1400 1857 1471">
    <p class='ocr_par' dir='ltr' id='par_1_16' title="bbox 266 1400 1857 1471">
     <span class='ocr_line' id='line_1_16' title="bbox 266 1400 1857 1471; baseline 0.003 -17"><span class='ocrx_word' id='word_1_111' title='bbox 266 1400 418 1454; x_wconf 86' lang='lat' dir='ltr'><strong>sedis</strong></span> <span class='ocrx_word' id='word_1_112' title='bbox 442 1400 756 1471; x_wconf 87' lang='lat' dir='ltr'><strong>singillatim</strong></span> <span class='ocrx_word' id='word_1_113' title='bbox 766 1400 1118 1471; x_wconf 80' lang='lat' dir='ltr'><strong>jujerurando</strong></span> <span class='ocrx_word' id='word_1_114' title='bbox 1132 1400 1450 1459; x_wconf 79' lang='lat' dir='ltr'><strong>conﬁrmat:</strong></span> <span class='ocrx_word' id='word_1_115' title='bbox 1482 1424 1501 1456; x_wconf 73' lang='grc' dir='ltr'><strong>ι</strong></span> <span class='ocrx_word' id='word_1_116' title='bbox 1530 1405 1749 1470; x_wconf 79' lang='lat' dir='ltr'><strong>Verum,</strong></span> <span class='ocrx_word' id='word_1_117' title='bbox 1774 1405 1857 1459; x_wconf 91' lang='lat' dir='ltr'><strong>in-</strong></span> 
     </span>
    </p>
   </div>
   <div class='ocr_carea' id='block_1_17' title="bbox 266 1468 1857 1553">
    <p class='ocr_par' dir='ltr' id='par_1_17' title="bbox 266 1468 1857 1553">
     <span class='ocr_line' id='line_1_17' title="bbox 266 1468 1857 1553; baseline 0.004 -29"><span class='ocrx_word' id='word_1_118' title='bbox 266 1471 411 1553; x_wconf 78' lang='lat' dir='ltr'><strong>quit,</strong></span> <span class='ocrx_word' id='word_1_119' title='bbox 432 1468 562 1553; x_wconf 77' lang='lat' dir='ltr'><strong>quia</strong></span> <span class='ocrx_word' id='word_1_120' title='bbox 599 1468 1180 1553; x_wconf 46' lang='lat' dir='ltr'><strong>postmudumnabsque</strong></span> <span class='ocrx_word' id='word_1_121' title='bbox 1212 1483 1398 1530; x_wconf 89' lang='lat' dir='ltr'><strong>nostro</strong></span> <span class='ocrx_word' id='word_1_122' title='bbox 1420 1490 1706 1553; x_wconf 75' lang='lat' dir='ltr'><strong>consensu,</strong></span> <span class='ocrx_word' id='word_1_123' title='bbox 1734 1468 1857 1530; x_wconf 83' lang='lat' dir='ltr'><strong>con—</strong></span> 
     </span>
    </p>
   </div>
   <div class='ocr_carea' id='block_1_18' title="bbox 264 1541 1857 1615">
    <p class='ocr_par' dir='ltr' id='par_1_18' title="bbox 264 1541 1857 1615">
     <span class='ocr_line' id='line_1_18' title="bbox 264 1541 1857 1615; baseline 0.001 -18"><span class='ocrx_word' id='word_1_124' title='bbox 264 1541 518 1615; x_wconf 82' lang='lat' dir='ltr'><strong>scientia,</strong></span> <span class='ocrx_word' id='word_1_125' title='bbox 551 1543 635 1615; x_wconf 70' lang='lat' dir='ltr'><strong>val</strong></span> <span class='ocrx_word' id='word_1_126' title='bbox 659 1541 912 1615; x_wconf 84' lang='lat' dir='ltr'><strong>mandato</strong></span> <span class='ocrx_word' id='word_1_127' title='bbox 937 1541 1253 1615; x_wconf 81' lang='lat' dir='ltr'><strong>Rudolpbus</strong></span> <span class='ocrx_word' id='word_1_128' title='bbox 1279 1546 1631 1601; x_wconf 91' lang='lat' dir='ltr'><strong>cancellarius</strong></span> <span class='ocrx_word' id='word_1_129' title='bbox 1671 1557 1857 1601; x_wconf 88' lang='lat' dir='ltr'><strong>noster</strong></span> 
     </span>
    </p>
   </div>
   <div class='ocr_carea' id='block_1_19' title="bbox 264 1612 1852 1684">
    <p class='ocr_par' dir='ltr' id='par_1_19' title="bbox 264 1612 1852 1684">
     <span class='ocr_line' id='line_1_19' title="bbox 264 1612 1852 1684; baseline 0.004 -18"><span class='ocrx_word' id='word_1_130' title='bbox 264 1628 302 1684; x_wconf 80' lang='lat' dir='ltr'><strong>a</strong></span> <span class='ocrx_word' id='word_1_131' title='bbox 330 1613 543 1667; x_wconf 80' lang='lat' dir='ltr'><strong>civibus</strong></span> <span class='ocrx_word' id='word_1_132' title='bbox 568 1612 1037 1684; x_wconf 83' lang='lat' dir='ltr'><strong>Bononiensibus,</strong></span> <span class='ocrx_word' id='word_1_133' title='bbox 1093 1612 1464 1682; x_wconf 78' lang='lat' dir='ltr'><strong>linolensibus,</strong></span> <span class='ocrx_word' id='word_1_134' title='bbox 1507 1617 1852 1684; x_wconf 87' lang='lat' dir='ltr'><strong>Faventinis,</strong></span> 
     </span>
    </p>
   </div>
   <div class='ocr_carea' id='block_1_20' title="bbox 264 1683 1856 1767">
    <p class='ocr_par' dir='ltr' id='par_1_20' title="bbox 264 1683 1856 1767">
     <span class='ocr_line' id='line_1_20' title="bbox 264 1683 1856 1767; baseline 0.003 -29"><span class='ocrx_word' id='word_1_135' title='bbox 264 1683 843 1767; x_wconf 62' lang='lat' dir='ltr'><strong>Foropopulienaibtis,</strong></span> <span class='ocrx_word' id='word_1_136' title='bbox 863 1686 1253 1767; x_wconf 76' lang='lat' dir='ltr'><strong>Caesenatibus,</strong></span> <span class='ocrx_word' id='word_1_137' title='bbox 1284 1687 1706 1767; x_wconf 63' lang='lat' dir='ltr'><strong>Ravennatibus,</strong></span> <span class='ocrx_word' id='word_1_138' title='bbox 1730 1687 1856 1743; x_wconf 78' lang='lat' dir='ltr'><strong>Ari-</strong></span> 
     </span>
    </p>
   </div>
   <div class='ocr_carea' id='block_1_21' title="bbox 263 1755 1856 1823">
    <p class='ocr_par' dir='ltr' id='par_1_21' title="bbox 263 1755 1856 1823">
     <span class='ocr_line' id='line_1_21' title="bbox 263 1755 1856 1823; baseline 0.003 -14"><span class='ocrx_word' id='word_1_139' title='bbox 263 1755 629 1820; x_wconf 87' lang='lat' dir='ltr'><strong>minensibus,</strong></span> <span class='ocrx_word' id='word_1_140' title='bbox 682 1755 1050 1823; x_wconf 88' lang='lat' dir='ltr'><strong>Urbinatibus,</strong></span> <span class='ocrx_word' id='word_1_141' title='bbox 1091 1773 1302 1813; x_wconf 89' lang='lat' dir='ltr'><strong>necnon</strong></span> <span class='ocrx_word' id='word_1_142' title='bbox 1339 1766 1394 1813; x_wconf 92' lang='lat' dir='ltr'><strong>et</strong></span> <span class='ocrx_word' id='word_1_143' title='bbox 1452 1759 1573 1814; x_wconf 89' lang='lat' dir='ltr'><strong>aliis</strong></span> <span class='ocrx_word' id='word_1_144' title='bbox 1624 1758 1856 1813; x_wconf 88' lang='lat' dir='ltr'><strong>aliarum</strong></span> 
     </span>
    </p>
   </div>
   <div class='ocr_carea' id='block_1_22' title="bbox 264 1825 1856 1899">
    <p class='ocr_par' dir='ltr' id='par_1_22' title="bbox 264 1825 1856 1899">
     <span class='ocr_line' id='line_1_22' title="bbox 264 1825 1856 1899; baseline 0.001 -18"><span class='ocrx_word' id='word_1_145' title='bbox 264 1825 555 1899; x_wconf 74' lang='lat' dir='ltr'><strong>civitatum</strong></span> <span class='ocrx_word' id='word_1_146' title='bbox 592 1834 754 1899; x_wconf 82' lang='lat' dir='ltr'><strong>atque</strong></span> <span class='ocrx_word' id='word_1_147' title='bbox 792 1825 1032 1882; x_wconf 89' lang='lat' dir='ltr'><strong>locorum</strong></span> <span class='ocrx_word' id='word_1_148' title='bbox 1063 1828 1274 1883; x_wconf 88' lang='lat' dir='ltr'><strong>illarum</strong></span> <span class='ocrx_word' id='word_1_149' title='bbox 1323 1830 1555 1899; x_wconf 86' lang='lat' dir='ltr'><strong>partium</strong></span> <span class='ocrx_word' id='word_1_150' title='bbox 1578 1828 1856 1897; x_wconf 87' lang='lat' dir='ltr'><strong>juramen-</strong></span> 
     </span>
    </p>
   </div>
   <div class='ocr_carea' id='block_1_23' title="bbox 265 1895 1856 1970">
    <p class='ocr_par' dir='ltr' id='par_1_23' title="bbox 265 1895 1856 1970">
     <span class='ocr_line' id='line_1_23' title="bbox 265 1895 1856 1970; baseline 0.003 -20"><span class='ocrx_word' id='word_1_151' title='bbox 265 1906 384 1970; x_wconf 79' lang='lat' dir='ltr'><strong>tum</strong></span> <span class='ocrx_word' id='word_1_152' title='bbox 416 1895 922 1970; x_wconf 79' lang='lat' dir='ltr'><strong>fidelitatis__nostro</strong></span> <span class='ocrx_word' id='word_1_153' title='bbox 951 1900 1169 1970; x_wconf 88' lang='lat' dir='ltr'><strong>nomine</strong></span> <span class='ocrx_word' id='word_1_154' title='bbox 1195 1895 1393 1954; x_wconf 70' lang='lat' dir='ltr'><strong>dicitur</strong></span> <span class='ocrx_word' id='word_1_155' title='bbox 1438 1895 1725 1970; x_wconf 82' lang='lat' dir='ltr'><strong>recepisse,</strong></span> <span class='ocrx_word' id='word_1_156' title='bbox 1755 1914 1856 1955; x_wconf 91' lang='lat' dir='ltr'><strong>nos</strong></span> 
     </span>
    </p>
   </div>
   <div class='ocr_carea' id='block_1_24' title="bbox 263 1966 1856 2025">
    <p class='ocr_par' dir='ltr' id='par_1_24' title="bbox 263 1966 1856 2025">
     <span class='ocr_line' id='line_1_24' title="bbox 263 1966 1856 2025; baseline 0.003 -4"><span class='ocrx_word' id='word_1_157' title='bbox 263 1968 531 2022; x_wconf 86' lang='lat' dir='ltr'><strong>dilectum</strong></span> <span class='ocrx_word' id='word_1_158' title='bbox 582 1966 906 2023; x_wconf 84' lang='lat' dir='ltr'><strong>familiarem</strong></span> <span class='ocrx_word' id='word_1_159' title='bbox 953 1969 1206 2025; x_wconf 79' lang='lat' dir='ltr'><strong>clericum</strong></span> <span class='ocrx_word' id='word_1_160' title='bbox 1240 1980 1487 2025; x_wconf 89' lang='lat' dir='ltr'><strong>nostrum</strong></span> <span class='ocrx_word' id='word_1_161' title='bbox 1538 1966 1856 2025; x_wconf 71' lang='lat' dir='ltr'><strong>magistrum</strong></span> 
     </span>
    </p>
   </div>
   <div class='ocr_carea' id='block_1_25' title="bbox 261 2036 1857 2112">
    <p class='ocr_par' dir='ltr' id='par_1_25' title="bbox 261 2036 1857 2112">
     <span class='ocr_line' id='line_1_25' title="bbox 261 2036 1857 2112; baseline 0.001 -19"><span class='ocrx_word' id='word_1_162' title='bbox 261 2036 607 2112; x_wconf 81' lang='lat' dir='ltr'><strong>Cotifredum</strong></span> <span class='ocrx_word' id='word_1_163' title='bbox 634 2038 984 2112; x_wconf 87' lang='lat' dir='ltr'><strong>prapositum</strong></span> <span class='ocrx_word' id='word_1_164' title='bbox 1014 2039 1314 2097; x_wconf 89' lang='lat' dir='ltr'><strong>Soliensem</strong></span> <span class='ocrx_word' id='word_1_165' title='bbox 1343 2041 1541 2112; x_wconf 77' lang='lat' dir='ltr'><strong>regalis</strong></span> <span class='ocrx_word' id='word_1_166' title='bbox 1566 2036 1703 2095; x_wconf 83' lang='lat' dir='ltr'><strong>aula</strong></span> <span class='ocrx_word' id='word_1_167' title='bbox 1727 2055 1857 2111; x_wconf 86' lang='lat' dir='ltr'><strong>pro-</strong></span> 
     </span>
    </p>
   </div>
   <div class='ocr_carea' id='block_1_26' title="bbox 264 2108 1856 2182">
    <p class='ocr_par' dir='ltr' id='par_1_26' title="bbox 264 2108 1856 2182">
     <span class='ocr_line' id='line_1_26' title="bbox 264 2108 1856 2182; baseline 0.002 -19"><span class='ocrx_word' id='word_1_168' title='bbox 264 2108 605 2182; x_wconf 86' lang='lat' dir='ltr'><strong>tonotarium</strong></span> <span class='ocrx_word' id='word_1_169' title='bbox 638 2108 1086 2182; x_wconf 37' lang='lat' dir='ltr'><strong>’transmittimus</strong></span> <span class='ocrx_word' id='word_1_170' title='bbox 1144 2113 1212 2167; x_wconf 90' lang='lat' dir='ltr'><strong>ad</strong></span> <span class='ocrx_word' id='word_1_171' title='bbox 1265 2108 1461 2167; x_wconf 72' lang='lat' dir='ltr'><strong>vestra</strong></span> <span class='ocrx_word' id='word_1_172' title='bbox 1510 2108 1856 2182; x_wconf 63' lang='lat' dir='ltr'><strong>praesentiam</strong></span> 
     </span>
    </p>
   </div>
   <div class='ocr_carea' id='block_1_27' title="bbox 260 2179 1856 2253">
    <p class='ocr_par' dir='ltr' id='par_1_27' title="bbox 260 2179 1856 2253">
     <span class='ocr_line' id='line_1_27' title="bbox 260 2179 1856 2253; baseline 0.003 -20"><span class='ocrx_word' id='word_1_173' title='bbox 260 2180 599 2253; x_wconf 79' lang='lat' dir='ltr'><strong>sanctitatis,</strong></span> <span class='ocrx_word' id='word_1_174' title='bbox 620 2179 705 2235; x_wconf 92' lang='lat' dir='ltr'><strong>cui</strong></span> <span class='ocrx_word' id='word_1_175' title='bbox 721 2180 912 2253; x_wconf 86' lang='lat' dir='ltr'><strong>damus</strong></span> <span class='ocrx_word' id='word_1_176' title='bbox 933 2183 1289 2252; x_wconf 89' lang='lat' dir='ltr'><strong>prasentibus</strong></span> <span class='ocrx_word' id='word_1_177' title='bbox 1315 2179 1527 2238; x_wconf 75' lang='lat' dir='ltr'><strong>nostris</strong></span> <span class='ocrx_word' id='word_1_178' title='bbox 1542 2182 1856 2253; x_wconf 84' lang='lat' dir='ltr'><strong>patentibus</strong></span> 
     </span>
    </p>
   </div>
   <div class='ocr_carea' id='block_1_28' title="bbox 261 2250 1856 2324">
    <p class='ocr_par' dir='ltr' id='par_1_28' title="bbox 261 2250 1856 2324">
     <span class='ocr_line' id='line_1_28' title="bbox 261 2250 1856 2324; baseline 0.002 -20"><span class='ocrx_word' id='word_1_179' title='bbox 261 2250 464 2324; x_wconf 79' lang='lat' dir='ltr'><strong>litteris</strong></span> <span class='ocrx_word' id='word_1_180' title='bbox 488 2250 544 2305; x_wconf 90' lang='lat' dir='ltr'><strong>in</strong></span> <span class='ocrx_word' id='word_1_181' title='bbox 588 2252 877 2317; x_wconf 87' lang='lat' dir='ltr'><strong>mandatis,</strong></span> <span class='ocrx_word' id='word_1_182' title='bbox 907 2250 969 2307; x_wconf 82' lang='lat' dir='ltr'><strong>iit</strong></span> <span class='ocrx_word' id='word_1_183' title='bbox 1019 2254 1281 2323; x_wconf 83' lang='lat' dir='ltr'><strong>quidquid</strong></span> <span class='ocrx_word' id='word_1_184' title='bbox 1307 2268 1405 2324; x_wconf 87' lang='lat' dir='ltr'><strong>per</strong></span> <span class='ocrx_word' id='word_1_185' title='bbox 1455 2250 1707 2324; x_wconf 83' lang='lat' dir='ltr'><strong>eumdem</strong></span> <span class='ocrx_word' id='word_1_186' title='bbox 1722 2268 1856 2324; x_wconf 88' lang='lat' dir='ltr'><strong>can-</strong></span> 
     </span>
    </p>
   </div>
   <div class='ocr_carea' id='block_1_29' title="bbox 260 2320 1852 2393">
    <p class='ocr_par' dir='ltr' id='par_1_29' title="bbox 260 2320 1852 2393">
     <span class='ocr_line' id='line_1_29' title="bbox 260 2320 1852 2393; baseline 0.001 -16"><span class='ocrx_word' id='word_1_187' title='bbox 260 2320 572 2387; x_wconf 82' lang='lat' dir='ltr'><strong>cellarium,</strong></span> <span class='ocrx_word' id='word_1_188' title='bbox 604 2336 701 2393; x_wconf 88' lang='lat' dir='ltr'><strong>seu</strong></span> <span class='ocrx_word' id='word_1_189' title='bbox 723 2320 1101 2393; x_wconf 75' lang='lat' dir='ltr'><strong>quemcunque</strong></span> <span class='ocrx_word' id='word_1_190' title='bbox 1122 2320 1186 2377; x_wconf 78' lang='lat' dir='ltr'><strong>iii</strong></span> <span class='ocrx_word' id='word_1_191' title='bbox 1207 2320 1481 2393; x_wconf 66' lang='lat' dir='ltr'><strong>praidictis</strong></span> <span class='ocrx_word' id='word_1_192' title='bbox 1509 2322 1818 2379; x_wconf 88' lang='lat' dir='ltr'><strong>civitatibus</strong></span> <span class='ocrx_word' id='word_1_193' title='bbox 1836 2362 1852 2390; x_wconf 95' lang='lat'><strong>,</strong></span> 
     </span>
    </p>
   </div>
   <div class='ocr_carea' id='block_1_30' title="bbox 258 2392 1855 2466">
    <p class='ocr_par' dir='ltr' id='par_1_30' title="bbox 258 2392 1855 2466">
     <span class='ocr_line' id='line_1_30' title="bbox 258 2392 1855 2466; baseline 0.001 -19"><span class='ocrx_word' id='word_1_194' title='bbox 258 2393 422 2457; x_wconf 88' lang='lat' dir='ltr'><strong>locis,</strong></span> <span class='ocrx_word' id='word_1_195' title='bbox 453 2400 510 2445; x_wconf 91' lang='lat' dir='ltr'><strong>et</strong></span> <span class='ocrx_word' id='word_1_196' title='bbox 528 2392 715 2466; x_wconf 79' lang='lat' dir='ltr'><strong>terris,</strong></span> <span class='ocrx_word' id='word_1_197' title='bbox 736 2408 832 2448; x_wconf 87' lang='lat' dir='ltr'><strong>seu</strong></span> <span class='ocrx_word' id='word_1_198' title='bbox 862 2409 961 2465; x_wconf 87' lang='lat' dir='ltr'><strong>per</strong></span> <span class='ocrx_word' id='word_1_199' title='bbox 1000 2392 1246 2450; x_wconf 77' lang='lat' dir='ltr'><strong>homines</strong></span> <span class='ocrx_word' id='word_1_200' title='bbox 1272 2395 1510 2466; x_wconf 90' lang='lat' dir='ltr'><strong>ipsarum</strong></span> <span class='ocrx_word' id='word_1_201' title='bbox 1538 2394 1687 2449; x_wconf 89' lang='lat' dir='ltr'><strong>civit.</strong></span> <span class='ocrx_word' id='word_1_202' title='bbox 1738 2402 1855 2449; x_wconf 84' lang='lat' dir='ltr'><strong>ter-</strong></span> 
     </span>
    </p>
   </div>
   <div class='ocr_carea' id='block_1_31' title="bbox 260 2462 1852 2535">
    <p class='ocr_par' dir='ltr' id='par_1_31' title="bbox 260 2462 1852 2535">
     <span class='ocr_line' id='line_1_31' title="bbox 260 2462 1852 2535; baseline 0.001 -17"><span class='ocrx_word' id='word_1_203' title='bbox 260 2479 380 2518; x_wconf 89' lang='lat' dir='ltr'><strong>rar.</strong></span> <span class='ocrx_word' id='word_1_204' title='bbox 405 2472 570 2535; x_wconf 87' lang='lat' dir='ltr'><strong>atque</strong></span> <span class='ocrx_word' id='word_1_205' title='bbox 598 2462 766 2535; x_wconf 85' lang='lat' dir='ltr'><strong>locor.</strong></span> <span class='ocrx_word' id='word_1_206' title='bbox 788 2462 1234 2535; x_wconf 77' lang='lat' dir='ltr'><strong>actum,gestum,</strong></span> <span class='ocrx_word' id='word_1_207' title='bbox 1260 2462 1597 2535; x_wconf 75' lang='lat' dir='ltr'><strong>recognitum</strong></span> <span class='ocrx_word' id='word_1_208' title='bbox 1622 2465 1852 2530; x_wconf 80' lang='lat' dir='ltr'><strong>exstitit,</strong></span> 
     </span>
    </p>
   </div>
   <div class='ocr_carea' id='block_1_32' title="bbox 254 2533 1852 2607">
    <p class='ocr_par' dir='ltr' id='par_1_32' title="bbox 254 2533 1852 2607">
     <span class='ocr_line' id='line_1_32' title="bbox 254 2533 1852 2607; baseline 0.001 -18"><span class='ocrx_word' id='word_1_209' title='bbox 254 2544 318 2589; x_wconf 88' lang='lat' dir='ltr'><strong>et</strong></span> <span class='ocrx_word' id='word_1_210' title='bbox 353 2534 615 2607; x_wconf 63' lang='lat' dir='ltr'><strong>praedicta</strong></span> <span class='ocrx_word' id='word_1_211' title='bbox 650 2533 967 2607; x_wconf 90' lang='lat' dir='ltr'><strong>juramenta</strong></span> <span class='ocrx_word' id='word_1_212' title='bbox 1011 2533 1341 2607; x_wconf 52' lang='lat' dir='ltr'><strong>&#39;specialiter</strong></span> <span class='ocrx_word' id='word_1_213' title='bbox 1377 2533 1614 2601; x_wconf 72' lang='lat' dir='ltr'><strong>revocet,</strong></span> <span class='ocrx_word' id='word_1_214' title='bbox 1648 2544 1852 2602; x_wconf 89' lang='lat' dir='ltr'><strong>casset,</strong></span> 
     </span>
    </p>
   </div>
   <div class='ocr_carea' id='block_1_33' title="bbox 260 2604 1857 2674">
    <p class='ocr_par' dir='ltr' id='par_1_33' title="bbox 260 2604 1857 2674">
     <span class='ocr_line' id='line_1_33' title="bbox 260 2604 1857 2674; baseline 0.002 -14"><span class='ocrx_word' id='word_1_215' title='bbox 260 2604 530 2670; x_wconf 85' lang='lat' dir='ltr'><strong>annullet,</strong></span> <span class='ocrx_word' id='word_1_216' title='bbox 564 2605 773 2674; x_wconf 83' lang='lat' dir='ltr'><strong>irritet;</strong></span> <span class='ocrx_word' id='word_1_217' title='bbox 800 2622 975 2674; x_wconf 87' lang='lat' dir='ltr'><strong>cassa,</strong></span> <span class='ocrx_word' id='word_1_218' title='bbox 1011 2604 1176 2673; x_wconf 78' lang='lat' dir='ltr'><strong>nulla,</strong></span> <span class='ocrx_word' id='word_1_219' title='bbox 1198 2615 1254 2662; x_wconf 87' lang='lat' dir='ltr'><strong>et</strong></span> <span class='ocrx_word' id='word_1_220' title='bbox 1298 2607 1457 2662; x_wconf 89' lang='lat' dir='ltr'><strong>irrita</strong></span> <span class='ocrx_word' id='word_1_221' title='bbox 1499 2607 1732 2671; x_wconf 90' lang='lat' dir='ltr'><strong>nuntiet,</strong></span> <span class='ocrx_word' id='word_1_222' title='bbox 1790 2622 1857 2663; x_wconf 86' lang='lat' dir='ltr'><strong>ac</strong></span> 
     </span>
    </p>
   </div>
   <div class='ocr_carea' id='block_1_34' title="bbox 256 2677 1857 2734">
    <p class='ocr_par' dir='ltr' id='par_1_34' title="bbox 256 2677 1857 2734">
     <span class='ocr_line' id='line_1_34' title="bbox 256 2677 1857 2734; baseline 0.002 -3"><span class='ocrx_word' id='word_1_223' title='bbox 256 2677 522 2731; x_wconf 89' lang='lat' dir='ltr'><strong>omnibus</strong></span> <span class='ocrx_word' id='word_1_224' title='bbox 555 2677 763 2733; x_wconf 88' lang='lat' dir='ltr'><strong>viribus</strong></span> <span class='ocrx_word' id='word_1_225' title='bbox 803 2686 995 2733; x_wconf 87' lang='lat' dir='ltr'><strong>vacuet</strong></span> <span class='ocrx_word' id='word_1_226' title='bbox 1027 2678 1313 2734; x_wconf 87' lang='lat' dir='ltr'><strong>:volentes</strong></span> <span class='ocrx_word' id='word_1_227' title='bbox 1359 2686 1414 2733; x_wconf 93' lang='lat' dir='ltr'><strong>et</strong></span> <span class='ocrx_word' id='word_1_228' title='bbox 1456 2678 1857 2734; x_wconf 89' lang='lat' dir='ltr'><strong>consentientes</strong></span> 
     </span>
    </p>
   </div>
   <div class='ocr_carea' id='block_1_35' title="bbox 257 2749 1852 2818">
    <p class='ocr_par' dir='ltr' id='par_1_35' title="bbox 257 2749 1852 2818">
     <span class='ocr_line' id='line_1_35' title="bbox 257 2749 1852 2818; baseline 0.001 -16"><span class='ocrx_word' id='word_1_229' title='bbox 257 2761 543 2818; x_wconf 74' lang='lat' dir='ltr'><strong>expresse,</strong></span> <span class='ocrx_word' id='word_1_230' title='bbox 574 2749 720 2816; x_wconf 89' lang='lat' dir='ltr'><strong>quod</strong></span> <span class='ocrx_word' id='word_1_231' title='bbox 740 2763 839 2818; x_wconf 89' lang='lat' dir='ltr'><strong>per</strong></span> <span class='ocrx_word' id='word_1_232' title='bbox 871 2751 977 2804; x_wconf 87' lang='lat' dir='ltr'><strong>hoc</strong></span> <span class='ocrx_word' id='word_1_233' title='bbox 1004 2750 1210 2803; x_wconf 90' lang='lat' dir='ltr'><strong>nullum</strong></span> <span class='ocrx_word' id='word_1_234' title='bbox 1242 2749 1334 2818; x_wconf 88' lang='lat' dir='ltr'><strong>jus</strong></span> <span class='ocrx_word' id='word_1_235' title='bbox 1372 2749 1529 2804; x_wconf 91' lang='lat' dir='ltr'><strong>nobis</strong></span> <span class='ocrx_word' id='word_1_236' title='bbox 1552 2757 1852 2815; x_wconf 87' lang='lat' dir='ltr'><strong>accrescat,</strong></span> 
     </span>
    </p>
   </div>
   <div class='ocr_carea' id='block_1_36' title="bbox 256 2817 1856 2889">
    <p class='ocr_par' dir='ltr' id='par_1_36' title="bbox 256 2817 1856 2889">
     <span class='ocr_line' id='line_1_36' title="bbox 256 2817 1856 2889; baseline 0.003 -18"><span class='ocrx_word' id='word_1_237' title='bbox 256 2817 349 2873; x_wconf 85' lang='lat' dir='ltr'><strong>vel</strong></span> <span class='ocrx_word' id='word_1_238' title='bbox 378 2817 636 2873; x_wconf 89' lang='lat' dir='ltr'><strong>Ecclesia</strong></span> <span class='ocrx_word' id='word_1_239' title='bbox 657 2817 913 2875; x_wconf 85' lang='lat' dir='ltr'><strong>Romana</strong></span> <span class='ocrx_word' id='word_1_240' title='bbox 956 2820 1210 2888; x_wconf 85' lang='lat' dir='ltr'><strong>depereat</strong></span> <span class='ocrx_word' id='word_1_241' title='bbox 1239 2817 1349 2875; x_wconf 87' lang='lat' dir='ltr'><strong>tam</strong></span> <span class='ocrx_word' id='word_1_242' title='bbox 1383 2820 1526 2875; x_wconf 85' lang='lat' dir='ltr'><strong>circa</strong></span> <span class='ocrx_word' id='word_1_243' title='bbox 1558 2820 1856 2889; x_wconf 89' lang='lat' dir='ltr'><strong>possessio-</strong></span> 
     </span>
    </p>
   </div>
   <div class='ocr_carea' id='block_1_37' title="bbox 254 2891 1851 2959">
    <p class='ocr_par' dir='ltr' id='par_1_37' title="bbox 254 2891 1851 2959">
     <span class='ocr_line' id='line_1_37' title="bbox 254 2891 1851 2959; baseline 0.001 -17"><span class='ocrx_word' id='word_1_244' title='bbox 254 2904 421 2959; x_wconf 76' lang='lat' dir='ltr'><strong>nem,</strong></span> <span class='ocrx_word' id='word_1_245' title='bbox 439 2904 607 2959; x_wconf 89' lang='lat' dir='ltr'><strong>quam</strong></span> <span class='ocrx_word' id='word_1_246' title='bbox 635 2892 782 2945; x_wconf 89' lang='lat' dir='ltr'><strong>circa</strong></span> <span class='ocrx_word' id='word_1_247' title='bbox 820 2891 1208 2959; x_wconf 84' lang='lat' dir='ltr'><strong>proprietatem</strong></span> <span class='ocrx_word' id='word_1_248' title='bbox 1240 2892 1292 2945; x_wconf 90' lang='lat' dir='ltr'><strong>in</strong></span> <span class='ocrx_word' id='word_1_249' title='bbox 1324 2891 1650 2953; x_wconf 86' lang='lat' dir='ltr'><strong>civitatibus,</strong></span> <span class='ocrx_word' id='word_1_250' title='bbox 1683 2897 1790 2945; x_wconf 89' lang='lat' dir='ltr'><strong>etc.</strong></span> <span class='ocrx_word' id='word_1_251' title='bbox 1829 2908 1851 2944; x_wconf 78' lang='grc' dir='ltr'><strong>ι</strong></span> 
     </span>
    </p>
   </div>
   <div class='ocr_carea' id='block_1_38' title="bbox 256 2906 1857 3032">
    <p class='ocr_par' dir='ltr' id='par_1_38' title="bbox 256 2906 1857 3032">
     <span class='ocr_line' id='line_1_38' title="bbox 256 2906 1851 2959; baseline 0 -15"><span class='ocrx_word' id='word_1_252' title='bbox 256 2906 412 2952; x_wconf 85' lang='lat' dir='ltr'><strong>nem,</strong></span> <span class='ocrx_word' id='word_1_253' title='bbox 439 2906 607 2959; x_wconf 89' lang='lat' dir='ltr'><strong>quam</strong></span> <span class='ocrx_word' id='word_1_254' title='bbox 635 2906 782 2945; x_wconf 89' lang='lat' dir='ltr'><strong>circa</strong></span> <span class='ocrx_word' id='word_1_255' title='bbox 860 2906 1208 2959; x_wconf 89' lang='lat' dir='ltr'><strong>roprietatem</strong></span> <span class='ocrx_word' id='word_1_256' title='bbox 1240 2909 1292 2945; x_wconf 90' lang='lat' dir='ltr'><strong>in</strong></span> <span class='ocrx_word' id='word_1_257' title='bbox 1324 2906 1650 2953; x_wconf 76' lang='lat' dir='ltr'><strong>civitatibus,</strong></span> <span class='ocrx_word' id='word_1_258' title='bbox 1683 2906 1790 2945; x_wconf 86' lang='lat' dir='ltr'><strong>etc.</strong></span> <span class='ocrx_word' id='word_1_259' title='bbox 1829 2908 1851 2944; x_wconf 77' lang='grc' dir='ltr'><strong>ι</strong></span> 
     </span>
     <span class='ocr_line' id='line_1_39' title="bbox 256 2906 1857 3032; baseline 0.003 -20"><span class='ocrx_word' id='word_1_260' title='bbox 256 2958 523 3032; x_wconf 67' lang='lat' dir='ltr'><strong>Mandata</strong></span> <span class='ocrx_word' id='word_1_261' title='bbox 548 2961 695 3030; x_wconf 79' lang='lat' dir='ltr'><strong>regia</strong></span> <span class='ocrx_word' id='word_1_262' title='bbox 748 2906 915 3032; x_wconf 56' lang='grc'><strong>439</strong></span> <span class='ocrx_word' id='word_1_263' title='bbox 941 2962 1162 3016; x_wconf 89' lang='lat' dir='ltr'><strong>omnino</strong></span> <span class='ocrx_word' id='word_1_264' title='bbox 1190 2961 1503 3031; x_wconf 88' lang='lat' dir='ltr'><strong>adimplevit</strong></span> <span class='ocrx_word' id='word_1_265' title='bbox 1544 2959 1857 3032; x_wconf 10' lang='lat' dir='ltr'><strong>Gotiﬁfredus</strong></span> 
     </span>
    </p>
   </div>
   <div class='ocr_carea' id='block_1_39' title="bbox 252 3030 1856 3102">
    <p class='ocr_par' dir='ltr' id='par_1_39' title="bbox 252 3030 1856 3102">
     <span class='ocr_line' id='line_1_40' title="bbox 252 3030 1856 3102; baseline 0 -17"><span class='ocrx_word' id='word_1_266' title='bbox 252 3031 319 3085; x_wconf 86' lang='lat' dir='ltr'><strong>in</strong></span> <span class='ocrx_word' id='word_1_267' title='bbox 355 3031 687 3102; x_wconf 71' lang='lat' dir='ltr'><strong>causistorio</strong></span> <span class='ocrx_word' id='word_1_268' title='bbox 712 3030 938 3102; x_wconf 69' lang='lat' dir='ltr'><strong>Viterbii</strong></span> <span class='ocrx_word' id='word_1_269' title='bbox 974 3033 1219 3101; x_wconf 90' lang='lat' dir='ltr'><strong>sequenti</strong></span> <span class='ocrx_word' id='word_1_270' title='bbox 1240 3030 1426 3087; x_wconf 87' lang='lat' dir='ltr'><strong>mense</strong></span> <span class='ocrx_word' id='word_1_271' title='bbox 1449 3032 1622 3102; x_wconf 90' lang='lat' dir='ltr'><strong>pridie</strong></span> <span class='ocrx_word' id='word_1_272' title='bbox 1659 3030 1856 3086; x_wconf 82' lang='lat' dir='ltr'><strong>Kalen-</strong></span> 
     </span>
    </p>
   </div>
   <div class='ocr_carea' id='block_1_40' title="bbox 253 3100 1855 3174">
    <p class='ocr_par' dir='ltr' id='par_1_40' title="bbox 253 3100 1855 3174">
     <span class='ocr_line' id='line_1_41' title="bbox 253 3100 1855 3174; baseline 0.002 -19"><span class='ocrx_word' id='word_1_273' title='bbox 253 3102 363 3174; x_wconf 85' lang='lat' dir='ltr'><strong>das</strong></span> <span class='ocrx_word' id='word_1_274' title='bbox 384 3100 577 3174; x_wconf 86' lang='lat' dir='ltr'><strong>Julias</strong></span> <span class='ocrx_word' id='word_1_275' title='bbox 603 3103 749 3157; x_wconf 87' lang='lat' dir='ltr'><strong>edito</strong></span> <span class='ocrx_word' id='word_1_276' title='bbox 778 3100 1136 3159; x_wconf 78' lang='lat' dir='ltr'><strong>instrumento</strong></span> <span class='ocrx_word' id='word_1_277' title='bbox 1177 3103 1412 3174; x_wconf 90' lang='lat' dir='ltr'><strong>publico,</strong></span> <span class='ocrx_word' id='word_1_278' title='bbox 1451 3100 1743 3174; x_wconf 79' lang='lat' dir='ltr'><strong>missisque</strong></span> <span class='ocrx_word' id='word_1_279' title='bbox 1786 3102 1855 3158; x_wconf 91' lang='lat' dir='ltr'><strong>ad</strong></span> 
     </span>
    </p>
   </div>
   <div class='ocr_carea' id='block_1_41' title="bbox 253 3172 1854 3245">
    <p class='ocr_par' dir='ltr' id='par_1_41' title="bbox 253 3172 1854 3245">
     <span class='ocr_line' id='line_1_42' title="bbox 253 3172 1854 3245; baseline 0.001 -18"><span class='ocrx_word' id='word_1_280' title='bbox 253 3172 511 3242; x_wconf 88' lang='lat' dir='ltr'><strong>singulas</strong></span> <span class='ocrx_word' id='word_1_281' title='bbox 534 3173 1112 3245; x_wconf 84' lang='lat' dir='ltr'><strong>civitatespradictas</strong></span> <span class='ocrx_word' id='word_1_282' title='bbox 1152 3172 1367 3239; x_wconf 88' lang='lat' dir='ltr'><strong>litteris,</strong></span> <span class='ocrx_word' id='word_1_283' title='bbox 1403 3173 1559 3244; x_wconf 89' lang='lat' dir='ltr'><strong>queis</strong></span> <span class='ocrx_word' id='word_1_284' title='bbox 1595 3172 1854 3245; x_wconf 76' lang='lat' dir='ltr'><strong>religione</strong></span> 
     </span>
    </p>
   </div>
   <div class='ocr_carea' id='block_1_42' title="bbox 252 3216 1928 3315">
    <p class='ocr_par' dir='ltr' id='par_1_42' title="bbox 252 3216 1928 3315">
     <span class='ocr_line' id='line_1_43' title="bbox 252 3216 1928 3315; baseline 0.002 -18"><span class='ocrx_word' id='word_1_285' title='bbox 252 3216 598 3315; x_wconf 51' lang='lat' dir='ltr'><strong>sagamenti</strong></span> <span class='ocrx_word' id='word_1_286' title='bbox 625 3216 945 3300; x_wconf 58' lang='lat' dir='ltr'><strong>cancellario</strong></span> <span class='ocrx_word' id='word_1_287' title='bbox 967 3245 1194 3315; x_wconf 81' lang='lat' dir='ltr'><strong>prastiti</strong></span> <span class='ocrx_word' id='word_1_288' title='bbox 1252 3216 1442 3300; x_wconf 53' lang='lat' dir='ltr'><strong>omne;</strong></span> <span class='ocrx_word' id='word_1_289' title='bbox 1463 3245 1641 3299; x_wconf 89' lang='lat' dir='ltr'><strong>solvit.</strong></span> <span class='ocrx_word' id='word_1_290' title='bbox 1674 3216 1855 3311; x_wconf 55' lang='lat' dir='ltr'><strong>(fuere</strong></span> <span class='ocrx_word' id='word_1_291' title='bbox 1881 3216 1928 3280; x_wconf 66' lang='grc' dir='ltr'>α</span> 
     </span>
    </p>
   </div>
   <div class='ocr_carea' id='block_1_43' title="bbox 253 3313 1858 3386">
    <p class='ocr_par' dir='ltr' id='par_1_43' title="bbox 253 3313 1858 3386">
     <span class='ocr_line' id='line_1_44' title="bbox 253 3313 1858 3386; baseline 0.001 -18"><span class='ocrx_word' id='word_1_292' title='bbox 253 3313 525 3386; x_wconf 65' lang='lat' dir='ltr'><strong>Niculaus</strong></span> <span class='ocrx_word' id='word_1_293' title='bbox 555 3316 705 3370; x_wconf 89' lang='lat' dir='ltr'><strong>card.</strong></span> <span class='ocrx_word' id='word_1_294' title='bbox 740 3315 934 3371; x_wconf 90' lang='lat' dir='ltr'><strong>Latino</strong></span> <span class='ocrx_word' id='word_1_295' title='bbox 956 3313 1042 3386; x_wconf 84' lang='lat' dir='ltr'><strong>ep.</strong></span> <span class='ocrx_word' id='word_1_296' title='bbox 1068 3316 1303 3373; x_wconf 90' lang='lat' dir='ltr'><strong>Ostiensi</strong></span> <span class='ocrx_word' id='word_1_297' title='bbox 1327 3323 1500 3386; x_wconf 90' lang='lat' dir='ltr'><strong>apost.</strong></span> <span class='ocrx_word' id='word_1_298' title='bbox 1515 3315 1659 3371; x_wconf 90' lang='lat' dir='ltr'><strong>sedis</strong></span> <span class='ocrx_word' id='word_1_299' title='bbox 1680 3315 1858 3385; x_wconf 90' lang='lat' dir='ltr'><strong>legato</strong></span> 
     </span>
    </p>
   </div>
   <div class='ocr_carea' id='block_1_44' title="bbox 252 3383 1859 3469">
    <p class='ocr_par' dir='ltr' id='par_1_44' title="bbox 252 3383 1859 3469">
     <span class='ocr_line' id='line_1_45' title="bbox 252 3383 1859 3469; baseline 0 -29"><span class='ocrx_word' id='word_1_300' title='bbox 252 3386 319 3440; x_wconf 87' lang='lat' dir='ltr'><strong>in</strong></span> <span class='ocrx_word' id='word_1_301' title='bbox 346 3383 1038 3469; x_wconf 49' lang='lat' dir='ltr'><strong>Emiliamnmisso,_Cai-&#39;tili</strong></span> <span class='ocrx_word' id='word_1_302' title='bbox 1062 3388 1230 3469; x_wconf 66' lang='lat' dir='ltr'><strong>etiam</strong></span> <span class='ocrx_word' id='word_1_303' title='bbox 1256 3383 1455 3469; x_wconf 67' lang='lat' dir='ltr'><strong>Sicilia</strong></span> <span class='ocrx_word' id='word_1_304' title='bbox 1499 3387 1645 3469; x_wconf 79' lang='lat' dir='ltr'><strong>regis</strong></span> <span class='ocrx_word' id='word_1_305' title='bbox 1688 3383 1859 3469; x_wconf 83' lang='lat' dir='ltr'><strong>petita</strong></span> 
     </span>
    </p>
   </div>
   <div class='ocr_carea' id='block_1_45' title="bbox 250 3455 1860 3526">
    <p class='ocr_par' dir='ltr' id='par_1_45' title="bbox 250 3455 1860 3526">
     <span class='ocr_line' id='line_1_46' title="bbox 250 3455 1860 3526; baseline 0.001 -16"><span class='ocrx_word' id='word_1_306' title='bbox 250 3471 388 3526; x_wconf 89' lang='lat' dir='ltr'><strong>ope,</strong></span> <span class='ocrx_word' id='word_1_307' title='bbox 438 3472 566 3511; x_wconf 88' lang='lat' dir='ltr'><strong>nam</strong></span> <span class='ocrx_word' id='word_1_308' title='bbox 611 3455 786 3512; x_wconf 87' lang='lat' dir='ltr'><strong>Guido</strong></span> <span class='ocrx_word' id='word_1_309' title='bbox 825 3458 891 3513; x_wconf 89' lang='lat' dir='ltr'><strong>de</strong></span> <span class='ocrx_word' id='word_1_310' title='bbox 941 3456 1306 3523; x_wconf 82' lang='lat' dir='ltr'><strong>Montefeltro,</strong></span> <span class='ocrx_word' id='word_1_311' title='bbox 1362 3455 1758 3522; x_wconf 83' lang='lat' dir='ltr'><strong>Geremienses,</strong></span> <span class='ocrx_word' id='word_1_312' title='bbox 1802 3463 1860 3512; x_wconf 89' lang='lat' dir='ltr'><strong>et</strong></span> 
     </span>
    </p>
   </div>
   <div class='ocr_carea' id='block_1_46' title="bbox 253 3526 1859 3598">
    <p class='ocr_par' dir='ltr' id='par_1_46' title="bbox 253 3526 1859 3598">
     <span class='ocr_line' id='line_1_47' title="bbox 253 3526 1859 3598; baseline 0.001 -16"><span class='ocrx_word' id='word_1_313' title='bbox 253 3526 627 3598; x_wconf 86' lang='lat' dir='ltr'><strong>Lambertatii</strong></span> <span class='ocrx_word' id='word_1_314' title='bbox 662 3529 997 3597; x_wconf 87' lang='lat' dir='ltr'><strong>provinciam</strong></span> <span class='ocrx_word' id='word_1_315' title='bbox 1029 3530 1352 3598; x_wconf 86' lang='lat' dir='ltr'><strong>impacatam</strong></span> <span class='ocrx_word' id='word_1_316' title='bbox 1382 3528 1760 3598; x_wconf 77' lang='lat' dir='ltr'><strong>reddiderant,</strong></span> <span class='ocrx_word' id='word_1_317' title='bbox 1792 3527 1859 3583; x_wconf 92' lang='lat' dir='ltr'><strong>de</strong></span> 
     </span>
    </p>
   </div>
   <div class='ocr_carea' id='block_1_47' title="bbox 253 3597 1860 3670">
    <p class='ocr_par' dir='ltr' id='par_1_47' title="bbox 253 3597 1860 3670">
     <span class='ocr_line' id='line_1_48' title="bbox 253 3597 1860 3670; baseline -0.001 -16"><span class='ocrx_word' id='word_1_318' title='bbox 253 3606 473 3654; x_wconf 82' lang='lat' dir='ltr'><strong>sancta</strong></span> <span class='ocrx_word' id='word_1_319' title='bbox 493 3597 639 3653; x_wconf 86' lang='lat' dir='ltr'><strong>sedis</strong></span> <span class='ocrx_word' id='word_1_320' title='bbox 654 3599 868 3670; x_wconf 81' lang='lat' dir='ltr'><strong>juribus</strong></span> <span class='ocrx_word' id='word_1_321' title='bbox 890 3597 1274 3670; x_wconf 79' lang='lat' dir='ltr'><strong>recuperandis</strong></span> <span class='ocrx_word' id='word_1_322' title='bbox 1289 3598 1431 3654; x_wconf 91' lang='lat' dir='ltr'><strong>serio</strong></span> <span class='ocrx_word' id='word_1_323' title='bbox 1451 3598 1581 3669; x_wconf 82' lang='lat' dir='ltr'><strong>egit.</strong></span> <span class='ocrx_word' id='word_1_324' title='bbox 1605 3597 1860 3670; x_wconf 76' lang='lat' dir='ltr'><strong>Bononia</strong></span> 
     </span>
    </p>
   </div>
   <div class='ocr_carea' id='block_1_48' title="bbox 252 3666 1861 3740">
    <p class='ocr_par' dir='ltr' id='par_1_48' title="bbox 252 3666 1861 3740">
     <span class='ocr_line' id='line_1_49' title="bbox 252 3666 1861 3740; baseline -0.001 -17"><span class='ocrx_word' id='word_1_325' title='bbox 252 3684 383 3740; x_wconf 87' lang='lat' dir='ltr'><strong>pra</strong></span> <span class='ocrx_word' id='word_1_326' title='bbox 411 3669 629 3724; x_wconf 82' lang='lat' dir='ltr'><strong>cateris</strong></span> <span class='ocrx_word' id='word_1_327' title='bbox 654 3668 905 3740; x_wconf 87' lang='lat' dir='ltr'><strong>laudatur</strong></span> <span class='ocrx_word' id='word_1_328' title='bbox 929 3666 1167 3725; x_wconf 79' lang='lat' dir='ltr'><strong>studium</strong></span> <span class='ocrx_word' id='word_1_329' title='bbox 1192 3670 1247 3724; x_wconf 90' lang='lat' dir='ltr'><strong>in</strong></span> <span class='ocrx_word' id='word_1_330' title='bbox 1267 3666 1510 3724; x_wconf 81' lang='lat' dir='ltr'><strong>sanctam</strong></span> <span class='ocrx_word' id='word_1_331' title='bbox 1525 3668 1736 3740; x_wconf 88' lang='lat' dir='ltr'><strong>sedem.</strong></span> <span class='ocrx_word' id='word_1_332' title='bbox 1756 3666 1861 3723; x_wconf 89' lang='lat' dir='ltr'><strong>Ca-</strong></span> 
     </span>
    </p>
   </div>
   <div class='ocr_carea' id='block_1_49' title="bbox 253 3738 1862 3812">
    <p class='ocr_par' dir='ltr' id='par_1_49' title="bbox 253 3738 1862 3812">
     <span class='ocr_line' id='line_1_50' title="bbox 253 3738 1862 3812; baseline -0.001 -18"><span class='ocrx_word' id='word_1_333' title='bbox 253 3738 373 3812; x_wconf 26' lang='lat' dir='ltr'><strong>putt</strong></span> <span class='ocrx_word' id='word_1_334' title='bbox 387 3740 535 3812; x_wconf 79' lang='lat' dir='ltr'><strong>istud</strong></span> <span class='ocrx_word' id='word_1_335' title='bbox 570 3738 890 3795; x_wconf 84' lang='lat' dir='ltr'><strong>concludam</strong></span> <span class='ocrx_word' id='word_1_336' title='bbox 930 3741 1193 3812; x_wconf 85' lang='lat' dir='ltr'><strong>Raynaldi</strong></span> <span class='ocrx_word' id='word_1_337' title='bbox 1223 3741 1424 3812; x_wconf 88' lang='lat' dir='ltr'><strong>verbis,</strong></span> <span class='ocrx_word' id='word_1_338' title='bbox 1472 3739 1541 3794; x_wconf 89' lang='lat' dir='ltr'><strong>ad</strong></span> <span class='ocrx_word' id='word_1_339' title='bbox 1569 3753 1729 3809; x_wconf 91' lang='lat' dir='ltr'><strong>quem</strong></span> <span class='ocrx_word' id='word_1_340' title='bbox 1764 3754 1862 3812; x_wconf 82' lang='lat' dir='ltr'><strong>au-</strong></span> 
     </span>
    </p>
   </div>
   <div class='ocr_carea' id='block_1_50' title="bbox 255 3809 1862 3879">
    <p class='ocr_par' dir='ltr' id='par_1_50' title="bbox 255 3809 1862 3879">
     <span class='ocr_line' id='line_1_51' title="bbox 255 3809 1862 3879; baseline -0.001 -14"><span class='ocrx_word' id='word_1_341' title='bbox 255 3809 467 3865; x_wconf 80' lang='lat' dir='ltr'><strong>iialista</strong></span> <span class='ocrx_word' id='word_1_342' title='bbox 510 3810 678 3865; x_wconf 84' lang='lat' dir='ltr'><strong>Italus</strong></span> <span class='ocrx_word' id='word_1_343' title='bbox 707 3826 807 3867; x_wconf 91' lang='lat' dir='ltr'><strong>nos</strong></span> <span class='ocrx_word' id='word_1_344' title='bbox 835 3809 1084 3877; x_wconf 82' lang='lat' dir='ltr'><strong>remittit,</strong></span> <span class='ocrx_word' id='word_1_345' title='bbox 1120 3818 1181 3866; x_wconf 92' lang='lat' dir='ltr'><strong>ut</strong></span> <span class='ocrx_word' id='word_1_346' title='bbox 1214 3811 1410 3866; x_wconf 90' lang='lat' dir='ltr'><strong>melius</strong></span> <span class='ocrx_word' id='word_1_347' title='bbox 1461 3817 1668 3879; x_wconf 90' lang='lat' dir='ltr'><strong>pateat,</strong></span> <span class='ocrx_word' id='word_1_348' title='bbox 1718 3809 1862 3864; x_wconf 89' lang='lat' dir='ltr'><strong>unde</strong></span> 
     </span>
    </p>
   </div>
   <div class='ocr_carea' id='block_1_51' title="bbox 256 3880 1862 3951">
    <p class='ocr_par' dir='ltr' id='par_1_51' title="bbox 256 3880 1862 3951">
     <span class='ocr_line' id='line_1_52' title="bbox 256 3880 1862 3951; baseline -0.001 -14"><span class='ocrx_word' id='word_1_349' title='bbox 256 3896 367 3937; x_wconf 81' lang='lat' dir='ltr'><strong>sua</strong></span> <span class='ocrx_word' id='word_1_350' title='bbox 397 3882 492 3937; x_wconf 89' lang='lat' dir='ltr'><strong>hic</strong></span> <span class='ocrx_word' id='word_1_351' title='bbox 513 3880 767 3951; x_wconf 18' lang='lat' dir='ltr'><strong>ltalostin</strong></span> <span class='ocrx_word' id='word_1_352' title='bbox 814 3883 1037 3938; x_wconf 84' lang='lat' dir='ltr'><strong>annales</strong></span> <span class='ocrx_word' id='word_1_353' title='bbox 1079 3882 1349 3938; x_wconf 85' lang='lat' dir='ltr'><strong>retulerit.</strong></span> <span class='ocrx_word' id='word_1_354' title='bbox 1390 3880 1681 3936; x_wconf 78' lang='lat' dir='ltr'><strong>Ricardani</strong></span> <span class='ocrx_word' id='word_1_355' title='bbox 1710 3880 1862 3951; x_wconf 89' lang='lat' dir='ltr'><strong>prius</strong></span> 
     </span>
    </p>
   </div>
   <div class='ocr_carea' id='block_1_52' title="bbox 254 3950 1858 4023">
    <p class='ocr_par' dir='ltr' id='par_1_52' title="bbox 254 3950 1858 4023">
     <span class='ocr_line' id='line_1_53' title="bbox 254 3950 1858 4023; baseline -0.002 -15"><span class='ocrx_word' id='word_1_356' title='bbox 254 3950 599 4008; x_wconf 81' lang='lat' dir='ltr'><strong>calumniam</strong></span> <span class='ocrx_word' id='word_1_357' title='bbox 626 3950 800 4020; x_wconf 88' lang='lat' dir='ltr'><strong>rejicit</strong></span> <span class='ocrx_word' id='word_1_358' title='bbox 823 3952 889 4007; x_wconf 90' lang='lat' dir='ltr'><strong>de</strong></span> <span class='ocrx_word' id='word_1_359' title='bbox 912 3952 1069 4023; x_wconf 86' lang='lat' dir='ltr'><strong>Syria</strong></span> <span class='ocrx_word' id='word_1_360' title='bbox 1104 3968 1202 4023; x_wconf 89' lang='lat' dir='ltr'><strong>per</strong></span> <span class='ocrx_word' id='word_1_361' title='bbox 1226 3952 1502 4008; x_wconf 82' lang='lat' dir='ltr'><strong>Nicolaum</strong></span> <span class='ocrx_word' id='word_1_362' title='bbox 1526 3950 1858 4023; x_wconf 82' lang='lat' dir='ltr'><strong>posthabita,</strong></span> 
     </span>
    </p>
   </div>
   <div class='ocr_carea' id='block_1_53' title="bbox 256 4021 1862 4096">
    <p class='ocr_par' dir='ltr' id='par_1_53' title="bbox 256 4021 1862 4096">
     <span class='ocr_line' id='line_1_54' title="bbox 256 4021 1862 4096; baseline -0.002 -17"><span class='ocrx_word' id='word_1_363' title='bbox 256 4033 325 4079; x_wconf 90' lang='lat' dir='ltr'><strong>ut</strong></span> <span class='ocrx_word' id='word_1_364' title='bbox 352 4023 624 4096; x_wconf 75' lang='lat' dir='ltr'><strong>potiretur</strong></span> <span class='ocrx_word' id='word_1_365' title='bbox 656 4023 896 4096; x_wconf 89' lang='lat' dir='ltr'><strong>Bononia</strong></span> <span class='ocrx_word' id='word_1_366' title='bbox 919 4021 1189 4096; x_wconf 22' lang='lat' dir='ltr'><strong>(l278,_tn.</strong></span> <span class='ocrx_word' id='word_1_367' title='bbox 1221 4023 1331 4096; x_wconf 86' lang='lat'><strong>56),</strong></span> <span class='ocrx_word' id='word_1_368' title='bbox 1352 4023 1553 4096; x_wconf 84' lang='lat' dir='ltr'><strong>deinde</strong></span> <span class='ocrx_word' id='word_1_369' title='bbox 1578 4021 1862 4096; x_wconf 82' lang='lat' dir='ltr'><strong>prosequi-</strong></span> 
     </span>
    </p>
   </div>
   <div class='ocr_carea' id='block_1_54' title="bbox 256 4091 1860 4159">
    <p class='ocr_par' dir='ltr' id='par_1_54' title="bbox 256 4091 1860 4159">
     <span class='ocr_line' id='line_1_55' title="bbox 256 4091 1860 4159; baseline -0.002 -10"><span class='ocrx_word' id='word_1_370' title='bbox 256 4091 365 4149; x_wconf 72' lang='lat' dir='ltr'><strong>tur</strong></span> <span class='ocrx_word' id='word_1_371' title='bbox 389 4112 403 4148; x_wconf 91' lang='lat'><strong>:</strong></span> <span class='ocrx_word' id='word_1_372' title='bbox 444 4111 466 4144; x_wconf 70' lang='grc' dir='ltr'><strong>ι</strong></span> <span class='ocrx_word' id='word_1_373' title='bbox 507 4091 622 4149; x_wconf 85' lang='lat' dir='ltr'><strong>Nec</strong></span> <span class='ocrx_word' id='word_1_374' title='bbox 650 4094 830 4150; x_wconf 89' lang='lat' dir='ltr'><strong>minus</strong></span> <span class='ocrx_word' id='word_1_375' title='bbox 854 4109 884 4148; x_wconf 89' lang='lat' dir='ltr'><strong>a</strong></span> <span class='ocrx_word' id='word_1_376' title='bbox 917 4091 998 4150; x_wconf 83' lang='lat' dir='ltr'><strong>rei</strong></span> <span class='ocrx_word' id='word_1_377' title='bbox 1024 4094 1252 4151; x_wconf 87' lang='lat' dir='ltr'><strong>veritate</strong></span> <span class='ocrx_word' id='word_1_378' title='bbox 1278 4091 1860 4159; x_wconf 36' lang='lat' dir='ltr'><strong>abhorrent’convicia,</strong></span> 
     </span>
    </p>
   </div>
   <div class='ocr_carea' id='block_1_55' title="bbox 420 4165 1865 4234">
    <p class='ocr_par' dir='ltr' id='par_1_55' title="bbox 420 4165 1865 4234">
     <span class='ocr_line' id='line_1_56' title="bbox 420 4165 1865 4234; baseline 0.001 -15"><span class='ocrx_word' id='word_1_379' title='bbox 420 4165 495 4219; x_wconf 91' lang='lat' dir='ltr'><strong>ob</strong></span> <span class='ocrx_word' id='word_1_380' title='bbox 520 4177 896 4234; x_wconf 88' lang='lat' dir='ltr'><strong>recuperatam</strong></span> <span class='ocrx_word' id='word_1_381' title='bbox 916 4167 984 4220; x_wconf 91' lang='lat' dir='ltr'><strong>ab</strong></span> <span class='ocrx_word' id='word_1_382' title='bbox 1008 4165 1249 4221; x_wconf 89' lang='lat' dir='ltr'><strong>Ecclesia</strong></span> <span class='ocrx_word' id='word_1_383' title='bbox 1270 4165 1561 4220; x_wconf 90' lang='lat' dir='ltr'><strong>Bononiam</strong></span> <span class='ocrx_word' id='word_1_384' title='bbox 1588 4171 1865 4233; x_wconf 88' lang='lat' dir='ltr'><strong>totamque</strong></span> 
     </span>
    </p>
   </div>
   <div class='ocr_carea' id='block_1_56' title="bbox 310 4234 1860 4305">
    <p class='ocr_par' dir='ltr' id='par_1_56' title="bbox 310 4234 1860 4305">
     <span class='ocr_line' id='line_1_57' title="bbox 310 4234 1860 4305; baseline -0.001 -16"><span class='ocrx_word' id='word_1_385' title='bbox 310 4235 600 4290; x_wconf 86' lang='lat' dir='ltr'><strong>laminiam</strong></span> <span class='ocrx_word' id='word_1_386' title='bbox 631 4244 888 4291; x_wconf 88' lang='lat' dir='ltr'><strong>evomunt</strong></span> <span class='ocrx_word' id='word_1_387' title='bbox 904 4245 1195 4291; x_wconf 90' lang='lat' dir='ltr'><strong>novatores</strong></span> <span class='ocrx_word' id='word_1_388' title='bbox 1216 4235 1393 4305; x_wconf 90' lang='lat' dir='ltr'><strong>(Cent.</strong></span> <span class='ocrx_word' id='word_1_389' title='bbox 1422 4251 1543 4297; x_wconf 87' lang='lat' dir='ltr'><strong>xiii,</strong></span> <span class='ocrx_word' id='word_1_390' title='bbox 1572 4250 1621 4289; x_wconf 91' lang='lat' dir='ltr'><strong>c.</strong></span> <span class='ocrx_word' id='word_1_391' title='bbox 1653 4234 1704 4298; x_wconf 91' lang='lat'><strong>7,</strong></span> <span class='ocrx_word' id='word_1_392' title='bbox 1754 4234 1860 4289; x_wconf 89' lang='lat' dir='ltr'><strong>col.</strong></span> 
     </span>
    </p>
   </div>
   <div class='ocr_carea' id='block_1_57' title="bbox 260 4305 1863 4384">
    <p class='ocr_par' dir='ltr' id='par_1_57' title="bbox 260 4305 1863 4384">
     <span class='ocr_line' id='line_1_58' title="bbox 260 4305 1863 4384; baseline -0.002 -23"><span class='ocrx_word' id='word_1_393' title='bbox 260 4306 423 4384; x_wconf 75' lang='lat'><strong>726)_.</strong></span> <span class='ocrx_word' id='word_1_394' title='bbox 454 4306 726 4362; x_wconf 86' lang='lat' dir='ltr'><strong>Caterum</strong></span> <span class='ocrx_word' id='word_1_395' title='bbox 768 4307 1010 4384; x_wconf 80' lang='lat' dir='ltr'><strong>historia</strong></span> <span class='ocrx_word' id='word_1_396' title='bbox 1051 4307 1254 4384; x_wconf 82' lang='lat' dir='ltr'><strong>veritas</strong></span> <span class='ocrx_word' id='word_1_397' title='bbox 1280 4321 1345 4384; x_wconf 83' lang='lat' dir='ltr'><strong>ea</strong></span> <span class='ocrx_word' id='word_1_398' title='bbox 1386 4305 1863 4384; x_wconf 44' lang='lat' dir='ltr'><strong>estnllodulpbum</strong></span> 
     </span>
    </p>
   </div>
   <div class='ocr_carea' id='block_1_58' title="bbox 300 4374 1863 4449">
    <p class='ocr_par' dir='ltr' id='par_1_58' title="bbox 300 4374 1863 4449">
     <span class='ocr_line' id='line_1_59' title="bbox 300 4374 1863 4449; baseline -0.002 -16"><span class='ocrx_word' id='word_1_399' title='bbox 300 4374 575 4449; x_wconf 80' lang='lat' dir='ltr'><strong>rudenter</strong></span> <span class='ocrx_word' id='word_1_400' title='bbox 619 4393 679 4433; x_wconf 90' lang='lat' dir='ltr'><strong>se</strong></span> <span class='ocrx_word' id='word_1_401' title='bbox 727 4378 975 4449; x_wconf 76' lang='lat' dir='ltr'><strong>gessisse,</strong></span> <span class='ocrx_word' id='word_1_402' title='bbox 1014 4393 1078 4433; x_wconf 90' lang='lat' dir='ltr'><strong>ac</strong></span> <span class='ocrx_word' id='word_1_403' title='bbox 1122 4376 1429 4449; x_wconf 67' lang='lat' dir='ltr'><strong>restituisse</strong></span> <span class='ocrx_word' id='word_1_404' title='bbox 1477 4374 1697 4449; x_wconf 69' lang='lat' dir='ltr'><strong>Nicolao</strong></span> <span class='ocrx_word' id='word_1_405' title='bbox 1737 4374 1863 4449; x_wconf 88' lang='lat' dir='ltr'><strong>jura</strong></span> 
     </span>
    </p>
   </div>
   <div class='ocr_carea' id='block_1_59' title="bbox 255 4396 1865 4518">
    <p class='ocr_par' dir='ltr' id='par_1_59' title="bbox 255 4396 1865 4518">
     <span class='ocr_line' id='line_1_60' title="bbox 300 4396 1863 4449; baseline -0.002 -16"><span class='ocrx_word' id='word_1_406' title='bbox 300 4396 575 4433; x_wconf 70' lang='lat' dir='ltr'><strong>maculet</strong></span> <span class='ocrx_word' id='word_1_407' title='bbox 619 4396 679 4433; x_wconf 74' lang='lat'><strong>38</strong></span> <span class='ocrx_word' id='word_1_408' title='bbox 727 4396 975 4449; x_wconf 64' lang='lat'><strong>88351558,</strong></span> <span class='ocrx_word' id='word_1_409' title='bbox 1014 4396 1078 4433; x_wconf 86' lang='lat' dir='ltr'><strong>ac</strong></span> <span class='ocrx_word' id='word_1_410' title='bbox 1122 4396 1427 4432; x_wconf 72' lang='grc' dir='ltr'><strong>ῐθδιιιιιιδεθ</strong></span> <span class='ocrx_word' id='word_1_411' title='bbox 1477 4396 1697 4430; x_wconf 56' lang='grc' dir='ltr'><strong>ιῑιῡοιιιο</strong></span> <span class='ocrx_word' id='word_1_412' title='bbox 1737 4396 1863 4442; x_wconf 81' lang='lat' dir='ltr'><strong>jura</strong></span> 
     </span>
     <span class='ocr_line' id='line_1_61' title="bbox 255 4396 1865 4518; baseline -0.002 -13"><span class='ocrx_word' id='word_1_413' title='bbox 255 4396 555 4511; x_wconf 60' lang='lat' dir='ltr'><strong>Ecclesia,</strong></span> <span class='ocrx_word' id='word_1_414' title='bbox 603 4456 664 4503; x_wconf 92' lang='lat' dir='ltr'><strong>tit</strong></span> <span class='ocrx_word' id='word_1_415' title='bbox 707 4448 918 4518; x_wconf 90' lang='lat' dir='ltr'><strong>imperii</strong></span> <span class='ocrx_word' id='word_1_416' title='bbox 953 4447 1097 4517; x_wconf 88' lang='lat' dir='ltr'><strong>jura,</strong></span> <span class='ocrx_word' id='word_1_417' title='bbox 1143 4463 1264 4517; x_wconf 82' lang='lat' dir='ltr'><strong>qua</strong></span> <span class='ocrx_word' id='word_1_418' title='bbox 1297 4448 1352 4501; x_wconf 89' lang='lat' dir='ltr'><strong>in</strong></span> <span class='ocrx_word' id='word_1_419' title='bbox 1389 4446 1607 4518; x_wconf 74' lang='lat' dir='ltr'><strong>Etruria</strong></span> <span class='ocrx_word' id='word_1_420' title='bbox 1637 4445 1865 4501; x_wconf 88' lang='lat' dir='ltr'><strong>Carolus</strong></span> 
     </span>
    </p>
   </div>
   <div class='ocr_carea' id='block_1_60' title="bbox 256 4516 1860 4591">
    <p class='ocr_par' dir='ltr' id='par_1_60' title="bbox 256 4516 1860 4591">
     <span class='ocr_line' id='line_1_62' title="bbox 256 4516 1860 4591; baseline -0.004 -15"><span class='ocrx_word' id='word_1_421' title='bbox 256 4519 440 4591; x_wconf 80' lang='lat' dir='ltr'><strong>legati</strong></span> <span class='ocrx_word' id='word_1_422' title='bbox 476 4519 691 4591; x_wconf 91' lang='lat' dir='ltr'><strong>imperii</strong></span> <span class='ocrx_word' id='word_1_423' title='bbox 714 4516 931 4575; x_wconf 79' lang='lat' dir='ltr'><strong>nomine</strong></span> <span class='ocrx_word' id='word_1_424' title='bbox 956 4516 1265 4591; x_wconf 75' lang='lat' dir='ltr'><strong>obtinebat,</strong></span> <span class='ocrx_word' id='word_1_425' title='bbox 1298 4518 1417 4591; x_wconf 83' lang='lat' dir='ltr'><strong>siue</strong></span> <span class='ocrx_word' id='word_1_426' title='bbox 1446 4516 1605 4591; x_wconf 67' lang='lat' dir='ltr'><strong>bello</strong></span> <span class='ocrx_word' id='word_1_427' title='bbox 1634 4530 1860 4591; x_wconf 75' lang='lat' dir='ltr'><strong>recupe-</strong></span> 
     </span>
    </p>
   </div>
   <div class='ocr_carea' id='block_1_61' title="bbox 256 4586 1861 4659">
    <p class='ocr_par' dir='ltr' id='par_1_61' title="bbox 256 4586 1861 4659">
     <span class='ocr_line' id='line_1_63' title="bbox 256 4586 1861 4659; baseline -0.005 -13"><span class='ocrx_word' id='word_1_428' title='bbox 256 4586 441 4646; x_wconf 59' lang='lat' dir='ltr'><strong>raret.</strong></span> <span class='ocrx_word' id='word_1_429' title='bbox 482 4611 500 4643; x_wconf 78' lang='grc' dir='ltr'><strong>ι</strong></span> <span class='ocrx_word' id='word_1_430' title='bbox 534 4586 665 4657; x_wconf 82' lang='lat' dir='ltr'><strong>Qua</strong></span> <span class='ocrx_word' id='word_1_431' title='bbox 701 4599 902 4659; x_wconf 89' lang='lat' dir='ltr'><strong>quanta</strong></span> <span class='ocrx_word' id='word_1_432' title='bbox 939 4606 1060 4645; x_wconf 89' lang='lat' dir='ltr'><strong>cum</strong></span> <span class='ocrx_word' id='word_1_433' title='bbox 1090 4588 1318 4643; x_wconf 83' lang='lat' dir='ltr'><strong>veritate</strong></span> <span class='ocrx_word' id='word_1_434' title='bbox 1365 4586 1673 4659; x_wconf 78' lang='lat' dir='ltr'><strong>Baynaldus</strong></span> <span class='ocrx_word' id='word_1_435' title='bbox 1715 4586 1861 4659; x_wconf 80' lang='lat' dir='ltr'><strong>allir-</strong></span> 
     </span>
    </p>
   </div>
   <div class='ocr_carea' id='block_1_62' title="bbox 256 4657 1862 4788">
    <p class='ocr_par' dir='ltr' id='par_1_62' title="bbox 256 4657 1862 4788">
     <span class='ocr_line' id='line_1_64' title="bbox 256 4657 1862 4733; baseline -0.004 -15"><span class='ocrx_word' id='word_1_436' title='bbox 256 4670 404 4728; x_wconf 87' lang='lat' dir='ltr'><strong>met,</strong></span> <span class='ocrx_word' id='word_1_437' title='bbox 455 4661 698 4731; x_wconf 87' lang='lat' dir='ltr'><strong>epistola</strong></span> <span class='ocrx_word' id='word_1_438' title='bbox 719 4657 1014 4733; x_wconf 45' lang='lat' dir='ltr'><strong>_Rudolphi</strong></span> <span class='ocrx_word' id='word_1_439' title='bbox 1065 4659 1315 4730; x_wconf 86' lang='lat' dir='ltr'><strong>superius</strong></span> <span class='ocrx_word' id='word_1_440' title='bbox 1368 4658 1546 4713; x_wconf 84' lang='lat' dir='ltr'><strong>allata</strong></span> <span class='ocrx_word' id='word_1_441' title='bbox 1589 4657 1862 4712; x_wconf 87' lang='lat' dir='ltr'><strong>uberrime</strong></span> 
     </span>
     <span class='ocr_line' id='line_1_65' title="bbox 256 4733 588 4788; baseline -0.003 0"><span class='ocrx_word' id='word_1_442' title='bbox 256 4733 588 4788; x_wconf 85' lang='lat' dir='ltr'><strong>ostendunt.</strong></span> 
     </span>
    </p>
   </div>
   <div class='ocr_carea' id='block_1_63' title="bbox 254 4741 588 4789">
    <p class='ocr_par' dir='ltr' id='par_1_63' title="bbox 254 4741 588 4789">
     <span class='ocr_line' id='line_1_66' title="bbox 254 4741 588 4789; baseline -0.006 0"><span class='ocrx_word' id='word_1_443' title='bbox 254 4741 588 4789; x_wconf 86' lang='lat' dir='ltr'><strong>ostendunt.</strong></span> 
     </span>
    </p>
   </div>
   <div class='ocr_carea' id='block_1_64' title="bbox 340 4798 1866 4875">
    <p class='ocr_par' dir='ltr' id='par_1_64' title="bbox 340 4798 1866 4875">
     <span class='ocr_line' id='line_1_67' title="bbox 340 4798 1866 4875; baseline -0.004 -17"><span class='ocrx_word' id='word_1_444' title='bbox 340 4803 413 4858; x_wconf 76' lang='grc' dir='ltr'><strong>Χ.</strong></span> <span class='ocrx_word' id='word_1_445' title='bbox 453 4803 523 4858; x_wconf 84' lang='grc' dir='ltr'><strong>Ει</strong></span> <span class='ocrx_word' id='word_1_446' title='bbox 561 4819 692 4860; x_wconf 88' lang='lat' dir='ltr'><strong>sane</strong></span> <span class='ocrx_word' id='word_1_447' title='bbox 721 4804 996 4875; x_wconf 88' lang='lat' dir='ltr'><strong>quatridui</strong></span> <span class='ocrx_word' id='word_1_448' title='bbox 1033 4808 1323 4875; x_wconf 81' lang='lat' dir='ltr'><strong>antequam</strong></span> <span class='ocrx_word' id='word_1_449' title='bbox 1363 4799 1679 4875; x_wconf 81' lang='lat' dir='ltr'><strong>Rudolpbus</strong></span> <span class='ocrx_word' id='word_1_450' title='bbox 1721 4798 1866 4854; x_wconf 82' lang='lat' dir='ltr'><strong>Coti-</strong></span> 
     </span>
    </p>
   </div>
   <div class='ocr_carea' id='block_1_65' title="bbox 255 4871 1862 4935">
    <p class='ocr_par' dir='ltr' id='par_1_65' title="bbox 255 4871 1862 4935">
     <span class='ocr_line' id='line_1_68' title="bbox 255 4871 1862 4935; baseline -0.004 -5"><span class='ocrx_word' id='word_1_451' title='bbox 255 4876 428 4930; x_wconf 80' lang='lat' dir='ltr'><strong>fredo</strong></span> <span class='ocrx_word' id='word_1_452' title='bbox 473 4871 756 4930; x_wconf 75' lang='lat' dir='ltr'><strong>mandaret</strong></span> <span class='ocrx_word' id='word_1_453' title='bbox 802 4875 1002 4930; x_wconf 88' lang='lat' dir='ltr'><strong>realem</strong></span> <span class='ocrx_word' id='word_1_454' title='bbox 1049 4873 1375 4929; x_wconf 83' lang='lat' dir='ltr'><strong>exarchatus</strong></span> <span class='ocrx_word' id='word_1_455' title='bbox 1428 4871 1824 4926; x_wconf 86' lang='lat' dir='ltr'><strong>restitutionem</strong></span> <span class='ocrx_word' id='word_1_456' title='bbox 1846 4910 1862 4935; x_wconf 96' lang='lat'><strong>,</strong></span> 
     </span>
    </p>
   </div>
   <div class='ocr_carea' id='block_1_66' title="bbox 252 4939 1866 5014">
    <p class='ocr_par' dir='ltr' id='par_1_66' title="bbox 252 4939 1866 5014">
     <span class='ocr_line' id='line_1_69' title="bbox 252 4939 1866 5014; baseline -0.004 -14"><span class='ocrx_word' id='word_1_457' title='bbox 252 4946 533 5002; x_wconf 80' lang='lat' dir='ltr'><strong>Nicolaus</strong></span> <span class='ocrx_word' id='word_1_458' title='bbox 564 4943 729 5014; x_wconf 88' lang='lat' dir='ltr'><strong>jussit</strong></span> <span class='ocrx_word' id='word_1_459' title='bbox 773 4945 1027 5002; x_wconf 90' lang='lat' dir='ltr'><strong>Carolum</strong></span> <span class='ocrx_word' id='word_1_460' title='bbox 1062 4943 1395 5014; x_wconf 75' lang='lat' dir='ltr'><strong>senatoriam</strong></span> <span class='ocrx_word' id='word_1_461' title='bbox 1422 4941 1737 5014; x_wconf 86' lang='lat' dir='ltr'><strong>dignitatem</strong></span> <span class='ocrx_word' id='word_1_462' title='bbox 1785 4939 1866 4995; x_wconf 84' lang='lat' dir='ltr'><strong>di-</strong></span> 
     </span>
    </p>
   </div>
   <div class='ocr_carea' id='block_1_67' title="bbox 250 5010 1863 5086">
    <p class='ocr_par' dir='ltr' id='par_1_67' title="bbox 250 5010 1863 5086">
     <span class='ocr_line' id='line_1_70' title="bbox 250 5010 1863 5086; baseline -0.004 -14"><span class='ocrx_word' id='word_1_463' title='bbox 250 5018 525 5082; x_wconf 86' lang='lat' dir='ltr'><strong>mittere,</strong></span> <span class='ocrx_word' id='word_1_464' title='bbox 566 5010 797 5072; x_wconf 77' lang='lat' dir='ltr'><strong>tametsi</strong></span> <span class='ocrx_word' id='word_1_465' title='bbox 848 5030 1022 5086; x_wconf 84' lang='lat' dir='ltr'><strong>tisque</strong></span> <span class='ocrx_word' id='word_1_466' title='bbox 1057 5015 1126 5086; x_wconf 85' lang='lat' dir='ltr'><strong>ad</strong></span> <span class='ocrx_word' id='word_1_467' title='bbox 1171 5013 1313 5086; x_wconf 86' lang='lat' dir='ltr'><strong>diem</strong></span> <span class='ocrx_word' id='word_1_468' title='bbox 1349 5010 1699 5086; x_wconf 40' lang='lat' dir='ltr'><strong>“Septembris</strong></span> <span class='ocrx_word' id='word_1_469' title='bbox 1750 5026 1863 5078; x_wconf 86' lang='lat' dir='ltr'><strong>xvi,</strong></span> 
     </span>
    </p>
   </div>
   <div class='ocr_carea' id='block_1_68' title="bbox 243 5083 1866 5158">
    <p class='ocr_par' dir='ltr' id='par_1_68' title="bbox 243 5083 1866 5158">
     <span class='ocr_line' id='line_1_71' title="bbox 243 5083 1866 5158; baseline -0.003 -16"><span class='ocrx_word' id='word_1_470' title='bbox 243 5088 428 5158; x_wconf 85' lang='lat' dir='ltr'><strong>juxta</strong></span> <span class='ocrx_word' id='word_1_471' title='bbox 480 5086 776 5144; x_wconf 89' lang='lat' dir='ltr'><strong>Clementis</strong></span> <span class='ocrx_word' id='word_1_472' title='bbox 822 5087 891 5144; x_wconf 84' lang='lat' dir='ltr'><strong>1V</strong></span> <span class='ocrx_word' id='word_1_473' title='bbox 934 5083 1282 5158; x_wconf 76' lang='lat' dir='ltr'><strong>privilegium</strong></span> <span class='ocrx_word' id='word_1_474' title='bbox 1333 5083 1649 5158; x_wconf 86' lang='lat' dir='ltr'><strong>dignitatem</strong></span> <span class='ocrx_word' id='word_1_475' title='bbox 1674 5123 1691 5148; x_wconf 94' lang='lat'><strong>,</strong></span> <span class='ocrx_word' id='word_1_476' title='bbox 1759 5097 1866 5158; x_wconf 79' lang='lat' dir='ltr'><strong>non</strong></span> 
     </span>
    </p>
   </div>
   <div class='ocr_carea' id='block_1_69' title="bbox 252 5151 1868 5234">
    <p class='ocr_par' dir='ltr' id='par_1_69' title="bbox 252 5151 1868 5234">
     <span class='ocr_line' id='line_1_72' title="bbox 252 5151 1868 5234; baseline -0.003 -22"><span class='ocrx_word' id='word_1_477' title='bbox 252 5151 543 5234; x_wconf 54' lang='lat' dir='ltr'><strong>renuente</strong></span> <span class='ocrx_word' id='word_1_478' title='bbox 574 5158 847 5229; x_wconf 77' lang='lat' dir='ltr'><strong>pontifice,</strong></span> <span class='ocrx_word' id='word_1_479' title='bbox 874 5151 1178 5234; x_wconf 66' lang='lat' dir='ltr'><strong>reiinue_rif.</strong></span> <span class='ocrx_word' id='word_1_480' title='bbox 1229 5151 1416 5234; x_wconf 48' lang='lat' dir='ltr'><strong>Atque&#39;</strong></span> <span class='ocrx_word' id='word_1_481' title='bbox 1448 5151 1868 5234; x_wconf 77' lang='lat' dir='ltr'><strong>insuper,_quod</strong></span> 
     </span>
    </p>
   </div>
   <div class='ocr_carea' id='block_1_70' title="bbox 248 5223 1869 5305">
    <p class='ocr_par' dir='ltr' id='par_1_70' title="bbox 248 5223 1869 5305">
     <span class='ocr_line' id='line_1_73' title="bbox 248 5223 1869 5305; baseline -0.005 -22"><span class='ocrx_word' id='word_1_482' title='bbox 248 5223 603 5305; x_wconf 54' lang='lat' dir='ltr'><strong>gpiniones;</strong></span> <span class='ocrx_word' id='word_1_483' title='bbox 620 5243 811 5305; x_wconf 76' lang='lat' dir='ltr'><strong>omnes</strong></span> <span class='ocrx_word' id='word_1_484' title='bbox 835 5228 1162 5305; x_wconf 66' lang='lat' dir='ltr'><strong>contrarias</strong></span> <span class='ocrx_word' id='word_1_485' title='bbox 1194 5223 1466 5305; x_wconf 30' lang='lat' dir='ltr'><strong>tamandat</strong></span> <span class='ocrx_word' id='word_1_486' title='bbox 1491 5263 1506 5288; x_wconf 94' lang='lat'><strong>,</strong></span> <span class='ocrx_word' id='word_1_487' title='bbox 1546 5223 1869 5305; x_wconf 75' lang='lat' dir='ltr'><strong>vicariattim</strong></span> 
     </span>
    </p>
   </div>
   <div class='ocr_carea' id='block_1_71' title="bbox 249 5293 1869 5362">
    <p class='ocr_par' dir='ltr' id='par_1_71' title="bbox 249 5293 1869 5362">
     <span class='ocr_line' id='line_1_74' title="bbox 249 5293 1869 5362; baseline -0.007 -5"><span class='ocrx_word' id='word_1_488' title='bbox 249 5293 516 5357; x_wconf 70' lang='lat' dir='ltr'><strong>Etruria</strong></span> <span class='ocrx_word' id='word_1_489' title='bbox 563 5299 757 5355; x_wconf 90' lang='lat' dir='ltr'><strong>Carolo</strong></span> <span class='ocrx_word' id='word_1_490' title='bbox 801 5300 975 5354; x_wconf 91' lang='lat' dir='ltr'><strong>eidem</strong></span> <span class='ocrx_word' id='word_1_491' title='bbox 1033 5296 1271 5361; x_wconf 89' lang='lat' dir='ltr'><strong>ademit,</strong></span> <span class='ocrx_word' id='word_1_492' title='bbox 1323 5303 1385 5349; x_wconf 91' lang='lat' dir='ltr'><strong>ut</strong></span> <span class='ocrx_word' id='word_1_493' title='bbox 1436 5307 1531 5348; x_wconf 88' lang='lat' dir='ltr'><strong>sua</strong></span> <span class='ocrx_word' id='word_1_494' title='bbox 1577 5293 1701 5362; x_wconf 89' lang='lat' dir='ltr'><strong>jura</strong></span> <span class='ocrx_word' id='word_1_495' title='bbox 1760 5293 1869 5347; x_wconf 84' lang='lat' dir='ltr'><strong>Ru-</strong></span> 
     </span>
    </p>
   </div>
   <div class='ocr_carea' id='block_1_72' title="bbox 246 5362 1871 5445">
    <p class='ocr_par' dir='ltr' id='par_1_72' title="bbox 246 5362 1871 5445">
     <span class='ocr_line' id='line_1_75' title="bbox 246 5362 1871 5445; baseline -0.008 -16"><span class='ocrx_word' id='word_1_496' title='bbox 246 5372 481 5441; x_wconf 81' lang='lat' dir='ltr'><strong>dolpbo</strong></span> <span class='ocrx_word' id='word_1_497' title='bbox 511 5379 801 5445; x_wconf 80' lang='lat' dir='ltr'><strong>assereret.</strong></span> <span class='ocrx_word' id='word_1_498' title='bbox 825 5369 977 5438; x_wconf 83' lang='lat' dir='ltr'><strong>Quod</strong></span> <span class='ocrx_word' id='word_1_499' title='bbox 1000 5369 1127 5445; x_wconf 84' lang='lat' dir='ltr'><strong>quia</strong></span> <span class='ocrx_word' id='word_1_500' title='bbox 1143 5365 1372 5445; x_wconf 71' lang='lat' dir='ltr'><strong>factum</strong></span> <span class='ocrx_word' id='word_1_501' title='bbox 1384 5372 1509 5445; x_wconf 74' lang='lat' dir='ltr'><strong>post</strong></span> <span class='ocrx_word' id='word_1_502' title='bbox 1546 5377 1733 5419; x_wconf 87' lang='lat' dir='ltr'><strong>veram</strong></span> <span class='ocrx_word' id='word_1_503' title='bbox 1762 5362 1871 5417; x_wconf 85' lang='lat' dir='ltr'><strong>Ex-</strong></span> 
     </span>
    </p>
   </div>
   <div class='ocr_carea' id='block_1_73' title="bbox 246 5435 1872 5516">
    <p class='ocr_par' dir='ltr' id='par_1_73' title="bbox 246 5435 1872 5516">
     <span class='ocr_line' id='line_1_76' title="bbox 246 5435 1872 5516; baseline -0.006 -20"><span class='ocrx_word' id='word_1_504' title='bbox 246 5435 548 5516; x_wconf 66' lang='lat' dir='ltr'><strong>att-citatus</strong></span> <span class='ocrx_word' id='word_1_505' title='bbox 560 5435 978 5516; x_wconf 80' lang='lat' dir='ltr'><strong>restitutionem,</strong></span> <span class='ocrx_word' id='word_1_506' title='bbox 1004 5435 1209 5516; x_wconf 68' lang='lat' dir='ltr'><strong>Niculai</strong></span> <span class='ocrx_word' id='word_1_507' title='bbox 1237 5435 1872 5516; x_wconf 27' lang='lat' dir='ltr'><strong>pmdentianttcommen-</strong></span> 
     </span>
    </p>
   </div>
   <div class='ocr_carea' id='block_1_74' title="bbox 242 5504 1871 5583">
    <p class='ocr_par' dir='ltr' id='par_1_74' title="bbox 242 5504 1871 5583">
     <span class='ocr_line' id='line_1_77' title="bbox 242 5504 1871 5583; baseline -0.005 -15"><span class='ocrx_word' id='word_1_508' title='bbox 242 5513 395 5568; x_wconf 77' lang='lat' dir='ltr'><strong>dari</strong></span> <span class='ocrx_word' id='word_1_509' title='bbox 422 5512 631 5580; x_wconf 87' lang='lat' dir='ltr'><strong>malim,</strong></span> <span class='ocrx_word' id='word_1_510' title='bbox 662 5512 756 5583; x_wconf 90' lang='lat' dir='ltr'><strong>qui</strong></span> <span class='ocrx_word' id='word_1_511' title='bbox 792 5504 993 5583; x_wconf 76' lang='lat' dir='ltr'><strong>sancta</strong></span> <span class='ocrx_word' id='word_1_512' title='bbox 1018 5510 1175 5583; x_wconf 85' lang='lat' dir='ltr'><strong>_sed_is_</strong></span> <span class='ocrx_word' id='word_1_513' title='bbox 1188 5504 1313 5583; x_wconf 69' lang='lat' dir='ltr'><strong>jura</strong></span> <span class='ocrx_word' id='word_1_514' title='bbox 1334 5504 1701 5583; x_wconf 74' lang='lat' dir='ltr'><strong>imperialibus</strong></span> <span class='ocrx_word' id='word_1_515' title='bbox 1726 5519 1871 5574; x_wconf 89' lang='lat' dir='ltr'><strong>pra-</strong></span> 
     </span>
    </p>
   </div>
   <div class='ocr_carea' id='block_1_75' title="bbox 246 5577 1872 5652">
    <p class='ocr_par' dir='ltr' id='par_1_75' title="bbox 246 5577 1872 5652">
     <span class='ocr_line' id='line_1_78' title="bbox 246 5577 1872 5652; baseline -0.007 -12"><span class='ocrx_word' id='word_1_516' title='bbox 246 5584 421 5640; x_wconf 81' lang='lat' dir='ltr'><strong>iuitti</strong></span> <span class='ocrx_word' id='word_1_517' title='bbox 446 5577 640 5647; x_wconf 76' lang='lat' dir='ltr'><strong>voluit,</strong></span> <span class='ocrx_word' id='word_1_518' title='bbox 676 5577 839 5652; x_wconf 81' lang='lat' dir='ltr'><strong>quam</strong></span> <span class='ocrx_word' id='word_1_519' title='bbox 862 5580 1130 5652; x_wconf 83' lang='lat' dir='ltr'><strong>Rudolplii</strong></span> <span class='ocrx_word' id='word_1_520' title='bbox 1162 5578 1406 5652; x_wconf 83' lang='lat' dir='ltr'><strong>iniquum</strong></span> <span class='ocrx_word' id='word_1_521' title='bbox 1443 5577 1685 5652; x_wconf 80' lang='lat' dir='ltr'><strong>animum</strong></span> <span class='ocrx_word' id='word_1_522' title='bbox 1709 5590 1872 5652; x_wconf 82' lang='lat' dir='ltr'><strong>exag-</strong></span> 
     </span>
    </p>
   </div>
   <div class='ocr_carea' id='block_1_76' title="bbox 242 5646 1872 5730">
    <p class='ocr_par' dir='ltr' id='par_1_76' title="bbox 242 5646 1872 5730">
     <span class='ocr_line' id='line_1_79' title="bbox 242 5646 1872 5730; baseline -0.004 -21"><span class='ocrx_word' id='word_1_523' title='bbox 242 5655 483 5728; x_wconf 76' lang='lat' dir='ltr'><strong>gerari,</strong></span> <span class='ocrx_word' id='word_1_524' title='bbox 498 5654 591 5723; x_wconf 86' lang='lat' dir='ltr'><strong>qui</strong></span> <span class='ocrx_word' id='word_1_525' title='bbox 609 5646 794 5730; x_wconf 72' lang='lat' dir='ltr'><strong>staiiiu</strong></span> <span class='ocrx_word' id='word_1_526' title='bbox 809 5662 970 5723; x_wconf 89' lang='lat' dir='ltr'><strong>atque</strong></span> <span class='ocrx_word' id='word_1_527' title='bbox 989 5646 1054 5706; x_wconf 76' lang='lat' dir='ltr'><strong>se</strong></span> <span class='ocrx_word' id='word_1_528' title='bbox 1067 5651 1349 5730; x_wconf 73' lang='lat' dir='ltr'><strong>deceptum</strong></span> <span class='ocrx_word' id='word_1_529' title='bbox 1367 5646 1872 5730; x_wconf 76' lang='lat' dir='ltr'><strong>invasioneprade-</strong></span> 
     </span>
    </p>
   </div>
   <div class='ocr_carea' id='block_1_77' title="bbox 239 5716 1869 5795">
    <p class='ocr_par' dir='ltr' id='par_1_77' title="bbox 239 5716 1869 5795">
     <span class='ocr_line' id='line_1_80' title="bbox 239 5716 1869 5795; baseline -0.009 -12"><span class='ocrx_word' id='word_1_530' title='bbox 239 5716 564 5783; x_wconf 60' lang='lat' dir='ltr'><strong>Bessorum</strong></span> <span class='ocrx_word' id='word_1_531' title='bbox 605 5725 841 5795; x_wconf 88' lang='lat' dir='ltr'><strong>agnovit,</strong></span> <span class='ocrx_word' id='word_1_532' title='bbox 866 5716 1067 5795; x_wconf 75' lang='lat' dir='ltr'><strong>sancta</strong></span> <span class='ocrx_word' id='word_1_533' title='bbox 1096 5716 1215 5775; x_wconf 87' lang='lat' dir='ltr'><strong>sedi</strong></span> <span class='ocrx_word' id='word_1_534' title='bbox 1242 5716 1366 5795; x_wconf 78' lang='lat' dir='ltr'><strong>jura</strong></span> <span class='ocrx_word' id='word_1_535' title='bbox 1391 5733 1488 5795; x_wconf 82' lang='lat' dir='ltr'><strong>sua</strong></span> <span class='ocrx_word' id='word_1_536' title='bbox 1514 5716 1724 5795; x_wconf 72' lang='lat' dir='ltr'><strong>restitui</strong></span> <span class='ocrx_word' id='word_1_537' title='bbox 1759 5724 1869 5795; x_wconf 73' lang='lat' dir='ltr'><strong>tam</strong></span> 
     </span>
    </p>
   </div>
   <div class='ocr_carea' id='block_1_78' title="bbox 242 5785 1870 5865">
    <p class='ocr_par' dir='ltr' id='par_1_78' title="bbox 242 5785 1870 5865">
     <span class='ocr_line' id='line_1_81' title="bbox 242 5785 1870 5865; baseline -0.008 -10"><span class='ocrx_word' id='word_1_538' title='bbox 242 5800 529 5865; x_wconf 72' lang='lat' dir='ltr'><strong>iunipense</strong></span> <span class='ocrx_word' id='word_1_539' title='bbox 582 5785 837 5851; x_wconf 62' lang='grc' dir='ltr'><strong>(ιιιῖἰιιίίι.⁷</strong></span> <span class='ocrx_word' id='word_1_540' title='bbox 871 5794 1142 5865; x_wconf 87' lang='lat' dir='ltr'><strong>Caterum</strong></span> <span class='ocrx_word' id='word_1_541' title='bbox 1166 5785 1311 5865; x_wconf 83' lang='lat' dir='ltr'><strong>__quia</strong></span> <span class='ocrx_word' id='word_1_542' title='bbox 1356 5790 1564 5865; x_wconf 67' lang='lat' dir='ltr'><strong>regium</strong></span> <span class='ocrx_word' id='word_1_543' title='bbox 1604 5785 1870 5865; x_wconf 84' lang='lat' dir='ltr'><strong>Rudolplii</strong></span> 
     </span>
    </p>
   </div>
   <div class='ocr_carea' id='block_1_79' title="bbox 1951 558 3533 634">
    <p class='ocr_par' dir='ltr' id='par_1_79' title="bbox 1951 558 3533 634">
     <span class='ocr_line' id='line_1_82' title="bbox 1951 558 3533 634; baseline 0.006 -21"><span class='ocrx_word' id='word_1_544' title='bbox 1951 558 2111 615; x_wconf 91' lang='lat' dir='ltr'><strong>nibus</strong></span> <span class='ocrx_word' id='word_1_545' title='bbox 2127 559 2530 634; x_wconf 77' lang='lat' dir='ltr'><strong>imperatorum,</strong></span> <span class='ocrx_word' id='word_1_546' title='bbox 2546 563 2615 619; x_wconf 90' lang='lat' dir='ltr'><strong>ab</strong></span> <span class='ocrx_word' id='word_1_547' title='bbox 2627 562 2816 618; x_wconf 89' lang='lat' dir='ltr'><strong>iisdem</strong></span> <span class='ocrx_word' id='word_1_548' title='bbox 2827 558 3180 634; x_wconf 82' lang='lat' dir='ltr'><strong>principibus,</strong></span> <span class='ocrx_word' id='word_1_549' title='bbox 3197 572 3251 619; x_wconf 91' lang='lat' dir='ltr'><strong>et</strong></span> <span class='ocrx_word' id='word_1_550' title='bbox 3262 578 3330 619; x_wconf 90' lang='lat' dir='ltr'><strong>ex</strong></span> <span class='ocrx_word' id='word_1_551' title='bbox 3343 578 3533 623; x_wconf 88' lang='lat' dir='ltr'><strong>eorum</strong></span> 
     </span>
    </p>
   </div>
   <div class='ocr_carea' id='block_1_80' title="bbox 1953 630 3534 705">
    <p class='ocr_par' dir='ltr' id='par_1_80' title="bbox 1953 630 3534 705">
     <span class='ocr_line' id='line_1_83' title="bbox 1953 630 3534 705; baseline 0.006 -21"><span class='ocrx_word' id='word_1_552' title='bbox 1953 630 2594 705; x_wconf 78' lang='lat' dir='ltr'><strong>numero_eligendorum,</strong></span> <span class='ocrx_word' id='word_1_553' title='bbox 2615 633 2770 705; x_wconf 90' lang='lat' dir='ltr'><strong>plura</strong></span> <span class='ocrx_word' id='word_1_554' title='bbox 2787 630 2925 690; x_wconf 78' lang='lat' dir='ltr'><strong>ncva</strong></span> <span class='ocrx_word' id='word_1_555' title='bbox 2945 630 3250 704; x_wconf 75' lang='lat' dir='ltr'><strong>prasefert,</strong></span> <span class='ocrx_word' id='word_1_556' title='bbox 3263 636 3534 705; x_wconf 84' lang='lat' dir='ltr'><strong>pracipue</strong></span> 
     </span>
    </p>
   </div>
   <div class='ocr_carea' id='block_1_81' title="bbox 1955 700 3536 776">
    <p class='ocr_par' dir='ltr' id='par_1_81' title="bbox 1955 700 3536 776">
     <span class='ocr_line' id='line_1_84' title="bbox 1955 700 3536 776; baseline 0.006 -22"><span class='ocrx_word' id='word_1_557' title='bbox 1955 700 2092 755; x_wconf 89' lang='lat' dir='ltr'><strong>ista:</strong></span> <span class='ocrx_word' id='word_1_558' title='bbox 2117 719 2136 751; x_wconf 84' lang='grc'><em>‹</em></span> <span class='ocrx_word' id='word_1_559' title='bbox 2182 700 2259 776; x_wconf 81' lang='lat' dir='ltr'><strong>De</strong></span> <span class='ocrx_word' id='word_1_560' title='bbox 2281 718 2420 757; x_wconf 92' lang='lat' dir='ltr'><strong>novo</strong></span> <span class='ocrx_word' id='word_1_561' title='bbox 2439 700 2634 770; x_wconf 62' lang='lat' dir='ltr'><strong>libere;</strong></span> <span class='ocrx_word' id='word_1_562' title='bbox 2649 704 2890 776; x_wconf 81' lang='lat' dir='ltr'><strong>plenarie</strong></span> <span class='ocrx_word' id='word_1_563' title='bbox 2925 700 3284 776; x_wconf 62' lang='lat' dir='ltr'><strong>concedimus;</strong></span> <span class='ocrx_word' id='word_1_564' title='bbox 3299 700 3536 763; x_wconf 74' lang='grc' dir='ltr'><strong>θοιιῖἑή-</strong></span> 
     </span>
    </p>
   </div>
   <div class='ocr_carea' id='block_1_82' title="bbox 1953 772 3537 843">
    <p class='ocr_par' dir='ltr' id='par_1_82' title="bbox 1953 772 3537 843">
     <span class='ocr_line' id='line_1_85' title="bbox 1953 772 3537 843; baseline 0.005 -18"><span class='ocrx_word' id='word_1_565' title='bbox 1953 786 2094 843; x_wconf 80' lang='lat' dir='ltr'><strong>mus,</strong></span> <span class='ocrx_word' id='word_1_566' title='bbox 2119 780 2179 843; x_wconf 86' lang='lat' dir='ltr'><strong>et</strong></span> <span class='ocrx_word' id='word_1_567' title='bbox 2206 772 2488 839; x_wconf 88' lang='lat' dir='ltr'><strong>donamus,</strong></span> <span class='ocrx_word' id='word_1_568' title='bbox 2516 782 2577 829; x_wconf 92' lang='lat' dir='ltr'><strong>ut</strong></span> <span class='ocrx_word' id='word_1_569' title='bbox 2618 772 2829 830; x_wconf 76' lang='lat' dir='ltr'><strong>sublata</strong></span> <span class='ocrx_word' id='word_1_570' title='bbox 2859 775 3036 830; x_wconf 90' lang='lat' dir='ltr'><strong>omnis</strong></span> <span class='ocrx_word' id='word_1_571' title='bbox 3060 776 3442 843; x_wconf 86' lang='lat' dir='ltr'><strong>contentionis,</strong></span> <span class='ocrx_word' id='word_1_572' title='bbox 3477 786 3537 833; x_wconf 88' lang='lat' dir='ltr'><strong>et</strong></span> 
     </span>
    </p>
   </div>
   <div class='ocr_carea' id='block_1_83' title="bbox 1956 841 3536 917">
    <p class='ocr_par' dir='ltr' id='par_1_83' title="bbox 1956 841 3536 917">
     <span class='ocr_line' id='line_1_86' title="bbox 1956 841 3536 917; baseline 0.005 -21"><span class='ocrx_word' id='word_1_573' title='bbox 1956 841 2308 917; x_wconf 82' lang='lat' dir='ltr'><strong>dissens_ion_is</strong></span> <span class='ocrx_word' id='word_1_574' title='bbox 2331 845 2586 917; x_wconf 84' lang='lat' dir='ltr'><strong>materia,</strong></span> <span class='ocrx_word' id='word_1_575' title='bbox 2613 846 2768 900; x_wconf 79' lang='lat' dir='ltr'><strong>ﬁrma</strong></span> <span class='ocrx_word' id='word_1_576' title='bbox 2795 860 2930 915; x_wconf 85' lang='lat' dir='ltr'><strong>pax,</strong></span> <span class='ocrx_word' id='word_1_577' title='bbox 2964 854 3019 901; x_wconf 90' lang='lat' dir='ltr'><strong>et</strong></span> <span class='ocrx_word' id='word_1_578' title='bbox 3058 847 3217 917; x_wconf 89' lang='lat' dir='ltr'><strong>plena</strong></span> <span class='ocrx_word' id='word_1_579' title='bbox 3245 841 3536 904; x_wconf 79' lang='lat' dir='ltr'><strong>concordia</strong></span> 
     </span>
    </p>
   </div>
   <div class='ocr_carea' id='block_1_84' title="bbox 1956 911 3532 993">
    <p class='ocr_par' dir='ltr' id='par_1_84' title="bbox 1956 911 3532 993">
     <span class='ocr_line' id='line_1_87' title="bbox 1956 911 3532 993; baseline 0.004 -27"><span class='ocrx_word' id='word_1_580' title='bbox 1956 911 2098 993; x_wconf 76' lang='lat' dir='ltr'><strong>inter</strong></span> <span class='ocrx_word' id='word_1_581' title='bbox 2144 912 2441 993; x_wconf 77' lang='lat' dir='ltr'><strong>Ecclesiam</strong></span> <span class='ocrx_word' id='word_1_582' title='bbox 2486 923 2543 970; x_wconf 91' lang='lat' dir='ltr'><strong>et</strong></span> <span class='ocrx_word' id='word_1_583' title='bbox 2575 911 2861 993; x_wconf 76' lang='lat' dir='ltr'><strong>imperium</strong></span> <span class='ocrx_word' id='word_1_584' title='bbox 2887 911 3236 993; x_wconf 75' lang='lat' dir='ltr'><strong>perseverent</strong></span> <span class='ocrx_word' id='word_1_585' title='bbox 3280 936 3303 993; x_wconf 87' lang='lat'><strong>:_</strong></span> <span class='ocrx_word' id='word_1_586' title='bbox 3333 937 3353 971; x_wconf 82' lang='lat' dir='ltr'><strong>i</strong></span> <span class='ocrx_word' id='word_1_587' title='bbox 3382 919 3532 993; x_wconf 78' lang='lat' dir='ltr'><strong>quia,</strong></span> 
     </span>
    </p>
   </div>
   <div class='ocr_carea' id='block_1_85' title="bbox 1956 984 3537 1058">
    <p class='ocr_par' dir='ltr' id='par_1_85' title="bbox 1956 984 3537 1058">
     <span class='ocr_line' id='line_1_88' title="bbox 1956 984 3537 1058; baseline 0.006 -22"><span class='ocrx_word' id='word_1_588' title='bbox 1956 984 2194 1058; x_wconf 78' lang='lat' dir='ltr'><strong>inquam,</strong></span> <span class='ocrx_word' id='word_1_589' title='bbox 2211 984 2378 1058; x_wconf 82' lang='lat' dir='ltr'><strong>multa</strong></span> <span class='ocrx_word' id='word_1_590' title='bbox 2404 1000 2544 1040; x_wconf 89' lang='lat' dir='ltr'><strong>nova</strong></span> <span class='ocrx_word' id='word_1_591' title='bbox 2568 984 2840 1058; x_wconf 79' lang='lat' dir='ltr'><strong>exhibet;</strong></span> <span class='ocrx_word' id='word_1_592' title='bbox 2870 984 3136 1056; x_wconf 82' lang='lat' dir='ltr'><strong>praterea</strong></span> <span class='ocrx_word' id='word_1_593' title='bbox 3167 988 3239 1058; x_wconf 10' lang='lat' dir='ltr'><strong>id,</strong></span> <span class='ocrx_word' id='word_1_594' title='bbox 3260 984 3537 1058; x_wconf 77' lang='lat' dir='ltr'><strong>singulare</strong></span> 
     </span>
    </p>
   </div>
   <div class='ocr_carea' id='block_1_86' title="bbox 1956 1053 3539 1127">
    <p class='ocr_par' dir='ltr' id='par_1_86' title="bbox 1956 1053 3539 1127">
     <span class='ocr_line' id='line_1_89' title="bbox 1956 1053 3539 1127; baseline 0.003 -19"><span class='ocrx_word' id='word_1_595' title='bbox 1956 1060 2040 1108; x_wconf 91' lang='lat' dir='ltr'><strong>est</strong></span> <span class='ocrx_word' id='word_1_596' title='bbox 2078 1053 2404 1127; x_wconf 88' lang='lat' dir='ltr'><strong>diplomatis,</strong></span> <span class='ocrx_word' id='word_1_597' title='bbox 2438 1057 2581 1125; x_wconf 89' lang='lat' dir='ltr'><strong>quod</strong></span> <span class='ocrx_word' id='word_1_598' title='bbox 2605 1057 2749 1127; x_wconf 91' lang='lat' dir='ltr'><strong>regia</strong></span> <span class='ocrx_word' id='word_1_599' title='bbox 2791 1053 3001 1113; x_wconf 76' lang='lat' dir='ltr'><strong>tantum</strong></span> <span class='ocrx_word' id='word_1_600' title='bbox 3041 1053 3376 1113; x_wconf 67' lang='lat' dir='ltr'><strong>auctoritate</strong></span> <span class='ocrx_word' id='word_1_601' title='bbox 3406 1060 3539 1114; x_wconf 88' lang='lat' dir='ltr'><strong>niti-</strong></span> 
     </span>
    </p>
   </div>
   <div class='ocr_carea' id='block_1_87' title="bbox 1956 1125 3538 1201">
    <p class='ocr_par' dir='ltr' id='par_1_87' title="bbox 1956 1125 3538 1201">
     <span class='ocr_line' id='line_1_90' title="bbox 1956 1125 3538 1201; baseline 0.004 -24"><span class='ocrx_word' id='word_1_602' title='bbox 1956 1130 2086 1201; x_wconf 56' lang='lat' dir='ltr'><strong>tur;</strong></span> <span class='ocrx_word' id='word_1_603' title='bbox 2117 1125 2256 1201; x_wconf 87' lang='lat' dir='ltr'><strong>duo__</strong></span> <span class='ocrx_word' id='word_1_604' title='bbox 2267 1126 2623 1201; x_wconf 57' lang='lat' dir='ltr'><strong>animaduerti</strong></span> <span class='ocrx_word' id='word_1_605' title='bbox 2650 1125 2865 1201; x_wconf 81' lang='lat' dir='ltr'><strong>oportet</strong></span> <span class='ocrx_word' id='word_1_606' title='bbox 2878 1146 2920 1201; x_wconf 85' lang='lat'><strong>_:</strong></span> <span class='ocrx_word' id='word_1_607' title='bbox 2966 1129 3144 1201; x_wconf 88' lang='lat' dir='ltr'><strong>primo</strong></span> <span class='ocrx_word' id='word_1_608' title='bbox 3173 1128 3397 1201; x_wconf 86' lang='lat' dir='ltr'><strong>scilicet,</strong></span> <span class='ocrx_word' id='word_1_609' title='bbox 3428 1128 3538 1201; x_wconf 88' lang='lat' dir='ltr'><strong>legi</strong></span> 
     </span>
    </p>
   </div>
   <div class='ocr_carea' id='block_1_88' title="bbox 1957 1194 3533 1269">
    <p class='ocr_par' dir='ltr' id='par_1_88' title="bbox 1957 1194 3533 1269">
     <span class='ocr_line' id='line_1_91' title="bbox 1957 1194 3533 1269; baseline 0.003 -20"><span class='ocrx_word' id='word_1_610' title='bbox 1957 1194 2015 1249; x_wconf 90' lang='lat' dir='ltr'><strong>in</strong></span> <span class='ocrx_word' id='word_1_611' title='bbox 2054 1194 2161 1269; x_wconf 75' lang='lat' dir='ltr'><strong>fine</strong></span> <span class='ocrx_word' id='word_1_612' title='bbox 2209 1194 2371 1266; x_wconf 83' lang='lat'><strong>500</strong></span> <span class='ocrx_word' id='word_1_613' title='bbox 2413 1194 2714 1269; x_wconf 72' lang='lat' dir='ltr'><strong>diplomatis</strong></span> <span class='ocrx_word' id='word_1_614' title='bbox 2747 1216 2760 1253; x_wconf 90' lang='lat'><strong>:</strong></span> <span class='ocrx_word' id='word_1_615' title='bbox 2809 1217 2831 1251; x_wconf 82' lang='grc'>‹</span> <span class='ocrx_word' id='word_1_616' title='bbox 2866 1194 3249 1269; x_wconf 75' lang='lat' dir='ltr'><strong>.Prdmittimus</strong></span> <span class='ocrx_word' id='word_1_617' title='bbox 3291 1194 3533 1269; x_wconf 65' lang='lat' dir='ltr'><strong>insuper,</strong></span> 
     </span>
    </p>
   </div>
   <div class='ocr_carea' id='block_1_89' title="bbox 1957 1264 3534 1335">
    <p class='ocr_par' dir='ltr' id='par_1_89' title="bbox 1957 1264 3534 1335">
     <span class='ocr_line' id='line_1_92' title="bbox 1957 1264 3534 1335; baseline 0.003 -17"><span class='ocrx_word' id='word_1_618' title='bbox 1957 1264 2101 1333; x_wconf 89' lang='lat' dir='ltr'><strong>quod</strong></span> <span class='ocrx_word' id='word_1_619' title='bbox 2126 1264 2412 1335; x_wconf 78' lang='lat' dir='ltr'><strong>postquam</strong></span> <span class='ocrx_word' id='word_1_620' title='bbox 2440 1264 2666 1322; x_wconf 79' lang='lat' dir='ltr'><strong>Romam</strong></span> <span class='ocrx_word' id='word_1_621' title='bbox 2703 1270 2769 1324; x_wconf 91' lang='lat' dir='ltr'><strong>ad</strong></span> <span class='ocrx_word' id='word_1_622' title='bbox 2794 1268 3159 1335; x_wconf 88' lang='lat' dir='ltr'><strong>recipiendam</strong></span> <span class='ocrx_word' id='word_1_623' title='bbox 3202 1264 3534 1334; x_wconf 72' lang='lat' dir='ltr'><strong>unctionem,</strong></span> 
     </span>
    </p>
   </div>
   <div class='ocr_carea' id='block_1_90' title="bbox 1957 1337 3535 1408">
    <p class='ocr_par' dir='ltr' id='par_1_90' title="bbox 1957 1337 3535 1408">
     <span class='ocr_line' id='line_1_93' title="bbox 1957 1337 3535 1408; baseline 0.004 -20"><span class='ocrx_word' id='word_1_624' title='bbox 1957 1337 2383 1408; x_wconf 85' lang='lat' dir='ltr'><strong>coronationem,</strong></span> <span class='ocrx_word' id='word_1_625' title='bbox 2413 1345 2469 1391; x_wconf 89' lang='lat' dir='ltr'><strong>et</strong></span> <span class='ocrx_word' id='word_1_626' title='bbox 2490 1338 2767 1408; x_wconf 88' lang='lat' dir='ltr'><strong>imperiale</strong></span> <span class='ocrx_word' id='word_1_627' title='bbox 2809 1337 3057 1395; x_wconf 86' lang='lat' dir='ltr'><strong>diadema</strong></span> <span class='ocrx_word' id='word_1_628' title='bbox 3104 1340 3535 1408; x_wconf 89' lang='lat' dir='ltr'><strong>pervenerimus,</strong></span> 
     </span>
    </p>
   </div>
   <div class='ocr_carea' id='block_1_91' title="bbox 1958 1405 3539 1482">
    <p class='ocr_par' dir='ltr' id='par_1_91' title="bbox 1958 1405 3539 1482">
     <span class='ocr_line' id='line_1_94' title="bbox 1958 1405 3539 1482; baseline 0.003 -22"><span class='ocrx_word' id='word_1_629' title='bbox 1958 1405 2181 1482; x_wconf 81' lang='lat' dir='ltr'><strong>ipsaque</strong></span> <span class='ocrx_word' id='word_1_630' title='bbox 2240 1405 2675 1482; x_wconf 66' lang='lat' dir='ltr'><strong>perceperimiis,</strong></span> <span class='ocrx_word' id='word_1_631' title='bbox 2726 1409 2866 1482; x_wconf 83' lang='lat' dir='ltr'><strong>infra</strong></span> <span class='ocrx_word' id='word_1_632' title='bbox 2917 1419 3038 1466; x_wconf 90' lang='lat' dir='ltr'><strong>octo</strong></span> <span class='ocrx_word' id='word_1_633' title='bbox 3088 1405 3205 1467; x_wconf 86' lang='lat' dir='ltr'><strong>dies</strong></span> <span class='ocrx_word' id='word_1_634' title='bbox 3258 1405 3539 1482; x_wconf 83' lang='lat' dir='ltr'><strong>pramissa</strong></span> 
     </span>
    </p>
   </div>
   <div class='ocr_carea' id='block_1_92' title="bbox 1958 1477 3541 1549">
    <p class='ocr_par' dir='ltr' id='par_1_92' title="bbox 1958 1477 3541 1549">
     <span class='ocr_line' id='line_1_95' title="bbox 1958 1477 3541 1549; baseline 0.003 -17"><span class='ocrx_word' id='word_1_635' title='bbox 1958 1477 2139 1532; x_wconf 89' lang='lat' dir='ltr'><strong>omnia</strong></span> <span class='ocrx_word' id='word_1_636' title='bbox 2201 1486 2255 1532; x_wconf 91' lang='lat' dir='ltr'><strong>et</strong></span> <span class='ocrx_word' id='word_1_637' title='bbox 2306 1477 2515 1549; x_wconf 80' lang='lat' dir='ltr'><strong>singula</strong></span> <span class='ocrx_word' id='word_1_638' title='bbox 2582 1480 2995 1549; x_wconf 89' lang='lat' dir='ltr'><strong>iniiovabimus,</strong></span> <span class='ocrx_word' id='word_1_639' title='bbox 3053 1489 3109 1536; x_wconf 91' lang='lat' dir='ltr'><strong>et</strong></span> <span class='ocrx_word' id='word_1_640' title='bbox 3150 1481 3216 1537; x_wconf 90' lang='lat' dir='ltr'><strong>de</strong></span> <span class='ocrx_word' id='word_1_641' title='bbox 3260 1477 3410 1537; x_wconf 71' lang='lat' dir='ltr'><strong>novo</strong></span> <span class='ocrx_word' id='word_1_642' title='bbox 3461 1481 3541 1536; x_wconf 89' lang='lat' dir='ltr'><strong>in-</strong></span> 
     </span>
    </p>
   </div>
   <div class='ocr_carea' id='block_1_93' title="bbox 1958 1549 3540 1621">
    <p class='ocr_par' dir='ltr' id='par_1_93' title="bbox 1958 1549 3540 1621">
     <span class='ocr_line' id='line_1_96' title="bbox 1958 1549 3540 1621; baseline 0.003 -20"><span class='ocrx_word' id='word_1_643' title='bbox 1958 1555 2139 1621; x_wconf 83' lang='lat' dir='ltr'><strong>tegre,</strong></span> <span class='ocrx_word' id='word_1_644' title='bbox 2203 1564 2269 1604; x_wconf 91' lang='lat' dir='ltr'><strong>ac</strong></span> <span class='ocrx_word' id='word_1_645' title='bbox 2327 1549 2569 1621; x_wconf 88' lang='lat' dir='ltr'><strong>plenarie</strong></span> <span class='ocrx_word' id='word_1_646' title='bbox 2619 1549 2919 1614; x_wconf 86' lang='lat' dir='ltr'><strong>faciemus;</strong></span> <span class='ocrx_word' id='word_1_647' title='bbox 2974 1571 2994 1605; x_wconf 83' lang='lat' dir='ltr'><strong>i</strong></span> <span class='ocrx_word' id='word_1_648' title='bbox 3042 1566 3209 1621; x_wconf 91' lang='lat' dir='ltr'><strong>quare</strong></span> <span class='ocrx_word' id='word_1_649' title='bbox 3262 1559 3540 1621; x_wconf 87' lang='lat' dir='ltr'><strong>utcunque</strong></span> 
     </span>
    </p>
   </div>
   <div class='ocr_carea' id='block_1_94' title="bbox 1959 1618 3540 1689">
    <p class='ocr_par' dir='ltr' id='par_1_94' title="bbox 1959 1618 3540 1689">
     <span class='ocr_line' id='line_1_97' title="bbox 1959 1618 3540 1689; baseline 0.003 -17"><span class='ocrx_word' id='word_1_650' title='bbox 1959 1618 2127 1674; x_wconf 85' lang='lat' dir='ltr'><strong>variis</strong></span> <span class='ocrx_word' id='word_1_651' title='bbox 2172 1618 2388 1689; x_wconf 82' lang='lat' dir='ltr'><strong>semper</strong></span> <span class='ocrx_word' id='word_1_652' title='bbox 2440 1622 2620 1677; x_wconf 89' lang='lat' dir='ltr'><strong>causis</strong></span> <span class='ocrx_word' id='word_1_653' title='bbox 2667 1622 3046 1678; x_wconf 88' lang='lat' dir='ltr'><strong>accedentibus</strong></span> <span class='ocrx_word' id='word_1_654' title='bbox 3060 1618 3125 1677; x_wconf 76' lang='lat' dir='ltr'><strong>in</strong></span> <span class='ocrx_word' id='word_1_655' title='bbox 3174 1622 3377 1679; x_wconf 87' lang='lat' dir='ltr'><strong>Urbem</strong></span> <span class='ocrx_word' id='word_1_656' title='bbox 3404 1618 3540 1677; x_wconf 76' lang='lat' dir='ltr'><strong>nun-</strong></span> 
     </span>
    </p>
   </div>
   <div class='ocr_carea' id='block_1_95' title="bbox 1960 1690 3541 1775">
    <p class='ocr_par' dir='ltr' id='par_1_95' title="bbox 1960 1690 3541 1775">
     <span class='ocr_line' id='line_1_98' title="bbox 1960 1690 3541 1775; baseline 0.003 -32"><span class='ocrx_word' id='word_1_657' title='bbox 1960 1704 2123 1772; x_wconf 78' lang='lat' dir='ltr'><strong>quam</strong></span> <span class='ocrx_word' id='word_1_658' title='bbox 2138 1690 2397 1775; x_wconf 34' lang='lat' dir='ltr'><strong>&#39;venerit,‘</strong></span> <span class='ocrx_word' id='word_1_659' title='bbox 2417 1691 2664 1775; x_wconf 56' lang='lat' dir='ltr'><strong>diploma</strong></span> <span class='ocrx_word' id='word_1_660' title='bbox 2685 1690 2829 1746; x_wconf 88' lang='lat' dir='ltr'><strong>istud</strong></span> <span class='ocrx_word' id='word_1_661' title='bbox 2864 1694 3070 1775; x_wconf 73' lang='lat' dir='ltr'><strong>regium</strong></span> <span class='ocrx_word' id='word_1_662' title='bbox 3097 1693 3282 1775; x_wconf 52' lang='lat' dir='ltr'><strong>pluris</strong></span> <span class='ocrx_word' id='word_1_663' title='bbox 3297 1708 3460 1775; x_wconf 83' lang='lat' dir='ltr'><strong>quam</strong></span> <span class='ocrx_word' id='word_1_664' title='bbox 3491 1693 3541 1748; x_wconf 90' lang='lat' dir='ltr'><strong>si</strong></span> 
     </span>
    </p>
   </div>
   <div class='ocr_carea' id='block_1_96' title="bbox 1960 1760 3541 1833">
    <p class='ocr_par' dir='ltr' id='par_1_96' title="bbox 1960 1760 3541 1833">
     <span class='ocr_line' id='line_1_99' title="bbox 1960 1760 3541 1833; baseline 0.002 -19"><span class='ocrx_word' id='word_1_665' title='bbox 1960 1761 2241 1829; x_wconf 89' lang='lat' dir='ltr'><strong>imperiale</strong></span> <span class='ocrx_word' id='word_1_666' title='bbox 2261 1768 2425 1833; x_wconf 80' lang='lat' dir='ltr'><strong>esset,</strong></span> <span class='ocrx_word' id='word_1_667' title='bbox 2452 1760 2760 1833; x_wconf 86' lang='lat' dir='ltr'><strong>faciendum</strong></span> <span class='ocrx_word' id='word_1_668' title='bbox 2788 1760 3158 1818; x_wconf 52' lang='lat' dir='ltr'><strong>esseIDeinde</strong></span> <span class='ocrx_word' id='word_1_669' title='bbox 3189 1760 3353 1820; x_wconf 89' lang='lat' dir='ltr'><strong>Urbis</strong></span> <span class='ocrx_word' id='word_1_670' title='bbox 3378 1771 3541 1833; x_wconf 88' lang='lat' dir='ltr'><strong>atque</strong></span> 
     </span>
    </p>
   </div>
   <div class='ocr_carea' id='block_1_97' title="bbox 1962 1831 3541 1903">
    <p class='ocr_par' dir='ltr' id='par_1_97' title="bbox 1962 1831 3541 1903">
     <span class='ocr_line' id='line_1_100' title="bbox 1962 1831 3541 1903; baseline 0.001 -17"><span class='ocrx_word' id='word_1_671' title='bbox 1962 1834 2138 1886; x_wconf 91' lang='lat' dir='ltr'><strong>omnis</strong></span> <span class='ocrx_word' id='word_1_672' title='bbox 2176 1831 2466 1903; x_wconf 76' lang='lat' dir='ltr'><strong>pontificia</strong></span> <span class='ocrx_word' id='word_1_673' title='bbox 2501 1832 2947 1903; x_wconf 20' lang='lat' dir='ltr'><strong>ditionisteorum</strong></span> <span class='ocrx_word' id='word_1_674' title='bbox 3001 1842 3302 1903; x_wconf 88' lang='lat' dir='ltr'><strong>temporum</strong></span> <span class='ocrx_word' id='word_1_675' title='bbox 3338 1831 3541 1890; x_wconf 81' lang='lat' dir='ltr'><strong>statum</strong></span> 
     </span>
    </p>
   </div>
   <div class='ocr_carea' id='block_1_98' title="bbox 1958 1901 3542 1973">
    <p class='ocr_par' dir='ltr' id='par_1_98' title="bbox 1958 1901 3542 1973">
     <span class='ocr_line' id='line_1_101' title="bbox 1958 1901 3542 1973; baseline 0.003 -19"><span class='ocrx_word' id='word_1_676' title='bbox 1958 1901 2293 1973; x_wconf 81' lang='lat' dir='ltr'><strong>persuasisse</strong></span> <span class='ocrx_word' id='word_1_677' title='bbox 2321 1901 2542 1957; x_wconf 89' lang='lat' dir='ltr'><strong>Nicolao</strong></span> <span class='ocrx_word' id='word_1_678' title='bbox 2572 1902 2832 1973; x_wconf 87' lang='lat' dir='ltr'><strong>pontiﬁci,</strong></span> <span class='ocrx_word' id='word_1_679' title='bbox 2866 1913 2926 1957; x_wconf 92' lang='lat' dir='ltr'><strong>ut</strong></span> <span class='ocrx_word' id='word_1_680' title='bbox 2944 1901 3144 1959; x_wconf 75' lang='lat' dir='ltr'><strong>sancta</strong></span> <span class='ocrx_word' id='word_1_681' title='bbox 3166 1905 3310 1960; x_wconf 90' lang='lat' dir='ltr'><strong>sedis</strong></span> <span class='ocrx_word' id='word_1_682' title='bbox 3326 1903 3542 1973; x_wconf 85' lang='lat' dir='ltr'><strong>juribus</strong></span> 
     </span>
    </p>
   </div>
   <div class='ocr_carea' id='block_1_99' title="bbox 1960 1972 3543 2044">
    <p class='ocr_par' dir='ltr' id='par_1_99' title="bbox 1960 1972 3543 2044">
     <span class='ocr_line' id='line_1_102' title="bbox 1960 1972 3543 2044; baseline 0.001 -17"><span class='ocrx_word' id='word_1_683' title='bbox 1960 1972 2268 2044; x_wconf 86' lang='lat' dir='ltr'><strong>diligentius</strong></span> <span class='ocrx_word' id='word_1_684' title='bbox 2290 1987 2453 2044; x_wconf 79' lang='lat' dir='ltr'><strong>quam</strong></span> <span class='ocrx_word' id='word_1_685' title='bbox 2488 1972 3021 2044; x_wconf 35' lang='lat' dir='ltr'><strong>sui’pradecessores</strong></span> <span class='ocrx_word' id='word_1_686' title='bbox 3055 1972 3381 2030; x_wconf 84' lang='lat' dir='ltr'><strong>consuleret.</strong></span> <span class='ocrx_word' id='word_1_687' title='bbox 3410 1973 3543 2040; x_wconf 79' lang='lat' dir='ltr'><strong>Qua</strong></span> 
     </span>
    </p>
   </div>
   <div class='ocr_carea' id='block_1_100' title="bbox 1958 2041 3545 2128">
    <p class='ocr_par' dir='ltr' id='par_1_100' title="bbox 1958 2041 3545 2128">
     <span class='ocr_line' id='line_1_103' title="bbox 1958 2041 3545 2128; baseline 0.003 -32"><span class='ocrx_word' id='word_1_688' title='bbox 1958 2050 2020 2128; x_wconf 57' lang='grc' dir='ltr'><strong>ιιι</strong></span> <span class='ocrx_word' id='word_1_689' title='bbox 2066 2041 2333 2128; x_wconf 79' lang='lat' dir='ltr'><strong>evidentia</strong></span> <span class='ocrx_word' id='word_1_690' title='bbox 2382 2042 2515 2128; x_wconf 76' lang='lat' dir='ltr'><strong>ﬁant</strong></span> <span class='ocrx_word' id='word_1_691' title='bbox 2539 2085 2555 2109; x_wconf 92' lang='lat'><strong>,</strong></span> <span class='ocrx_word' id='word_1_692' title='bbox 2599 2041 2851 2126; x_wconf 72' lang='lat' dir='ltr'><strong>reputari</strong></span> <span class='ocrx_word' id='word_1_693' title='bbox 2892 2052 3142 2128; x_wconf 66' lang='lat' dir='ltr'><strong>upurtet,</strong></span> <span class='ocrx_word' id='word_1_694' title='bbox 3194 2044 3371 2128; x_wconf 74' lang='lat' dir='ltr'><strong>qualis</strong></span> <span class='ocrx_word' id='word_1_695' title='bbox 3407 2052 3545 2128; x_wconf 75' lang='lat' dir='ltr'><strong>tunc</strong></span> 
     </span>
    </p>
   </div>
   <div class='ocr_carea' id='block_1_101' title="bbox 1959 2112 3545 2183">
    <p class='ocr_par' dir='ltr' id='par_1_101' title="bbox 1959 2112 3545 2183">
     <span class='ocr_line' id='line_1_104' title="bbox 1959 2112 3545 2183; baseline 0.001 -16"><span class='ocrx_word' id='word_1_696' title='bbox 1959 2112 2131 2167; x_wconf 85' lang='lat' dir='ltr'><strong>Roma</strong></span> <span class='ocrx_word' id='word_1_697' title='bbox 2157 2121 2320 2179; x_wconf 88' lang='lat' dir='ltr'><strong>esset,</strong></span> <span class='ocrx_word' id='word_1_698' title='bbox 2347 2114 2544 2183; x_wconf 89' lang='lat' dir='ltr'><strong>quidve</strong></span> <span class='ocrx_word' id='word_1_699' title='bbox 2581 2112 2765 2170; x_wconf 90' lang='lat' dir='ltr'><strong>rerum</strong></span> <span class='ocrx_word' id='word_1_700' title='bbox 2807 2115 2862 2169; x_wconf 92' lang='lat' dir='ltr'><strong>in</strong></span> <span class='ocrx_word' id='word_1_701' title='bbox 2908 2112 3066 2171; x_wconf 87' lang='lat' dir='ltr'><strong>Urbis</strong></span> <span class='ocrx_word' id='word_1_702' title='bbox 3091 2112 3371 2183; x_wconf 84' lang='lat' dir='ltr'><strong>territorio</strong></span> <span class='ocrx_word' id='word_1_703' title='bbox 3402 2121 3545 2169; x_wconf 90' lang='lat' dir='ltr'><strong>tota-</strong></span> 
     </span>
    </p>
   </div>
   <div class='ocr_carea' id='block_1_102' title="bbox 1959 2183 3185 2256">
    <p class='ocr_par' dir='ltr' id='par_1_102' title="bbox 1959 2183 3185 2256">
     <span class='ocr_line' id='line_1_105' title="bbox 1959 2183 3185 2256; baseline 0.003 -19"><span class='ocrx_word' id='word_1_704' title='bbox 1959 2198 2068 2256; x_wconf 62' lang='lat' dir='ltr'><strong>qug</strong></span> <span class='ocrx_word' id='word_1_705' title='bbox 2078 2183 2146 2256; x_wconf 87' lang='lat' dir='ltr'><strong>_in</strong></span> <span class='ocrx_word' id='word_1_706' title='bbox 2159 2184 2544 2256; x_wconf 88' lang='lat' dir='ltr'><strong>_ecclesiastica</strong></span> <span class='ocrx_word' id='word_1_707' title='bbox 2579 2184 2782 2256; x_wconf 88' lang='lat' dir='ltr'><strong>ditione</strong></span> <span class='ocrx_word' id='word_1_708' title='bbox 2811 2193 3185 2256; x_wconf 84' lang='lat' dir='ltr'><strong>perageretur.</strong></span> 
     </span>
    </p>
   </div>
   <div class='ocr_carea' id='block_1_103' title="bbox 2027 2253 3543 2327">
    <p class='ocr_par' dir='ltr' id='par_1_103' title="bbox 2027 2253 3543 2327">
     <span class='ocr_line' id='line_1_106' title="bbox 2027 2253 3543 2327; baseline 0.002 -20"><span class='ocrx_word' id='word_1_709' title='bbox 2027 2253 2118 2308; x_wconf 80' lang='lat' dir='ltr'><strong>XI.</strong></span> <span class='ocrx_word' id='word_1_710' title='bbox 2155 2253 2305 2327; x_wconf 81' lang='lat' dir='ltr'><strong>Inter</strong></span> <span class='ocrx_word' id='word_1_711' title='bbox 2348 2263 2573 2327; x_wconf 82' lang='lat' dir='ltr'><strong>cateras</strong></span> <span class='ocrx_word' id='word_1_712' title='bbox 2627 2253 2857 2327; x_wconf 78' lang='lat' dir='ltr'><strong>Romani</strong></span> <span class='ocrx_word' id='word_1_713' title='bbox 2899 2253 3083 2327; x_wconf 83' lang='lat' dir='ltr'><strong>populi</strong></span> <span class='ocrx_word' id='word_1_714' title='bbox 3130 2255 3460 2313; x_wconf 81' lang='lat' dir='ltr'><strong>defectiones</strong></span> <span class='ocrx_word' id='word_1_715' title='bbox 3508 2269 3543 2310; x_wconf 87' lang='lat' dir='ltr'><strong>a</strong></span> 
     </span>
    </p>
   </div>
   <div class='ocr_carea' id='block_1_104' title="bbox 1959 2325 3545 2397">
    <p class='ocr_par' dir='ltr' id='par_1_104' title="bbox 1959 2325 3545 2397">
     <span class='ocr_line' id='line_1_107' title="bbox 1959 2325 3545 2397; baseline 0.001 -17"><span class='ocrx_word' id='word_1_716' title='bbox 1959 2338 2210 2397; x_wconf 90' lang='lat' dir='ltr'><strong>supremo</strong></span> <span class='ocrx_word' id='word_1_717' title='bbox 2226 2325 2489 2395; x_wconf 91' lang='lat' dir='ltr'><strong>principe,</strong></span> <span class='ocrx_word' id='word_1_718' title='bbox 2521 2326 2608 2397; x_wconf 75' lang='lat' dir='ltr'><strong>illa</strong></span> <span class='ocrx_word' id='word_1_719' title='bbox 2648 2325 3255 2397; x_wconf 60' lang='lat' dir='ltr'><strong>maxime&#39;celebratur,</strong></span> <span class='ocrx_word' id='word_1_720' title='bbox 3285 2341 3406 2397; x_wconf 89' lang='lat' dir='ltr'><strong>qua</strong></span> <span class='ocrx_word' id='word_1_721' title='bbox 3453 2341 3545 2381; x_wconf 90' lang='lat' dir='ltr'><strong>su-</strong></span> 
     </span>
    </p>
   </div>
   <div class='ocr_carea' id='block_1_105' title="bbox 1958 2395 3541 2519">
    <p class='ocr_par' dir='ltr' id='par_1_105' title="bbox 1958 2395 3541 2519">
     <span class='ocr_line' id='line_1_108' title="bbox 1958 2395 3541 2519; baseline 0.001 -70"><span class='ocrx_word' id='word_1_722' title='bbox 1958 2410 2146 2519; x_wconf 40' lang='lat' dir='ltr'><strong>tilremo</strong></span> <span class='ocrx_word' id='word_1_723' title='bbox 2196 2396 2488 2452; x_wconf 88' lang='lat' dir='ltr'><strong>innocentii</strong></span> <span class='ocrx_word' id='word_1_724' title='bbox 2525 2395 2570 2451; x_wconf 89' lang='grc'><strong>11</strong></span> <span class='ocrx_word' id='word_1_725' title='bbox 2593 2411 2763 2462; x_wconf 90' lang='lat' dir='ltr'><strong>anno,</strong></span> <span class='ocrx_word' id='word_1_726' title='bbox 2815 2396 3065 2452; x_wconf 90' lang='lat' dir='ltr'><strong>videlicet</strong></span> <span class='ocrx_word' id='word_1_727' title='bbox 3114 2395 3541 2462; x_wconf 51' lang='lat' dir='ltr'><strong>HASfevenit.</strong></span> 
     </span>
     <span class='ocr_line' id='line_1_109' title="bbox 2008 2466 3541 2519; baseline 0 0"><span class='ocrx_word' id='word_1_728' title='bbox 2008 2481 2096 2519; x_wconf 89' lang='lat' dir='ltr'><strong>am</strong></span> <span class='ocrx_word' id='word_1_729' title='bbox 2136 2466 2400 2519; x_wconf 88' lang='lat' dir='ltr'><strong>laicorum</strong></span> <span class='ocrx_word' id='word_1_730' title='bbox 2427 2468 2593 2519; x_wconf 88' lang='lat' dir='ltr'><strong>animi</strong></span> <span class='ocrx_word' id='word_1_731' title='bbox 2639 2466 2832 2519; x_wconf 88' lang='lat' dir='ltr'><strong>haresi</strong></span> <span class='ocrx_word' id='word_1_732' title='bbox 2873 2467 3097 2519; x_wconf 85' lang='lat' dir='ltr'><strong>Arnaldi</strong></span> <span class='ocrx_word' id='word_1_733' title='bbox 3129 2466 3427 2519; x_wconf 84' lang='lat' dir='ltr'><strong>Brixiensis</strong></span> <span class='ocrx_word' id='word_1_734' title='bbox 3452 2468 3541 2519; x_wconf 92' lang='lat' dir='ltr'><strong>in-</strong></span> 
     </span>
    </p>
   </div>
   <div class='ocr_carea' id='block_1_106' title="bbox 2008 2466 3543 2522">
    <p class='ocr_par' dir='ltr' id='par_1_106' title="bbox 2008 2466 3543 2522">
     <span class='ocr_line' id='line_1_110' title="bbox 2008 2466 3543 2522; baseline 0.002 -3"><span class='ocrx_word' id='word_1_735' title='bbox 2008 2481 2096 2519; x_wconf 89' lang='lat' dir='ltr'><strong>am</strong></span> <span class='ocrx_word' id='word_1_736' title='bbox 2136 2466 2400 2521; x_wconf 89' lang='lat' dir='ltr'><strong>laicorum</strong></span> <span class='ocrx_word' id='word_1_737' title='bbox 2427 2468 2593 2522; x_wconf 90' lang='lat' dir='ltr'><strong>animi</strong></span> <span class='ocrx_word' id='word_1_738' title='bbox 2639 2466 2832 2522; x_wconf 88' lang='lat' dir='ltr'><strong>haresi</strong></span> <span class='ocrx_word' id='word_1_739' title='bbox 2873 2467 3097 2522; x_wconf 86' lang='lat' dir='ltr'><strong>Arnaldi</strong></span> <span class='ocrx_word' id='word_1_740' title='bbox 3129 2466 3427 2522; x_wconf 87' lang='lat' dir='ltr'><strong>Brixiensis</strong></span> <span class='ocrx_word' id='word_1_741' title='bbox 3452 2468 3543 2522; x_wconf 92' lang='lat' dir='ltr'><strong>in-</strong></span> 
     </span>
    </p>
   </div>
   <div class='ocr_carea' id='block_1_107' title="bbox 1958 2535 3543 2607">
    <p class='ocr_par' dir='ltr' id='par_1_107' title="bbox 1958 2535 3543 2607">
     <span class='ocr_line' id='line_1_111' title="bbox 1958 2535 3543 2607; baseline 0.001 -16"><span class='ocrx_word' id='word_1_742' title='bbox 1958 2535 2106 2602; x_wconf 88' lang='lat' dir='ltr'><strong>fecti,</strong></span> <span class='ocrx_word' id='word_1_743' title='bbox 2136 2538 2361 2592; x_wconf 89' lang='lat' dir='ltr'><strong>obtentu</strong></span> <span class='ocrx_word' id='word_1_744' title='bbox 2402 2538 2645 2607; x_wconf 91' lang='lat' dir='ltr'><strong>pristina</strong></span> <span class='ocrx_word' id='word_1_745' title='bbox 2700 2537 3066 2593; x_wconf 83' lang='lat' dir='ltr'><strong>Romanorum</strong></span> <span class='ocrx_word' id='word_1_746' title='bbox 3113 2538 3298 2607; x_wconf 79' lang='lat' dir='ltr'><strong>gloria</strong></span> <span class='ocrx_word' id='word_1_747' title='bbox 3337 2538 3543 2593; x_wconf 64' lang='lat' dir='ltr'><strong>instauo</strong></span> 
     </span>
    </p>
   </div>
   <div class='ocr_carea' id='block_1_108' title="bbox 1958 2608 3545 2678">
    <p class='ocr_par' dir='ltr' id='par_1_108' title="bbox 1958 2608 3545 2678">
     <span class='ocr_line' id='line_1_112' title="bbox 1958 2608 3545 2678; baseline 0.002 -17"><span class='ocrx_word' id='word_1_748' title='bbox 1958 2609 2169 2673; x_wconf 88' lang='lat' dir='ltr'><strong>randa,</strong></span> <span class='ocrx_word' id='word_1_749' title='bbox 2221 2616 2467 2664; x_wconf 90' lang='lat' dir='ltr'><strong>senatum</strong></span> <span class='ocrx_word' id='word_1_750' title='bbox 2519 2624 2619 2678; x_wconf 92' lang='lat' dir='ltr'><strong>pro</strong></span> <span class='ocrx_word' id='word_1_751' title='bbox 2675 2608 2818 2663; x_wconf 89' lang='lat' dir='ltr'><strong>civili</strong></span> <span class='ocrx_word' id='word_1_752' title='bbox 2867 2608 3028 2664; x_wconf 88' lang='lat' dir='ltr'><strong>Urbis</strong></span> <span class='ocrx_word' id='word_1_753' title='bbox 3077 2608 3545 2665; x_wconf 85' lang='lat' dir='ltr'><strong>administratione</strong></span> 
     </span>
    </p>
   </div>
   <div class='ocr_carea' id='block_1_109' title="bbox 1958 2678 3542 2749">
    <p class='ocr_par' dir='ltr' id='par_1_109' title="bbox 1958 2678 3542 2749">
     <span class='ocr_line' id='line_1_113' title="bbox 1958 2678 3542 2749; baseline 0 -16"><span class='ocrx_word' id='word_1_754' title='bbox 1958 2678 2217 2749; x_wconf 87' lang='lat' dir='ltr'><strong>adversus</strong></span> <span class='ocrx_word' id='word_1_755' title='bbox 2290 2678 2621 2749; x_wconf 82' lang='lat' dir='ltr'><strong>pontiﬁciam</strong></span> <span class='ocrx_word' id='word_1_756' title='bbox 2702 2680 3081 2735; x_wconf 88' lang='lat' dir='ltr'><strong>auctoritatem</strong></span> <span class='ocrx_word' id='word_1_757' title='bbox 3170 2680 3542 2734; x_wconf 83' lang='lat' dir='ltr'><strong>instituerunt.</strong></span> 
     </span>
    </p>
   </div>
   <div class='ocr_carea' id='block_1_110' title="bbox 1958 2748 3545 2829">
    <p class='ocr_par' dir='ltr' id='par_1_110' title="bbox 1958 2748 3545 2829">
     <span class='ocr_line' id='line_1_114' title="bbox 1958 2748 3545 2829; baseline 0 -26"><span class='ocrx_word' id='word_1_758' title='bbox 1958 2748 2131 2829; x_wconf 73' lang='lat' dir='ltr'><strong>Quam</strong></span> <span class='ocrx_word' id='word_1_759' title='bbox 2164 2748 2329 2829; x_wconf 83' lang='lat' dir='ltr'><strong>porro</strong></span> <span class='ocrx_word' id='word_1_760' title='bbox 2363 2750 2763 2829; x_wconf 76' lang='lat' dir='ltr'><strong>institutionem</strong></span> <span class='ocrx_word' id='word_1_761' title='bbox 2812 2759 3129 2820; x_wconf 89' lang='lat' dir='ltr'><strong>perpetuam</strong></span> <span class='ocrx_word' id='word_1_762' title='bbox 3166 2749 3429 2805; x_wconf 89' lang='lat' dir='ltr'><strong>reddituri</strong></span> <span class='ocrx_word' id='word_1_763' title='bbox 3475 2750 3545 2829; x_wconf 85' lang='lat' dir='ltr'><strong>ab</strong></span> 
     </span>
    </p>
   </div>
   <div class='ocr_carea' id='block_1_111' title="bbox 1957 2820 3544 2892">
    <p class='ocr_par' dir='ltr' id='par_1_111' title="bbox 1957 2820 3544 2892">
     <span class='ocr_line' id='line_1_115' title="bbox 1957 2820 3544 2892; baseline -0.001 -17"><span class='ocrx_word' id='word_1_764' title='bbox 1957 2820 2097 2892; x_wconf 77' lang='lat' dir='ltr'><strong>ipsa</strong></span> <span class='ocrx_word' id='word_1_765' title='bbox 2132 2820 2248 2887; x_wconf 87' lang='lat' dir='ltr'><strong>ejus</strong></span> <span class='ocrx_word' id='word_1_766' title='bbox 2294 2820 2505 2892; x_wconf 89' lang='lat' dir='ltr'><strong>origine</strong></span> <span class='ocrx_word' id='word_1_767' title='bbox 2539 2822 2680 2876; x_wconf 88' lang='lat' dir='ltr'><strong>inire</strong></span> <span class='ocrx_word' id='word_1_768' title='bbox 2736 2836 2907 2892; x_wconf 77' lang='lat' dir='ltr'><strong>annos</strong></span> <span class='ocrx_word' id='word_1_769' title='bbox 2960 2832 3181 2877; x_wconf 90' lang='lat' dir='ltr'><strong>senatus</strong></span> <span class='ocrx_word' id='word_1_770' title='bbox 3240 2827 3544 2892; x_wconf 77' lang='lat' dir='ltr'><strong>caperunt,</strong></span> 
     </span>
    </p>
   </div>
   <div class='ocr_carea' id='block_1_112' title="bbox 1958 2890 3547 2961">
    <p class='ocr_par' dir='ltr' id='par_1_112' title="bbox 1958 2890 3547 2961">
     <span class='ocr_line' id='line_1_116' title="bbox 1958 2890 3547 2961; baseline 0 -16"><span class='ocrx_word' id='word_1_771' title='bbox 1958 2890 2102 2961; x_wconf 89' lang='lat' dir='ltr'><strong>quod</strong></span> <span class='ocrx_word' id='word_1_772' title='bbox 2128 2899 2275 2960; x_wconf 89' lang='lat' dir='ltr'><strong>patet</strong></span> <span class='ocrx_word' id='word_1_773' title='bbox 2294 2907 2359 2946; x_wconf 85' lang='lat' dir='ltr'><strong>ex</strong></span> <span class='ocrx_word' id='word_1_774' title='bbox 2387 2890 2781 2947; x_wconf 75' lang='lat' dir='ltr'><strong>monumentis.</strong></span> <span class='ocrx_word' id='word_1_775' title='bbox 2813 2890 3018 2946; x_wconf 87' lang='lat' dir='ltr'><strong>Horum</strong></span> <span class='ocrx_word' id='word_1_776' title='bbox 3051 2907 3221 2946; x_wconf 90' lang='lat' dir='ltr'><strong>unum</strong></span> <span class='ocrx_word' id='word_1_777' title='bbox 3264 2890 3422 2946; x_wconf 78' lang='lat' dir='ltr'><strong>affert</strong></span> <span class='ocrx_word' id='word_1_778' title='bbox 3444 2891 3547 2961; x_wconf 86' lang='lat' dir='ltr'><strong>Ba-</strong></span> 
     </span>
    </p>
   </div>
   <div class='ocr_carea' id='block_1_113' title="bbox 1958 2960 3548 3034">
    <p class='ocr_par' dir='ltr' id='par_1_113' title="bbox 1958 2960 3548 3034">
     <span class='ocr_line' id='line_1_117' title="bbox 1958 2960 3548 3034; baseline -0.002 -16"><span class='ocrx_word' id='word_1_779' title='bbox 1958 2961 2146 3034; x_wconf 77' lang='lat' dir='ltr'><strong>ronius</strong></span> <span class='ocrx_word' id='word_1_780' title='bbox 2171 2962 2362 3034; x_wconf 86' lang='grc'><strong>(1188,</strong></span> <span class='ocrx_word' id='word_1_781' title='bbox 2392 2979 2447 3016; x_wconf 88' lang='grc' dir='ltr'><strong>ιι.</strong></span> <span class='ocrx_word' id='word_1_782' title='bbox 2488 2963 2559 3017; x_wconf 74' lang='grc'><strong>25</strong></span> <span class='ocrx_word' id='word_1_783' title='bbox 2599 2965 2776 3034; x_wconf 88' lang='lat' dir='ltr'><strong>seqq.)</strong></span> <span class='ocrx_word' id='word_1_784' title='bbox 2810 2976 2876 3016; x_wconf 89' lang='lat' dir='ltr'><strong>ex</strong></span> <span class='ocrx_word' id='word_1_785' title='bbox 2905 2962 3043 3034; x_wconf 82' lang='lat' dir='ltr'><strong>libro</strong></span> <span class='ocrx_word' id='word_1_786' title='bbox 3069 2962 3360 3034; x_wconf 73' lang='lat' dir='ltr'><strong>Censuutn,</strong></span> <span class='ocrx_word' id='word_1_787' title='bbox 3398 2960 3548 3015; x_wconf 85' lang='lat' dir='ltr'><strong>inita</strong></span> 
     </span>
    </p>
   </div>
   <div class='ocr_carea' id='block_1_114' title="bbox 1956 3031 3548 3102">
    <p class='ocr_par' dir='ltr' id='par_1_114' title="bbox 1956 3031 3548 3102">
     <span class='ocr_line' id='line_1_118' title="bbox 1956 3031 3548 3102; baseline -0.001 -15"><span class='ocrx_word' id='word_1_788' title='bbox 1956 3031 2210 3087; x_wconf 89' lang='lat' dir='ltr'><strong>videlicet</strong></span> <span class='ocrx_word' id='word_1_789' title='bbox 2228 3032 2377 3102; x_wconf 88' lang='lat' dir='ltr'><strong>pacis</strong></span> <span class='ocrx_word' id='word_1_790' title='bbox 2393 3048 2423 3086; x_wconf 88' lang='lat' dir='ltr'><strong>a</strong></span> <span class='ocrx_word' id='word_1_791' title='bbox 2445 3031 2787 3089; x_wconf 84' lang='lat' dir='ltr'><strong>senatoribus</strong></span> <span class='ocrx_word' id='word_1_792' title='bbox 2799 3048 2920 3087; x_wconf 92' lang='lat' dir='ltr'><strong>cum</strong></span> <span class='ocrx_word' id='word_1_793' title='bbox 2942 3032 3219 3088; x_wconf 88' lang='lat' dir='ltr'><strong>Clemente</strong></span> <span class='ocrx_word' id='word_1_794' title='bbox 3240 3031 3307 3087; x_wconf 88' lang='grc'><strong>111</strong></span> <span class='ocrx_word' id='word_1_795' title='bbox 3324 3050 3343 3082; x_wconf 84' lang='grc'><strong>‹</strong></span> <span class='ocrx_word' id='word_1_796' title='bbox 3364 3039 3548 3088; x_wconf 89' lang='lat' dir='ltr'><strong>actum</strong></span> 
     </span>
    </p>
   </div>
   <div class='ocr_carea' id='block_1_115' title="bbox 1958 3102 3542 3169">
    <p class='ocr_par' dir='ltr' id='par_1_115' title="bbox 1958 3102 3542 3169">
     <span class='ocr_line' id='line_1_119' title="bbox 1958 3102 3542 3169; baseline -0.001 -12"><span class='ocrx_word' id='word_1_797' title='bbox 1958 3102 2028 3157; x_wconf 71' lang='grc'><strong>44</strong></span> <span class='ocrx_word' id='word_1_798' title='bbox 2068 3118 2212 3157; x_wconf 91' lang='lat' dir='ltr'><strong>anno</strong></span> <span class='ocrx_word' id='word_1_799' title='bbox 2243 3111 2481 3169; x_wconf 88' lang='lat' dir='ltr'><strong>senatus,</strong></span> <span class='ocrx_word' id='word_1_800' title='bbox 2520 3104 2629 3159; x_wconf 90' lang='lat' dir='ltr'><strong>ind.</strong></span> <span class='ocrx_word' id='word_1_801' title='bbox 2667 3118 2741 3167; x_wconf 90' lang='lat' dir='ltr'><strong>vi,</strong></span> <span class='ocrx_word' id='word_1_802' title='bbox 2774 3104 2973 3158; x_wconf 90' lang='lat' dir='ltr'><strong>mensis</strong></span> <span class='ocrx_word' id='word_1_803' title='bbox 3011 3103 3135 3157; x_wconf 81' lang='lat' dir='ltr'><strong>Maii</strong></span> <span class='ocrx_word' id='word_1_804' title='bbox 3164 3102 3252 3158; x_wconf 93' lang='lat' dir='ltr'><strong>die</strong></span> <span class='ocrx_word' id='word_1_805' title='bbox 3277 3102 3490 3157; x_wconf 91' lang='lat' dir='ltr'><strong>ultima.</strong></span> <span class='ocrx_word' id='word_1_806' title='bbox 3520 3121 3542 3155; x_wconf 71' lang='grc' dir='ltr'><strong>ι</strong></span> 
     </span>
    </p>
   </div>
   <div class='ocr_carea' id='block_1_116' title="bbox 1961 3172 3551 3244">
    <p class='ocr_par' dir='ltr' id='par_1_116' title="bbox 1961 3172 3551 3244">
     <span class='ocr_line' id='line_1_120' title="bbox 1961 3172 3551 3244; baseline -0.003 -14"><span class='ocrx_word' id='word_1_807' title='bbox 1961 3172 2204 3244; x_wconf 77' lang='lat' dir='ltr'><strong>Triginta</strong></span> <span class='ocrx_word' id='word_1_808' title='bbox 2225 3172 2523 3229; x_wconf 90' lang='lat' dir='ltr'><strong>Innocentii</strong></span> <span class='ocrx_word' id='word_1_809' title='bbox 2543 3174 2844 3244; x_wconf 70' lang='lat' dir='ltr'><strong>“tempore</strong></span> <span class='ocrx_word' id='word_1_810' title='bbox 2879 3173 3098 3228; x_wconf 91' lang='lat' dir='ltr'><strong>fuerunt</strong></span> <span class='ocrx_word' id='word_1_811' title='bbox 3121 3174 3388 3242; x_wconf 87' lang='lat' dir='ltr'><strong>instituti;</strong></span> <span class='ocrx_word' id='word_1_812' title='bbox 3425 3172 3551 3229; x_wconf 87' lang='lat' dir='ltr'><strong>toti-</strong></span> 
     </span>
    </p>
   </div>
   <div class='ocr_carea' id='block_1_117' title="bbox 1962 3243 3545 3315">
    <p class='ocr_par' dir='ltr' id='par_1_117' title="bbox 1962 3243 3545 3315">
     <span class='ocr_line' id='line_1_121' title="bbox 1962 3243 3545 3315; baseline -0.001 -16"><span class='ocrx_word' id='word_1_813' title='bbox 1962 3243 2193 3315; x_wconf 86' lang='lat' dir='ltr'><strong>demque</strong></span> <span class='ocrx_word' id='word_1_814' title='bbox 2239 3245 2338 3299; x_wconf 90' lang='lat' dir='ltr'><strong>sub</strong></span> <span class='ocrx_word' id='word_1_815' title='bbox 2364 3244 2641 3301; x_wconf 85' lang='lat' dir='ltr'><strong>Clemente</strong></span> <span class='ocrx_word' id='word_1_816' title='bbox 2683 3243 2751 3299; x_wconf 90' lang='grc'><strong>111</strong></span> <span class='ocrx_word' id='word_1_817' title='bbox 2790 3245 3065 3315; x_wconf 84' lang='lat' dir='ltr'><strong>exstitisse</strong></span> <span class='ocrx_word' id='word_1_818' title='bbox 3103 3245 3229 3299; x_wconf 92' lang='lat' dir='ltr'><strong>inde</strong></span> <span class='ocrx_word' id='word_1_819' title='bbox 3252 3244 3545 3315; x_wconf 85' lang='lat' dir='ltr'><strong>colligitur,</strong></span> 
     </span>
    </p>
   </div>
   <div class='ocr_carea' id='block_1_118' title="bbox 1961 3314 3550 3385">
    <p class='ocr_par' dir='ltr' id='par_1_118' title="bbox 1961 3314 3550 3385">
     <span class='ocr_line' id='line_1_122' title="bbox 1961 3314 3550 3385; baseline -0.001 -16"><span class='ocrx_word' id='word_1_820' title='bbox 1961 3314 2107 3385; x_wconf 89' lang='lat' dir='ltr'><strong>quod</strong></span> <span class='ocrx_word' id='word_1_821' title='bbox 2141 3322 2419 3371; x_wconf 89' lang='lat' dir='ltr'><strong>senatores</strong></span> <span class='ocrx_word' id='word_1_822' title='bbox 2458 3324 2513 3371; x_wconf 90' lang='lat' dir='ltr'><strong>et</strong></span> <span class='ocrx_word' id='word_1_823' title='bbox 2562 3324 2784 3371; x_wconf 89' lang='lat' dir='ltr'><strong>senatus</strong></span> <span class='ocrx_word' id='word_1_824' title='bbox 2845 3315 2979 3370; x_wconf 89' lang='lat' dir='ltr'><strong>ordo</strong></span> <span class='ocrx_word' id='word_1_825' title='bbox 3023 3314 3333 3385; x_wconf 87' lang='lat' dir='ltr'><strong>frequenter</strong></span> <span class='ocrx_word' id='word_1_826' title='bbox 3357 3314 3550 3371; x_wconf 89' lang='lat' dir='ltr'><strong>occur-</strong></span> 
     </span>
    </p>
   </div>
   <div class='ocr_carea' id='block_1_119' title="bbox 1960 3386 3546 3455">
    <p class='ocr_par' dir='ltr' id='par_1_119' title="bbox 1960 3386 3546 3455">
     <span class='ocr_line' id='line_1_123' title="bbox 1960 3386 3546 3455; baseline -0.001 -15"><span class='ocrx_word' id='word_1_827' title='bbox 1960 3393 2089 3441; x_wconf 91' lang='lat' dir='ltr'><strong>runt</strong></span> <span class='ocrx_word' id='word_1_828' title='bbox 2108 3387 2163 3441; x_wconf 90' lang='lat' dir='ltr'><strong>in</strong></span> <span class='ocrx_word' id='word_1_829' title='bbox 2179 3401 2245 3442; x_wconf 86' lang='lat' dir='ltr'><strong>eo</strong></span> <span class='ocrx_word' id='word_1_830' title='bbox 2260 3394 2628 3451; x_wconf 89' lang='lat' dir='ltr'><strong>monumento,</strong></span> <span class='ocrx_word' id='word_1_831' title='bbox 2654 3387 2709 3439; x_wconf 93' lang='lat' dir='ltr'><strong>in</strong></span> <span class='ocrx_word' id='word_1_832' title='bbox 2736 3400 2842 3454; x_wconf 90' lang='lat' dir='ltr'><strong>quo</strong></span> <span class='ocrx_word' id='word_1_833' title='bbox 2862 3386 3103 3455; x_wconf 71' lang='lat' dir='ltr'><strong>pontifici</strong></span> <span class='ocrx_word' id='word_1_834' title='bbox 3133 3401 3192 3441; x_wconf 89' lang='lat' dir='ltr'><strong>se</strong></span> <span class='ocrx_word' id='word_1_835' title='bbox 3214 3386 3507 3454; x_wconf 89' lang='lat' dir='ltr'><strong>subjiciunt</strong></span> <span class='ocrx_word' id='word_1_836' title='bbox 3528 3397 3546 3438; x_wconf 90' lang='lat'><strong>:</strong></span> 
     </span>
    </p>
   </div>
   <div class='ocr_carea' id='block_1_120' title="bbox 1967 3456 3552 3526">
    <p class='ocr_par' dir='ltr' id='par_1_120' title="bbox 1967 3456 3552 3526">
     <span class='ocr_line' id='line_1_124' title="bbox 1967 3456 3552 3526; baseline 0 -17"><span class='ocrx_word' id='word_1_837' title='bbox 1967 3475 1987 3509; x_wconf 73' lang='grc' dir='ltr'><strong>ι</strong></span> <span class='ocrx_word' id='word_1_838' title='bbox 2015 3456 2097 3510; x_wconf 81' lang='lat' dir='ltr'><strong>Ad</strong></span> <span class='ocrx_word' id='word_1_839' title='bbox 2118 3471 2378 3526; x_wconf 83' lang='lat' dir='ltr'><strong>prasens,</strong></span> <span class='ocrx_word' id='word_1_840' title='bbox 2401 3457 2572 3522; x_wconf 90' lang='lat' dir='ltr'><strong>aiunt,</strong></span> <span class='ocrx_word' id='word_1_841' title='bbox 2602 3456 2877 3511; x_wconf 89' lang='lat' dir='ltr'><strong>reddimus</strong></span> <span class='ocrx_word' id='word_1_842' title='bbox 2900 3456 3052 3511; x_wconf 92' lang='lat' dir='ltr'><strong>vobis</strong></span> <span class='ocrx_word' id='word_1_843' title='bbox 3076 3463 3319 3511; x_wconf 91' lang='lat' dir='ltr'><strong>senatum</strong></span> <span class='ocrx_word' id='word_1_844' title='bbox 3336 3496 3351 3521; x_wconf 93' lang='lat'><strong>,</strong></span> <span class='ocrx_word' id='word_1_845' title='bbox 3377 3464 3433 3511; x_wconf 93' lang='lat' dir='ltr'><strong>et</strong></span> <span class='ocrx_word' id='word_1_846' title='bbox 3456 3470 3552 3510; x_wconf 85' lang='lat' dir='ltr'><strong>ur-</strong></span> 
     </span>
    </p>
   </div>
   <div class='ocr_carea' id='block_1_121' title="bbox 1960 3526 3550 3594">
    <p class='ocr_par' dir='ltr' id='par_1_121' title="bbox 1960 3526 3550 3594">
     <span class='ocr_line' id='line_1_125' title="bbox 1960 3526 3550 3594; baseline -0.003 -11"><span class='ocrx_word' id='word_1_847' title='bbox 1960 3527 2106 3594; x_wconf 85' lang='lat' dir='ltr'><strong>hem,</strong></span> <span class='ocrx_word' id='word_1_848' title='bbox 2136 3536 2191 3582; x_wconf 92' lang='lat' dir='ltr'><strong>et</strong></span> <span class='ocrx_word' id='word_1_849' title='bbox 2212 3536 2484 3582; x_wconf 87' lang='lat' dir='ltr'><strong>monetam</strong></span> <span class='ocrx_word' id='word_1_850' title='bbox 2519 3544 2532 3580; x_wconf 90' lang='lat'><strong>:</strong></span> <span class='ocrx_word' id='word_1_851' title='bbox 2560 3536 2740 3581; x_wconf 89' lang='lat' dir='ltr'><strong>tamen</strong></span> <span class='ocrx_word' id='word_1_852' title='bbox 2776 3528 2841 3581; x_wconf 91' lang='lat' dir='ltr'><strong>de</strong></span> <span class='ocrx_word' id='word_1_853' title='bbox 2864 3534 3077 3581; x_wconf 88' lang='lat' dir='ltr'><strong>moneta</strong></span> <span class='ocrx_word' id='word_1_854' title='bbox 3100 3526 3420 3581; x_wconf 87' lang='lat' dir='ltr'><strong>habebimus</strong></span> <span class='ocrx_word' id='word_1_855' title='bbox 3436 3533 3550 3580; x_wconf 87' lang='lat' dir='ltr'><strong>ter-</strong></span> 
     </span>
    </p>
   </div>
   <div class='ocr_carea' id='block_1_122' title="bbox 1962 3594 3551 3667">
    <p class='ocr_par' dir='ltr' id='par_1_122' title="bbox 1962 3594 3551 3667">
     <span class='ocr_line' id='line_1_126' title="bbox 1962 3594 3551 3667; baseline -0.001 -16"><span class='ocrx_word' id='word_1_856' title='bbox 1962 3597 2093 3651; x_wconf 90' lang='lat' dir='ltr'><strong>tiam</strong></span> <span class='ocrx_word' id='word_1_857' title='bbox 2132 3605 2376 3667; x_wconf 90' lang='lat' dir='ltr'><strong>partem,</strong></span> <span class='ocrx_word' id='word_1_858' title='bbox 2431 3598 2571 3653; x_wconf 92' lang='lat' dir='ltr'><strong>sicut</strong></span> <span class='ocrx_word' id='word_1_859' title='bbox 2625 3594 2851 3652; x_wconf 85' lang='lat' dir='ltr'><strong>inferius</strong></span> <span class='ocrx_word' id='word_1_860' title='bbox 2896 3598 3232 3661; x_wconf 89' lang='lat' dir='ltr'><strong>continetur;</strong></span> <span class='ocrx_word' id='word_1_861' title='bbox 3283 3596 3424 3667; x_wconf 82' lang='lat' dir='ltr'><strong>item</strong></span> <span class='ocrx_word' id='word_1_862' title='bbox 3459 3610 3551 3667; x_wconf 58' lang='lat' dir='ltr'><strong>ec:-</strong></span> 
     </span>
    </p>
   </div>
   <div class='ocr_carea' id='block_1_123' title="bbox 1964 3664 3552 3733">
    <p class='ocr_par' dir='ltr' id='par_1_123' title="bbox 1964 3664 3552 3733">
     <span class='ocr_line' id='line_1_127' title="bbox 1964 3664 3552 3733; baseline -0.002 -9"><span class='ocrx_word' id='word_1_863' title='bbox 1964 3664 2183 3724; x_wconf 82' lang='lat' dir='ltr'><strong>clesiain</strong></span> <span class='ocrx_word' id='word_1_864' title='bbox 2207 3668 2350 3723; x_wconf 91' lang='lat' dir='ltr'><strong>beati</strong></span> <span class='ocrx_word' id='word_1_865' title='bbox 2372 3667 2521 3724; x_wconf 87' lang='lat' dir='ltr'><strong>Petri</strong></span> <span class='ocrx_word' id='word_1_866' title='bbox 2556 3667 2858 3723; x_wconf 87' lang='lat' dir='ltr'><strong>absolutam</strong></span> <span class='ocrx_word' id='word_1_867' title='bbox 2880 3667 3175 3733; x_wconf 90' lang='lat' dir='ltr'><strong>reddimus,</strong></span> <span class='ocrx_word' id='word_1_868' title='bbox 3208 3675 3313 3722; x_wconf 92' lang='lat' dir='ltr'><strong>etc.</strong></span> <span class='ocrx_word' id='word_1_869' title='bbox 3348 3686 3367 3719; x_wconf 75' lang='grc' dir='ltr'><strong>ι</strong></span> <span class='ocrx_word' id='word_1_870' title='bbox 3393 3664 3552 3733; x_wconf 83' lang='lat' dir='ltr'><strong>Quod</strong></span> 
     </span>
    </p>
   </div>
   <div class='ocr_carea' id='block_1_124' title="bbox 1965 3736 3550 3801">
    <p class='ocr_par' dir='ltr' id='par_1_124' title="bbox 1965 3736 3550 3801">
     <span class='ocr_line' id='line_1_128' title="bbox 1965 3736 3550 3801; baseline -0.001 -8"><span class='ocrx_word' id='word_1_871' title='bbox 1965 3739 2126 3794; x_wconf 89' lang='lat' dir='ltr'><strong>etiam</strong></span> <span class='ocrx_word' id='word_1_872' title='bbox 2166 3737 2408 3793; x_wconf 84' lang='lat' dir='ltr'><strong>fecerant</strong></span> <span class='ocrx_word' id='word_1_873' title='bbox 2434 3747 2559 3793; x_wconf 88' lang='lat' dir='ltr'><strong>ante</strong></span> <span class='ocrx_word' id='word_1_874' title='bbox 2582 3752 2754 3792; x_wconf 86' lang='lat' dir='ltr'><strong>annos</strong></span> <span class='ocrx_word' id='word_1_875' title='bbox 2790 3738 3002 3801; x_wconf 86' lang='lat' dir='ltr'><strong>decem,</strong></span> <span class='ocrx_word' id='word_1_876' title='bbox 3036 3753 3159 3793; x_wconf 89' lang='lat' dir='ltr'><strong>cuin</strong></span> <span class='ocrx_word' id='word_1_877' title='bbox 3192 3753 3225 3791; x_wconf 90' lang='lat' dir='ltr'><strong>a</strong></span> <span class='ocrx_word' id='word_1_878' title='bbox 3270 3736 3550 3792; x_wconf 84' lang='lat' dir='ltr'><strong>Friderico</strong></span> 
     </span>
    </p>
   </div>
   <div class='ocr_carea' id='block_1_125' title="bbox 1964 3808 3552 3877">
    <p class='ocr_par' dir='ltr' id='par_1_125' title="bbox 1964 3808 3552 3877">
     <span class='ocr_line' id='line_1_129' title="bbox 1964 3808 3552 3877; baseline -0.002 -13"><span class='ocrx_word' id='word_1_879' title='bbox 1964 3808 2279 3864; x_wconf 67' lang='lat' dir='ltr'><strong>Enobarbo</strong></span> <span class='ocrx_word' id='word_1_880' title='bbox 2337 3824 2396 3863; x_wconf 92' lang='lat' dir='ltr'><strong>se</strong></span> <span class='ocrx_word' id='word_1_881' title='bbox 2440 3809 2727 3864; x_wconf 89' lang='lat' dir='ltr'><strong>derelictos</strong></span> <span class='ocrx_word' id='word_1_882' title='bbox 2772 3809 2910 3874; x_wconf 86' lang='lat' dir='ltr'><strong>rati,</strong></span> <span class='ocrx_word' id='word_1_883' title='bbox 2962 3823 3025 3863; x_wconf 91' lang='lat' dir='ltr'><strong>ac</strong></span> <span class='ocrx_word' id='word_1_884' title='bbox 3075 3816 3378 3863; x_wconf 89' lang='lat' dir='ltr'><strong>metuentes</strong></span> <span class='ocrx_word' id='word_1_885' title='bbox 3413 3822 3552 3877; x_wconf 92' lang='lat' dir='ltr'><strong>pon-</strong></span> 
     </span>
    </p>
   </div>
   <div class='ocr_carea' id='block_1_126' title="bbox 1964 3878 3549 3951">
    <p class='ocr_par' dir='ltr' id='par_1_126' title="bbox 1964 3878 3549 3951">
     <span class='ocr_line' id='line_1_130' title="bbox 1964 3878 3549 3951; baseline -0.001 -17"><span class='ocrx_word' id='word_1_886' title='bbox 1964 3879 2186 3935; x_wconf 80' lang='lat' dir='ltr'><strong>tiﬁciam</strong></span> <span class='ocrx_word' id='word_1_887' title='bbox 2228 3888 2563 3951; x_wconf 6' lang='lat' dir='ltr'><strong>potestatem,</strong></span> <span class='ocrx_word' id='word_1_888' title='bbox 2591 3895 2716 3951; x_wconf 79' lang='lat' dir='ltr'><strong>cum</strong></span> <span class='ocrx_word' id='word_1_889' title='bbox 2763 3879 3113 3951; x_wconf 79' lang='lat' dir='ltr'><strong>imperatoria</strong></span> <span class='ocrx_word' id='word_1_890' title='bbox 3150 3878 3507 3951; x_wconf 83' lang='lat' dir='ltr'><strong>conjunctam</strong></span> <span class='ocrx_word' id='word_1_891' title='bbox 3530 3915 3549 3943; x_wconf 90' lang='lat'><strong>,</strong></span> 
     </span>
    </p>
   </div>
   <div class='ocr_carea' id='block_1_127' title="bbox 1963 3949 3554 4021">
    <p class='ocr_par' dir='ltr' id='par_1_127' title="bbox 1963 3949 3554 4021">
     <span class='ocr_line' id='line_1_131' title="bbox 1963 3949 3554 4021; baseline -0.002 -15"><span class='ocrx_word' id='word_1_892' title='bbox 1963 3949 2493 4021; x_wconf 30' lang='lat' dir='ltr'><strong>supremo’priiicipi</strong></span> <span class='ocrx_word' id='word_1_893' title='bbox 2540 3949 2845 4021; x_wconf 83' lang='lat' dir='ltr'><strong>Alexandro</strong></span> <span class='ocrx_word' id='word_1_894' title='bbox 2889 3949 3055 4021; x_wconf 87' lang='lat' dir='ltr'><strong>lllse</strong></span> <span class='ocrx_word' id='word_1_895' title='bbox 3081 3950 3454 4021; x_wconf 88' lang='lat' dir='ltr'><strong>subdiderunt,</strong></span> <span class='ocrx_word' id='word_1_896' title='bbox 3490 3954 3554 4003; x_wconf 85' lang='lat' dir='ltr'><strong>ut</strong></span> 
     </span>
    </p>
   </div>
   <div class='ocr_carea' id='block_1_128' title="bbox 1964 4019 3549 4093">
    <p class='ocr_par' dir='ltr' id='par_1_128' title="bbox 1964 4019 3549 4093">
     <span class='ocr_line' id='line_1_132' title="bbox 1964 4019 3549 4093; baseline -0.002 -17"><span class='ocrx_word' id='word_1_897' title='bbox 1964 4019 2100 4093; x_wconf 72' lang='lat' dir='ltr'><strong>Acta</strong></span> <span class='ocrx_word' id='word_1_898' title='bbox 2138 4036 2239 4093; x_wconf 84' lang='lat' dir='ltr'><strong>ap.</strong></span> <span class='ocrx_word' id='word_1_899' title='bbox 2265 4019 2575 4093; x_wconf 70' lang='grc' dir='ltr'><strong>“Β;ιι·(ιιιίιιιιι</strong></span> <span class='ocrx_word' id='word_1_900' title='bbox 2630 4020 2812 4093; x_wconf 85' lang='grc'><strong>(1178,</strong></span> <span class='ocrx_word' id='word_1_901' title='bbox 2856 4020 2989 4093; x_wconf 13' lang='lat' dir='ltr'><strong>nail</strong></span> <span class='ocrx_word' id='word_1_902' title='bbox 3042 4019 3192 4093; x_wconf 61' lang='lat' dir='ltr'><strong>seq.)</strong></span> <span class='ocrx_word' id='word_1_903' title='bbox 3230 4027 3549 4093; x_wconf 74' lang='lat' dir='ltr'><strong>testantur:</strong></span> 
     </span>
    </p>
   </div>
   <div class='ocr_carea' id='block_1_129' title="bbox 1971 4090 3554 4163">
    <p class='ocr_par' dir='ltr' id='par_1_129' title="bbox 1971 4090 3554 4163">
     <span class='ocr_line' id='line_1_133' title="bbox 1971 4090 3554 4163; baseline 0.001 -20"><span class='ocrx_word' id='word_1_904' title='bbox 1971 4111 1990 4143; x_wconf 79' lang='grc' dir='ltr'><strong>ι</strong></span> <span class='ocrx_word' id='word_1_905' title='bbox 2030 4092 2220 4147; x_wconf 89' lang='lat' dir='ltr'><strong>Totius</strong></span> <span class='ocrx_word' id='word_1_906' title='bbox 2261 4092 2441 4163; x_wconf 88' lang='lat' dir='ltr'><strong>populi</strong></span> <span class='ocrx_word' id='word_1_907' title='bbox 2501 4090 2730 4146; x_wconf 81' lang='lat' dir='ltr'><strong>Romani</strong></span> <span class='ocrx_word' id='word_1_908' title='bbox 2779 4090 3006 4163; x_wconf 83' lang='lat' dir='ltr'><strong>consilio</strong></span> <span class='ocrx_word' id='word_1_909' title='bbox 3040 4100 3118 4163; x_wconf 76' lang='lat' dir='ltr'><strong>_et</strong></span> <span class='ocrx_word' id='word_1_910' title='bbox 3162 4090 3554 4163; x_wconf 74' lang='lat' dir='ltr'><strong>deliberatione</strong></span> 
     </span>
    </p>
   </div>
   <div class='ocr_carea' id='block_1_130' title="bbox 1965 4160 3555 4231">
    <p class='ocr_par' dir='ltr' id='par_1_130' title="bbox 1965 4160 3555 4231">
     <span class='ocr_line' id='line_1_134' title="bbox 1965 4160 3555 4231; baseline -0.003 -13"><span class='ocrx_word' id='word_1_911' title='bbox 1965 4170 2229 4218; x_wconf 88' lang='lat' dir='ltr'><strong>statutum</strong></span> <span class='ocrx_word' id='word_1_912' title='bbox 2253 4160 2357 4229; x_wconf 74' lang='lat' dir='ltr'><strong>est,</strong></span> <span class='ocrx_word' id='word_1_913' title='bbox 2383 4173 2444 4218; x_wconf 90' lang='lat' dir='ltr'><strong>ut</strong></span> <span class='ocrx_word' id='word_1_914' title='bbox 2472 4170 2778 4228; x_wconf 88' lang='lat' dir='ltr'><strong>senatores,</strong></span> <span class='ocrx_word' id='word_1_915' title='bbox 2816 4162 2907 4231; x_wconf 91' lang='lat' dir='ltr'><strong>qui</strong></span> <span class='ocrx_word' id='word_1_916' title='bbox 2936 4161 3054 4216; x_wconf 78' lang='lat' dir='ltr'><strong>fieri</strong></span> <span class='ocrx_word' id='word_1_917' title='bbox 3099 4161 3295 4227; x_wconf 89' lang='lat' dir='ltr'><strong>solent,</strong></span> <span class='ocrx_word' id='word_1_918' title='bbox 3326 4160 3555 4231; x_wconf 46' lang='lat' dir='ltr'><strong>ﬁdelilaf</strong></span> 
     </span>
    </p>
   </div>
   <div class='ocr_carea' id='block_1_131' title="bbox 1968 4229 3555 4305">
    <p class='ocr_par' dir='ltr' id='par_1_131' title="bbox 1968 4229 3555 4305">
     <span class='ocr_line' id='line_1_135' title="bbox 1968 4229 3555 4305; baseline -0.001 -18"><span class='ocrx_word' id='word_1_919' title='bbox 1968 4242 2075 4305; x_wconf 78' lang='lat' dir='ltr'><strong>tem</strong></span> <span class='ocrx_word' id='word_1_920' title='bbox 2102 4242 2157 4289; x_wconf 89' lang='lat' dir='ltr'><strong>et</strong></span> <span class='ocrx_word' id='word_1_921' title='bbox 2180 4234 2490 4305; x_wconf 89' lang='lat' dir='ltr'><strong>bomagium</strong></span> <span class='ocrx_word' id='word_1_922' title='bbox 2519 4234 2737 4288; x_wconf 89' lang='lat' dir='ltr'><strong>domino</strong></span> <span class='ocrx_word' id='word_1_923' title='bbox 2756 4229 2909 4305; x_wconf 78' lang='lat' dir='ltr'><strong>papa</strong></span> <span class='ocrx_word' id='word_1_924' title='bbox 2934 4231 3196 4305; x_wconf 83' lang='lat' dir='ltr'><strong>facerent,</strong></span> <span class='ocrx_word' id='word_1_925' title='bbox 3221 4233 3366 4305; x_wconf 77' lang='lat' dir='ltr'><strong>quod</strong></span> <span class='ocrx_word' id='word_1_926' title='bbox 3406 4229 3555 4287; x_wconf 85' lang='lat' dir='ltr'><strong>beati</strong></span> 
     </span>
    </p>
   </div>
   <div class='ocr_carea' id='block_1_132' title="bbox 1965 4299 3556 4374">
    <p class='ocr_par' dir='ltr' id='par_1_132' title="bbox 1965 4299 3556 4374">
     <span class='ocr_line' id='line_1_136' title="bbox 1965 4299 3556 4374; baseline -0.004 -14"><span class='ocrx_word' id='word_1_927' title='bbox 1965 4303 2111 4360; x_wconf 85' lang='lat' dir='ltr'><strong>Petri</strong></span> <span class='ocrx_word' id='word_1_928' title='bbox 2153 4299 2436 4360; x_wconf 73' lang='lat' dir='ltr'><strong>ecclesiam</strong></span> <span class='ocrx_word' id='word_1_929' title='bbox 2478 4312 2643 4373; x_wconf 89' lang='lat' dir='ltr'><strong>atque</strong></span> <span class='ocrx_word' id='word_1_930' title='bbox 2683 4299 2906 4374; x_wconf 44' lang='lat' dir='ltr'><strong>regal—ia,</strong></span> <span class='ocrx_word' id='word_1_931' title='bbox 2938 4318 3058 4372; x_wconf 88' lang='lat' dir='ltr'><strong>qua</strong></span> <span class='ocrx_word' id='word_1_932' title='bbox 3102 4303 3170 4356; x_wconf 91' lang='lat' dir='ltr'><strong>ab</strong></span> <span class='ocrx_word' id='word_1_933' title='bbox 3212 4299 3311 4374; x_wconf 76' lang='lat' dir='ltr'><strong>eis</strong></span> <span class='ocrx_word' id='word_1_934' title='bbox 3338 4299 3556 4355; x_wconf 82' lang='lat' dir='ltr'><strong>fuerant</strong></span> 
     </span>
    </p>
   </div>
   <div class='ocr_carea' id='block_1_133' title="bbox 1967 4371 3555 4445">
    <p class='ocr_par' dir='ltr' id='par_1_133' title="bbox 1967 4371 3555 4445">
     <span class='ocr_line' id='line_1_137' title="bbox 1967 4371 3555 4445; baseline -0.004 -15"><span class='ocrx_word' id='word_1_935' title='bbox 1967 4384 2249 4445; x_wconf 91' lang='lat' dir='ltr'><strong>occupata,</strong></span> <span class='ocrx_word' id='word_1_936' title='bbox 2279 4376 2449 4431; x_wconf 90' lang='lat' dir='ltr'><strong>libere</strong></span> <span class='ocrx_word' id='word_1_937' title='bbox 2474 4375 2528 4428; x_wconf 91' lang='lat' dir='ltr'><strong>in</strong></span> <span class='ocrx_word' id='word_1_938' title='bbox 2554 4371 2805 4445; x_wconf 80' lang='lat' dir='ltr'><strong>inanibus</strong></span> <span class='ocrx_word' id='word_1_939' title='bbox 2830 4382 2885 4429; x_wconf 90' lang='lat' dir='ltr'><strong>et</strong></span> <span class='ocrx_word' id='word_1_940' title='bbox 2908 4371 3187 4445; x_wconf 75' lang='lat' dir='ltr'><strong>potestate</strong></span> <span class='ocrx_word' id='word_1_941' title='bbox 3215 4371 3384 4445; x_wconf 86' lang='lat' dir='ltr'><strong>ipsius</strong></span> <span class='ocrx_word' id='word_1_942' title='bbox 3419 4385 3555 4439; x_wconf 86' lang='lat' dir='ltr'><strong>pon—</strong></span> 
     </span>
    </p>
   </div>
   <div class='ocr_carea' id='block_1_134' title="bbox 1970 4442 3555 4513">
    <p class='ocr_par' dir='ltr' id='par_1_134' title="bbox 1970 4442 3555 4513">
     <span class='ocr_line' id='line_1_138' title="bbox 1970 4442 3555 4513; baseline -0.004 -13"><span class='ocrx_word' id='word_1_943' title='bbox 1970 4442 2131 4500; x_wconf 80' lang='lat' dir='ltr'><strong>tilicis</strong></span> <span class='ocrx_word' id='word_1_944' title='bbox 2157 4446 2523 4500; x_wconf 83' lang='lat' dir='ltr'><strong>restituerent.</strong></span> <span class='ocrx_word' id='word_1_945' title='bbox 2564 4463 2582 4497; x_wconf 78' lang='grc' dir='ltr'><strong>ι</strong></span> <span class='ocrx_word' id='word_1_946' title='bbox 2618 4444 2864 4513; x_wconf 86' lang='lat' dir='ltr'><strong>Triginta</strong></span> <span class='ocrx_word' id='word_1_947' title='bbox 2911 4452 3093 4498; x_wconf 89' lang='lat' dir='ltr'><strong>autem</strong></span> <span class='ocrx_word' id='word_1_948' title='bbox 3135 4442 3255 4513; x_wconf 81' lang='lat' dir='ltr'><strong>illos</strong></span> <span class='ocrx_word' id='word_1_949' title='bbox 3278 4442 3346 4496; x_wconf 89' lang='lat' dir='ltr'><strong>ad</strong></span> <span class='ocrx_word' id='word_1_950' title='bbox 3383 4455 3555 4513; x_wconf 77' lang='lat' dir='ltr'><strong>ultum</strong></span> 
     </span>
    </p>
   </div>
   <div class='ocr_carea' id='block_1_135' title="bbox 1969 4509 3551 4585">
    <p class='ocr_par' dir='ltr' id='par_1_135' title="bbox 1969 4509 3551 4585">
     <span class='ocr_line' id='line_1_139' title="bbox 1969 4509 3551 4585; baseline -0.004 -14"><span class='ocrx_word' id='word_1_951' title='bbox 1969 4516 2176 4585; x_wconf 83' lang='lat' dir='ltr'><strong>redegit</strong></span> <span class='ocrx_word' id='word_1_952' title='bbox 2202 4516 2419 4584; x_wconf 89' lang='lat' dir='ltr'><strong>quidam</strong></span> <span class='ocrx_word' id='word_1_953' title='bbox 2457 4509 2778 4570; x_wconf 76' lang='lat' dir='ltr'><strong>Benedictus</strong></span> <span class='ocrx_word' id='word_1_954' title='bbox 2817 4514 3110 4569; x_wconf 76' lang='lat' dir='ltr'><strong>Calestino</strong></span> <span class='ocrx_word' id='word_1_955' title='bbox 3155 4511 3222 4567; x_wconf 91' lang='grc'><strong>111</strong></span> <span class='ocrx_word' id='word_1_956' title='bbox 3274 4509 3551 4585; x_wconf 62' lang='lat' dir='ltr'><strong>pontitice,</strong></span> 
     </span>
    </p>
   </div>
   <div class='ocr_carea' id='block_1_136' title="bbox 1890 4570 3556 4655">
    <p class='ocr_par' dir='ltr' id='par_1_136' title="bbox 1890 4570 3556 4655">
     <span class='ocr_line' id='line_1_140' title="bbox 1890 4570 3556 4655; baseline -0.005 -12"><span class='ocrx_word' id='word_1_957' title='bbox 1890 4570 1942 4633; x_wconf 74' lang='grc' dir='ltr'><strong>Ῑ)</strong></span> <span class='ocrx_word' id='word_1_958' title='bbox 1968 4570 2644 4655; x_wconf 66' lang='grc' dir='ltr'><strong>εὲιιιιῖοιὶεἶιιιᾱίειιίιειιθιῐι</strong></span> <span class='ocrx_word' id='word_1_959' title='bbox 2687 4585 2791 4640; x_wconf 90' lang='lat' dir='ltr'><strong>sibi</strong></span> <span class='ocrx_word' id='word_1_960' title='bbox 2840 4598 3128 4655; x_wconf 83' lang='lat' dir='ltr'><strong>arrogans,</strong></span> <span class='ocrx_word' id='word_1_961' title='bbox 3156 4592 3212 4637; x_wconf 88' lang='lat' dir='ltr'><strong>et</strong></span> <span class='ocrx_word' id='word_1_962' title='bbox 3252 4570 3376 4637; x_wconf 66' lang='lat' dir='ltr'><strong>eum</strong></span> <span class='ocrx_word' id='word_1_963' title='bbox 3410 4570 3556 4655; x_wconf 49' lang='lat' dir='ltr'><strong>Ben-:-</strong></span> 
     </span>
    </p>
   </div>
   <div class='ocr_carea' id='block_1_137' title="bbox 1966 4650 3556 4721">
    <p class='ocr_par' dir='ltr' id='par_1_137' title="bbox 1966 4650 3556 4721">
     <span class='ocr_line' id='line_1_141' title="bbox 1966 4650 3556 4721; baseline -0.004 -10"><span class='ocrx_word' id='word_1_964' title='bbox 1966 4658 2080 4712; x_wconf 88' lang='lat' dir='ltr'><strong>rico</strong></span> <span class='ocrx_word' id='word_1_965' title='bbox 2104 4656 2171 4714; x_wconf 76' lang='grc' dir='ltr'><strong><em>Ν</em></strong></span> <span class='ocrx_word' id='word_1_966' title='bbox 2224 4650 2538 4712; x_wconf 77' lang='lat' dir='ltr'><strong>invadéndis</strong></span> <span class='ocrx_word' id='word_1_967' title='bbox 2579 4655 2835 4716; x_wconf 86' lang='lat' dir='ltr'><strong>Ecclesia</strong></span> <span class='ocrx_word' id='word_1_968' title='bbox 2854 4650 3067 4721; x_wconf 80' lang='lat' dir='ltr'><strong>juribus</strong></span> <span class='ocrx_word' id='word_1_969' title='bbox 3114 4661 3329 4710; x_wconf 89' lang='lat' dir='ltr'><strong>certans</strong></span> <span class='ocrx_word' id='word_1_970' title='bbox 3351 4693 3367 4719; x_wconf 97' lang='lat'><strong>,</strong></span> <span class='ocrx_word' id='word_1_971' title='bbox 3409 4650 3556 4721; x_wconf 91' lang='lat' dir='ltr'><strong>quod</strong></span> 
     </span>
    </p>
   </div>
   <div class='ocr_carea' id='block_1_138' title="bbox 1966 4671 3551 4797">
    <p class='ocr_par' dir='ltr' id='par_1_138' title="bbox 1966 4671 3551 4797">
     <span class='ocr_line' id='line_1_142' title="bbox 1966 4671 3551 4721; baseline -0.004 -10"><span class='ocrx_word' id='word_1_972' title='bbox 1966 4671 2080 4712; x_wconf 88' lang='lat' dir='ltr'><strong>rico</strong></span> <span class='ocrx_word' id='word_1_973' title='bbox 2104 4671 2165 4714; x_wconf 80' lang='lat' dir='ltr'><strong>iv</strong></span> <span class='ocrx_word' id='word_1_974' title='bbox 2224 4671 2538 4712; x_wconf 88' lang='lat' dir='ltr'><strong>invaaenuis</strong></span> <span class='ocrx_word' id='word_1_975' title='bbox 2579 4671 2835 4716; x_wconf 64' lang='lat' dir='ltr'><strong>EccleSia</strong></span> <span class='ocrx_word' id='word_1_976' title='bbox 2880 4671 3067 4709; x_wconf 88' lang='lat' dir='ltr'><strong>urinus</strong></span> <span class='ocrx_word' id='word_1_977' title='bbox 3114 4671 3367 4719; x_wconf 89' lang='lat' dir='ltr'><strong>certans,</strong></span> <span class='ocrx_word' id='word_1_978' title='bbox 3409 4671 3551 4721; x_wconf 82' lang='lat' dir='ltr'><strong>quoa</strong></span> 
     </span>
     <span class='ocr_line' id='line_1_143' title="bbox 1966 4671 3551 4797; baseline -0.004 -15"><span class='ocrx_word' id='word_1_979' title='bbox 1966 4727 2162 4784; x_wconf 90' lang='lat' dir='ltr'><strong>docent</strong></span> <span class='ocrx_word' id='word_1_980' title='bbox 2213 4726 2378 4782; x_wconf 87' lang='lat' dir='ltr'><strong>Gesta</strong></span> <span class='ocrx_word' id='word_1_981' title='bbox 2419 4726 2718 4797; x_wconf 86' lang='lat' dir='ltr'><strong>Innocentii</strong></span> <span class='ocrx_word' id='word_1_982' title='bbox 2755 4725 2820 4780; x_wconf 92' lang='grc'><strong>111</strong></span> <span class='ocrx_word' id='word_1_983' title='bbox 2849 4671 2925 4797; x_wconf 49' lang='grc' dir='ltr'><strong>(ιιι.</strong></span> <span class='ocrx_word' id='word_1_984' title='bbox 2965 4724 3032 4797; x_wconf 92' lang='grc'><strong>8)</strong></span> <span class='ocrx_word' id='word_1_985' title='bbox 3063 4724 3205 4795; x_wconf 90' lang='lat' dir='ltr'><strong>apud</strong></span> <span class='ocrx_word' id='word_1_986' title='bbox 3223 4722 3503 4779; x_wconf 83' lang='lat' dir='ltr'><strong>Baluzium</strong></span> <span class='ocrx_word' id='word_1_987' title='bbox 3535 4737 3551 4775; x_wconf 93' lang='lat'><strong>:</strong></span> 
     </span>
    </p>
   </div>
   <div class='ocr_carea' id='block_1_139' title="bbox 1974 4796 3555 4865">
    <p class='ocr_par' dir='ltr' id='par_1_139' title="bbox 1974 4796 3555 4865">
     <span class='ocr_line' id='line_1_144' title="bbox 1974 4796 3555 4865; baseline -0.004 -13"><span class='ocrx_word' id='word_1_988' title='bbox 1974 4817 1993 4851; x_wconf 75' lang='grc' dir='ltr'><strong>ι</strong></span> <span class='ocrx_word' id='word_1_989' title='bbox 2040 4799 2228 4853; x_wconf 87' lang='lat' dir='ltr'><strong>Status</strong></span> <span class='ocrx_word' id='word_1_990' title='bbox 2272 4799 2531 4854; x_wconf 81' lang='lat' dir='ltr'><strong>Romana</strong></span> <span class='ocrx_word' id='word_1_991' title='bbox 2568 4796 2822 4852; x_wconf 89' lang='lat' dir='ltr'><strong>Ecclesia</strong></span> <span class='ocrx_word' id='word_1_992' title='bbox 2866 4796 3138 4865; x_wconf 91' lang='lat' dir='ltr'><strong>pessimus</strong></span> <span class='ocrx_word' id='word_1_993' title='bbox 3191 4802 3310 4850; x_wconf 90' lang='lat' dir='ltr'><strong>erat</strong></span> <span class='ocrx_word' id='word_1_994' title='bbox 3339 4806 3440 4864; x_wconf 91' lang='lat' dir='ltr'><strong>pro</strong></span> <span class='ocrx_word' id='word_1_995' title='bbox 3489 4805 3555 4846; x_wconf 91' lang='lat' dir='ltr'><strong>eo</strong></span> 
     </span>
    </p>
   </div>
   <div class='ocr_carea' id='block_1_140' title="bbox 1968 4866 3601 4939">
    <p class='ocr_par' dir='ltr' id='par_1_140' title="bbox 1968 4866 3601 4939">
     <span class='ocr_line' id='line_1_145' title="bbox 1968 4866 3601 4939; baseline -0.003 -14"><span class='ocrx_word' id='word_1_996' title='bbox 1968 4870 2111 4939; x_wconf 83' lang='lat' dir='ltr'><strong>quod</strong></span> <span class='ocrx_word' id='word_1_997' title='bbox 2134 4868 2289 4939; x_wconf 79' lang='lat'><strong>501</strong></span> <span class='ocrx_word' id='word_1_998' title='bbox 2322 4886 2353 4924; x_wconf 90' lang='lat' dir='ltr'><strong>a</strong></span> <span class='ocrx_word' id='word_1_999' title='bbox 2393 4878 2637 4939; x_wconf 85' lang='lat' dir='ltr'><strong>tempore</strong></span> <span class='ocrx_word' id='word_1_1000' title='bbox 2668 4866 2942 4939; x_wconf 74' lang='lat' dir='ltr'><strong>Benedicti</strong></span> <span class='ocrx_word' id='word_1_1001' title='bbox 2980 4866 3258 4939; x_wconf 86' lang='lat' dir='ltr'><strong>Cariscum</strong></span> <span class='ocrx_word' id='word_1_1002' title='bbox 3305 4869 3556 4939; x_wconf 72' lang='lat' dir='ltr'><strong>senatum</strong></span> <span class='ocrx_word' id='word_1_1003' title='bbox 3588 4904 3601 4920; x_wconf 81' lang='lat'><strong>.</strong></span> 
     </span>
    </p>
   </div>
   <div class='ocr_carea' id='block_1_141' title="bbox 1971 4933 3555 5009">
    <p class='ocr_par' dir='ltr' id='par_1_141' title="bbox 1971 4933 3555 5009">
     <span class='ocr_line' id='line_1_146' title="bbox 1971 4933 3555 5009; baseline -0.006 -13"><span class='ocrx_word' id='word_1_1004' title='bbox 1971 4933 2482 5009; x_wconf 65' lang='lat' dir='ltr'><strong>Urbis&#39;pérdiderat,</strong></span> <span class='ocrx_word' id='word_1_1005' title='bbox 2501 4933 2557 4994; x_wconf 81' lang='lat' dir='ltr'><strong>et</strong></span> <span class='ocrx_word' id='word_1_1006' title='bbox 2582 4935 3067 5009; x_wconf 22' lang='lat' dir='ltr'><strong>idemtBenedictus</strong></span> <span class='ocrx_word' id='word_1_1007' title='bbox 3089 4933 3555 5009; x_wconf 64' lang='lat' dir='ltr'><strong>seipsutiifaeiens</strong></span> 
     </span>
    </p>
   </div>
   <div class='ocr_carea' id='block_1_142' title="bbox 1969 5004 3554 5069">
    <p class='ocr_par' dir='ltr' id='par_1_142' title="bbox 1969 5004 3554 5069">
     <span class='ocr_line' id='line_1_147' title="bbox 1969 5004 3554 5069; baseline -0.007 -3"><span class='ocrx_word' id='word_1_1008' title='bbox 1969 5004 2274 5066; x_wconf 74' lang='lat' dir='ltr'><strong>senatorem</strong></span> <span class='ocrx_word' id='word_1_1009' title='bbox 2302 5011 2645 5066; x_wconf 84' lang='lat' dir='ltr'><strong>subtraxerat</strong></span> <span class='ocrx_word' id='word_1_1010' title='bbox 2686 5008 2762 5062; x_wconf 89' lang='lat' dir='ltr'><strong>illi</strong></span> <span class='ocrx_word' id='word_1_1011' title='bbox 2794 5007 3116 5061; x_wconf 88' lang='lat' dir='ltr'><strong>Maritimam</strong></span> <span class='ocrx_word' id='word_1_1012' title='bbox 3156 5004 3210 5062; x_wconf 82' lang='lat' dir='ltr'><strong>et</strong></span> <span class='ocrx_word' id='word_1_1013' title='bbox 3254 5004 3554 5069; x_wconf 87' lang='lat' dir='ltr'><strong>Sabiniam,</strong></span> 
     </span>
    </p>
   </div>
   <div class='ocr_carea' id='block_1_143' title="bbox 1969 5076 3557 5151">
    <p class='ocr_par' dir='ltr' id='par_1_143' title="bbox 1969 5076 3557 5151">
     <span class='ocr_line' id='line_1_148' title="bbox 1969 5076 3557 5151; baseline -0.006 -15"><span class='ocrx_word' id='word_1_1014' title='bbox 1969 5087 2098 5136; x_wconf 68' lang='lat' dir='ltr'><strong>‘suos</strong></span> <span class='ocrx_word' id='word_1_1015' title='bbox 2112 5080 2517 5151; x_wconf 87' lang='lat' dir='ltr'><strong>justiciariosin</strong></span> <span class='ocrx_word' id='word_1_1016' title='bbox 2548 5078 2655 5133; x_wconf 90' lang='lat' dir='ltr'><strong>illis</strong></span> <span class='ocrx_word' id='word_1_1017' title='bbox 2673 5078 3037 5144; x_wconf 89' lang='lat' dir='ltr'><strong>constituens;</strong></span> <span class='ocrx_word' id='word_1_1018' title='bbox 3075 5076 3557 5151; x_wconf 51' lang='lat' dir='ltr'><strong>Henricusautem</strong></span> 
     </span>
    </p>
   </div>
   <div class='ocr_carea' id='block_1_144' title="bbox 1970 5146 3555 5223">
    <p class='ocr_par' dir='ltr' id='par_1_144' title="bbox 1970 5146 3555 5223">
     <span class='ocr_line' id='line_1_149' title="bbox 1970 5146 3555 5223; baseline -0.004 -16"><span class='ocrx_word' id='word_1_1019' title='bbox 1970 5146 2267 5223; x_wconf 74' lang='lat' dir='ltr'><strong>imperator</strong></span> <span class='ocrx_word' id='word_1_1020' title='bbox 2322 5157 2681 5223; x_wconf 82' lang='lat' dir='ltr'><strong>occupaverat</strong></span> <span class='ocrx_word' id='word_1_1021' title='bbox 2734 5157 2907 5223; x_wconf 77' lang='lat' dir='ltr'><strong>totum</strong></span> <span class='ocrx_word' id='word_1_1022' title='bbox 2954 5163 3188 5223; x_wconf 81' lang='lat' dir='ltr'><strong>regnum</strong></span> <span class='ocrx_word' id='word_1_1023' title='bbox 3216 5146 3555 5223; x_wconf 75' lang='lat' dir='ltr'><strong>Sicilia,_t0-</strong></span> 
     </span>
    </p>
   </div>
   <div class='ocr_carea' id='block_1_145' title="bbox 1971 5215 3556 5292">
    <p class='ocr_par' dir='ltr' id='par_1_145' title="bbox 1971 5215 3556 5292">
     <span class='ocr_line' id='line_1_150' title="bbox 1971 5215 3556 5292; baseline -0.004 -15"><span class='ocrx_word' id='word_1_1024' title='bbox 1971 5215 2195 5292; x_wconf 79' lang='lat' dir='ltr'><strong>tumque</strong></span> <span class='ocrx_word' id='word_1_1025' title='bbox 2223 5215 2609 5292; x_wconf 74' lang='lat' dir='ltr'><strong>patrimonium</strong></span> <span class='ocrx_word' id='word_1_1026' title='bbox 2638 5219 2895 5292; x_wconf 78' lang='lat' dir='ltr'><strong>Ecclesia</strong></span> <span class='ocrx_word' id='word_1_1027' title='bbox 2929 5215 3102 5292; x_wconf 72' lang='lat' dir='ltr'><strong>usque</strong></span> <span class='ocrx_word' id='word_1_1028' title='bbox 3123 5218 3192 5274; x_wconf 90' lang='lat' dir='ltr'><strong>ad</strong></span> <span class='ocrx_word' id='word_1_1029' title='bbox 3227 5225 3413 5288; x_wconf 86' lang='lat' dir='ltr'><strong>portas</strong></span> <span class='ocrx_word' id='word_1_1030' title='bbox 3447 5215 3556 5292; x_wconf 67' lang='lat' dir='ltr'><strong>llr-</strong></span> 
     </span>
    </p>
   </div>
   <div class='ocr_carea' id='block_1_146' title="bbox 1968 5286 3558 5363">
    <p class='ocr_par' dir='ltr' id='par_1_146' title="bbox 1968 5286 3558 5363">
     <span class='ocr_line' id='line_1_151' title="bbox 1968 5286 3558 5363; baseline -0.004 -15"><span class='ocrx_word' id='word_1_1031' title='bbox 1968 5292 2074 5359; x_wconf 87' lang='lat' dir='ltr'><strong>bis,</strong></span> <span class='ocrx_word' id='word_1_1032' title='bbox 2106 5286 2309 5363; x_wconf 74' lang='lat' dir='ltr'><strong>praier</strong></span> <span class='ocrx_word' id='word_1_1033' title='bbox 2350 5292 2519 5347; x_wconf 92' lang='lat' dir='ltr'><strong>solam</strong></span> <span class='ocrx_word' id='word_1_1034' title='bbox 2565 5289 2937 5361; x_wconf 83' lang='lat' dir='ltr'><strong>Campaniam,</strong></span> <span class='ocrx_word' id='word_1_1035' title='bbox 2989 5286 3046 5344; x_wconf 81' lang='lat' dir='ltr'><strong>iii</strong></span> <span class='ocrx_word' id='word_1_1036' title='bbox 3077 5303 3184 5359; x_wconf 90' lang='lat' dir='ltr'><strong>qua</strong></span> <span class='ocrx_word' id='word_1_1037' title='bbox 3218 5286 3399 5343; x_wconf 82' lang='lat' dir='ltr'><strong>tamen</strong></span> <span class='ocrx_word' id='word_1_1038' title='bbox 3435 5286 3558 5357; x_wconf 92' lang='lat' dir='ltr'><strong>plus</strong></span> 
     </span>
    </p>
   </div>
   <div class='ocr_carea' id='block_1_147' title="bbox 1972 5363 2836 5433">
    <p class='ocr_par' dir='ltr' id='par_1_147' title="bbox 1972 5363 2836 5433">
     <span class='ocr_line' id='line_1_152' title="bbox 1972 5363 2836 5433; baseline -0.006 -15"><span class='ocrx_word' id='word_1_1039' title='bbox 1972 5364 2264 5418; x_wconf 91' lang='lat' dir='ltr'><strong>timebatur</strong></span> <span class='ocrx_word' id='word_1_1040' title='bbox 2282 5363 2396 5433; x_wconf 87' lang='lat' dir='ltr'><strong>ipse</strong></span> <span class='ocrx_word' id='word_1_1041' title='bbox 2428 5377 2593 5432; x_wconf 89' lang='lat' dir='ltr'><strong>quam</strong></span> <span class='ocrx_word' id='word_1_1042' title='bbox 2626 5377 2783 5433; x_wconf 80' lang='lat' dir='ltr'><strong>papa.</strong></span> <span class='ocrx_word' id='word_1_1043' title='bbox 2816 5380 2836 5413; x_wconf 72' lang='grc' dir='ltr'><strong>ι</strong></span> 
     </span>
    </p>
   </div>
   <div class='ocr_carea' id='block_1_148' title="bbox 2042 5429 3560 5488">
    <p class='ocr_par' dir='ltr' id='par_1_148' title="bbox 2042 5429 3560 5488">
     <span class='ocr_line' id='line_1_153' title="bbox 2042 5429 3560 5488; baseline -0.002 0"><span class='ocrx_word' id='word_1_1044' title='bbox 2042 5433 2156 5488; x_wconf 79' lang='lat' dir='ltr'><strong>XII.</strong></span> <span class='ocrx_word' id='word_1_1045' title='bbox 2189 5429 2460 5487; x_wconf 62' lang='lat' dir='ltr'><strong>Euii&#39;idem&#39;</strong></span> <span class='ocrx_word' id='word_1_1046' title='bbox 2493 5429 2865 5488; x_wconf 81' lang='lat' dir='ltr'><strong>Innocentium</strong></span> <span class='ocrx_word' id='word_1_1047' title='bbox 2912 5430 3296 5487; x_wconf 86' lang='lat' dir='ltr'><strong>ecclesiastica</strong></span> <span class='ocrx_word' id='word_1_1048' title='bbox 3338 5429 3560 5486; x_wconf 91' lang='lat' dir='ltr'><strong>ditionis</strong></span> 
     </span>
    </p>
   </div>
   <div class='ocr_carea' id='block_1_149' title="bbox 1973 5502 3561 5558">
    <p class='ocr_par' dir='ltr' id='par_1_149' title="bbox 1973 5502 3561 5558">
     <span class='ocr_line' id='line_1_154' title="bbox 1973 5502 3561 5558; baseline -0.001 -1"><span class='ocrx_word' id='word_1_1049' title='bbox 1973 5504 2240 5558; x_wconf 90' lang='lat' dir='ltr'><strong>vindicem</strong></span> <span class='ocrx_word' id='word_1_1050' title='bbox 2287 5505 2582 5558; x_wconf 84' lang='lat' dir='ltr'><strong>maximum</strong></span> <span class='ocrx_word' id='word_1_1051' title='bbox 2642 5504 2768 5558; x_wconf 86' lang='lat' dir='ltr'><strong>novi</strong></span> <span class='ocrx_word' id='word_1_1052' title='bbox 2821 5502 3087 5557; x_wconf 88' lang='lat' dir='ltr'><strong>senatoris</strong></span> <span class='ocrx_word' id='word_1_1053' title='bbox 3139 5502 3419 5557; x_wconf 88' lang='lat' dir='ltr'><strong>audaciam</strong></span> <span class='ocrx_word' id='word_1_1054' title='bbox 3477 5514 3561 5555; x_wconf 89' lang='lat' dir='ltr'><strong>re-</strong></span> 
     </span>
    </p>
   </div>
   <div class='ocr_carea' id='block_1_150' title="bbox 1970 5569 3562 5655">
    <p class='ocr_par' dir='ltr' id='par_1_150' title="bbox 1970 5569 3562 5655">
     <span class='ocr_line' id='line_1_155' title="bbox 1970 5569 3562 5655; baseline -0.001 -26"><span class='ocrx_word' id='word_1_1055' title='bbox 1970 5575 2474 5655; x_wconf 56' lang='lat' dir='ltr'><strong>pressisseconstat</strong></span> <span class='ocrx_word' id='word_1_1056' title='bbox 2523 5590 2597 5655; x_wconf 77' lang='lat' dir='ltr'><strong>ex</strong></span> <span class='ocrx_word' id='word_1_1057' title='bbox 2648 5572 3051 5655; x_wconf 49' lang='lat' dir='ltr'><strong>iisdem‘Cestis</strong></span> <span class='ocrx_word' id='word_1_1058' title='bbox 3079 5591 3092 5627; x_wconf 91' lang='lat'><strong>:</strong></span> <span class='ocrx_word' id='word_1_1059' title='bbox 3118 5588 3244 5654; x_wconf 82' lang='lat' dir='ltr'><strong>nam</strong></span> <span class='ocrx_word' id='word_1_1060' title='bbox 3274 5592 3293 5624; x_wconf 75' lang='grc' dir='ltr'><strong>ι</strong></span> <span class='ocrx_word' id='word_1_1061' title='bbox 3323 5569 3562 5655; x_wconf 79' lang='lat' dir='ltr'><strong>exclusis</strong></span> 
     </span>
    </p>
   </div>
   <div class='ocr_carea' id='block_1_151' title="bbox 1967 5642 3561 5725">
    <p class='ocr_par' dir='ltr' id='par_1_151' title="bbox 1967 5642 3561 5725">
     <span class='ocr_line' id='line_1_156' title="bbox 1967 5642 3561 5725; baseline -0.003 -25"><span class='ocrx_word' id='word_1_1062' title='bbox 1967 5642 2286 5725; x_wconf 77' lang='lat' dir='ltr'><strong>justiciariis</strong></span> <span class='ocrx_word' id='word_1_1063' title='bbox 2302 5645 2588 5725; x_wconf 77' lang='lat' dir='ltr'><strong>senatoris,</strong></span> <span class='ocrx_word' id='word_1_1064' title='bbox 2603 5645 2696 5725; x_wconf 80' lang='lat' dir='ltr'><strong>qui</strong></span> <span class='ocrx_word' id='word_1_1065' title='bbox 2715 5645 2764 5725; x_wconf 86' lang='lat' dir='ltr'><strong>ei</strong></span> <span class='ocrx_word' id='word_1_1066' title='bbox 2787 5642 3104 5699; x_wconf 83' lang='lat' dir='ltr'><strong>ﬁdelitatem</strong></span> <span class='ocrx_word' id='word_1_1067' title='bbox 3118 5642 3418 5725; x_wconf 71' lang='lat' dir='ltr'><strong>juraverat,</strong></span> <span class='ocrx_word' id='word_1_1068' title='bbox 3432 5654 3561 5696; x_wconf 91' lang='lat' dir='ltr'><strong>suos</strong></span> 
     </span>
    </p>
   </div>
   <div class='ocr_carea' id='block_1_152' title="bbox 1967 5713 3558 5786">
    <p class='ocr_par' dir='ltr' id='par_1_152' title="bbox 1967 5713 3558 5786">
     <span class='ocr_line' id='line_1_157' title="bbox 1967 5713 3558 5786; baseline -0.003 -16"><span class='ocrx_word' id='word_1_1069' title='bbox 1967 5713 2300 5786; x_wconf 87' lang='lat' dir='ltr'><strong>justiciarios</strong></span> <span class='ocrx_word' id='word_1_1070' title='bbox 2322 5713 2609 5782; x_wconf 81' lang='lat' dir='ltr'><strong>ordinavit,</strong></span> <span class='ocrx_word' id='word_1_1071' title='bbox 2621 5713 2913 5786; x_wconf 29' lang='lat' dir='ltr'><strong>ielectoque</strong></span> <span class='ocrx_word' id='word_1_1072' title='bbox 2941 5730 3039 5786; x_wconf 90' lang='lat' dir='ltr'><strong>per</strong></span> <span class='ocrx_word' id='word_1_1073' title='bbox 3066 5714 3373 5769; x_wconf 89' lang='lat' dir='ltr'><strong>medianum</strong></span> <span class='ocrx_word' id='word_1_1074' title='bbox 3399 5726 3558 5786; x_wconf 84' lang='lat' dir='ltr'><strong>suum</strong></span> 
     </span>
    </p>
   </div>
   <div class='ocr_carea' id='block_1_153' title="bbox 1975 5780 3559 5855">
    <p class='ocr_par' dir='ltr' id='par_1_153' title="bbox 1975 5780 3559 5855">
     <span class='ocr_line' id='line_1_158' title="bbox 1975 5780 3559 5855; baseline -0.004 -15"><span class='ocrx_word' id='word_1_1075' title='bbox 1975 5780 2082 5840; x_wconf 83' lang='lat' dir='ltr'><strong>alio</strong></span> <span class='ocrx_word' id='word_1_1076' title='bbox 2111 5794 2363 5841; x_wconf 89' lang='lat' dir='ltr'><strong>senatore</strong></span> <span class='ocrx_word' id='word_1_1077' title='bbox 2398 5794 2509 5840; x_wconf 88' lang='lat' dir='ltr'><strong>tam</strong></span> <span class='ocrx_word' id='word_1_1078' title='bbox 2558 5780 2697 5841; x_wconf 88' lang='lat' dir='ltr'><strong>infra</strong></span> <span class='ocrx_word' id='word_1_1079' title='bbox 2747 5780 2959 5842; x_wconf 61' lang='lat' dir='ltr'><strong>Urbem&#39;</strong></span> <span class='ocrx_word' id='word_1_1080' title='bbox 2975 5800 3140 5855; x_wconf 89' lang='lat' dir='ltr'><strong>quam</strong></span> <span class='ocrx_word' id='word_1_1081' title='bbox 3178 5791 3352 5855; x_wconf 49' lang='lat' dir='ltr'><strong>extra,</strong></span> <span class='ocrx_word' id='word_1_1082' title='bbox 3390 5780 3559 5855; x_wconf 83' lang='lat' dir='ltr'><strong>patri-</strong></span> 
     </span>
    </p>
   </div>
   <div class='ocr_carea' id='block_1_154' title="bbox 245 5851 3557 5938">
    <p class='ocr_par' dir='ltr' id='par_1_154' title="bbox 245 5851 3557 5938">
     <span class='ocr_line' id='line_1_159' title="bbox 245 5851 3557 5938; baseline -0.005 -13"><span class='ocrx_word' id='word_1_1083' title='bbox 245 5851 523 5931; x_wconf 56' lang='lat' dir='ltr'><strong>anilem</strong></span> <span class='ocrx_word' id='word_1_1084' title='bbox 585 5867 654 5923; x_wconf 88' lang='lat' dir='ltr'><strong>ab</strong></span> <span class='ocrx_word' id='word_1_1085' title='bbox 697 5865 912 5938; x_wconf 88' lang='lat' dir='ltr'><strong>imperii</strong></span> <span class='ocrx_word' id='word_1_1086' title='bbox 950 5851 1285 5935; x_wconf 76' lang='lat' dir='ltr'><strong>principibus</strong></span> <span class='ocrx_word' id='word_1_1087' title='bbox 1346 5851 1723 5917; x_wconf 77' lang='lat' dir='ltr'><strong>conﬁrmatum</strong></span> <span class='ocrx_word' id='word_1_1088' title='bbox 1747 5851 1877 5925; x_wconf 41' lang='lat' dir='ltr'><strong>,‘ut</strong></span> <span class='ocrx_word' id='word_1_1089' title='bbox 1974 5856 2218 5914; x_wconf 90' lang='lat' dir='ltr'><strong>monium</strong></span> <span class='ocrx_word' id='word_1_1090' title='bbox 2251 5857 2591 5926; x_wconf 88' lang='lat' dir='ltr'><strong>recuperavit</strong></span> <span class='ocrx_word' id='word_1_1091' title='bbox 2616 5871 2790 5927; x_wconf 89' lang='lat' dir='ltr'><strong>nuper</strong></span> <span class='ocrx_word' id='word_1_1092' title='bbox 2819 5851 3095 5913; x_wconf 80' lang='lat' dir='ltr'><strong>amissum.</strong></span> <span class='ocrx_word' id='word_1_1093' title='bbox 3137 5874 3157 5908; x_wconf 75' lang='grc' dir='ltr'><strong>ι</strong></span> <span class='ocrx_word' id='word_1_1094' title='bbox 3198 5851 3557 5909; x_wconf 80' lang='lat' dir='ltr'><strong>Nihilominus</strong></span> 
     </span>
    </p>
   </div>
  </div>
