3996 6320
1201 419 1225 448 ι
1253 403 1581 460 EPISTOLA
1621 403 1702 457 ΙΙΙ.

925 539 991 578 AD
1019 537 1327 578 Βλυυυιειικ
1355 533 1596 573 ΑΒΒΔΤΕΙ
1627 529 1929 570 ῖυιυεκεει

1132 611 1206 664 De
1230 609 1521 663 litterarum
1545 606 1753 661 studiis.

1259 699 1434 767 (Anno
1462 696 1612 752 787A

999 791 1090 854 [Ex
1116 792 1298 842 lliraeo.
1324 791 1623 840 Donationes
1644 785 1868 848 Belga]

721 879 944 935 Carolus
972 877 1145 945 gratia
1174 875 1269 929 Dei
1300 889 1394 928 rex
1417 873 1745 927 Francorum
1772 879 1825 923 et
1850 865 2225 938 Langobardo-

650 988 788 1033 rum,
822 985 886 1024 ac
915 969 1172 1038 patricius
1203 967 1587 1029 Romanorum,
1631 959 1888 1032 Bangulfo
1918 958 2118 1022 abbati,
2167 964 2222 1012 et

648 1061 795 1116 omni
829 1057 1252 1129 congregationi,
1304 1055 1401 1111 tibi
1443 1056 1606 1117 etiam
1636 1051 1937 1112 commissis
1975 1049 2222 1103 ﬁdelibus

646 1149 952 1206 oratoribus
1007 1149 1231 1211 nostris,
1289 1147 1342 1201 in
1397 1143 1781 1214 omnipotentis
1843 1142 1938 1196 Dei
2006 1141 2222 1199 nomine

647 1239 936 1295 amabilem
965 1238 1259 1292 direximus
1294 1235 1543 1291 salutem.

717 1329 915 1384 Notum
944 1327 1108 1398 igitur
1131 1327 1200 1380 sit
1221 1326 1341 1379 Deo.
1356 1324 1566 1396 placitae
1587 1321 1857 1382 devotioni
1880 1330 2072 1376 vestra:
2097 1319 2222 1388 quia

647 1433 748 1473 nos
781 1434 887 1472 una
915 1432 1038 1472 cum
1073 1416 1318 1470 fidelibus
1360 1413 1560 1468 nostris
1605 1411 2061 1468 consideravimus
2091 1407 2222 1462 utile

648 1523 784 1575 esse,
820 1515 878 1562 ut
912 1506 1181 1576 episcopia
1211 1513 1265 1558 et
1293 1503 1620 1559 monasteria
1651 1503 1824 1564 nobis,
1861 1500 2074 1555 Christo
2103 1513 2225 1567 pro-

645 1599 798 1669 pitio,
842 1599 910 1653 ad
953 1595 1356 1668 gubernandum
1392 1595 1699 1658 commissa,
1729 1600 1926 1662 praeter
1961 1589 2222 1660 regularis

648 1688 770 1742 vitze
821 1686 1062 1741 ordinem
1102 1693 1264 1752 atque
1316 1691 1516 1737 sanctae
1552 1680 1826 1748 religionis
1859 1678 2221 1734 conversatio-

609 1767 618 1774 ’
648 1794 790 1843 nem,
825 1779 990 1833 etiam
1016 1777 1072 1832 in
1101 1777 1398 1831 litterarum
1421 1773 1880 1836 meditationibus,
1901 1771 1980 1825 eis
2001 1771 2111 1839 qui,
2129 1769 2222 1824 do-

649 1879 813 1925 nante
848 1869 1093 1932 Domino,
1127 1869 1334 1923 discere
1360 1873 1605 1935 possunt,
1651 1863 1941 1918 secundum
1972 1862 2224 1916 uniuscu-

643 1957 842 2027 jusque
889 1957 1261 2026 capacitatem,
1311 1955 1540 2011 docendi
1581 1954 1813 2009 studium
1855 1953 2081 2008 debeant
2123 1952 2224 2006 im-

647 2050 912 2120 pendere;
950 2049 1182 2118 qualiter
1211 2049 1349 2103 sicut
1379 2047 1640 2117 rcgularis
1675 2060 1850 2099 nonna
1886 2045 2222 2098 honestatem

648 2156 879 2203 morum,
914 2139 986 2192 ita
1015 2153 1224 2207 quoque
1244 2137 1468 2192 docendi
1495 2145 1550 2190 et
1581 2134 1819 2192 discendi
1849 2134 2103 2187 instantia
2134 2147 2225 2186 or-

648 2230 797 2284 dinet
823 2237 873 2282 et
920 2236 1075 2283 ornet
1109 2228 1302 2282 seriem
1331 2226 1635 2289 verborum,
1661 2233 1720 2278 ut
1747 2224 1838 2292 qui
1866 2223 1974 2278 Deo
2011 2222 2225 2293 placere

648 2327 906 2390 appetunt
947 2327 1093 2375 recte
1121 2318 1367 2382 vivendo,
1397 2316 1446 2370 ei
1477 2317 1638 2369 etiam
1665 2313 1876 2383 placere
1917 2328 2022 2367 non
2053 2312 2223 2383 negli-

647 2419 776 2482 gant
825 2420 972 2466 recte
1023 2407 1308 2478 loquendo.
1350 2406 1618 2476 Scriptum
1669 2413 1753 2459 est
1799 2405 1984 2464 enim:
2019 2404 2121 2457 Aut
2159 2419 2226 2458 ea:

646 2505 812 2558 verbis
842 2505 944 2558 tuis
965 2502 1365 2574 justiﬁcaberis,
1393 2510 1481 2554 aut
1505 2515 1568 2553 ea:
1592 2499 1755 2553 verbis
1781 2498 1884 2552 tuis
1911 2497 2225 2555 condemna-

646 2595 781 2648 beris
808 2592 1020 2666 (Matth.
1049 2609 1146 2654 xu,
1167 2590 1279 2663 57).
1308 2589 1562 2656 Quamvis
1593 2588 1734 2642 enim
1759 2587 1948 2644 melius
1976 2587 2050 2640 sit
2084 2586 2221 2642 bene

646 2684 827 2741 facere
853 2699 1013 2754 quam
1049 2698 1229 2747 nosse,
1261 2682 1409 2750 prius
1437 2688 1614 2736 tamen
1661 2687 1745 2734 est
1770 2693 1928 2733 nosse
1956 2693 2115 2748 quam
2144 2676 2222 2734 fa.-

645 2791 790 2832 cere.
816 2777 983 2831 Debet
1004 2791 1133 2845 ergo
1155 2775 1380 2846 quisque
1407 2773 1613 2827 discere
1634 2771 1776 2840 quod
1800 2779 1948 2840 optat
1975 2770 2218 2841 implere,

645 2873 706 2919 ut
732 2873 883 2918 tanto
911 2864 1126 2919 uberius
1155 2862 1283 2932 quid
1309 2877 1466 2933 agere
1496 2862 1704 2926 debeat,
1733 2861 1994 2931 intelligat
2020 2861 2218 2926 anima,

646 2963 848 3022 quanto
882 2955 938 3008 in
959 2954 1342 3024 omnipotentis
1377 2953 1471 3007 Dei
1498 2951 1746 3007 laudibus
1771 2953 1887 3006 sine
1912 2952 2220 3007 mendacio-

644 3060 766 3100 rum
809 3042 1141 3098 olTendiculis
1168 3042 1466 3097 cucurrerit
1495 3042 1694 3112 lingua.
1740 3041 1871 3095 Nam
1897 3057 2020 3096 cum
2049 3041 2220 3097 omni-

646 3137 747 3192 bus
773 3134 1080 3190 hominibus
1104 3132 1318 3186 vitanda
1351 3133 1458 3186 sint
1490 3132 1787 3197 mendacia,
1829 3140 2028 3202 quanto
2054 3133 2222 3203 magis

647 3226 722 3282 illi
775 3224 1068 3282 secundum
1103 3224 1510 3294 possibilitatem
1561 3223 1831 3278 declinare
1868 3223 2081 3287 debent,
2131 3222 2223 3292 qui

647 3315 714 3370 ad
742 3315 844 3371 hoc
870 3315 1202 3371 solummodo
1235 3315 1533 3383 probantur
1561 3314 1737 3378 electi,
1779 3323 1838 3369 ut
1867 3309 2069 3368 servire
2103 3328 2224 3382 spe-

646 3406 867 3462 cialiter
895 3405 1126 3461 debeant
1153 3405 1406 3460 veritati?
1427 3404 1561 3458 Nam
1587 3421 1708 3460 cum
1741 3405 1893 3459 nobis
1927 3404 1982 3458 in
2008 3404 2093 3460 his
2129 3420 2224 3465 an:-

645 3500 732 3554 nis
756 3514 786 3552 a
812 3498 1080 3554 nonnullis
1106 3498 1446 3552 monasteriis
1477 3497 1672 3567 smpius
1700 3497 1899 3566 scripta
1929 3496 2224 3567 dirigeren-

645 3601 752 3656 tur,
784 3591 840 3646 in
860 3591 1051 3660 quibus
1073 3590 1214 3658 quod
1239 3604 1337 3659 pro
1359 3589 1512 3642 nobis
1537 3588 1734 3642 fratres
1763 3589 1958 3642 ibidem
1987 3603 2222 3642 commo-

646 3692 832 3739 rantes
875 3683 930 3737 in
980 3682 1151 3738 sacris
1179 3688 1233 3736 et
1272 3682 1374 3752 piis
1408 3681 1741 3735 orationibus
1785 3681 2123 3736 decertarent
2152 3680 2225 3733 si-

645 3773 1011 3845 gniﬁcaretur,
1045 3773 1393 3842 cognovimus
1434 3772 1488 3825 in
1516 3771 1784 3841 plerisque
1819 3770 2056 3841 praefatis
2097 3787 2223 3826 con-

645 3864 1050 3934 scriptionihus,
1077 3863 1390 3917 eorumdem
1444 3869 1498 3916 et
1543 3877 1731 3917 sensus
1773 3871 1950 3921 rectos
2000 3871 2057 3916 et
2111 3877 2218 3916 ser-

647 3971 832 4010 mones
863 3955 1093 4009 incultos
1118 3968 1133 4006 :
1157 3955 1280 4023 quia
1315 3954 1454 4024 quod
1479 3954 1566 4024 pia
1596 3953 1806 4008 devotio
1833 3954 2057 4008 interius
2089 3954 2221 4009 fide-

719 4098 745 4126 α
774 4084 1017 4154 Epistola
1050 4087 1164 4140 haec
1195 4086 1260 4140 de
1293 4100 1517 4140 numero
1538 4092 1620 4138 est
1651 4084 1885 4148 illarum,
1915 4102 2034 4154 quae
2063 4099 2224 4153 gene-

647 4153 790 4210 rales
811 4153 1147 4215 dicebantur,
1171 4157 1326 4223 quod-
1338 4170 1444 4208 uno
1467 4154 1730 4222 exemplo,
1769 4155 1953 4221 paucis
1981 4155 2219 4218 mutatis,

648 4224 716 4279 ad
739 4224 978 4295 diversos
1009 4225 1370 4295 mitterentur,
1390 4224 1468 4295 ad
1497 4225 1886 4292 metropolitas,
1923 4226 1988 4278 ad
2014 4225 2224 4295 episco-

647 4309 765 4365 pos,
802 4294 868 4348 ad
913 4296 1135 4350 abbates
1160 4301 1215 4347 et
1252 4293 1324 4365 ad,
1354 4293 1594 4365 ali_os,_ﬂut
1633 4309 1719 4347 res
1764 4293 2086 4363 postulabat.
2121 4294 2222 4348 Tot

648 4363 792 4418 enim
819 4373 1006 4434 gentes
1033 4364 1365 4434 eGermania
1392 4363 1470 4416 cis
1500 4363 1766 4426 Rhenum,
1805 4373 1857 4418 et
1885 4379 1950 4417 ex
1976 4365 2124 4418 Italia
2145 4364 2222 4418 cis

1555 292 1614 346 Β.
1658 289 1906 349 CABOLI
1945 283 2156 342 MAGNI
2193 279 2222 336 C

2294 280 2341 334 P.
2383 277 2562 333 mus
2597 276 2662 332 ιι.
2705 247 2942 341 sacrm
2980 275 3018 329 ι.
3149 259 3156 267 ’
3684 286 3756 340 εκ

2252 411 2305 468 Δ
2336 388 2458 441 liu-r
2485 387 2743 451 dictabat,
2777 388 2878 441 hoc
2905 384 3139 440 exterius
3165 395 3370 456 propter
3395 388 3688 459 negligentiam
3706 398 3761 451 di-

2330 479 2511 534 scendi
2538 477 2715 546 lingua
2742 476 3008 530 inerudita
3027 476 3316 545 exprimere
3333 477 3437 531 sine
3457 481 3761 547 reprehensione

2324 585 2428 625 non
2453 569 2682 624 valebat.
2715 567 2867 622 Unde
2888 567 3086 621 factum
3113 575 3193 621 est
3223 576 3281 622 ut
3307 568 3478 624 timere
3506 570 3761 640 inciperemus

2322 674 2390 713 ne
2416 655 2573 720 forte,
2611 657 2752 714 sicut
2794 657 2972 710 minor
3007 663 3124 712 erat
3160 656 3212 710 in
3258 658 3511 714 scribendo
3547 661 3758 728 prudentia,

2321 747 2395 802 ita
2436 759 2647 815 quoque
2678 754 2733 799 et
2767 745 2935 800 multo
2970 745 3143 799 minor
3171 752 3326 809 esset,
3364 761 3507 814 quam
3542 757 3655 802 recte
3686 766 3761 806 esse

2323 835 2615 901 debuisset,
2645 833 2700 888 in
2729 834 2811 888 eis
2843 841 3150 888 sanctarum
3179 835 3538 903 scripturarum
3558 837 3611 890 ad
3636 839 3763 895 intelli-

2321 922 2554 991 gendum
2599 922 2883 991 sapientia.
2932 921 3000 975 Et
3037 922 3170 976 bene
3217 922 3446 976 novimus
3485 938 3636 979 omnes
3668 930 3762 996 quia,

2321 1012 2568 1080 quamvis
2598 1011 2886 1082 periculosi
2912 1011 3021 1065 sint
3044 1026 3253 1066 errores
3279 1013 3551 1076 verborum,
3571 1015 3766 1086 mullope-

2322 1102 2663 1156 riculosiores
2688 1111 2812 1156 sunt
2847 1117 3060 1157 errores
3086 1115 3352 1158 sensuum.
3378 1103 3672 1169 Quamobrem
3689 1108 3767 1163 hor-

2321 1191 2502 1247 tamur
2533 1208 2628 1247 vos
2668 1192 2965 1247 litterarum
3005 1193 3182 1247 studia
3213 1209 3316 1247 non
3356 1193 3509 1248 solum
3548 1209 3630 1248 non
3661 1197 3768 1267 negli-

2320 1297 2469 1353 gere,
2495 1298 2681 1338 verum
2706 1285 2872 1338 etiam
2907 1284 3209 1338 humillima
3243 1294 3295 1339 et
3327 1284 3429 1339 Deo
3462 1284 3625 1355 placita
3658 1287 3768 1343 inten-

2321 1373 2466 1427 tione
2495 1373 2562 1428 ad
2595 1374 2698 1428 hoc
2727 1373 2974 1428 certatim
3003 1374 3230 1436 discere,
3263 1381 3320 1427 ut
3359 1372 3544 1428 facilius
3565 1384 3609 1428 et
3641 1378 3772 1432 rectius

2322 1461 2627 1516 divinarum
2658 1463 3045 1532 scripturarum
3067 1463 3320 1531 mysteria
3347 1460 3546 1516 valeatis
3561 1471 3770 1531 penetrare.

2321 1551 2455 1607 Cum
2487 1562 2668 1608 autem
2700 1555 2752 1608 in
2785 1555 2956 1608 sacris
2981 1553 3194 1624 paginis
3218 1553 3492 1618 schemata,
3521 1555 3631 1624 tropi
3658 1564 3774 1610 etca-

2324 1650 2441 1696 tera
2470 1643 2556 1698 his
2590 1644 2786 1698 similia
2841 1645 3042 1698 inserta
3091 1644 3442 1708 inveniantur,
3483 1643 3594 1698 nulli
3631 1644 3774 1699 dubium

2251 1740 2406 1802 Best
2431 1733 2658 1803 quodvea
2682 1735 3048 1803 unusquisque
3072 1733 3256 1804 legens
3286 1742 3430 1788 tanto
3455 1733 3590 1788 citius
3607 1733 3776 1804 spiritua-

2327 1824 2454 1878 liter
2477 1824 2746 1895 intelligit,
2771 1832 2972 1894 quanto
2992 1824 3143 1894 prius
3170 1823 3226 1878 in
3251 1823 3532 1878 litterarum
3561 1823 3778 1892 magisterio

2323 1915 2554 1990 plenius
2580 1915 2878 1971 instructus
2922 1915 3104 1972 fuerit.
3161 1914 3318 1971 Tales
3360 1929 3479 1970 vero
3509 1914 3566 1970 ad
3595 1915 3671 1970 hoc
3694 1930 3779 1984 opu

2324 2008 2426 2062 viri
2475 2008 2757 2078 eligantur,
2801 2010 2894 2078 qui
2929 2016 2986 2064 et
3021 2007 3354 2062 voluntatem
3394 2015 3445 2062 et
3480 2005 3780 2077 possibilitatem

2323 2099 2582 2164 discendi,
2614 2107 2669 2154 et
2703 2099 3028 2154 desiderium
3061 2099 3300 2154 habeant
3333 2097 3459 2152 alios
3483 2094 3782 2151 instruendth

2324 2190 2426 2245 hoc
2458 2199 2665 2244 tantum
2695 2204 2758 2243 ea
2791 2189 3089 2245 intentione
3140 2197 3352 2259 agatur,
3403 2203 3499 2257 qua
3538 2185 3744 2241 devotione
3764 2200 3782 2235 ι

2323 2285 2479 2339 nobis
2502 2285 2831 2354 praecipitur.
2865 2282 3126 2353 Optamus
3152 2283 3300 2337 enim
3322 2296 3428 2345 vos,
3454 2281 3573 2335 sicut
3593 2275 3784 2332 decetl'o-

2324 2375 2500 2431 clesiae
2536 2375 2752 2441 milites,
2788 2382 2843 2429 et
2884 2375 3111 2429 interius
3137 2372 3379 2435 devotos,
3403 2379 3467 2425 ‘et
3496 2368 3683 2424 exterius
3701 2366 3784 2419 doc-

2323 2475 2429 2534 tos,
2457 2475 2742 2536 castosque
2764 2467 2902 2521 bene
2921 2465 3168 2527 vivendo,
3200 2471 3258 2518 et
3291 2461 3602 2518 scholasticos
3619 2458 3717 2512 bene
3738 2455 3788 2508 lo-

2325 2560 2536 2630 quendo
2565 2577 2578 2612 :
2608 2567 2667 2613 ut
2693 2558 3000 2627 quicunque
3022 2571 3119 2612 vos
3145 2563 3368 2626 propter
3391 2566 3562 2609 nomen
3586 2547 3740 2604 Domini
3755 2552 3789 2599 et

2325 2657 2524 2704 sanctae
2541 2648 2965 2704 conversationis
2986 2647 3326 2702 nobilitatem
3350 2645 3414 2699 ad
3433 2641 3672 2697 videndum
3684 2651 3789 2708 expe-

2323 2739 2490 2804 tierit,
2517 2739 2659 2794 sicut
2701 2739 2768 2793 de
2811 2746 3030 2809 aspectu
3068 2746 3256 2793 vestro
3304 2737 3572 2792 aedificatur
3597 2733 3722 2794 visus,
3742 2729 3789 2783 ita

2324 2841 2536 2897 quoque
2564 2827 2629 2883 de
2675 2827 2942 2898 sapientia
2982 2836 3188 2891 vestra,
3221 2841 3382 2896 quam
3427 2825 3476 2879 in
3517 2821 3693 2892 legendo
3729 2831 3790 2872 seu

2323 2919 2590 2975 cantando
2616 2918 2936 2990 perceperit,
2969 2919 3288 2982 instructus,
3311 2910 3794 2986 omnipotentiDomim

2324 3011 2528 3081 gratias
2551 3011 2756 3080 agendo
2776 3010 3016 3081 gaudens
3040 3011 3251 3066 redeat.
3267 3009 3430 3079 liuius
3451 3009 3606 3078 itaque
3629 3003 3795 3076 epistola

2324 3102 2652 3172 exemplaria
2697 3102 2764 3158 ad
2794 3117 2983 3157 omnes
3005 3103 3034 3142 δ
3069 3102 3423 3174 suffragantes
3463 3109 3653 3169 tuosque
3676 3095 3796 3164 coepi.

2321 3207 2532 3262 scopos,
2569 3202 2624 3247 et
2661 3208 2759 3263 per
2790 3193 3042 3248 universa
3084 3193 3412 3249 monasteria
3455 3190 3594 3260 dirigi
3621 3202 3702 3242 non
3734 3197 3797 3237 ne-

2321 3282 2510 3354 gligas,
2550 3284 2595 3337 si
2633 3283 2866 3354 gratiam
2894 3290 3136 3338 nostram
3190 3285 3393 3338 habere
3435 3281 3509 3336 vis
3541 3297 3554 3332 :
3593 3285 3636 3334 et
3675 3271 3798 3330 nullus

2321 3371 2617 3427 monachus
2638 3372 2770 3427 foris
2799 3373 3124 3428 monasterio
3141 3371 3429 3442 iudiciaria
3449 3378 3621 3432 teneat,
3643 3379 3718 3420 nec
3735 3375 3796 3433 per

2322 3462 2514 3518 mallos
2542 3472 2596 3518 et
2622 3463 2831 3536 publica
2860 3464 3058 3535 placita
3087 3472 3298 3533 pergat.
3336 3463 3530 3534 Legens
3552 3457 3708 3514 valeat.

2865 3553 3198 3612 EPISTOLA
3229 3554 3298 3609 IV
3326 3564 3388 3612 ο..

2911 3641 2978 3679 ΔΙ)
3007 3639 3318 3680 εωυερτοε.

2357 3714 2434 3768 De
2461 3712 2778 3771 Homiliario
2807 3712 2966 3767 Pauli
2992 3713 3216 3767 Diacom'
3235 3755 3251 3778 ,
3279 3711 3509 3770 monachi
3535 3705 3773 3763 Casinam

2938 3782 3114 3854 (Anno
3142 3781 3295 3855 788.)

2691 3875 2804 3936 (Ex
2832 3873 3017 3925 Mabill.
3039 3873 3223 3923 Vetera
3249 3873 3526 3929 Analecta.)

2395 3956 2620 4014 Carolus
2648 3956 2743 4011 Dei
2772 3954 2942 4010 fretus
2965 3955 3167 4010 auxilio
3193 3970 3292 4010 rex
3321 3955 3624 4010 Francorum
3648 3958 3691 4003 et
3710 3945 3806 4000 Lon-

2321 4091 2424 4154 rio,
2450 4106 2558 4159 quo
2580 4089 2853 4144 ferebatur
2866 4089 3109 4154 Carolus,
3133 4104 3243 4158 quo
3263 4090 3471 4152 littera,
3491 4083 3807 4159 pmsenimqm

2321 4148 2509 4230 sacrae,
2540 4159 2592 4213 in
2635 4175 2800 4226 regno
2843 4174 2940 4214 suo
2984 4148 3246 4230 vigerent,
3277 4161 3395 4230 lege
3422 4148 3698 4230 monachum
3717 4148 3792 4230 ξ.ίὲ

2321 4213 2627 4352 ϐιιΙΙθιίῗῗιη
2665 4213 2759 4284 lib.
2778 4213 2830 4293 il,
2854 4213 2984 4298 cap.
3026 4213 3091 4285 ὅ.
3111 4213 3245 4284 Hac.
3280 4213 3356 4285 (ιὲ
3372 4229 3527 4300 Pagio
3549 4225 3608 4280 ad
3637 4238 3707 4278 an.
3726 4213 3808 4280 781.

2321 4315 2470 4352 num.
2577 4337 2601 4352 ,ν

2361 4315 2470 4352 um.
2508 4315 2601 4353 ιι..

2321 4315 2357 4354 n
2397 4369 2423 4408 ι»
2469 4368 2628 4422 Nolat
2669 4367 2988 4423 Sirmondus
3015 4367 3104 4422 hic
3144 4370 3394 4426 scrinarii
3428 4363 3681 4424 oscitantia
3710 4370 3809 4429 quae

647 4434 810 4509 Alpes
829 4432 1140 4509 eruperant,
1167 4442 1225 4487 ut
1244 4433 1709 4509 pulilicaapenitus
1727 4435 2041 4509 evanuerint
2067 4435 2226 4489 sclioa
2251 4432 2302 4493 D
2327 4438 2449 4493 dam
2479 4438 2805 4506 olzrepuisse,
2839 4451 2957 4509 qua:
2988 4439 3182 4492 mutari
3209 4441 3507 4509 oportebat,
3538 4445 3590 4491 ut
3617 4447 3712 4504 qna:
3737 4441 3810 4482 πιθ-

647 4504 733 4567 lae,
764 4511 819 4559 et
841 4503 1024 4560 curam
1063 4507 1394 4574 privatarum
1426 4503 1489 4556 ad
1521 4505 1872 4562 eruditionem
1903 4505 2220 4562 clericorum

647 4575 704 4645 in
736 4576 1019 4645 episcopiis
1047 4576 1311 4645 gesserint
1341 4574 1597 4642 episcopi,
1627 4583 1685 4628 ut
1717 4578 1936 4629 abbates
1967 4577 2017 4629 in
2043 4591 2224 4630 emno-

649 4644 752 4700 biis
773 4644 853 4699 ad
879 4644 1260 4701 monachorum
1303 4645 1734 4700 instructionem.
1763 4645 1911 4700 Unde
1934 4648 2108 4700 studia
2131 4647 2225 4702 de-

648 4714 967 4786 litescebant
999 4717 1052 4772 in
1079 4717 1206 4771 solis
1244 4715 1638 4786 episcopiorum
1671 4717 2230 4784 monasteriorumqne

649 4784 918 4841 claustris.
952 4787 1055 4841 Sed
1086 4788 1210 4856 quia
1256 4784 1382 4840 tunc
1411 4802 1621 4854 quoque
1653 4803 1729 4841 ea:
1764 4786 2105 4856 languebant.
2130 4803 2231 4847 eas.

649 4857 876 4926 pristino
922 4857 1189 4926 splendori
1238 4857 1524 4910 restituere
1548 4857 1770 4911 Carolus
1805 4858 1967 4910 etiam
2007 4858 2218 4925 sategit,

2325 4509 2649 4577 tropolitano
2673 4508 3008 4566 conveniant,
3043 4523 3148 4562 non
3191 4508 3395 4563 abbati.

2394 4566 2426 4616 θ’
2451 4577 2740 4648 Epistolam
2771 4577 2910 4648 hanc
2950 4577 3123 4631 visum
3166 4587 3249 4632 est
3286 4581 3446 4634 edere
3464 4619 3477 4642 ,
3506 4586 3562 4632 ut
3584 4580 3688 4648 pote

2321 4638 2555 4719 dignam,
2586 4647 2917 4720 etnonnulla
2943 4647 3330 4720 continentem,
3360 4638 3477 4718 qum
3494 4638 3813 4720 multorumvf

2358 4712 2470 4781 u'to,
2502 4717 2748 4772 notitiam
2773 4715 3002 4787 fugiunt.
3037 4717 3150 4771 Etsi
3177 4712 3324 4772 enim
3345 4712 3463 4773 cum
3494 4715 3627 4770 Pauli
3655 4712 3812 4787 Di‘awnll

2372 4771 2636 4842 omiliario
2663 4787 2803 4856 typis
2830 4771 2974 4858 eglita
3002 4795 3084 4841 est
3112 4771 3281 4858 Spirae
3309 4771 3460 4858 apud
3475 4787 3666 4858 Petrum

2317 4858 2587 4927 jnniorem
2641 4850 2781 4910 anno
2815 4857 2974 4927 714,82
3020 4867 3073 4910 et
3115 4850 3359 4913 Colonia”:-
3398 4859 3531 4927 apud
3565 4850 3814 4927 .Mattbaglltll

650 4914 872 4982 directis
897 4914 1161 4998 epistolis,
1193 4927 1260 4982 de
1295 4927 1488 4996 quibus
1523 4943 1702 4997 supra.
1739 4927 1933 4981 Verum
1961 4943 2083 4980 cum
2115 4914 2223 4995 pri-'-
2317 4914 2615 4998 'Cholinum
2635 4942 2774 4980 anno
2803 4925 2958 4989 1557,
2992 4936 3168 4982 tamen
3195 4929 3318 4998 quia
3347 4914 3572 4983 rariores
3587 4929 3700 4998 sunt
3719 4914 3814 4998 ei“?

649 5008 896 5053 vatarum
943 4997 1308 5065 hujuscemodi
1350 4999 1654 5051 scholarum
1686 4998 1863 5051 aditus
1893 4997 2045 5051 laicis
2088 4999 2224 5052 liber

651 5083 756 5122 non
783 5075 944 5138 esset,
971 5067 1195 5138 Carolus
1225 5067 1465 5138 publicas
1490 5068 1738 5131 instituit,
1765 5077 1816 5121 et
1846 5068 1900 5123 in
1936 5068 2050 5136 ipso
2076 5067 2232 5136 regio.

650 5137 1003 5219 palatioalias
1047 5137 1236 5219 erexit.
1277 5137 1776 5219 Regisneremplum
1821 5139 2003 5219 Statim
2032 5139 2222 5219 _secuti

650 5218 775 5262 sunt
812 5209 1035 5263 abbates
1069 5216 1122 5262 et
1147 5208 1401 5278 episcopi.
1438 5208 1670 5263 Publica:
1693 5223 1790 5277 per
1813 5209 2096 5277 eplSCOpid,
2128 5223 2224 5276 per

652 5279 978 5347 monasteria
1009 5294 1131 5334 mox
1161 5288 1503 5347 strepuerunt
1528 5280 1742 5342 schol;e,
1773 5279 1889 5333 alue
1915 5280 2219 5342 cmnob-tis,

652 5345 770 5401 aliae
815 5349 1162 5405 saecularibus
1193 5345 1478 5406 edocendis
1527 5351 1823 5404 destinata}.
1859 5349 2010 5403 Tunc
2055 5349 2225 5401 Bene-

654 5417 860 5482 dictini,
884 5421 980 5488 qui
1005 5436 1034 5473 a
1060 5423 1140 5474 sui
1171 5420 1401 5474 instituti
1427 5420 1737 5488 primordiis
1763 5421 1968 5472 litteras
1995 5417 2223 5488 professi

653 5497 797 5560 sunt,
826 5490 1038 5544 scholas
1068 5490 1186 5544 illas
1208 5491 1435 5560 duplicis
1470 5489 1683 5560 generis
1710 5491 1763 5542 in
1786 5490 2221 5560 rsuisgmonaste-

653 5556 750 5628 riis
780 5559 978 5614 habere
1014 5561 1229 5614 voluere
1256 5556 1361 5614 {de
1385 5556 1583 5628 quibus
1609 5559 1863 5627 legendus
1895 5557 2225 5612 Trithemius

656 5627 708 5680 in
747 5629 1002 5685 chronica
1029 5627 1415 5700 llirsaugiensi,
1437 5630 1528 5684 ubi
1563 5639 1615 5684 et
1645 5629 1888 5684 cumobia
1915 5629 2223 5700 Benedicti-

655 5714 718 5753 na
749 5700 1048 5756 litterarum
1082 5698 1244 5758 cultu
1263 5701 1556 5757 celebriora
1579 5707 1874 5755 enumerat.
1910 5698 2003 5754 De‘
2016 5698 2222 5754 deside-

2322 4998 2464 5052 modi
2494 4997 2776 5060 editiones,
2818 5011 2995 5064 opera:
3035 4993 3265 5065 pretium
3306 4995 3600 5053 existimavi
3622 4993 3694 5049 hic
3715 4996 3816 5065 ἥξειν

2324 5068 2450 5122 dere
2472 5052 2774 5136 pretiosum,
2801 5052 2942 5120 istud
2970 5052 3306 5136 antiquitatis
3336 5052 3723 5136 monumentum.

2321 5133 2612 5191 miliarium
2644 5136 2746 5190 hoc
2773 5137 2842 5190 ab
2871 5133 3438 5192 Memno—adornatum
3467 5133 3696 5194 elimavit.
3719 5135 3815 5180 πω

2323 5207 2428 5261 duo
2463 5206 2735 5260 volumina
2766 5206 3039 5261 distribuit
3078 5206 3275 5263 Paulus
3312 5210 3572 5263 Diaconos
3597 5195 3817 5263 Monach“

2322 5276 2649 5339 Casinensis,
2673 5276 2749 5348 uti
2778 5274 3002 5348 Carolus
3031 5277 3082 5330 in
3116 5262 3227 5333 fine
3243 5262 3722 5348 epiStolze;tcstaturl.
3741 5262 3819 5348 Hg‘f

2323 5356 2568 5416 spectare
2606 5337 2926 5418 ciediderim
2957 5346 3201 5418 Ansegisi
3232 5337 3439 5402 abbatis
3471 5337 3820 5418 Fontanellensis

2322 5413 2724 5480 testamentum,
2779 5415 3006 5485 legantis
3053 5413 3378 5473 monasterio
3411 5434 3506 5472 suo
3538 5413 3821 5485 Collocutus!

2323 5487 2453 5542 duos
2480 5504 2635 5557 super
2659 5473 2782 5538 auiti
2811 5473 3025 5550 circulo,
3056 5486 3214 5542 Pauli
3235 5489 3456 5543 Diaconi
3480 5482 3712 5557 volumina
3729 5473 3823 5557 όξρυ

2323 5554 2715 5628 inscr-neeum
2758 5557 3215 5628 tamenihomilize
3257 5559 3498 5628 quaedam
3544 5570 3572 5609 a
3613 5554 3822 5628 ροθιεηε)

2322 5642 2512 5693 nempe
2541 5624 2720 5680 Herici
2761 5627 3008 5680 monachi
3035 5623 3529 5691 Antissiodorensis,
3559 5623 3808 5693 quem!!!“

2325 5643 2442 5683 nem
2543 5643 2720 5680 nerlci
2761 5643 3008 5680 monacm
3035 5643 3529 5691 antissnouorensns,
3559 5643 3696 5693 quem
3723 5643 3801 5668 ιιιυ·

2325 5707 2418 5754 tuo
2446 5643 2610 5753 Biulo
2644 5695 2889 5754 ﬂoruisse
2922 5706 3161 5767 tonstat,
3205 5708 3456 5772 regnante
3483 5691 3658 5754 Carolo
3682 5682 3822 5742 Cabu-
