3996 6320
169 323 266 381 8S7

1625 321 2006 379 EPISTOLJ‘I.

3332 319 3440 376 838

165 438 570 509 gebat-dorum,
621 449 684 490 ae
731 441 988 504 patricius
1029 433 1431 499 Romanorum,
1475 429 1744 502 religiosis
1776 439 1822 492 Α
1850 431 2064 486 mittere
2079 431 2399 498 studuimus,
2413 440 2468 486 et
2482 446 2578 502 per
2596 428 3440 502 tedulclssimisﬁliabusnostris,

168 529 466 586 lectoribus
511 535 711 582 nostrae
749 526 942 582 ditioni
969 525 1246 595 subjectis.
1279 524 1412 580 Cum
1440 541 1541 580 nos
1567 525 1752 580 divina

165 633 386 689 semper
432 619 578 674 domi
625 619 844 686 orisque
893 617 1182 671 clementia
1230 617 1344 670 sive
1400 618 1455 670 in
1491 615 1754 680 bellorum

162 709 475 771 eventibus,
502 708 620 762 sine
649 709 704 761 in
729 707 878 776 pacis
908 707 1301 775 tranquillitate
1330 706 1618 770 custodiat,
1649 704 1753 759 etsi

163 797 465 868 quidquam
492 797 785 865 rependere
813 794 931 864 ejus
958 795 1234 851 beneﬁciis
1258 796 1496 850 tenuitas
1521 795 1754 850 humana

165 903 273 944 non
287 887 576 957 praevalet;
599 895 778 941 tamen
793 887 919 956 quia
940 887 1425 942 est-inaestimabilis
1449 888 1756 942 misericor—

162 980 265 1035 dia:
281 981 428 1034 Deus
443 990 644 1043 noster,
676 980 896 1034 devotas
915 995 1026 1033 sure
1042 979 1287 1034 servituti
1310 979 1539 1049 benigne
1564 993 1756 1048 appro-

162 1071 254 1125 bat
269 1070 599 1125 voluntates.
629 1071 796 1139 Igitur
822 1069 950 1137 quia
968 1083 1110 1122 cum
1135 1068 1290 1122 nobis
1312 1075 1394 1122 est
1417 1076 1477 1122 ut
1497 1055 1755 1122 ecclesia-

163 1175 282 1214 rum
318 1167 633 1214 nostrarum
661 1159 728 1212 ad
758 1157 978 1211 meliora
1019 1171 1232 1226 semper
1268 1157 1515 1226 proﬁciat
1544 1165 1750 1223 status,

161 1249 529 1304 oblitteratam
542 1261 678 1318 pene
694 1247 955 1317 majorum
967 1255 1273 1302 nostrorum
1286 1249 1487 1303 desidia
1504 1261 1754 1305 reparare

162 1339 408 1410 vigilanti
437 1339 616 1394 studio
644 1339 944 1392 litterarum
970 1339 1266 1408 satagimus
1290 1337 1581 1405 ofﬁcinam,
1608 1346 1665 1392 et
1686 1339 1754 1393 ad

157 1435 534 1505 pernoscenda
571 1448 849 1488 sacrorum
892 1433 1151 1488 librorum
1174 1432 1305 1504 [Al.,
1336 1433 1637 1487 liberalium
1667 1448 1756 1486 ar-

156 1522 321 1594 tium]
354 1524 532 1578 studia
562 1532 748 1578 nostro
774 1523 936 1578 etiam
969 1537 1103 1592 quos
1129 1537 1416 1591 possumus
1461 1522 1754 1577 invitamus

157 1617 431 1687 exemplo.
465 1616 608 1671 Inter
635 1631 755 1685 qua:
780 1614 1103 1684 jampridem
1136 1615 1418 1670 universos
1457 1615 1658 1669 veteris
1685 1630 1752 1670 ac

156 1707 288 1761 novi
319 1705 654 1760 Testamenti
693 1705 860 1760 libros
898 1705 1241 1759 librariorum
1270 1705 1536 1774 imperitia
1565 1706 1753 1774 depra-

1854 523 1938 579 vel
1958 524 2170 580 caneris
2191 524 2434 580 ﬁdelibus
2455 526 2655 581 nostris
2677 533 2852 580 tecum
2875 525 3235 582 manentibus.
3261 525 3443 584 Scien-

1855 620 1963 666 tem
1993 621 2045 666 te
2073 615 2216 668 enim
2254 614 2481 670 facimus
2508 617 2634 685 quia
2674 617 2876 686 gratias
2921 616 3031 671 Deo
3060 616 3176 670 sani
3217 624 3272 672 et
3309 618 3442 674 salvi

1854 717 2059 756 sumus.
2090 703 2282 759 Missus
2309 705 2525 774 quidem
2555 706 2734 761 dilecti
2768 705 2863 759 ﬁlii
2892 706 3064 760 nostri
3095 705 3307 776 Pippini
3337 723 3437 762 no-

1855 793 1998 860 mine
2028 792 2104 846 ill.
2138 793 2295 849 nobis
2327 794 2594 847 nuntiavit
2633 794 2697 848 de
2736 792 2854 861 ejus
2881 795 3114 849 sanitate
3139 811 3204 850 ac
3254 797 3441 850 domni

1855 884 2158 951 apostolici,
2189 884 2272 936 vel
2307 885 2372 938 de
2400 883 2697 938 salvatione
2725 883 3017 938 confinium
3047 894 3356 940 nostrorum
3385 886 3446 941 il-

1855 973 1922 1028 lis
1955 974 2197 1043 partibus
2221 975 2554 1042 positorum;
2586 975 2728 1029 unde
2756 975 2908 1029 valde
2943 975 3200 1030 laetiﬁcati
3227 977 3442 1032 exstiti-

1855 1078 1994 1117 mus.
2039 1063 2106 1116 Et
2147 1064 2366 1132 insuper
2405 1063 2589 1116 retulit
2634 1063 2790 1118 nobis
2831 1065 3064 1132 qualiter
3106 1065 3208 1120 illa:
3248 1081 3438 1132 scene,

1855 1169 1987 1224 quas
2006 1154 2156 1223 prius
2181 1154 2245 1208 de
2267 1153 2417 1207 Italia
2433 1152 2694 1221 jussimus
2717 1168 2940 1224 pergere
2958 1156 3205 1224 partibus
3227 1155 3438 1210 Avarite

1855 1245 1911 1299 in
1939 1245 2013 1299 ill.
2045 1244 2278 1300 conﬁnia
2319 1244 2695 1310 residendum,
2739 1255 3094 1314 perrexerunt
3135 1247 3275 1302 infra
3303 1247 3440 1303 ﬁnes

1855 1335 2094 1404 ipsorum
2137 1334 2344 1390 decimo
2389 1334 2655 1388 Kalendas
2703 1334 3052 1404 Septembris,
3100 1345 3155 1390 et
3202 1337 3442 1392 inierunt

1854 1440 2088 1496 pugnam
2119 1440 2241 1478 cum
2270 1424 2350 1478 eis
2375 1441 2387 1476 :
2425 1433 2479 1477 et
2515 1425 2662 1478 dedit
2695 1425 2777 1478 eis
2805 1426 2947 1479 Deus
2973 1427 3314 1495 omnipotens
3341 1441 3442 1497 pro

1856 1531 1952 1570 sua
1981 1515 2350 1571 misericordia
2379 1515 2680 1580 victoriam,
2709 1524 2766 1570 et
2791 1516 3186 1571 multitudinem
3217 1518 3282 1572 de
3310 1518 3441 1588 ipsis

1856 1607 2047 1662 Avaris
2075 1607 2480 1672 interfecerunt,
2514 1607 2570 1661 in
2611 1614 2852 1673 tantum,
2885 1615 2944 1661 ut
2971 1607 3186 1671 dicunt,
3211 1609 3354 1678 quod
3384 1609 3440 1662 in

1857 1698 2043 1752 multis
2067 1698 2257 1753 diebus
2281 1698 2452 1767 major
2479 1706 2688 1767 strages
2709 1699 2773 1752 de
2795 1698 2925 1766 ipsis
2951 1697 3143 1752 Avaris
3164 1697 3307 1755 facta
3331 1715 3439 1754 non

157 1806 338 1861 vatos,
363 1797 475 1851 Deo
495 1811 592 1850 nos
613 1796 668 1850 in
687 1796 938 1851 omnibus
961 1794 1268 1862 adjuvante,
1282 1795 1608 1848 examussim
1631 1810 1751 1849 cor-
1783 1789 1829 1848 Β
1856 1789 1976 1845 fuit.
2004 1791 2066 1844 Et
2093 1791 2720 1860 exspoliaveruntipsum
2743 1791 2960 1856 vallum,
2979 1799 3033 1844 et
3060 1793 3314 1846 sederunt
3334 1793 3438 1848 ibi-

157 1887 426 1941 reximus.
443 1885 668 1940 Accensi
681 1893 944 1954 prmterea
964 1884 1280 1938 venerandae
1295 1883 1564 1937 memorize
1577 1883 1750 1951 Pippi-

155 1978 214 2032 ni
234 1977 503 2047 genitoris
516 1976 687 2031 nostri
707 1975 984 2044 exemplis,
999 1975 1091 2044 qui
1114 1982 1254 2029 totas
1265 1973 1559 2028 Galliarum
1579 1974 1752 2028 eccle-

155 2072 271 2126 aias
300 2085 400 2126 suo
428 2070 608 2124 studio
639 2068 893 2123 Romame
920 2067 1224 2122 traditionis
1248 2067 1498 2122 cantibus
1528 2067 1751 2121 decora-

157 2164 270 2228 vit;
296 2177 400 2217 nos
425 2161 777 2216 nihilominus
815 2160 1000 2214 solerti
1040 2161 1529 2237 easdemcuramus
1549 2158 1749 2238 intuitu

154 2255 555 2327 prmeipuarum
583 2253 844 2322 insignire
865 2253 1004 2307 serie
1029 2253 1338 2308 lectionum.
1362 2252 1749 2322 Denique’quia

157 2347 227 2402 ad
254 2345 578 2400 nocturnale
605 2343 845 2400 ofﬁcium
874 2346 1190 2415 compilatas
1213 2347 1568 2414 quorumdam
1592 2359 1748 2400 casso

156 2435 368 2499 labore,
401 2433 526 2488 licet
570 2442 719 2489 recto
753 2433 973 2500 intuitu,
1015 2435 1195 2488 minus
1233 2443 1416 2488 tamen
1453 2435 1643 2489 idonee
1673 2448 1752 2488 re-

155 2526 401 2597 perimus
445 2524 748 2580 lectiones:
789 2525 985 2595 quippe
1039 2541 1159 2596 quae
1209 2534 1265 2580 et
1309 2527 1426 2581 sine
1467 2537 1751 2583 auctorum

157 2618 444 2674 vocabulis
472 2625 653 2672 essent
681 2619 889 2688 positae,
914 2626 966 2672 et
1000 2619 1226 2674 inﬁnitis
1255 2619 1511 2674 vitiorum
1540 2620 1753 2675 anfrac-

157 2711 310 2766 tibus
360 2717 668 2775 scaterent;
719 2725 828 2767 non
860 2725 1047 2764 sumus
1075 2710 1221 2778 passi
1247 2710 1452 2766 nostris
1479 2711 1669 2765 diebus
1695 2711 1752 2765 in

162 2801 368 2858 divinis
394 2801 716 2856 lectionibus
744 2816 1022 2857 sacrorum
1049 2801 1354 2857 ofﬁciorum
1388 2803 1751 2858 inconsonan-

161 2903 248 2948 tes
272 2900 616 2963 perstrepere
641 2891 996 2956 solmcismos,
1039 2900 1202 2961 atque
1227 2894 1536 2948 earumdem
1568 2893 1754 2948 lectio-

161 2997 293 3037 num
323 2981 383 3036 in
417 2981 611 3036 melius
655 2981 952 3036 reformare
984 2983 1278 3048 tramitem,
1309 2991 1549 3037 mentem
1580 2985 1754 3039 inten-

159 3072 379 3128 dimus:
413 3072 575 3142 idque
610 3086 747 3140 opus
793 3070 961 3126 Paulo
999 3072 1237 3128 Diacono
1274 3071 1526 3128 familiari
1565 3083 1751 3130 nostro

1855 1880 1977 1933 dem
1999 1880 2113 1949 ipsa
2140 1889 2317 1944 nocte,
2341 1879 2425 1932 vel
2450 1881 2503 1933 in
2543 1880 2797 1945 crastina,
2830 1895 2999 1950 usque
3031 1882 3162 1935 hora
3193 1877 3298 1937 diei
3339 1891 3442 1936 ter-

1854 1969 1950 2023 tia.
1984 1969 2049 2023 Et
2078 1970 2315 2038 acceptis
2354 1971 2542 2040 spoliis
2572 1971 2774 2025 reversi
2801 1979 2926 2026 sunt
2953 1972 3009 2026 in
3039 1987 3199 2041 pace;
3232 1982 3288 2026 et
3315 1988 3440 2029 cen.

1852 2071 1968 2116 tum
1995 2063 2386 2134 quinquaginta
2427 2065 2492 2119 de
2526 2065 2658 2133 ipsis
2683 2065 2878 2120 Avaris
2913 2066 3064 2120 vivos
3095 2069 3444 2138 comprehen-

1853 2154 2084 2219 derunt,
2133 2169 2269 2224 quos
2321 2164 2733 2209 reservaverunt
2786 2165 2844 2210 ut
2898 2167 3086 2212 nostra
3137 2160 3230 2212 ﬁat
3267 2159 3442 2228 jussio

1852 2244 2085 2314 qualiter
2113 2245 2306 2301 exinde
2329 2259 2493 2315 agere
2514 2247 2762 2301 debeant.
2790 2247 3000 2303 Fideles
3029 2249 3124 2304 Dei
3155 2266 3218 2305 ac
3247 2253 3439 2319 nostri,

1852 2335 1944 2405 qui
1973 2336 2074 2390 hoc
2103 2344 2348 2406 egerunt,
2379 2336 2594 2391 fuerunt
2625 2338 2712 2391 ille
2740 2339 3044 2409 episcopus,
3078 2341 3167 2395 ille
3193 2343 3320 2407 dux,
3352 2343 3441 2398 ille

1852 2427 2020 2499 et.ille
2035 2428 2373 2483 comitesJH.
2398 2429 2502 2484 dux
2527 2430 2592 2482 de
2613 2430 2837 2495 Histria,
2856 2439 2914 2484 ut
2927 2432 3129 2486 dictum
3150 2441 3233 2486 est
3260 2434 3438 2500 nobis,

1852 2519 2054 2575 ibidem
2096 2521 2234 2576 bene
2275 2520 2402 2576 fecit
2440 2537 2565 2576 cum
2601 2523 2714 2577 suis
2754 2523 3084 2580 hominibus.
3117 2526 3271 2582 Yassi
3309 2542 3440 2584 vero

1851 2614 2028 2668 nostri
2059 2613 2276 2669 fuerunt
2302 2615 2400 2669 illi.
2433 2614 2541 2670 Nos
2566 2624 2748 2670 autem
2775 2616 3003 2672 Domino
3031 2617 3317 2688 adjuvante
3338 2620 3440 2675 tri-

1852 2704 1954 2758 bus
1990 2703 2182 2759 diebus
2223 2704 2463 2759 litaniam
2494 2705 2740 2772 fecimus,
2775 2707 2827 2763 id
2855 2717 2957 2773 est,
2992 2708 3160 2764 Nonis
3195 2709 3442 2781 Septem-

1853 2796 1986 2861 bris,
2017 2797 2160 2865 quod
2198 2796 2298 2852 fuit
2325 2798 2492 2853 Lunis
2529 2800 2634 2866 die,
2679 2801 3014 2872 incipientes,
3057 2811 3114 2858 et
3142 2803 3349 2871 Martis,
3381 2814 3438 2861 et

1853 2884 2130 2951 Mercoris,
2174 2887 2272 2942 Dei
2324 2888 2749 2946 misericordiam
2797 2892 3146 2960 deprecantes
3187 2903 3246 2949 ut
3286 2897 3442 2952 nobis

1853 2990 2041 3045 pacem
2083 2985 2139 3031 et
2173 2978 2460 3032 sanitatem
2500 2987 2664 3049 atque
2701 2980 2986 3036 victoriam
3029 2991 3084 3037 et
3119 2998 3438 3054 prosperum

1855 3068 1960 3123 iter
2007 3070 2243 3125 tribuere
2281 3070 2550 3141 dignetur,
2593 3081 2647 3126 et
2683 3081 2744 3128 ut
2781 3074 2837 3128 in
2866 3089 2960 3130 sua
2991 3076 3360 3133 misericordia
3391 3087 3445 3135 et

157 3137 873 3230 dimandum'injunximus,
915 3162 1120 3217 scilicet
1156 3171 1215 3218 ut
1243 3165 1482 3220 studiose
1506 3176 1532 3204 ι
1555 3165 1744 3220 catho-
1777 3137 1824 3198 (ἶ
1853 3161 2054 3228 pietate
2099 3162 2258 3217 nobis
2295 3137 2510 3232 adjutor
2550 3172 2606 3218 et
2638 3165 2954 3221 consiliator
2989 3175 3153 3237 atque
3193 3169 3445 3225 defensor

159 3253 392 3310 lieorum
420 3253 641 3308 Patrum
672 3253 814 3308 dicta
844 3269 1194 3324 percurrens,
1233 3256 1398 3311 veluti
1426 3256 1746 3312 ﬂorentissi-

159 3345 265 3398 mis
290 3357 482 3398 eorum
503 3345 672 3414 pratis
698 3353 889 3400 certos.
904 3360 1146 3415 quosque
1165 3346 1417 3404 ﬂosculos
1444 3349 1667 3419 legeret,
1693 3357 1750 3405 et

157 3436 218 3490 in
245 3452 414 3490 unum
451 3451 677 3506 quaeque
705 3445 886 3492 essent
906 3438 1078 3504 utilia,
1102 3439 1260 3508 quasi
1288 3449 1492 3495 sertum
1513 3449 1745 3510 aptaret.

157 3526 263 3594 Qui
285 3535 488 3581 nostrm
507 3526 812 3583 celsitudini
835 3529 1025 3584 devote
1044 3545 1235 3599 parere
1260 3532 1588 3597 desiderans,
1613 3540 1750 3586 trae-

157 3626 304 3674 tatus
350 3628 515 3688 atque
550 3633 827 3675 sermones
870 3627 924 3674 et
967 3621 1228 3676 liomelias
1283 3622 1615 3677 diversorum
1664 3637 1749 3675 ca-

159 3709 486 3764 tholicorum
531 3708 749 3763 Patrum
795 3710 1106 3780 perlegens,
1166 3719 1222 3764 et
1267 3713 1470 3780 Optima
1519 3725 1748 3781 quaeque

158 3802 476 3870 decerpens,
515 3801 571 3856 in
616 3803 823 3858 duobus
863 3804 1224 3858 voluminibus
1265 3819 1362 3874 per
1401 3805 1568 3859 totius
1614 3805 1744 3858 anni

158 3893 427 3949 circulu
468 3904 828 3966 congruentes
869 3896 1064 3965 cuique
1093 3896 1371 3950 festivitati
1403 3897 1654 3952 distincte
1693 3904 1748 3951 et

158 3988 367 4058 absque
383 3987 531 4043 vitiis
549 3989 706 4044 nobis
723 3990 918 4044 obtulit
942 3989 1220 4045 lectiones.
1245 3991 1482 4056 Quarum
1503 3993 1747 4047 omnium

159 4083 373 4132 textum
402 4086 588 4133 nostra
612 4080 907 4149 sagacitate
934 4082 1341 4150 perpendentes,
1375 4090 1559 4138 nostra
1580 4083 1746 4138 etiam

157 4169 486 4224 auctoritate
529 4171 716 4226 eadem
762 4174 1246 4239 constabilivimus,
1286 4184 1585 4246 vestrarque
1624 4178 1747 4232 reli-

158 4263 306 4331 gioni
335 4263 394 4318 in
419 4261 620 4316 Christi
647 4263 903 4318 Ecclesiis
932 4265 1194 4320 tradimus
1218 4266 1286 4320 ad
1307 4265 1611 4338 legendum.

227 4352 433 4408 Paulus
465 4353 749 4409 Diaconus.
1009 4356 1200 4412 Carole
1225 4358 1495 4428 princeps,

229 4443 398 4498 Utere
421 4441 552 4496 felix
1015 4444 1191 4515 Atque
1216 4455 1399 4516 togate

233 4534 457 4590 Munere
484 4535 687 4590 Christi
943 4581 946 4583 λ
1008 4538 1229 4593 Arbiter
1255 4541 1424 4604 orbis,

228 4624 484 4680 Pluribus
509 4626 688 4691 annis,
1002 4627 1429 4700 Dardanidreque

228 4719 309 4774 ιλιι
317 4733 477 4789 xque,
510 4719 780 4790 decusque

232 4809 426 4903 Magn}
448 4818 666 4866 tuorum

735 4901 1071 4960 EPISTOLA
1120 4905 1184 4961 γ.

999 4720 1183 4776 Gloria
1212 4724 1408 4793 gentis.

610 5009 680 5050 AD
703 5009 1017 5050 FASTBADAI
1044 5011 1297 5054 “GINAI.

449 5084 528 5140 De
557 5085 774 5140 victoria
799 5088 1043 5154 Avarico,
1069 5089 1201 5143 etde
1232 5088 1478 5144 Litaniis.

786 5177 962 5250 (Anno
992 5177 1141 5250 792.)

605 5267 699 5330 [Ex
725 5269 878 5318 lanci
908 5267 1052 5318 Cone.
1077 5269 1307 5333 Collect.]

231 5353 466 5410 Carolus
512 5353 686 5424 gratia
726 5351 822 5406 Dei
852 5365 948 5407 rex
995 5350 1326 5407 Francorum
1355 5362 1411 5407 et
1447 5353 1757 5424 Langobar-

164 5448 362 5503 dorum
415 5460 483 5500 ac
538 5444 800 5514 patricius
843 5443 1210 5500 Romanorum
1263 5444 1472 5500 dilecta:
1503 5446 1658 5500 nobis
1703 5454 1757 5500 ct

167 5537 324 5593 valde
349 5534 572 5592 amabili
600 5534 817 5606 eonjugi
847 5543 1046 5590 nostra;
1072 5534 1345 5590 Fastradrc
1373 5536 1592 5607 reginae.

239 5625 484 5681 Salutem
525 5625 810 5704 amabilem
848 5626 946 5680 tibi
977 5625 1032 5679 in
1062 5626 1291 5681 Domino
1319 5642 1416 5696 per
1447 5628 1546 5684 hos
1574 5630 1755 5699 apices

1849 3249 1905 3304 in
1937 3252 2187 3306 omnibus
2237 3254 2502 3322 angustiis
2545 3255 2747 3309 nostris
2785 3256 3004 3311 existat.
3050 3258 3116 3312 Et
3150 3273 3181 3312 a
3220 3259 3348 3314 vino
3387 3269 3443 3314 et

1850 3357 2018 3397 carne
2065 3343 2454 3398 ordinaverunt
2507 3347 2818 3401 sacerdotes
2863 3349 3057 3413 nostri,
3100 3350 3192 3418 qui
3223 3359 3446 3421 propter

1852 3431 2221 3486 inﬁrmitatem
2277 3441 2371 3486 aut
2423 3434 2824 3489 senectudinem
2883 3445 2978 3490 aut
3025 3435 3438 3504 juventudinem

1850 3523 2121 3576 abstinere
2141 3531 2410 3592 poterant,
2441 3533 2501 3579 ut
2527 3526 2913 3581 abstinuissent
2939 3545 2950 3581 :
2983 3537 3037 3581 et
3059 3531 3151 3598 qui
3175 3532 3444 3586 redimere

1849 3613 2108 3668 voluisset
2161 3615 2302 3683 quod
2348 3616 2530 3670 vinum
2578 3616 2851 3671 licentiam
2899 3619 3176 3674 habuisset
3223 3622 3444 3678 bibendi

1850 3705 1984 3775 ipsis
2011 3706 2188 3762 tribus
2231 3707 2451 3771 diebus,
2501 3708 2725 3763 ditiores
2751 3718 2805 3762 et
2840 3713 3174 3780 potentiores
3199 3714 3448 3772 homines

1852 3799 1906 3852 in
1933 3814 2252 3869 unaquaque
2295 3799 2384 3854 die
2426 3800 2656 3855 solidum
2702 3818 2867 3856 unum
2911 3805 3214 3871 dedissent,
3265 3809 3446 3865 minus

1849 3899 2100 3960 potentes
2139 3890 2293 3960 juxta
2331 3892 2742 3961 possibilitatem
2790 3894 3049 3964 ipsorum,
3098 3905 3152 3951 et
3199 3900 3290 3968 qui
3324 3915 3443 3954 am-

1850 3983 1993 4054 plius
2021 3984 2149 4038 dare
2170 4000 2277 4038 non
2300 3992 2531 4053 poterat,
2561 3993 2615 4038 et
2649 3987 2832 4042 vinum
2861 3987 3045 4043 bibere
3080 3991 3309 4055 volebat,
3339 3992 3448 4047 sal-

1851 4082 1960 4128 tem
1980 4074 2062 4128 vel
2082 4091 2246 4128 unum
2273 4075 2553 4130 denarium
2585 4077 2856 4142 donasset,
2885 4079 3286 4152 eleemosynam
3313 4095 3445 4138 vero

1851 4167 2222 4235 unusquisque
2263 4167 2556 4221 secundum
2603 4171 2876 4237 propriam
2916 4180 3080 4241 atque
3109 4175 3304 4229 bonam
3350 4190 3450 4232 vo-

1849 4255 2113 4310 luntatem
2140 4257 2222 4310 vel
2238 4256 2395 4325 juxta
2420 4257 2831 4326 possibilitatem
2857 4259 3090 4318 fecisset.
3111 4264 3179 4318 Et
3196 4265 3448 4321 sacerdos

1851 4349 2221 4417 unusquisque
2243 4364 2463 4404 missam
2496 4351 2783 4419 specialem
2811 4351 3048 4419 fecisset,
3079 4355 3183 4409 nisi
3216 4356 3446 4411 inﬁrmi-

1854 4447 1937 4494 tas
1961 4439 2299 4508 impedisset;
2329 4447 2383 4493 et
2409 4440 2590 4496 clerici
2613 4443 2702 4512 qui
2731 4443 2967 4513 psalmos
2991 4445 3254 4510 sciebant,
3285 4460 3448 4501 unus-

1850 4532 2080 4602 quisque
2122 4531 2518 4601 quinquaginta
2551 4544 2825 4590 cantasset
2875 4553 2888 4590 :
2931 4544 2987 4590 et
3031 4537 3250 4591 interim
3301 4539 3447 4606 quod

1851 4625 1996 4694 ipsas
2022 4624 2238 4680 litanias
2255 4624 2550 4692 faciebant,
2589 4629 2897 4684 disealceati
2932 4629 3322 4692 ambulassem.
3352 4628 3444 4686 Sic

1850 4715 2328 4770 consideraverunt
2357 4719 2666 4774 sacerdotes
2699 4720 2892 4785 nostri,
2926 4728 2980 4774 et
3007 4735 3107 4775 nos
3139 4735 3331 4776 omnes
3363 4721 3439 4776 ita

1851 4805 2278 4876 aptiﬁcavimus,
2328 4818 2382 4862 et
2429 4808 2657 4863 Domino
2700 4810 2988 4878 adjuvante
3031 4813 3442 4882 eomplevimus,

1857 4896 2010 4952 Unde
2035 4897 2284 4956 volumus
2309 4909 2369 4954 ut
2393 4909 2448 4954 tu
2473 4917 2596 4956 eum
2629 4902 2702 4955 ill.
2733 4911 2786 4955 et
2809 4902 2884 4956 ill.
2917 4904 2997 4956 vel
3032 4905 3247 4960 caeteris
3271 4904 3444 4960 ﬁdeli-

1859 4988 1961 5044 bus
1985 4989 2185 5044 nostris
2214 4991 2556 5046 considerare
2594 4992 2789 5046 debeas
2816 4994 3046 5062 qualiter
3073 4995 3200 5064 ipse
3244 4994 3445 5051 litanias

1862 5079 2060 5134 ibidem
2091 5080 2246 5136 facta:
2280 5082 2428 5136 fiant.
2459 5081 2538 5136 Tu
2581 5090 2761 5136 autem
2789 5082 2945 5151 juxta
2991 5087 3134 5154 quod
3167 5093 3258 5138 tua
3302 5086 3449 5140 inﬁr-

1861 5171 2024 5226 mitas
2048 5172 2312 5240 permittit
2337 5173 2392 5226 in
2429 5181 2522 5227 tuo
2551 5175 2944 5230 committimus
2973 5175 3220 5230 arbitrio.
3254 5175 3324 5230 Et
3352 5177 3448 5233 mi-

1864 5277 1981 5315 rum
2012 5261 2168 5316 nobis
2193 5259 2293 5316 fuit
2318 5262 2443 5330 quia
2474 5271 2650 5316 vester
2676 5264 2870 5319 missus
2896 5278 2994 5319 nec
3029 5265 3278 5334 epistola,
3305 5275 3449 5336 post-

1847 5370 2024 5424 quam
2075 5356 2141 5410 de
2183 5355 2610 5426 Ragenisburgo,
2655 5358 2723 5411 ad
2776 5373 2876 5412 nos
2924 5375 3030 5414 non
3077 5359 3243 5414 venit.
3295 5359 3448 5415 Unde

1860 5449 2106 5504 volumus
2132 5457 2190 5502 ut
2216 5449 2412 5517 saepius
2445 5449 2601 5504 nobis
2632 5451 2698 5506 de
2721 5458 2814 5506 tua
2841 5452 3072 5508 sanitate
3097 5452 3181 5506 vel
3206 5452 3271 5508 de
3301 5451 3447 5508 aliud

1859 5541 2001 5609 quod
2026 5539 2290 5608 placuerit
2310 5539 2617 5608 signiﬁcare
2652 5542 2849 5598 debeas
2877 5558 2892 5598 :
2922 5543 3226 5613 iterumque
3253 5540 3425 5596 saluta

1860 5646 1982 5685 mus
2007 5639 2058 5684 te
2091 5630 2317 5685 multum
2347 5631 2399 5685 in
2427 5631 2676 5688 Domino.

247 5780 273 5806 ι
304 5767 413 5833 AL,
446 5774 700 5820 tractatus
725 5774 877 5824 atque
899 5781 1156 5821 sermones
1183 5766 1500 5822 diversorum
1530 5769 1900 5823 catholicorum
1932 5767 2173 5822 Patrum.
