3996 6320
629 309 734 367 899

1185 420 1517 478 EPISTOLA
1553 420 1623 476 VI

720 530 789 570 ΑΙ)
814 527 1113 569 ΕιίΡΑΝΒυΙί
1139 529 1208 568 ΕΤ
1237 512 1495 568 εῖετειωδ
1528 526 1805 567 ειηδεονοε
1831 524 2112 565 HISPANIA};

625 604 699 659 In
728 621 832 676 qua
860 605 1018 658 trium
1044 604 1199 657 etiam
1237 604 1564 674 superiorum
1595 600 1887 656 libellorum
1915 601 1976 671 ﬁt
2002 602 2212 655 mentio.

1251 714 1427 787 (Anno
1454 714 1602 783 794.)

1060 825 1154 887 [Ex
1182 825 1335 876 Mansi
1360 825 1540 876 Concil.
1568 824 1686 877 Coll.
1706 825 1781 889 7.]

703 947 729 976 ι
764 918 988 989 Carolus
1013 932 1186 1003 gratia
1224 929 1319 985 Dei
1342 943 1438 984 rex
1465 929 1799 986 Francorum
1822 936 1878 985 et
1902 930 2218 999 Langobar-

633 1027 843 1090 dorum,
886 1039 951 1079 ac
987 1022 1248 1092 patricius
1289 1020 1678 1086 Romanorum,
1712 1020 1853 1075 ﬁlius
1877 1029 1934 1080 et
1971 1019 2221 1076 defensor

602 1124 832 1174 sanctae
852 1113 948 1169 Dei
971 1112 1246 1176 Ecclesiae,
1274 1110 1536 1180 Elipando
1554 1109 1825 1165 Toletanze
1849 1109 2086 1165 civitatis
2108 1120 2222 1163 me;

631 1207 978 1276 tropdlitano,
1003 1213 1064 1259 “et
1107 1202 1317 1259 caeteris
1352 1203 1408 1258 in
1442 1204 1687 1272 partibus
1725 1202 1997 1273 Hispaniae
2034 1217 2221 1258 consa-

630 1298 942 1353 cerdotibus
963 1296 1277 1352 orthodoxa:
1305 1295 1428 1351 ﬁdei
1449 1303 1505 1350 et
1536 1294 1789 1350 fraternae
1820 1293 2130 1359 cliaritatis,
2164 1293 2219 1348 in

631 1387 849 1445 Christo
876 1388 972 1443 Dei
997 1387 1134 1443 Filio
1162 1387 1385 1459 proprio
1419 1394 1474 1440 et
1497 1400 1625 1442 vero
1649 1393 1899 1456 optamus
1930 1385 2179 1439 salutem.

702 1479 912 1536 Gaudet
934 1480 1109 1550 pietas
1131 1478 1439 1536 Christiana
1466 1478 1661 1535 divinae
1687 1479 1895 1534 scilicet
1921 1486 2086 1547 atque
2117 1477 2221 1531 fra-

629 1579 801 1626 ternae
843 1584 943 1641 per
983 1570 1099 1627 lata
1137 1577 1403 1641 terrarum
1446 1570 1621 1640 spatia
1655 1569 1897 1639 duplices
1933 1569 2220 1624 charitatis

630 1661 745 1716 alas
769 1661 1083 1729 extendere,
1112 1669 1174 1715 ut
1210 1669 1456 1716 materno
1481 1661 1660 1715 foveat
1681 1660 1878 1716 aﬁ‘ectu
1902 1676 2039 1730 quos
2063 1674 2220 1717 sacro

1499 294 1559 365 Β.
1600 294 1851 364 ελριοιι
1888 288 2101 361 mem
2138 294 2289 360 ore,
2333 286 2510 356 rans
2547 291 2611 356 ιιι
2653 283 2895 357 sEcrlo
2930 284 2974 355 i.
3698 298 3773 368 go,

2242 419 2291 480 Α
2316 414 2441 469 dam
2460 428 2595 470 esse
2622 415 2931 471 censuimus
2956 432 2969 467 :
3004 414 3160 471 valde
3190 416 3545 487 desiderantes,
3576 422 3778 495 Deumque

2315 519 2384 559 ex
2409 504 2601 560 intimo
2622 506 2801 560 cordis
2825 503 3017 560 aﬁ‘ectu
3041 505 3395 576 deprecantes,
3417 520 3640 579 quatenus
3656 515 3699 570 iu
3714 530 3779 571 ve-

2317 611 2393 651 rae
2418 596 2539 650 ﬁdei
2566 595 2837 650 soliditate
2862 596 3089 650 ﬁrmiter
3104 581 3725 671 utrinquepermaneamns,
3741 607 3779 663 et

2318 687 2461 742 inter
2496 685 2813 756 fluctivagos
2841 685 3002 756 hujus
3037 688 3214 744 szeculi
3242 698 3416 758 aestus;
3451 691 3622 762 Spiritu
3649 706 3779 753 sancto

2317 776 2593 846 navigium
2617 778 2781 831 vestri
2803 776 2956 849 [Ms.,
2986 779 3178 833 nostri.
3215 778 3312 853 H.]
3337 797 3511 837 cursus
3534 794 3719 853 regente,
3736 790 3780 845 ad

2316 876 2532 938 portum
2556 877 2827 939 perpetuae
2844 870 3242 941 tranquillitatis
3262 875 3523 943 pervenire
3542 878 3780 932 mereamur;

2319 957 2403 1014 Ad
2457 958 2597 1014 hanc
2633 968 2815 1013 autem
2866 960 3307 1029 tranquillitatem
3350 964 3624 1033 capiendam
3655 968 3783 1023 oculus

2320 1049 2500 1104 cordis
2532 1048 2637 1104 ﬁde
2670 1049 3040 1119 puriﬁcandus
3078 1059 3182 1116 est,
3226 1060 3281 1107 et
3321 1054 3534 1110 assiduis
3561 1066 3784 1112 sanctarum

2320 1141 2623 1195 orationum
2647 1141 2897 1210 precibus
2922 1142 3119 1197 mentis
3143 1144 3289 1198 acies
3310 1143 3609 1212 illustranda,
3624 1156 3671 1201 ut
3688 1163 3786 1217 pura

2320 1234 2566 1288 veritatis
2591 1234 2775 1288 lumen
2801 1235 2949 1289 omni
2975 1248 3220 1289 errorum
3246 1237 3385 1291 nube
3406 1238 3600 1306 expulsa
3618 1247 3787 1293 multum

2320 1325 2457 1393 plari
2491 1324 2684 1390 valeat,
2712 1339 2781 1379 ne
2807 1326 2860 1380 in
2886 1326 3168 1395 opiniones
3197 1327 3369 1381 noxias
3400 1326 3620 1383 falsitatis
3638 1330 3788 1384 tenui-

2323 1421 2406 1468 tas
2443 1414 2747 1468 inordinata
2788 1415 3059 1469 incautius
3092 1416 3394 1486 gradientes
3421 1417 3686 1485 praecipitet.
3717 1417 3789 1473 Nec

2320 1505 2500 1575 pigeat
2520 1504 2884 1561 Christianum
2916 1507 3007 1579 ubi
3044 1508 3258 1562 htesitet
3282 1522 3536 1577 quaerere;
3561 1522 3642 1564 nec
3656 1510 3791 1579 pudeat

2322 1595 2412 1649 ubi
2440 1595 2646 1649 nesciat
2680 1595 2886 1650 discere
2912 1578 2934 1648 ἶ
2953 1596 3208 1664 quoniam
3234 1595 3321 1665 pia
3354 1596 3600 1651 humilitas
3626 1578 3791 1652 discendi

2323 1684 2601 1754 sapientiae
2635 1685 2805 1739 intrat
2846 1693 3088 1749 secreta;
3135 1693 3192 1740 et
3227 1685 3415 1740 melius
3455 1693 3531 1739 est
3561 1686 3799 1755 discipulum

633 1759 899 1823 genuerat
927 1753 1275 1821 baptismate;
1306 1751 1373 1806 Et
1395 1750 1635 1805 maxima
1665 1761 1752 1805 est
1783 1759 1984 1806 sant-tte
2030 1751 2219 1807 matris

2323 1750 2443 1829 esse
2467 1775 2731 1840 veritatis,
2770 1790 2931 1845 quam
2958 1777 3235 1832 doctorem
3264 1750 3717 1830 existere'falsitatis.
3735 1775 3794 1830 llle

635 1842 895 1899 Ecclesiae.
940 1842 1251 1906 exsultatio,
1301 1856 1524 1896 suorum
1566 1838 1821 1895 adunatio
1863 1840 2115 1906 ﬁliorum,
2161 1848 2222 1895 ut

636 1935 751 1989 sint
772 1934 1129 1989 consummati
1155 1933 1211 1989 in
1236 1948 1422 1998 unum,
1452 1932 1544 2002 qui
1569 1932 1831 2001 redempti
1857 1941 1983 1987 sunt
2003 1935 2072 1988 ab
2090 1949 2216 1997 uno,

637 2029 870 2091 dicente,
906 2030 1097 2084 eodem
1154 2027 1511 2095 Redemptore
1570 2026 1798 2081 Domino
1855 2034 2044 2082 nostro
2094 2022 2221 2082 Iesu

634 2118 852 2176 Christo
880 2137 895 2174 :
925 2117 1090 2174 Pater
1116 2127 1316 2184 sancte,
1346 2134 1492 2172 serva
1515 2135 1602 2172 eos
1624 2119 1681 2172 in
1715 2119 1927 2173 nomine
1952 2128 2063 2185 tuo,
2091 2136 2220 2189 quos

636 2210 829 2264 dedisti
854 2209 1003 2275 mihi,
1045 2218 1100 2263 ut
1127 2224 1307 2263 omnes
1334 2216 1498 2261 unum
1531 2208 1655 2273 sint,
1684 2207 1818 2267 sicut
1850 2215 1901 2261 et
1939 2224 2032 2262 nos
2058 2224 2221 2263 unum

630 2316 814 2356 sumus
845 2300 1029 2370 (Joan.
1063 2297 1219 2371 xvn).
1259 2298 1411 2355 Unde
1438 2305 1492 2352 et
1523 2299 1576 2353 in
1617 2298 1841 2355 Cantico
1887 2300 2221 2355 canticorum

633 2393 700 2448 de
734 2399 920 2447 sancta
958 2392 1158 2447 dicitur
1196 2390 1479 2447 Ecclesia:
1521 2389 1788 2445 Terribilis
1826 2400 1885 2445 ut
1929 2400 2221 2445 castrorum

630 2484 771 2543 acies
797 2482 1043 2544 ordinata
1080 2482 1261 2555 (Canta
1299 2484 1398 2552 vr).
1436 2481 1747 2551 Constipata
1780 2484 2051 2539 exercitus
2080 2484 2223 2539 ordi-

629 2574 800 2639 natio,
836 2580 893 2628 et
916 2574 1189 2629 unanimis
1210 2572 1530 2629 bellatorum
1551 2571 1830 2637 fortitudo,
1862 2589 2058 2645 magno
2084 2573 2223 2628 solet

632 2662 883 2718 hostibus
907 2675 1029 2718 esse
1054 2661 1247 2717 terrori
1278 2679 1291 2716 :
1323 2662 1402 2717 sic
1426 2660 1659 2716 ﬁliorum
1685 2670 1886 2716 sancta:
1912 2661 2105 2717 matris
2127 2661 2224 2717 Ec-

631 2750 811 2807 clesiae
832 2750 976 2806 intra
1001 2767 1217 2806 murum
1242 2751 1523 2807 catholicze
1546 2750 1669 2806 ﬁdei
1693 2752 1918 2821 paciﬁca
1942 2752 2217 2817 adunatio,

631 2841 806 2896 aereis
828 2841 1192 2910 potestatibus
1223 2841 1447 2895 nimium
1473 2850 1685 2896 constat
1714 2841 1991 2907 terribilis,
2012 2851 2065 2895 et
2091 2842 2222 2911 igni-

631 2933 704 2988 tis
731 2932 983 3003 maligmc
1015 2932 1255 3001 perﬁdia:
1287 2932 1510 3001 spiculis
1548 2932 1769 2987 omnino
1797 2933 2222 3002 impenetrabilis

2320 1866 2390 1920 ad
2413 1865 2606 1920 altiora
2637 1878 2853 1935 semper
2887 1866 3225 1937 provehitur,
3255 1874 3357 1921 iste
3388 1868 3452 1921 ad
3482 1864 3795 1920 inferiorasem-

2317 1970 2417 2027 per
2438 1956 2694 2033 dilabitur
2719 1976 2730 2008 :
2757 1964 2812 2011 et
2837 1957 2962 2012 inde
2986 1958 3246 2028 magister
3266 1954 3493 2013 eiﬁcitur
3507 1956 3686 2024 erroris,
3702 1956 3796 2012 unde

2320 2048 2536 2103 auditor
2569 2049 2894 2117 contempsit
2920 2062 3042 2103 esse
3073 2050 3338 2103 veritatis.

2391 2137 2542 2190 lianc
2577 2136 2758 2206 igitur,
2798 2136 3013 2203 fratres,
3062 2139 3425 2207 perniciosam
3456 2136 3798 2194 devitantesela-

2320 2228 2543 2291 tionem,
2564 2234 2872 2282 sanctorum
2894 2225 3114 2282 Patrum
3138 2237 3199 2283 et
3217 2229 3579 2285 catholicorum
3600 2229 3799 2283 doctum

2321 2320 2491 2375 sacris
2513 2320 2871 2375 inhaereamus
2895 2320 3166 2376 sensibus.
3208 2320 3482 2376 Discamus
3509 2336 3612 2391 quae
3635 2321 3798 2389 scripse-

2321 2419 2468 2476 runt,
2493 2411 2777 2466 credamus
2794 2426 2916 2481 quae
2940 2411 3263 2479 docuerunt,
3292 2419 3347 2467 et
3366 2428 3466 2467 non
3485 2409 3801 2468 declinemus!

2323 2503 2619 2567 dexteram,
2647 2514 2822 2570 neque
2850 2502 2918 2557 ad
2946 2502 3249 2569 sinistram,
3287 2505 3381 2559 sed
3400 2514 3492 2573 per
3515 2503 3634 2557 viam
3660 2502 3801 2572 regiam

2320 2595 2389 2649 ad
2415 2608 2596 2665 regem
2620 2601 2675 2648 et
2704 2592 3142 2665 Redemptorem,
3183 2596 3353 2651 Deum
3385 2603 3439 2650 et
3463 2595 3700 2650 Dominum
3724 2607 3803 2647 nos-

2322 2696 2469 2743 trum
2491 2687 2675 2744 Jesum
2701 2688 2978 2744 Christum
3005 2692 3267 2747 concordi
3293 2691 3417 2747 ﬁdei
3439 2699 3491 2745 et
3511 2689 3711 2746 veritatis
3725 2703 3805 2744 ctu-

2323 2793 2507 2833 ramus
2530 2779 2884 2849 professione.
2914 2779 3082 2835 COrde
3114 2783 3259 2837 enim
3285 2782 3505 2836 creditur
3524 2779 3803 2848 adimitis-1,

2323 2885 2411 2923 ore
2453 2879 2627 2923 autem
2677 2868 2935 2939 confessio
2970 2871 3033 2939 ﬁt
3058 2871 3127 2925 ad
3155 2870 3380 2926 salutem
3405 2869 3565 2943 (Ross.
3592 2867 3804 2942 x),eodetl

2320 2968 2616 3016 attestante
2684 2962 2929 3032 apostolo
2974 2979 2989 3017 :
3040 2962 3232 3019 Justus
3284 2974 3452 3019 autem
3500 2979 3558 3017 es
3611 2960 3694 3030 ﬁde
3728 2959 3806 3012 es:

631 3032 830 3089 exstat,
884 3020 1026 3080 sicut
1069 3032 1125 3079 et
1167 3025 1479 3081 verissimus
1511 3027 1748 3095 gentium
1782 3026 2125 3094 praedicator,
2167 3034 2221 3081 et
2325 3050 2502 3123 (Rom.
2533 3050 2594 3123 ηε
2626 3049 2683 3105 εί
2701 3020 2882 3119 justus
2902 3066 2971 3107 ex
3001 3051 3105 3107 ﬁde
3128 3052 3287 3120 τίνει,
3326 3051 3576 3122 mdo

630 3114 961 3208 fortissimus
996 3115 1252 3171 Ecclesia:
1291 3116 1566 3184 prmliator
1590 3116 1853 3185 praecipit,
1892 3116 2076 3172 dicens
2104 3134 2118 3170 :
2154 3116 2221 3171 In
2249 3118 2297 3186 α
2327 3114 2434 3196 ho“
2481 3114 2643 3197 habet
2675 3114 2882 3198 rectam
2925 3156 2985 3197 se
3030 3144 3219 3199 vivere
3251 3114 3520 3200 ﬁam”
3676 3146 3809 3208 ,ηρ

629 3206 872 3261 omnibus
896 3215 1220 3261 assumentes
1254 3217 1460 3261 scutum
1493 3207 1640 3276 ﬁdei,
1668 3207 1724 3263 in
1748 3225 1852 3279 quo
1875 3208 2088 3278 possitis
2113 3225 2225 3263 om-

631 3298 723 3355 nia
746 3296 853 3353 tela
878 3299 1181 3370 nequissimi
1214 3300 1381 3370 ignita
1417 3302 1745 3370 exstinguere
1781 3300 1997 3372 (Ephes.
2036 3311 2134 3372 v1),
2171 3310 2225 3356 et

631 3386 737 3444 hoc
761 3388 1021 3444 saeculum
1054 3403 1288 3459 nequam
1316 3389 1488 3445 libero
1514 3391 1581 3446 ad
1616 3391 1855 3446 cmlestia
1889 3393 2072 3447 volatu
2098 3407 2225 3446 eva-

631 3468 780 3533 dere.
812 3477 939 3533 Sine
960 3477 1065 3546 ﬁde
1090 3479 1228 3533 enim
1255 3479 1573 3550 impossibile
1593 3490 1667 3534 est
1691 3479 1896 3551 placere
1915 3482 2025 3537 Deo
2061 3482 2220 3555 (Heln

630 3566 733 3640 ιι).
774 3568 1109 3638 lmpossibile
1141 3578 1228 3625 est
1272 3572 1418 3640 quod
1459 3572 1681 3626 omnino
1725 3573 1792 3627 ab
1842 3573 2059 3629 homine
2107 3575 2225 3629 ﬁeri

634 3672 745 3716 non
777 3667 977 3729 potest.
1005 3659 1337 3732 Principium
1363 3669 1446 3717 est
1471 3662 1663 3717 salutis
1688 3670 1888 3717 nostra:
1913 3664 2046 3719 ﬁdes
2075 3682 2089 3718 :
2119 3680 2224 3733 qua

633 3748 983 3816 intemerata,
1012 3758 1068 3804 et
1093 3750 1301 3821 integra
1327 3752 1559 3808 sanitate
1582 3750 1921 3819 conﬁrmata,
1949 3755 2118 3810 totius
2144 3756 2225 3809 vi-

634 3849 703 3896 tae
728 3856 924 3897 cursus
949 3854 1050 3911 per
1073 3842 1340 3898 bonorum
1365 3843 1590 3913 vestigia
1619 3858 1841 3913 operum
1869 3844 2096 3899 feliciter
2122 3846 2227 3900 ﬁne

631 3936 793 3985 tenus
819 3930 1010 3985 currit.
1055 3929 1158 3985 Per
1195 3932 1353 4001 ﬁdem
1395 3934 1554 3999 enim,
1603 3935 1744 3988 sicut
1791 3934 1931 3989 idem
1969 3935 2227 4005 prmlatus

633 4023 823 4077 doctor
847 4023 903 4076 in
930 4021 1172 4091 Epistola
1197 4025 1264 4079 ad
1299 4025 1553 4080 Haebreos
1580 4031 1824 4091 testatur,
1857 4042 2032 4081 omnes
2058 4029 2226 4081 sancti

631 4111 943 4184 placuerunt
967 4113 1098 4167 Deo.

703 4223 855 4281 Hanc
873 4225 1040 4296 igitur
1056 4225 1217 4281 ﬁdem
1240 4228 1616 4295 orthodoxam,
1634 4239 1690 4285 et
1707 4231 1777 4285 ab
1786 4230 2106 4300 apostolicis
2120 4239 2226 4286 tra-

629 4317 801 4372 ditam
831 4316 1166 4383 doctoribus,
1193 4324 1249 4371 et
1270 4320 1339 4374 ab
1359 4321 1646 4377 universali
1666 4330 1936 4378 servatam
1958 4321 2220 4389 Ecclesia,

629 4421 730 4462 nos
741 4421 842 4477 pro
859 4407 1057 4462 virium
1077 4416 1387 4464 nostrarum
1408 4413 1656 4481 portione
1673 4414 1871 4484 ubique
1894 4414 1949 4469 in
1963 4414 2221 4470 omnibus

627 4512 847 4553 servare
870 4507 926 4553 et
951 4501 1250 4570 praedicare
1278 4503 1596 4571 proﬁtemur
1622 4522 1635 4559 :
1660 4506 1787 4575 quia
1808 4521 1917 4560 non
1938 4514 2022 4560 est
2038 4505 2092 4560 in
2112 4505 2217 4561 alia

626 4590 807 4659 aliqua
826 4591 976 4647 salus
998 4592 1102 4647 nisi
1124 4591 1178 4647 in
1206 4593 1318 4660 illa,
1342 4610 1504 4665 quam
1521 4597 1745 4666 paciﬁca
1765 4599 1833 4653 ab
1857 4598 2012 4652 initio
2031 4598 2221 4654 salutis

626 4690 826 4737 nostrae
851 4682 1211 4740 unanimitate
1261 4699 1478 4757 semper
1525 4689 1776 4742 servabat
1809 4688 2051 4743 Ecclesia
2081 4707 2092 4741 :
2123 4703 2221 4758 pro

626 4787 734 4841 qua
768 4773 959 4839 etiam,
986 4774 1087 4828 viri
1115 4772 1333 4843 fratres,
1361 4785 1416 4831 et
1441 4786 1621 4831 vestra
1645 4779 1785 4833 bona
1807 4779 2040 4845 devotio,
2058 4792 2222 4849 quam

625 4876 724 4918 vos
744 4860 950 4920 habere
978 4866 1134 4921 decet
1160 4868 1216 4922 in
1243 4868 1491 4935 Domino,
1510 4869 1589 4924 his
1612 4869 1859 4940 partibus
1886 4870 2008 4925 ﬁdei
2030 4879 2222 4927 vestrae

625 4954 836 5013 litteras
873 4957 1108 5028 dirigere
1133 4962 1385 5026 curastis,
1414 4970 1730 5034 utrumque,-
1767 4960 1821 5017 et
1847 4964 2125 5035 generales
2154 4967 2222 5021 ad

616 5048 989 5103 sacerdotales
1017 5051 1395 5108 sanctissimas
1420 5068 1599 5120 aures,
1636 5056 1703 5111 ad
1737 5069 1837 5111 nos
1861 5070 2075 5127 quoque
2100 5071 2221 5128 spe-

626 5138 811 5195 ciales.
841 5140 900 5196 in
926 5156 1157 5211 quarum
1183 5144 1373 5215 utique
1414 5148 1553 5203 serie
1596 5147 1895 5205 litterarum
1936 5167 2044 5207 non
2082 5152 2214 5209 satis

627 5230 785 5285 nobis
816 5232 1082 5298 elucebat,
1132 5249 1201 5288 an
1245 5238 1400 5306 quasi
1442 5251 1509 5294 ex
1559 5241 1881 5295 auctoritate
1914 5241 2211 5313 magisterii

628 5334 729 5375 nos
758 5331 937 5378 vestra
963 5326 1158 5380 docere
1184 5328 1543 5399 disposuistis,
1581 5347 1649 5386 an
1685 5347 1749 5387 ex
1783 5334 2102 5390 humilitatis
2130 5335 2212 5389 di-

628 5414 895 5484 scipulatu
920 5426 1106 5474 nostra
1134 5421 1341 5477 discere
1368 5423 1701 5481 desideratis.
1729 5427 1930 5503 Tamen
1948 5428 2061 5482 sive
2084 5429 2206 5494 hoc,

629 5507 742 5563 sive
769 5508 901 5565 illud
924 5514 1121 5568 vestris
1147 5515 1357 5572 inesset
1372 5517 1587 5583 animis,
1614 5518 1929 5588 petitionem
1950 5526 2208 5587 vestram,

631 5600 891 5656 cbaritate
912 5602 1231 5664 Christiana:
1258 5610 1532 5679 religionis
1557 5617 1802 5680 cogente,
1829 5627 1933 5667 non
1963 5626 2215 5683 spernen-

704 5727 729 5754 ει
760 5713 838 5769 Ex
867 5717 1055 5773 eodem
1085 5718 1359 5775 Sirmomli
1385 5722 1713 5791 apographo.
1743 5723 1935 5785 illam

2326 3248 2435 3288 non
2458 3248 2647 3287 sumus
2677 3232 3013 3288 inﬁdelitatis
3037 3232 3132 3288 ﬁlii
3166 3233 3225 3288 in
3260 3234 3615 3305 perditionem,
3635 3231 3710 3287 sed
3725 3227 3811 3284 ﬁdei

2324 3324 2380 3378 in
2416 3324 2827 3395 acquisitionem
2870 3324 3083 3379 animai.
3133 3324 3441 3395 Sequamur
3468 3332 3723 3380 sanctorum
3739 3317 3809 3373 PI-

2324 3426 2467 3472 trum
2504 3417 2833 3473 venerabilia
2858 3417 2915 3471 in
2941 3416 3213 3472 charitate
3244 3428 3525 3489 prmepta.
3562 3411 3810 3473 Decetenim
3906 3411 3907 3489 ξ

2326 3515 2386 3561 ut
2410 3507 2650 3561 omnium
2676 3505 3105 3592 Christianorum
3129 3522 3242 3561 una
3278 3508 3346 3562 sit
3382 3506 3525 3574 ﬁdes,
3549 3513 3597 3560 et
3616 3516 3725 3558 unus
3741 3498 3812 3553 aui-

2327 3613 2466 3665 mus,
2496 3599 2635 3654 sicut
2660 3605 2743 3651 est
2766 3613 2934 3651 unum
2966 3597 3108 3653 ovile
3143 3607 3201 3653 et
3225 3615 3372 3654 unus
3407 3606 3593 3668 pastor;
3622 3592 3705 3660 Qui
3728 3594 3813 3641 vero

2324 3698 2480 3743 extra
2516 3688 2869 3744 ecclesiastici
2913 3689 3072 3744 ovilis
3119 3697 3279 3759 septa
3328 3689 3655 3749 invenientur,
3690 3680 3815 3750 lupini
3906 3700 3907 3775 ξ

2325 3779 2476 3835 rabie
2520 3780 2949 3845 devorabuntur,
2986 3780 3115 3849 quia
3149 3794 3345 3836 vocem
3380 3780 3503 3836 boni
3530 3775 3722 3849 pastoris
3742 3783 3815 3825 non
3906 3788 3907 3807 ι

2325 3872 2571 3936 audiunt,
2605 3871 2698 3941 qui
2727 3878 2854 3926 ante
2885 3885 3011 3926 suas
3034 3885 3165 3926 oves
3199 3872 3528 3944 ingredietur
3553 3879 3602 3924 et
3640 3861 3814 3935 egredie-

2325 3969 2433 4027 tur,
2477 3969 2539 4016 ut
2580 3972 2675 4018 eos
2718 3964 2786 4017 ad
2809 3976 3011 4032 pascua
3036 3962 3160 4018 vitae
3186 3965 3452 4032 perducat
3472 3969 3676 4018 merum.
3702 3949 3816 4008 Νοὶιὶί

2323 4053 2508 4123 itaque
2533 4054 2735 4109 dictum
2767 4053 3129 4123 intelligamus
3152 4056 3304 4122 quod
3327 4052 3561 4124 egregius
3581 4045 3818 4119 milia“

2324 4145 2437 4199 suis
2462 4144 2795 4200 charissimis
2819 4143 2944 4198 ﬁliis
2964 4144 3317 4213 praecipiebat
3340 4145 3518 4200 dicens
3542 4139 3817 4195 :Obsemm
3906 4139 3907 4173 1

2323 4251 2416 4305 per
2441 4250 2625 4288 nomen
2648 4234 2860 4288 Domini
2886 4235 3049 4288 nostri
3069 4234 3200 4288 Jesu
3224 4234 3445 4300 Christi,
3479 4241 3532 4287 ut
3560 4244 3696 4285 unum
3718 4224 3818 4279 diu-

2324 4327 2392 4381 tis
2418 4342 2614 4392 omnes,
2650 4337 2699 4380 et
2735 4343 2840 4381 non
2862 4327 2967 4381 sint
2993 4328 3049 4381 in
3075 4327 3215 4381 vobis
3236 4328 3520 4382 schismata
3544 4341 3561 4379 :
3583 4323 3679 4377 sitis
3698 4326 3816 4372 enim
3906 4370 3907 4379 χ

2324 4420 2539 4490 perfecti
2568 4421 2623 4474 in
2651 4436 2750 4475 uno
2777 4437 2931 4475 sensu
2963 4430 3011 4475 et
3036 4421 3091 4475 in
3127 4420 3315 4476 eadem
3359 4420 3566 4477 scientia
3588 4415 3635 4489 (I
3663 4411 3758 4468 Cor.
3774 4406 3815 4476 1);

2324 4510 2451 4567 limo
2482 4510 2743 4565 habentes
2766 4512 3074 4580 apostolica:
3098 4513 3443 4567 auctoritatis
3465 4513 3709 4581 praecepta,
3730 4512 3818 4555 con‘
3906 4508 3907 4555 Ψ

2321 4603 2541 4658 cordate
2562 4602 2863 4658 nobiscum.
2887 4602 3171 4674 Diligimus
3191 4618 3292 4659 vos
3320 4622 3333 4658 :
3358 4603 3460 4659 hoc
3483 4600 3622 4656 vobis
3639 4595 3817 4650 volumus
3906 4590 3907 4619 θ

2322 4694 2378 4749 in
2407 4694 2651 4761 Domino,
2681 4695 2826 4765 quod
2849 4704 2904 4749 et
2928 4695 3084 4750 nobis
3111 4712 3123 4749 :
3149 4696 3277 4765 quia
3301 4695 3535 4767 perfecta
3558 4704 3693 4762 quam
3709 4683 3819 4740 δεῦθ’

2323 4799 2445 4838 mus
2489 4784 2545 4838 in
2593 4784 2811 4840 Christo
2864 4784 3101 4840 Charitas
3148 4799 3482 4857 congregare
3524 4780 3709 4869 gaudet.
3734 4783 3816 4869 twn

2323 4889 2606 4946 spargere;
2658 4877 2931 4943 adunare,
2968 4892 3076 4932 non
3117 4878 3402 4942 scindere;
3436 4886 3489 4934 et
3524 4865 3815 4931 incohsuﬁlﬂ"

2325 4966 2619 5023 Salvatoris
2661 4971 2831 5025 nostri
2871 4971 3109 5027 tunicam
3134 4971 3401 5044 integram
3427 4982 3645 5032 servare,
3664 4954 3816 5019 nandi-

2321 5059 2504 5115 viderc
2533 5077 2544 5112 :
2575 5060 2930 5130 praeﬁdentes
2953 5061 3057 5116 hoc
3079 5061 3222 5116 idem
3247 5062 3301 5116 in
3333 5075 3468 5131 pace
3490 5055 3669 5115 Christi
3687 5055 3815 5107 ωείο·

2323 5151 2457 5215 dire,
2488 5153 2633 5221 quod
2659 5151 2856 5206 milites
2882 5152 2939 5206 in
2963 5153 3211 5221 passione
3238 5152 3358 5223 ejus
3382 5148 3724 5207 observabant
3906 5200 3907 5207 η

2392 5241 2488 5297 His
2512 5242 2586 5297 ita
2611 5240 2924 5312 przelibatis,
2971 5242 3170 5297 vestris
3202 5243 3257 5297 in
3296 5239 3528 5298 Domino
3566 5233 3697 5290 valde
3725 5237 3817 5282 ωο-

2319 5328 2616 5407 gaudemus
2639 5334 2987 5406 profectibus,
3019 5335 3093 5391 ita
3118 5343 3177 5392 ut
3206 5336 3262 5391 in
3286 5333 3537 5390 cordibus
3557 5322 3727 5384 nostris
3745 5315 3817 5369 lﬂ‘

2317 5435 2475 5484 terno
2491 5428 2759 5485 vulnerati
2785 5439 2990 5495 amore,
3018 5433 3275 5493 vestram,
3303 5414 3465 5495 quam
3485 5412 3702 5493 Ρειίωίή

2318 5528 2526 5590 gentes,
2565 5518 2898 5592 lacrymabili
2940 5519 3138 5591 gemitu
3182 5515 3556 5574 condoleamus

2319 5581 2443 5667 nem
2474 5630 2486 5666 :
2636 5581 2840 5684 majore
2870 5581 3040 5668 multo
3070 5606 3586 5686 tristitiadugemus,
3612 5599 3652 5656 si
3671 5581 3817 5661 aliquid
