3996 6320
193 268 293 329 θοι

1646 253 2026 320 ΕΡΙΞΤΟΙᾹΞ.

3365 285 3475 341 90!

189 383 461 441 diabolica
484 383 673 442 fraude
698 383 926 442 interius
968 377 1334 457 oppressionis
1366 387 1464 454 per
1496 380 1783 437 inﬁdelita-
1806 379 1861 439 Α
1884 392 2003 433 rum
2044 379 2285 437 subdolis
2323 382 2719 443 assertionibus
2760 388 3140 459 consentirem,
3170 393 3263 450 sed
3305 397 3471 467 pluri-
3556 458 3560 464 |
3586 442 3592 447 .

189 482 304 530 tem
330 475 413 530 vel
447 475 735 547 cujuslibet
777 477 1110 534 schismatici
1157 476 1358 531 erroris
1400 474 1679 545 patiamini
1721 474 1779 529 in

188 568 469 624 cdrdibus.
492 569 599 624 lste
623 577 707 624 est
734 571 1023 626 continuus
1048 569 1199 627 dolor
1221 568 1530 639 pectoribus
1554 567 1773 634 nostris,

185 665 246 713 et
268 674 409 731 pene
432 661 865 718 immedicabile
892 663 1106 728 vulnus,
1138 662 1244 717 nisi
1289 674 1386 733 per
1418 659 1534 730 ejus
1566 661 1779 716 miseri-

184 749 453 818 cordiam,
506 751 599 821 qui
644 761 800 808 sanat
849 753 1112 809 contritus
1144 753 1325 819 corde,
1358 759 1414 807 et
1441 752 1555 808 vult
1586 766 1778 807 omnes

188 840 439 897 homines
463 843 800 921 salvosﬁerl,
839 845 908 900 ad
931 845 1369 916 aguitionemque
1394 844 1638 899 veritatis
1660 858 1779 913 per-

186 933 392 999 venire,
420 933 498 989 illi
527 949 627 989 nos
654 935 927 991 laetiﬁch
951 937 1044 1007 qui
1078 937 1553 992 contristaverunt.
1584 938 1776 992 Vestra

185 1021 357 1094 igitur
381 1027 651 1080 correctio
680 1034 867 1080 nostra
908 1033 992 1081 est
1036 1026 1328 1082 lzetiﬁeatio
1357 1044 1370 1081 :
1409 1027 1777 1084 desiderantes

180 1128 281 1170 vos
308 1115 491 1171 socios
515 1116 718 1172 habere
742 1117 798 1171 in
829 1116 935 1172 ﬁde
972 1118 1263 1184 catholica,
1298 1126 1353 1172 et
1390 1126 1776 1188 cooperatores

180 1205 237 1260 in
261 1208 651 1276 praedicatione
673 1208 940 1275 veritatis,
969 1216 1029 1265 ut
1053 1208 1327 1281 gaudium,
1355 1211 1500 1280 quod
1524 1209 1774 1265 Christus

180 1299 296 1354 suis
311 1301 565 1369 promisit
583 1301 879 1373 discipulis,
916 1302 1124 1357 habitet
1150 1303 1204 1357 in
1238 1303 1414 1368 nobis,
1443 1310 1497 1356 et
1522 1304 1773 1372 gaudium

179 1399 434 1447 nostrum
463 1393 751 1463 impleatur
777 1396 831 1450 in
858 1396 1029 1451 vobis.
1330 1468 1339 1473 κ

250 1482 336 1538 Ad
382 1484 754 1554 impletionem
789 1500 921 1542 vero
964 1485 1125 1558 hujus
1170 1476 1369 1559 gaudii,
1418 1485 1657 1545 fraterna
1690 1490 1778 1545 cd-

173 1581 341 1645 geute
381 1575 668 1643 charitate,
699 1577 965 1647 jussimus
1010 1587 1320 1635 sanctorum
1365 1578 1585 1634 Patrum
1621 1594 1778 1651 syno-‘

174 1665 299 1720 Me
344 1679 417 1721 ex
459 1668 713 1724 omnibus
759 1669 999 1739 undique
1044 1678 1244 1725 nostra
1269 1671 1488 1725 ditionis
1513 1671 1772 1729 Ecclesiis
1805 1721 1819 1739 _.

1877 486 2091 528 morum
2132 474 2458 533 testimoniis
2498 479 2809 535 roboratam
2854 480 3013 538 ﬁdem
3055 483 3284 541 ﬁrmiter
3323 497 3472 545 tene-

1878 578 2014 620 rem.
2052 563 2215 623 Facio
2239 570 2561 637 certissime,
2606 573 2718 627 Deo
2756 574 2983 630 Domino
3017 591 3139 632 meo
3163 575 3291 634 Jesu
3318 578 3475 636 Chri-

1878 664 1964 712 sto
1988 658 2244 725 donante,
2284 660 2475 715 horum
2519 677 2606 717 me
2643 663 3003 720 sanctissima:
3043 666 3376 753 multitudini
3417 677 3474 724 et

1875 749 2271 817 probatissima:
2288 753 2593 807 auctoritati
2620 754 2676 807 in
2702 768 2844 809 verae
2868 755 2993 811 ﬁdei
3017 749 3357 827 professiohe
3382 761 3474 815 ﬁr-

1877 840 2038 896 miter
2061 843 2360 911 associans,
2391 859 2491 900 nec
2515 855 2711 902 vestrae
2738 862 2825 902 me
2860 850 3121 918 paucitati
3157 852 3213 907 in
3241 867 3473 909 consen-

1877 930 2029 986 sione
2079 932 2237 1003 hujus
2263 950 2415 990 novae
2449 938 2769 996 assertionis
2803 942 3010 997 socium
3054 943 3282 1002 admitto
3321 964 3333 1000 :
3376 946 3473 1003 sed

1876 1023 2185 1091 apostolica:
2226 1026 2359 1091 sedi,
2389 1035 2444 1082 et
2485 1029 2727 1099 antiquis
2768 1032 2837 1085 ab
2872 1032 3029 1088 initio
3071 1037 3345 1092 nascentis
3370 1037 3475 1094 Ec-

1876 1114 2074 1183 clesiae,
2107 1123 2161 1171 et
2186 1117 2466 1175 catholicis
2509 1123 2886 1179 traditionibus
2926 1130 3040 1182 tota
3064 1130 3262 1185 mentis
3297 1130 3476 1187 inten-

1876 1208 2041 1274 tione,
2070 1216 2183 1264 tota
2228 1211 2406 1266 cordis
2447 1212 2729 1269 alacritate
2770 1214 3059 1289 conjungo.
3101 1218 3370 1290 Quidquid
3415 1221 3473 1277 in

1876 1298 2091 1352 illorum
2131 1298 2332 1369 legitur
2374 1300 2545 1368 libris,
2576 1303 2667 1372 qui
2713 1304 2895 1360 divino
2922 1305 3129 1377 Spiritu
3156 1307 3340 1374 alllati,
3370 1310 3472 1366 toti

1875 1389 1994 1445 orbi
2029 1404 2059 1443 a
2096 1389 2207 1445 Deo
2230 1390 2449 1446 Christo
2472 1391 2585 1447 dati
2629 1402 2756 1449 sunt
2799 1397 3067 1463 doctores,
3106 1398 3474 1457 indubitanter

1878 1488 2036 1537 teneo
2066 1498 2080 1534 :
2111 1482 2213 1537 hoc
2255 1483 2323 1537 ad
2365 1483 2595 1539 salutem
2651 1487 2845 1542 animae
2894 1504 3031 1544 meae
3072 1489 3318 1547 sufﬁcere
3353 1507 3474 1548 cre-

1878 1572 2030 1640 dens,
2060 1575 2202 1643 quod
2240 1575 2623 1631 sacratissima:
2656 1579 2980 1649 evangelica:
3005 1582 3250 1638 veritatis
3282 1584 3472 1653 pandit

1876 1658 2124 1730 historia,
2152 1666 2298 1735 quod
2340 1666 2636 1736 apostolica
2679 1668 2733 1722 in
2760 1670 2875 1725 suis
2901 1671 3145 1740 epistolis
3185 1674 3472 1730 continuat

172 1759 501 1828 congregari
527 1758 837 1825 concilium.
867 1732 1137 1829 qpalenus
1163 1770 1349 1816 sancta
1375 1762 1616 1816 omnium
1640 1774 1771 1816 una".
1804 1732 1850 1795 Β
1877 1756 2190 1822 auctoritas,
2220 1758 2362 1826 quod
2388 1759 2570 1813 eximii
2610 1775 2778 1816 sacrae
2806 1761 3100 1832 Scriptum
3127 1771 3464 1829 tractatores,

172 1845 451 1902 nimitatis
476 1847 710 1903 ﬁrmiter
733 1850 1068 1917 decerneret,
1098 1852 1229 1920 quid
1254 1852 1581 1907 credendum
1608 1853 1680 1907 sit
1705 1854 1772 1909 de

172 1937 472 2008 adoptione
494 1940 678 1995 carnis
702 1939 925 2007 Christi,
955 1957 1117 2012 quam
1144 1957 1318 2013 nuper
1342 1942 1498 1998 novis
1522 1945 1773 1999 assertim

171 2031 344 2086 nibus
391 2039 449 2086 et
497 2041 701 2089 sancta:
745 2034 841 2089 Dei
889 2035 1180 2090 universali
1229 2036 1484 2091 Ecclesite
1532 2037 1772 2106 antiquis

174 2124 519 2193 temporibus
544 2125 820 2192 inauditis,
848 2141 947 2181 vos
975 2140 1041 2181 ex
1068 2126 1262 2182 vestris
1288 2127 1504 2196 scriptis
1526 2127 1773 2182 intulisse

170 2217 553 2287 cognovimus.
581 2219 693 2275 lmo
718 2228 774 2275 et
792 2220 860 2275 ad
886 2220 1257 2275 beatissimum
1287 2220 1599 2290 apostolicae
1628 2222 1773 2276 sedis

168 2312 515 2382 pontiﬁcem,
542 2314 610 2369 de
635 2315 734 2369 hac
759 2330 899 2369 nova
927 2313 1264 2380 inventione,
1299 2323 1499 2370 nostra:
1526 2315 1772 2370 devotio‘

171 2405 264 2460 nis
288 2412 378 2458 ter
401 2411 706 2474 quaterque
732 2405 1029 2461 direximus
1055 2405 1251 2460 missos
1279 2423 1292 2459 ε
1324 2406 1464 2461 scire
1494 2406 1773 2475 cupientes

168 2496 308 2568 quid
332 2504 526 2553 sancta
550 2497 793 2552 Romana
817 2496 1080 2564 Ecclesia,
1106 2497 1418 2568 apostolicis
1441 2499 1630 2554 educta
1658 2507 1772 2552 tra-‘

173 2587 509 2654 ditionibus,
538 2588 605 2643 de
628 2589 732 2643 hac
754 2591 1081 2658 respondere
1114 2590 1373 2645 voluisset
1398 2590 1768 2661 inquisitione;

172 2678 291 2734 Nec
314 2693 426 2733 non
451 2685 508 2732 et
533 2678 600 2733 de
622 2678 915 2734 Britannia:
938 2680 1185 2750 partibus
1211 2681 1421 2752 aliquos
1446 2682 1775 2738 ecclesiasti-

173 2784 257 2824 αξ
301 2768 604 2839 disciplinae
644 2769 792 2824 viros
835 2772 1273 2839 convocavimus,
1303 2781 1360 2827 ut
1388 2786 1455 2827 ex
1481 2763 1773 2827 multorum

172 2859 425 2930 diligenti
469 2860 903 2916 consideratione
948 2863 1150 2918 veritas
1198 2864 1478 2920 catholicm
1525 2863 1649 2920 ﬁdei
1696 2864 1774 2918 in-

173 2951 579 3022 vestigaretur,
638 2960 695 3008 et
744 2954 1143 3024 probatissimis
1188 2965 1499 3027 sanctorum
1548 2957 1772 3013 Patrum

174 3041 308 3097 hinc
349 3042 479 3097 inde
523 3042 781 3098 roborata
824 3044 1150 3100 testimoniis
1183 3048 1387 3118 absque
1419 3046 1526 3101 ulla
1559 3047 1771 3103 dubita-

172 3132 327 3187 tione
379 3139 647 3187 teneatur.
688 3134 895 3191 Idcirco
936 3136 1089 3191 vobis
1129 3151 1225 3207 per
1271 3138 1512 3210 singulos
1561 3137 1770 3194 libellos

171 3223 416 3294 dirigere
455 3225 766 3281 curavimus
814 3226 944 3296 quid
987 3229 1368 3297 praedictorum
1410 3230 1632 3285 Patrum
1678 3230 1769 3301 pia

172 3314 533 3382 unanimitas,
562 3324 618 3370 et
657 3316 883 3386 paciﬁca
907 3321 1287 3387 perscrutatio,
1324 3321 1646 3376 auctoritate
1680 3333 1770 3377 ec-

171 3405 486 3462 clbsiastica
514 3407 807 3474 inveniret,
831 3409 1129 3476 statuisset,
1162 3411 1531 3468 conﬁrmaret.

245 3496 437 3553 Primo
449 3498 581 3568 quid
594 3499 843 3554 dominus
864 3498 1015 3571 ldis,
1035 3501 1283 3557 domnus.
1308 3501 1404 3575 [1.]
1420 3502 1766 3573 apostolicus,

170 3605 302 3645 eum
353 3598 544 3646 sancta
587 3590 832 3646 Romana
873 3591 1135 3659 Ecclesia,
1182 3604 1238 3648 et
1283 3595 1550 3665 episcopis
1580 3594 1686 3649 illis
1712 3595 1768 3649 in

170 3684 427 3754 partibus
457 3692 892 3754 quaquaversum
935 3687 1414 3753 commorantibus,
1452 3697 1506 3741 et
1539 3687 1768 3742 catholi-

170 3778 256 3833 cis
284 3777 608 3833 doctoribus
650 3778 898 3846 sentiret,
934 3780 1036 3834 sub
1061 3779 1220 3836 unius
1256 3779 1417 3836 libelli
1448 3788 1634 3835 tenore
1660 3788 1770 3834 staa

168 3869 410 3924 tuimus.
854 3909 879 3933 .

245 3962 457 4017 Deinde
492 3963 731 4017 secundo
777 3961 915 4028 loco,
944 3963 1074 4034 quid
1116 3951 1469 4019 ecclesiastici
1521 3963 1771 4018 doctores

168 4063 228 4110 et
252 4053 570 4110 sacerdotes
593 4052 942 4108 ecclesiarum
978 4050 1181 4107 Christi
1206 4054 1273 4107 de
1294 4051 1771 4122 propinquioribus

168 4144 345 4204 Italite
384 4143 661 4214 partibus,
705 4158 828 4200 cum
875 4142 1036 4197 Petro
1083 4143 1465 4197 Mediolanensi
1504 4142 1772 4212 archiepi-

168 4252 366 4307 scopo,
400 4242 458 4289 et
490 4233 717 4290 Paulino
756 4231 1188 4302 Foroiulianensi
1234 4232 1318 4286 vel
1366 4231 1772 4302 Aquileiancnsi

167 4328 508 4400 patriarcha,
533 4324 667 4381 viris
686 4326 743 4382 in
758 4321 990 4379 Domino
1002 4319 1161 4376 valde
1179 4320 1595 4386 venerabilibus,
1615 4320 1773 4375 intel-

1795 3085 1846 3152 ϐ

1877 1852 1932 1899 et
1969 1847 2227 1915 praecipui
2255 1846 2578 1904 Christianae
2607 1849 2732 1905 ﬁdei
2753 1852 3019 1917 doctores,
3054 1854 3122 1909 ad
3153 1865 3470 1925 perpetuam

1874 1937 2110 2005 posteris
2149 1938 2410 2008 scriptum
2446 1941 2785 2010 reliquerunt
2824 1945 3163 2001 memoriam.
3208 1945 3342 2002 Cum
3385 1948 3473 2004 his

1876 2025 2092 2095 quoque
2136 2027 2476 2093 doctoribus,
2523 2038 2578 2085 et
2615 2039 2817 2087 sancta:
2858 2033 3114 2089 Ecclesia:
3137 2035 3469 2104 pastoribus,

1875 2130 2059 2175 veram
2082 2121 2318 2189 prmdico
2344 2121 2526 2188 ﬁdem,
2553 2139 2689 2193 quos
2726 2125 2780 2180 in
2806 2128 3060 2195 praesenti
3089 2135 3334 2199 tempore
3380 2128 3472 2185 ille

1875 2210 2031 2266 nobis
2066 2212 2548 2279 dedit‘luminaria,
2587 2217 2682 2285 qui
2708 2217 2880 2272 dixit:
2912 2219 3050 2273 Ecce
3088 2236 3184 2291 ego
3206 2221 3469 2276 vobiscum

1874 2316 1992 2354 sum
2029 2304 2269 2359 omnibus
2304 2305 2485 2360 diebus
2523 2323 2686 2378 usque
2727 2309 2797 2363 ad
2822 2312 3324 2367 commotionem
3370 2327 3471 2367 sa:-

1875 2395 1982 2450 cult'
2008 2395 2223 2468 (Matth;
2252 2398 2470 2463 xxvm).

1946 2490 2011 2546 Hi
2039 2498 2165 2547 sunt
2188 2498 2617 2561 propugnatores
2642 2478 2767 2547 ﬁdei
2793 2501 3012 2559 nostrae,
3041 2494 3097 2549 hi
3137 2500 3265 2550 sunt
3290 2501 3470 2551 recto-

1873 2585 1965 2638 res
1987 2590 2087 2651 per
2110 2582 2352 2637 diversas
2386 2583 2544 2637 sedes
2586 2582 2823 2639 civitatis
2846 2581 3049 2639 Christi
3078 2601 3093 2636 :
3122 2582 3277 2653 cujus
3318 2591 3471 2641 ante-

1874 2674 2084 2731 murale
2124 2682 2209 2729 est
2249 2674 2387 2731 ﬁdes
2416 2675 2704 2740 catholica,
2747 2683 2802 2731 et
2843 2676 3082 2731 charitas
3124 2677 3471 2733 ﬁrmissimus

1874 2780 2083 2831 murus,
2111 2773 2166 2820 et
2199 2766 2602 2836 propugnacula
2644 2767 2946 2821 divinarum
2984 2768 3292 2823 testimonia
3323 2768 3471 2826 Serio

1874 2863 2157 2927 pturarum
2181 2874 2195 2910 :
2225 2865 2281 2912 et
2306 2857 2509 2912 divitia:
2535 2858 2728 2912 salutis
2766 2858 2820 2912 in
2850 2873 2912 2913 ea
2941 2866 3068 2913 sunt
3093 2859 3377 2929 sapientia,
3415 2862 3471 2915 et

1876 2948 2122 3012 scientia,
2168 2955 2223 3002 et
2270 2961 2397 3016 spes
2434 2956 2716 3016 portarum
2754 2949 2999 3003 custodia
3032 2966 3044 3001 :
3076 2964 3196 3018 quae
3233 2957 3470 3018 quatuor

1875 3021 2139 3106 clavibus,
2197 3039 2251 3094 id
2290 3045 2376 3095 est
2407 3040 2713 3108 prudentia,
2748 3030 2980 3109 justitia,
3026 3039 3374 3105 fortitudine,
3415 3047 3470 3094 et

1870 3132 2251 3201 temperantia,
2282 3130 2385 3199 piis
2421 3130 2741 3199 aperiuntur
2763 3131 2980 3186 animis.
3024 3130 3197 3202 Hujus
3234 3145 3364 3187 vero
3388 3130 3468 3186 ci-

1870 3224 2055 3278 vitatis
2089 3223 2205 3292 ipse
2229 3222 2325 3277 Dei
2351 3237 2512 3277 verus
2538 3230 2592 3276 et
2615 3223 2870 3292 proprius
2888 3222 3079 3289 Filius,
3107 3221 3250 3278 Deus
3278 3236 3465 3288 verus,

1869 3316 2031 3372 homo
2076 3330 2253 3380 verus,
2280 3313 2438 3371 Jesus
2463 3313 2730 3380 Christus,
2760 3315 3022 3368 Dominus
3060 3322 3261 3376 noster,
3292 3309 3466 3383 regali

1863 3407 2120 3476 pnesidet
2144 3407 2385 3475 potentia
2419 3425 2431 3459 ε
2461 3406 2617 3475 cujus
2642 3407 2815 3476 gratia
2841 3415 3011 3461 totam
3053 3405 3198 3460 illius
3223 3404 3464 3461 civitatis

1870 3505 2200 3553 structuram
2222 3498 2378 3566 regit,
2397 3496 2636 3553 defendit
2662 3504 2715 3553 et
2732 3497 2951 3551 exultat.
2971 3494 3228 3565 Quisquis
3239 3496 3309 3551 ad
3321 3495 3464 3550 hanc

1866 3590 2166 3653 civitatem,
2194 3597 2343 3644 recta
2370 3589 2473 3643 sibi
2500 3588 2795 3657 praeviante
2821 3587 2944 3652 ﬁde,
2974 3600 3168 3640 manus
3193 3587 3461 3641 bonorum

1868 3697 2094 3752 operum
2161 3682 2366 3735 habens
2412 3680 2756 3749 plenissimas
2784 3717 2798 3742 ,
2879 3677 3163 3748 pervenire
3221 3675 3463 3741 festinat,

1871 3783 2087 3845 apertas
2130 3773 2368 3828 inveniet
2392 3779 2598 3841 portas,
2627 3777 2683 3825 et
2714 3783 2898 3840 regem
2940 3782 3132 3838 regum
3160 3782 3283 3824 cum
3306 3765 3467 3821 milli-

1869 3870 1973 3924 bus
2021 3873 2329 3922 sanctorum
2395 3863 2672 3935 agminum
2736 3862 2956 3918 obviare
3018 3859 3123 3916 sibi
3188 3856 3466 3930 gaudebit.

1871 3954 1979 4017 Sed
2013 3968 2068 4016 et
2102 3959 2303 4030 gratias
2331 3957 2483 4012 vobis
2521 3955 2733 4027 agimus
2764 3955 2831 4010 de
2865 3953 3122 4009 instantia
3159 3951 3468 4008 orationum

1870 4059 2196 4115 vestrarum,
2226 4049 2423 4119 quibus
2451 4048 2765 4102 memoriam
2809 4045 2981 4101 nostri
3008 4042 3226 4099 assidue
3251 4056 3348 4099 vos
3369 4041 3467 4096 ha-

1869 4146 2001 4202 bere
2025 4143 2238 4200 dixistis
2269 4161 2280 4196 :
2307 4150 2557 4211 optantes
2580 4149 2641 4195 ut
2662 4155 2852 4210 preces
2878 4147 3073 4195 vestra:
3110 4135 3473 4207 acceptabilcs

1874 4238 1983 4293 sint
2025 4235 2253 4291 Domino
2280 4235 2391 4291 Deo
2428 4233 2697 4290 Salvatori
2749 4242 2935 4289 nostro
2959 4274 2974 4298 ,
3018 4240 3074 4288 et
3113 4239 3175 4287 ut
3215 4231 3332 4300 ipse
3370 4243 3469 4300 pe:

1875 4344 2028 4385 suam
2072 4328 2500 4383 misericordiam
2528 4327 2720 4398 dignos
2755 4341 2851 4382 vos
2886 4325 3082 4382 eﬁlciat
3119 4322 3383 4388 exaudiri,
3414 4329 3471 4378 et

166 4416 268 4485 ligi
286 4414 376 4470 vel
392 4413 621 4469 ﬁrmiter
633 4412 781 4469 credi
802 4412 1119 4478 voluissent,
1148 4412 1263 4468 suis
1286 4413 1520 4483 propriis
1547 4428 1770 4483 respon-

1877 4421 1945 4474 ad
1970 4420 2231 4473 unitatem
2260 4426 2462 4474 sancta:
2487 4432 2600 4474 sure
2627 4417 2884 4473 Ecclesia:
2910 4429 3168 4469 revocare
3192 4412 3465 4484 dignetur,-

167 4507 424 4566 sionibus
475 4513 759 4562 exaratum
814 4503 1100 4575 posuimus
1150 4502 1434 4571 libellum“
1487 4505 1612 4575 quia
1663 4505 1765 4574 ipsi

167 4610 394 4671 quoque
414 4604 713 4670 praesentes
742 4603 934 4653 nostro
972 4594 1216 4667 synodali
1258 4596 1549 4651 conventui
1584 4596 1771 4652 adfue-

167 4699 304 4747 πω,
1096 4716 1097 4719 χ

242 4787 379 4843 Post
401 4785 519 4841 hac
544 4791 692 4839 tenet
716 4791 773 4839 et
796 4781 993 4839 tertius
1023 4778 1237 4838 libellus
1260 4780 1616 4838 orthodoxam
1644 4797 1771 4837 san-

167 4888 392 4935 ctorum
424 4875 647 4932 Palmm
680 4874 1079 4946 episcoporum,
1115 4881 1170 4928 et
1205 4873 1447 4929 virorum
1486 4873 1772 4928 venerabi-

166 4971 305 5026 liutn
334 4967 517 5035 ﬁdem,
544 4968 639 5039 qui
680 4967 739 5023 in
774 4963 1098 5032 Germaniae,
1126 4963 1332 5031 Gallias,
1361 4963 1684 5035 Aquitaniae,
1715 4973 1771 5019 et

167 5062 491 5117 Britanuize‘
510 5059 755 5131 partibus
800 5057 981 5130 dignis
1031 5050 1144 5114 Deo
1191 5055 1506 5112 deserviunt
1554 5055 1766 5123 ciliciis,

168 5155 481 5224 vestrisque
540 5151 953 5222 objectionibus,
1001 5154 1312 5207 sanctarum
1361 5150 1767 5220 Scripturarum

168 5246 506 5304 testimoniis
541 5246 826 5302 roboratas
849 5242 1058 5299 obtinet
1083 5241 1481 5313 responsiones.
1714 5260 1719 5265 π

240 5338 384 5395 Dein
415 5345 613 5409 quarto
648 5336 771 5393 loco
799 5350 935 5391 mere
966 5335 1199 5407 propria:
1222 5335 1617 5402 unanimitatis,
1646 5351 1770 5393 cum

167 5436 259 5492 his
300 5431 665 5490 sanctissimis
701 5430 1099 5503 praedictorum-
1133 5429 1355 5485 Patrum
1395 5427 1664 5498 decretis,
1690 5440 1693 5443 '
1716 5440 1772 5487 et

168 5528 463 5586 catholicis
504 5524 726 5581 statutis
768 5538 1095 5580 consensum
1137 5523 1423 5590 subnexui,
1464 5523 1607 5579 sicut
1645 5539 1771 5581 vos-

169 5621 395 5691 utetipsi
437 5620 492 5674 in
516 5626 695 5673 vestra
722 5618 966 5688 epistola,
993 5633 1155 5687 quam
1192 5624 1321 5671 meo
1347 5618 1656 5687 specialiter
1685 5634 1773 5675 as-

167 5714 437 5789 signastis
475 5711 700 5777 nomini,
730 5698 920 5784 rogare
945 5708 1177 5765 curastis
1203 5726 1216 5763 :
1252 5708 1311 5762 id
1346 5719 1449 5779 est,
1479 5725 1545 5765 ne
1569 5726 1770 5783 pauco-

1869 4516 1925 4564 et
1948 4506 2188 4576 ejusdem
2214 4506 2436 4576 pietatis
2461 4506 2705 4561 humeris
2740 4506 2794 4560 in
2822 4512 3023 4560 sancte
3063 4502 3254 4557 matris
3282 4500 3468 4557 Eccle-

1867 4603 1964 4658 sia:
2005 4609 2243 4671 reportet
2280 4599 2440 4665 ovile,
2473 4614 2579 4669 qua
2622 4600 2687 4654 de
2728 4598 2879 4653 caelis
2914 4596 3136 4652 veniens
3177 4609 3335 4650 ovem
3379 4608 3467 4649 re.

1869 4694 2084 4764 quirere
2101 4694 2388 4761 perditam,
2418 4692 2802 4760 inventamque
2826 4701 2951 4744 cum
2979 4686 3254 4757 triumpho
3281 4684 3469 4756 gloria:r

1870 4786 1937 4842 ad
1963 4787 2145 4840 sedem
2170 4795 2409 4855 patorum
2435 4783 2734 4853 maiestatis
2760 4778 2990 4835 revexit.

1940 4877 2075 4933 lllud
2109 4892 2345 4947 quoque,
2375 4877 2519 4945 quod
2556 4874 2710 4929 vobis
2750 4879 2992 4927 nostram
3030 4870 3288 4941 pietatem
3316 4868 3467 4942 ﬂagi-

1870 4977 1991 5023 tare
2014 4966 2240 5038 placuit,
2280 4975 2548 5038 quatenus
2575 4967 2628 5020 in
2653 4963 2944 5035 prtcsentia
2969 4970 3154 5018 nostra
3183 4961 3347 5017 libelli
3374 4974 3470 5015 ves

1871 5061 1970 5117 stri
2017 5061 2291 5131 legeretur
2330 5066 2539 5123 textus,
2582 5064 2636 5112 et
2673 5061 3052 5126 perserutante
3106 5053 3465 5124 plurimorum

1837 5168 1840 5171 λ
1871 5151 2117 5216 consilio,
2146 5149 2370 5222 quodin
2396 5162 2461 5203 eo
2486 5156 2647 5203 recta!
2673 5146 2798 5202 ﬁdei
2824 5144 3197 5200 sanctionibus
3237 5157 3459 5199 consen-
3521 5199 3525 5205 ,

1869 5246 2011 5302 tiens
2052 5243 2387 5300 inveniretur
2424 5254 2439 5293 ει
2475 5238 2705 5294 fecimus
2752 5236 2893 5293 sicut
2938 5236 3175 5306 petistis,
3224 5234 3468 5291 collectis

1871 5340 2129 5409 undique,
2157 5335 2322 5391 veluti
2348 5331 2558 5404 praefati
2584 5345 2793 5398 sumus,
2822 5326 3209 5386 ecclesiasticis
3234 5326 3469 5382 doetori-
3528 5364 3533 5371 .

1870 5431 1993 5495 bus,
2021 5436 2075 5485 et
2106 5426 2289 5498 populi
2313 5423 2605 5481 Christiani
2630 5423 2935 5479 rectoribus
2960 5438 2973 5473 :
3002 5418 3268 5490 nobisque
3292 5417 3469 5474 omni-

1870 5524 1975 5579 bus
1997 5518 2223 5591 paciﬁco
2247 5514 2625 5571 unanimitatis
2662 5514 2828 5571 choro
2864 5511 3284 5570 eousedentlbus
3310 5520 3469 5566 eum»
3535 5560 3538 5564 λ

1874 5617 1994 5673 dem
2046 5611 2286 5667 libellum
2327 5625 2357 5664 a
2384 5608 2564 5679 capite
2603 5606 2912 5663 calcetenus
2959 5619 3059 5675 per
3089 5600 3474 5659 distinctimnes

1872 5706 2298 5776 uniuscujusque
2338 5700 2639 5767 sententiae,
2669 5706 2727 5753 et
2749 5712 2847 5769 per
2888 5692 3339 5767 interrogationes
3382 5685 3469 5742 vel
3497 5724 3500 5728 ι
3530 5728 3533 5729 γ
