3996 6320
600 277 707 334 003
804 273 813 285 κ

1452 268 1515 326 Β.
1557 264 1809 326 CAROLI
1845 264 2061 323 MAGNI
2094 261 2248 323 OPP.
2288 260 2469 319 PARS
2502 262 2566 319 ll.
2608 261 2850 321 BECTIO
2873 260 2916 318 L
3674 273 3751 329 ωδ

600 389 998 463 responsiones,
1037 388 1199 458 prout
1242 400 1439 456 cuique
1485 383 1662 450 libuit,
1702 381 1980 453 perlegere
2017 378 2183 449 jussi-
2207 379 2258 439 Δ
2284 377 2548 450 gloriosos
2583 385 2729 435 stare
2769 376 3049 443 concedat,
3096 385 3149 432 et
3188 391 3363 433 vocem
3398 380 3641 449 optabilem
3669 402 3754 448 cum

600 497 745 540 mus.
807 479 946 548 Quid
972 493 1101 534 vero
1125 478 1193 534 de
1225 490 1291 531 eo
1318 473 1496 529 libello
1538 471 1797 543 praesules
1820 470 2186 526 Ecclesiarum

603 571 839 637 Christi,
886 570 1118 640 ﬁdeique
1153 566 1433 624 catholicae
1479 566 1729 620 doctores
1776 561 2184 625 intellexissent,

601 679 712 721 non
737 678 873 765 opus
897 661 1143 765 est-mihi
1177 660 1231 714 in
1258 659 1362 763 hac
1399 671 1524 765 mea
1564 652 2033 765 iterarcepis‘tola,
2060 650 2190 765 dum

604 746 821 813 illorum
859 753 1072 810 libellus
1109 752 1360 822 proprius
1398 751 1503 807 hoc
1526 748 1682 805 vobis
1706 746 1983 803 evidenter
2011 754 2192 803 osten-

604 849 705 904 dit.

676 936 947 1007 Scriptam
985 934 1168 1005 itaque
1197 932 1256 988 in
1296 931 1524 1003 epistola
1549 938 1729 987 vestra
1766 927 2074 999 huiusmodi
2097 925 2194 982 ob-

605 1028 961 1085 secrationem
1012 1024 1360 1081 invenimus:
1408 1021 1701 1078 Pascentes
1750 1035 1848 1075 vos
1896 1034 1996 1088 per
2044 1031 2188 1082 eum,

604 1117 697 1187 qui
732 1131 831 1186 pro
860 1124 913 1171 te
948 1115 1002 1170 in
1040 1129 1205 1170 cruce
1228 1128 1423 1169 manus
1451 1112 1700 1167 innoxius
1725 1110 1988 1173 extendit,
2016 1114 2071 1162 et
2094 1119 2195 1175 pro

604 1215 659 1263 te
699 1208 1014 1278 sanguinem
1061 1206 1357 1277 pretiosum
1404 1203 1610 1268 eii'udit,
1652 1210 1708 1258 et
1744 1216 1843 1271 pro
1882 1208 1938 1256 te
1962 1206 2192 1254 mortem

602 1298 825 1370 pertulit
867 1307 921 1355 et
945 1299 1299 1368 sepulturam,
1330 1297 1399 1352 ad
1440 1295 1752 1351 liberandos
1776 1293 1982 1349 electos
2023 1292 2091 1347 ad
2115 1291 2198 1344 in-

603 1392 817 1450 femum
855 1391 1152 1458 descendit,
1181 1400 1237 1447 et
1259 1405 1359 1461 pro
1395 1397 1448 1445 te
1481 1403 1790 1458 resurgens,
1818 1386 1916 1441 tibi
1952 1385 2097 1440 viam
2129 1383 2200 1439 ad

605 1482 774 1539 ctelos
816 1483 1144 1548 revertendi,
1173 1481 1382 1537 scilicet
1421 1479 1491 1535 ad
1517 1479 1798 1535 etelestem
1824 1476 2074 1546 patriam,
2107 1474 2200 1529 de-

604 1572 948 1640 monstravit,
976 1580 1039 1628 ut
1060 1587 1158 1641 per
1185 1573 1419 1642 teipsum
1445 1569 1650 1626 arbiter
1683 1569 1894 1624 sedeas.
1933 1566 2074 1621 Ecce
2096 1579 2199 1635 ego

2285 470 2660 541 operatoribus
2685 468 2996 540 apostolica:
3045 468 3164 525 ﬁdei
3210 470 3386 526 audire
3406 468 3581 528 [δείδι’
3617 475 3755 546 Venite,

2286 562 2536 617 benedicti
2550 561 2728 617 Patria
2747 564 2869 628 mei,
2889 562 3134 633 pereipitc
3160 578 3362 634 regnum
3382 567 3504 636 quod
3520 568 3632 624 vobis
3650 588 3760 641 pm-

2286 660 2485 707 tamest
2511 651 2575 706 ab
2591 653 2788 722 origine
2801 652 2985 707 mundi
3009 651 3219 724 (Matth.
3243 669 3346 708 xxv
3374 692 3387 708 .
3416 654 3628 713 Paratum
3649 662 3763 733 igitur

2288 746 2443 802 vobis
2474 761 2699 818 regnum
2728 748 2798 801 ab
2821 746 3032 817 origine
3063 746 3244 801 mundi
3278 746 3551 803 indubitata
3586 753 3764 812 veritatis

2288 836 2647 907 promissione
2688 836 2939 906 speratis,
2968 837 3015 892 si
3039 835 3312 892 catholicae
3351 837 3468 893 ﬁdei
3508 843 3764 901 unanimitati

2290 926 2648 997 vosmetipsos
2684 920 2978 999 adjungere
3007 928 3225 983 curetis.
3262 927 3548 987 Exteriores
3567 935 3768 993 servitutis

2292 1019 2570 1076 molestias
2596 1019 2807 1076 interna
2832 1019 3108 1076 ﬁdelitatis
3134 1034 3232 1089 spe
3256 1020 3594 1085 consulamini.
3632 1024 3769 1083 Οωιω

2293 1110 2492 1164 mentis
2517 1118 2709 1166 vestrm
2731 1110 2799 1165 ad
2820 1125 2945 1165 cum
2960 1110 3163 1182 'erigite
3181 1110 3271 1180 qui
3294 1128 3387 1169 vos
3407 1113 3580 1184 eripuit
3597 1114 3652 1171 de
3667 1126 3770 1186 pote-

2294 1210 2434 1257 state
2464 1203 2830 1270 tenebrarum,
2868 1217 2925 1260 et
2951 1204 3224 1259 transtulit
3257 1206 3312 1261 in
3337 1221 3542 1277 regnum
3563 1207 3660 1263 Filii
3682 1210 3770 1267 dile-

2296 1293 2493 1349 ctionis
2522 1308 2653 1349 sum.
3188 1314 3191 1315 ν

2369 1383 2669 1449 Hactenus,
2709 1392 3000 1455 antequam
3035 1380 3197 1457 huius
3239 1387 3522 1457 adoptionis
3558 1390 3602 1443 in
3627 1388 3775 1447 Christo

2298 1490 2496 1531 nomen
2525 1490 2566 1555 a
2601 1476 2754 1532 vobis
2787 1487 3037 1533 exortum
3075 1487 3292 1534 nostros
3322 1478 3587 1535 olleudcret
3615 1481 3776 1547 animis,

2300 1584 2399 1625 vos
2423 1569 2797 1639 germanitatis
2829 1586 3015 1626 amore
3034 1571 3340 1643 dileximus.
3367 1572 3473 1628 Etsi
3497 1589 3581 1629 nos
3606 1584 3777 1633 \‘CSlflll

604 1663 803 1721 vestris
849 1664 1204 1733 petitionibus
1237 1661 1599 1727 satisfaciens,
1650 1656 2054 1730 congregationi
2111 1670 2199 1711 sa-
2230 1727 2269 1733 _
2299 1661 2581 1731 corporale
2626 1661 2910 1717 servitium
2961 1663 3344 1726 contristaret,
3398 1662 3629 1719 rectitudo
3654 1676 3779 1723 tam

605 1727 885 1817 cerdotum
921 1758 1136 1813 auditor
1168 1766 1224 1812 et
1259 1756 1463 1811 arbiter
1492 1755 1689 1811 assedi.
1729 1727 2115 1817 Discrevimus,
2145 1758 2200 1806 et
2230 1727 2277 1787 Β
2302 1727 2426 1806 ﬁdei
2451 1750 2730 1807 catholicae
2752 1751 3045 1807 lmtiﬁcavit
3070 1752 3125 1807 in
3155 1753 3326 1808 vobis.
3351 1751 3495 1809 Nune
3515 1770 3624 1810 vero
3643 1753 3781 1826 duplici

606 1850 719 1906 Deo
745 1851 981 1905 donante
996 1840 1362 1912 “decrevimus,
1402 1847 1535 1916 quid
1571 1852 1715 1902 esset
1741 1845 1808 1900 de
1838 1845 1941 1899 hac
1973 1842 2202 1913 inquisi-

606 1943 758 1997 tione
778 1941 1013 1996 lirmiter
1045 1940 1354 1996 tenendum.
1394 1937 1500 1994 Sed
1527 1938 1688 1994 modo
1712 1952 1810 2007 per
1834 1935 2080 1992 eamdem
2105 1936 2203 1990 ob-

608 2034 968 2089 secrationem
1008 2047 1107 2088 vos
1147 2033 1341 2088 iterum
1383 2032 1690 2101 iterumque
1729 2031 1993 2094 obtestor,
2036 2036 2098 2082 ut
2144 2027 2200 2081 in

607 2124 836 2197 paciﬁca
877 2125 1240 2180 unanimitate
1288 2130 1344 2179 et
1380 2123 1661 2179 catholicae
1699 2122 1827 2177 ﬁdei
1867 2118 2203 2190 professione

608 2214 893 2272 nobiscum
920 2214 1148 2271 ﬁrmiter
1172 2213 1441 2271 maneatis
1469 2231 1483 2268 :
1514 2229 1615 2270 nec
1640 2228 1738 2269 vos
1761 2212 2031 2268 doctiores
2056 2210 2204 2265 testi-

607 2304 770 2362 tletis
810 2304 1104 2361 universali
1134 2311 1321 2360 sancta
1348 2304 1444 2359 Dei
1471 2304 1733 2360 Ecclesia.
1770 2303 1905 2357 Eam
1930 2301 2089 2357 ﬁdem
2124 2307 2205 2355 te-

610 2402 728 2461 net,
771 2410 935 2466 quam
980 2395 1267 2451 orthodoxi
1308 2393 1498 2449 Patres
1524 2395 1578 2449 in
1604 2396 1718 2450 suis
1764 2393 1921 2450 nobis
1945 2390 2205 2463 symbolis

608 2485 870 2556 scriptam
912 2486 1270 2556 reliquerunt.
1323 2485 1393 2553 Et
1439 2486 1609 2542 nolite
1641 2486 1764 2555 plus
1811 2499 2002 2554 sapere
2041 2497 2204 2552 quam

607 2584 822 2647 oportet
859 2591 1072 2647 sapere,
1115 2578 1210 2632 sed
1250 2591 1443 2647 sapere
1481 2577 1549 2633 ad
1574 2578 1943 2633 sobrietatem.
1982 2573 2094 2629 Nec
2119 2587 2206 2627 ra-

608 2668 920 2724 tiocinando
957 2668 1195 2724 humano
1237 2669 1452 2740 ingenio
1491 2670 1669 2725 divina
1696 2685 1793 2724 vos
1825 2667 2083 2739 mysteria
2125 2666 2207 2722 itt-

609 2761 880 2831 vestigare
917 2760 1258 2817 arbitremini
1288 2779 1302 2815 :
1332 2763 1427 2818 sed
1452 2763 1626 2833 magis
1650 2762 1920 2818 credendo
1944 2761 2208 2815 honorate

611 2866 733 2921 qua:
756 2851 991 2906 humana
1015 2850 1282 2923 fragilitas
1309 2861 1514 2909 temere
1537 2853 1925 2924 perscrutando
1964 2849 2210 2906 invenire

609 2956 722 2997 non
744 2942 909 2996 valet.

2301 1856 2401 1911 pro
2418 1843 2570 1898 vobis
2591 1841 2876 1914 aﬁligitnur
2896 1859 3152 1910 maerore,
3168 1844 3425 1901 diabolica
3442 1847 3604 1902 fraude
3615 1848 3782 1918 deceptis

2302 1930 2358 1986 in
2392 1932 2577 1997 corde,
2610 1940 2665 1987 et
2697 1932 2916 1987 inimica
2954 1934 3218 1989 servitute
3246 1935 3506 2005 oppressis
3537 1936 3581 1990 in
3608 1952 3781 2006 corpore.

2304 2018 2411 2076 Sed
2444 2022 2632 2088 redite,
2671 2022 2919 2089 obsecro,
2955 2023 3025 2078 ad
3055 2023 3322 2079 unitatem
3346 2032 3532 2080 sancta:
3552 2025 3783 2081 matrisi'ao

2303 2111 2500 2179 clesite,
2535 2119 2727 2168 ut'vos
2759 2121 2916 2173 eruat
2954 2114 3021 2169 de
3044 2116 3301 2184 angustia
3329 2115 3584 2171 servitutis
3610 2123 3785 2179 terrena,

2303 2203 2397 2274 qui
2422 2218 2519 2259 vos
2538 2218 2637 2274 per
2660 2203 2915 2273 baptismi
2943 2204 3177 2275 gratiam
3215 2219 3246 2258 ιι
3272 2204 3478 2260 vinculo
3500 2204 3699 2261 liberavit
3715 2204 3787 2259 ori-

2304 2295 2498 2364 ginalis
2529 2295 2757 2365 peccati.
2785 2295 3144 2373 Exspoliastis
3168 2305 3404 2353 veterem
3433 2297 3679 2363 hominem,
3702 2311 3790 2367 quo-

2304 2372 2465 2442 modo
2485 2385 2702 2451 iterum,
2724 2384 2913 2441 fraude
2935 2372 3144 2457 decepti
3172 2388 3423 2460 maligna,
3445 2389 3689 2445 induamini
3708 2387 3792 2442 ilo!

2303 2474 2623 2547 Adoptionis
2648 2475 2745 2530 lilii
2773 2476 2884 2532 Deo
2897 2475 3046 2531 Patri
3082 2476 3214 2533 facti
3239 2478 3372 2534 estis
3394 2493 3484 2549 per
3505 2493 3610 2533 eum
3638 2478 3706 2548 qui
3725 2490 3795 2530 non

2306 2576 2391 2625 est
2427 2568 2746 2638 adoptivus,
2785 2570 2879 2625 sed
2907 2552 3161 2640 proprius
3191 2588 3206 2624 :
3241 2579 3380 2627 state
3402 2586 3492 2642 per
3517 2571 3622 2626 ﬁdei
3643 2568 3796 2625 inviola-

2306 2660 2469 2716 bilem
2491 2660 2888 2719 confessionem
2917 2663 2971 2716 iu
2994 2662 3249 2719 libertate
3271 2664 3491 2719 ﬁliorum
3505 2662 3605 2728 Dei,
3624 2670 3668 2719 et
3685 2660 3798 2719 nolite

2308 2751 2638 2807 inﬁdelitatis
2655 2751 2843 2823 iugum
2868 2753 3070 2809 subire.
3099 2752 3369 2824 Expellite
3388 2753 3579 2813 vincula
3597 2751 3797 2808 diabolica
3868 2768 3877 2776 '

2309 2843 2638 2913 deceptionis
2665 2846 2732 2902 de
2753 2846 3027 2912 cordibus,
3058 2856 3332 2916 quatenus
3346 2847 3482 2903 Deus
3493 2845 3712 2909 Christus,
3736 2840 3798 2913 qui

2309 2934 2472 2992 solvit
2509 2937 2864 3007 compeditos,
2902 2938 3144 2994 excutiat
3183 2949 3428 2997 catenam
3455 2940 3609 3011 gentis
3638 2936 3801 2992 inimica

683 3030 1005 3101 Exemplum
1057 3033 1189 3089 mihi
1239 3033 1581 3090 Constantini
1631 3025 1972 3106 imperatoris
2012 3054 2208 3109 ῃτορο.
2230 3053 2282 3117 c
2312 3028 2380 3084 de
2411 3031 2661 3086 manibus
2696 3031 2914 3087 vestris.
2952 3032 3179 3089 Habebis
3219 3050 3351 3101 nos,
3396 3034 3559 3090 divina
3591 3031 3804 3088 ausiliautt

616 3121 824 3186 suistis,
863 3122 1021 3192 cujus
1066 3125 1282 3181 initium
1322 3126 1384 3181 Β.
1417 3126 1681 3183 lsidorum
1718 3128 1968 3187 laudasse
2008 3132 2208 3198 dicitis,

615 3220 670 3269 et
694 3214 858 3269 ﬁnem
884 3215 1122 3273 doluisse
1148 3234 1161 3271 :
1202 3219 1346 3289 quod
1387 3234 1458 3274 ne
1491 3219 1623 3274 mihi
1659 3221 1871 3276 accidat
1901 3237 2000 3292 per
2024 3239 2213 3293 quem-

560 3343 567 3350 .
615 3303 742 3358 dam
782 3303 1041 3372 beatum,
1089 3321 1252 3377 quem
1292 3306 1701 3379 Antiphrasium
1750 3312 2208 3383 cognominastis,

584 3390 848 3466 'benigne
871 3398 1131 3453 suadetis.
1173 3398 1288 3455 Hoc
1328 3400 1513 3468 etiam,
1544 3402 1725 3457 divina
1760 3403 2055 3460 miserante
2091 3421 2214 3476 gra-

614 3487 712 3553 tia,
739 3503 1047 3558 pnecavere
1079 3499 1268 3562 satago
1294 3509 1309 3546 :
1338 3509 1446 3549 non
1469 3494 1540 3551 ab
1577 3494 1671 3551 illo
1698 3498 2092 3564 tantummodo,
2118 3499 2214 3556 sed

616 3577 783 3632 etiam
809 3580 878 3634 ab
902 3580 1160 3637 omnibus
1184 3582 1278 3651 qui
1313 3583 1517 3654 aliquid
1542 3593 1703 3641 rectae
1729 3585 1853 3642 ﬁdei
1878 3590 2235 3651 contrarium.

618 3666 814 3722 docere
859 3667 1116 3724 videnlur
1163 3687 1178 3725 :
1220 3672 1546 3743 assidueque
1595 3676 1879 3732 devotione
1926 3679 2214 3735 Dominum

616 3757 870 3826 deposco,
912 3767 967 3814 et
991 3775 1347 3843 quoscunque
1387 3778 1454 3819 ex
1492 3764 1618 3821 ﬁliis
1659 3775 1860 3822 sanct:e
1899 3768 2090 3824 matris
2114 3768 2215 3824 Ec-

619 3846 804 3903 clesiae
847 3849 1020 3917 valeo,
1064 3852 1197 3906 mihi
1240 3853 1295 3907 in
1332 3853 1433 3910 hac
1466 3856 1727 3925 petitione
1768 3857 2043 3927 adjutores
2086 3874 2215 3913 con-

618 3951 775 4002 voco,
822 3952 893 3992 ne
930 3954 1018 3994 me
1052 3939 1280 4009 alicujus
1306 3945 1532 3999 verbosa
1576 3946 1832 4013 adulatio,
1878 3948 1962 4003 vel
1998 3948 2217 4003 fraudu-

617 4025 764 4081 lenta
791 4027 1027 4083 laudatio
1053 4031 1346 4101 decipiens,
1376 4049 1407 4089 a
1435 4036 1521 4089 via
1545 4037 1793 4092 veritatis
1840 4048 2072 4104 avertat,
2117 4056 2217 4096 sre-

617 4120 741 4190 pius
765 4135 891 4175 cum
916 4124 1180 4193 propheta
1205 4126 1521 4195 decantatis,
1550 4129 1805 4202 Corripiet
1831 4149 1913 4186 me
1942 4133 2122 4203 justus
2159 4136 2218 4190 in

617 4208 1000 4276 misericordia,
1029 4222 1078 4265 et
1103 4213 1394 4285 increpabit
1431 4233 1513 4272 me
1534 4233 1554 4272 :
1581 4217 1752 4273 oleum
1780 4231 1953 4275 autent
1978 4233 2215 4293 peccato-

620 4297 694 4351 ris
739 4313 844 4352 non
892 4299 1185 4372 impiuguet
1234 4314 1390 4375 caput
1440 4322 1609 4361 meum
1647 4306 1819 4379 (Psal.
1848 4312 2060 4383 CXLIII).
2109 4313 2217 4369 Vos

2311 3121 2504 3192 gratia,
2545 3131 2926 3191 cooperatores
2963 3123 3142 3193 gaudii
3186 3125 3375 3191 vestri,
3402 3124 3446 3180 si
3480 3138 3567 3179 vos
3601 3122 3804 3177 uobiscum

2312 3211 2591 3268 catholicae
2616 3212 2741 3268 ﬁdei
2770 3212 2931 3268 vultis
2956 3229 3075 3270 esse
3095 3215 3497 3284 praedicatores.
3522 3212 3804 3270 Certissima

2313 3301 2497 3373 itaque
2538 3302 2614 3359 ibi
2667 3304 2772 3359 erit
2816 3304 3010 3359 divina:
3059 3300 3430 3363 miserationis
3472 3304 3707 3363 auxilium,
3741 3298 3804 3355 ubi

2312 3409 2420 3448 una
2457 3403 2541 3450 est
2575 3395 2740 3452 totius
2773 3396 3031 3454 Ecclesiae
3068 3398 3334 3466 charitas,
3372 3407 3427 3456 et
3460 3414 3556 3454 una
3589 3412 3701 3454 vera
3722 3393 3804 3450 fidei

2314 3485 2604 3542 confessio.
2650 3485 2735 3543 Ad
2770 3487 3172 3545 multitudinem
3212 3491 3396 3562 populi
3421 3486 3806 3554 Cbristiani,ctad

2315 3578 2669 3633 sacerdotalis
2715 3579 2928 3634 concilii
2968 3582 3385 3640 unauimitatem
3438 3578 3730 3640 revertimini.
3767 3573 3806 3628 Si

2314 3669 2459 3726 enim
2495 3670 2722 3726 duorum
2768 3670 2853 3726 vel
2898 3671 3063 3727 trium
3107 3683 3304 3731 saneto
3353 3676 3540 3746 pioque
3580 3664 3807 3729 consumi.

2317 3762 2614 3821 secundum
2645 3777 2800 3819 suam
2835 3760 3278 3833 promissionem,
3307 3767 3575 3822 Dominum
3599 3774 3698 3818 esse
3719 3769 3811 3828 pm-

2317 3862 2526 3910 sentcm
2558 3868 2677 3943 non.
2699 3854 3040 3920 dubitamus;
3078 3866 3289 3943 quanto
3326 3858 3494 3928 magis
3532 3854 3611 3910 ubi

2316 3938 2793 4012 ctissitni'Patres,
2833 3955 2914 4002 tot
2949 3938 3295 4006 venerabiles
3323 3949 3532 4013 fratres,
3556 3953 3627 4001 tot
3651 3941 3725 3998 ﬁlii
3744 3938 3812 4007 pic

2316 4036 2507 4092 matris
2533 4036 2810 4101 Ecclesiae,
2836 4037 2890 4091 in
2917 4038 3136 4094 nomine
3168 4038 3317 4094 illius
3340 4038 3555 4109 paciﬁca
3571 4028 3814 4091 coan

2316 4127 2702 4192 unanimitate,
2741 4143 2866 4182 eum
2903 4129 3095 4185 adesse
3130 4131 3374 4186 medium
3410 4145 3512 4186 non
3541 4135 3617 4185 est
3638 4121 3816 4180 dubitan-

2318 4218 2468 4284 dum,
2493 4226 2549 4274 et
2574 4218 2794 4274 illorum
2817 4235 3007 4290 regere
3039 4222 3290 4298 consilia,
3318 4222 3410 4292 qui
3430 4221 3510 4279 sui
3532 4213 3724 4275 nominis
3739 4210 3816 4265 III'

2321 4311 2443 4367 dem
2465 4326 2711 4381 quaerere
2737 4311 3164 4382 dignoscantur?

621 4404 751 4445 vero
780 4391 1182 4463 vobismetipsis
1218 4404 1426 4461 cavete,
1460 4399 1602 4468 quod
1638 4415 1738 4456 nos
1765 4400 2003 4459 fraterno
2031 4404 2216 4462 admo-
2244 4411 2299 4472 υ
2392 4399 2477 4457 Ad
2494 4402 2863 4457 conﬁrmanda
2890 4402 3058 4472 igitur
3078 4404 3246 4459 corda
3270 4411 3449 4460 vestra
3478 4402 3530 4457 in
3553 4398 3644 4456 ﬁde
3663 4386 3818 4451 ett’cﬁ‘

621 4480 817 4535 nuistis
857 4497 1044 4539 amore
1084 4494 1443 4555 procurantes
1477 4488 1889 4561 diligentissime
1917 4535 1931 4548 .
1971 4496 2217 4566 omnipo-

620 4572 894 4643 tentisquc
916 4574 1013 4630 Dei
1038 4577 1191 4633 vobis
1211 4577 1446 4635 assiduis
1464 4582 1718 4650 precibus
1742 4584 2217 4643 clementissimum

621 4672 917 4721 convocate
959 4668 1207 4739 gratiam,
1237 4684 1307 4725 ne
1354 4670 1546 4726 callida
1594 4673 1803 4744 antiqui
1837 4675 2008 4731 hostis
2033 4692 2220 4732 versu-

621 4752 698 4808 tia
724 4769 917 4811 sensus
942 4766 1152 4815 vestros
1195 4760 1250 4815 in
1276 4759 1458 4831 aliqua
1481 4770 1635 4832 parte
1676 4774 2007 4835 corrumpat,
2037 4775 2092 4822 et
2125 4781 2220 4836 pe-

618 4843 708 4920 jus
749 4847 843 4902 ﬁat
884 4849 1113 4905 interius
1154 4851 1355 4906 diaboli
1396 4853 1711 4918 servitium,
1771 4870 1932 4925 quam
1978 4857 2218 4913 exterius

622 4938 802 5008 gentis
845 4938 1098 4995 inimicae.
1146 4941 1391 5010 Eumque
1429 4953 1737 5013 exspectate
1778 4946 2214 5017 Redemptorcm,

622 5044 783 5098 quem
811 5029 999 5085 salutis
1024 5039 1220 5087 vestra:
1245 5032 1512 5091 habuistis
1537 5046 1836 5093 auctorem.
1875 5039 2028 5094 lllum
2056 5040 2220 5110 glori-

624 5120 784 5175 fieate
823 5120 876 5176 in
905 5121 1088 5189 corde,
1114 5133 1168 5178 et
1191 5133 1406 5195 portate
1445 5127 1499 5183 in
1531 5144 1793 5200 corpore;
1835 5138 1889 5186 et
1914 5131 2127 5202 dignam
2163 5133 2219 5188 in

624 5209 778 5264 vobis
816 5210 894 5265 illi
937 5223 1238 5283 praeparate
1278 5216 1668 5276 habitationem
1710 5221 1766 5276 in
1808 5221 1932 5289 ﬁde,
1970 5237 2090 5292 qua:
2123 5239 2221 5294 per

624 5304 971 5363 dilectionem
1012 5318 1298 5380 operatur,
1347 5321 1616 5385 quatenus
1657 5331 1754 5371 vos
1794 5315 1940 5371 illius
1983 5316 2219 5388 gloriosa

625 5396 887 5466 potentia,
916 5408 990 5467 ,ει
1038 5401 1324 5461 ineffabilis
1370 5407 1762 5471 misericordia,
1812 5408 1883 5465 ab
1936 5409 2221 5479 utriusque

626 5490 906 5548 servitutis
931 5493 1199 5565 molestia,
1227 5500 1501 5557 exteriore
1531 5501 1741 5557 scilicet
1767 5509 1821 5557 et
1852 5502 2128 5567 interiore,
2157 5502 2223 5556 li-

630 5583 783 5637 beret
810 5590 865 5638 et
891 5588 1179 5654 custodiat,
1207 5597 1262 5646 et
1290 5590 1344 5645 in
1372 5606 1570 5664 magno
1597 5593 1684 5650 die
1712 5600 1839 5651 ante
1866 5580 2216 5665 conspectum

627 5677 815 5749 gloriae
844 5694 958 5736 suae
991 5694 1115 5734 cum
1151 5680 1540 5753 multiplicibus
1579 5684 1779 5741 laboris
1814 5686 1978 5742 vestri
2021 5685 2221 5742 divitiis

2316 4498 2447 4557 tate,
2475 4491 2614 4548 hanc
2647 4492 2817 4553 nostri
2843 4493 3097 4560 nominis,
3127 4492 3369 4551 fraterna
3403 4495 3666 4564 instigante
3689 4480 3812 4541 (11³ιὶ-

2318 4591 2449 4651 tate,
2479 4582 2762 4653 epistolam
2802 4583 3044 4640 scribere
3078 4586 3413 4651 curavimus,
3439 4590 3664 4656 optantes
3688 4581 3734 4633 nl
3753 4583 3816 4626 M-

2318 4662 2650 4744 strafquam
2675 4674 2937 4731 habemus
2966 4690 3067 4747 pro
3101 4675 3207 4731 ﬁde
3236 4677 3518 4742 catholica,
3539 4663 3817 4745 proﬁciam-

2317 4767 2484 4833 votio,
2526 4774 2582 4821 et
2613 4780 2712 4822 vos
2745 4766 2925 4822 divina
2953 4767 3241 4822 clementia
3267 4769 3338 4824 ad
3364 4768 3521 4824 ﬁdem
3550 4765 3732 4822 reducat
3758 4768 3817 4809 α·

2318 4858 2595 4913 tholicam.
2622 4856 2764 4912 Ante
2789 4857 2955 4929 igitur
2979 4872 3144 4928 quam
3178 4857 3341 4927 hujus
3373 4855 3628 4928 saspedicti
3650 4842 3817 4908 semul!“
3902 4874 3903 4931 ς

2318 4966 2351 5006 a
2398 4950 2555 5007 vobis
2592 4950 2839 5006 oriretur
2894 4947 3155 5014 offensio,
3184 4936 3394 5022 duplici
3446 4948 3696 5007 cbaritatc,
3729 4935 3820 4993 δὶαιί

2320 5044 2690 5115 ριωάίχιηιιιε,
2736 5042 3024 5099 dileximus
3058 5058 3175 5108 vos,
3201 5045 3272 5099 .id
3315 5051 3420 5109 est,
3471 5044 3522 5097 in
3568 5031 3821 5094 orationibus
3902 5074 3903 5083 χ

2320 5136 2523 5193 nostris
2561 5150 2659 5207 per
2696 5150 2885 5191 omnes
2920 5136 3073 5206 regni
3106 5136 3279 5192 nostri
3312 5134 3575 5191 Ecclesias
3613 5123 3822 5217 habuimus

2322 5229 2520 5293 socios,
2555 5235 2612 5282 et
2645 5227 2812 5282 vestri
2850 5228 3169 5283 memoriam
3205 5226 3450 5297 quotidie
3484 5223 3741 5280 facientes:
3764 5209 3824 5265 iti-
3902 5212 3903 5229 ‘

2322 5319 2445 5376 dem
2471 5333 2688 5389 quoque
2710 5326 2767 5376 et
2790 5319 2902 5375 Deo
2924 5319 3237 5385 auxiliante,
3270 5319 3595 5375 voluntatem
3615 5307 3825 5368 habuian
3902 5312 3903 5391 ς

2322 5429 2420 5471 vos
2453 5414 2688 5470 liberare
2716 5428 2748 5469 a
2772 5413 2996 5470 servitio
3021 5415 3299 5471 surcularis
3334 5411 3670 5474 necessitatis.

2324 5506 2451 5562 dum
2491 5506 2750 5577 temporis
2778 5508 3260 5577 opportunitatem,
3289 5517 3347 5564 et
3376 5508 3537 5564 vestri
3760 5489 3824 5605 st

2322 5596 2706 5653 hortationem.
2744 5595 2898 5653 Nunc
2924 5613 3053 5653 vero
3090 5598 3192 5654 hac
3221 5599 3418 5669 duplici
3452 5596 3688 5653 charitate
3709 5578 3825 5658 (quad
3902 5578 3903 5663 ἦ

2326 5687 2442 5744 sine
2469 5686 2653 5744 dolore
2679 5702 2787 5742 non
2813 5687 3063 5761 dicimus)
3088 5679 3376 5744 fraudas'iis
3400 5686 3732 5755 vosmetipsos,
3752 5682 3824 5727 Μ
