3996 6320
1598 345 1981 406 EPISTQLE.

3314 351 3421 409 910

148 482 383 539 videant!
401 488 577 549 opera
591 481 779 532 vestra
800 473 965 540 bona,
991 477 1047 529 et
1069 467 1369 544 gloriﬁcent
1392 454 1610 525 Patrem
1635 478 1728 521 ve-
1752 465 1808 533 Α
1829 476 1965 533 quos
1986 459 2060 517 ibi
2085 458 2332 527 mittetis,
2352 471 2421 514 ne
2444 458 2731 531 aliquando
2751 460 3131 517 mandatorum
3152 460 3253 514 Dei
3274 460 3423 516 viam

148 582 348 636 statur,
376 570 471 639 qui
501 568 560 623 in
582 567 741 624 omlis
760 572 862 623 est.
882 566 1233 634 Omnipotens
1254 564 1398 618 Deus
1420 569 1616 617 vestras
1640 575 1738 616 au-

145 662 431 723 osoritatis
450 659 932 716 heatitudinemad
954 664 1155 713 sanctas
1177 670 1290 715 suae
1308 653 1564 710 Ecclesiae
1587 652 1737 708 exal-

148 755 417 813 tationam
449 766 549 823 per-
579 751 761 808 multa.
787 765 1056 807 annorum
1104 747 1374 809 curricula
1404 746 1733 804 incolumem

145 859 482 905 mare
507 844 777 916 dignetur.

701 934 1038 995 EPISTOLA
1086 933 1181 991 IX.

562 1048 633 1089 ﬂ
667 1044 1047 1089 Μιωωειτυι
1084 1041 1347 1085 ΔΒΕΔΤΕΙ.

143 1124 622 1187 mm
668 1123 971 1194 Angileo
995 1164 1011 1188 ,
1068 1121 1169 1194 qui,
1210 1134 1329 1194 cum
1382 1115 1737 1189 superioribﬂ

460 1196 651 1253 litteris
683 1191 1421 1265 ad'pontiﬁcem'mittebatur.

774 1284 953 1355 (Anno
993 1282 1142 1354 796.)

589 1377 689 1441 (Ex
715 1376 892 1437 llansi,
914 1375 1063 1426 Cone.
1086 1371 1314 1434 Collect.)

218 1464 483 1533 Carolus,
518 1462 710 1534 gratia.
735 1460 852 1529 Dei,
889 1475 989 1516 rex
1030 1466 1086 1514 et
1120 1455 1369 1514 defensor
1401 1463 1605 1513 sanctae
1639 1454 1741 1512 Ec-

141 1563 367 1628 desito,
377 1559 616 1617 Homero
640 1536 974 1613 auriculario‘
993 1552 1223 1609 salutem
1245 1565 1295 1605 ει.

217 1660 420 1718 Divina
443 1662 667 1727 regente
688 1649 1082 1716 misericordia,
1106 1648 1304 1704 iterum
1330 1654 1387 1703 et
1405 1660 1666 1717 prospere
1688 1651 1743 1701 te

143 1755 462 1815 adducente
479 1750 553 1806 ad
570 1749 830 1806 domum
856 1742 1213 1817 apostolicum
1234 1754 1430 1812 papam
1470 1747 1738 1804 nostrum,

144 1849 453 1905 admoneas
494 1856 622 1898 eum
665 1840 952 1910 diligenter
988 1836 1056 1892 de
1091 1833 1240 1892 omni
1283 1833 1567 1888 honestate
1620 1830 1745 1885 vitae
1764 1821 1824 1895 Β

144 1955 289 2008 mre,
325 1944 389 1996 et
418 1934 693 2009 praecipue
723 1933 791 1987 de
825 1934 1139 2003 sanctorum
1156 1925 1552 1982 observatione
1582 1938 1749 1983 cano-

146 2053 307 2103 num,
348 2036 418 2093 de
448 2033 542 2105 pia
574 2037 779 2088 sanctm
818 2027 917 2087 Dei
938 2025 1195 2083 Ecclesia:
1219 2023 1630 2095 gubernatione,
1667 2034 1750 2077 se-

146 2130 397 2189 mdum
419 2124 882 2199 opportunitatem
908 2119 1215 2178 collationis
1244 2118 1390 2174 inter
1410 2131 1528 2184 vos,
1555 2123 1612 2172 et
1640 2112 1753 2170 ani-

147 2225 231 2282 mi
253 2222 405 2279 illius
438 2217 899 2281 convenientiam.
926 2214 1253 2285 Ingensque
1270 2211 1323 2267 ei
1345 2208 1563 2280 saepius,
1590 2220 1752 2278 quam

148 2329 456 2390 pannorum
484 2315 661 2372 honor
686 2310 798 2376 ille,
829 2323 992 2380 quem
1013 2303 1429 2378 prmaentialiter
1446 2303 1630 2368 habet,
1660 2314 1752 2356 an-

150 2422 356 2465 norum
369 2446 387 2473 ,
426 2419 593 2475 quam
639 2401 935 2459 multorum
971 2405 1063 2455 est.
1101 2395 1487 2468 perpetualiter
1522 2405 1751 2456 merces,

152 2515 277 2572 qua
327 2500 492 2557 datur
536 2497 679 2555 bene
724 2492 995 2552 laboranti
1034 2491 1094 2548 in
1130 2506 1217 2548 eo.
1239 2488 1313 2544 Et
1345 2487 1413 2543 de
1455 2484 1751 2542 simoniaca

149 2588 523 2649 subvertenda
552 2585 751 2645 haeresi
783 2582 1195 2656 diligentissime
1237 2579 1468 2636 suadeas
1508 2574 1605 2640 illi,
1636 2587 1757 2644 quas

150 2691 409 2739 meum
429 2681 689 2738 Ecclesiae
716 2694 915 2750 corpus
944 2676 1134 2737 multis
1162 2674 1306 2730 male
1334 2670 1575 2730 maculat
1599 2671 1654 2725 in
1674 2669 1759 2723 lo-

152 2777 259 2835 eis.
282 2773 359 2830 Et
371 2773 637 2844 quidquid
657 2781 843 2833 mente
865 2781 1021 2828 tenes
1045 2769 1249 2839 sepius
1267 2765 1503 2843 querelis
1523 2763 1759 2834 agitasse

154 2869 305 2925 inter
332 2881 457 2923 nos.
484 2864 593 2922 Sed
616 2864 792 2935 qualis
825 2864 975 2920 mihi
998 2869 1144 2921 esset
1186 2859 1405 2917 cenatio
1434 2873 1559 2914 cum
1596 2859 1759 2912 beato

153 2959 401 3017 Adriano
437 2972 578 3029 papa
611 2957 1011 3029 praedecessore
1056 2954 1200 3011 illius
1217 2993 1233 3021 ,
1281 2954 1350 3010 de
1397 2947 1759 3008 construendo

153 3054 496 3113 monasterio
520 3053 588 3108 ad
625 3060 873 3108 sanctum
908 3049 1154 3117 Paulum,
1183 3046 1493 3104 nullatenus
1517 3042 1760 3099 dimittas

154 3160 452 3216 suggerere
474 3143 574 3209 illi,
599 3143 915 3210 ut,volente
937 3140 1066 3207 Deo,
1093 3146 1374 3196 revertens
1399 3144 1608 3193 certum
1624 3133 1757 3189 mihi

154 3252 483 3309 responsum
513 3236 718 3293 habeas
755 3234 979 3291 referre.
1022 3233 1284 3289 Dominus
1312 3231 1455 3285 Deus
1491 3230 1653 3285 ducat
1679 3234 1753 3291 te,

154 3336 212 3385 ct
242 3329 449 3399 dirigat
481 3327 539 3382 in
566 3326 715 3382 omni
754 3325 996 3383 bonitate
1026 3338 1123 3379 cor
1159 3323 1322 3387 illius,
1351 3328 1413 3376 ut
1444 3318 1650 3373 faciens
1676 3315 1757 3372 fa-

156 3418 436 3481 ciatquod
464 3424 668 3473 sancta:
694 3430 805 3472 suae
830 3415 1083 3485 proﬁciat
1106 3411 1383 3477 Ecclesiae,
1408 3417 1469 3465 ut
1490 3411 1562 3465 sit
1601 3407 1761 3463 nobis

156 3506 285 3579 pius
328 3501 512 3566 Pater,
552 3514 608 3554 ct
640 3522 741 3569 pro
784 3506 943 3561 nobis
980 3504 1287 3575 praecipuus
1322 3501 1670 3563 intercessor,
1698 3503 1761 3575 ut

158 3599 310 3655 idem
340 3593 487 3649 Deus
517 3598 574 3647 et
607 3589 1082 3647 Dominusnostm-
1108 3592 1267 3646 leuis
1293 3591 1548 3649 Christus
1580 3604 1682 3645 nos
1704 3588 1761 3643 in

157 3706 264 3750 sua
305 3688 508 3744 ﬂorere
537 3683 701 3740 faciat
719 3683 1018 3744 voluntate,
1051 3688 1107 3737 et
1142 3693 1363 3735 cursum
1397 3677 1490 3747 qui
1516 3684 1764 3747 superest

157 3781 323 3839 nobis
358 3778 487 3834 vitm
522 3781 723 3837 nostra;
757 3774 824 3829 ad
852 3779 1127 3843 perpetua:
1168 3767 1484 3825 stabilitatis
1521 3768 1761 3837 quietem

157 3871 470 3944 perducere
491 3866 763 3937 dignetur.
815 3864 965 3920 Vade
1010 3878 1137 3919 cum
1181 3862 1564 3933 prosperitate,
1591 3862 1759 3933 proli-

156 3963 317 4019 ciens
341 3960 401 4017 in
425 3959 677 4028 veritate,
705 3970 1027 4012 reversurus
1047 3969 1172 4013 cum
1196 3954 1413 4027 gaudio,
1434 3952 1762 4011 Homeriaue

155 4067 321 4125 puer.

739 4136 1077 4195 EPISTOLA
1111 4136 1184 4193 Χ.

540 4306 545 4310 _
630 4247 700 4288 an
727 4245 1000 4286 IANASSEII
1026 4243 1296 4307 ΑΒΒΑτΕιι.

790 4323 970 4397 (Anno
1001 4321 1151 4395 793.)

312 4418 412 4483 (Ex
438 4417 637 4479 Labbe,
661 4416 964 4468 Bibliotheca
991 4427 1112 4467 nova
1135 4414 1612 4481 manuscriptornm.)

236 4507 473 4564 Carolus
512 4504 685 4580 gratia
725 4502 822 4560 Dei
866 4519 964 4559 rex
1004 4501 1338 4558 Francorum
1384 4517 1449 4557 ac
1494 4499 1760 4572 patricius

155 4603 562 4667 Romanorum,
614 4598 795 4655 abbati
830 4594 1090 4653 Manassae
1122 4595 1546 4653 Flaviniacensis
1579 4609 1736 4653 coeno

154 4694 238 4751 bii
275 4692 532 4750 salutem.

234 4776 593 4841 Benedictum
616 4798 813 4838 nomen
837 4780 1049 4837 Domini
1069 4779 1121 4835 in
1148 4778 1423 4847 saeculum,
1451 4780 1593 4850 quod
1605 4760 1762 4848 juxta

155 4878 564 4950 monachorum
583 4885 800 4931 tuorum
824 4874 1147 4931 laudabilem
1164 4874 1629 4930 conversationem
1652 4873 1764 4943 plu-

157 4968 371 5024 rimum
398 4966 734 5040 gloriﬁcatur
778 4967 834 5022 in
875 4966 1144 5038 gentibus,
1192 4980 1257 5021 eo
1304 4966 1447 5036 quod
1488 4965 1605 5019 laus
1646 4963 1763 5033 ejus

158 5075 385 5131 semper
410 5058 468 5116 in
492 5076 588 5116 ore
617 5067 798 5116 vestro
828 5068 1095 5115 versatur.
1136 5057 1458 5113 Petitiouem
1494 5059 1677 5128 itaque
1698 5058 1764 5115 de

159 5152 577 5209 constructione
611 5148 844 5209 coenobii
870 5151 1012 5222 apud
1037 5149 1436 5217 Corbiniacum,
1462 5165 1623 5220 quam
1665 5164 1767 5220 per

160 5243 531 5301 Theodulfum
557 5245 867 5316 episcopum
900 5244 1346 5300 Aurelianensem
1371 5260 1525 5314 aeque
1554 5242 1763 5316 [atque]

162 5338 431 5393 uilitatem
456 5340 690 5390 cmnobii
719 5339 1080 5396 Floriacensis
1106 5341 1339 5395 libenter
1350 5337 1689 5406 suscepimus
1713 5344 1762 5391 et

163 5431 475 5489 cientenler
510 5427 889 5496 concedimus,
927 5440 982 5484 et
1026 5434 1370 5501 praecipimus
1413 5438 1473 5486 ut
1514 5429 1760 5486 monachi

242 5578 271 5607 ι
310 5564 633 5621 σαπρίαν..
664 5562 913 5618 Homero.
943 5532 1258 5633 Angilberto
1285 5560 1522 5622 Centone
1560 5566 1763 5633 abbati,

167 5652 335 5711 quem
365 5646 420 5693 et
445 5635 705 5693 Alcuinus
728 5650 945 5707 quoque
978 5636 1031 5690 in
1068 5637 1327 5705 epistolis,
1354 5644 1409 5692 et
1436 5637 1737 5693 Tbcodull'u

954 5756 1011 5761 ._.
1030 5754 1205 5762 --M.—-,

232 5838 254 5863 ‘
278 5839 435 5895 Strm.
461 5837 615 5895 edidit
636 5850 716 5891 an.
741 5838 883 5893 16w.
903 5836 1054 5893 Lm.

1781 3184 1831 3250 α

1783 4548 1841 4611 1)

1839 558 2013 625 obliti,
2041 558 2236 627 sepius
2252 557 2308 612 in
2334 554 2703 611 Flaviniacum
2728 559 3069 611 revertantur
3093 551 3425 618 ctenobium,

1837 649 2021 720 ibique
2044 648 2221 705 ofﬁcia
2243 662 2340 703 sua
2364 646 2707 710 conﬁrment,
2733 653 2788 700 et
2822 641 3093 699 meliorati
3120 640 3277 712 jussu
3309 647 3426 717 tuo,

1838 749 1895 799 et
1930 740 2318 797 monachorum
2350 742 2569 792 tuorum
2604 741 2972 791 revertantur.
3020 731 3257 789 Censum
3298 714 3431 788 vero

1837 844 2215 904 quemcunque
2239 827 2497 886 statueris
2520 827 2601 882 eis
2634 825 2785 881 omni
2815 832 3064 896 tempore
3089 823 3321 882 solvant.
3348 822 3433 881 Ab

1841 925 1946 981 alio
1960 939 2101 980 vero
2122 937 2287 995 censu
2312 928 2408 976 tuo
2432 933 2618 975 amore
2650 918 2854 975 liberos
2881 918 3070 984 reddo,
3108 918 3190 975 uti
3225 915 3434 977 reddidi

1839 1015 2230 1071 Flaviniacum.
2272 1010 2426 1068 Mitto
2461 1018 2645 1069 autem
2678 1008 2833 1067 vobis
2863 1024 3084 1081 capsam
3117 1016 3439 1081 argenteam

1838 1106 2073 1178 sepulcri
2103 1103 2419 1169 Salvatoris,
2452 1113 2506 1159 et
2542 1101 2600 1157 S.
2623 1099 2812 1158 Jacobi
2838 1098 3091 1172 apostoli,
3116 1098 3303 1156 fratris
3327 1099 3436 1156 Do-

1842 1198 1996 1264 mini,
2033 1196 2290 1267 reliquias
2321 1194 2728 1251 continentem:
2757 1208 2922 1248 orans
2949 1198 3005 1248 et
3029 1190 3341 1263 supplicans
3376 1198 3439 1251 ut

1844 1290 1952 1346 mei
1999 1302 2270 1344 memores
2309 1300 2410 1357 pro
2449 1300 2538 1341 me
2576 1293 2630 1340 et
2652 1282 2785 1339 ﬁliis
2809 1283 3011 1339 nostris
3045 1282 3263 1351 assidue
3288 1281 3439 1354 apud

1846 1381 2132 1437 Dominum
2158 1377 2551 1435 interveniatis.
2581 1376 2773 1432 Saluto
2790 1382 2864 1442 te,
2891 1382 2948 1431 et
2969 1389 3187 1431 omnem
3210 1386 3440 1445 congre-

1845 1472 2396 1546 gationem'nostram.
2424 1468 2538 1540 Ego
2570 1469 2725 1523 Rado
2748 1468 2964 1537 scripsi,
2997 1466 3198 1522 dictavi
3231 1480 3376 1521 anno
3401 1465 3440 1522 8

1847 1566 2051 1623 domini
2075 1565 2246 1620 nostri
2272 1561 2517 1634 praedicti
2542 1563 2688 1633 regis
2707 1559 2908 1629 Caroli,
2928 1567 3189 1633 regnante
3208 1559 3440 1618 Domino

1847 1667 2036 1717 nostro
2064 1659 2197 1717 Jesu
2221 1656 2443 1714 Christo
2469 1655 2529 1709 in
2554 1662 2843 1711 mternum.

2420 1766 2765 1825 EPISTOLA
2785 1758 2876 1823 XI.

2082 1899 2089 1905 -
2127 1863 2510 1937 1'"er
2537 1864 2772 1937 ορίειοιφ
2795 1865 2869 1937 ad
2889 1864 3177 1937 episcopat-

2461 1934 2641 2011 (Anno
2683 1934 2835 2009 799.)

2144 2084 2152 2091 ,
2271 2027 2366 2090 (Ex
2394 2027 2580 2089 Mansi,
2606 2027 2791 2078 Concil.
2817 2025 3053 2089 Collect.)

1926 2113 1996 2171 Et
2018 2112 2123 2171 hoc
2144 2112 2423 2170 vobiscum
2447 2127 2646 2186 magno
2672 2112 2852 2169 studio
2876 2112 3323 2183 pertractandum
3345 2120 3448 2180 est,

1855 2207 1988 2279 quid
2008 2207 2074 2261 de
2110 2205 2217 2261 illis
2240 2204 2571 2277 presbyteris
2608 2205 2755 2260 unde
2775 2204 3094 2275 approbatio
3120 2219 3231 2261 non
3265 2211 3366 2275 est,
3394 2214 3450 2264 et

1855 2316 2070 2371 semper
2092 2306 2311 2369 negant,
2341 2297 2649 2353 faciendum
2673 2297 2765 2352 sit.
2806 2295 2943 2352 Nam
2967 2297 3071 2353 hoc
3096 2298 3393 2370 saepissime
3418 2313 3448 2353 a

1856 2394 2014 2452 nobis
2050 2399 2103 2448 et
2140 2390 2577 2462 progenitoribus
2602 2396 2764 2459 atque
2786 2389 3219 2445 antecessoribus
3246 2387 3451 2445 nostris

1856 2486 2176 2544 ventilatum
2211 2491 2312 2549 est,
2343 2483 2438 2538 sed
2473 2495 2583 2537 non
2625 2480 2695 2535 ad
2719 2479 2983 2550 liquidum
3026 2480 3288 2534 hactenus
3327 2477 3450 2533 deli-

1856 2580 2054 2637 nitum.
2085 2578 2239 2635 Unde
2263 2578 2332 2634 ad
2352 2574 2743 2632 consulendum
2767 2580 2980 2644 patrem
3019 2580 3267 2629 nostrum
3309 2571 3452 2628 Leo-

1856 2687 1985 2730 nem
2004 2685 2201 2744 papam
2226 2669 2534 2726 sacerdotes
2550 2674 2765 2722 nostros
2788 2664 3072 2720 mittimus.
3098 2663 3167 2719 Et
3190 2661 3452 2733 quidquid

1859 2767 1929 2823 ab
1955 2780 2020 2822 eo
2064 2764 2151 2821 vel
2177 2779 2209 2819 a
2236 2763 2348 2820 suis
2379 2760 2804 2833 perceperimus,
2839 2758 3011 2823 vobis,
3063 2773 3173 2813 una
3198 2772 3323 2814 cum
3345 2756 3454 2811 illis

1856 2872 1999 2930 quos
2030 2856 2317 2923 mittimus,
2345 2852 2659 2911 renuntiare
2681 2866 2791 2906 non
2818 2849 3171 2906 tardabimus.
3223 2846 3334 2904 Vos
3373 2845 3455 2903 in-

1862 2951 2078 3007 terdum
2104 2950 2346 3006 vicissim
2371 2954 2605 3004 tractate
2630 2945 2892 3000 attentius
2920 2943 3051 3013 quid
3076 2957 3143 2999 ex
3169 2941 3256 2998 his
3276 2941 3457 2997 vobis—

1862 3058 1988 3099 cum
2010 3041 2405 3098 constituamus
2448 3053 2556 3093 una
2602 3052 2729 3092 cum
2773 3035 3018 3107 przedicti
3069 3032 3241 3089 sancti
3286 3032 3457 3103 patris

1863 3138 2314 3201 institutionibus,
2343 3143 2403 3191 ut
2426 3149 2675 3191 murmur
2699 3138 2875 3188 cesset
2900 3129 3107 3202 populi,
3144 3136 3200 3185 et
3245 3143 3346 3185 nos
3370 3127 3456 3183 his

1859 3230 2277 3296 satisfacientes,
2303 3227 2477 3292 illaesi,
2506 3226 2736 3283 Domino
2763 3223 3081 3290 auxiliante,
3111 3222 3179 3279 ah
3210 3220 3457 3297 utrisque

1858 3337 2177 3382 maneamus
2250 3378 2285 3395 ”
2437 3386 2775 3444 EPISTOLA
2810 3383 2927 3442 XII.

2212 3497 2281 3537 AD
2325 3496 2495 3536 OI-‘I’All
2535 3493 2711 3534 BEGEM
2750 3486 3080 3531 MERCIORUH.

1862 3572 2234 3647 Presbyterum
2271 3571 2508 3627 Scottum
2549 3575 2853 3624 accusatum
2902 3564 3061 3619 mittit
3105 3562 3162 3617 in
3189 3556 3456 3633 patriam,

2180 3671 2238 3717 ut
2263 3661 2335 3717 ibi
2355 3662 2418 3715 ab
2446 3662 2685 3733 episcopo
2712 3674 2808 3711 suo
2837 3654 3130 3728 judicetur.

2469 3753 2645 3828 (Anno
2684 3748 2836 3825 800.)

2319 3845 2413 3911 (Ex
2441 3844 2611 3906 Mansi,
2645 3839 2830 3893 Concil.
2857 3836 3005 3901 Coll.)

1935 3932 2181 3997 Carolus,
2210 3930 2383 4002 gratia
2416 3926 2532 3993 Dei,
2584 3934 2683 3980 rex
2722 3921 3076 3985 Francorum,
3126 3928 3182 3976 et
3211 3916 3458 3975 defensor

1865 4034 2066 4085 sancta:
2090 4027 2187 4083 Dei
2210 4025 2486 4092 Ecclesiae,
2510 4021 2706 4079 dilecto
2729 4017 2890 4076 fratri
2915 4024 2971 4077 et
2989 4015 3167 4075 amico
3190 4015 3321 4075 Offae
3344 4016 3459 4089 regi

1864 4120 2128 4185 Salutem.

1935 4210 2228 4281 Presbyter
2249 4210 2356 4265 istc
2381 4213 2436 4264 et
2460 4207 2682 4265 Scottus
2701 4205 2845 4278 apud
2867 4218 2969 4262 nos
2987 4210 3233 4261 moratus
3257 4208 3339 4257 est
3363 4200 3461 4257 ali-

1865 4310 2069 4373 quanto
2105 4312 2348 4374 tempore
2374 4305 2429 4358 in
2464 4301 2721 4372 parochia
2763 4297 3070 4355 Hildeboldi
3123 4292 3460 4351 Coloniensis

1865 4395 2123 4465 episcopi,
2160 4395 2255 4448 sed
2280 4388 2721 4463 reprehensibilis
2746 4387 2939 4453 factus,
2969 4391 3032 4441 ut
3056 4383 3251 4453 fertur,
3277 4399 3460 4456 aquo-

1868 4486 1991 4541 dam
2021 4490 2356 4547 accusatore,
2386 4482 2530 4552 quod
2556 4495 2775 4536 carnem
2811 4477 2998 4535 diebus
3023 4474 3461 4548 quadragesima-

1866 4579 2008 4635 libus
2065 4576 2407 4633 comedisset.
2464 4572 2650 4630 Nostri
2687 4588 2818 4629 vero
2866 4568 3174 4626 sacerdotes
3216 4565 3461 4638 judicare

1867 4678 2184 4736 renuerunt,
2237 4668 2364 4741 quia
2412 4667 2631 4740 plenum
2682 4650 3051 4721 testimonium
3089 4660 3460 4717 accusantium

1867 4784 2029 4838 super
2064 4782 2187 4822 eum
2233 4780 2341 4819 non
2404 4764 2743 4819 invenerunt.
2796 4756 3000 4814 Tamen
3048 4773 3150 4813 nec
3183 4773 3302 4812 eum
3341 4755 3458 4812 loco

1839 4858 2128 4916 consueto
2162 4855 2514 4912 habitationis
2539 4867 2650 4908 sua:
2674 4856 2896 4922 propter
2931 4846 3209 4907 infamiam
3257 4846 3458 4903 diutius

1867 4952 2069 5009 morari
2116 4948 2517 5021 permiserunt,
2572 4958 2640 4998 nc
2689 4939 3041 4996 sacerdotalis
3092 4939 3266 4994 honor
3319 4937 3458 5009 apud

1834 5032 1841 5037 ’
1868 5046 2181 5116 imperitum
2215 5040 2407 5109 vulgus
2432 5035 2734 5101 vilesceret,
2761 5031 2846 5088 vel
2870 5030 3199 5102 rumigerula
3248 5028 3459 5102 loquela

1869 5142 2034 5213 aliqui
2058 5141 2410 5197 hortarentur
2442 5130 2647 5187 violare
2673 5135 2918 5185 sanctum
2955 5124 3242 5197 jejunium.
3272 5124 3459 5181 Visum

1870 5204 2183 5292 est-nostris
2207 5226 2578 5287 sacerdotibus
2618 5222 2770 5278 illum
2815 5220 2884 5275 ad
2936 5217 3018 5275 sui
3057 5213 3313 5288 episcopi,
3364 5204 3458 5271 ubi

1870 5329 1982 5383 Deo
2009 5333 2192 5380 votum
2218 5321 2365 5388 fecit,
2390 5320 2625 5389 dirigere
2661 5313 2946 5387 judicium.
2990 5308 3195 5365 Idcirco
3219 5312 3459 5363 vestram

1870 5421 2221 5491 deprecamur
2249 5410 2666 5486 providentiam,
2706 5416 2768 5464 ut
2786 5402 3024 5477 jubeatis
3065 5399 3236 5468 illum,
3262 5411 3458 5455 secun-

1871 5559 1923 5613 ln
1948 5556 2191 5611 versibus
2229 5555 2247 5573 ‘
2287 5550 2522 5607 nondum
2547 5547 2725 5611 editis,
2754 5542 3043 5598 Homerum
3083 5536 3456 5613 similiter_vo-

1871 5598 2012 5685 cant.
2048 5627 2221 5694 Atque
2246 5634 2299 5678 ut
2326 5604 2673 5690 Angiliicrtus
2699 5598 2789 5694 hic
2818 5613 3109 5694 Homerus;
3132 5598 3453 5694 sic-Ricbuiv

1874 5680 2339 5765 Iiltiditmlilliillils
2388 5680 2671 5765 episcorms
2723 5689 3013 5765 Dammtas,
3071 5680 3293 5761 Carolus
3335 5680 3454 5765 ipse

1874 5758 2191 5827 Davblfaiii
2241 5768 2360 5821 aliis
2414 5758 2525 5818 tum
2572 5758 2729 5816 inter
2791 5758 3085 5813 familiares
3146 5758 3455 5807 llOlllllllIlllS

1873 5842 2295 5913 appellabantur.
2350 5836 2462 5893 Jac.
2510 5833 2647 5891 Sum
