3996 6320
618 281 739 385 ~911

1499 323 1595 384 μθ.
1634 300 1886 381 canem
1917 319 2134 380 MAGNI
2167 316 2319 379 ore.
2359 313 2539 377 PARS
2573 317 2636 375 11.
2680 317 2923 378 scene
2954 317 2999 375 1.
3694 342 3766 400 θη

634 438 763 492 dum
810 437 1267 503 opportunitatem
1313 437 1573 506 temporis
1628 443 1684 491 et
1722 434 2103 506 profectionis,
2160 435 2217 489 in
2241 430 2298 493 Δ
2320 430 2551 502 dierum]
2579 431 2820 500 corporis
2860 430 2964 496 sui:
3005 429 3218 502 triginta
3241 447 3331 490 30X
3352 435 3470 504 dies»
3495 440 3610 497 είωῑ
3633 444 3765 508 beatus

631 539 787 579 suam
813 534 1167 590 transponere
1190 529 1442 595 patriam,
1466 536 1528 583 ut
1553 528 1626 583 ibi
1644 527 1917 596 iudicetur
1940 527 2085 583 unde
2111 542 2209 582 ex—

629 614 750 670 ivit.
781 613 917 669 Nam
943 614 1018 670 ibi
1057 631 1271 685 quoque
1293 626 1493 676 sanctae
1519 619 1616 674 Dei
1641 620 1895 676 Ecclesiae
1917 620 2127 690 peritas
2152 620 2211 674 in

629 704 894 770 moribus,
931 713 985 760 et
1010 705 1239 762 ﬁrmitas
1277 709 1333 762 in
1383 709 1507 772 ﬁde,
1543 717 1598 764 et
1621 709 1874 766 honestas
1907 710 1961 766 in
1991 727 2215 767 conver-

550 801 553 804 ’
629 798 859 863 satione,
885 799 1180 854 secundum
1219 797 1534 852 canonicam
1575 798 1906 853 sanctionem
1931 797 2215 868 diligenter

629 889 908 945 observari
943 889 1176 955 debebit,
1228 895 1290 944 ut
1321 903 1429 943 una
1451 930 1466 954 ,
1516 888 1755 959 perfecta
1792 897 1847 945 et
1865 889 2212 944 immaculata

629 981 896 1046 columba,
913 979 1068 1049 cujus
1092 995 1284 1050 penna:
1306 982 1689 1050 deargentatte,
1711 985 1765 1034 et
1778 980 2078 1049 posteriora
2100 978 2214 1048 ejus

626 1068 684 1125 in
711 1069 892 1139 specie
915 1070 1036 1124 auri
1067 1070 1365 1127 clarescere
1396 1071 1612 1125 debent.
1651 1068 1794 1134 Vita,
1820 1069 1985 1134 salus,
2013 1077 2067 1124 et
2094 1085 2214 1139 pro-

623 1161 859 1232 speritas
877 1161 977 1218 tibi
1001 1161 1217 1234 tuisque
1236 1161 1483 1218 ﬁdelibus
1512 1176 1545 1215 a
1569 1160 1682 1216 Deo
1714 1157 1932 1217 Christo
1965 1161 2121 1217 detur
2157 1161 2212 1216 in

625 1258 910 1310 aeternum.
960 1320 962 1322 τ

1131 1338 1160 1368 ι
1193 1322 1528 1380 EPISTOLA
1576 1321 1712 1378 XIII.

1090 1431 1097 1459 ;
1113 1412 1181 1451 ΔΙ)
1209 1409 1441 1451 ALBINO!
1476 1407 1741 1448 ABBATEI.

1271 1465 1448 1537 (Anno
1474 1461 1623 1534 800.)

917 1559 1012 1622 (Ex
1037 1557 1289 1622 Operibus
1310 1555 1529 1616 Alcuini,
1550 1552 1680 1604 Edit.
1707 1551 1948 1616 Froben.)

697 1639 942 1708 Carolus,
975 1640 1149 1711 gratia
1174 1640 1292 1705 Dei,
1343 1654 1441 1693 rex
1472 1636 1804 1692 Francorum
1824 1676 1839 1700 ,
1867 1634 2161 1706 imperator
2184 1634 2213 1676 ι’

577 1703 580 1706 ἢ
625 1703 1106 1802 Longebardorum
1150 1747 1214 1787 ac
1250 1703 1510 1800 patricius
1535 1703 2214 1793 Romanorudeilectis-

625 1823 1072 1892 simomagistre,
1096 1822 1362 1890 nobisque
1387 1835 1511 1875 cum
1541 1833 1728 1874 amere
1766 1818 2094 1875 nominando
2117 1818 2214 1873 Al-

623 1915 755 1972 bino
779 1913 964 1970 abbati
1001 1913 1058 1972 in
1083 1911 1313 1970 Domine
1340 1919 1530 1969 nostro
1562 1908 1690 1968 Jesu
1715 1909 1932 1969 Christo
1956 1918 2216 1968 aeternam

623 2004 879 2060 salutem.

696 2094 950 2151 Pervenit
974 2095 1042 2150 ad
1068 2109 1169 2150 nos
1193 2097 1420 2166 epistola
1456 2097 1621 2151 missa
1647 2109 1679 2149 a
1702 2093 1965 2165 religione
1984 2094 2218 2164 pruden—

624 2188 716 2242 tite
738 2194 953 2252 vestrae,
989 2203 1110 2257 quae
1133 2194 1258 2257 post
1283 2187 1467 2243 laudes
1507 2195 1562 2244 et
1593 2187 1994 2244 benedictioncs
2037 2188 2216 2243 omni-

622 2279 833 2348 potenti
860 2279 970 2335 Dee
1009 2279 1239 2345 debitas,
1290 2281 1448 2336 nobis
1496 2287 1550 2336 et
1581 2281 1858 2351 progeniei
1894 2287 2093 2336 nostra:
2118 2281 2215 2336 be-

623 2368 987 2426 nedictionem
1013 2371 1304 2440 optabilem
1317 2387 1442 2426 cum
1461 2386 1672 2426 summa
1688 2370 2063 2427 benevolentia
2079 2368 2211 2452 [Al.,

622 2478 1002 2535 sunmamque
1019 2463 1471 2536 benevolentiam]
1501 2463 1710 2519 detulit.
1737 2463 1866 2519 Post
1892 2465 2009 2519 hate
2034 2471 2216 2519 textus

619 2554 767 2610 illius
802 2555 1124 2626 inquirendo
1151 2557 1471 2611 subsecutus
1499 2553 1631 2627 [Al.,
1661 2553 1957 2626 subjectus]
1983 2561 2084 2620 est,
2116 2569 2216 2609 cur

623 2645 1035 2717 Septuagesima
1062 2655 1118 2702 et
1140 2645 1506 2716 Sexagesima,
1534 2661 1636 2701 nec
1660 2661 1769 2702 non
1792 2654 1845 2702 et
1870 2645 2217 2717 Quinquage-

619 2737 760 2794 sitna
787 2739 844 2793 in
880 2740 1068 2795 ordine
1102 2754 1201 2808 per
1238 2739 1353 2794 dies
1379 2738 1676 2794 dominicos
1710 2746 1834 2793 ante
1859 2736 2218 2806 Quadragesi-

620 2845 769 2884 mam
795 2830 1027 2896 dicatur,
1055 2830 1141 2884 vel
1168 2830 1458 2885 scribatur.
1494 2829 1624 2884 Inde
1648 2836 1864 2898 arrepta
1888 2829 2099 2884 ratione
2118 2843 2217 2897 per

621 2935 846 2990 campos
869 2922 1229 2976 arithmetica:
1253 2923 1408 2988 artis,
1444 2923 1703 2994 quidquid
1729 2937 1794 2977 ex
1822 2923 1924 2978 hac
1949 2939 2011 2979 re
2035 2931 2217 2979 vestra

622 3016 793 3071 sensit
819 3016 1102 3083 industria,
1132 3031 1191 3072 se
1223 3018 1562 3072 extendendo
1588 3015 1744 3071 nobis
1782 3014 2014 3086 pleniter
2057 3016 2218 3085 signi-

2316 518 2608 588 Gregerius
2641 517 2905 574 mirabilis
2939 519 3344 589 doctor'edocet,
3366 523 3595 595 jejunaut.
3621 533 3672 590 Et
3697 539 3767 596 hoc

2315 617 2544 679 tempus,
2573 609 2698 664 licet
2747 609 2804 664 in
2844 609 2961 679 ipso
3008 611 3136 666 duo'
3156 627 3420 682 superesse
3447 617 3675 678 videantur
3693 628 3768 684 die

2313 713 2485 769 usque
2518 701 2585 754 ad
2607 708 2849 756 sanctam
2884 699 3362 771 Resurrectienem,
3403 705 3767 783 Quadragesiman

2316 793 2624 849 doctoribus
2673 802 2874 850 sanctae
2920 794 3017 851 Dei
3061 796 3307 853 Ecclesiae
3347 800 3582 856 nominari
3615 805 3766 874 placuit.

2315 883 2593 965 Religione
2615 902 2745 942 vero
2770 896 3048 944 crescente
3081 904 3113 943 a
3138 889 3448 962 Telesphore
3475 895 3692 965 pontiﬁce,
3711 903 3768 970 qui

2312 985 2436 1046 post
2459 976 2676 1032 Petrum
2703 979 3069 1047 apostolorum
3088 981 3380 1052 principem
3402 999 3554 1039 nonus
3587 987 3632 1041 in
3648 969 3770 1044 sancta
3841 969 3851 991 ’

2313 1070 2557 1126 Romana
2580 1072 2820 1127 Ecclesia
2845 1072 3060 1138 claruit,
3088 1082 3294 1145 septem
3318 1076 3621 1133 hebdomade:
3637 1080 3680 1134 in
3695 1082 3774 1137 abs-

2313 1161 2542 1216 tinentia
2586 1161 2844 1218 dedicata:
2877 1171 3037 1230 sunt;
3069 1172 3124 1220 et
3156 1165 3259 1222 hec
3283 1173 3498 1237 tempus,
3521 1183 3607 1237 quo
3625 1169 3700 1225 alio
3716 1186 3774 1226 no

2313 1254 2460 1309 mine
2484 1255 2686 1310 rectius
2722 1256 2907 1310 vocari
2935 1271 3097 1325 quam
3133 1255 3557 1328 Quinquagesima
3593 1259 3775 1317 inerdine

2315 1344 2710 1400 rationabiliter
2755 1346 3002 1402 debuerit
3029 1345 3179 1419 [Al.,
3209 1348 3419 1416 debuit;
3462 1347 3611 1415 ϐαιά,
3632 1365 3772 1414 vocare,

2314 1448 2478 1504 quam
2502 1435 3084 1508 Quinquagesimam...
3129 1437 3440 1511 debuerunt]
3465 1439 3486 1494 ἲ
3528 1439 3595 1495 Ex
3625 1440 3715 1497 hinc
3745 1450 3778 1497 et

2315 1525 2566 1596 deinceps
2590 1526 2813 1583 collecta
2844 1530 3075 1594 ratione,
3103 1529 3198 1599 qui
3223 1537 3343 1586 octo
3378 1531 3671 1588 hebdomadis
3693 1532 3778 1604 [Αι.,

2315 1615 2704 1686 hebdomadas;
2749 1619 2904 1676 Gold.
2932 1623 3118 1677 addit-
3161 1624 3781 1684 observare.studueruntSe-

2317 1709 2649 1778 xagesimam
2675 1712 2986 1786 gradatim],
3017 1713 3417 1785 Sexagesimam
3440 1717 3657 1787 gradatim
3670 1717 3782 1772 nomi-

2241 1784 2293 1848 Β
2315 1812 2599 1859 naverunt.
2639 1803 2901 1862 Similiter
2932 1784 3027 1877 qui
3067 1784 3263 1864 novem
3289 1784 3784 1879 Septuagesima,jurta

2314 1896 2594 1968 praefatam
2629 1898 2916 1965 rationem,
2948 1915 3151 1955 nomen
3180 1900 3548 1971 imposuerunt,
3579 1908 3716 1957 etnon
3743 1901 3784 1955 ob

2314 2004 2600 2045 numerum
2624 1989 2756 2062 [Αι.,
2777 1991 3021 2047 ordinem
3048 1994 3418 2067 numerorum]
3444 1995 3786 2050 hebdomadarum

2315 2079 2403 2135 vel
2429 2080 2657 2146 dierum,
2685 2082 2781 2137 sed
2807 2090 3051 2139 tenorem
3076 2084 3317 2140 nominis
3344 2084 3466 2159 [Al.,
3492 2084 3700 2157 numeris]
3717 2100 3788 2139 ser-

2316 2180 2505 2228 vantes
2541 2173 2658 2228 haec
2684 2175 2905 2230 nomina
2938 2188 3270 2232 censuerunt
3291 2177 3417 2249 [Al.,
3437 2175 3786 2248 eomposuenmt].

2316 2259 2496 2330 velut,
2526 2265 2572 2319 si
2596 2265 2689 2334 qui
2724 2281 2868 2320 nunc
2893 2263 3152 2334 fuissent,
3196 2269 3290 2338 qui
3315 2268 3557 2325 decimam
3586 2268 3789 2323 hebdoma-

2317 2357 2440 2412 dam
2483 2358 2682 2413 addere
2713 2373 2814 2429 pro
2848 2359 3031 2430 aliqua
3070 2360 3226 2430 justa
3257 2364 3459 2418 ratione
3496 2361 3737 2424 voluissent,
3759 2365 3790 2413 et

2314 2455 2537 2517 propter
2564 2464 2851 2506 numerum
2868 2452 3332 2509 hebdomadarum
3357 2453 3690 2524 dccagesimam
3707 2448 3791 2523 [Αιιν
3892 2517 3893 2520 η

2317 2539 2844 2612 Decimagesimam],
2895 2558 3004 2610 seu,
3017 2543 3265 2614 quolibet
3291 2545 3393 2602 alio
3417 2545 3621 2608 nomine,
3640 2542 3794 2610 velpro-

2314 2638 2438 2701 pter
2462 2647 2746 2688 numerum
2771 2634 2981 2690 dierum
3021 2635 3498 2709 Septuagesimam,
3534 2635 3605 2690 vel
3624 2641 3795 2698 odoace-

2315 2722 2512 2777 simam
2530 2762 2544 2788 ,
2573 2724 2762 2778 ordine
2792 2733 3009 2782 servate
3056 2727 3458 2793 vocabulorum,
3492 2723 3671 2780 tramite
3700 2727 3795 2776 rem

2314 2815 2587 2885 pergende
2613 2831 2924 2887 nuncupare
2961 2819 3295 2876 debuissent.

2389 2932 2524 2999 Quia
2551 2923 2734 3002 igitur,
2763 2935 2934 3004 gratia
2960 2936 3142 2991 divina
3193 2919 3500 3007 opitulante,
3545 2940 3674 3004 prout
3695 2927 3797 2983 nouis

2317 3026 2494 3081 visum
2532 3027 2653 3093 fuit,
2679 3029 2744 3085 de
2765 3031 2984 3086 nomine
3016 3029 3440 3102 Septuagesimre
3464 3038 3513 3086 et
3534 3024 3801 3095 Sexagesima!

596 3114 598 3117 '
619 3107 789 3202 ﬁcare
815 3107 1022 3162 studuit
1057 3106 1190 3180 [Al.,
1218 3107 1454 3180 statuit].
1517 3107 1624 3163 Sed
1664 3109 1789 3164 dum
1840 3124 1995 3164 mens
2027 3118 2212 3166 nostra
2241 3135 2292 3202 α
2321 3114 2454 3188 [ΛΙ.,
2484 3116 2962 3192 Quadragesimze],
2993 3135 3056 3175 ac
3083 3120 3555 3192 Quinquagesimae,
3581 3128 3664 3173 tua:
3683 3112 3802 3170 chari-

597 3196 730 3253 ‘huc
764 3197 999 3268 illucque
1019 3198 1364 3264 discurreret,
1395 3199 1582 3255 solerti
1604 3199 1948 3272 indagatiene
1971 3201 2219 3258 conside-
2254 3196 2291 3202 “
2320 3205 2416 3257 tati
2443 3207 2778 3275 scripsimus,
2808 3224 2952 3264 nunc
2978 3209 3117 3279 style
3159 3219 3501 3280 percurrente
3522 3209 3580 3265 de
3599 3208 3805 3264 observan-

622 3289 883 3357 ravimus,
912 3306 1021 3346 non
1049 3291 1224 3347 solum
1249 3290 1392 3346 infra
1419 3289 1551 3365 [Al.,
1593 3291 1758 3365 intra]
1805 3293 2154 3364 praescriptos
2184 3309 2216 3349 a

623 3381 778 3436 vobis
804 3381 936 3447 dies,
969 3383 1064 3438 sed
1085 3383 1248 3438 etiam
1274 3398 1372 3454 per
1409 3384 1650 3454 singulas
1691 3385 2077 3451 hebdomadas,
2117 3401 2218 3442 nec

609 3475 733 3524 'non
758 3478 812 3526 et
835 3487 932 3541 per
958 3479 1132 3528 totum
1166 3473 1295 3528 anni
1322 3474 1510 3531 circuli
1536 3473 1740 3546 [Gold.,
1783 3475 2069 3548 circulum]
2095 3491 2220 3546 spa-

598 3557 759 3614 tium
787 3559 965 3633 [Gold.
1008 3580 1111 3617 om.
1151 3562 1444 3636 spatium],
1495 3579 1595 3634 per
1621 3565 1903 3621 intervalla
1957 3567 2216 3639 horarum

623 3668 688 3708 ac
712 3661 1036 3722 punctorum
1061 3670 1156 3711 seu
1194 3663 1631 3723 momentorum;
1665 3657 1924 3727 mysteria
1965 3671 2219 3712 numero-

621 3759 744 3798 rum
772 3761 928 3816 posse
952 3747 1020 3801 ab
1045 3747 1132 3801 his
1160 3747 1253 3816 qui
1278 3745 1440 3815 hujus
1465 3748 1600 3802 artis
1639 3747 1832 3818 peritia
1875 3746 2067 3802 imbuti
2092 3753 2219 3801 sunt

623 3837 868 3906 reperiri.
913 3838 1066 3892 Unde
1113 3839 1241 3906 quia
1287 3846 1395 3894 tuae
1443 3837 1698 3893 charitati
1747 3838 1950 3907 placuit
1974 3845 2218 3894 nostram

625 3929 862 3995 regalem
901 3929 1079 3981 aulam
1119 3929 1221 3984 hac
1251 3931 1318 3985 de
1341 3945 1402 3984 re
1429 3929 1732 3995 consulere,
1786 3929 2046 3999 quidquid
2093 3929 2220 3984 inde

623 4016 789 4068 sentit
815 4015 947 4085 [Al.,
987 4017 1178 4088 sensit]
1232 4027 1417 4076 nostra
1452 4020 1737 4085 serenitas,
1791 4035 2042 4076 sermone
2077 4035 2219 4075 com-

624 4104 821 4159 matico
864 4105 962 4162 tibi
1004 4106 1314 4178 patefacere
1354 4126 1466 4166 non
1510 4125 1773 4182 negamus
1809 4109 1953 4183 [AI.,
1993 4113 2218 4182 negavi-

623 4191 791 4265 mus].
1456 4220 1462 4225 τ

695 4288 958 4358 Exigentc
982 4289 1151 4359 igitur
1165 4289 1534 4360 inquisitione,
1560 4302 1616 4345 et
1632 4294 2061 4352 consideratione
2079 4312 2220 4367 quaa-

625 4381 851 4435 rendum
879 4388 982 4446 est,
1023 4397 1122 4437 cur
1145 4381 1272 4454 [Al.,
1300 4385 1661 4450 considerata,
1698 4399 1836 4451 cur;
1877 4385 2056 4455 Gold.,
2087 4405 2219 4444 con-

2318 3293 2393 3347 tia
2420 3303 2474 3349 et
2499 3296 2648 3351 cultu
2676 3298 2869 3353 harum
2906 3299 3413 3376 (hebdomadarum)
3455 3302 3592 3372 juxta
3612 3295 3803 3368 capacita-

2317 3389 2426 3436 tem
2474 3381 2678 3455 [Gold.,
2709 3387 3090 3462 sagacitatem]
3129 3407 3327 3448 sensus
3361 3392 3519 3448 nostri
3542 3389 3622 3443 tibi
3640 3379 3805 3436 scribere

2317 3478 2644 3536 curavimus.
2676 3480 3133 3554 Quinquagesima
3160 3503 3296 3539 vero
3319 3488 3436 3534 ideo
3468 3478 3660 3541 dicitur.
3687 3471 3806 3529 θεοδ-

2316 3577 2564 3623 servatur
2584 3587 2612 3618 a
2632 3572 2998 3631 nonnullisﬁlt
3018 3573 3072 3621 et
3095 3567 3338 3623 decimas
3354 3569 3564 3632 dierum,
3574 3563 3804 3636 jejunando,

2315 3653 2673 3722 omnipotenti
2697 3651 2808 3709 Deo
2832 3652 3030 3710 oﬂ'erre
3052 3654 3290 3722 valeant,
3320 3665 3374 3712 et
3398 3657 3578 3712 imitari
3599 3654 3805 3713 Dominum

2316 3732 2575 3800 nostrum.
2613 3742 2797 3798 Jesum
2843 3742 3141 3812 Christum,
3198 3749 3293 3818 qui
3323 3747 3643 3818 quadraginta
3677 3745 3807 3800 diebus

2310 3832 2578 3904 jejunium
2622 3834 3062 3904 sacratissimum.
3077 3839 3346 3909 implevit.
3383 3840 3426 3895 A
3452 3836 3808 3908 Quinquagcsiun

2315 3944 2553 4001 namque
2575 3942 2748 3998 usque
2799 3930 2856 3986 in
2881 3929 3088 3986 Pascha
3127 3942 3340 4004 septem
3379 3932 3683 3990 hebdomade
3709 3932 3806 3988 sunt.

2319 4035 2439 4091 quae
2474 4019 2679 4075 faciunt
2727 4020 2842 4078 dies
2889 4022 3330 4093 quinquaginta:
3369 4043 3434 4082 ex
3465 4026 3635 4097 quibus
3674 4021 3709 4076 si
3727 4028 3810 4074 octo

2319 4107 2434 4167 dies
2460 4112 2756 4168 dominicas
2805 4114 3160 4181 subtraxeris,
3188 4117 3246 4171 in
3282 4118 3473 4188 quibus
3503 4114 3720 4188 jejunium
3740 4122 3808 4164 non

2317 4200 2446 4258 licet
2492 4203 2814 4270 observare,
2845 4215 3127 4262 remanent
3161 4210 3512 4281 quadraginta
3548 4208 3637 4262 duo
3656 4205 3754 4267 dies,
3778 4207 3811 4252 et

2319 4295 2375 4352 hi
2402 4297 2508 4352 duo
2545 4296 2679 4364 dies,
2710 4299 2897 4368 quinta
2935 4299 3137 4374 [Gold.,
3168 4312 3344 4371 sexta,
3368 4301 3612 4374 mendose]
3636 4296 3810 4354 videlicet

2319 4397 2373 4444 et
2399 4391 2627 4460 septima
2660 4389 2814 4458 feria,
2849 4395 2942 4463 qui
2969 4397 3460 4468 quadragenarium
3491 4408 3727 4454 numerum
3751 4403 3811 4444 81-

625 4469 860 4525 siderata
890 4472 1101 4528 ratione
1125 4473 1245 4547 cur]
1274 4475 1365 4529 alii
1389 4490 1503 4540 sex,
1552 4475 1644 4531 alii
1669 4485 1896 4547 septem,
1950 4481 2046 4536 alii
2066 4489 2211 4550 octo,
2239 4480 2296 4548 υ
2317 4484 2533 4549 cedunt,
2558 4485 2699 4554 apud
2719 4488 2980 4554 quosdam
2995 4486 3203 4560 jejunio
3222 4490 3560 4556 dedicantur;
3580 4485 3693 4558 apud
3708 4491 3812 4551 αυοεν

625 4561 870 4617 nonnulli
891 4578 1021 4621 vero
1054 4579 1248 4621 novem
1274 4567 1580 4622 abstineant
1612 4569 2011 4628 hebdomadas?
2044 4573 2219 4646 Argu-

625 4660 870 4708 mentum
905 4670 1096 4711 sensus
1117 4657 1288 4712 nostri
1314 4665 1422 4712 tuae
1449 4658 1803 4716 familiaritati
1852 4677 1950 4732 per
1970 4665 2070 4720 hos
2097 4667 2215 4736 api-

627 4758 720 4798 ces
752 4745 1057 4814 signiﬁcare
1093 4748 1390 4802 studemus.
1457 4746 1559 4816 Qui
1597 4752 1740 4807 enim
1790 4752 1944 4828 [Cod.
1996 4773 2094 4810 ms.
2151 4757 2213 4813 S.

627 4832 969 4900 Emmerami,
999 4835 1154 4903 Quod
1176 4837 1256 4892 sic
1278 4838 1592 4895 solvendum
1624 4850 1732 4908 est;
1783 4845 1875 4912 qui
1913 4846 2080 4918 enim]
2119 4862 2216 4902 sex

625 4925 991 4983 hebdomadas
1015 4929 1363 4986 observantes
1388 4949 1446 4987 se
1467 4935 1806 4992 abstinentiae
1827 4941 2063 5006 tradunt,
2095 4942 2217 4996 sub-

627 5020 818 5076 tractis
868 5035 964 5075 sex
1025 5020 1213 5076 diebus
1281 5024 1564 5082 dominicis
1613 5027 1670 5081 in
1719 5031 1912 5099 quibus
1965 5031 2213 5104 jejunare

627 5109 850 5164 minime
873 5110 1018 5175 licet,
1048 5111 1284 5168 decimas
1329 5116 1538 5172 dierum
1565 5119 1754 5176 dantes
1782 5121 1984 5194 [Gold.,
2026 5127 2214 5183 dantes

701 5253 737 5326 ειν
770 5241 1027 5326 Epicteto}:
1070 5244 1213 5301 Edit.
1247 5248 1587 5326 quercetani,
1614 5269 1736 5323 pag.
1766 5255 1923 5308 1M7.
1952 5256 2050 5311 Hic
2068 5272 2214 5314 eam-

631 5311 751 5394 dem
779 5313 1191 5394 castigatiorem
1204 5311 1518 5394 erhibemus
1547 5311 1806 5380 eis-Cedd.
1850 5327 2042 5381 Salisb.
2075 5311 2207 5384 αξ.

629 5378 955 5468 Ifirn‘meranii
964 5385 1142 5468 ,ἔξω
1159 5391 1225 5468 de
1238 5391 1636 5468 septuagesima
1647 5378 1934 5468 epistolam
1946 5378 2209 5468 scriptam

631 5464 751 5535 esse
775 5467 936 5535 "anne
978 5455 1079 5535 798
1129 5455 1399 5530 existimo,
1437 5455 1542 5535 quo
1586 5455 1749 5520 etiam
1777 5467 2037 5523 Alcuinus
2063 5455 2211 5528 'huic

631 5518 1398 5610 Cereliﬂepistelzelespondit'
1421 5518 1535 5610 9'9?
1562 5518 1871 5610 epistolam-
1885 5518 2208 5610 Ee‘iﬁeniiéixi

908 5597 1046 5682 edit.
1076 5586 1510 5682 Ιῗςοιῖλξόἶί]

634 5672 726 5748 Et:
737 5675 805 5748 re‘
826 5672 1140 5748 inquirendi
1169 5677 1512 5748 praebuerunt
1526 5672 1653 5744 'ejus
1678 5672 1947 5748 discipuli,
1981 5699 2000 5730 ι
2021 5699 2206 5739 eorum

634 5733 766 5790 tunc
791 5733 1094 5809 temporum
1118 5733 1496 5809 convenientia
1519 5733 1758 5809 eicitati.
1792 5733 1984 5835 {Ergo
2008 5733 2208 5824 senii};

2322 4575 2446 4630 dam
2476 4575 2531 4629 in
2554 4576 2901 4632 veneratione
2924 4577 3056 4650 [Al.,
3083 4578 3416 4654 refectione]
3440 4587 3638 4653 propter
3657 4575 3812 4633 Cinnam

2320 4667 2656 4722 Dominicam
2671 4674 2725 4722 et
2753 4675 3000 4724 sanctum
3028 4669 3332 4728 Sabbatum
3355 4673 3624 4730 habentur.
3650 4667 3813 4730 Scias?“

2319 4759 2455 4816 sima
2498 4770 2698 4830 autem,
2751 4770 2811 4818 ut
2852 4765 3216 4831 aestimamus,
3253 4775 3536 4838 propterea
3554 4768 3596 4838 ζει
3620 4752 3814 4817 nonnullis

2319 4853 2656 4918 observatur,
2689 4861 2751 4908 ut
2783 4860 2837 4909 et
2874 4855 3111 4911 decimas
3133 4857 3345 4913 dierum
3382 4856 3612 4928 corporis
3630 4853 3696 4909 sui
3717 4843 3812 4920 [Ain

2318 4945 2634 5011 corporibus
2670 4944 2816 5018 suis]
2855 4947 3209 5016 omnipotenti
3255 4950 3369 5006 Deo
3405 4951 3531 5006 dare
3565 4943 3755 5017 possint.
3779 4940 3813 4987 εί

2315 5034 2602 5090 Dominum
2625 5045 2869 5092 nostrum
2889 5037 3072 5094 Jesum
3096 5038 3374 5096 Christum
3401 5041 3457 5108 in
3478 5022 3814 5110 quadragenario

2314 5139 2542 5182 numero
2561 5127 2927 5195 particulatim
2941 5128 3234 5201 jejunando
3257 5131 3482 5200 imitari,
3499 5138 3550 5188 et
3562 5137 3615 5185 ut
3630 5124 3812 5198 primm.

2312 5265 2417 5321 fuit
2464 5266 2568 5322 ista
2595 5267 2825 5337 epistola
2861 5277 3105 5339 tempore
3135 5270 3551 5390 beptuagesimae
3577 5260 3678 5329 ejus

2383 5337 2413 5378 ι)
2453 5335 2768 5390 Imperator.
2808 5339 2959 5390 Hanc
2979 5355 3166 5390 vocem
3200 5351 3309 5390 non
3379 5337 3537 5390 abem
3559 5330 3701 5390 Cedd.
3721 5336 3813 5381 ωδεο

2383 5337 2413 5378 b
2453 5330 2768 5407 Imperator.
2808 5339 2959 5398 Hanc
2972 5330 3166 5397 .vocem
3200 5330 3309 5391 non
3341 5330 3537 5392 habent
3559 5330 3814 5407 Ωοᾱᾱκιιξεξ-

2315 5406 2510 5462 Salisb.
2539 5391 2599 5461 et
2617 5391 3248 5477 san-Emmeramianus;
3286 5423 3389 5463 nec
3406 5391 3810 5477 exstatapudﬁd

2312 5477 2523 5532 dastum
2541 5517 2556 5541 ,
2603 5476 2696 5544 qui
2729 5477 2868 5533 hanc
2904 5477 3184 5546 epistolam
3224 5479 3394 5534 edidit
3432 5476 3694 5533 Constitui.
3722 5476 3814 5546 11W

2310 5554 2443 5603 tom.
2481 5536 2566 5614 Ili,
2593 5536 2876 5618 pagtt57.
2903 5536 3182 5605 omittitur
3215 5563 3432 5618 quoque
3455 5549 3506 5603 in
3529 5546 3703 5602 Chron.
3724 5536 3803 5591 Cen

2312 5618 2526 5684 tulensi,
2553 5617 2693 5690 apud
2716 5617 2963 5689 Pouget.,
2994 5635 3114 5690 pag.
3145 5617 3264 5684 62$,
3286 5617 3402 5675 net.
3426 5635 3485 5690 a.
3502 5619 3564 5672 Et
3578 5617 3708 5690 bene,
3727 5617 3812 5690 ll???

2311 5690 2436 5760 data
2474 5697 2557 5744 est
2585 5683 2702 5760 hac
2747 5683 2970 5758 epistola
2994 5683 3287 5760 antequam
3334 5689 3553 5744 Carolus
3586 5683 3808 5760 imperator

2309 5757 2499 5820 fuisset
2533 5754 2852 5831 declaratus,
2885 5771 2944 5819 ut
2967 5754 3198 5832 diximus
3217 5763 3274 5831 in
3297 5769 3414 5823 not.
3436 5754 3768 5824 antecedente,

3891 92 3893 148 l

3892 149 3893 192 1
