3996 6320
185 251 297 311 913

1644 191 2051 295 ηιέτοωέ

3343 234 3450 292 914

185 363 272 421 vel
293 361 546 435 quintam
566 350 758 417 feriam
780 366 826 413 α
851 327 1068 427 ἱείιιιίό
1084 325 1552 412 ἓὰδίιέεπιεαιιι.
1594 346 1643 403 Α
1666 345 1766 403 Se-

1873 346 2096 419 sapienti
2119 346 2309 420 paucis
2345 319 2606 402 utendum
2638 343 2710 400 sit
2731 343 2929 411 verbis,
2966 346 3042 399 ita
3078 350 3134 400 et
3157 358 3256 402 nos
3291 359 3452 403 versa

184 455 466 525 xagesima
499 451 701 524 quippe
739 462 913 519 usque
951 449 1009 504 in
1040 454 1290 505 sanctum
1331 444 1473 501 diem
1507 442 1771 500 Resurre—

181 546 384 602 ctiouis
417 543 713 600 Dominicae
739 548 865 598 octo
901 539 1250 596 hebdomadas
1279 541 1405 592 sunt
1418 575 1435 602 ,
1479 549 1548 590 ex
1574 532 1772 604 quibus

177 639 231 695 si
255 639 324 695 de
343 636 573 708 singulis
597 634 1023 694 hebdomadibus
1056 632 1290 704 primam
1317 636 1372 686 et
1403 626 1648 698 quintam
1689 624 1773 682 ie-

179 731 324 788 riam
357 731 716 798 subtraxeris,
751 737 806 786 et
829 730 1010 801 ipsum
1051 727 1195 784 diem
1239 731 1486 782 sanctum
1526 722 1770 789 Paschte,

176 824 542 894 quadraginta
584 830 796 880 tantum
844 821 959 878 dies
1006 825 1290 876 remanent
1327 818 1384 874 in
1419 815 1770 873 abstinentia.

178 914 509 972 Melchiades
533 930 664 971 vero
693 915 912 971 natione
935 911 1085 978 Afer.
1104 911 1190 968 vir
1205 925 1302 982 per
1317 909 1498 966 omnia
1523 905 1775 979 apostoli-

175 1023 296 1072 cus,
315 1007 626 1063 tricesimus
647 1015 871 1077 quartus
888 1013 1016 1078 post
1026 1012 1272 1060 sanctum
1285 1003 1527 1068 Petrum,
1545 1000 1632 1057 cui
1652 1014 1775 1056 suc-

175 1099 348 1155 cessit
372 1099 565 1153 beatus
589 1097 864 1169 Sylvester
889 1097 959 1156 .in
991 1095 1247 1152 cathedra
1276 1092 1408 1166 [Al.,
1436 1088 1774 1162 cathedram]

175 1189 492 1261 apostolicae
515 1188 824 1260 dignitatis;
863 1188 954 1244 hic
981 1185 1262 1243 constituit
1292 1191 1353 1239 ut
1372 1183 1520 1238 nulla
1542 1181 1773 1250 ratione,

176 1280 235 1334 in
267 1280 446 1349 prima
473 1278 558 1334 vel
585 1279 775 1348 quinta
804 1277 962 1343 feria,
982 1276 1248 1347 jejunium
1283 1277 1404 1346 quis
1433 1276 1500 1332 de
1523 1273 1772 1330 fidelibus

173 1386 345 1442 agere
385 1378 740 1441 praesumeret
775 1381 825 1424 ει.
873 1367 1010 1423 Nam
1043 1383 1140 1424 cur
1175 1368 1232 1421 in
1255 1366 1429 1437 prima
1470 1364 1605 1420 feria
1635 1361 1775 1432 jeju-

172 1463 330 1517 nium
369 1462 488 1531 ipso
521 1459 772 1516 tradente
805 1459 1080 1526 solvatur,
1114 1473 1224 1514 non
1258 1465 1342 1513 est
1371 1454 1665 1512 necessitas
1689 1460 1773 1508 te-

172 1554 357 1611 xendo
383 1555 667 1624 replicare.
702 1555 960 1622 Quintam
984 1569 1116 1610 vero
1139 1551 1391 1608 arbitrati
1419 1565 1625 1607 sumus.
1651 1563 1774 1618 pro-

170 1654 299 1716 pter
348 1659 543 1714 magna
572 1645 830 1716 mysteria
865 1659 988 1716 quae
1021 1644 1078 1700 in
1101 1660 1165 1700 ea
1196 1644 1568 1707 continentur,
1605 1641 1673 1697 ab
1706 1655 1772 1696 eo

171 1714 434 1792 solutam.
459 1737 518 1791 in
548 1714 663 1807 in
683 1714 917 1806 namque
946 1744 1194 1792 sanctum
1217 1737 1452 1792 chrisma
1480 1735 1767 1790 conficitur
1795 1714 1845 1777 Β

169 1832 241 1884 ad
263 1828 562 1884 abluendas
584 1829 752 1884 totius
768 1828 956 1884 mundi
977 1829 1169 1898 primae
1187 1826 1410 1897 originis
1431 1826 1614 1896 culpas
1630 1825 1763 1898 [Αι.,

169 1918 572 1974 abluendam...
597 1915 846 1991 culpam]
873 1935 889 1985 ;
928 1918 984 1973 in
1014 1918 1130 1988 ipsa
1164 1919 1532 1974 reconciliatio
1565 1919 1625 1973 fit
1649 1933 1767 1987 pte-

169 2011 496 2077 nitentium;
525 2010 581 2066 in
599 2011 715 2080 ipsa
735 2011 1065 2081 Redemptor
1085 2010 1326 2067 omnium
1351 2010 1613 2066 cantando
1629 2008 1762 2080 [ΑΙ.,

170 2109 477 2178 redptio
498 2109 742 2164 omnium
773 2105 1065 2179 caenando]
1102 2121 1226 2162 cum
1256 2104 1533 2174 discipulis
1568 2117 1763 2173 panem

167 2197 356 2268 fregit,
382 2208 437 2255 et
458 2199 684 2256 calicem
708 2199 914 2270 pariter
944 2199 1090 2256 dedit
1121 2197 1208 2254 'eis
1231 2196 1260 2237 δ
1296 2199 1352 2252 in
1385 2197 1612 2266 ﬁguram
1645 2209 1767 2251 cor-

166 2293 320 2363 poris
337 2301 396 2348 et
420 2295 698 2364 sanguinis
719 2295 823 2361 sui,
847 2293 1112 2364 nobisque
1139 2291 1482 2363 profuturum
1508 2305 1763 2360 magnum

168 2387 424 2443 exhibuit
458 2396 857 2444 sacramentum
901 2387 1152 2460 (Mutila,
1186 2403 1311 2442 xxvi
1331 2427 1346 2453 ,
1383 2387 1484 2453 26,
1511 2385 1636 2458 27).
1684 2385 1764 2442 Eo

167 2481 425 2537 videlicet
448 2482 554 2550 die,
577 2489 702 2552 post
732 2481 904 2537 multa
935 2482 1226 2554 mysteria),
1255 2481 1400 2536 Deus
1425 2487 1480 2536 et
1505 2479 1764 2534 Dominus

167 2581 358 2628 noster
392 2571 552 2629 Iesus
584 2572 866 2639 Christus,
893 2572 1203 2629 videntibus
1242 2571 1444 2628 sanctis
1486 2569 1764 2640 discipulis

165 2665 302 2730 suis,
327 2663 566 2736 gloriosa
595 2665 913 2721 ascensione
937 2664 1105 2721 caelos
1123 2663 1426 2734 penetravit
1441 2661 1592 2734 (Luc.
1608 2675 1761 2728 xxiv,

166 2753 258 2820 5i;
295 2755 416 2809 Act.
445 2769 464 2808 1
483 2794 499 2820 ,
533 2753 622 2825 9).
672 2755 780 2811 Sed
819 2770 889 2810 ne
921 2754 1124 2810 diutius
1157 2769 1335 2810 sermo
1367 2753 1758 2824 protrahatur;

166 2845 340 2900 multa
368 2853 422 2901 te
451 2845 650 2916 legisse
680 2847 748 2904 de
771 2846 874 2903 hac
895 2845 1236 2902 solemnitate
1259 2847 1315 2901 in
1341 2852 1653 2902 sanctorum
1679 2859 1766 2900 ve-

167 2936 493 2994 nerabilium
521 2937 949 2994 orthodoxorum
969 2936 1192 2992 Patrum
1226 2937 1383 2992 dictis
1414 2951 1523 2991 non
1555 2935 1766 3005 ignora-

167 3043 309 3084 mus.
376 3027 785 3100 Septuagesima
840 3022 1099 3102 denique,
1146 3038 1207 3086 ut
1229 3031 1581 3111 aestimamus,
1629 3042 1762 3098 pro-

1787 3076 1839 3146 ο

1871 442 1990 498 vice
2011 441 2200 512 paucis
2225 454 2396 512 pauca
2422 438 2813 508 rescripsimus.
2842 437 2996 506 Quod
3020 444 3202 492 autem
3230 453 3453 506 usurpa-

1871 537 1972 593 stis
1998 536 2161 592 verba
2182 533 2562 604 reginaeSabae
2579 533 2647 588 ad
2670 531 3014 588 Salomonem
3035 532 3102 586 de
3120 529 3456 585 beatitudine

1871 643 2149 686 servorum
2174 630 2266 699 qui
2296 627 2450 683 nobis
2479 627 2768 692 assistunt,
2813 635 2867 681 et
2903 624 3128 680 audiunt
3158 623 3324 678 verba
3367 637 3452 679 sa-

1871 719 2089 790 pientite
2114 727 2330 783 nostrae,
2359 718 2405 772 si
2424 718 2527 772 hoc
2549 731 2738 770 verum
2761 714 2877 770 fore
2900 714 3068 779 scitis,
3095 712 3294 778 venite,
3317 711 3458 767 assi-

1873 812 2020 878 stite,
2034 811 2213 868 audite
2228 817 2282 865 et
2300 810 2505 880 pariter
2527 809 2582 863 in
2597 808 2824 863 Domino
2845 807 2899 861 in
2918 805 3088 876 pratis
3102 805 3457 860 vernantibus

1867 903 2135 959 varietate
2171 901 2362 958 florum
2394 899 2796 970 Seripturarum
2826 897 3189 968 jucundantes
3224 893 3460 952 delecte-

1873 1010 2016 1051 mur.

2406 1059 2742 1118 EPISTOLA
2779 1059 2920 1116 XIV.

2300 1149 2368 1189 AD
2433 1148 2660 1198 QUINQUE
2718 1147 3015 1188 EPISCOPOS.

2188 1205 2264 1261 De
2308 1207 2479 1259 aratia
2529 1204 2842 1274 septiformis
2889 1201 3120 1272 Spiritus

2487 1297 2662 1368 (Anno
2701 1295 2850 1366 800.)

2302 1387 2506 1450 (Habill.
2542 1388 2724 1438 Vetera
2749 1385 3024 1447 Analecta.)

1943 1470 2168 1527 Carolus
2209 1470 2389 1524 divina
2443 1467 2814 1523 misericordia
2866 1481 2963 1522 rex
3021 1467 3354 1524 Francorum
3406 1473 3463 1524 et

1867 1563 2345 1635 Langobardorum
2405 1577 2470 1616 ae
2535 1547 2794 1630 patricius
2844 1560 3210 1616 Romanorum
3241 1601 3256 1626 ,
3311 1560 3464 1618 Hiltic

1871 1655 2030 1712 baldo
2098 1653 2484 1728 (Coloniensi),
2558 1653 2894 1723 Maginharto
2953 1652 3418 1724 (Rothomagensi)
3441 1691 3461 1721 ,

1871 1748 2046 1820 Agino
2073 1746 2480 1821 (Bergomensi),
2506 1745 2759 1800 Gerhoho
2787 1745 3148 1816 (Eisterensi),
3176 1744 3463 1801 llartricho

1873 1839 2205 1913 (Tolosauo),
2245 1839 2447 1894 sanctis
2471 1838 2759 1908 episcopis.

1937 1933 2153 1988 Gratias
2179 1932 2388 2003 agimus
2414 1931 2690 1985 sanctitati
2725 1937 2940 1996 vestrm,
2976 1931 3102 1999 quia
3137 1929 3204 1983 ad
3237 1928 3465 1983 familia-

1865 2025 1998 2081 riter
2022 2041 2054 2079 a
2075 2025 2233 2079 nobis
2270 2025 2601 2094 interrogata
2639 2022 2905 2076 familiare
2939 2023 3096 2077 nobis
3145 2034 3464 2090 responsum

1865 2115 1996 2171 dare
2012 2115 2294 2170 voluistis:
2325 2123 2381 2169 et
2402 2129 2534 2194 .quce
2559 2113 2842 2170 eharitatis
2869 2113 3128 2167 instinctu
3163 2120 3358 2166 vestra:
3381 2111 3466 2166 di-

1863 2207 2083 2265 lectioni
2134 2207 2286 2262 fuere
2319 2206 2616 2277 proposita,
2663 2204 2854 2260 eadem
2891 2205 3132 2259 dictante
3174 2204 3463 2268 charitate,

1858 2287 2014 2359 iuxta
2048 2294 2191 2366 quod
2227 2296 2380 2351 vobis
2415 2297 2592 2350 visum
2635 2301 2737 2360 est,
2779 2301 2906 2350 sunt
2939 2294 3094 2348 nobis
3135 2295 3340 2363 absque
3377 2305 3465 2348 re-

1863 2389 2188 2445 tractatione
2215 2389 2406 2444 soluta.
2438 2388 2545 2444 Sed
2586 2389 2774 2459 ipsius,
2803 2405 2923 2459 qua:
2964 2405 2995 2443 a
3032 2396 3213 2444 vestra
3257 2388 3466 2444 sancti-

1865 2486 1978 2536 tate
2009 2480 2167 2537 nobis
2205 2478 2331 2536 data
2358 2488 2461 2547 est,
2502 2480 2870 2550 responsionis
2903 2479 3038 2535 ordo
3074 2479 3360 2542 videndus,
3408 2485 3466 2533 et

1864 2573 2005 2646 apud
2031 2582 2265 2630 vestram
2282 2571 2627 2628 dilectionem
2649 2573 2910 2628 intimi-in
2931 2587 2994 2628 ea
3017 2587 3207 2627 sensus
3229 2571 3466 2626 medulla

1862 2665 2243 2738 perquirenda,
2266 2671 2328 2719 ut
2355 2670 2410 2719 et
2432 2664 2666 2735 qualitas
2691 2670 2890 2719 nostra:
2914 2662 3356 2734 interrogationis
3375 2676 3468 2732 ap-

1863 2766 2079 2830 pareat,
2109 2765 2162 2813 et
2186 2755 2377 2814 modus
2403 2764 2600 2815 vestrae
2644 2756 3012 2827 responsionis
3046 2755 3319 2826 patentius
3345 2754 3465 2808 elu-

1864 2859 2065 2910 cescat.
2094 2851 2280 2907 Sancti
2315 2850 2516 2905 etenim
2553 2848 2741 2904 Patres
2773 2848 2897 2918 qui,
2937 2855 2998 2903 ut
3031 2845 3244 2903 Veteris
3270 2845 3466 2900 Testa-

1863 2947 2034 3003 menti
2082 2947 2223 3002 serie
2266 2944 2498 3016 legitur,
2541 2943 2610 2998 ab
2657 2942 2812 2998 initio
2849 2942 2962 2997 Deo
3000 2940 3278 3011 placentes
3325 2939 3465 2994 hanc

1865 3037 2135 3104 ultimam,
2179 3035 2274 3092 sed
2327 3033 2530 3090 Christi
2579 3032 2815 3088 adventu
2856 3030 3229 3087 felicissimam
3277 3029 3466 3085 saeculi

166 3126 356 3188 pterea
379 3121 448 3178 ab
469 3122 741 3192 aliquibus
764 3123 1103 3190 observatur,
1127 3132 1185 3178 ut
1216 3132 1271 3180 et
1292 3123 1528 3180 decimas
1552 3123 1763 3178 dierum
1788 3119 1839 3146 "
1867 3135 2084 3184 aetatem
2107 3126 2378 3199 probitate
2403 3140 2617 3181 morum
2642 3131 2697 3178 et
2722 3123 3043 3178 meritorum
3067 3119 3468 3191 multiplicitate

167 3211 280 3266 Deo
308 3211 445 3285 [A!.,
471 3213 722 3287 Domino]
751 3217 883 3271 dare
904 3223 1137 3286 queant;
1168 3222 1222 3271 et
1242 3215 1419 3286 prima
1444 3214 1530 3271 vel
1553 3214 1761 3284 quinta,

164 3321 268 3360 nec
292 3321 404 3362 non
432 3315 487 3363 et
511 3308 739 3378 septima
764 3308 904 3364 feria
919 3307 1190 3380 jejunium
1215 3309 1426 3365 solvere
1453 3306 1657 3381 [Gold.,
1675 3306 1767 3362 ob-

163 3408 410 3462 servare,
426 3397 693 3471 mendose]
714 3399 942 3469 possint.
957 3399 1004 3454 A
1028 3399 1436 3470 Septuagesima
1450 3414 1580 3455 vero
1595 3412 1768 3468 usque

165 3485 222 3538 in
237 3482 474 3549 Pascha,
502 3503 694 3544 novem
719 3491 1068 3546 hebdomadas
1107 3501 1253 3557 sunt,
1279 3505 1398 3560 qum
1423 3489 1629 3545 faciunt
1651 3489 1768 3546 dies

165 3575 456 3645 sexaginta
487 3581 720 3644 quatuor
744 3571 948 3647 [Gold.,
979 3580 1136 3647 tres],
1169 3596 1201 3636 e
1223 3580 1440 3646 quibus,
1467 3581 1513 3635 si
1545 3581 1612 3635 de
1631 3595 1767 3635 una-

164 3681 393 3738 quaque
436 3667 774 3722 bebdomada
812 3673 926 3722 tres
954 3667 1211 3737 praefatos
1247 3668 1580 3726 subtraxeris
1615 3671 1731 3727 dies
1747 3713 1764 3740 ,

165 3767 223 3814 et
259 3757 580 3814 Paschalem
625 3757 1052 3814 sacratissimum
1068 3799 1084 3824 ,
1133 3759 1354 3828 triginta
1384 3775 1479 3816 sex
1523 3763 1580 3818 in
1605 3764 1768 3820 absti-

1866 3225 2282 3290 praecesserunt,
2297 3216 2472 3273 sancti
2496 3215 2731 3286 Spiritus
2751 3215 2981 3286 gratiam
2995 3214 3197 3282 absque
3220 3211 3330 3267 ulla
3354 3223 3468 3265 am-

1867 3312 2130 3385 biguitate
2155 3319 2211 3367 et
2225 3310 2501 3380 accepisse
2524 3317 2580 3364 et
2604 3309 2861 3364 habuisse
2885 3305 3137 3363 credendi
3164 3313 3310 3360 sunt.
3332 3303 3467 3370 Quis

1867 3406 2013 3460 enim
2029 3420 2266 3474 unquam
2282 3403 2485 3474 placuit
2501 3403 2613 3456 Deo
2629 3415 2823 3457 carens
2843 3397 3018 3455 sancti
3033 3396 3270 3467 Spiritus
3285 3393 3427 3450 dono
3439 3393 3466 3448 ἲ

1940 3495 2065 3562 Sed,
2108 3503 2170 3554 ut
2200 3503 2394 3550 vestrae
2428 3492 2796 3562 responsionis
2829 3497 2980 3546 textu
3016 3488 3342 3549 continetur,
3373 3498 3466 3539 ea-

1866 3586 1990 3643 dem
2023 3586 2198 3642 sancti
2223 3585 2456 3656 Spiritus
2481 3583 2620 3638 dona
2649 3580 2859 3651 singula
2883 3578 3123 3650 singulos
3148 3583 3464 3632 sanctorum

1867 3679 2146 3745 habuisse,
2194 3685 2248 3734 et
2282 3677 2337 3732 in
2369 3676 2586 3732 Christo
2627 3681 2821 3730 cuncta
2863 3671 3095 3742 pleniter
3129 3667 3466 3726 inhabitasse

1866 3775 2247 3845 cognovimus,
2275 3789 2394 3843 quae
2428 3779 2490 3826 ut
2514 3771 2670 3825 firma
2704 3767 2950 3823 veritatis
2985 3765 3195 3822 ratione
3232 3761 3464 3818 subnixa

163 3851 358 3942 tientia
413 3849 572 3942 [Al.,
607 3849 977 3942 abstinentiae]
1018 3861 1299 3908 remanent
1351 3855 1484 3910 dies.
1533 3856 1601 3912 Hi
1630 3873 1759 3915 vero
1867 3868 2191 3937 probamus;
2213 3863 2665 3934 sednequaquam
2686 3860 3014 3915 arbitramur
3033 3855 3324 3926 quemlibet
3343 3867 3468 3909 san-

164 3941 494 4007 Sabbawm,
529 3941 585 3996 in
614 3954 721 4010 (1Πο
743 3941 886 3997 Deus
908 3944 976 3998 ab
997 3943 1246 4000 omnibus
1267 3946 1521 4015 operibus
1551 3949 1762 4018 refluie-
1867 3964 2077 4013 ctorum
2112 3957 2333 4012 Patrum
2369 3956 2527 4010 unius
2561 3952 2932 4026 singularitate
2970 3947 3098 4004 doni
3133 3946 3298 4003 fuisse
3333 3958 3465 4001 cou-

163 4033 245 4085 vit
275 4030 433 4102 (Gen.
463 4047 526 4098 ιι,
554 4030 632 4104 2),
662 4047 768 4087 non
801 4032 976 4089 solum
1004 4036 1073 4091 ob
1094 4037 1534 4107 superstitionem
1557 4033 1765 4099 Judaeo¥
1864 4055 2094 4114 tentum,
2128 4064 2249 4104 cum
2274 4048 2379 4102 hoc
2404 4045 2520 4101 fieri
2546 4061 2656 4101 non
2686 4056 2845 4115 posse
2876 4042 2944 4097 de
2969 4042 3210 4112 ipsarum
3233 4040 3466 4096 vocabu-

162 4139 314 4190 rum,
346 4140 449 4180 nec
472 4132 692 4195 propter
717 4128 968 4184 mandata
990 4129 1180 4201 legalia
1206 4134 1407 4190 veteris
1429 4137 1760 4206 testamenti,
1863 4139 1931 4196 lis
1955 4141 2252 4212 gratiarum
2277 4137 2530 4194 facillime
2553 4136 2728 4207 possit
2752 4135 2980 4191 adverti.
3010 4132 3288 4204 Sapientia
3316 4133 3466 4189 enim

163 4231 293 4285 qum
316 4225 446 4270 sunt
471 4219 662 4273 umbra
683 4217 1009 4288 futurorum,
1034 4225 1130 4279 sed
1151 4241 1220 4281 ne
1243 4241 1368 4281 cum
1383 4226 1592 4284 Iudaeis
1615 4245 1764 4286 scan—
1864 4244 1920 4293 et
1943 4237 2247 4292 intellectus
2281 4233 2414 4289 adeo
2453 4233 2556 4290 sibi
2593 4230 2958 4287 naturalitatis
2993 4244 3137 4284 nexu
3173 4228 3463 4297 conjuncta

162 4308 412 4414 dalizent
439 4309 572 4383 [Αι.,
587 4314 1051 4383 scandalizentur;
1079 4316 1256 4386 Gold.,
1275 4322 1760 4398 sabbaptizentur],

1873 4338 2008 4396 sunt,
2051 4337 2113 4384 ut
2158 4345 2324 4383 unum
2370 4327 2488 4382 sine
2537 4327 2706 4406 altero
2753 4325 2900 4378 nullo
2948 4328 3110 4391 pacto
3160 4320 3460 4382 subsistere

160 4403 436 4473 jejunium
467 4406 676 4462 solvere
705 4407 1242 4480 [Gold.,observare,
1268 4416 1532 4489 mendose]
1561 4433 1763 4473 conan—
1785 4427 1842 4492 ι)
1865 4427 2047 4491 queat.
2083 4417 2362 4486 Quomodo
2387 4417 2534 4471 enim
2573 4403 2716 4486 sapit
2751 4415 2844 4484 qui
2885 4428 2994 4468 non
3040 4410 3340 4481 intelligit?
3376 4408 3462 4470 vel

163 4501 282 4548 tur.
315 4495 397 4550 Ea
421 4496 689 4567 praecipue
713 4514 873 4555 causa
906 4509 986 4557 est
1005 4543 1020 4568 ,
1045 4503 1170 4572 quia
1194 4515 1602 4575 vesperascente
1642 4509 1759 4580 ipso
1865 4509 2135 4582 quomodo
2157 4515 2335 4580 potest
2358 4507 2676 4579 intelligere,
2701 4520 2860 4577 quem
2880 4511 3092 4560 constat
3109 4517 3219 4562 non
3239 4500 3465 4576 sapere?

161 4585 280 4652 die,
308 4589 568 4657 gaudium
590 4599 791 4647 saneta:
814 4591 1246 4652 Resurrectionis
1267 4613 1299 4652 a
1322 4598 1566 4656 fidelibus
1591 4601 1762 4658 hono-

164 4676 327 4734 rifice
353 4679 676 4737 celebratur.
707 4682 813 4738 Sed
841 4685 966 4754 quia
991 4688 1363 4759 unusquisque
1396 4690 1450 4746 in
1477 4707 1576 4749 suo
1597 4709 1761 4751 sensu

161 4769 417 4825 abundat
441 4771 618 4842 (Rom.
647 4789 758 4840 XIV,
782 4774 859 4847 5),
889 4777 1001 4832 sive
1022 4778 1144 4844 hoc,
1183 4779 1297 4835 sive
1321 4782 1465 4840 aliud
1498 4785 1588 4851 sit,
1613 4786 1761 4841 salva

163 4858 279 4914 fide
301 4868 359 4914 et
381 4860 637 4934 religione
658 4865 791 4919 nihil
813 4865 1226 4936 przejudicamus
1274 4870 1404 4942 [Al.,
1437 4873 1760 4944 przejudica-

164 4955 354 5011 vimus
380 4973 395 5023 ;
425 4955 523 5024 aL,
547 4958 894 5028 prohibetur;
923 4961 1020 5028 aL,
1056 4964 1514 5038 praedicavimus].

243 5058 268 5085 ε
298 5047 380 5101 De
425 5048 532 5106 hoc
577 5059 790 5120 autem,
840 5054 983 5123 quod
1019 5057 1226 5112 cartula
1258 5069 1544 5128 prosecuta
1580 5069 1762 5118 vestra

166 5140 386 5206 retulit,
418 5144 561 5212 quod
583 5145 813 5213 plurima
847 5146 974 5202 hinc
999 5147 1104 5204 dici
1132 5150 1359 5219 possint,
1397 5153 1492 5207 sed
1525 5152 1764 5210 noluisse

168 5239 227 5286 te
276 5235 541 5292 excedere
566 5238 786 5293 modum
830 5240 1082 5308 cartulze,
1119 5250 1173 5297 et
1190 5245 1424 5300 maxime
1459 5246 1599 5316 .quia
1639 5263 1762 5303 cum

247 5359 299 5430 an
321 5343 652 5430 Namfur...
684 5353 742 5402 In
768 5352 900 5430 Cod.
925 5371 1026 5430 ms.
1073 5356 1642 5430 San-Emmeramiano
1689 5362 1766 5420 ita

169 5417 441 5502 legiturtl
462 5418 763 5502 Numnquur
787 5421 843 5475 in
876 5428 1049 5494 prima
1087 5428 1220 5494 feria
1232 5431 1500 5502 jejunium
1543 5451 1646 5488 non
1668 5417 1766 5502 ﬁdi

171 5487 559 5627 i’matrrgedente
583 5487 886 5555 salvatore,
906 5511 1010 5550 non
1036 5487 1110 5551 est
1134 5487 1410 5556 necessitas
1441 5487 1768 5562 texendi).ch-

252 5627 404 5713 '1’",
443 5629 697 5713 Mutum;
730 5633 860 5692 Cod.
907 5652 1020 5713 _ms.
1071 5638 1129 5695 S.
1178 5640 1662 5713 Emmeramianus,
1713 5652 1770 5701 et

183 5694 519 5758 cumras}
562 5701 629 5795 η
658 5705 852 5780 ﬁgura.
907 5708 1033 5769 Haec
1075 5694 1575 5785 aon‘iaiéiug'e'iié;
1583 5694 1769 5776 “sensti

549 5825 693 5839 --~...

1867 4605 2141 4675 Sapientia
2169 4605 2281 4659 sive
2313 4602 2586 4657 intellectu
2609 4602 2851 4672 privatus
2875 4597 2996 4671 quis
3024 4611 3261 4667 unquam
3287 4594 3464 4650 consi-

1865 4697 1996 4752 lium
2018 4695 2102 4750 vel
2127 4696 2228 4751 sibi
2256 4694 2531 4758 habuisse,
2562 4693 2646 4746 vel
2674 4692 2778 4747 alio
2808 4689 2944 4762 [alii]
2978 4688 3188 4745 dedisse
3215 4695 3465 4756 repertus

1865 4789 1989 4845 est?
2016 4787 2149 4842 Nam
2177 4786 2296 4842 luce
2321 4786 2520 4842 clarius
2545 4792 2776 4847 constal,
2819 4782 3107 4838 consilium
3133 4780 3348 4834 nonnisi
3375 4793 3464 4833 sa-

1862 4879 2125 4948 pientium
2149 4893 2287 4933 esse.
2317 4876 2706 4932 Fortitudinem
2736 4889 2884 4940 vero,
2928 4874 2973 4928 si
2999 4873 3224 4928 consilio
3256 4878 3463 4939 careat,

1864 4970 2232 5028 fortitudinem
2254 4985 2373 5026 esse
2408 4969 2702 5041 putandum
2737 4982 2845 5023 non
2871 4975 2973 5033 est,
3005 4975 3145 5021 cum'
3159 4966 3340 5022 omnia
3379 4965 3464 5020 in-

1865 5063 2107 5120 consulte
2131 5072 2279 5135 gesta
2299 5062 2488 5118 fortiva
2502 5060 2682 5131 potius
2703 5074 2866 5130 quam
2885 5059 3044 5114 fortia
3065 5058 3273 5114 soleant
3293 5059 3465 5114 nomi-

1865 5157 2004 5211 nari.
2035 5155 2329 5212 Scientiam
2363 5154 2420 5208 in
2461 5168 2732 5224 quoquam
2765 5152 2882 5207 sine
2911 5150 3176 5221 sapientia
3209 5156 3264 5202 et
3304 5147 3464 5204 intel-

1865 5247 2008 5304 lectu
2029 5249 2325 5305 consistere
2343 5257 2504 5316 posse
2523 5243 2676 5299 valde
2698 5251 2780 5298 est
2803 5234 3136 5299 incredibile.
3153 5239 3290 5308 Quid
3312 5240 3457 5296 enim

1867 5361 2237 5438 calvinistico,
2267 5357 2696 5438 sedncatholico,
2731 5357 2822 5438 uati.
2838 5353 3178 5438 explicantur
3210 5353 3266 5408 in
3299 5364 3462 5438 opere

1870 5433 1933 5487 Ι).
1969 5421 2319 5498 Ατηειιάὶ,’ᾶθ
2352 5429 2716 5499 Perpetuitate
2753 5421 3061 5499 ﬁdeiftom.
3095 5425 3136 5492 l,
3173 5439 3297 5499 pag.
3338 5421 3461 5499 765.

1956 5515 1979 5544 ο
2020 5502 2097 5555 De
2120 5492 2216 5556 hoc
2241 5509 2436 5555 autem.
2456 5492 2627 5554 'ﬂanc
2661 5498 2985 5562 clausulam,
3026 5511 3146 5566 quae
3174 5492 3365 5566 deerat
3407 5492 3460 5546 in

1867 5573 2060 5637 Editis,
2085 5572 2387 5628 addidimus
2409 5585 2474 5625 ex
2502 5570 2634 5640 Cod.
2666 5584 2768 5622 ms.
2799 5569 3020 5640 Salisb.,
3044 5563 3327 5640 Coldasto,
3354 5563 3455 5617 loc.

1868 5645 1986 5771 2%,
2019 5658 2145 5716 pag.
2171 5643 2308 5711 l38,
2355 5649 2410 5698 et
2443 5637 2770 5709 D‘Acherio.
2801 5639 2987 5714 Spicil.
3039 5648 3169 5698 tom.
3206 5637 3294 5703 IV,
3333 5647 3452 5704 pag.
