3996 6320
141 257 254 317 917

1603 253 2011 357 εριειοιάε..

3324 280 3430 343 910

142 374 366 447 quando
399 374 704 457 futurorum
727 371 946 443 curiosi,
984 370 1272 432 Dominum
1300 374 1368 433 de
1400 374 1511 437 ﬁne
1547 375 1734 443 mundi
1758 374 1816 441 Δ
1837 378 1943 449 hoc
1967 381 2204 461 negotio,
2220 382 2453 456 scilicet,
2479 394 2577 449 aut
2592 397 2743 451 certe
2763 391 3140 455 statim“
3166 395 3343 457 inveni

143 452 522 528 canalicbant.
553 466 812 539 Spiritum
835 466 1169 533 fortitudinis
1191 469 1441 527 omnibus
1462 468 1739 543 discipulis

144 566 385 624 adfuisse
409 579 569 621 nemo
592 572 770 636 negat,
796 564 900 625 nisi
926 565 1020 636 qui
1045 581 1139 625 eos
1162 583 1263 640 pro
1296 564 1497 624 Christi
1522 566 1741 622 nomine

144 668 381 716 mortem
427 659 542 729 pati
577 657 810 714 noluisse
864 659 1168 716 conﬁrmat.
1220 660 1455 732 Spiritus
1503 659 1742 717 scientias

147 762 269 808 erat
296 752 354 807 in
379 749 607 817 Joanne,
634 750 726 822 qui
753 758 862 808 tam
890 752 1145 811 distincte
1172 752 1239 809 de
1269 752 1553 815 divinitate
1574 760 1629 808 et
1648 752 1745 813 bu-

149 846 411 900 manitate
434 843 735 901 Salvatoris
759 845 817 901 in
840 846 1105 919 principio
1140 845 1415 918 Evangelii
1446 842 1530 903 sui
1574 844 1747 902 disse-

150 939 281 1005 ruit,
322 946 377 993 et
415 954 524 995 non
556 937 735 995 minus
773 938 1005 1001 discrete
1048 941 1115 997 de
1155 949 1363 1012 septem
1400 940 1655 997 tonitruis
1688 940 1745 996 in

147 1028 492 1102 Apocalypsi,
522 1045 643 1099 quae
671 1029 897 1099 silenda,
935 1047 1171 1103 quaeque
1200 1030 1428 1089 fuissent
1454 1028 1743 1103 loquenda,

151 1120 491 1191 conscripsit.
520 1120 754 1201 Spiritus
790 1122 1008 1194 pietatis
1034 1122 1135 1181 fuit
1161 1124 1216 1179 in
1246 1122 1537 1197 Stephano,
1566 1121 1659 1194 qui
1689 1120 1750 1179 in

150 1213 267 1283 ipso
294 1215 491 1271 mortis
517 1215 745 1272 articulo
770 1232 868 1287 pro
881 1219 1317 1288 persecutoribus
1345 1218 1458 1277 suis
1479 1216 1745 1279 exoravit.

150 1304 388 1376 Spiritus
426 1307 642 1364 timoris
675 1308 890 1367 Domini
941 1310 1042 1367 fuit
1070 1311 1128 1368 in
1166 1313 1416 1379 omnibus
1458 1312 1747 1386 apostolis,

148 1400 276 1469 quia
322 1417 432 1459 non
470 1402 644 1460 solum
685 1406 829 1464 bona
864 1404 1177 1483 faciebant,
1202 1408 1300 1466 sed
1329 1404 1504 1471 etiam
1528 1414 1751 1481 propter

146 1508 393 1552 amorem
413 1495 512 1553 Dei
530 1496 672 1554 mala
693 1496 874 1556 facere
905 1517 1015 1558 non
1034 1502 1323 1560 audebant.

713 1611 1050 1675 EPISTOLA
1084 1616 1202 1677 XV.

364 1739 437 1783 ΑΒ
471 1741 812 1787 causth
841 1745 1190 1796 ιιεουιιιιηεειι,
1213 1749 1530 1793 ΕΡΙΒΩΟΡὉΙ.

144 1838 227 1896 De
250 1856 385 1897 atra
406 1859 565 1927 quain
592 1846 912 1927 instruendis
948 1851 1156 1927 populis
1178 1848 1440 1927 praecipue
1485 1862 1606 1919 ante
1650 1846 1747 1911 ba-

454 1917 709 1985 ptismum
732 1917 975 1976 abhibere
999 1917 1456 1997 debent'pastores.

768 2011 950 2085 (Anno
992 2015 1144 2089 suo.)

444 2098 541 2160 (Ει
568 2100 816 2168 Iartene,
840 2104 955 2157 Vet.
982 2108 1157 2173 Script.
1180 2111 1327 2173 ampl.
1349 2108 1498 2173 Coll.)

212 2175 281 2239 In
310 2181 536 2238 nomine
579 2182 779 2253 Patris,
806 2196 863 2243 et
887 2190 1033 2260 Filii,
1080 2200 1136 2249 et
1166 2192 1402 2266 Spiritus
1427 2196 1623 2253 sancti.
1650 2196 1754 2255 Ca-

138 2270 301 2329 rolus
325 2275 713 2335 serenissianns
740 2280 1016 2353 Angustus
1055 2300 1087 2341 ιι
1126 2285 1237 2344 Deo
1283 2298 1592 2357 coronatus,
1632 2307 1753 2348 ma-

211 2640 370 2697 Bene
387 2644 553 2713 igitur
572 2648 845 2705 recordari
866 2653 1139 2711 credimus
1169 2657 1601 2728 sanctitatituze,
1629 2675 1758 2730 qua-

131 2728 271 2787 liter
299 2736 503 2804 sarpius
527 2737 585 2793 in
602 2751 875 2799 conventu
900 2754 958 2800 et
978 2748 1212 2805 concilio
1234 2758 1423 2806 nostro
1441 2728 1755 2810 monuimus

130 2827 206 2884 de
233 2831 628 2898 praedicatione
664 2838 720 2893 in
747 2848 936 2896 sancta
981 2842 1075 2898 De“
1104 2843 1347 2901 Ecclesia
1375 2848 1753 2919 unusquisque

131 2927 397 2977 vestrum
424 2926 723 2983 secundum
746 2939 1061 2988 sanctorum
1089 2950 1361 2993 canonum
1404 2939 1754 2996 autoritatem

133 3018 194 3064 et
232 3013 543 3080 praadicare
574 3026 631 3074 et
666 3020 862 3080 docere
899 3025 1141 3083 deberet.
1182 3028 1365 3087 Primo
1400 3033 1643 3089 omnium
1686 3032 1754 3091 de

1840 473 2123 545 scientem,
2149 485 2245 537 aut
2273 479 2322 538 si
2350 479 2638 541 inﬁrmitas
2666 500 2780 543 non
2804 484 3113 560 impediret,
3152 499 3433 562 em

1840 572 1927 620 ret
1949 565 2017 624 de
2032 566 2247 631 Pascha
2270 588 2447 646 usque
2474 575 2532 633 in
2560 574 2940 648 Pentecoste...
2980 580 3154 643 donec
3187 582 3311 654 ipso
3349 581 3437 640 di—

1842 666 2021 739 sceret
2055 675 2120 721 ea
2145 678 2271 751 quin
2292 681 2459 738 supra
2489 668 2637 727 dicta
2672 680 2819 733 sunt.
2855 673 3016 734 Nunc
3047 683 3232 737 unm
3252 676 3439 736 denuo

1842 765 2125 812 monemus
2148 764 2211 815 ut
2234 774 2509 835 memores
2532 764 2673 833 sitis,
2701 766 2841 825 sicut
2879 769 3137 828 condecet
3168 771 3241 829 de
3270 772 3439 830 nini.

1844 846 2012 913 sterio
2052 851 2397 923 sacerdomli,
2436 864 2494 915 et
2528 869 2855 919 conventum
2901 864 3152 923 imbutis
3176 881 3307 927 cun
3345 880 3445 923 rea

1846 938 1975 1001 stris
2001 941 2393 1017 sacerdotibus,
2419 955 2479 1005 et
2493 947 2781 1023 diligenter
2811 967 3031 1011 omnem
3045 955 3127 1013 rei
3150 956 3443 1013 veritate.

1846 1032 2109 1107 requirite
2160 1043 2217 1092 et
2260 1041 2567 1100 examinate
2609 1061 2625 1099 :
2661 1044 2741 1102 ita
2789 1053 2853 1104 ut
2894 1062 3035 1118 opus
3077 1048 3292 1106 Domini
3326 1061 3449 1103 non:

1846 1130 2152 1193 praetereat,
2194 1143 2298 1187 nec
2340 1130 2521 1202 aliqua
2564 1136 2849 1206 requisitio
2888 1139 3047 1199 vobis
3101 1139 3297 1199 exinde
3341 1138 3447 1197 ﬁat

1849 1222 1973 1279 ante
1995 1230 2349 1297 conspectum
2366 1234 2569 1284 sanctae
2601 1228 2920 1301 maiestatis.

2399 1338 2737 1401 EPBTOLA
2760 1342 2906 1405 XVI.

2263 1464 2333 1506 AD
2361 1465 2706 1514 GARIBALDUM
2733 1474 3048 1521 EPISCOPUI.

1850 1560 2125 1633 Ieiunium
2177 1572 2718 1657 prouiuecessitatibuls
2750 1564 3037 1657 publicis,
3071 1578 3302 1639 matrima
3345 1596 3445 1657 pro

2206 1637 2367 1711 fante,
2404 1652 2544 1713 peste
2589 1654 2640 1700 et
2682 1637 2815 1702 bello
2855 1637 3124 1706 indicitur.

2470 1733 2652 1806 (Anno
2677 1736 2828 1812 800.)

2134 1822 2230 1888 (Ex
2253 1825 2498 1893 Martene,
2521 1828 2638 1881 Vet.
2663 1831 2846 1896 Script.
2863 1834 3009 1899 ampl.
3032 1832 3180 1902 Coll.)

1920 1905 1982 1963 In
2008 1908 2229 1965 nomine
2241 1909 2440 1980 Patris,
2465 1920 2522 1966 et
2544 1911 2690 1979 Filii,
2707 1922 2761 1971 et
2792 1914 3027 1988 Spiritus
3054 1919 3249 1977 sancti.
3278 1917 3450 1979 Caro-

1811 2071 1821 2080 ἱ
1852 2001 1941 2083 lus
1967 2005 2347 2063 screnissimus
2367 2018 2625 2079 augustos
2661 2025 2691 2065 a
2711 2011 2824 2068 Deo
2852 2023 3165 2083 coronatus,
3192 2014 3223 2058 ι)
3252 2015 3454 2074 Ghaer—

1851 2080 2014 2152 baido
2030 2097 2303 2168 episcopo,
2335 2115 2459 2155 eum
2487 2102 2758 2158 universis
2792 2102 2894 2160 tibi
2919 2080 3295 2178 omnipotente
3341 2109 3456 2165 Deo

1853 2197 1909 2245 et
1933 2198 2118 2246 nostra
2140 2191 2485 2248 ordinatione
2505 2195 2814 2252 commissis
2860 2197 2915 2252 in
2941 2196 3174 2255 Domino
3201 2200 3454 2256 salutem.

1924 2282 2124 2339 Notum
2150 2285 2222 2340 sit
2243 2284 2521 2341 dilectioni
2546 2295 2742 2343 vestra:
2763 2290 2891 2355 quia
2911 2305 3010 2346 nos
3050 2307 3175 2347 cum
3210 2291 3457 2348 ﬁdelibus

1854 2377 2058 2433 nostris
2085 2387 2197 2433 tam
2222 2376 2597 2448 spiritualihus
2631 2395 2793 2454 quam
2822 2381 3178 2439 saecularibus
3214 2392 3458 2439 tractan-

1855 2477 1959 2539 tes,
1992 2482 2115 2527 cum
2146 2484 2415 2527 consensu
2440 2480 2493 2527 et
2515 2473 2635 2545 pari
2665 2473 2893 2531 consilio
2925 2473 3233 2530 invenimus
3263 2489 3425 2533 neces

1735 2609 1747 2622 .
1857 2561 2084 2628 sarium,
2107 2570 2407 2633 etpropter
2451 2565 2718 2623 instantes
2772 2565 3036 2639 quasdam
3080 2566 3458 2635 necessitates,

1859 2671 1995 2727 quas
2023 2656 2210 2713 subter
2260 2657 2617 2730 signiﬁcaturi
2651 2675 2857 2727 sumus,
2915 2660 3019 2716 tria
3077 2660 3328 2717 triduana
3371 2658 3459 2733 je-

1853 2747 2008 2821 junia
2036 2749 2105 2806 ab
2131 2750 2386 2808 omnibus
2416 2753 2575 2809 nobis
2608 2754 2937 2827 generaliter
2962 2769 3084 2811 esse
3112 2753 3459 2822 celebranda,

1857 2848 2020 2910 atque
2045 2841 2113 2897 ab
2138 2856 2204 2898 eo
2225 2842 2281 2897 in
2309 2858 2415 2914 quo
2437 2844 2692 2913 vivimus,
2717 2862 3003 2904 movemur
3020 2854 3077 2902 et
3124 2862 3333 2912 sumus,
3365 2861 3462 2902 au-

1856 2931 2045 2987 xilium
2075 2948 2196 2990 esse
2225 2937 2598 3007 quaerendum,
2632 2953 2665 2994 a
2692 2954 2801 3010 quo
2828 2938 3092 3010 quidquid
3110 2938 3260 3008 justo
3282 2954 3350 3001 ac
3374 2954 3461 2997 ra-

1856 3025 2194 3083 tionabiliter
2237 3029 2372 3085 ﬁdes
2422 3040 2625 3099 vestra,
2674 3047 2800 3105 spes
2846 3042 3016 3101 certa,
3076 3048 3173 3089 seu
3221 3033 3471 3094 Charitas

135 3101 249 3158 ﬁde
272 3109 581 3203 catholica;
600 3124 663 3170 ut
679 3124 737 3171 et
754 3119 850 3188 qui
871 3122 1103 3191 anlplins
1124 3139 1318 3194 capere
1336 3140 1445 3181 non
1466 3126 1747 3197 valuisset,

1861 3116 2095 3191 perfecta
2122 3121 2382 3192 postulat,
2411 3122 2528 3203 sine
2571 3101 2736 3179 dubio
2772 3131 3019 3192 tempore
3066 3140 3308 3197 congruo
3356 3125 3462 3183 im-

139 3201 531 3259 tantutnmodo
555 3208 860 3267 orationem
876 3212 1210 3270 Dominicam
1228 3223 1284 3270 et
1307 3218 1612 3289 symbolum
1632 3219 1758 3277 ﬁdei

144 3290 460 3359 cati-oliuae,
484 3298 626 3355 sicut
651 3304 881 3373 apostoli
905 3305 1227 3373 docuerunt,
1259 3317 1447 3367 tenere
1475 3319 1529 3366 et
1555 3327 1758 3370 memo-

146 3383 285 3439 riter
313 3385 555 3445 recitare
590 3399 874 3465 potuisset,
908 3409 964 3455 et
1000 3408 1062 3455 ut
1092 3402 1269 3457 nullus
1296 3402 1364 3458 de
1406 3420 1565 3461 sacro
1608 3405 1759 3463 fonte

152 3472 506 3568 baptismatis
526 3480 765 3551 aliquem
787 3490 1062 3563 suscipere
1082 3480 1439 3564 praesumeret
1466 3504 1759 3568 antequam

155 3563 213 3618 in
248 3573 431 3623 vestra
472 3577 566 3625 aut
600 3570 971 3633 ministrorum
1004 3591 1311 3640 vestrorum
1366 3587 1508 3642 sacri
1549 3587 1759 3645 ordinis

158 3659 447 3724 pmsentia
473 3662 778 3720 orationem
804 3667 1141 3728 Dominicam
1178 3680 1233 3730 et
1273 3677 1580 3748 symbolum
1619 3681 1760 3738 reci-

163 3753 317 3847 taret,
343 3760 403 3807 et
426 3752 569 3809 sicut
596 3755 653 3810 in
678 3760 925 3827 proximo
951 3767 1318 3837 comperimus
1344 3784 1371 3814 ι
1398 3773 1455 3828 in
1479 3772 1567 3830 die
1589 3790 1756 3847 appa-

168 3840 371 3938 ritionis
399 3844 616 3903 Domini
638 3851 796 3907 multi
834 3852 1054 3913 fuerunt
1090 3861 1230 3931 apud
1265 3879 1364 3919 nos
1394 3840 1760 3938 inventu-qui

170 3932 413 4026 volebant
437 3939 718 4010 suscipere
744 3944 978 4003 infantes
996 3948 1065 4005 de
1095 3966 1253 4025 sacro
1278 3952 1427 4011 fonte
1458 3932 1758 4026 baptisma-

171 4025 251 4093 tis,
267 4045 402 4099 quos
418 4030 685 4100 jussinms
702 4036 1048 4109 singulariter
1065 4051 1120 4098 et
1140 4043 1428 4117 diligenter
1446 4025 1761 4105 examinare

173 4124 545 4214 et
580 4128 630 4183 si
652 4132 953 4203 orationem
979 4134 1316 4195 Dominicam
1350 4148 1405 4196 et
1429 4143 1756 4214 symbolum,

173 4216 225 4301 ut
243 4225 404 4281 supra
422 4212 681 4284 diximus,
721 4221 924 4278 scirent
959 4233 1014 4280 et
1030 4230 1347 4287 memoriter
1378 4212 1667 4301 tenerent;
1702 4212 1759 4290 et

174 4299 341 4367 plures
362 4304 584 4363 fuemnt
616 4311 707 4380 qui
732 4314 879 4370 nulla
916 4317 1110 4374 exinde
1144 4320 1201 4375 in
1236 4323 1557 4378 memoriam
1594 4299 1762 4382 habe-

176 4392 331 4452 bant:
381 4400 582 4469 quibus
622 4409 977 4478 praecepimus
1026 4411 1319 4481 abstinere,
1366 4420 1427 4470 ut
1469 4423 1761 4488 antequam

1860 3220 2040 3283 petrat
2065 3231 2080 3280 ;
2103 3214 2221 3285 ipso
2248 3215 2479 3272 Domino
2499 3215 2716 3273 dicente
2748 3232 2763 3271 :
2792 3217 2965 3274 Petito
2983 3228 3033 3277 et
3057 3218 3275 3276 dabitur
3299 3219 3463 3287 uobis,

1859 3307 2080 3376 quwrite
2105 3316 2153 3360 et
2176 3308 2469 3377 invenietis,
2492 3307 2697 3381 pulsate
2725 3317 2775 3364 et
2814 3311 3081 3382 aperietur
3124 3310 3291 3367 vobis.
3341 3309 3466 3385 Ipsa

1861 3405 2044 3452 autem
2063 3396 2290 3467 jojunia,
2321 3400 2465 3455 sicut
2503 3401 2665 3457 nobis
2687 3402 2943 3459 omnibus
2980 3404 3161 3461 visum
3208 3411 3312 3470 est,
3362 3403 3473 3465 hac

1860 3491 2192 3549 discretione
2218 3506 2379 3563 posse
2401 3491 2541 3560 ﬁeri,
2566 3492 2801 3550 Domino
2828 3492 3117 3565 largiente,
3157 3509 3465 3569 congruen-

1860 3586 1947 3639 ter
1966 3580 2208 3653 impleta,
2234 3583 2442 3640 scilicet
2469 3591 2530 3639 ut
2557 3585 2796 3657 primum
2819 3601 2878 3640 ιι
2907 3584 3100 3641 diebus
3142 3593 3267 3657 post
3309 3582 3464 3642 festi—

1860 3679 2088 3734 vitatem
2115 3677 2291 3733 sancti
2338 3676 2573 3734 Andreae
2603 3677 2917 3742 transactis,
2965 3677 3023 3733 id
3075 3684 3161 3733 est
3208 3693 3273 3734 ιιι
3318 3675 3465 3742 ldus,

1861 3777 1919 3825 et
1941 3768 2066 3825 ldus
2087 3768 2424 3836 Decembris,
2456 3776 2512 3825 et
2533 3783 2669 3824 xvm
2695 3764 2967 3826 Kalendas
2989 3764 3235 3831 Januarii
3260 3767 3358 3825 tali
3382 3782 3471 3825 ra-

1862 3863 2011 3919 tione
2034 3863 2149 3931 Ilat,
2175 3870 2236 3921 ut
2251 3876 2439 3920 omnes
2457 3878 2487 3917 a
2509 3862 2637 3918 vino
2663 3869 2719 3917 et
2746 3877 2911 3918 carne
2935 3862 3021 3919 his
3046 3878 3112 3918 ιιι
3136 3860 3468 3923 diebusahs-

1865 3958 2079 4013 tineant
2095 3965 2150 4013 et
2181 3971 2355 4033 usque
2375 3956 2569 4014 horam
2594 3970 2795 4015 nonam
2807 3952 3083 4028 jejunent,
3096 3965 3327 4031 excepto
3342 3972 3479 4029 Qua-

1865 4055 1959 4105 aut
1970 4058 2107 4106 mtas
2119 4058 2214 4106 aut
2226 4050 2516 4107 infirmitas
2528 4065 2637 4105 non
2656 4049 2948 4120 permittit,
2964 4047 3061 4125 qui
3076 4056 3468 4111 tamenm-

1864 4141 1995 4199 dum
2024 4158 2179 4198 suam
2222 4142 2539 4215 qualitatem
2582 4141 2667 4198 vel
2714 4142 2840 4197 vitae
2884 4156 2997 4199 suae
3051 4140 3467 4215 professionem,

1854 4240 1960 4289 aut
1984 4234 2290 4295 rationibus
2323 4232 2441 4307 [F.,
2470 4230 2836 4309 orationibus]
2889 4232 3044 4300 satis,
3086 4240 3185 4289 aut
3224 4231 3465 4299 electum

1866 4328 2017 4399 synis
2044 4327 2314 4398 congruis,
2357 4326 2413 4382 id
2454 4327 2652 4398 ipsum,
2680 4324 2980 4385 secundum
3019 4323 3309 4391 consilium
3349 4338 3469 4383 ma-

1865 4418 2181 4492 gistrorum,
2199 4417 2467 4474 redimere
2488 4417 2721 4484 studeat,
2745 4416 2888 4489 quod
2905 4413 3213 4488 jejunaudo
3230 4413 3469 4473 etabsti-
3493 4410 3498 4414 ’

173 4490 459 4547 orationem
492 4502 553 4550 et
591 4500 896 4568 symbolum
939 4504 1162 4573 scirent,
1202 4513 1258 4561 et
1290 4508 1523 4563 recitare
1553 4511 1763 4580 potuis-
1785 4524 1840 4587 ι)
1864 4490 2047 4571 uendo
2077 4510 2350 4582 complere
2376 4526 2483 4567 non
2515 4510 2680 4567 valet.
2714 4510 2859 4571 Hora
2886 4516 3070 4565 autem
3094 4522 3245 4567 nona.
3275 4519 3473 4565 omnes.

174 4590 297 4675 sent,
327 4597 505 4656 neque
546 4588 784 4660 aliquem
808 4593 878 4649 de
902 4612 1059 4675 sacro
1093 4596 1243 4655 fonte
1274 4600 1618 4672 baptismatis
1646 4618 1766 4660 sus-

173 4670 339 4740 cipere
383 4690 799 4746 praesumerent.
829 4685 898 4742 Et
922 4670 1078 4744 valde
1116 4670 1503 4752 erubescentes
1543 4694 1765 4755 fuerunt

171 4773 228 4815 ex
271 4765 376 4822 hac
412 4783 497 4836 re,
531 4779 591 4828 et
622 4776 890 4844 spondere
929 4780 1205 4839 volebant
1233 4793 1292 4841 ut
1332 4786 1380 4843 si
1439 4801 1762 4846 concessum

171 4853 240 4909 eis
273 4856 482 4926 fuisset,
510 4864 585 4918 ad
616 4872 828 4939 tempus
851 4870 958 4930 hoc
983 4873 1372 4947 improperium
1407 4895 1438 4935 a
1472 4894 1532 4937 se
1553 4883 1764 4952 potuis-

170 4958 280 5042 sent
309 4952 547 5012 auferre.
575 4957 634 5013 in
667 4976 775 5030 quo
803 4962 924 5021 loco
965 4966 1331 5026 intelleximus
1370 4973 1515 5042 quod
1546 4989 1655 5030 non
1682 4975 1765 5031 eis

167 5036 263 5095 fuit
291 5048 697 5119 convenientia,
736 5060 793 5109 et
827 5055 969 5112 sicut
996 5058 1052 5113 in
1083 5060 1367 5131 capitulari
1386 5036 1590 5119 jnostro
1614 5072 1764 5134 pote-

167 5134 257 5190 stis
278 5140 541 5210 reperire,
573 5142 956 5206 discretionem
985 5149 1186 5209 factam
1222 5155 1529 5224 habuimus,
1556 5165 1762 5227 quanto

170 5234 406 5301 tempore
445 5247 509 5290 se
540 5241 914 5313 unusquisque
937 5245 1210 5303 abstinere
1249 5247 1524 5304 debuisset
1561 5250 1629 5305 ab
1656 5249 1762 5308 hoc

169 5334 344 5393 θυαε,
380 5339 558 5398 usque
586 5329 717 5389 dum
759 5334 935 5393 bonus
976 5337 1262 5411 ﬁdeiussor
1298 5355 1420 5398 esse
1457 5341 1666 5400 valeret
1702 5343 1761 5403 in

234 5491 263 5571 ξ
292 5480 434 5571 [lino
458 5494 689 5571 apparet
731 5496 975 5571 tempore
1002 5493 1183 5571 Caroli
1210 5494 1391 5568 Magni
1427 5498 1760 5571 baptismum

165 5564 270 5634 pou
314 5552 603 5634 solum—in
650 5552 915 5634 Paschate
962 5572 1017 5620 et
1060 5552 1380 5627 Pentecoste
1426 5552 1761 5632 εἶέῆξίἦᾷἶῆ

160 5619 328 5710 fuisse
353 5665 369 5691 ,
396 5627 497 5682 sed
519 5629 684 5686 etiam
734 5633 789 5710 in
822 5619 1765 5710 summa:ataaiigg'aéain‘;

158 5701 475 5780 stravimus.
511 5713 621 5780 ex“
643 5701 1019 5780 antiquissimo
1084 5701 1560 5772 Sacramentorunt
1588 5701 1595 5702 ί
1624 5701 1764 5776 libro

153 5769 483 5835 monasterii
504 5767 845 5845 Gcllonensis
876 5779 1055 5853 ipsius
1084 5789 1331 5856 tempore
1370 5767 1598 5861 sti-iiiis.
1624 5767 1766 5848 vii;

1868 4602 2196 4676 generaliter
2222 4602 2292 4658 ad
2325 4602 2587 4661 ecclesias
2609 4602 2837 4671 vicinas,
2865 4602 2959 4661 ubi
2988 4600 3075 4661 eis
3091 4599 3463 4670 denuntiatur,

1832 4684 1835 4693 ’
1868 4693 2064 4750 devota
2086 4701 2268 4750 mente
2296 4703 2609 4762 occurrant,
2640 4703 2695 4750 et
2723 4696 2771 4750 si
2790 4694 2928 4751 hora
2954 4692 3043 4749 vel
3074 4692 3233 4751 locus
3255 4692 3465 4765 permi-
3514 4725 3541 4765 ε

1866 4785 2021 4854 serit,
2050 4784 2231 4857 aliquo
2259 4786 2497 4859 spatioso
2541 4787 2660 4844 loco
2706 4785 2895 4843 litania
2926 4784 3249 4859 procedant,
3302 4792 3468 4856 atque

1864 4878 2146 4950 psallendo
2178 4880 2467 4938 ecclesiam
2489 4879 2776 4945 intrantes,
2814 4894 2940 4937 cum
2980 4878 3132 4939 omni
3179 4877 3471 4937 devotione

1866 4973 2091 5030 missam
2129 4973 2369 5030 audiant.
2408 4973 2524 5045 Qua
2551 4974 2796 5043 subacta,
2825 4974 3201 5049 unusquisque
3244 4974 3475 5033 domum

1867 5064 2078 5132 redeat,
2105 5073 2159 5122 et
2182 5066 2401 5122 statutis
2430 5066 2568 5124 cibis
2597 5069 2814 5141 corpori
2860 5067 3182 5147 satisfaciat.
3234 5085 3355 5129 non
3395 5070 3475 5129 ad

1868 5158 2227 5227 voluntatem,
2280 5159 2377 5225 sed
2422 5159 2492 5215 ad
2542 5160 2931 5223 necessitatem
2972 5178 3051 5237 ac,
3088 5162 3469 5225 sobrietatem.

1869 5249 2135 5309 Similiter
2160 5266 2375 5324 quoque
2400 5266 2683 5309 monemus
2708 5269 3179 5328 unumquemque,
3210 5264 3273 5317 ut
3314 5256 3471 5316 cloe-

1868 5360 2156 5421 mosynam
2179 5344 2384 5413 faciant
2424 5346 2725 5406 secundum
2767 5349 2914 5423 quod
2959 5350 3309 5411 commodum
3342 5352 3473 5412 sub-

1997 5502 2116 5581 t_de
2137 5501 2376 5574 antiquis
2406 5501 2664 5581 Ecclesia:
2706 5504 2945 5581 Ritibus,
2985 5507 3162 5581 capite
3192 5507 3245 5578 Ι,
3268 5516 3374 5564 art.
3408 5508 3461 5563 1.

1938 5576 1968 5617 h
2004 5573 2111 5651 S_i(_:_
2154 5573 2598 5651 innxiuscriptum
2669 5573 3068 5651 Andaginensis
3147 5573 3466 5641 monasterii

1866 5647 2040 5722 sancti
2070 5646 2295 5722 lluherti
2320 5646 2645 5722 ante'annos
2688 5649 2793 5704 800
2829 5646 3153 5722 exaratum;
3199 5652 3295 5710 alii
3334 5666 3464 5709 vero

1868 5716 2213 5779 Garibaldum
2241 5720 2527 5777 nominant
2556 5721 2872 5795 episcopum
2907 5716 3280 5785 Leodiensem.
