3996 6320
523 223 626 285 919

1431 221 1492 278 n.
1532 215 1784 280 canon
1821 211 2040 276 mem
2075 177 2228 276 cer.
2269 215 2450 276 mas
2486 215 2552 276 ιι.
2593 214 2837 277 samo
2875 215 2920 274 ι

3649 241 3725 300 θῖθ

517 339 734 398 stantia;
757 352 871 397 suae
891 336 1223 411 permiserit,
1245 342 1302 396 et
1344 339 1545 394 mentis
1593 320 1831 405 devotio,
1872 335 2106 392 Domino
2130 343 2188 405 Α
2210 337 2393 394 omnia
2420 338 2661 399 tradant.
2687 337 2831 393 sicut
2853 333 3104 394 superius
3127 335 3386 402 diximus.
3422 338 3550 409 Nam
3587 364 3631 411 et
3657 374 3729 430 per

516 434 836 504 inspirante,
861 433 1130 500 suaserit;
1179 441 1236 488 et
1273 433 1646 503 unusquisque
1666 432 2110 504 presbyterorum

515 525 742 580 missam
761 532 963 591 cantet,
989 531 1045 579 et
1079 521 1302 579 alterius
1329 523 1536 579 ordinis
1560 523 1790 579 clericus
1812 521 1898 578 vel
1923 535 2112 578 mona-

519 619 672 684 chus,
704 621 820 675 sive
849 619 962 674 Deo
1002 626 1234 684 sacrata,
1281 617 1372 687 qui
1398 618 1634 688 psalmos
1663 615 1873 683 didicit,
1905 632 1936 670 L
1961 614 2111 685 psal-

519 725 671 765 mum
699 709 950 764 similiter
975 715 1174 764 cantet.
1223 705 1399 777 Opera
1456 716 1635 763 autem
1681 721 1745 760 ea
1787 705 1874 760 his
1919 705 2112 762 diebus

518 803 748 872 operare
771 800 1160 871 permittimus,
1194 815 1315 870 qua;
1362 814 1465 855 nec
1515 799 1583 854 ad
1615 797 1898 854 ecclesiam
1925 796 2115 852 venire

519 893 848 964 impediant,
900 906 1002 948 nec
1048 900 1174 948 ante
1211 900 1480 947 statutam
1529 893 1719 948 horam
1781 890 2113 946 manducare

521 993 616 1040 aut
661 997 688 1026 ι
711 984 900 1041 bibere
933 993 1150 1056 cogant.
1191 985 1311 1040 Duo
1356 997 1572 1054 quoque
1614 992 1812 1040 caetera
1852 983 2112 1039 triduana

512 1077 719 1149 jejunia
747 1079 832 1136 his
863 1079 1053 1134 diebus
1083 1079 1203 1148 pari
1247 1077 1460 1134 ratione
1483 1092 1582 1148 per
1618 1075 1801 1132 omnia
1826 1082 1987 1131 erunt
2027 1086 2116 1130 ce-

519 1173 801 1240 lebranda,
831 1187 1002 1228 unum
1031 1179 1156 1242 post
1204 1169 1609 1240 Theophaniam
1637 1183 1716 1225 vn
1747 1167 1895 1234 Idus,
1959 1175 2015 1223 et
2057 1180 2114 1221 1v

518 1269 667 1335 ldus,
693 1275 748 1323 et
775 1283 816 1322 ιι
850 1266 976 1322 Idus
1000 1264 1268 1322 Januarii.
1291 1262 1454 1320 Aliud
1477 1278 1606 1319 vero
1631 1269 1755 1332 post
1809 1261 2113 1331 Septuage-

521 1361 734 1427 simam,
769 1358 960 1415 nidus
991 1357 1296 1422 Februarii,
1319 1363 1373 1411 et
1398 1371 1469 1412 xv
1510 1355 1780 1411 Kalendas
1824 1352 2118 1419 Martii,,et

521 1466 577 1507 1v
605 1449 876 1506 Kalendas
898 1448 1097 1504 Martii.
1126 1447 1492 1503 Necessitates
1513 1458 1642 1500 vero
1665 1457 1801 1514 quas
1827 1457 1993 1512 supra
2016 1456 2117 1498 nos

523 1543 765 1598 dicturos
789 1556 910 1598 esse
938 1541 1293 1612 promisimus
1321 1542 1465 1596 inter
1490 1547 1737 1604 caeteras,
1767 1551 1903 1607 quas
1933 1544 2118 1592 tamen

521 1635 625 1691 hac
650 1634 768 1690 vice
803 1648 1232 1691 commemorare
1256 1632 1627 1689 necessarium
1681 1630 1955 1695 duximus,
1998 1629 2118 1685 haec

522 1734 668 1782 sunt.
696 1726 942 1795 Denique
975 1732 1312 1795 compertum
1347 1724 1609 1779 habemus
1645 1734 1744 1791 per
1791 1719 1977 1775 ﬁdeles
2020 1733 2119 1774 no-

521 1826 688 1884 stros,
719 1818 812 1887 qui
842 1816 1002 1875 nobis
1038 1816 1104 1872 de
1164 1815 1391 1887 singulis
1445 1813 1601 1884 regni
1645 1811 1821 1869 nostri
1870 1811 2119 1883 partibus

520 1908 640 1964 haec
672 1907 1076 1973 nuntiaverunt,
1108 1906 1253 1976 quod
1283 1905 1503 1961 insolito
1536 1919 1708 1970 more,
1739 1911 1796 1959 et
1822 1902 1968 1957 ultra
1991 1915 2120 1956 con-

520 2005 736 2054 suetum
760 1998 962 2068 ubique
1004 2007 1165 2054 terrae
1196 1997 1460 2054 sterilitas
1492 2011 1613 2052 esse
1637 2002 1692 2051 et
1719 1993 1877 2049 famis
1896 1991 2118 2062 pericu-

522 2088 635 2144 lum
663 2089 948 2145 imminere
974 2089 1208 2144 videtur.
1234 2089 1394 2144 Aeris
1415 2089 1581 2143 etiam
1609 2087 1964 2158 intemperies
2007 2085 2121 2140 fru-

521 2181 679 2250 gibus
711 2180 869 2235 valde
911 2180 1204 2246 contraria,
1253 2180 1563 2250 pestilentia
1605 2193 1820 2250 quoque
1871 2192 1970 2250 per
1997 2178 2120 2235 loca

519 2278 576 2325 et
600 2285 861 2341 pagorum
895 2272 1136 2342 gentium
1163 2273 1308 2327 circa
1353 2287 1567 2328 marcas
1608 2278 1825 2328 nostras
1877 2258 2121 2327 Sedentia

519 2360 661 2417 bella
684 2362 960 2430 continua,
988 2362 1160 2419 multa
1194 2373 1460 2435 praeterea
1481 2378 1605 2435 quae
1638 2372 1698 2419 et
1730 2377 1877 2419 nunc
1899 2376 2122 2418 enume-

519 2467 644 2507 rare
681 2452 904 2525 longum
942 2463 1047 2522 est,
1086 2463 1140 2510 et
1201 2456 1360 2512 nobis
1409 2455 1842 2528 experimentum
1891 2459 2122 2526 possunt

519 2559 642 2600 esse
666 2545 970 2613 notissima,
999 2547 1045 2602 si
1067 2546 1358 2603 recordare
1386 2547 1657 2614 volumus,
1701 2547 1881 2617 qualia
1909 2547 2123 2602 incom-

521 2634 684 2691 moda
707 2637 933 2708 singulis
964 2637 1155 2694 diebus
1190 2648 1417 2712 propter
1451 2639 1647 2695 merita
1694 2648 1884 2696 nostra
1923 2639 2126 2696 sentia-

522 2741 667 2793 mus,
723 2728 1135 2802 certissimeque
1183 2732 1251 2788 ab
1307 2731 1394 2788 his
1439 2731 1809 2789 exterioribus
1872 2731 2128 2803 colligere

521 2831 828 2887 possumus,
857 2835 958 2876 nos
974 2837 1072 2892 per
1106 2823 1292 2878 omnia
1322 2824 1560 2881 Domino
1589 2839 1697 2881 non
1728 2825 1946 2896 placere
1988 2825 2129 2880 inte-

521 2909 785 2980 rius,.qui
817 2919 970 2967 tanta
1004 2914 1146 2969 mala
1173 2915 1551 2986 compellimur
1580 2917 1816 2973 tolerare
1861 2918 2124 2975 exterius.

524 2999 889 3067 Quamobrem
917 3004 1122 3060 bonum
1150 3007 1309 3062 nobis
1332 3008 1556 3064 omnino
1584 3009 1820 3075 videtur,
1856 3017 1918 3064 ut
1958 3023 2128 3064 unus-

525 3089 1037 3159 quisque-nostrum
1065 3109 1158 3150 cor
1187 3111 1344 3152 suum
1365 3097 1656 3153 bumiliare
1680 3099 1738 3154 in
1760 3098 1990 3154 veritate
2015 3107 2125 3155 stu.

525 3181 671 3247 deat,
698 3189 754 3237 et
779 3182 835 3238 in
858 3198 1182 3257 quocunque
1210 3187 1351 3255 loco,
1389 3189 1506 3246 sive
1547 3198 1692 3257 actu,
1722 3191 1836 3246 sive
1862 3191 2123 3262 cogitatu,

527 3288 587 3329 se
605 3273 776 3331 Deum
802 3275 1096 3335 offendisse
1118 3280 1556 3352 deprehenderit,
1587 3283 1903 3354 paenitendo
1929 3291 2125 3354 terget,

524 3362 705 3421 ﬂendo
729 3366 930 3436 doleat,
957 3377 1014 3426 et
1042 3372 1392 3442 semetipsum
1423 3373 1482 3428 in
1532 3383 1794 3444 quantum
1852 3376 1971 3446 ipso
2022 3376 2130 3431 lar-

523 3455 706 3526 giente
726 3467 907 3530 potest
932 3461 1002 3517 ab
1040 3461 1126 3518 his
1157 3465 1314 3520 malis
1348 3465 1403 3520 in
1451 3464 1694 3522 futurum
1739 3468 1981 3524 cavendo
2026 3484 2126 3525 cu-

524 3547 748 3620 stodiat,
762 3557 818 3604 et
836 3549 955 3608 haec
973 3552 1132 3609 debet
1144 3569 1264 3610 esse
1278 3557 1573 3626 praemissae
1592 3560 1855 3616 orationis
1870 3559 2124 3629 intentio,

524 3647 586 3694 ut
610 3642 957 3712 omnipotens
983 3645 1146 3714 Deus,
1179 3649 1274 3719 qui
1325 3666 1436 3707 non
1484 3651 1661 3708 solum
1719 3653 1886 3721 facta,
1932 3669 2127 3710 verum

523 3731 688 3787 etiam
747 3743 1040 3807 antequam
1094 3738 1229 3796 ﬁant
1274 3743 1460 3799 omnia
1509 3745 1679 3812 novit,
1730 3747 1896 3802 corda
1938 3755 2130 3803 nostra

526 3833 876 3898 oompungat,
910 3835 966 3882 et
998 3843 1099 3886 nos
1125 3830 1231 3887 sibi
1267 3833 1539 3905 supplices
1562 3844 1726 3907 atque
1768 3833 2044 3906 subjectos
2069 3837 2127 3892 in

525 3926 656 3967 vera
680 3914 991 3973 humilitate
1017 3916 1204 3987 faciat,
1233 3930 1288 3977 et
1312 3939 1753 3995 unumquemque
1783 3934 2032 3981 nostrum
2059 3927 2128 3982 ab

527 4001 876 4060 observantia
895 4007 1277 4067 mandatorum
1325 4028 1567 4082 suorum,
1621 4015 1847 4086 depulso
1895 4031 1927 4070 a
1971 4016 2129 4071 nobis

529 4093 680 4149 omni
703 4109 911 4166 errore,
941 4110 1242 4169 convertat,
1280 4105 1733 4176 misereaturque,
1763 4107 1876 4162 sive
1898 4123 1930 4162 a
1969 4107 2129 4164 nobis

531 4185 678 4242 mala
705 4189 1041 4259 repellenda,
1069 4194 1183 4250 sive
1229 4195 1374 4253 bona
1425 4198 1622 4269 quibus
1679 4198 1888 4270 indigni
1940 4214 2129 4257 sumus

530 4277 841 4347 tribuendo,
869 4281 1012 4338 sicut
1035 4283 1151 4355 ipse
1174 4287 1326 4343 novit
1367 4303 1468 4345 nos
1513 4288 1775 4362 indigere,
1835 4297 1890 4344 et
1922 4291 2130 4346 tribuat

529 4379 591 4428 ut
620 4372 677 4429 in
706 4374 966 4432 membris
991 4376 1124 4445 suis,
1154 4376 1210 4433 id
1237 4386 1321 4434 est
1375 4381 1429 4436 in
1450 4396 1676 4452 corpore
1698 4388 1900 4438 sanctae
1933 4380 2126 4439 Eccle-

531 4467 627 4522 siae
655 4469 931 4524 numerari
963 4484 1290 4540 mereamur,
1319 4487 1481 4543 quam
1508 4475 1816 4544 paciﬁcare,
1863 4475 2124 4544 adunare,

532 4564 586 4611 et
611 4573 821 4630 regere,
861 4569 1022 4632 atque
1045 4563 1112 4619 ab
1141 4564 1291 4620 omni
1341 4564 1488 4621 malo
1520 4574 1806 4637 protegere
1851 4567 2124 4639 dignetur,

531 4649 690 4705 nobis
714 4652 879 4708 etiam
916 4653 972 4710 in
1005 4654 1099 4710 illa
1122 4657 1334 4713 unitate
1353 4658 1783 4727 comprehensis,
1805 4660 1896 4729 qui
1923 4668 1983 4715 ut
2005 4675 2128 4731 gra-

531 4741 664 4797 tiam
691 4743 837 4802 illius
869 4749 1172 4818 promereri
1211 4751 1517 4821 possimus,
1549 4751 1668 4806 haec
1719 4750 1926 4822 jejunia
1965 4762 2128 4825 atque

530 4833 633 4889 has
661 4838 936 4895 orationes
967 4841 1036 4896 ab
1061 4842 1317 4897 omnibus
1346 4841 1502 4898 vobis
1524 4843 1853 4914 generaliter
1878 4845 1995 4901 ﬁeri
2035 4846 2129 4902 de-

535 4931 829 4989 crevimus.
861 4933 1015 4991 Hanc
1039 4949 1255 5006 quoque
1274 4937 1558 5008 epistolam
1583 4940 1885 5013 relegentes
1925 4958 2125 5000 secun-

532 5020 660 5077 dum
687 5024 788 5082 tibi
815 5040 849 5081 a
875 5025 988 5083 Deo
1039 5027 1224 5082 datam
1268 5029 1590 5100 sapientiam
1647 5047 1830 5090 coram
1874 5035 2128 5091 omnibus

533 5112 821 5184 diligenter
844 5117 1042 5189 relege,
1066 5125 1123 5174 et
1140 5118 1358 5178 tradere
1379 5121 1546 5180 facias
1570 5141 1584 5191 ;
1623 5124 1698 5180 ita
1727 5132 1788 5180 ut
1809 5139 2000 5182 omnes
2045 5125 2128 5180 in-

532 5203 780 5276 telligant
810 5223 913 5280 pro
939 5224 1046 5280 qua
1073 5213 1399 5270 necessitate
1433 5216 1552 5272 haec
1607 5217 1816 5289 agenda
1863 5224 2021 5283 sunt;
2075 5223 2132 5272 et

533 5299 906 5370 unusquisque
930 5311 1170 5360 vestrum
1205 5320 1304 5376 per
1338 5307 1580 5378 singulas
1621 5307 1882 5364 ecclesias
1923 5307 2129 5379 baptis-

535 5389 704 5446 males
751 5391 989 5465 dirigite,
1042 5405 1098 5454 et
1151 5397 1322 5457 bonos
1370 5400 1697 5473 interpretes
1738 5402 1941 5460 mittite
1965 5444 1983 5473 ,
2038 5405 2134 5474 qui

609 5551 634 5578 ιι
671 5537 812 5596 Hinc
843 5548 997 5614 patet
1031 5542 1280 5599 illicitum
1328 5548 1498 5602 fuisse
1548 5544 1923 5614 Jejunantibus
1976 5552 2134 5601 extra

538 5617 748 5691 tempus
785 5613 1099 5670 refectionis
1119 5615 1344 5691 bibere;
1370 5618 1516 5691 unde
1539 5613 1762 5691 colliges
1790 5631 1953 5686 quam
1989 5631 2135 5691 caeco

538 5681 616 5738 illi
644 5681 892 5742 laborant
928 5700 1137 5756 errore,
1159 5687 1253 5756 qui
1278 5681 1546 5760 liquidum
1586 5681 1694 5745 non
1719 5681 2136 5760 frangerejcju~

2213 428 2429 502 singula
2455 428 2790 486 monasteria
2816 426 2960 483 infra
2999 431 3256 500 parochia
3295 442 3386 491 tua
3423 441 3495 498 ita
3510 426 3662 505 iacias.

2654 519 2660 522 ’
2736 519 3072 577 EPISTOLA
3117 521 3284 580 XVII.

2477 629 2546 670 AD
2585 628 2836 669 PIPPINUH
2874 630 3056 670 Πιιιιιι
3095 630 3277 672 REGE!
3316 632 3524 682 ιτΑιιε.

2335 704 2566 780 Βίραεε
2596 707 2933 762 ecctesiarum
2971 706 3069 760 Dei
3107 717 3158 762 et
3192 708 3300 764 illis
3334 717 3639 780 servientium.

2817 795 3010 869 (Anno
3043 797 3175 854 801.
3205 797 3228 871 )

2683 889 2780 952 (Ex
2800 888 2976 953 Mansi,
3000 888 3185 940 Coucil.
3212 889 3353 958 Coll.)
3746 888 3753 949 ζ

2288 971 2514 1030 Carolus
2547 971 2929 1028 serenissimus
2958 969 3246 1044 Augustus
3277 992 3310 1031 a
3348 977 3450 1034 Deo
3477 995 3726 1057 coronatus,

2217 1079 2477 1136 magnus,
2513 1062 2775 1134 paciﬁcus
2826 1063 3149 1134 imperator,
3206 1065 3551 1129 Romanorum
3593 1081 3732 1149 guber.

2216 1174 2356 1215 nans
2383 1159 2692 1229 imperium,
2721 1173 2785 1213 ac
2813 1173 2914 1228 per
2937 1159 3375 1220 misericordiam
3401 1167 3486 1221 Dei
3511 1183 3590 1224 rex
3613 1171 3732 1228 Fian-

2219 1265 2410 1307 corum
2446 1258 2500 1304 et
2524 1249 3010 1320 Langobardorum
3030 1291 3044 1316 ,
3087 1250 3438 1314 dilectissimo
3476 1259 3570 1315 lilio
3599 1273 3734 1320 nostro

2220 1342 2448 1413 Pippino
2489 1342 2725 1413 glorioso
2769 1343 2884 1414 regi
2919 1343 3310 1413 sempiternam
3355 1349 3408 1404 in
3448 1351 3638 1408 Domino
3670 1370 3734 1411 sa-

2221 1434 2391 1490 lutem
2405 1475 2413 1488 .

2293 1527 2548 1584 Pervenit
2565 1527 2634 1583 ad
2655 1540 2817 1582 aures
2840 1534 3063 1583 nostras
3085 1526 3223 1600 [Αι.,
3253 1528 3532 1588 clementiae
3551 1533 3740 1609 nostra],

2223 1619 2367 1690 quod
2391 1619 2558 1690 aliqui
2585 1619 2748 1675 duces
2769 1659 2785 1685 ,
2819 1625 2876 1675 et
2900 1633 3092 1675 eorum
3113 1619 3361 1689 juniores
3379 1664 3394 1688 ,
3421 1625 3626 1682 castaldii
3643 1669 3655 1689 ,
3675 1625 3738 1681 vi-

2145 1699 2198 1764 Β
2223 1712 2390 1778 carii,
2439 1711 2770 1777 centenarii,
2805 1724 2902 1766 seu
2952 1711 3153 1781 reliqui
3187 1713 3576 1782 ministeriales,
3614 1716 3742 1773 falco-

2221 1807 2362 1862 narii
2387 1846 2403 1872 ,
2446 1812 2732 1861 venatores
2752 1845 2768 1871 ,
2811 1813 2867 1860 et
2912 1806 3098 1862 caeteri
3145 1821 3244 1876 per
3294 1809 3489 1881 singula
3532 1811 3739 1868 territoria

2175 1921 2180 1928 ι
2223 1900 2532 1956 habitantes
2570 1898 2656 1955 vel
2684 1898 3056 1954 discurrentes
3073 1940 3089 1966 ,
3120 1900 3524 1957 mansionaticos
3552 1911 3595 1958 et
3621 1920 3740 1973 para-

2223 1992 2420 2047 vereda
2451 1989 2722 2060 accipiant
2747 2028 2763 2053 ,
2797 2003 2907 2044 non
2935 1987 3116 2044 solum
3144 2005 3308 2060 super
3332 1990 3517 2047 liberos
3537 1991 3739 2060 homines,

2224 2085 2321 2140 sed
2343 2084 2507 2139 etiam
2533 2083 2590 2137 in
2615 2080 2874 2137 ecclesias
2902 2080 3018 2146 Dei,
3049 2082 3382 2137 monasteria
3405 2082 3617 2138 videlicet
3634 2083 3744 2136 vim»

2225 2194 2348 2234 rum
2389 2193 2453 2233 ac
2489 2175 2822 2246 puellarum,
2869 2183 2924 2230 et
2970 2175 3344 2240 xenodochia,
3382 2182 3530 2246 atque
3562 2175 3745 2231 diversas

2223 2271 2412 2343 plebes
2439 2311 2454 2336 ,
2511 2277 2565 2326 et
2611 2283 2772 2338 super
2828 2267 3068 2338 reliquos
3125 2267 3418 2324 servientes
3469 2266 3744 2322 ecclesiarum

2223 2364 2353 2430 Dei,
2387 2365 2443 2420 in
2487 2379 2676 2420 eorum
2706 2377 2872 2434 opera
2891 2402 2906 2427 ,
2941 2362 2997 2417 id
3033 2369 3160 2428 est,
3189 2361 3245 2416 in
3271 2361 3465 2427 vineis,
3491 2368 3539 2416 et
3562 2359 3741 2428 campis,

2225 2473 2322 2514 seu
2344 2457 2536 2528 pratis,
2563 2471 2666 2512 nec
2695 2470 2804 2510 non
2833 2461 2889 2510 et
2914 2454 2972 2509 in
2996 2467 3198 2510 eorum
3223 2451 3453 2509 aediﬁciis
3473 2451 3581 2506 illos
3595 2449 3745 2505 faciant

2227 2549 2470 2620 operari,
2506 2557 2560 2604 et
2593 2549 2930 2613 carnaticos,
2961 2553 3016 2601 et
3050 2545 3248 2601 vinum
3276 2551 3456 2601 contra
3477 2556 3652 2598 omnem
3673 2537 3745 2608 ju-

2228 2640 2434 2696 stitiam
2488 2640 2556 2695 ab
2607 2639 2686 2695 eis
2742 2647 2998 2696 exactare
3047 2652 3167 2693 non
3212 2642 3457 2700 cessant,
3504 2640 3551 2688 et
3593 2629 3746 2686 multas

2227 2731 2606 2803 oppressiones
2647 2731 2926 2802 patiantur
2964 2732 3094 2802 ipsae
3139 2729 3378 2787 ecclesia:
3410 2726 3522 2792 Dei,
3563 2722 3632 2778 vel
3655 2735 3744 2776 ser-

2228 2827 2437 2883 vientes
2463 2839 2670 2882 earum.
2704 2825 2970 2896 Ideoque,
3000 2823 3326 2880 charissime
3360 2820 3458 2888 ﬁli,
3484 2819 3569 2874 has
3587 2817 3746 2872 litteras

2230 2919 2298 2974 ad
2341 2926 2490 2973 tuam
2545 2916 2889 2973 dilectionem
2937 2916 3244 2973 direximus
3266 2956 3282 2983 ,
3317 2921 3377 2970 ut
3422 2913 3545 2968 hanc
3580 2918 3745 2965 causam

2231 3009 2520 3082 diligenter
2534 3024 2599 3065 ac
2619 3009 2916 3080 prudenter
2942 3008 3227 3078 inquirere
3248 3004 3428 3071 facias,
3451 3011 3517 3070 et,
3541 3002 3579 3058 si
3596 2999 3746 3054 veritas

2230 3112 2315 3161 est
2339 3104 2485 3175 quod
2509 3103 2586 3158 ita
2621 3101 2826 3158 factum
2856 3103 2928 3158 sit
2951 3143 2968 3169 ,
3005 3101 3268 3172 deinceps
3290 3096 3584 3156 omnimodis
3607 3103 3748 3151 emen-

2231 3197 2362 3253 dare
2385 3201 2440 3250 et
2467 3195 2742 3266 corrigere
2768 3192 3006 3260 studeas,
3031 3200 3307 3262 quatenus
3332 3190 3384 3247 in
3414 3188 3584 3246 diebus
3602 3179 3750 3243 uostds

2229 3303 2294 3344 ac
2323 3286 2433 3343 tuis
2458 3301 2564 3358 pax
2612 3285 2963 3342 ecclesiarum
3005 3284 3140 3351 Dei,
3189 3285 3304 3341 sive
3349 3281 3548 3340 illarum
3572 3276 3753 3336 εει-ᾔειν·

2229 3381 2366 3436 tium
2383 3420 2398 3446 ,
2425 3381 2482 3435 in
2513 3379 2768 3435 omnibus
2808 3384 3188 3445 conservetur,
3215 3385 3271 3434 et
3295 3387 3357 3437 ut
3377 3391 3567 3436 merces
3588 3365 3754 3438 ωΡίθεδ

2228 3473 2388 3529 nobis
2429 3487 2495 3529 ac
2529 3471 2627 3528 tibi
2675 3471 2873 3528 exinde
2915 3470 3120 3542 iugiter
3177 3477 3462 3530 accrescat.
3507 3463 3752 3520 Audivimus

2231 3566 2397 3625 etiam
2439 3565 2585 3637 quod
2631 3563 2882 3634 quaedam
2928 3560 3176 3630 capitula
3225 3578 3343 3634 qua:
3390 3562 3443 3616 in
3491 3556 3593 3628 lege
3633 3550 3748 3608 scribi

2224 3656 2510 3728 iussimus,
2541 3670 2640 3724 per
2664 3652 2844 3723 aliqua
2867 3650 2988 3707 loca
3013 3651 3192 3722 aliqui
3222 3669 3290 3710 ex
3324 3649 3512 3708 nostris
3533 3662 3589 3702 ac
3607 3641 3754 3700 vestris

2232 3749 2442 3812 dicant,
2479 3744 2622 3817 quod
2662 3759 2763 3800 nos
2802 3757 3154 3814 nequaquam
3189 3744 3294 3800 illis
3335 3744 3467 3800 hanc
3498 3733 3756 3797 causamad-

2231 3837 2484 3893 notitiam
2521 3850 2618 3906 per
2642 3833 3018 3905 fnosmetipsos
3056 3836 3365 3892 condictam
3404 3834 3686 3894 habeamus;
3711 3831 3752 3880 et

2233 3929 2355 3984 ideo
2381 3926 2575 3983 nolunt
2605 3925 2684 3982 eis
2713 3925 2969 3992 obedire,
3011 3940 3115 3981 nec
3152 3926 3483 3991 consentire,
3514 3935 3659 3992 neque
3677 3930 3756 3988 pro'

2231 4017 2353 4088 lege
2381 4026 2591 4073 tenere.
2631 4015 2714 4070 Tu
2753 4023 2938 4071 autem
2977 4015 3123 4072 nosti
3170 4015 3434 4087 quomodo
3467 4012 3542 4069 vel
3577 4010 3748 4082 qualiter

2213 4116 2414 4188 ‘tecum
2445 4107 2611 4163 locuti
2643 4106 2844 4163 fuimus
2868 4103 2938 4163 de
2977 4107 3110 4176 ipsis
3141 4107 3411 4178 capitulis.
3443 4104 3506 4161 Et
3540 4103 3641 4158 ideo
3677 4095 3750 4188 ad-

2232 4213 2517 4255 monemus
2551 4206 2702 4254 tuam
2743 4197 3033 4254 amabilem
3070 4197 3410 4254 dilectionem
3426 4237 3440 4262 ,
3467 4202 3520 4250 ut
3555 4206 3635 4262 per
3660 4184 3756 4242 univ

2231 4307 2449 4348 versum
2472 4305 2702 4363 regnum
2723 4290 2822 4346 tibi
2847 4304 2882 4345 a
2905 4289 3018 4346 Deo
3042 4291 3392 4346 commissum
3409 4303 3470 4344 ea
3483 4291 3594 4341 nota
3611 4277 3752 4340 faciat,

2232 4394 2287 4442 et
2319 4386 2540 4442 obedire
2570 4393 2735 4455 atque
2765 4383 2992 4454 implere
3025 4382 3327 4455 praecipiat.
3360 4382 3435 4437 De
3471 4372 3689 4448 episcopis
3709 4375 3756 4423 et

2231 4480 2606 4537 sacerdotibus
2631 4477 2828 4535 occisis
2843 4519 2858 4544 ,
2890 4477 3031 4533 sicut
3056 4484 3320 4533 statutum
3343 4474 3608 4532 habemus,
3631 4471 3675 4517 ‘et
3701 4459 3755 4514 de

2231 4573 2457 4644 reliquis
2484 4570 2817 4643 quibuslibet
2841 4565 3041 4627 causis:
3075 4570 3458 4626 Verumtamen
3483 4564 3543 4619 de
3578 4553 3752 4628 ι)ιέεῆ⁸

2230 4665 2364 4722 teris
2393 4663 2608 4719 videtur
2633 4662 2823 4729 nobis,
2864 4668 2927 4715 ut
2964 4659 3011 4716 si
3045 4659 3182 4716 liber
3219 4665 3376 4713 natus
3401 4661 3478 4718 est
3510 4647 3750 4722 presbyter.

2233 4756 2393 4827 tripla
2425 4754 2822 4825 compositione
2845 4753 3140 4810 secundum
3170 4759 3318 4807 tuam
3346 4750 3510 4818 legem
3539 4741 3618 4796 ﬁat
3637 4745 3751 4791 com-

2231 4849 2472 4920 positus;
2501 4855 2557 4904 et
2592 4847 2638 4903 si
2667 4847 2919 4918 plagatus
2947 4847 3113 4902 fuerit
3139 4887 3156 4912 ,
3191 4842 3477 4902 secundum
3501 4832 3752 4906 qualitatem

2230 4941 2513 5012 plagarum
2542 4937 2628 4995 vel
2669 4938 2966 5008 disciplinae
3013 4938 3174 5008 tripla
3210 4931 3576 5005 compositione
3608 4931 3752 4977 cmen-

2202 5025 2389 5089 ‘detur
2437 5033 2529 5103 qui
2587 5032 2693 5089 hoc
2741 5033 3156 5103 perpetraverit.
3209 5032 3266 5088 Si
3315 5039 3484 5084 tamen
3529 5017 3753 5095 presbyter

2232 5140 2421 5181 servus
2474 5129 2635 5180 natus
2686 5122 2852 5179 fuerit
2879 5162 2893 5184 ,
2951 5123 3245 5179 secundum
3295 5120 3433 5175 illius
3475 5109 3750 5203 nativitatem

2234 5219 2393 5291 tripla
2432 5218 2824 5290 compositione
2865 5216 3109 5273 solvatur
3138 5218 3192 5272 in
3219 5214 3388 5285 plagis
3412 5218 3463 5266 et
3494 5197 3749 5291 disciplinis-

2205 5290 2320 5369 'Eti
2341 5312 2410 5368 de
2454 5311 2772 5367 diaconibus
2813 5309 3065 5364 similiter
3101 5308 3213 5364 ﬁat.
3253 5307 3347 5360 His
3386 5296 3614 5370 expletis,
3644 5290 3769 5374 bene,

2240 5403 2360 5459 vale
2384 5415 2597 5471 semper
2621 5401 2677 5456 in
2711 5399 2960 5466 Domino,
2993 5398 3070 5454 ﬁli
3101 5395 3454 5454 dilectissime.

2151 3084 2199 3153 C

2241 5545 2393 5601 nium
2416 5545 2634 5608 docent,
2681 5539 2918 5594 maxime
2956 5538 3005 5594 si
3050 5537 3118 5593 de
3145 5536 3266 5608 vino
3310 5538 3505 5608 agalgll',
3549 5524 3643 5608 39f;
3666 5507 3750 5608 ἦξε

2240 5580 2393 5688 ﬁala"
2397 5580 2768 5688 c‘m'éiitfili
2775 5580 2866 5666 21“
2866 5580 2938 5688 ii};
2945 5580 3167 5688 Elegia;
3181 5580 3654 5688 'iiénfe‘jsjaggm
3678 5580 3750 5642 hic

2242 5672 2406 5745 ‘etiam
2427 5685 2483 5743 in
2504 5682 2801 5745 refectione
2819 5696 2851 5738 a
2867 5679 2997 5739 vino
3017 5679 3286 5739 abstinere
3307 5673 3561 5746 jubentur.
3743 5672 3780 5703 θ
