3996 6320
213 259 317 321 9m
710 382 738 413 α
764 360 1098 432 EPISTOLA
1123 369 1307 431 XVIII.

209 485 280 530 AD
305 478 543 527 ALBINUI
569 479 879 524 ωοιετιιωί
909 483 978 523 Εἰ·
1007 483 1076 522 AD
1101 480 1579 527 CONGREGATIONEI
1606 482 1798 526 SANCTI

695 574 921 614 IARTINI
962 574 1307 616 MONASTBRH.

807 650 996 722 (Anno
1033 651 1156 708 805.
1176 652 1196 723 )

562 741 659 804 (Ex
679 741 916 804 Froben.,
941 741 1068 806 Opp.
1094 742 1225 793 beati
1247 742 1483 810 Alcnini.)

277 827 336 884 In
379 827 601 884 nomine
626 827 823 892 Patris,
857 834 912 882 et
951 826 1092 893 r‘ilii,
1121 835 1174 881 et
1201 827 1433 897 Spiritus
1463 830 1658 886 sancti.
1699 830 1800 888 Ca-

209 920 393 986 rolus,
445 931 492 973 ei
541 919 776 990 reliqua,
826 918 1022 974 Albino
1077 920 1372 976 venerabili
1427 923 1690 994 magistro
1749 930 1804 979 et

206 1028 356 1068 omni
393 1013 799 1084 congregationi
838 1012 1152 1067 monasterii
1189 1013 1360 1067 sancti
1403 1012 1640 1069 Martini.

276 1104 461 1160 Pridie
483 1120 647 1174 quam
674 1105 742 1159 ad
763 1111 1006 1159 nostram
1031 1104 1372 1173 praesentiam
1397 1119 1429 1159 a
1455 1105 1608 1160 vobis
1634 1105 1801 1162 missa

203 1195 446 1251 venisset
485 1196 732 1265 epistola,
767 1195 944 1250 allata:
975 1195 1132 1251 nobis
1165 1206 1290 1252 sunt
1326 1197 1518 1254 littera:
1555 1214 1586 1253 a
1622 1199 1802 1255 Theo-

205 1291 356 1346 dulfo
403 1291 656 1362 episcopo
702 1292 901 1357 missas,
950 1293 1316 1362 querimonias
1355 1297 1694 1353 continentes
1737 1299 1805 1356 de

201 1385 620 1440 inhonoratione
645 1384 925 1440 hominum
956 1400 1196 1453 suorum,
1232 1395 1285 1442 et
1314 1403 1423 1443 non
1449 1398 1558 1444 tam
1584 1389 1802 1446 illorum

201 1492 369 1546 quam
409 1478 648 1547 episcopi
691 1476 854 1547 hujus
897 1478 1164 1546 civitatis,
1208 1481 1293 1535 vel
1331 1489 1642 1552 contemptu
1683 1482 1802 1552 jus-

1669 258 2049 321 EPISTOLIE.

3379 273 3486 338 929

1827 381 1884 444 Α
1906 395 2027 436 cam
2049 419 2066 448 ,
2107 393 2267 452 quam
2303 380 2409 439 nisi
2444 391 2568 454 post
2606 383 2982 456 paenitentiam
3019 389 3226 464 ingredi
3254 407 3366 452 non
3392 397 3488 455 de.

1900 473 2112 540 buerat,
2144 483 2333 532 contra
2362 476 2537 549 legem
2569 480 2868 553 ingressus,
2901 491 2957 540 et
2979 485 3173 554 adhuc,
3207 494 3269 542 ut
3293 487 3486 561 fertur,

1903 578 2154 635 perverse
2183 568 2365 623 vivere
2389 584 2498 626 non
2540 586 2779 640 cessans,
2809 581 2870 629 ut
2897 575 3097 644 dicitis,
3125 577 3266 634 sicut
3294 577 3494 638 Paulus

1901 657 2174 725 apostolus
2211 657 2480 717 Caesarem
2526 664 2852 734 appellavit,
2892 667 2987 723 sed
3023 681 3360 741 nequaquam
3380 711 3395 738 ,
3433 678 3498 730 ut

1901 746 2118 816 Paulus,
2146 750 2412 809 Cirsarem
2444 755 2533 812 adi
2560 771 2692 815 urus
2715 767 2817 814 est.
2846 758 2928 817 Illi
2957 763 3122 830 enim,
3159 767 3301 836 apud
3334 780 3496 836 quem

1902 852 2219 913 accusatus,
2258 855 2314 902 et
2365 863 2397 903 a
2442 865 2550 920 quo
2597 849 2874 922 judicatus
2931 863 3094 926 atque
3141 857 3197 913 in
3249 860 3496 918 custodia

1902 935 2100 992 missus
2125 944 2226 1003 est,
2259 945 2314 992 et
2338 938 2405 994 de
2443 939 2600 1009 cujus
2625 943 2868 998 custodia
2909 946 3115 1011 evasit,
3152 948 3499 1020 praecipimus

1902 1034 1964 1081 ut
1993 1029 2266 1095 reddatur,
2294 1039 2349 1084 et
2374 1030 2463 1084 ille
2487 1045 2611 1087 eum
2638 1034 2708 1089 ad
2729 1042 2973 1090 nostram
3003 1038 3353 1104 audientiam,
3382 1041 3500 1096 sive

1903 1131 2049 1182 vera,
2081 1120 2195 1175 sive
2220 1119 2356 1176 falsa
2385 1121 2674 1191 dicentem,
2707 1127 2971 1192 adducat,
3006 1130 3132 1199 quia
3159 1145 3268 1186 non
3303 1133 3499 1200 decet,

1902 1218 1964 1265 ut
2000 1219 2222 1281 propter
2269 1212 2430 1267 talem
2458 1214 2732 1272 hominem
2775 1225 2979 1274 nostra:
3008 1222 3198 1290 primae
3238 1221 3502 1293 jussionis

1903 1299 2012 1354 ulla
2072 1300 2166 1355 ﬁat
2228 1299 2556 1359 immutatio.
2618 1305 2725 1362 Sed
2769 1315 2825 1362 et
2867 1309 3023 1365 valde
3062 1311 3361 1378 miramur,
3403 1327 3503 1368 cur

1904 1391 2060 1446 vobis
2101 1391 2231 1446 solis
2273 1392 2448 1448 visum
2493 1393 2566 1448 sit
2607 1405 2808 1453 nostrae
2858 1399 3201 1456 auctoritatis
3233 1399 3503 1458 sanctioni

1905 1490 1961 1537 et
2003 1483 2219 1541 decreto
2258 1489 2718 1556 contraeundum,
2745 1508 2870 1547 cum
2904 1493 3111 1563 liquido
3144 1503 3328 1566 pateat
3353 1504 3409 1552 et
3433 1509 3504 1553 ex

201 1571 374 1625 sionis
401 1570 618 1640 imperii
650 1572 854 1636 nostri;
887 1587 1048 1641 quam
1068 1572 1368 1642 jussionem
1407 1577 1474 1630 de
1503 1577 1804 1631 redditione
1907 1577 2300 1632 consuetudine
2337 1579 2541 1646 veteri,
2568 1588 2624 1634 et
2658 1596 2726 1637 ex
2759 1585 3149 1642 constitutione
3185 1587 3365 1658 legum
3394 1585 3506 1659 [ro-

200 1663 488 1732 ‘cujusdam
516 1663 700 1719 clerici
727 1663 794 1718 de
818 1666 1061 1720 custodia
1089 1667 1258 1736 ipsius
1289 1669 1476 1738 elapsi,
1503 1679 1556 1725 et
1579 1670 1634 1724 in
1659 1671 1803 1726 basi-

1909 1665 2060 1738 gum]
2103 1668 2316 1723 decreta
2346 1678 2494 1726 recta
2532 1670 2648 1743 [F.,
2679 1672 2820 1745 rata]
2845 1689 2966 1730 esse
3003 1677 3227 1744 debere,
3254 1690 3357 1732 nec
3384 1676 3504 1736 cui-

200 1756 308 1813 lica
361 1756 537 1811 sancti
587 1755 801 1811 Martini
865 1757 1129 1813 latitantis
1192 1761 1292 1816 sub
1347 1763 1520 1817 nostri
1569 1764 1804 1821 nominis
1835 1750 1885 1814 Β
1914 1774 2076 1829 quam
2103 1762 2428 1830 permissum
2454 1763 2671 1819 illorum
2694 1766 2869 1820 edicta
2903 1767 2990 1822 vel
3021 1775 3224 1823 statuta
3260 1776 3505 1824 contem-

199 1849 532 1904 auctoritate
561 1849 906 1905 conscribere
930 1849 1227 1920 jussimus;
1258 1853 1412 1923 cujus
1447 1855 1611 1911 etiam
1650 1859 1806 1915 nobis

199 1940 538 2010 exemplaria
588 1940 815 1996 misistis
843 1939 958 2013 [F.,
996 1944 1218 1998 vobis...
1255 1945 1562 2019 misimus],
1601 1947 1656 2002 in
1685 1949 1806 2019 qui-

198 2034 304 2088 bus
345 2048 448 2088 nos
489 2045 833 2102 nequaquam
879 2031 1078 2102 injuste
1125 2036 1330 2106 aliquid
1375 2039 1709 2106 decrevisse,
1745 2048 1807 2096 ut

200 2125 358 2181 vobis
397 2124 578 2180 visum
618 2123 753 2190 fuit,
780 2133 1050 2194 putamus.
1084 2125 1190 2182 Sed
1237 2143 1360 2183 cum
1393 2138 1651 2200 utrasque
1693 2133 1807 2201 epi-

201 2223 401 2289 stolas,
435 2230 671 2276 vestram
717 2221 944 2288 scilicet,
970 2231 1025 2277 et
1053 2222 1351 2291 Theodulﬁ,
1379 2227 1537 2282 nobis
1563 2227 1807 2299 relegere

202 2317 557 2380 fecissemus,
596 2314 839 2383 asperior
870 2315 1041 2370 multo
1081 2317 1236 2372 nobis
1266 2326 1321 2372 et
1351 2334 1476 2374 cum
1521 2320 1804 2376 iracundia

201 2406 506 2476 composita
542 2413 755 2471 vestra,
787 2421 950 2475 quam
975 2406 1256 2463 Theodulii
1295 2410 1580 2465 videbatur
1602 2413 1807 2480 cpisto-

201 2497 286 2562 la,
335 2505 389 2552 et
443 2497 500 2551 in
545 2497 692 2551 nullo
747 2512 876 2568 erga
928 2497 1078 2552 illum
1106 2500 1416 2557 Acharitatis
1461 2503 1806 2560 condimento

201 2601 488 2660 respersa;
527 2589 622 2644 sed
656 2589 837 2658 potius
873 2589 1026 2659 quasi
1058 2603 1210 2644 reum
1251 2590 1574 2658 defendens,
1607 2602 1662 2648 et
1692 2595 1808 2664 epi-

203 2695 432 2749 scopum
485 2694 778 2744 accusans,
811 2691 865 2735 et
911 2682 1012 2736 sub
1057 2681 1324 2737 velamine
1367 2685 1602 2753 quodam
1648 2685 1808 2741 celati

201 2771 447 2826 nominis
477 2771 761 2827 continens
785 2772 870 2826 vel
907 2781 1091 2842 posset
1128 2774 1212 2828 vel
1252 2777 1465 2830 admitti
1495 2779 1564 2834 ad
1588 2792 1810 2833 accusa-

200 2863 413 2926 tionem
451 2866 700 2932 deberet;
731 2881 854 2920 cum
892 2865 995 2922 hoc
1039 2867 1260 2923 omnino
1298 2875 1353 2922 et
1395 2868 1574 2924 divina
1611 2877 1666 2923 et
1704 2871 1808 2924 hu-

202 2973 367 3012 mana
407 2957 528 3031 lege
575 2959 843 3015 sancitum
893 2959 982 3025 sit,
1009 2961 1038 3000 b
1077 2955 1209 3016 n'iilli
1243 2962 1535 3018 criminoso
1575 2963 1806 3019 alterum

198 3053 501 3108 accusandi
528 3052 644 3108 dari
670 3052 976 3120 licentiam,
1009 3068 1319 3123 quanquam
1353 3070 1384 3109 a
1415 3056 1571 3111 vobis
1596 3057 1665 3112 ad
1701 3055 1806 3112 hoc

211 3142 471 3199 defensus
515 3151 571 3198 et
616 3152 970 3200 conservatus
1013 3145 1084 3200 sit
1124 3145 1232 3201 'sub
1283 3147 1507 3202 obtentu
1548 3146 1832 3217 jussionis

201 3239 449 3294 nominis
482 3240 688 3305 nostri,
718 3247 779 3294 ut
825 3239 917 3310 qui
955 3237 1070 3309 jam
1101 3237 1420 3308 accusatus,
1449 3248 1505 3295 et
1532 3251 1553 3279 ο
1586 3241 1642 3295 in
1683 3255 1813 3295 con-

199 3337 401 3397 specta
426 3329 610 3400 populi
648 3329 888 3386 civitatis
919 3344 1031 3384 suae
1061 3327 1336 3397 judicatus
1377 3338 1488 3395 est,
1519 3328 1813 3386 accusandi

201 3419 392 3474 locum
415 3421 616 3476 habere
645 3420 879 3477 Caesarei
908 3420 1144 3476 nominis
1174 3420 1532 3491 appellatione
1557 3423 1812 3488 deberet,

205 3510 276 3566 ad
305 3511 618 3580 exemplum
644 3511 790 3566 beati
808 3510 963 3566 Pauli
981 3511 1232 3581 apostoli,
1257 3513 1349 3581 qui
1377 3513 1518 3581 apud
1540 3512 1814 3582 principes

205 3601 412 3658 Iudaea:
429 3618 462 3657 a
486 3609 643 3675 gente
669 3617 766 3657 sua
792 3609 1098 3668 accusatus,
1127 3602 1222 3658 sed
1247 3603 1487 3658 nondum
1515 3603 1812 3672 judicatus,

207 3692 488 3748 Caesarem
531 3693 857 3763 appellavit,
891 3702 947 3748 et
997 3694 1066 3748 ab
1110 3694 1314 3749 eisdem
1369 3694 1703 3765 principibus
1746 3695 1816 3751 ad

209 3783 490 3840 Caesarem
516 3783 841 3854 judicandus
877 3785 1078 3841 missus
1118 3793 1203 3840 est
1241 3785 1379 3857 (Act.
1414 3802 1541 3853 xxv,
1573 3787 1660 3852 lo,
1700 3787 1812 3860 li),

208 3875 364 3945 quod
389 3888 730 3945 nequaquam
766 3877 1021 3947 praesenti
1058 3876 1277 3949 negotio
1305 3879 1574 3934 convenit.
1616 3878 1817 3938 Paulus

192 3966 365 4020 enim
409 3966 687 4035 apostolus
727 3980 759 4021 a
795 3964 993 4023 Iudaeis
1035 3974 1354 4034 accusatus,
1398 3969 1493 4024 sed
1528 3983 1635 4024 non
1669 3967 1816 4038 judi-

205 4067 403 4123 catus,
443 4056 712 4114 Czesarem
751 4058 1068 4128 appellavit,
1094 4068 1149 4116 et
1187 4061 1337 4117 adire
1377 4061 1676 4131 permissus
1710 4069 1812 4118 est.

193 4148 312 4204 Hic
341 4162 476 4204 vero
501 4147 718 4204 infamis
754 4149 1005 4216 clericus,
1034 4161 1089 4205 et
1114 4160 1400 4208 accusatus
1427 4161 1480 4206 et
1504 4151 1779 4221 judicatus
1799 4193 1815 4221 ,

193 4250 263 4295 net
292 4242 354 4296 in
393 4241 631 4296 .ustodia
657 4242 858 4298 missus
875 4282 890 4310 ,
917 4251 973 4298 et
999 4243 1065 4300 de
1088 4245 1333 4300 custodia
1356 4245 1570 4316 elapsus
1587 4287 1603 4313 ,
1632 4245 1818 4302 basili-

269 4407 304 4438 ιι
331 4389 605 4465 Epistula.
625 4392 803 4465 Magni
827 4393 1108 4458 momenti,
1125 4395 1300 4465 inquit
1311 4395 1564 4451 Baluzius
1591 4395 1645 4450 in
1671 4395 1817 4452 notis

1839 3109 1886 3172 C

1910 1866 2058 1907 nere.
2094 1853 2162 1907 Et
2187 1853 2242 1908 in
2269 1854 2372 1910 hoc
2397 1855 2530 1912 satis
2557 1858 2747 1912 mirari
2773 1859 3114 1928 nequivimus
3131 1889 3155 1926 ,-
3185 1859 3330 1931 quod
3359 1860 3508 1918 illius

1911 1943 2160 1998 scelerati
2187 1944 2421 2000 hominis
2446 1947 2711 2014 precibus,
2743 1963 2907 2016 quam
2931 1957 3133 2005 nostrae
3165 1949 3508 2006 auctoritatis

1904 2032 2242 2102 jussionibus
2287 2037 2662 2106 obtemperare
2707 2026 2997 2106 maluistis,
3044 2055 3167 2096 cum
3204 2055 3352 2096 nunc
3391 2039 3507 2096 cla-

1911 2126 2124 2181 rissime
2158 2127 2381 2196 liqueat,
2416 2145 2541 2184 cum
2564 2131 2754 2186 eodem
2781 2132 2999 2188 homine
3027 2146 3269 2190 amorem
3300 2133 3508 2189 discor-

1913 2217 2013 2272 diae
2054 2231 2120 2271 ex
2184 2218 2488 2288 irruptione
2551 2221 2834 2277 charitatis
2890 2221 2959 2277 de
3007 2223 3111 2280 hoc
3166 2223 3287 2279 loco
3333 2222 3509 2278 vetuit

1913 2305 2022 2377 [L.,
2056 2307 2480 2381 veluti]-egredi.
2518 2311 2623 2380 ipsi
2661 2311 2860 2382 quippe
2896 2313 3125 2380 nostris,
3154 2313 3247 2383 qui
3276 2327 3507 2385 congre—

1911 2401 2058 2472 gatio
2083 2401 2243 2471 hujus
2264 2404 2579 2460 monasterii
2609 2419 2672 2460 ac
2695 2405 2836 2460 servi
2855 2406 2952 2460 Dei
2979 2405 3057 2488 [et
3081 2406 3292 2462 utinam
3319 2419 3446 2460 vere
3462 2402 3506 2478 Ξ]

1911 2493 2186 2560 dicimini,
2224 2495 2458 2565 qualiter
2501 2495 2615 2566 jam
2657 2499 2848 2553 crebro
2885 2499 2996 2552 vita
3034 2505 3215 2553 vestra
3251 2513 3285 2552 a
3320 2495 3511 2552 multis

1913 2585 2189 2641 diﬂ'amata
2234 2595 2357 2654 est,
2405 2597 2460 2643 et
2503 2605 2611 2644 non
2651 2591 2856 2660 absque
2898 2605 2978 2645 re.
3021 2589 3328 2660 Aliquando
3353 2602 3502 2644 enim

1913 2681 2238 2747 monachos,
2268 2681 2557 2752 aliquando
2585 2682 2877 2738 canonicos
2896 2722 2910 2748 ,
2940 2681 3229 2752 aliquando
3255 2687 3510 2736 neutrum

1912 2785 2007 2830 vos
2060 2785 2180 2826 esse
2227 2773 2506 2828 dicebatis.
2553 2773 2622 2827 Et
2675 2789 2776 2829 nos
2822 2774 3152 2830 consulendo
3207 2772 3362 2828 vobis
3384 2809 3403 2838 ,
3453 2774 3513 2826 et

1912 2864 1979 2919 ad
2003 2865 2202 2919 malam
2221 2863 2421 2921 famam
2441 2867 2758 2922 abolendam
2773 2867 2801 2907 ἀ
2817 2869 3140 2939 magistrum
3163 2874 3218 2920 et
3241 2872 3510 2920 rectorem

1912 2954 2167 3010 idoneum
2193 2957 2345 3011 vobis
2375 2956 2667 3028 elegimus,
2697 2964 2752 3011 et
2780 2958 2845 3012 de
2872 2956 3180 3028 longinquis
3215 2951 3513 3026 provinciis

1913 3043 2291 3110 invitavimus,
2319 3046 2410 3114 qui
2438 3054 2492 3100 et
2525 3046 2706 3101 verbis
2731 3053 2785 3100 et
2821 3046 3280 3102 admonitionibus
3305 3051 3514 3100 rectam

1916 3133 2084 3190 vitam
2112 3135 2414 3202 instruere,
2444 3143 2528 3200 et,
2559 3136 2686 3206 quia
2723 3138 3009 3209 religiosus
3033 3144 3181 3204 erat,
3209 3137 3366 3193 bonae
3390 3148 3515 3190 con-

1916 3229 2240 3284 versationis
2272 3229 2521 3300 exemplo
2561 3232 2829 3300 potuisset
2872 3231 3186 3287 informare.
3217 3228 3345 3294 Sed,
3373 3225 3512 3298 proh

1917 3319 2104 3376 dolor!
2135 3321 2394 3378 aliorsum
2422 3333 2618 3379 cuncta
2649 3339 2911 3380 conversa
2941 3331 3100 3390 sunt;
3138 3331 3193 3377 et
3215 3332 3240 3361 ο
3267 3318 3515 3376 diabolus

1916 3429 2012 3468 vos
2056 3415 2212 3484 quasi
2260 3415 2542 3470 ministros
2595 3431 2722 3470 suos
2771 3416 2841 3470 ad
2889 3413 3262 3470 seminandam
3308 3411 3514 3466 discor-

1919 3503 2092 3569 diam,
2138 3504 2282 3557 inter
2316 3519 2450 3573 quos
2490 3505 2717 3560 minime
2741 3505 2996 3568 decebat,
3040 3501 3276 3565 invenit,
3306 3497 3514 3554 scilicet

1917 3595 2060 3650 inter
2092 3595 2363 3664 sapientes
2389 3603 2445 3650 et
2478 3595 2727 3650 doctores
2754 3594 3041 3659 Ecclesiae,
3070 3599 3126 3646 et
3152 3591 3244 3660 qui
3279 3603 3512 3659 peccan-

1918 3693 2000 3742 tes
2031 3685 2304 3756 corrigere
2328 3695 2384 3741 et
2410 3687 2676 3757 castigare
2701 3684 3025 3750 debuerunt,
3061 3683 3256 3753 cogitis
3281 3682 3350 3736 ad
3383 3693 3511 3749 pec-

1918 3786 2099 3833 eatum
2126 3778 2340 3834 invidia:
2365 3786 2529 3849 atque
2555 3777 3228 3846 iracundiaeprorumpere.
3257 3771 3384 3835 Sed,
3411 3769 3508 3834 illi,

1919 3869 2030 3924 Deo
2062 3869 2389 3935 miserante,
2424 3881 2764 3938 nequaquam
2801 3880 3081 3921 assensum
3115 3861 3312 3919 vestris
3354 3859 3514 3914 malis

1919 3959 2355 4032 suggestionibus
2393 3959 2671 4030 praebituri
2710 3965 2855 4013 sunt.
2882 3957 2991 4012 Vos
3017 3962 3219 4020 autem,
3261 3951 3356 4022 qui
3384 3965 3515 4006 con-

1919 4061 2215 4124 temptores
2240 4061 2441 4110 nostrae
2466 4052 2728 4123 jussionis
2766 4051 3070 4116 exstitistis,
3094 4050 3210 4105 sive
3241 4044 3514 4111 canonici,

1921 4147 2034 4202 sive
2073 4147 2324 4202 monachi
2349 4146 2619 4202 vocamini
2638 4186 2652 4211 ,
2681 4145 2749 4200 ad
2773 4145 3032 4215 placitum
3058 4149 3303 4198 nostrum
3321 4181 3336 4206 ,
3357 4136 3516 4208 juxta

1919 4241 2064 4312 quod
2087 4248 2337 4311 praesens
2378 4240 2576 4295 missus
2621 4246 2807 4293 noster
2842 4238 2996 4292 vobis
3031 4234 3317 4299 indixerit,
3358 4229 3517 4286 nobis

1922 4394 2214 4452 Rhemensi
2245 4394 2651 4465 archiepiscopo
2676 4401 2872 4466 postea
2890 4391 3096 4466 evenit,
3126 4396 3198 4466 ut
3210 4389 3367 4445 docet
3391 4384 3517 4442 Flo-

181 4466 317 4550 $uis
344 4460 424 4550 ad
446 4460 954 4548 Capitulafia,toni.
983 4460 1374 4550 ll,pag._'1062,
1391 4475 1476 4521 est
1507 4466 1816 4550 istacaroli
1843 4487 1900 4550 Β
1922 4466 2187 4550 doardus,
2336 4483 2397 4521 lli
2426 4460 2816 4550 magnam“,
2844 4480 2962 4548 cap.
2992 4463 3080 4550 ,
3103 4460 3517 4550 ubi‘recensetnns

181 4534 520 4610 (ξρίιειοίιιηειΔ
535 4551 734 4610 magno
757 4536 1002 4610 principe
1026 4534 1306 4610 etjurium
1332 4538 1702 4610 sacerdotiiet
1721 4539 1819 4592 im-

187 4606 337 4683 perii
352 4606 699 4683 peritissimo
714 4607 1040 4683 scripta.Hic
1052 4608 1203 4663 vides
1215 4608 1470 4683 clericum
1483 4609 1550 4663 ab
1565 4609 1818 4683 episcopo

187 4677 297 4738 suo
321 4677 638 4749 secundum
661 4693 898 4749 canones
912 4677 1235 4746 judicatum,
1258 4686 1313 4732 et
1337 4681 1394 4733 in
1418 4677 1660 4735 custodia
1687 4694 1817 4749 pro-

187 4764 324 4824 pter
353 4767 459 4807 sua
474 4748 676 4824 {uerita
703 4748 993 4824 inclusum,
1010 4750 1209 4824 ruptis,
1223 4759 1283 4824 ut
1309 4750 1605 4824 ita_dicam,
1633 4748 1820 4824 carce-

190 4819 274 4879 ris
301 4820 571 4885 vinculis,
589 4819 657 4892 ,in_
673 4819 973 4892 ecclesiam
997 4821 1171 4875 sancti
1192 4820 1406 4876 Martini
1430 4820 1740 4892 confugisse
1763 4827 1819 4876 et

177 4897 443 4950 abusum
479 4889 778 4962 sanctitate
804 4889 906 4945 loci
927 4930 942 4953 ,
973 4899 1033 4944 ut
1056 4906 1272 4962 poenam
1299 4893 1578 4955 evaderet,
1603 4889 1729 4962 qua:
1761 4892 1818 4946 in

193 4980 334 5020 eum
370 4963 586 5034 optimo
610 4959 820 5034 judicio
853 4959 1151 5034 constituta
1177 4960 1372 5016 fuerat.
1427 4964 1590 5020 Vides
1625 4959 1818 5018 deinde

195 5031 536 5096 monachos,
553 5038 617 5085 ut
633 5031 769 5101 asyli
783 5032 868 5085 sui
891 5031 1204 5101 religionem
1226 5041 1280 5087 et
1295 5034 1673 5088 auctoritatem
1688 5047 1818 5086 ven-

196 5105 477 5163 ditarent.
498 5099 722 5156 latebris
736 5101 900 5164 illum
914 5099 1028 5158 suis
1053 5103 1376 5169 occultasse,
1393 5102 1616 5172 ejusque
1630 5102 1818 5158 defen-

199 5178 428 5231 sionem
457 5174 533 5228 ita
559 5172 844 5244 suscipere
871 5188 1050 5235 _ausos
1086 5173 1344 5230 adversus
1375 5176 1719 5244 episcopum,
1758 5179 1820 5228 ut

201 5247 388 5302 etiam
425 5244 479 5298 ei
521 5243 783 5314 plurimas
808 5245 1173 5306 contumelias
1214 5243 1429 5314 publice
1459 5245 1817 5313 imponerent.

203 5318 352 5384 Quae
381 5328 470 5369 res
501 5312 636 5368 adeo
655 5312 879 5369 demens
893 5322 949 5377 et
976 5316 1170 5370 stolida
1191 5312 1306 5370 visa
1321 5324 1404 5371 est
1418 5312 1820 5385 sapientissimo

205 5385 455 5459 principi
473 5392 578 5459 ,‘ut
607 5399 720 5459 non
742 5385 917 5459 solum
943 5401 1129 5459 eorum
1151 5387 1448 5459 stultitiam
1476 5386 1822 5456 castigaverit

205 5455 601 5529 asperioribus
613 5455 810 5529 verbis,
827 5457 920 5511 sed
933 5457 1096 5511 etiam
1118 5456 1384 5529 clericum,
1398 5456 1546 5510 illum
1569 5455 1822 5529 episcopo

204 5525 323 5586 suo
357 5527 511 5584 reddi
530 5525 773 5596 jusserit,
809 5529 1104 5581 monachos
1128 5543 1290 5596 porro
1323 5528 1392 5582 ad
1428 5544 1487 5582 se
1513 5528 1730 5596 venire,
1752 5525 1822 5584 fut

206 5598 502 5670 condigna
529 5595 896 5670 satisfactione
924 5595 1163 5670 inustum
1189 5599 1394 5670 crimen
1420 5599 1681 5654 eleruent.
1713 5641 1726 5653 .
1761 5640 1774 5654 .
1803 5638 1816 5654 .

209 5668 504 5728 Caeterum
541 5669 686 5741 quod
729 5668 815 5741 hic
847 5668 1144 5741 'l‘heodulfo
1171 5669 1543 5741 Aurelianensi
1569 5672 1822 5741 episcopo

209 5742 433 5800 accidit
457 5742 556 5798 sub
592 5740 816 5808 imperio
839 5740 1017 5800 Caroli
1041 5740 1111 5798 Μ.
1154 5741 1297 5800 idem
1331 5740 1502 5800 ferme
1530 5740 1822 5810 Hincmaro

1920 4528 2179 4607 epistolas
2211 4537 2490 4592 Hincmari
2544 4538 2622 4590 ait
2645 4542 2675 4607 εί
2701 4557 2718 4588 ι
2751 4528 2926 4591 Eboni
2971 4533 3227 4607 episcopo
3272 4528 3514 4607 ecclesiae

1920 4553 1950 4590 e
1993 4553 2176 4592 :swlas
2211 4553 2490 4592 mncmari
2544 4553 2675 4607 θιιει
2701 4557 2718 4588 ι
2751 4553 2920 4591 ιδυοηι
2975 4553 3227 4602 episcopo
3272 4553 3514 4585 ecclesia:

1919 4553 2245 4664 Rgemensis
2287 4608 2506 4664 alumno
2550 4624 2650 4678 pro
2687 4608 2919 4677 quodam
2959 4605 3125 4658 fratre
3169 4603 3237 4656 ab
3285 4599 3386 4654 hac
3425 4612 3516 4678 ecf

1920 4678 2083 4733 clesia
2129 4680 2255 4751 fuga
2300 4672 2568 4751 lapso_et'
2598 4672 2739 4748 apud
2785 4679 2961 4747 ipsum
2993 4678 3406 4751 common-ante;
3455 4672 3518 4722 υἱ

1921 4742 2244 4823 quantocius
2268 4742 2418 4823 illum
2449 4742 2691 4823 diligenti
2718 4742 2846 4823 cura
2875 4745 3152 4801 remittere
3177 4742 3463 4823 studeat...»

1990 4818 2243 4878 Baluzius
2278 4822 2420 4877 hanc
2450 4809 2732 4892 epistolam
2758 4819 2993 4892 primum
3020 4831 3084 4871 ex
3123 4811 3294 4892 veteri
3319 4809 3516 4892 (lodice

1920 4906 2024 4946 ms.
2071 4893 2413 4948 bibliothecae
2460 4879 2786 4946 Colliertinze
2816 4889 2982 4944 edidit
3024 4884 3220 4962 tomL!
3255 4879 3513 4962 (ξφ-ηιμ..

1919 4977 2044 5033 pag.
2071 4963 2196 5029 415,
2227 4978 2454 5033 eamque
2485 4963 2742 5033 scriptam
2769 4967 2923 5030 putat
2947 4972 3091 5013 anno
3118 4954 3242 5019 805,
3273 4949 3517 5007 Mabillo-

1920 5032 2196 5107 niusvero
2233 5032 2383 5107 anno
2407 5032 2750 5107 praecedenti.
2835 5101 2846 5107 _
2957 5101 2974 5107 _
3017 5099 3031 5107 _
3120 5097 3152 5107 __
3226 5094 3260 5107 ,Δ
3306 5093 3341 5107 ῃ

1994 5104 2022 5143 b
2050 5104 2204 5178 Nulli
2237 5091 2537 5178 criminosa.
2578 5103 2800 5178 Legitur
2834 5101 2977 5178 istud
3017 5099 3072 5154 in
3095 5093 3378 5178 “Capitulis.
3403 5091 3516 5146 An-

1922 5174 2206 5245 gilramni,
2253 5191 2370 5245 cap.
2401 5175 2470 5229 43
2508 5184 2561 5228 et
2605 5166 2730 5228 inde
2768 5175 2820 5227 in
2861 5173 2983 5227 libr.
3009 5187 3065 5245 χ
3089 5166 3512 5245 Cgpitularium,

1922 5241 2041 5314 cap.
2073 5241 2199 5304 187.
2227 5241 2361 5302 Vide
2391 5248 2553 5301 etiam
2582 5246 2703 5300 libr.
2729 5260 2824 5308 vn,
2855 5258 2974 5313 cap.
2999 5241 3088 5298 85.
3113 5241 3310 5294 BALUZ.

1996 5328 2018 5355 ο
2049 5315 2116 5369 1η
2143 5328 2418 5369 conspectu
2455 5316 2651 5369 nonali.
2696 5314 2794 5369 Hic
2831 5315 2982 5369 locus
3021 5311 3174 5366 valde
3213 5309 3514 5365 illustratur

1996 5328 2018 5355 ο
2049 5328 2116 5372 ιη
2143 5335 2266 5373 cons
2305 5328 2418 5371 ectu
2453 5328 2651 5388 popult.
2696 5328 2794 5370 mc
2831 5328 2916 5371 ioc

1928 5400 1993 5442 ex
2029 5402 2148 5456 cap.
2187 5335 2308 5450 576’,
2341 5387 2463 5442 libr.
2492 5403 2525 5441 v
2549 5387 2843 5456 Capitular.

2000 5457 2025 5496 ἀ
2053 5457 2386 5529 Magistrum.
2414 5458 2702 5514 Alcuinum
2737 5457 2954 5527 utique?

2007 5521 2302 5602 θῌὶιῶοιιιδ
2351 5546 2438 5583 vos
2487 5531 2639 5601 quasi
2685 5521 2950 5602 minis-(ros
2995 5522 3268 5602 suos._lvo
3313 5521 3516 5602 Carpos

1931 5600 2120 5677 ίθηβίε,
2146 5601 2447 5669 cpiscopus,
2469 5589 2646 5677 ,ἑρῇι
2696 5599 2846 5677 266,_
2867 5599 3093 5677 loquens
3127 5598 3193 5653 de
3226 5589 3514 5677 monachis

1931 5669 2153 5739 majoris
2179 5664 2992 5728 monasterii'Tui'onensiS‘ft
3039 5665 3282 5726 Monachi
3321 5664 3512 5720 daemo-

1931 5743 2089 5800 niaca
2126 5743 2327 5804 invidia
2366 5745 2520 5806 moti.
2559 5763 2577 5801 ι
2619 5744 2843 5813 ΒΑιυῑη
2884 5742 3015 5801 ibid.
