3996 6320
476 227 580 286 927

1337 218 1402 278 B.
1439 214 1691 275 canon
1729 210 1943 271 MAGNI
1979 211 2130 270 OPP.
2170 207 2351 268 rans
2386 206 2454 268 ιι.
2495 207 2740 270 saeuo
2776 193 2821 268 ι.

475 339 614 409 gelio
639 335 717 392 ait
755 349 770 391 :
799 332 931 390 Cum
958 330 1151 387 venerit
1181 327 1490 384 Paraclet‘us
1521 328 1751 397 Spiritus
1791 326 2040 395 veritatis,
2069 329 2126 392 Δ
2145 332 2277 386 dens
2306 328 2577 400 apparuit,
2623 327 2763 384 sicut
2803 323 3170 398 apostolorum
3229 331 3492 384 testantur
3530 329 3727 402 Actus,

474 432 566 503 qui
592 447 625 485 a
648 429 811 484 Patre
830 413 1063 498 procedit
1087 421 1266 495 (Joan.
1291 419 1404 492 xv).
1427 419 1533 476 Ubi
1557 435 1715 476 suum
1735 420 1855 477 esse
1883 419 2051 489 Spiri-

475 529 590 576 tum
622 517 822 585 docuit,
851 518 976 588 quia
1020 515 1135 585 ipse
1182 520 1266 568 est
1310 511 1529 577 veritas,
1577 518 1632 567 et
1668 510 1863 578 Patris,
1888 525 1920 566 a
1944 525 2052 582 quo

475 626 600 666 eum
621 611 755 665 dixit
777 607 1088 680 procedere.
1136 602 1291 672 Quod
1329 604 1590 674 Spiritum
1635 611 1881 660 sanctum
1906 603 2053 660 dedit

474 699 636 755 Pater
675 697 946 769 apostolis,
975 697 1032 754 in
1075 693 1316 764 Epistola
1361 695 1429 750 ad
1469 693 1775 750 Corinthios
1814 695 2051 751 secunda

471 791 735 860 scriptum
772 795 884 853 est;
915 787 992 841 ait
1013 786 1158 843 enim
1180 787 1323 841 inter
1346 791 1542 841 caetera
1571 802 1585 839 :
1610 784 1713 851 Qui
1732 793 1906 840 autem
1922 801 2053 840 con-

469 883 646 950 firmat
672 895 764 934 nos
797 877 1056 931 vobiscum
1079 876 1148 950 in.
1161 873 1388 940 Christo,
1420 883 1468 928 et
1485 875 1575 945 qui
1595 875 1745 929 unxit
1770 891 1864 930 nos
1887 874 2050 944 Deus,

469 982 517 1025 et
538 972 626 1042 qui
648 969 870 1040 signavit
899 983 1012 1034 nos,
1037 975 1086 1021 et
1111 965 1250 1019 dedit
1273 967 1458 1037 pignus
1482 964 1710 1036 Spiritus
1730 967 1788 1021 in
1810 967 2054 1023 cordibus

469 1064 660 1120 nostris
688 1061 778 1135 (ΙΙ
802 1060 925 1116 Cor.
955 1059 1018 1132 ι).
1049 1060 1182 1116 Item
1230 1060 1284 1113 in
1324 1059 1564 1130 Epistola
1598 1061 1667 1115 ad
1705 1061 2050 1117 Thessaloni-

467 1167 656 1210 censes
701 1152 916 1222 prima:
944 1150 1070 1204 Non
1125 1151 1262 1204 enim
1308 1151 1523 1215 vocavit,
1567 1149 1662 1215 ait,
1693 1166 1786 1204 nos
1810 1149 1952 1206 Deus
1995 1151 2054 1205 in

464 1248 872 1314 immunditiam,
902 1247 992 1302 sed
1017 1247 1074 1301 in
1095 1244 1579 1320 sanctiﬁcationem.
1606 1242 1791 1314 Itaque
1813 1243 1902 1313 qui
1941 1243 2053 1296 haec

465 1339 681 1409 spernit,
706 1355 813 1393 non
840 1319 1102 1392 hominem
1146 1337 1362 1407 spernit,
1398 1335 1487 1388 sed
1532 1333 1732 1399 Deum;
1756 1334 1846 1404 qui
1894 1334 2053 1388 etiam

467 1431 610 1485 dedit
631 1431 891 1502 Spiritum
905 1446 1060 1484 suum
1075 1438 1312 1483 sanctum
1335 1428 1392 1481 in
1416 1426 1562 1481 nobis
1585 1425 1640 1498 (I
1668 1424 1846 1480 Thess.
1866 1424 1965 1497 IV).
1985 1425 2054 1480 Et

467 1523 610 1590 quod
637 1522 886 1577 eumdem
911 1520 1174 1589 Spiritum
1197 1526 1445 1575 sanctum
1489 1518 1635 1572 dedit
1681 1525 1736 1572 et
1765 1515 1955 1582 Filius,
1996 1517 2053 1572 in

465 1610 705 1680 Epistola
746 1609 969 1665 Joannis
1014 1611 1277 1679 scriptum
1298 1614 1419 1662 est:
1468 1605 1538 1660 In
1574 1606 1670 1659 hoc
1714 1604 2053 1675 intelligimus

2151 423 2244 478 ubi
2281 421 2576 478 scribitur:
2605 419 2743 474 Dum
2785 417 3166 486 complerentur
3214 417 3326 475 dies
3366 419 3732 494 Pentecostes-,

2147 521 2297 570 erant
2339 529 2515 568 omnes
2557 513 2756 583 pariter
2775 511 2831 565 in
2859 511 3039 566 eodem
3061 509 3175 566 loco
3191 528 3211 578 ;
3251 519 3301 566 et
3335 512 3502 583 factus
3541 523 3619 569 est
3646 531 3735 571 re-

2147 613 2296 675 pente
2324 605 2388 659 de
2412 602 2537 659 coelo
2561 617 2720 658 sonus
2741 611 2992 672 tanquam
3033 601 3352 659 advenientis
3383 603 3615 676 Spiritus
3643 623 3738 662 va-

2144 697 2410 764 lidissimi,
2441 704 2490 750 et
2513 694 2719 766 replevit
2746 701 2910 748 totam
2930 695 3142 749 domum
3168 694 3259 749 ubi
3301 706 3447 751 erant
3469 699 3733 755 sedentes.

2150 787 2221 843 Et
2243 796 2597 860 apparuerunt
2619 786 2725 842 illis
2753 786 3037 858 dispertitw
3079 786 3274 856 lingua
3295 794 3546 859 tanquam
3573 790 3736 860 ignis,

2150 881 2381 952 seditque
2403 896 2564 951 supra
2599 878 2832 951 singulos
2853 895 3056 946 eorum,
3083 886 3133 934 et
3181 878 3360 951 repleti
3391 889 3510 935 sunt
3559 897 3740 937 omnes

2153 970 2356 1042 Spiritu
2380 981 2559 1026 sancto
2585 970 2723 1043 (Act.
2740 970 2826 1042 ιι).
2855 970 3054 1026 Beatus
3073 977 3255 1027 autem
3271 969 3569 1039 Gregorius
3593 972 3741 1030 hunc

2150 1063 2520 1133 supradictum
2569 1061 2694 1118 libri
2738 1059 2840 1118 Job
2883 1062 3213 1119 versiculum
3258 1078 3554 1134 exponens,
3600 1067 3741 1121 inter

2151 1161 2348 1210 caetera
2371 1154 2449 1210 sic
2473 1154 2588 1209 ait:
2618 1151 2804 1209 Potest
2828 1161 3011 1209 autem
3042 1169 3153 1225 per
3184 1170 3250 1212 os
3291 1155 3386 1211 Dei
3419 1157 3740 1227 unigenitus

2151 1243 2320 1300 Filius
2351 1244 2656 1316 designari;
2699 1258 2798 1315 per
2832 1259 3026 1300 sonum
3053 1260 3201 1304 vero
3236 1246 3347 1303 oris
3372 1254 3553 1317 potest
3595 1230 3741 1317 eius-

2152 1336 2276 1392 dem
2297 1337 2532 1406 Spiritus
2559 1343 2776 1392 sanctus
2817 1337 3104 1406 designari.
3135 1336 3312 1392 Sonus
3339 1337 3502 1406 igitur
3546 1337 3618 1393 de
3649 1352 3744 1394 ore

2158 1428 2371 1485 Domini
2395 1429 2659 1499 procedit,
2679 1444 2804 1484 cum
2824 1429 3300 1486 consubstantialis
3348 1426 3461 1497 eius
3499 1427 3746 1500 Spiritus

2153 1520 2220 1574 ad
2240 1534 2340 1574 nos
2362 1533 2459 1588 per
2478 1518 2677 1573 Filium
2700 1518 2924 1574 veniens
2964 1515 3289 1575 surditatem
3317 1526 3514 1574 nostra;
3559 1519 3746 1575 insen-

2154 1612 2426 1668 sibilitatis
2451 1611 2699 1681 sumpsit.
2746 1610 2823 1666 De
2865 1612 2966 1666 hac
3012 1611 3178 1680 igitur
3227 1611 3343 1680 ipsa
3371 1611 3746 1681 processioue,

463 1687 712 1774 quoniam
754 1704 813 1758 in
841 1719 901 1757 eo
925 1702 1279 1765 manebimus,
1303 1709 1352 1755 et
1383 1700 1490 1770 ipse
1515 1699 1571 1752 in
1611 1699 1778 1763 nobis,
1804 1698 2053 1768 quoniam
2081 1689 2131 1752 Β
2155 1717 2263 1772 qua
2298 1702 2534 1771 Spiritus
2566 1709 2785 1758 sanctus
2807 1717 2838 1756 a
2878 1699 3016 1757 Filio
3035 1703 3282 1772 piocedit
3305 1703 3444 1757 sicut
3486 1704 3748 1774 procedit

467 1795 533 1848 de
565 1793 770 1865 Spiritu
795 1811 890 1849 suo
925 1795 1066 1850 dedit
1091 1793 1238 1848 nobis
1283 1790 1349 1862 (I
1369 1791 1533 1845 Joan.
1577 1787 1676 1861 IV).
1705 1788 1859 1854 Quod
1892 1787 2055 1857 Spiri-

464 1893 581 1940 tum
608 1894 856 1941 sanctum
893 1885 1080 1942 eﬂ‘udit
1129 1883 1290 1939 Pater
1313 1883 1369 1938 in
1407 1880 1697 1950 discipulos
1733 1880 1790 1934 in
1815 1879 2053 1948 Epistola

463 1979 534 2033 ad
580 1979 762 2033 Titum
813 1979 1074 2048 scriptum
1121 1984 1204 2032 est
1229 1994 1242 2029 :
1270 1975 1402 2030 Cum
1457 1982 1631 2028 autem
1677 1972 1963 2042 benignitas
2003 1977 2052 2024 et

463 2070 763 2126 humanitas
789 2071 1031 2141 apparuit
1056 2067 1346 2124 Saluatoris
1377 2066 1562 2131 nostri,
1596 2081 1701 2118 non
1729 2078 1793 2116 ex
1814 2061 2054 2131 operibus

461 2163 698 2233 iustitiae,
723 2179 841 2232 qua:
864 2161 1080 2232 fecimus
1112 2176 1224 2224 nos,
1268 2159 1358 2213 sed
1393 2157 1678 2212 secundum
1711 2172 1864 2210 suam
1897 2155 2054 2208 mise-

461 2254 745 2310 ricordiam
775 2254 946 2309 salvos
971 2269 1064 2307 nos
1093 2252 1213 2322 fecit
1235 2267 1328 2320 per
1351 2249 1619 2304 lavacrum
1642 2245 2052 2318 regenerationis

458 2356 509 2404 et
552 2347 900 2401 renovationis
946 2344 1175 2414 Spiritus
1219 2342 1418 2405 sancti,
1463 2354 1615 2410 quem
1646 2336 1830 2406 eﬁ'udit
1859 2335 1915 2388 in
1957 2349 2052 2388 nos

461 2437 667 2491 abunde
688 2452 780 2507 per
800 2435 982 2489 Iesum
1005 2432 1272 2488 Christum
1298 2428 1624 2484 Salvatorem
1654 2434 1888 2480 nostrum
1920 2422 2050 2496 (Tit.

460 2526 582 2600 ιιι).
609 2525 762 2594 Quod
807 2533 862 2580 et
887 2525 1136 2580 eumdem
1175 2521 1438 2591 Spiritum
1477 2523 1723 2573 sanctum
1749 2515 1938 2571 eﬂ‘udit
1961 2513 2054 2569 Fi-

459 2619 587 2684 lius,
610 2619 668 2672 in
691 2615 918 2672 Actibus
968 2614 1225 2670 scribitur
1271 2609 1670 2680 apostolorum;
1711 2608 1864 2662 aiunt
1906 2606 2050 2662 enim

459 2708 688 2780 apostoli
714 2707 854 2763 inter
877 2714 1072 2762 uetera
1102 2725 1114 2758 :
1159 2703 1314 2759 Hunc
1335 2704 1516 2759 Iesum
1542 2703 1863 2758 resuscitavit
1885 2702 2047 2768 Deus,

459 2803 613 2872 cujus
659 2817 753 2854 nos
802 2815 978 2853 omnes
1009 2807 1162 2851 testes
1199 2814 1400 2851 sumus.
1455 2796 1680 2851 Dextera
1730 2796 1892 2866 igitur
1952 2793 2051 2848 Dei

459 2891 742 2957 exaltalus,
769 2900 816 2944 et
849 2890 1192 2959 promissione
1240 2886 1469 2958 Spiritus
1496 2895 1708 2956 accepta
1735 2903 1768 2938 a
1793 2884 1955 2938 Patre
1980 2883 2052 2954 ef-

461 2983 598 3053 fudit
620 2983 757 3036 hunc
792 2997 943 3049 quem
972 2996 1059 3034 vos
1091 2979 1273 3034 videtis
1299 2987 1346 3032 et
1378 2977 1572 3031 auditis
1606 2977 1744 3050 (Act.
1791 2975 1877 3046 ιι).
1916 2975 2050 3029 Item

461 3072 606 3142 quod
631 3086 737 3126 una
771 3073 897 3125 sita
917 3068 1077 3123 Patre
1103 3077 1156 3123 et
1192 3067 1330 3123 Filio
1369 3065 1604 3136 Spiritus
1641 3066 1812 3121 sancti
1859 3063 2049 3120 effusio

460 3163 610 3220 Joele
639 3168 872 3218 testante
898 3161 1213 3226 didicimus;
1248 3160 1324 3213 ait
1349 3158 1494 3214 enim
1541 3172 1644 3212 vox
1679 3155 1855 3210 Patris
1891 3153 2052 3209 simul

462 3265 517 3313 et
567 3257 743 3313 Filii:
782 3256 1072 3326 Eﬂ‘undam
1121 3255 1186 3309 de
1240 3253 1444 3324 Spiritu
1487 3267 1600 3304 meo
1650 3264 1820 3319 super
1843 3262 2047 3302 omnem

461 3362 691 3414 carnem,
735 3356 784 3402 et
814 3345 1192 3418 prophetabunt
1235 3344 1335 3414 ﬁlii
1380 3343 1555 3408 vestri,
1589 3349 1637 3395 et
1667 3339 1794 3409 ﬁlia:
1823 3349 2050 3394 vestrae:

461 3457 604 3496 senes
628 3441 780 3495 vestri
803 3441 1006 3494 somnia
1027 3437 1380 3501 somniabunt,
1405 3446 1452 3489 et
1462 3435 1679 3506 juvenes
1701 3432 1854 3487 vestri
1893 3430 2051 3484 visio-

461 3551 550 3588 nes
577 3533 851 3598 videbunt;
882 3531 972 3586 sed
1000 3539 1046 3585 et
1072 3546 1227 3600 super
1248 3545 1421 3584 servos
1450 3543 1609 3593 meos,
1639 3534 1687 3580 et
1713 3540 1869 3595 super
1892 3521 2054 3576 ancil-

461 3625 542 3678 las
565 3641 705 3679 meas
736 3626 792 3678 in
834 3623 1014 3678 diebus
1043 3622 1149 3676 illis
1190 3621 1460 3691 effundam
1489 3619 1553 3674 de
1584 3617 1790 3689 Spiritu
1836 3631 1972 3681 meo,
2001 3621 2051 3669 et

463 3717 596 3772 dabo
627 3715 868 3787 prodigia
897 3716 951 3768 in
977 3713 1100 3768 caelo
1132 3721 1182 3767 et
1208 3713 1266 3766 in
1291 3721 1432 3766 terra
1456 3709 1615 3784 (Joel.
1634 3708 1718 3780 ιι).
1741 3707 1896 3776 Quod
1924 3705 2051 3775 Spi-

463 3811 601 3865 ritus
643 3816 865 3864 sanctus
890 3821 952 3863 os
992 3808 1062 3862 sit
1101 3805 1276 3861 Patris
1302 3806 1358 3860 in
1382 3804 1588 3875 psalmo
1635 3803 1914 3872 trigesimo
1967 3815 2050 3857 se-

463 3902 640 3958 cundo
678 3899 919 3968 legitur:
962 3896 1126 3952 Verbo
1164 3897 1378 3951 Domini
1427 3894 1540 3950 cmli
1575 3893 1771 3961 ﬁrmati
1818 3901 1960 3958 sunt,
2002 3899 2051 3946 et

466 3990 670 4060 Spiritu
715 3991 822 4042 oris
853 3990 968 4059 ejus
997 3989 1165 4042 omnis
1190 3989 1352 4041 virtus
1400 4001 1578 4040 eorum
1628 3982 1800 4056 (Psal.
1829 3980 2049 4054 χχχιιι).

465 4085 531 4139 Ει
578 4085 722 4154 quod
773 4099 836 4138 os
879 4084 950 4137 sit
990 4083 1153 4149 Filii,
1197 4083 1249 4136 in
1297 4083 1433 4137 Isaia
1494 4082 1754 4150 scriptum
1809 4087 1926 4144 est;
1978 4079 2052 4133 ait

465 4175 608 4231 enim
645 4177 786 4231 idem
799 4174 1061 4245 propheta
1086 4175 1152 4229 de
1175 4173 1312 4228 Filio
1340 4193 1353 4226 :
1387 4172 1650 4227 Percutiet
1679 4181 1874 4226 terram
1905 4172 2050 4242 virga

465 4269 573 4323 oris
602 4267 704 4334 sui,
753 4277 800 4323 et
835 4267 1039 4338 Spiritu
1081 4265 1340 4320 labiorum
1372 4281 1587 4320 suorum
1633 4264 1906 4334 interficiet
1952 4263 2052 4316 im-

465 4362 609 4432 pium
641 4358 796 4432 (Isai.
830 4358 932 4431 x1).
970 4358 1069 4414 Cui
1096 4359 1375 4413 sententia:
1415 4358 1747 4414 concordans
1771 4355 1969 4410 Paulus
1994 4355 2050 4410 in

467 4452 706 4520 Epistola
750 4452 817 4506 ad
845 4451 1352 4508 Thessalonicenses
1379 4452 1455 4506 ait
1491 4470 1504 4506 :
1536 4451 1606 4507 Et
1653 4460 1775 4506 tunc
1810 4449 2054 4505 revelabi-

469 4553 556 4596 tur
575 4543 664 4596 ille
683 4543 916 4613 iniquus,
951 4559 1102 4614 quem
1132 4541 1386 4597 Dominus
1426 4543 1580 4598 Jesus
1620 4543 1894 4613 interﬁciet
1928 4541 2052 4613 Spi-

470 4635 575 4686 ritu
605 4634 709 4687 oris
759 4636 870 4701 sui,
917 4643 964 4690 et
997 4635 1226 4689 destruet
1270 4635 1620 4691 illustratione
1667 4637 1913 4690 adventus
1971 4633 2055 4688 sui

473 4721 536 4796 (Ι
565 4721 742 4778 Thess.
765 4725 851 4797 ιι).
903 4724 1057 4792 Quod
1086 4725 1320 4795 Spiritus
1367 4743 1398 4782 a
1438 4726 1598 4782 Patre
1622 4728 1895 4796 procedat,
1942 4725 2056 4794 ipse

471 4817 731 4872 Dominus
757 4825 989 4872 testatur
1016 4819 1198 4873 dicens
1225 4835 1252 4888 :V
1272 4817 1500 4889 Spiritus
1516 4819 1658 4889 quia
1685 4816 1847 4871 Patre
1875 4832 2054 4888 proce-

472 4909 568 4974 dit,
616 4906 704 4962 ille
750 4925 830 4962 me
870 4908 1181 4979 clariﬁcabit
1228 4908 1408 4981 (Joan.
1445 4907 1571 4980 xv);
1603 4917 1658 4964 et
1682 4916 1876 4964 cmtera
1925 4906 2055 4961 talia

472 5003 624 5070 plura
654 5003 708 5058 in
746 5003 1049 5073 Evangeliis
1082 5004 1428 5061 inveniuntur
1466 5005 1793 5061 testimonia.
1829 5004 1897 5058 Et
1914 5003 2058 5072 quod

477 5095 616 5150 idem
653 5097 887 5167 Spiritus
915 5100 1174 5170 procedat
1195 5115 1227 5154 a
1258 5099 1416 5166 Filio,
1452 5100 1588 5156 liber
1623 5098 1722 5155 Joh
1745 5112 1842 5153 ore
1871 5096 2057 5152 Domi-

479 5183 599 5237 nico
633 5195 874 5244 sacratus
925 5192 1078 5245 testis
1127 5198 1229 5257 est,
1256 5190 1350 5245 ubi
1398 5190 1511 5245 haec
1537 5191 1679 5245 inter
1699 5195 1894 5244 caetera
1937 5186 2056 5240 ait:

415 5356 419 5360 1
483 5273 550 5327 Et
578 5277 754 5331 audite
779 5282 1100 5337 auditionem
1125 5284 1182 5336 in
1212 5293 1411 5337 terrore
1441 5283 1579 5336 vocis
1623 5282 1758 5352 ejus,
1795 5291 1843 5333 et
1871 5293 2058 5334 sonum

484 5363 546 5417 de
573 5381 660 5418 ore
686 5367 827 5422 illius
867 5373 1228 5440 procedentem
1276 5370 1398 5442 (Job
1448 5369 1676 5442 xxxv").
1701 5370 1815 5425 Hoc
1860 5369 1914 5424 in
1939 5369 2059 5423 loco

483 5469 546 5508 os
593 5453 767 5511 Patris
810 5457 979 5516 Filius
1024 5471 1106 5518 est
1159 5463 1554 5532 intelligendus.
1579 5447 1582 5450 ’
1611 5462 1788 5518 Sonus
1820 5475 1949 5517 vero
1995 5461 2064 5516 de

485 5561 580 5602 ore
629 5547 772 5602 illius
812 5554 1110 5620 procedens
1149 5555 1383 5624 Spiritus
1430 5562 1683 5619 sanctus,
1730 5554 1823 5623 qui
1865 5570 1896 5609 a
1923 5551 2062 5609 Filio

489 5643 786 5714 procedens
807 5658 929 5702 cum
943 5646 1124 5703 sonitu
1146 5662 1308 5719 super
1325 5647 1596 5720 apostolos
1617 5648 1674 5706 in
1698 5647 1821 5721 igne
1842 5647 2064 5707 descen-

2155 1809 2187 1848 a
2234 1793 2410 1858 Patre,
2458 1795 2651 1850 beatus
2687 1793 3015 1850 Athanasius
3040 1795 3096 1849 in
3122 1795 3260 1850 libro
3307 1810 3464 1864 quem
3519 1796 3750 1866 scripsit

2155 1893 2344 1942 contra
2368 1885 2559 1941 Arium
2585 1887 2729 1942 inter
2755 1894 2952 1942 caetera
2977 1887 3057 1941 sic
3081 1886 3158 1941 ait
3184 1905 3197 1940 :
3220 1886 3516 1955 Ego‘eredo
3543 1887 3751 1942 Filium

2153 1977 2209 2032 in
2232 1978 2410 2044 Patre,
2431 1987 2486 2034 et
2507 1978 2726 2033 Patrem
2749 1986 2806 2032 in
2838 1977 2974 2032 Filio
2998 1995 3013 2032 :
3044 1977 3306 2047 Spiritum
3330 1992 3541 2049 quoque
3577 1994 3753 2048 par-a-

2155 2069 2362 2134 clitum,
2389 2069 2481 2139 qui
2509 2068 2754 2138 procedit
2774 2084 2806 2123 a
2832 2067 3014 2133 Patre,
3041 2076 3093 2122 et
3121 2067 3245 2124 Filii
3283 2084 3403 2124 esse
3447 2076 3501 2125 et
3536 2069 3754 2139 Patris,

2153 2161 2280 2232 quia
2305 2169 2360 2216 et
2382 2177 2414 2216 a
2440 2160 2576 2217 Filio
2608 2160 2882 2230 procedit;
2904 2161 3044 2215 sicut
3067 2163 3124 2215 in
3162 2159 3449 2230 Evangelia
3472 2162 3754 2231 scriptum

2153 2261 2237 2310 est
2273 2254 2416 2324 quod
2439 2268 2537 2324 per
2569 2251 2986 2310 insulllationem
3013 2267 3168 2326 suam
3190 2253 3394 2309 dederit
3421 2254 3474 2308 in
3498 2254 3755 2322 discipu-

2153 2347 2219 2403 lis
2256 2348 2370 2403 suis
2409 2346 2672 2417 Spiritum
2709 2356 2976 2414 sanctum,
3005 2347 3188 2404 dicens
3237 2366 3250 2401 :
3299 2349 3526 2419 Accipite
3569 2347 3756 2418 Spiri-

2152 2448 2262 2494 tum
2284 2447 2543 2505 sanctum,
2569 2455 2793 2511 quorum
2816 2425 3117 2494 remiseritis
3144 2448 3385 2509 peccata,
3413 2439 3757 2492 remittemur

2151 2515 2232 2583 εἰέ
2279 2529 2461 2602 (Joan.
2493 2527 2621 2602 xx),
2655 2537 2710 2585 et
2739 2527 3208 2600 ctetera.Cyr.illus
3257 2543 3467 2598 quoque
3515 2529 3585 2583 de
3643 2527 3758 2582 hac

2152 2622 2270 2693 ipsa
2307 2620 2544 2690 Spiritus
2575 2621 2749 2676 sancti
2795 2619 3144 2690 processioue
3197 2625 3384 2674 contra
3428 2615 3756 2672 Nestorium

2151 2714 2293 2768 inter
2336 2720 2532 2767 caetera
2557 2711 2636 2767 sic
2666 2712 2743 2766 ait
2771 2728 2784 2765 :
2815 2709 3072 2778 Quamvis
3109 2711 3252 2765 enim
3274 2709 3330 2764 in
3376 2722 3472 2763 sua
3496 2709 3572 2762 sit
3613 2708 3760 2763 sub-

2151 2804 2350 2858 stantia
2375 2803 2627 2873 Spiritus,
2663 2810 2719 2858 et
2753 2800 2868 2871 ejus
2907 2801 3237 2870 intelligatur
3282 2800 3338 2856 in
3367 2813 3596 2870 persona
3620 2813 3760 2868 pm-

2150 2895 2372 2965 prietas,
2397 2894 2556 2966 juxta
2603 2895 2659 2951 id
2692 2893 2836 2966 quod
2863 2894 3096 2964 Spiritus
3150 2901 3253 2959 est,
3303 2901 3358 2948 et
3392 2907 3497 2948 non
3548 2889 3758 2958 Filius,

2073 3025 2123 3090 ο
2154 2994 2393 3042 attamen
2413 2987 2624 3042 alienus
2649 3001 2758 3042 non
2790 2995 2875 3041 est
2896 2985 3111 3052 abillo;
3148 3000 3276 3040 nam
3303 2984 3540 3056 Spiritus
3562 2984 3760 3056 appel-

2154 3080 2294 3135 latus
2319 3087 2402 3136 est
2426 3079 2692 3146 veritatis,
2721 3086 2775 3133 et
2817 3078 3018 3134 veritas
3056 3077 3305 3134 Christus
3353 3085 3454 3132 est.
3501 3075 3664 3133 Unde
3699 3084 3761 3132 et
3802 3070 3806 3072 ⁷

2151 3173 2220 3227 ab
2244 3172 2350 3226 isto
2376 3171 2626 3227 similiter
2649 3171 2790 3226 sicut
2813 3177 2869 3226 et
2892 3186 2925 3226 a
2949 3170 3060 3226 Deo
3110 3169 3274 3226 Patre
3308 3169 3576 3240 procedit.
3621 3168 3762 3224 Am.

2150 3266 2368 3321 brosius
2402 3265 2544 3319 inter
2569 3269 2766 3320 caatera
2808 3263 2877 3319 de
2910 3262 3118 3333 Spiritu
3160 3270 3349 3319 sancto
3373 3261 3557 3318 sic-ait
3581 3280 3596 3314 :
3622 3260 3757 3317 Non

2152 3357 2298 3413 enim
2346 3357 2502 3427 quasi
2552 3371 2620 3411 ex
2644 3355 2765 3412 loco
2813 3355 3048 3410 mittitur
3090 3355 3344 3426 Spiritus,
3371 3363 3465 3409 aut
3493 3354 3652 3424 quasi
3682 3369 3758 3410 ex

2150 3449 2270 3504 loco
2293 3447 2555 3518 procedit,
2584 3448 2798 3517 quando
2822 3446 3068 3516 procedit
3101 3461 3170 3501 ex
3191 3444 3352 3500 Filio.
3381 3442 3758 3515 Hieronymus

2151 3557 2368 3613 quoque
2417 3543 2485 3597 de
2523 3541 2626 3596 hac
2658 3542 2775 3610 ipsa
2803 3540 3040 3609 Spiritus
3087 3539 3261 3596 sancti
3296 3537 3644 3608 processioue
3694 3537 3757 3593 in

2153 3630 2394 3702 Symboli
2423 3630 2762 3700 expositione
2808 3629 2952 3683 inter
2992 3635 3190 3684 cietera
3228 3627 3316 3683 sic
3358 3627 3478 3682 ait:
3509 3626 3758 3696 Spiritus

2152 3721 2311 3792 qui‘a
2335 3719 2500 3776 Patre
2526 3729 2580 3775 et
2616 3719 2756 3775 Filio
2776 3718 3040 3790 procedit,
3071 3717 3219 3772 Patri
3245 3716 3493 3787 Filioque
3517 3725 3756 3773 conuer-

2152 3829 2255 3869 nus
2279 3821 2334 3868 et
2356 3828 2454 3882 per
2478 3813 2660 3868 omnia
2691 3811 2981 3881 coaequans
3004 3817 3105 3866 est.
3143 3808 3270 3865 Haec
3310 3817 3396 3865 est
3439 3816 3628 3864 sancta
3653 3808 3755 3864 tri-

2152 3905 2315 3971 nitas,
2346 3905 2402 3960 id
2425 3915 2527 3970 est,
2571 3903 2768 3971 Pater,
2806 3911 2862 3958 et
2889 3901 3081 3967 Filius,
3127 3909 3182 3956 et
3226 3900 3462 3971 Spiritus
3501 3908 3748 3984 sanctus,

2156 4013 2265 4052 una
2291 4003 2374 4052 est
2415 3997 2588 4052 deitas
2633 4004 2685 4052 et
2715 3995 2977 4066 potentia,
3004 4009 3112 4049 una
3157 4000 3212 4048 et
3258 3987 3520 4058 essentia;
3559 3993 3614 4047 id
3641 4000 3750 4058 est,

2153 4089 2312 4144 Pater
2333 4090 2425 4159 qui
2449 4089 2653 4158 genuit,
2674 4087 2950 4156 Filiusque
2974 4085 3208 4155 genitus,
3265 4091 3320 4140 et
3351 4084 3590 4153 Spiritus
3615 4097 3748 4138 san-

2153 4189 2274 4236 ctus
2296 4180 2388 4250 qui
2405 4196 2473 4236 ex
2521 4179 2682 4234 Patre
2723 4178 2967 4247 Filioque
3010 4176 3276 4246 procedit.
3302 4174 3430 4230 Haec
3473 4175 3581 4228 tria
3607 4187 3751 4228 unus

2153 4273 2297 4328 Deus
2330 4280 2433 4328 est.
2450 4271 2785 4341 Augustinus
2807 4284 3022 4340 quoque
3058 4269 3115 4324 in
3141 4269 3478 4339 expositione
3500 4266 3626 4322 ﬁdei
3661 4281 3750 4321 ca-

2153 4364 2368 4420 tholica:
2422 4363 2563 4418 inter
2610 4370 2807 4418 extera
2850 4363 2930 4418 sic
2950 4363 3026 4416 ait
3053 4380 3066 4415 :
3097 4360 3155 4415 In
3202 4360 3294 4416 illa
3338 4360 3505 4430 igitur
3561 4367 3744 4415 sancta

2159 4458 2424 4513 Trinitate
2443 4472 2584 4512 unus
2615 4463 2698 4512 est
2722 4456 2898 4520 Pater,
2926 4456 3019 4526 qui
3045 4454 3193 4512 solus
3232 4453 3299 4509 de
3323 4468 3383 4508 se
3408 4454 3527 4522 ipso
3557 4467 3744 4507 essen-

2160 4550 2361 4605 tialiter
2386 4564 2553 4603 unum
2585 4548 2771 4618 genuit
2793 4547 3021 4615 Filium;
3061 4555 3116 4604 et
3158 4562 3298 4603 unus
3342 4545 3532 4610 Filius,
3562 4546 3648 4616 qui
3677 4545 3744 4600 de

2159 4654 2268 4694 uno
2291 4638 2451 4693 Patre
2481 4637 2628 4694 solus
2649 4645 2733 4693 est
2754 4638 3113 4693 essentialiter
3141 4645 3332 4703 natus;
3363 4645 3418 4692 et
3443 4651 3584 4691 unus
3621 4635 3737 4704 Spi-

2161 4731 2318 4797 ritus,
2362 4730 2454 4800 qui
2486 4731 2633 4786 solus
2661 4729 3022 4786 essentialiter
3056 4730 3121 4784 de
3144 4729 3305 4785 Patre
3354 4729 3604 4799 Filioque
3627 4741 3742 4798 pro-

2163 4823 2324 4879 cedit.
2370 4822 2501 4877 ltem
2548 4823 2662 4891 ipse
2699 4823 2958 4877 adversus
3006 4820 3732 4876 Maximinumdizereticum:

2161 4913 2368 4982 Quzeris
2405 4929 2435 4968 a
2457 4927 2562 4978 me,
2590 4913 2636 4968 si
2659 4914 2726 4968 de
2765 4913 3067 4968 substantia
3107 4912 3285 4968 Patris
3321 4921 3405 4968 est
3439 4912 3637 4976 Filius;
3676 4908 3740 4966 de

2160 5006 2460 5062 substantia
2505 5003 2682 5059 Patris
2724 5014 2806 5061 est
2840 5005 3002 5060 etiam
3056 5005 3290 5075 Spiritus
3337 5014 3591 5071 sanctus;
3647 5015 3736 5058 cur

2163 5113 2302 5152 unus
2339 5097 2526 5163 Filius,
2560 5104 2614 5151 et
2639 5097 2777 5152 alius
2821 5113 2930 5152 non
2976 5097 3047 5152 sit
3088 5096 3294 5152 Filius?
3346 5096 3489 5153 Ecce
3522 5107 3732 5164 respon-

2165 5190 2284 5254 deo,
2318 5189 2433 5244 sive
2477 5188 2674 5257 capias,
2715 5189 2828 5245 sive
2855 5205 2961 5244 non
2991 5189 3188 5258 capias.
3239 5188 3316 5242 De
3340 5187 3505 5243 Patre
3545 5195 3622 5242 est
3659 5181 3732 5238 Fi-

2160 5281 2298 5348 lius;
2325 5281 2393 5335 de
2417 5279 2576 5335 Patre
2599 5287 2682 5334 est
2708 5280 2942 5349 Spiritus
2987 5288 3224 5345 sanctus,
3257 5279 3352 5335 sed
3398 5278 3489 5334 ille
3535 5276 3732 5348 genitus

2163 5378 2265 5436 est,
2296 5369 2399 5426 iste
2451 5371 2774 5440 procedens;
2811 5369 2931 5425 ideo
2978 5369 3068 5424 ille
3115 5368 3284 5425 Filius
3331 5377 3417 5425 est
3460 5369 3633 5423 Patris
3670 5364 3730 5422 de

2162 5478 2268 5533 quo
2294 5471 2378 5519 est
2407 5463 2636 5530 genitus,
2666 5463 2769 5516 iste
2791 5469 2972 5517 autem
3004 5461 3237 5532 Spiritus
3261 5464 3568 5533 utriusque,
3605 5473 3727 5530 quo-

2163 5555 2310 5610 niam
2341 5554 2408 5609 de
2449 5554 2680 5623 utroque
2701 5553 2978 5626 procedit.
3029 5553 3099 5608 Et
3127 5562 3250 5623 post
3272 5553 3551 5624 paululum
3582 5552 3724 5622 ipse:

2161 5644 2459 5705 Amborum
2483 5650 2567 5706 est
2598 5655 2727 5720 ergo
2773 5643 3007 5726 Spiritus
3042 5643 3384 5722 procedendo
3431 5643 3500 5702 de
3551 5639 3723 5697 Ambo
