3996 6320
235 351 337 412 99.9

1665 335 2050 400 EPISTOLE.

3383 345 3492 404 930

231 460 498 524 busltem
523 458 642 530 ipse
664 456 721 514 in
746 455 886 514 libro
912 455 978 513 de
1005 453 1272 512 Triuitate
1295 451 1437 510 inter
1467 458 1660 509 caetera
1682 458 1796 506 ait:
1827 453 1884 516 Α
1905 451 2066 519 rium,
2092 451 2161 509 ad
2191 467 2290 509 nos
2325 437 2465 510 cum.
2485 435 2666 511 verbis
2699 460 2756 511 et
2788 453 3077 512 litteris...
3119 463 3230 512 tuae
3259 455 3494 528 benigne

231 554 361 612 Cum
381 569 480 624 per
503 551 905 619 Scripturarum
931 555 1240 604 sanctarum
1275 543 1580 601 testimonia
1601 543 1807 600 docuis-
1889 551 2074 618 ,ntque
2091 544 2386 601 honoriﬁce
2406 546 2756 616 suscepimus.
2782 545 2850 601 Et
2875 545 3122 615 quamvis
3146 547 3216 602 ad
3238 561 3339 603 nos
3363 547 3495 604 mis-

228 658 361 709 sem,
394 642 462 698 de
509 649 742 710 utroque
779 639 1071 709 procedere
1117 635 1379 706 Spiritum
1407 641 1652 689 sanetum
1683 650 1698 686 :
1746 633 1805 688 Si

231 748 370 804 ergo,
413 733 652 802 inquam,
681 737 736 784 et
765 729 830 784 de
849 729 1031 796 Patre,
1059 726 1202 784 etde
1220 725 1357 781 Filio
1379 721 1809 798 procediﬁSpii-i-

229 830 315 878 tus
359 829 600 886 sanctus,
655 834 754 874 cur
806 817 975 873 Filius
1025 816 1208 872 dixit:
1243 814 1322 871 De
1367 813 1530 869 Patre
1575 813 1808 885 procedit

228 916 405 990 (Joan.
433 913 571 986 vn)?
594 913 702 969 Cur
728 919 908 983 putas,
941 910 1048 966 nisi
1089 907 1538 981 quemadmodum
1565 907 1704 963 solet
1736 904 1804 960 ad

226 1024 345 1068 eum
372 1005 578 1064 referre
599 1013 655 1062 et
672 1006 817 1076 quod
839 1005 1010 1075 ipsius
1031 1010 1134 1070 est,
1159 1002 1227 1058 de
1249 1017 1356 1072 quo
1383 1002 1498 1072 ipsc
1511 1002 1628 1057 est?
1654 1000 1810 1057 Unde

221 1098 352 1156 illud
376 1104 460 1154 est
480 1098 624 1168 quod
651 1097 726 1151 ait
751 1114 763 1150 :
791 1095 914 1149 Mea
934 1095 1173 1149 doctrina
1195 1109 1298 1148 non
1320 1102 1394 1148 est
1420 1110 1556 1159 mea,
1579 1091 1668 1147 sed
1693 1091 1807 1162 ejus

221 1192 307 1263 qui
334 1191 474 1246 misit
499 1207 600 1244 me.
632 1189 692 1245 Si
716 1189 883 1258 igitur
905 1187 996 1243 hic
1034 1185 1352 1258 intelligitur
1393 1185 1508 1255 ejus
1541 1182 1804 1250 doctrina,

221 1298 384 1354 quam
411 1290 594 1337 tamen
619 1279 758 1336 dixit
785 1295 896 1335 non
920 1293 1040 1335 esse
1061 1294 1236 1344 suam,
1269 1277 1365 1333 sed
1385 1275 1582 1342 Patris,
1607 1280 1808 1345 quanto

217 1374 392 1443 magis
416 1371 526 1427 illic
556 1370 936 1442 intelligendus
965 1377 1049 1426 est
1070 1378 1126 1425 et
1147 1371 1213 1426 de
1242 1369 1358 1441 ipso
1379 1368 1671 1440 procedere
1693 1365 1811 1436 Spi-

217 1463 356 1519 ritus
375 1469 596 1519 sanctus
615 1462 712 1519 ubi
735 1461 814 1517 sic
838 1461 916 1516 ait
943 1479 956 1514 :
997 1459 1077 1514 De
1104 1459 1267 1515 Patre
1306 1461 1561 1526 procedit,
1597 1464 1658 1512 ut
1700 1472 1810 1512 non

216 1554 443 1620 diceret,
487 1551 557 1609 de
595 1568 685 1608 me
726 1537 837 1609 non
876 1551 1157 1623 procedit?
1190 1550 1238 1606 A
1287 1565 1395 1621 quo
1439 1557 1624 1605 autem
1647 1546 1810 1603 habet

214 1642 388 1699 Filius
410 1650 472 1698 ut
498 1643 569 1698 sit
593 1642 769 1710 Deus;
795 1642 843 1698 si
869 1641 1075 1716 [Forte,
1109 1640 1214 1713 est]
1240 1640 1385 1697 enim
1411 1641 1476 1696 de
1499 1639 1611 1696 Deo
1643 1638 1806 1704 Deus,

211 1734 283 1789 ab
310 1733 404 1790 illo
434 1733 599 1789 habet
626 1735 834 1805 utique,
868 1741 931 1788 ut
972 1733 1136 1789 etiam
1164 1733 1231 1788 de
1271 1732 1364 1789 illo
1404 1731 1662 1802 procedat
1693 1730 1810 1800 Spi-

1890 626 2004 694 ‘sus
2023 651 2132 692 non
2155 633 2360 700 fuisset,
2391 636 2557 692 veluti
2598 637 2666 692 ad
2700 651 2801 692 nos
2834 636 3060 693 missum
3097 633 3340 694 adhibita
3377 636 3498 696 dili—

1907 723 2057 800 genti
2081 739 2209 780 cura
2231 732 2287 780 et
2323 724 2646 791 audivimus,
2684 734 2739 780 et
2763 741 2887 782 cum
2926 741 2991 781 eo
3025 727 3092 781 de
3115 727 3221 792 bis,
3257 741 3377 796 quae
3399 728 3498 782 de-

1906 807 2052 881 tulit,
2079 816 2206 884 quia
2230 816 2549 884 prudentem
2569 815 3067 884 animadvertimus,
3083 817 3498 874 collocutionem

1907 893 2216 962 habuimus.
2243 905 2354 961 Nec
2385 906 2676 972 immerito,
2713 922 2835 961 cum
2871 914 3023 961 tanta
3060 913 3206 962 esset
3239 923 3350 962 non
3374 915 3497 962 tan-

1907 1000 2026 1058 tum
2052 995 2107 1050 in
2143 995 2342 1052 litteris
2371 1011 2506 1066 quas
2540 997 2742 1062 attulit,
2769 999 2863 1054 sed
2893 999 3056 1052 etiam
3075 999 3131 1054 in
3151 1000 3348 1065 verbis,
3376 1014 3498 1069 qua:

1907 1099 1979 1141 ex
2003 1100 2100 1142 ore
2127 1085 2271 1141 illius
2307 1086 2507 1143 nostris
2542 1087 2764 1143 auribus
2800 1089 3175 1155 insonuerunt,
3203 1097 3402 1160 optatae
3431 1105 3499 1147 ac

1902 1191 2122 1250 semper
2156 1179 2404 1248 optandae
2438 1180 2591 1248 pacis
2623 1181 2797 1251 copia,
2839 1189 2900 1236 ut
2937 1182 3092 1238 valde
3118 1183 3275 1238 nobis
3305 1190 3360 1238 et
3381 1182 3498 1252 qui-

1905 1269 2227 1342 buscunque
2276 1270 2447 1327 Deum
2506 1273 2812 1329 amantibus
2875 1272 3246 1342 hujuscemodi
3298 1272 3496 1344 legatio

1905 1362 2122 1434 placere
2140 1363 2437 1434 potuisset;
2467 1378 2587 1433 quae
2608 1365 2795 1434 utique
2819 1371 2972 1420 tanto
2996 1365 3098 1420 fuit
3125 1365 3407 1420 charitatis
3432 1379 3498 1420 ac

1904 1451 2058 1522 pacis
2070 1450 2196 1506 favo
2219 1466 2488 1523 respersa,
2521 1459 2584 1508 ut
2615 1453 2671 1507 in
2710 1454 2892 1524 palato
2917 1455 3096 1511 cordis
3128 1454 3386 1526 cujusque
3427 1452 3496 1508 ﬁ-

1908 1542 2044 1599 delis
2078 1558 2267 1599 veram
2299 1551 2522 1613 possent
2569 1558 2758 1613 sapere
2797 1544 3157 1610 dulcedinem,
3205 1551 3498 1615 possetque

1903 1631 2137 1706 iudicari
2173 1635 2390 1706 penitus
2431 1635 2709 1706 insipiens,
2747 1635 2846 1690 'cui
2873 1636 3000 1690 talia
3032 1636 3282 1692 videntur
3305 1635 3496 1706 insipi-

1909 1725 1996 1781 da.
2025 1721 2254 1795 Propter
2275 1726 2439 1795 quod,
2468 1733 2757 1796 postquam
2793 1725 2942 1781 illum
2967 1727 3024 1781 in
3053 1726 3188 1782 ﬁnes
3212 1727 3364 1797 regni
3401 1742 3498 1784 no-

212 1824 354 1880 ritus
375 1831 628 1890 sanctus;
659 1839 724 1879 ac
742 1839 841 1894 per
879 1823 984 1878 hoc
1030 1822 1265 1892 Spiritus
1310 1830 1530 1878 sanctus
1562 1829 1623 1877 ut
1644 1820 1808 1877 etiam
1833 1812 1886 1878 Β
1911 1815 2012 1871 stri
2048 1815 2364 1886 pervenisse
2386 1817 2750 1885 comperimus
2767 1856 2783 1882 ν
2826 1815 2993 1871 veluti
3038 1816 3252 1886 prIBSCii
3282 1816 3500 1886 Optima

212 1912 279 1968 de
312 1911 404 1969 illo
433 1914 693 1982 procedat
725 1912 869 1968 sicut
893 1911 1141 1982 procedit
1166 1912 1232 1966 de
1255 1911 1438 1979 Patre,
1471 1913 1540 1968 ab
1563 1912 1682 1982 ipso
1707 1912 1808 1973 ha-

208 2002 303 2060 bet
327 2001 506 2056 Patre.
532 2001 666 2056 Item
691 2001 808 2073 ipse
846 2001 1083 2072 Spiritus
1132 2009 1373 2058 sanctus.
1411 2003 1646 2072 Spiritus
1678 2018 1809 2059 vero

209 2100 434 2149 sanctus
467 2091 708 2149 nondum
734 2093 802 2147 de
841 2091 1004 2149 Patre
1034 2092 1278 2164 procedit
1319 2094 1374 2147 in
1398 2092 1617 2160 Filium,
1643 2101 1697 2149 et
1743 2094 1810 2150 de

206 2183 350 2243 Filio
373 2185 618 2256 procedit
650 2185 719 2240 ad
747 2184 1188 2240 sanctiﬁcandam
1210 2191 1539 2251 creaturam,
1585 2184 1683 2240 sed
1731 2185 1808 2241 si-

207 2277 322 2333 mul
351 2276 415 2331 de
454 2285 688 2346 utroque
732 2276 1015 2347 procedit;
1057 2277 1306 2347 quamvis
1337 2277 1442 2332 hoc
1483 2275 1624 2331 Filio
1645 2275 1808 2332 Pater

208 2369 440 2437 dederit,
463 2377 526 2424 ut
546 2369 999 2440 quemadmodum
1047 2369 1113 2426 de
1161 2385 1240 2436 se,
1271 2369 1344 2424 ita
1382 2384 1599 2440 quoque
1623 2370 1690 2425 de
1715 2370 1808 2426 illo

181 2461 489 2531 ‘procedat.
516 2459 645 2516 Haec
667 2474 699 2514 a
723 2460 881 2516 nobis
918 2474 1130 2516 summo
1178 2458 1480 2530 opitulante
1527 2458 1720 2530 opiﬁce
1741 2459 1808 2516 de

206 2550 446 2620 Spiritus
493 2551 667 2607 sancti
718 2550 1066 2620 processione
1129 2549 1451 2620 multiplicia
1493 2557 1806 2606 sanctarum

207 2641 617 2713 Scripturarum
657 2650 946 2714 aggregata
986 2650 1114 2698 sunt
1137 2642 1466 2708 testimonia,
1493 2648 1554 2696 ut
1594 2642 1805 2697 divino-

205 2747 326 2790 rum
357 2733 625 2788 librorum
649 2732 934 2790 sententiis
967 2731 1166 2797 victus,
1196 2731 1604 2800 multorumque
1622 2731 1804 2786 ortho—

205 2823 474 2880 doxorum
519 2823 665 2878 nube
714 2821 936 2880 testium
960 2835 1184 2892 pressus
1227 2820 1446 2876 veritati
1471 2836 1580 2878 non
1626 2820 1805 2876 valeat

205 2915 466 2972 resistere
486 2913 770 2981 inimicus;
817 2912 915 2971 sed
955 2911 1136 2983 potius
1185 2911 1470 2968 sententiis
1522 2911 1804 2968 catholicis

203 3007 571 3088 veridicisque
595 3021 790 3063 suasus
824 3005 1170 3072 testimoniis,
1214 3012 1519 3061 revertatur
1543 3006 1613 3062 ad
1638 3005 1800 3062 tutis-

203 3101 403 3159 simum
440 3099 685 3156 ecclesiae
717 3100 917 3168 sinum,
941 3108 1002 3157 ut
1023 3101 1230 3172 pariter
1248 3100 1516 3158 catholico
1539 3100 1801 3158 educatus

1908 1921 1974 1962 ac
1995 1906 2108 1964 Deo
2126 1907 2472 1976 complacidae
2499 1906 2784 1976 legationis
2815 1906 2951 1976 ejus,
2976 1915 3280 1977 temperare
3309 1907 3501 1977 nequi-

1907 2001 2105 2065 vimus,
2145 2007 2446 2070 opportune
2479 2015 2604 2054 eum
2641 2000 2709 2054 ad
2745 2007 2987 2056 nostram
3028 1999 3372 2068 pmsentiam
3404 2013 3500 2054 ve-

1906 2091 2026 2148 nire
2049 2090 2297 2157 fecimus,
2327 2092 2563 2147 maxime
2591 2099 2772 2146 tamen
2799 2093 2944 2161 quod
2972 2092 3038 2158 is,
3071 2092 3139 2147 ad
3162 2107 3324 2161 quem
3349 2091 3499 2147 illum

1906 2181 2135 2236 missum
2161 2196 2280 2237 esse
2317 2182 2615 2246 constabat,
2651 2182 2880 2238 dilectus
2914 2181 3059 2236 ﬁlius
3088 2192 3276 2238 noster
3305 2181 3332 2222 ἀ
3377 2181 3503 2254 Pip-

1904 2272 2066 2342 pinus
2089 2289 2186 2329 rex
2213 2273 2329 2344 jam
2361 2274 2522 2329 rebus
2553 2274 2806 2329 humanis
2845 2281 3172 2340 excesserat,
3200 2288 3376 2342 neque
3399 2288 3501 2330 nos

1905 2361 2058 2420 illum
2085 2379 2208 2419 cum
2243 2363 2443 2420 infecto
2480 2365 2697 2434 negotio
2736 2370 2906 2430 tanto,
2935 2364 3005 2420 ad
3036 2365 3180 2434 quod
3211 2363 3500 2434 perﬁcien-

1906 2454 2035 2511 dum
2059 2455 2297 2510 directus
2317 2464 2456 2523 erat,
2480 2471 2713 2511 vacuum
2737 2455 2935 2510 reverti
2956 2457 3068 2526 pati
3095 2456 3390 2526 potuimus.

1974 2546 2044 2602 Et
2089 2561 2198 2602 non
2246 2545 2419 2602 solum
2468 2554 2688 2617 propter
2717 2547 2864 2624 hoc,
2905 2547 3001 2602 sed
3037 2546 3201 2602 etiam
3243 2546 3388 2617 quod
3431 2559 3499 2602 ex

1903 2646 2148 2710 tempore
2163 2680 2178 2706 ,
2220 2655 2328 2711 quo
2365 2640 2544 2712 primo
2577 2641 2792 2711 imperii
2829 2639 2908 2695 tui
2942 2655 3083 2696 anno
3123 2651 3147 2680 θ
3184 2638 3500 2696 Michaclem

1903 2733 2379 2802 metropolitanum
2423 2740 2479 2789 et
2518 2733 2808 2803 populum,
2848 2733 3124 2789 assiduum
3173 2731 3392 2806 [Pouq.,
3444 2737 3501 2788 et

1902 2824 2126 2881 Petrum
2147 2826 2463 2899 Assiduum]
2508 2828 2779 2893 abbatem,
2808 2826 3179 2896 Calistumque
3207 2825 3501 2895 gloriosum

1903 2916 2249 2973 cantidatum
2291 2918 2359 2972 ad
2405 2918 2841 2973 constituendam
2877 2919 3162 2973 nobiscum
3204 2931 3395 2987 pacem
3447 2921 3502 2970 et

1901 3008 2217 3066 fmderanda
2248 3018 2414 3080 atque
2438 3011 2723 3066 adunanda
2763 3010 2881 3065 haec
2907 3011 3013 3065 duo
3039 3010 3096 3063 in
3136 3009 3337 3064 Christi
3367 3008 3501 3062 cha-

1902 3100 2356 3173 ritate,‘longa:va
2385 3109 2478 3157 tua
2516 3101 2666 3156 misit
2699 3101 2950 3168 dilectio,
3000 3099 3168 3156 veluti
3197 3100 3255 3155 in
3285 3097 3502 3168 specula

203 3193 257 3250 in
292 3195 526 3263 gremio,
553 3194 879 3267 quandoque
934 3201 1200 3251 aeternum
1223 3210 1349 3252 cum
1373 3182 1499 3252 ﬁliis
1523 3202 1800 3254 mereatur
1824 3177 1874 3244 Ο
1900 3195 2064 3266 positi
2101 3195 2261 3265 longa
2296 3194 2498 3250 fuimus
2535 3195 2940 3265 exspectatione
2975 3193 3242 3264 suspensi,
3277 3199 3504 3263 praesto-

203 3285 456 3356 accipere
477 3298 726 3356 regnum.

714 3408 744 3439 ι
794 3395 1134 3454 EPISTOLA
1172 3395 1292 3452 XX.

438 3486 471 3528 ιι
507 3503 578 3543 an
612 3502 952 3544 mcsrnonun
990 3502 1103 3542 me.
1144 3501 1566 3543 CONSTANTINOI‘.

197 3575 478 3648 Gaudium
501 3593 657 3648 suum
674 3576 940 3648 signiﬁcat
966 3577 1030 3631 de
1058 3578 1250 3630 iterata
1281 3575 1538 3648 legatione
1561 3592 1656 3646 pro
1681 3593 1804 3633 con-

403 3646 675 3724 diluenda
695 3646 823 3718 pace
841 3648 981 3701 inter
1001 3656 1281 3717 utrumque
1311 3646 1609 3718 imperium.

813 3739 994 3814 (Anno
1030 3739 1182 3812 810.)

562 3829 662 3895 (Ex
682 3829 900 3883 Froben.
927 3830 1055 3895 Opp.
1073 3831 1209 3882 beati
1230 3830 1468 3893 Aleum.)

264 3939 417 3996 Cum
455 3935 511 3993 in
548 3935 697 3992 omni
735 3935 989 3990 humanae
1021 3933 1250 3989 actionis
1291 3932 1448 3988 initio
1480 3932 1694 3989 Domini
1732 3932 1804 3990 sit

184 4029 475 4086 auxilium
507 4025 888 4091 invocaudum,
939 4024 1176 4080 maxime
1223 4024 1279 4079 in
1318 4024 1440 4090 hoc,
1477 4025 1620 4093 quod
1642 4027 1804 4082 modo

183 4122 351 4178 inter
378 4133 502 4184 nos,
542 4117 655 4175 Deo
678 4116 968 4182 mediante,
1009 4115 1208 4185 agitur,
1243 4116 1479 4186 negotio,
1505 4115 1719 4171 Domini
1751 4123 1806 4171 et

182 4212 512 4271 Salvatoris
535 4210 707 4268 nostri
731 4208 861 4266 Jesu
886 4207 1087 4264 Christi
1111 4209 1260 4264 omni
1285 4209 1445 4264 modo
1469 4216 1596 4264 sunt
1621 4209 1806 4280 implo-
1850 4283 1854 4288 ν

178 4309 381 4368 renda
418 4306 700 4376 suffragia,
741 4311 803 4359 ut
823 4305 916 4374 qui
941 4303 1159 4359 nomine
1195 4302 1340 4376 illius
1373 4302 1569 4373 signati
1594 4318 1802 4366 sumus,

178 4411 241 4459 et
284 4401 359 4456 in
398 4396 802 4468 dispensatione
833 4394 1100 4466 passionis
1133 4391 1250 4463 ejus
1277 4393 1346 4447 ab
1370 4399 1574 4449 aeterno
1614 4395 1806 4449 mortis

175 4491 456 4568 periculo
473 4505 574 4546 nos
594 4490 901 4558 redemptos
927 4501 1048 4544 esse
1065 4485 1402 4542 conﬁdimus.
1433 4500 1498 4540 ea
1542 4499 1663 4554 quae
1687 4486 1805 4556 ipso

176 4583 514 4653 inspirante
539 4578 877 4642 inchoamus,
908 4577 977 4632 ad
1009 4577 1298 4633 honestum
1337 4583 1392 4630 et
1416 4574 1604 4632 utilem
1631 4576 1808 4647 perfe-

177 4673 412 4734 ctionis
441 4671 735 4729 terminum
770 4669 1069 4740 perducere
1093 4682 1416 4724 mereamur.
1452 4667 1510 4723 In
1534 4666 1688 4737 cujus
1711 4685 1808 4725 no-

177 4768 362 4823 mine
392 4770 561 4835 atque
598 4761 804 4816 honore
839 4759 1077 4829 legatum
1111 4758 1467 4815 fraternitatis
1492 4767 1617 4825 tute,
1645 4775 1806 4830 quem

180 4859 261 4914 ad
311 4857 483 4911 bona:
515 4851 906 4909 recordationis
936 4850 1107 4906 ﬁlium
1143 4859 1389 4907 nostrum
1417 4850 1702 4921 Pippinum
1726 4869 1810 4908 re-

183 4961 334 5018 gem
382 4945 634 5012 misistis,
669 4955 692 4984 ο
739 4943 1016 5000 Arsatium
1063 4943 1270 5002 scilicet
1310 4944 1604 5015 gloriosum
1628 4957 1809 5016 spata-

272 5093 307 5121 ει
361 5078 626 5151 Epistola.
671 5079 801 5152 Haec
830 5080 1057 5150 epistola
1093 5081 1238 5152 inter
1272 5077 1631 5152 {Alcuinianas
1668 5083 1810 5152 apud

184 5151 623 5221 Quercetanum
666 5151 761 5206 111
800 5158 904 5216 est,
942 5152 1088 5221 apud
1119 5150 1394 5207 Canisium
1427 5167 1589 5218 nona,
1619 5150 1806 5218 missa,

188 5220 383 5304 prout
423 5227 714 5302 contextus
741 5221 942 5304 .habet,‘
971 5220 1367 5304 ad‘tPippinum
1389 5222 1577 5304 “Italiae
1626 5238 1811 5304 regem

192 5291 336 5362 ipso
353 5305 502 5346 anno
517 5306 625 5362 quo
637 5291 686 5346 is
702 5291 886 5362 vivere
906 5291 1089 5362 desiit,
1107 5291 1301 5362 nempe
1315 5307 1365 5346 a.
1387 5292 1512 5349 810.
1531 5291 1810 5350 Immerito

192 5361 390 5433 igitur
428 5361 674 5433 epistolis
706 5361 920 5433 Alcuini
955 5363 1046 5418 diu
1081 5371 1209 5418 ante
1236 5361 1483 5418 defuncti
1509 5364 1735 5420 inserta.

279 5433 316 5514 ιτ
349 5432 435 5514 A-d
461 5432 848 5514 Nicephorum.
873 5432 1249 5514 Logothetam,
1267 5433 1366 5514 qui
1395 5449 1539 5514 anno
1562 5435 1812 5514 802,__de-

192 5502 365 5574 iecta
386 5503 547 5558 lrene
566 5502 1813 5584 imperatricel,‘.imperiumgongautinopolita-

196 5569 356 5649 ingrn
395 5569 702 5649 occupavit.
745 5573 854 5644 (Ea:
895 5569 1327 5649 Chrohographia
1359 5569 1727 5649 _Tlte0pha}iis,
1765 5586 1815 5634 et

199 5644 368 5711 aliis,
391 5645 546 5719 apud
568 5643 815 5719 Pagium,
835 5645 905 5719 ad
927 5646 981 5698 ἡ.
1004 5662 1081 5719 α.,
1109 5643 1262 5719 sum,
1298 5645 1378 5719 2.)

287 5725 316 5754 ο
364 5714 662 5786 Arsatium.
685 5715 966 5773 Arsasium
983 5755 1000 5782 ,
1038 5714 1368 5786 Arsaphium
1410 5726 1606 5780 vocant
1643 5734 1815 5780 anna-

198 5783 368 5845 listae
393 5785 541 5846 illius
562 5787 841 5859 temporis,
867 5787 936 5849 ad
956 5801 1158 5847 annum
1179 5783 1318 5848 ⁷811.

1904 3286 2078 3343 lantes
2115 3294 2229 3344 slve
2269 3303 2367 3358 per
2398 3288 2655 3359 legatum,
2685 3290 2801 3345 sive
2825 3304 2923 3360 per
2949 3289 3253 3359 epistolam,
3286 3288 3502 3356 quando

1903 3378 2224 3434 meritorum
2245 3381 2464 3449 scriptis
2489 3364 2692 3436 nostris
2717 3380 2973 3435 amabilia
3007 3378 3369 3435 fraternitatis
3393 3386 3502 3434 tua:

1903 3483 2164 3538 responsa
2198 3470 2548 3540 susciperem.
2583 3469 2829 3552 Jamque,
2872 3478 2934 3524 ut
2967 3485 3027 3526 se
3061 3470 3224 3525 habet
3249 3469 3501 3524 humanae

1903 3559 2102 3614 mentis
2141 3558 2449 3626 inﬁrmitas,
2479 3575 2647 3629 prope
2679 3561 2983 3629 desperatio
3017 3560 3168 3614 cordi
3193 3564 3383 3615 nostro
3417 3558 3500 3612 in-

1904 3650 2137 3717 cipiebat
2166 3651 2389 3706 aboriri.
2433 3650 2540 3707 Sed
2563 3651 2792 3707 ﬁdentes
2817 3651 3168 3711 sperabamus
3202 3651 3258 3706 in
3284 3667 3369 3716 eo,
3405 3650 3500 3721 qui
3565 3662 3574 3671 '

1904 3754 2180 3810 nunquam
2219 3740 2418 3796 deserit
2463 3750 2745 3810 sperantes
2781 3741 2837 3796 in
2875 3755 2936 3797 se
2951 3781 2966 3808 ,
3013 3741 3159 3810 quod
3194 3741 3496 3797 secundum

1901 3830 2223 3902 Apostolum
2270 3831 2424 3888 labor
2455 3836 2668 3903 noster}
2705 3833 2762 3888 in
2798 3833 2916 3903 ipso
2957 3847 3162 3889 vacuus
3206 3841 3261 3890 et
3318 3833 3500 3890 inanis

1906 3938 2025 3980 esse
2061 3940 2169 3980 non
2207 3925 2446 3992 deberet,
2475 3941 2540 3982 ac
2575 3926 2900 3983 desiderium
2943 3934 3210 3994 nostrum,
3239 3927 3406 3999 quod,
3435 3931 3501 3982 ut

1905 4014 2246 4083 conﬁdimus,
2298 4017 2467 4087 ipsius
2503 4018 2855 4088 inspiratione
2895 4020 3248 4090 concipimus,
3302 4033 3498 4074 secun-

1907 4105 2035 4162 dum
2062 4107 2280 4163 divitias
2305 4109 2692 4168 misericordiae
2717 4127 2830 4167 suae
2859 4111 3150 4180 complere,
3177 4118 3232 4168 et
3263 4111 3501 4183 quando-

1907 4213 2120 4269 euuque
2155 4200 2226 4255 ad
2251 4198 2500 4255 eﬁ'ectum
2525 4203 2824 4269 perducere
2850 4204 3090 4259 deberet.

1978 4293 2183 4349 Idcirco
2213 4292 2397 4348 audito
2420 4294 2653 4349 adventu
2688 4296 2973 4351 memorati
2998 4296 3160 4365 legati
3197 4294 3500 4351 dilectionis

1908 4395 2037 4453 tuae,
2077 4385 2282 4441 Arsatii
2327 4385 2547 4455 gloriosi
2579 4389 2822 4456 spatarii,
2846 4375 3177 4458 magnopere
3211 4387 3381 4459 gavisi
3407 4402 3501 4442 su-

1908 4498 2050 4548 mus,
2091 4481 2444 4547 conﬁdentes,
2473 4497 2573 4538 nos
2610 4484 2677 4539 de
2710 4486 2873 4540 rebus
2908 4483 3130 4538 incertis
3157 4482 3224 4538 ad
3254 4489 3498 4551 optatam

1911 4578 2292 4636 certitudinem
2328 4585 2703 4646 perventuros,
2745 4584 2801 4633 et
2838 4576 2904 4631 de
2944 4575 3030 4630 his
3063 4589 3183 4643 quae
3226 4572 3500 4642 praedictis

1909 4671 2091 4728 missis
2125 4671 2235 4725 tuis
2257 4671 2325 4726 ad
2349 4678 2402 4725 te
2440 4669 2728 4726 deferenda
2767 4668 3012 4724 dedimus
3044 4680 3362 4735 responsum
3381 4677 3503 4719 esse

1909 4770 2241 4833 recepturos.
2279 4762 2347 4817 Et
2371 4777 2561 4818 revera
2588 4763 2664 4818 ita
2684 4761 2885 4816 factum
2908 4767 3009 4814 est.
3049 4759 3328 4814 Sensimus
3355 4757 3498 4811 enim

1910 4869 1977 4909 ex
1997 4861 2150 4923 parte
2176 4869 2316 4919 mea,
2343 4854 2487 4922 quod
2514 4853 2952 4910 desiderabamus
2989 4851 3058 4906 ad
3081 4850 3494 4920 completionem

1910 4954 2160 5004 votorum
2191 4953 2523 5013 nostrorum,
2551 4945 2717 5000 divini
2741 4943 2983 5000 favorem
3005 4942 3190 4998 auxilii
3215 4941 3352 4998 etin
3385 4955 3502 4995 ver-

1981 5082 2009 5121 d
2041 5081 2298 5150 Pippinus
2353 5097 2446 5135 rex
2491 5079 2611 5150 iam
2670 5080 2823 5135 rebus
2880 5079 3124 5150 humanis
3187 5086 3494 5150 excesserat.

1911 5153 2068 5208 Anno
2093 5148 2199 5208 810
2224 5167 2322 5207 vui
2351 5151 2475 5208 ldus
2495 5148 2644 5218 Julii,
2669 5159 2731 5206 ut
2756 5149 3040 5207 annalistaa
3061 5148 3404 5206 concorditer
3421 5155 3500 5203 te-

1910 5231 2145 5282 stantur.

1989 5305 2011 5333 e
2041 5290 2369 5346 Michaelem.
2409 5291 2582 5347 Aliter
2610 5293 2830 5347 nomina
2871 5291 3172 5361 legatorum
3216 5297 3502 5361 recensent

1912 5362 2150 5421 Annales
2176 5362 2390 5429 Tiliani,
2413 5363 2725 5427 Loiseliani,
2754 5359 3044 5418 Mettenses
3063 5370 3119 5417 et
3157 5359 3267 5416 alii.
3302 5381 3320 5412 ι
3353 5360 3500 5416 Missi

1915 5443 2057 5497 sunt,
2101 5433 2370 5502 inquiunt,
2408 5435 2634 5489 Michael
2670 5435 2972 5503 episcopus.
3014 5433 3206 5487 Petrus
3241 5434 3406 5488 abbas
3445 5438 3500 5486 et

1915 5503 2538 5574 Calistuscandidatus..
2555 5526 2572 5557 ι
2598 5504 2887 5560 Mettenses
2910 5520 3038 5560 vero
3058 5519 3342 5574 perperam
3365 5503 3501 5558 duos

1915 5576 2123 5632 faciunt
2145 5573 2405 5629 Calistum
2442 5583 2496 5630 et
2522 5574 2898 5631 Candidatum.
2927 5573 3160 5631 Calistus
3201 5574 3344 5629 enim
3369 5587 3501 5626 can-

1917 5647 2132 5716 didatus
2169 5645 2471 5716 appellatur
2500 5647 2570 5702 ob
2604 5646 2940 5715 dignitatem,
2984 5663 3145 5715 quam
3167 5644 3406 5716 gerebat,
3433 5643 3500 5716 de

1917 5731 2024 5790 qua
2049 5710 2220 5783 plura
2237 5710 2442 5790 videas,
2470 5718 2518 5776 si
2555 5710 2725 5790 lubet,
2752 5719 2895 5789 apud
2927 5710 3228 5783 VCahiSiuﬁl,
3267 5714 3325 5773 in
3354 5710 3499 5774 notis

1919 5788 1989 5849 ad
2010 5787 2149 5849 hanc
2171 5787 2472 5861 epistolam.
2511 5791 2514 5794 ’
