3990 6302
1819 428 1876 491 Α
1900 441 2023 483 mus
2039 467 2056 494 ,
2083 426 2335 485 nuntiare
2356 390 2593 501 ‘satage;
2620 434 2680 485 et
2720 429 2770 487 si
2813 428 2895 487 ita
2916 435 3103 488 teneas
3125 437 3179 487 et
3200 430 3486 503 praedices,

1904 530 1999 577 aut
2025 524 2069 580 si
2094 523 2150 577 in
2174 523 2281 580 hoc
2298 524 2441 594 quod
2462 524 2728 595 praedicas
2750 532 2808 582 te
2822 525 2999 597 ipsum
3024 525 3316 584 custodias.
3344 525 3493 586 Bene

1907 615 2046 687 vale,
2073 622 2132 673 et
2150 631 2246 672 ora
2273 632 2375 688 pro
2398 617 2574 672 nobis.
3521 622 3525 684 ;

2413 727 2750 787 EPISTOLA
2786 724 2976 787 xm.

1904 839 1975 883 an
2034 834 2385 880 unimanum
2441 820 2851 895 [metussimul]
2908 830 3362 880 Αιςιιιιιριεοορωι
3420 836 3492 881 nr

2508 906 2880 950 θεοιινοιηι.

2175 984 2299 1045 luis
2328 986 2584 1059 quaedam
2611 984 2816 1041 mutes
2848 984 3184 1043 concatenata
3516 982 3523 1021 ¹

2266 1076 2365 1141 (Ex
2387 1080 2575 1143 Mirarq,
2596 1079 2760 1141 Opera
2780 1076 3133 1145 diplomata.)

1977 1173 2203 1231 Carolus
2228 1175 2403 1243 gratia
2422 1174 2520 1229 Dei
2545 1187 2642 1228 res
2671 1168 3011 1231 Francorum
3032 1182 3093 1229 et
3109 1172 3495 1247 Langobardo-

1908 1279 2031 1321 rum
2075 1279 2141 1320 ac
2181 1264 2444 1335 patricius
2470 1264 2858 1331 Romanorum,
2894 1262 3183 1322 Aitbilsrdo
3226 1266 3496 1339 archiepi-

1908 1372 2073 1428 scopo
2112 1356 2537 1430 [Cantuariensii
2564 1364 2620 1412 et
2651 1355 2930 1414 Ceolvulfo
2973 1358 3291 1430 coepiscopo
3326 1358 3491 1424 illius,

1909 1459 2128 1506 aeternae
2151 1448 2503 1504 beatitudinis
2540 1448 2789 1505 salutem.

719 408 1054 490 merum
1081 440 1109 472 ι
1125 408 1310 486 'xxn;

550 544 619 587 an
643 512 983 586 ουίιιιειιτυιι
1008 533 1480 587 Αιισιιιενιεαονυιι.

826 617 1005 699 (Anno
1033 614 1185 687 8H.)
1379 690 1393 699 ν

651 709 749 776 (Ex
775 708 955 760 Iabill.
977 706 1206 758 Analect.
1230 704 1374 766 Yet.)

177 828 190 845 ι
284 804 347 860 ιιι
365 798 590 858 nomine
611 794 808 861 Patris,
838 800 895 849 et
916 791 1062 859 Filii,
1080 798 1137 846 et
1160 789 1395 861 Spiritus
1418 787 1614 845 sancti.
1640 786 1808 851 Caro-

213 896 302 953 lus
329 890 711 952 serenissimus
731 886 1008 958 Augustus
1031 900 1063 940 a
1094 883 1322 940 Domino
1347 889 1655 948 coronatus,
1691 895 1808 937 ma-

212 1004 377 1062 gnus,
404 985 665 1058 paciﬁcus
687 982 1000 1053 imperator,
1028 978 1334 1050 gubernans
1378 975 1664 1047 imperium
1687 974 1806 1045 qui-

214 1080 363 1147 dem,
378 1085 436 1133 et
458 1072 830 1133 misericordia
841 1071 946 1127 -Dei
968 1084 1063 1125 rex
1079 1067 1413 1124 Francorum
1437 1074 1491 1122 et
1504 1065 1808 1137 Langobar-

215 1170 435 1237 dorum,
460 1164 739 1226 Odilberto
764 1160 1191 1233 archiepiscopo,
1219 1159 1276 1214 in
1301 1158 1530 1213 Demino
1556 1156 1804 1212 salutem.

288 1259 502 1332 Smpius
535 1264 735 1326 tecum,
784 1255 894 1312 imo
935 1262 991 1310 et
1028 1268 1153 1309 cum
1178 1249 1391 1307 caeteris
1422 1248 1640 1320 collegis
1679 1246 1805 1314 tuis,

216 1350 488 1408 familiare
509 1348 840 1418 colloqmum
866 1345 933 1401 de
956 1343 1191 1400 utilitate
1215 1347 1421 1397 sancta:
1441 1338 1536 1395 Dei
1554 1336 1810 1393 Ecclesia:

213 1446 425 1503 habere
446 1442 822 1509 voluissemus,
863 1438 911 1495 si
949 1437 1156 1507 absque
1186 1433 1434 1490 molestia
1463 1430 1730 1502 corporali
1755 1430 1811 1485 id

214 1536 437 1593 allicere
464 1533 753 1605 potuisses.
791 1529 899 1586 Sed
932 1527 1181 1600 quamvis
1206 1527 1553 1583 sanctitatem
1582 1533 1731 1580 tuam
1753 1523 1810 1579 in

1980 1541 2299 1599 Nullatenus
2331 1548 2569 1597 vestram
2590 1550 2753 1598 terrae
2779 1536 3235 1614 longinquitatem
3256 1539 3345 1597 vel
3362 1552 3493 1612 pro-

214 1625 421 1684 divinis
444 1625 610 1680 rebus
634 1628 751 1678 tota
782 1620 1082 1675 intentione
1100 1618 1324 1690 vigilare
1343 1633 1452 1673 non
1476 1616 1806 1689 ignoremus.
1911 1632 2096 1689 cellosi
2125 1632 2293 1687 maris
2318 1631 2657 1687 latitudinem
2684 1631 2964 1687 foederatae
3009 1631 3066 1686 in
3110 1630 3327 1688 Christo
3360 1628 3497 1687 ami-

212 1718 473 1776 omittere
508 1723 691 1770 tamen
722 1728 832 1769 non
862 1726 1167 1783 possumus,
1205 1712 1334 1782 quin
1374 1718 1523 1766 tuam
1563 1708 1808 1766 devotio-

1923 1723 2052 1782 sitiae
2087 1723 2215 1793 jura
2256 1723 2601 1794 disrumpere
2643 1720 2729 1777 fas
2770 1722 3119 1778 arbitramur.
3158 1721 3267 1780 Sed
3295 1727 3499 1794 (manto

212 1826 346 1869 nem
379 1815 569 1866 sancto
606 1807 867 1863 incitante
904 1805 1110 1876 Spiritu
1143 1805 1344 1863 nostris
1376 1804 1620 1875 aPiCibus
1652 1817 1805 1860 εοω·
1833 1792 1887 1861 Β
1908 1817 2150 1889 longiore
2172 1817 2346 1888 spatio
2373 1792 2611 1872 hurriana
2656 1814 2915 1871 dividitur
2938 1792 3329 1879 conversatio;
3347 1819 3499 1869 meo

212 1902 503 1975 plumas,
537 1906 701 1970 atque
742 1913 1203 1965 commoneamus,
1246 1906 1308 1952 ut
1339 1898 1514 1969 magis
1546 1912 1610 1954 ac
1635 1898 1810 1970 magis
1908 1910 2224 1982 probatiore
2251 1908 2356 1964 ﬁde
2389 1908 2608 1979 pietatis
2632 1914 2854 1977 pactum
2877 1907 3087 1962 servari
3112 1906 3347 1974 debebit,
3371 1905 3498 1977 quia

212 1995 273 2052 in
298 2001 489 2051 sancta
521 1993 620 2049 Dei
653 1992 894 2050 Ecclesia
929 1993 1172 2049 studiose
1206 2006 1271 2049 ac
1296 1992 1542 2063 vigilanti
1571 2008 1703 2048 cura
1739 1992 1812 2049 ιι-
1910 2016 2055 2073 sape
2098 2003 2153 2057 in
2178 2001 2465 2072 ρτωεθηιίει
2494 2000 2659 2054 timor
2706 1998 2788 2054 vel
2834 1998 3210 2055 embescentia
3256 1998 3315 2052 in
3360 1996 3502 2053 facie

211 2088 415 2146 borare
447 2088 666 2143 studeas
704 2085 760 2141 in
802 2086 1188 2157 praedicatione
1229 2094 1417 2143 saneta
1464 2095 1521 2142 et
1566 2088 1810 2144 doctrina
1910 2094 2060 2150 foras
2080 2094 2317 2149 ostendit
2343 2091 2488 2162 quod
2513 2092 2676 2147 homo
2698 2092 2847 2147 intus
2871 2091 2928 2147 in
2956 2090 3119 2146 corde
3144 2104 3259 2146 non
3276 2089 3497 2146 retinet.

213 2178 448 2236 salutari
471 2196 485 2233 :
512 2186 783 2249 quatenus
805 2193 903 2249 per
924 2186 1077 2235 tuam
1103 2178 1506 2235 devotissimam
1532 2179 1812 2235 solertiam

211 2271 449 2326 verbum
477 2270 606 2325 vita:
643 2278 860 2326 aeterna:
891 2274 1102 2327 cnseat
1134 2276 1190 2326 et
1226 2274 1431 2338 currat,
1466 2278 1523 2327 et
1552 2271 1814 2341 multipli-

212 2370 373 2418 cetur
406 2376 667 2419 numerus
703 2362 887 2433 populi
926 2362 1222 2419 Christiani
1256 2364 1315 2418 in
1354 2364 1569 2420 laudem
1603 2372 1660 2419 et
1694 2364 1812 2434 glo-

214 2454 358 2509 riam
400 2452 699 2510 Salvatoris
745 2456 918 2511 nostri
968 2455 1085 2511 Dei.
1135 2455 1304 2512 Nosse
1352 2457 1535 2527 itaque
1580 2471 1679 2527 per
1720 2464 1814 2512 tua

212 2546 421 2617 scripta
454 2548 547 2601 aut
580 2562 676 2617 per
713 2548 947 2618 teipsum
980 2546 1248 2614 volumus,
1301 2547 1536 2618 qualiter
1570 2555 1627 2603 et
1669 2555 1727 2603 tu
1761 2555 1816 2603 et

213 2638 546 2709 αὔθαδθεί
575 2640 654 2694 tui
684 2640 923 2696 doceatis
950 2648 1005 2697 et
1041 2641 1323 2697 instruatis
1367 2643 1677 2698 sacerdotes
1718 2643 1815 2698 Dei

214 2736 270 2790 et
289 2733 506 2805 plebem
524 2731 677 2787 vobis
702 2735 1047 2789 commissam
1069 2726 1135 2789 de
1154 2730 1422 2802 baptismo
1450 2743 1812 2803 sacramento,

1910 2186 2082 2258 Igitur
2118 2193 2307 2242 sancta
2345 2184 2479 2241 ﬁdes
2517 2186 2571 2241 in
2608 2185 2857 2240 absentia
2898 2183 3186 2240 laudabilis
3218 2189 3414 2249 exstat,
3447 2189 3504 2239 et

1912 2279 1969 2334 in
2017 2278 2307 2349 praesentia
2355 2276 2679 2333 venerabilis
2709 2275 2977 2331 consistit.
3030 2274 3184 2331 Unde
3212 2282 3269 2330 et
3301 2275 3358 2330 in
3383 2273 3502 2344 ejus

1913 2370 2131 2435 ﬁducia,
2150 2384 2314 2440 quam
2337 2368 2427 2440 pia
2452 2368 2581 2424 olim
2609 2366 2936 2422 allocutione
2964 2371 3261 2437 praesentes
3293 2361 3501 2437 pepigi-

1913 2478 2057 2529 mus,
2083 2462 2183 2516 hos
2207 2461 2437 2517 miseros
2466 2460 2658 2532 patriae
2690 2474 2802 2516 suae
2827 2459 3043 2516 exsules
3069 2466 3267 2514 vestrae
3300 2456 3503 2513 direxi-

1913 2565 2036 2607 mus
2058 2551 2267 2621 pietati,
2303 2550 2656 2621 deprecantes
2690 2558 2751 2605 ut
2793 2563 2894 2619 pro
2927 2549 3010 2605 eis
3052 2546 3391 2604 intercedere
3415 2545 3501 2602 (ιι-

1917 2642 2155 2713 gnemini
2181 2642 2324 2712 apud
2351 2642 2577 2696 fratrem
2614 2655 2796 2697 meum
2845 2639 3226 2695 charissimum
3252 2637 3502 2698 Oii'anum

1916 2747 2121 2802 regem,
2144 2739 2412 2803 quatenus
2439 2730 2666 2801 pacifice
2693 2740 2749 2786 et
2782 2731 2985 2801 absque
3026 2729 3253 2799 alicujus
3293 2728 3506 2797 injusti-

214 2823 271 2880 ld
297 2831 385 2879 est
416 2838 517 2879 cur
547 2823 725 2901 primo
763 2821 944 2878 infans
977 2824 1398 2879 cateclmmenus
1429 2823 1695 2893 efficitur,
1731 2826 1823 2882 vel
1918 2824 2011 2880 tite
2027 2825 2376 2895 oppressione
2395 2825 2452 2880 in
2472 2837 2570 2880 sua
2587 2822 2747 2879 liceat
2765 2836 3090 2880 conversam
3106 2823 3303 2893 patria,
3320 2830 3376 2877 et
3397 2821 3508 2879 cui-1

216 2915 351 2985 quid
391 2914 467 2969 sit
501 2914 923 2969 catechumenus
952 2931 965 2966 :
997 2913 1189 2969 deinde
1221 2929 1319 2983 per
1351 2914 1599 2969 ordinem
1634 2916 1818 2971 omnia
1918 2915 2053 2971 libet
2073 2916 2366 2975 deservire.
2390 2916 2528 2970 Nam
2553 2916 2803 2971 dominus
2838 2916 3055 2971 illorum
3091 2914 3506 2984 Umbrinsgstan

216 3021 340 3077 quae
374 3013 632 3076 aguntur.
660 3006 738 3060 De
773 3004 1056 3071 scrutinio,
1098 3005 1229 3075 quid
1255 3006 1327 3060 sit
1363 3007 1705 3061 scrutinium.
1742 3008 1819 3064 De
1920 3011 2061 3067 diem
2097 3010 2273 3075 obiit;
2318 3009 2432 3079 qui,
2480 3017 2539 3064 ut
2598 3008 2755 3065 nobis
2799 3008 2976 3063 visum
3023 3006 3153 3073 fuit,
3190 3007 3363 3062 fidelis
3410 3020 3509 3061 suo

216 3096 500 3167 Symbolo,
521 3106 641 3166 qmc
657 3095 729 3151 sit
744 3095 861 3166 ejus
872 3096 1247 3167 interpretatio
1262 3099 1556 3155 secundum
1571 3097 1817 3156 Latinos.

1921 3102 2113 3158 fuisset
2132 3101 2370 3169 domino,
2395 3101 2441 3157 si
2468 3102 2522 3156 in
2544 3101 2721 3171 patria
2745 3101 2985 3158 licuisset
3003 3115 3371 3172 perseverare.
3400 3098 3511 3155 Sed

216 3163 665 3256 Decredulitate,
692 3163 960 3260 quomodo
987 3163 1313 3246 credendum
1339 3191 1412 3246 sit
1442 3191 1500 3246 in
1526 3192 1817 3248 Dominum
1841 3163 1891 3225 θ
1924 3203 1986 3251 ιιι
2007 3195 2199 3250 mortis
2225 3163 2480 3250 evaderet
2499 3163 2819 3264 periculum,
2838 3198 2899 3246 ut
2923 3163 3103 3246 dicere
3125 3192 3352 3257 solebat,
3374 3190 3511 3261 fugit

217 3280 439 3337 Patrem
467 3280 917 3349 omnipotentem,
937 3288 993 3335 et
1015 3280 1072 3334 in
1093 3278 1279 3336 Iesum
1305 3282 1581 3338 Christum
1616 3284 1813 3340 Filium

216 3371 358 3443 ejus,
387 3380 447 3427 et
462 3372 521 3427 in
543 3371 807 3444 Spiritum
833 3380 1113 3440 sanctum;
1140 3382 1384 3430 sanctam
1408 3368 1706 3432 Ecclesiam
1726 3393 1820 3434 ca-

217 3464 503 3529 tholicam,
538 3470 595 3519 et
626 3472 823 3520 caetera
867 3480 988 3535 quae
1022 3474 1321 3535 sequuntur
1347 3467 1401 3521 in
1430 3467 1619 3522 eodem
1656 3468 1821 3539 Sym-

214 3557 366 3615 bolo.
392 3557 474 3613 De
498 3557 970 3613 abrenuntiatione
991 3557 1206 3613 Satanae
1223 3566 1280 3614 et
1302 3559 1554 3616 omnibus
1569 3562 1822 3631 operibus

215 3649 338 3720 ejus
363 3658 423 3707 et
454 3652 686 3721 pompis.
724 3649 869 3718 Qm‘d
890 3650 961 3705 sit
986 3652 1417 3720 abrenuntiatio,
1432 3660 1489 3709 et
1512 3668 1633 3726 quae
1657 3670 1822 3726 opera

217 3745 341 3818 ejus
364 3744 570 3801 diaboli
594 3751 649 3799 et
673 3758 902 3814 pompm.
941 3742 1052 3800 Cur
1080 3740 1385 3801 insufflatur
1409 3754 1465 3803 et
1489 3763 1586 3804 cur
1609 3747 1823 3805 exorci-

216 3846 404 3894 zatur.
432 3834 547 3892 Cur
569 3836 992 3892 catechumenus
1027 3838 1227 3908 accipit
1261 3838 1451 3894 salem.
1488 3839 1667 3905 Quare
1701 3848 1823 3897 tan-

218 3939 427 4005 gantur
461 3945 641 3997 nares,
681 3937 871 4001 pectus
906 3940 1141 4003 ungatur
1167 3933 1287 3988 oleo
1316 3951 1332 4001 ;
1361 3950 1458 3991 cur
1490 3937 1722 4006 scapulae
1750 3937 1825 3994 si-

213 4031 482 4098 gnantur,
530 4029 585 4076 et
627 4032 794 4088 quare
834 4030 1024 4083 nectus
1058 4029 1113 4080 et
1145 4025 1376 4095 scapulae
1407 4025 1677 4082 lavantur.
1713 4028 1825 4084 Cur

211 4114 363 4171 albis
394 4113 642 4168 induitur
677 4114 1046 4181 vestimentis;
1087 4130 1186 4171 cur
1221 4130 1379 4171 sacro
1416 4117 1709 4174 chrismate
1730 4132 1824 4173 ca-

211 4214 319 4278 put
345 4203 702 4275 perungitur;
732 4212 789 4259 et
822 4204 1052 4275 mystico
1090 4205 1289 4277 tegitur
1328 4206 1612 4274 velamine,
1644 4214 1701 4264 et
1728 4224 1826 4264 cur

213 4310 462 4371 corpore
514 4303 570 4351 et
625 4297 887 4370 sanguine
935 4298 1208 4354 dominico
1265 4299 1636 4357 conﬁrmatur.
1697 4300 1826 4359 Haec

210 4390 412 4449 omnia
440 4386 629 4444 subtili
655 4386 909 4461 indagine
938 4404 1034 4460 per
1071 4389 1275 4459 scripta
1311 4390 1488 4457 nobis,
1519 4393 1661 4449 sicut
1693 4394 1826 4451 dixi-

1924 3286 1994 3341 ad
2018 3301 2138 3352 nos,
2165 3298 2380 3356 semper
2402 3291 2629 3354 paratus
2657 3298 2719 3339 se
2741 3283 2813 3338 ab
2842 3282 2992 3337 omni
3017 3292 3251 3353 purgare
3281 3282 3512 3338 infideli—

1923 3384 2057 3432 tate.
2114 3377 2286 3443 Quem
2312 3382 2547 3446 propter
2582 3373 3101 3440 reconciliationem,
3143 3388 3252 3427 non
3288 3381 3512 3444 propter

1924 3470 2261 3536 inimicitias,
2290 3470 2682 3541 aliquantisper
2717 3466 3040 3522 retinuimus
3092 3466 3237 3537 apud
3267 3476 3389 3520 nos.
3414 3465 3513 3521 liis

1922 3576 2059 3619 vero
2082 3562 2477 3619 contribulibus
2500 3561 2613 3617 suis
2635 3559 2682 3615 si
2706 3572 2896 3631 pacem
2920 3557 3131 3630 precari
3154 3556 3403 3623 valeatis,
3426 3570 3514 3614 re—

1925 3667 2183 3715 maneant
2216 3658 2275 3712 in
2306 3656 2483 3727 patria
2529 3673 2543 3709 :
2593 3655 2679 3710 sin
2718 3668 2849 3709 vero
2885 3652 3073 3708 durius
3100 3652 3168 3706 de
3210 3650 3320 3706 illis
3345 3649 3514 3706 frater

1925 3764 2081 3806 meus
2101 3747 2446 3819 respondeat,
2479 3746 2601 3801 illos
2621 3745 2819 3801 ad'nos
2857 3742 3119 3799 remittite
3155 3741 3372 3798 illaesos.
3402 3741 3515 3798 Me—

1926 3839 2032 3895 lius
2064 3847 2149 3895 est
2171 3837 2527 3910 peregrinari,
2560 3850 2724 3906 quam
2762 3834 2943 3907 perire
2970 3853 2985 3889 :
3016 3834 3072 3890 in
3101 3832 3278 3889 aliena
3309 3833 3516 3889 servire

1925 3932 2126 4005 patria,
2158 3946 2319 3999 quam
2344 3930 2401 3985 in
2429 3945 2525 3986 sua
2544 3929 2704 3984 mori.
2728 3927 2953 3984 Conﬁdo
2972 3926 3298 3983 debonitate
3328 3924 3515 3982 fratris

1927 4026 2059 4092 mei,
2075 4024 2122 4080 si
2138 4023 2336 4079 obnixe
2356 4036 2457 4093 pro
2479 4023 2589 4078 illis
2613 4022 2982 4086 intercedatis,
3001 4029 3061 4075 ut
3082 4020 3316 4092 benigne
3344 4020 3516 4076 susci-

1926 4120 2042 4191 piat
2069 4132 2163 4175 eos
2181 4132 2282 4189 pro
2305 4125 2491 4173 nostro
2515 4131 2721 4182 amore,
2742 4114 2827 4170 vel
2850 4113 3022 4187 magis
3042 4130 3141 4185 pro
3161 4113 3365 4170 Christi
3387 4112 3517 4168 cha-

1929 4211 2111 4279 ritate,
2147 4210 2240 4281 qui
2263 4207 2403 4265 dixit
2432 4228 2446 4264 :
2479 4209 2760 4274 Dimittite,
2782 4216 2832 4263 et
2857 4206 3155 4263 dimittetur
3191 4206 3334 4261 ιιοὺίε
3358 4203 3511 4276 (Luc.

1927 4321 2005 4371 vr,
2028 4304 2141 4375 57).
2159 4303 2587 4359 lntercedcntem
2607 4317 2709 4374 pro
2726 4302 2882 4357 nobis
2900 4307 3137 4355 vestram
3167 4298 3516 4353 sanctitatem

1929 4399 2111 4456 divina
2141 4397 2314 4455 uictas
2346 4396 2674 4453 incolumem
2705 4397 2975 4453 custodiat
3002 4394 3059 4451 in
3086 4398 3370 4451 mternum.

288 4542 323 4572 ι
361 4522 496 4607 Haec
531 4528 756 4607 epistola
791 4528 1094 4607 Odilberto_
1116 4530 1502 4607 M_ed_iolanensr
1557 4535 1826 4607 archiepi-
1845 4524 1907 4592 Β
1929 4535 2180 4606 superius
2209 4532 2619 4607 laudatumduo
2648 4531 2989 4607 potissimum
3016 4530 3283 4607 observat,
3326 4540 3514 4595 unum,

209 4604 394 4672 acopo
422 4600 817 4675 inscriptaLen
844 4601 1097 4675 Mettensi
1376 4612 1531 4659 emta
1573 4621 1672 4675 per
1706 4600 1827 4665 τὲιί.

212 4642 648 4749 ἓοξιῖιιι-χίιιιῖιι
674 4642 951 4749 ρΙιιεὶάιιιιι
978 4642 1826 4749 ΒευγῇΙΙοιιίυωῖοιΓςι-εἳίῑίδῖιῗε

212 4740 1076 4819 Sancti_Vitoni,_exemplum_est
1101 4740 1826 4819 litterarumienEyclicarum

212 4829 364 4894 quas
391 4811 621 4894 Carolus
646 4811 870 4894 Magnus
894 4815 1163 4894 universis
1186 4816 1453 4894 episcopis
1476 4811 1703 4889 imperio
1728 4839 1827 4880 suo

215 4882 491 4953 ,c'ubjectis
519 4882 838 4965 direxit,'ut.
849 4887 980 4957 quid
1004 4888 1070 4942 de
1092 4882 1828 4965 baptismo-ejusqueritibus

217 4973 287 5015 ac
324 4957 674 5029 (21311319911118
702 4957 986 5029 sentirent,
1017 4972 1204 5029 eorum
1241 4959 1459 5029 scriptis
1491 4957 1694 5018 certior
1717 4966 1829 5021 efli-

219 5035 470 5104 ceretur.
487 5023 739 5104 _l_]inc_est
758 5030 905 5104 quod
928 5027 1151 5104 Magnus
1172 5023 1446 5104 Senonum
1469 5034 1830 5104 archiepisco-

223 5114 339 5179 rus.
487 5096 685 5179 litteris
714 5096 975 5179 pulsatus,
1005 5096 1828 5179 Theodulfumdurelianénsem

223 5169 540 5225 antistitem
587 5169 800 5238 impulit
845 5172 912 5227 ad
957 5171 1299 5228 scribendum
1337 5174 1531 5230 librum
1557 5177 1621 5230 de
1648 5179 1829 5236 ordine

225 5238 687 5332 ﬂeuimus?
726 5241 926 5332 libant
962 5242 1298 5332 Ἒῑιεριξιξυμε
1318 5245 1493 5332 siem
1520 5247 1712 5332 Magno
1739 5253 1831 5332 de-

226 5310 459 5385 dicavit.
488 5309 690 5385 Eodem
725 5321 932 5385 spectat
968 5312 1181 5369 Alcuini
1218 5317 1444 5385 epistola
1482 5333 1576 5374 seu
1600 5309 1739 5375 liber
1764 5324 1831 5378 de

227 5378 587 5453 Cmremoniis
618 5378 869 5453 baptismi
911 5385 1104 5441 Carolo
1140 5378 1532 5453 gloriosissimo
1568 5399 1622 5445 et
1661 5395 1833 5449 excel-

228 5444 541 5526 lentissimo
558 5444 805 5526 Augusto
824 5444 1186 5525 nuncupatus,
1212 5458 1365 5526 cujus
1384 5462 1486 5516 hoc
1510 5444 1825 5521 exordium:

235 5540 254 5576 ι
291 5522 527 5599 Domine
562 5525 638 5579 mi
652 5522 1121 5583 'Cbristianissime
1157 5522 1470 5599 imperator,
1503 5534 1729 5590 misistis
1763 5540 1831 5593 ald

231 5595 516 5669 servulum
556 5606 793 5669 vestrum
838 5595 1551 5669 inquiSitiones'secuudum
1596 5615 1829 5663 vestram

231 5668 674 5724 misericordiam
716 5670 781 5724 (le
815 5668 968 5729 sacro
994 5673 1316 5739 baptismate
1355 5689 1453 5742 per
1476 5677 1721 5733 ordinem
1750 5680 1832 5734 in-

232 5745 606 5818 terrogantes,
620 5759 673 5818 ’ρ-
698 5748 803 5805 etc,
836 5759 980 5818 quae
1003 5743 1245 5818 apprime
1270 5746 1557 5818 superiori
1589 5751 1831 5818 epistola:

235 5811 589 5883 respondent.
619 5811 941 5872 Sirmundus
966 5814 1022 5871 in
1051 5814 1194 5871 notis
1220 5815 1287 5873 ad
1317 5811 1595 5875 Theodulli
1620 5811 1826 5882 librum

1928 4599 2015 4664 ex.
2029 4615 2263 4678 quatuor
2300 4603 2461 4674 hujus
2486 4603 2615 4678 libri
2648 4599 3063 4678 exemplaribus,
3092 4615 3213 4670 qua:
3323 4614 3517 4653 manus

1926 4671 2097 4751 ipsius
2122 4671 2401 4751 venerant,
2427 4677 2533 4751 tria
2557 4690 2676 4731 esse
2699 4671 2907 4751 qutead
2931 4671 3181 4751 Magnum
3204 4671 3515 4751 episcopum

1925 4742 2153 4807 missum
2180 4748 2407 4805 doceant
2445 4747 2661 4810 librum,
2706 4742 3062 4808 Virdunense,
3103 4742 3425 4810 Divionense
3461 4746 3517 4796 et

1926 4823 2246 4881 Vaticanum
2275 4839 2287 4874 :
2316 4827 2372 4875 at
2393 4808 2653 4884 quartum
2672 4816 2997 4874 Corbeiense
3022 4829 3120 4884 pro
3148 4812 3339 4884 Magno
3360 4808 3518 4867 Joan-

1926 4909 2051 4951 nem
2074 4894 2294 4959 habere,
2322 4883 2429 4946 sed
2442 4892 2715 4953 mendose,
2746 4889 2822 4943 uti
2847 4883 3113 4959 opinatur.
3148 4883 3347 4959 Verum
3382 4898 3518 4953 pace

1928 4966 2117 5037 optimi
2140 4965 2243 5037 viri
2267 4953 2519 5037 existimo
2549 4953 2901 5037 nu_llu_m_e_ssé
2931 4955 3216 5037 mendum.
3235 4953 3368 5012 Nam
3393 4971 3517 5037 cum

1929 5028 2155 5112 epistola
2185 5035 2360 5112 Caroli
2390 5032 2657 5112 universis
2682 5030 2868 5112 Gali-ire
2898 5028 3165 5112 episcopis
3201 5029 3515 5112 transmissa

1929 5097 2109 5171 fuerit,
2137 5120 2245 5163 non
2280 5097 2478 5160 mirum
2521 5104 2565 5159 si
2603 5119 2669 5159 ex
2695 5103 2860 5173 variis
2886 5097 3314 5173 ejusexemplis,
3348 5114 3517 5157 unum

1930 5170 2123 5250 Magno
2155 5176 2472 5250 Senonensi,
2516 5175 2744 5250 alterum
2774 5170 2965 5229 Joanui
2992 5170 3301 5250 Arelatensi
3335 5172 3517 5228 archi-

1930 5243 2199 5325 episcopis
2217 5248 2474 5325 inscripta
2500 5246 2628 5325 sint.
2650 5245 2892 5325 Alterum
2922 5252 3020 5305 est.
3047 5243 3243 5325 librum
3269 5243 3335 5325 de
3354 5258 3519 5325 sacro

1929 5313 2260 5392 Haptisinate
2285 5320 2350 5374 ad
2370 5313 2641 5392 Garolum,
2672 5318 2765 5387 qui
2784 5315 2921 5392 liber
2942 5322 3120 5392 exstat
3138 5316 3279 5369 inter
3302 5313 3518 5392 Alcuini

1932 5386 2125 5464 Op'cra,
2162 5392 2295 5464 falsa
2326 5390 2657 5464 conjectura,
2688 5386 2832 5459 quod
2860 5388 3016 5443 titulo
3047 5386 3518 5464 carereAt,Al_cui_no

1931 5458 2223 5533 ascriptum
2273 5458 2461 5523 fuisse,
2508 5478 2629 5517 cum
2658 5458 2847 5533 auctor
2885 5475 3074 5533 revera
3114 5458 3186 5513 sit
3213 5458 3519 5533 Amalarius

1932 5531 2214 5608 episcopus
2254 5534 2628 5600 Trevirensis,
2684 5532 2870 5608 inquit
2900 5532 3242 5608 Sirmundus,
3279 5531 3518 5608 quodex

1932 5601 2131 5668 codice
2148 5607 2437 5661 Pctaviano
2465 5624 2521 5661 sc
2548 5601 2799 5662 didicisse
2825 5606 2921 5661 ait.
2950 5607 3109 5661 Certe
3134 5620 3253 5673 quae
3279 5603 3381 5657 sub
3402 5601 3518 5673 ejus

1930 5681 2051 5757 libri
2094 5679 2255 5734 tinem
2300 5680 2569 5757 leguntur,
2619 5680 2871 5752 episcopo
2912 5687 3079 5748 recte,
3119 5670 3228 5735 non
3257 5688 3389 5733 vero
3418 5670 3515 5730 Al-
3582 5744 3589 5757 ν

1933 5755 2114 5823 Cuino,
2141 5753 2489 5812 conveniunt.
2546 5789 2551 5795 ι
