3990 6302
198 341 302 400 969

1200 333 1381 393 LIBRI
1418 332 1773 392 CAROLINI:
1793 361 1865 373 -
1900 331 2437 391 PROLEGOMENA.

3352 338 3456 394 970
3488 394 3503 405 ,

196 465 391 522 magno
424 449 620 522 editus,
643 445 738 502 sed
768 445 836 522 ab
860 445 1040 522 aliquo
1064 447 1158 522 vel
1186 448 1454 522 aiiquibus
1470 446 1770 522 haereticis,
1798 448 1848 509 Δ
1878 462 2083 522 caenam
2131 447 2393 522 synodum
2436 445 2612 522 edito,_
2652 453 2707 500 et
2756 447 2825 503 ab
2869 446 3193 518 imperatore
3231 447 3459 506 Romam

234 518 301 578 ui
325 522 475 577 illum
508 518 593 573 vel
630 518 840 588 occulte
886 518 968 571 vel
994 518 1168 588 palam
1196 518 1387 576 Carolo
1433 520 1771 574 obtulerunt:

272 592 420 648 rolus
456 596 633 643 autem
672 587 821 658 illum
858 588 924 643 ad
950 587 1259 658 pontiﬁcem
1286 589 1578 643 Adrianum
1605 589 1772 654 misit,

234 666 286 718 ni
327 664 383 717 in
425 660 627 730 scripto
670 657 736 712 ad
776 657 1025 730 Carolum
1067 660 1134 730 de
1176 659 1497 730 imaginibus
1522 701 1537 724 ,
1580 659 1777 715 librum

234 682 286 718 m
327 681 383 717 111
425 681 627 729 εει-ψιο
670 681 736 712 au
776 681 1025 714 Carolum
1067 681 1134 715 ue
1176 681 1497 730 lIIliIgllllDUS
1522 701 1537 724 ,
1580 681 1777 715 nurum

196 681 347 789 illum
372 746 437 787 ex
461 729 705 801 professo
727 728 1041 801 confutavit.
1067 728 1197 796 Qua:
1218 730 1398 801 omnia
1418 730 1527 789 late
1548 730 1777 801 probant

194 804 398 861 Alanus
436 799 627 866 supra,
675 808 730 855 et
758 799 1113 855 Bellarminus
1152 801 1296 856 dicto
1339 800 1475 857 libro
1519 799 1774 864 secundo,

197 872 432 946 capitulo
494 870 924 946 decimoquinto_;
973 887 1114 946 ergo
1172 887 1306 946 non_
1337 878 1420 926 est
1486 870 1779 946 verisimile

196 940 552 1000 Hihcmarum
601 941 776 996 virum
813 940 1136 998 catholicum
1181 950 1235 997 et
1276 942 1521 1008 doctum,
1568 957 1635 998 ex
1665 940 1778 996 sola

200 1012 351 1069 illius
377 1013 500 1068 libri
538 1012 858 1068 auctoritate
895 1011 1097 1068 factum
1135 1009 1267 1069 illu'd
1298 1012 1525 1070 concilio
1544 1010 1781 1068 Franco-

194 1083 457 1142 fordiensi
492 1082 822 1138 attribuisse.

273 1173 292 1206 ι
336 1155 541 1218 Tertio,
570 1153 816 1222 quamvis
850 1152 938 1209 ille
962 1152 1099 1209 liber
1126 1161 1369 1223 tempore
1397 1153 1572 1210 Caroli
1606 1152 1782 1209 editus

191 1225 378 1290 fuerit,
411 1232 593 1295 tamen
619 1224 685 1278 de
703 1223 1038 1295 przefatione,
1062 1240 1182 1295 qua:
1215 1241 1359 1280 nunc
1393 1224 1441 1279 ei
1462 1224 1778 1295 praeﬁgitur,

192 1297 395 1351 merito
420 1294 622 1364 Alamis
653 1292 925 1349 et'Surius
956 1292 1204 1350 dubitant
1236 1311 1305 1349 an
1337 1296 1406 1350 sit
1431 1292 1670 1364 antiqua,
1699 1294 1784 1349 vel

191 1382 372 1436 nuper
408 1366 477 1419 ab
503 1363 682 1434 aliquo
708 1364 964 1447 haeretico
990 1365 1131 1420 edita
1165 1374 1219 1422 et
1245 1365 1541 1490 supposita,
1563 1363 1652 1420 vel
1686 1364 1784 1419 sal-

194 1444 310 1490 tem
336 1443 593 1490 corrunta
623 1451 637 1487 :
670 1449 794 1488 nam
820 1450 911 1490 am
934 1434 1211 1490 praefatur.
1240 1452 1304 1490 ve
1349 1436 1478 1490 ﬁcto
1504 1434 1587 1489 vel
1610 1450 1784 1490 emen-

194 1434 310 1492 tem
336 1443 593 1506 corrupta
597 1451 652 1506 _:_
663 1449 794 1506 nam
820 1436 911 1504 qui
934 1434 1211 1506 praefatur,
1240 1434 1324 1491 vel
1346 1434 1478 1493 Iicto
1504 1434 1587 1489 vel
1610 1450 1786 1491 emen-

195 1507 303 1562 tito
343 1503 562 1560 nomine
596 1503 697 1558 Eli.
734 1503 894 1560 Phili.
936 1503 997 1561 se
1034 1506 1299 1571 nominat,
1342 1514 1401 1560 ut
1430 1506 1665 1575 seipsum
1695 1521 1787 1560 oc-

191 1579 387 1641 cultet,
413 1576 556 1645 quod
582 1575 765 1630 statim
803 1576 1163 1646 suspicionem
1199 1575 1425 1645 alicujus
1456 1576 1786 1646 deceptionis

191 1654 445 1718 generat,
466 1646 774 1718 praesertim
804 1647 860 1700 in
895 1663 955 1702 re
979 1648 1112 1703 adeo
1152 1647 1381 1714 lubrica,
1421 1654 1474 1703 et
1505 1662 1573 1702 ex
1601 1662 1662 1718 se
1699 1662 1787 1701 su-

194 1716 433 1788 specta,
466 1716 533 1788 Et
572 1725 852 1786 pneterea,
895 1726 1155 1787 quantum
1195 1734 1262 1773 ex
1300 1718 1386 1773 his
1426 1733 1546 1788 quae
1584 1716 1787 1772 Alanus

1878 517 2043 573 misso
2087 516 2185 587 per
2224 517 2483 587 quosdam
2530 516 2831 587 episcopos,
2884 516 2990 572 non
3036 527 3297 574 consonat
3337 537 3462 577 cum

1877 604 1961 653 eo,
1993 586 2135 657 quod
2164 586 2467 644 Hadrianus
2510 586 2701 654 refert,
2756 586 3009 644 Carolum
3034 589 3246 645 misisse
3289 589 3358 646 ad
3405 604 3467 648 se

1876 658 2075 713 librum
2103 673 2198 728 per
2215 658 2594 728 Engilbertum
2610 659 2879 713 abbatem.

1954 748 1973 779 ι
2005 729 2249 790 Denique
2281 728 2348 783 de
2364 728 2492 782 ‘aliis
2546 728 2820 784 historicis
2869 731 3121 786 omnibus
3157 731 3467 790 necessario

1878 806 1962 853 est
2004 797 2298 874 fatendum,
2354 798 2593 874 aliquem
2627 813 2865 874 errorem
2905 800 2971 874 _in
3013 817 3201 858 eorum
3252 805 3470 874 scriptis

1879 869 2183 942 contineri,
2223 885 2356 942 nam
2412 869 2466 923 in
2513 869 2702 938 primis
2740 870 3040 938 Aimoinus,
3085 888 3246 942 quem
3303 869 3470 931 abbas

1881 937 2277 1015 yrspergensis
2312 937 2532 994 secutus
2574 948 2678 1015 est,
2733 954 2988 1015 expresse
3026 937 3157 1015 dicit
3207 944 3471 1015 synodum

1878 1008 2223 1097 francofurti
2246 1010 2572 1097 damnatam,
2599 1008 3063 1097 Constantinopoli
3091 1008 3473 1097 congregant]:
3506 1058 3509 1059 ν

2131 1097 2229 1137 cur
2289 1094 2422 1152 ergo
2468 1078 3080 1152 interpretabimur—eos
3146 1078 3225 1142 de
3253 1078 3472 1142 Nicaeus

1905 1166 2057 1221 oqun

1963 1220 1982 1272 ὰ
2019 1223 2195 1286 Dices,
2228 1221 2330 1290 Qui
2357 1220 2580 1287 addunt,
2613 1220 2723 1278 Sub
2747 1220 3089 1280 Constantino
3109 1235 3157 1280 et
3177 1225 3351 1280 Irene.

1968 1311 1986 1343 ‹
2025 1292 2601 1376 RespondethAlanus,
2652 1292 2772 1349 illos
2797 1293 2978 1376 libros
2992 1296 3168 1376 quoad
3195 1296 3335 1352 hanc
3357 1312 3479 1366 par-

1885 1364 2107 1436 ticulam
2136 1362 2228 1436 ab
2286 1362 2475 1436 aliquo
2530 1362 2885 1436 iconomacho
2952 1362 3119 1422 fuisse
3169 1362 3471 1436 corruptos.

1885 1434 2087 1489 Verum
2131 1433 2388 1504 quia_hoc
2433 1433 2651 1504 probari
2677 1450 2786 1489 non
2814 1443 3023 1503 potest,
3051 1451 3152 1493 nec
3194 1433 3478 1494 fieri—satis

1885 1502 2199 1579 verisimile,
2250 1502 2453 1559 dicam‘
2488 1505 2666 1580 potius
2711 1502 3016 1580 Aimoinum
3054 1509 3481 1580 errassebigno-

1887 1583 2098 1652 raptem
2127 1569 2234 1645 quo
2260 1569 2505 1652 tempore
2528 1574 3117 1646 Constantinopolitana
3141 1569 3477 1652 pseu'dos'yn-

1887 1645 2022 1701 odus
2049 1643 2383 1769 congregata.
2403 1643 2611 1701 fuisset.

1966 1736 1986 1768 ι
2022 1716 2226 1769 Deinde
2302 1729 2481 1769 emno.
2511 1732 2611 1769 aue

1966 1736 1986 1768 ι
2022 1716 2226 1787 Deinde
2254 1716 2481 1785 Regina,
2511 1731 2671 1785 quem
2715 1717 3015 1774 Aventinus
3041 1719 3303 1787 imitatur,
3335 1720 3480 1777 illam

193 1784 614 1871 capit'e'decimo
636 1795 827 1871 octavo
856 1784 1050 1871 refert,
1073 1788 1379 1871 conjectare
1402 1784 1643 1871 possum,
1674 1788 1788 1857 ipse
1818 1803 1868 1865 Β
1893 1784 2158 1870 synodum
2188 1784 2365 1871 vocatis
2385 1784 2837 1871 paeitdosynodum
2884 1788 3207 1871 Caesarum,
3244 1784 3351 1860 quo
3378 1809 3481 1871 no-

193 1856 305 1914 Eli.
332 1856 494 1917 Phili.
531 1872 591 1913 se
627 1856 788 1912 alium
831 1873 862 1913 a
896 1858 1088 1914 Carolo
1120 1856 1240 1915 esSe
1271 1856 1507 1914 ostendit
1528 1874 1544 1911 :
1568 1856 1791 1914 namex

189 1930 451 2003 professo
483 1927 539 2003 in
563 1928 750 2003 eadem
788 1928 1104 2003 praefatione
1135 1932 1420 1986 ostendere
1442 1938 1670 1986 conatur
1690 1928 1791 2003 Ca-

191 1996 378 2057 rolum
425 1996 594 2053 fuisse
634 1996 845 2054 illorum
891 1999 1148 2055 librorum
1190 2008 1484 2063 auctorem,
1538 2016 1597 2055 re
1641 2000 1793 2068 prius

193 2071 501 2128 deliberata
545 2084 664 2124 cum
705 2070 971 2139 episcopis
1014 2070 1223 2126 concilii
1258 2069 1788 2136 Francofordiensis;

194 2142 305 2198 fuit
335 2155 467 2210 ergo
489 2147 680 2210 auctor
700 2139 842 2194 illius
871 2140 1200 2210 pmfationis
1221 2141 1323 2195 Eli.
1350 2140 1532 2206 Phili.,
1558 2156 1666 2195 non
1688 2140 1792 2195 Ca-

192 2212 351 2268 rolus
377 2209 474 2267 :et
504 2209 596 2263 illa
628 2209 880 2280 praefatio
903 2227 1011 2266 non
1045 2211 1146 2267 fuit
1180 2211 1322 2266 edita
1351 2219 1589 2281 tempore
1614 2210 1795 2266 Caroli

192 2281 385 2353 magni
412 2296 427 2353 ς
451 2296 582 2353 ergo
599 2281 748 2353 'nihii
767 2282 1043 2353 probabile
1079 2283 1145 2338 de
1176 2281 1266 2353 illa
1293 2281 1438 2353 credi
1460 2280 1659 2353 potest,
1688 2280 1795 2353 nisi

194 2350 348 2426 quod
381 2352 451 2406 ab
485 2351 680 2426 eodem
708 2350 776 2405 sit
814 2352 976 2426 edita,
1019 2369 1049 2407 a
1076 2368 1181 2423 quo
1207 2352 1383 2426 denuo
1416 2350 1553 2426 liber
1585 2351 1674 2406 ille
1706 2351 1791 2405 in-

191 2421 421 2487 ventus,
452 2421 539 2493 vel
573 2421 1021 2493 typismandatus
1043 2421 1169 2478 ante
1190 2423 1543 2493 quadraginta
1566 2430 1797 2493 quatuor

196 2509 383 2551 annos
433 2491 786 2563 solummodo.
841 2492 910 2547 Et
966 2494 1250 2549 minimum
1318 2491 1671 2563 improbabile
1710 2492 1797 2563 lit

194 2564 560 2635 Hincmarum
589 2569 642 2617 et
685 2561 818 2635 alios
848 2563 1099 2634 antiquos
1132 2561 1595 2635 historiographos
1615 2563 1683 2618 ab
1704 2562 1795 2617 illa

193 2634 527 2710 praefatione
550 2633 869 2710 sententiam
892 2633 1045 2710 suain
1066 2635 1330 2710 hausisse.

276 2724 299 2757 ι
334 2704 555 2776 Quarto
588 2704 767 2776 obstat
796 2704 959 2776 (quod
983 2704 1174 2776 Surius
1205 2704 1434 2776 notavit)
1458 2704 1584 2776 quia
1606 2711 1797 2776 auctor

194 2774 548 2849 prchationis
582 2773 730 2838 dicit,
767 2773 1027 2849 synodum
1067 2775 1232 2849 illam,
1258 2791 1377 2849 qua;
1415 2773 1797 2849 aFrancofor—

197 2845 383 2903 diensi
426 2846 677 2900 damnata
711 2854 807 2915 est,
847 2845 1309 2915 Constantinopoli
1354 2845 1520 2900 fuisse
1562 2845 1800 2901 celebra-

195 2927 319 2972 tam
344 2932 359 2969 :
384 2917 502 2970 hrec
526 2916 667 2970 enim
690 2914 803 2983 ejus
830 2919 989 2972 verba
1013 2914 1319 2973 referuntur
1343 2931 1357 2971 :
1389 2934 1405 2965 ι
1433 2915 1611 2970 Allata
1632 2924 1715 2970 est
1742 2916 1797 2970 in

201 3008 220 3040 ι
269 2987 460 3043 medio
503 2987 726 3057 quaestio
762 2987 827 3042 de
860 3004 995 3043 nova
1019 2987 1329 3043 Graecorum
1369 2988 1595 3057 synodo,
1636 3002 1797 3057 quam

201 3077 221 3109 ε
271 3059 349 3113 de
398 3056 689 3111 aderandis
752 3056 1075 3128 imaginibus
1126 3056 1587 3127 Constantinopoli
1657 3056 1800 3112 fece-

203 3148 220 3180 ι
279 3134 458 3183 runt:
496 3147 515 3178 ι
557 3143 621 3181 ex
655 3143 760 3197 quo
791 3132 954 3184 verbo
1002 3128 1178 3197 colligi
1215 3135 1408 3198 potest,
1436 3144 1559 3184 eum
1589 3138 1698 3192 non
1733 3128 1798 3198 de

195 3199 467 3271 Nicena,
517 3197 611 3252 sed
646 3200 711 3253 de
741 3198 1328 3271 Constantinopolitana
1371 3200 1574 3269 synodo
1617 3197 1795 3271 loqui:

195 3270 287 3325 vel
330 3277 515 3340 certe,
545 3283 674 3340 cum
710 3270 872 3335 dicat,
919 3271 973 3324 in
1010 3269 1109 3325 illa
1139 3273 1344 3340 synodo
1378 3278 1558 3324 actum
1596 3284 1715 3324 esse
1736 3269 1802 3340 de

193 3339 507 3413 adorandis
542 3338 904 3413 imaginibus:
939 3338 1359 3413 cumqueetiam
1396 3341 1538 3395 dicat
1568 3340 1649 3413 (ut
1681 3338 1806 3413 Boi-

193 3411 479 3466 larminus
505 3408 693 3480 refert)
723 3408 1239 3480 Constantinopolim
1275 3410 1434 3466 sitam
1470 3408 1590 3466 esse
1634 3408 1805 3480 intBi-

194 3481 427 3552 thynia,
459 3478 726 3552 colligitur
756 3481 1030 3552 hominem
1063 3478 1210 3536 illum
1245 3496 1467 3550 prorsus
1498 3480 1675 3552 fuisse
1702 3479 1805 3532 im-

194 3549 476 3622 peritum,
504 3549 756 3622 nullaque
777 3550 882 3606 ﬁde
904 3552 1121 3622 dignum
1146 3566 1160 3604 :
1185 3549 1279 3605 aut
1311 3559 1459 3622 certe
1493 3549 1806 3622 inferriupo-

194 3619 343 3686 test,
385 3636 515 3675 eum
551 3635 615 3690 ex
659 3621 834 3690 aliqua
875 3619 1161 3677 traditione
1201 3629 1294 3676 aut
1335 3620 1477 3677 fama
1513 3619 1806 3690 credidisse

195 3692 508 3765 quamdam
559 3688 1204 3765 Constantinopolitanam
1244 3692 1504 3763 synodum
1548 3689 1805 3765 rejectam

194 3759 336 3820 esse
366 3761 425 3815 in
451 3759 952 3832 Francofordiensi,
998 3759 1286 3832 ignorasse
1312 3777 1440 3818 vero
1477 3761 1607 3832 quid
1650 3760 1707 3814 in
1740 3774 1805 3816 ea

194 3842 400 3891 actum
440 3828 624 3897 fuerit,
655 3842 710 3887 et
740 3847 806 3887 ex
832 3828 1107 3888 erroreCid
1135 3833 1422 3888 addidisse.

281 3924 305 3956 ι
359 3902 445 3956 Ex
480 3901 565 3973 his
600 3903 763 3956 etiam
805 3910 1016 3958 constat
1051 3918 1213 3973 quam
1247 3903 1318 3958 sit
1343 3900 1617 3957 inﬁmum
1652 3901 1807 3955 testi-

194 3974 467 4032 monium
502 3970 796 4037 Hincmari,
822 3981 880 4028 ut
909 3970 1193 4029 credamus
1225 3989 1346 4029 eum
1380 3980 1635 4028 testatum
1666 3987 1804 4036 esse,

197 4043 517 4104 cencilium
556 4042 1039 4115 Francofordiense
1084 4045 1370 4115 damnasse
1393 4041 1809 4115 AsynodumuNi-

194 4129 430 4175 cauam
455 4128 520 4185 ei:
541 4112 669 4185 sola
697 4114 1017 4185 auctoritate
1039 4114 1369 4185 praefationis
1393 4112 1513 4169 libri
1538 4113 1803 4185 Carolini;

192 4201 344 4246 cum
389 4182 738 4255 verisimilius
769 4186 839 4240 sit
859 4182 1209 4241 Hincniarum
1238 4185 1401 4240 talem
1438 4183 1808 4255 praefationem

194 4274 325 4315 non
353 4254 579 4326 vidisse.
628 4254 781 4326 Unde
818 4256 1020 4312 Alanus
1061 4272 1222 4326 supra
1262 4254 1456 4311 merito
1496 4254 1656 4326 fidem
1698 4269 1807 4326 non

193 4330 389 4387 habet
434 4325 563 4379 huic
605 4325 943 4391 testimonio,
990 4343 1091 4382 nec
1127 4323 1306 4382 credit
1350 4341 1469 4381 esse
1508 4323 1804 4390 llincmari,

193 4400 347 4472 quia
382 4411 493 4450 nec
523 4395 659 4451 liber
688 4395 785 4472 ille
803 4396 1099 4472 Hincmari,
1130 4396 1273 4472 unde
1298 4403 1565 4472 sumptum
1589 4395 1805 4472 dicitur,

195 4463 422 4530 exstat,
440 4481 618 4537 neque
638 4466 825 4537 adnos
843 4467 1108 4537 pervenit,
1122 4466 1227 4522 nisi
1249 4482 1316 4521 ex
1337 4465 1601 4520 relatione
1613 4463 1806 4537 Illyrici

192 4521 494 4602 iraa—reﬁci,
518 4521 604 4591 cui
632 4521 834 4591 nullam
844 4521 1016 4593 Itidem
1029 4521 1376 4599 adhibemus,
1402 4551 1577 4604 neque
1611 4521 1810 4591 scimus
1838 4521 1892 4582 D
1914 4548 2023 4604 non

191 4612 369 4677 unde
412 4606 779 4677 fragmentum
816 4609 945 4664 illud
974 4605 1661 4678 decerpserit,t_pra:sertim
1693 4620 1815 4660 cum

194 4676 595 4749 Trithemius‘
628 4678 768 4749 inter
802 4695 966 4749 opera
999 4676 1274 4735 Hincmari
1303 4676 1453 4749 illum
1479 4692 1592 4749 non
1635 4691 1818 4749 nume-

191 4756 323 4809 ret.
346 4747 560 4803 Deinde
581 4744 637 4802 in
654 4744 873 4806 illismet
893 4750 1071 4805 verbis
1091 4749 1259 4804 multa
1279 4755 1406 4803 sunt
1423 4745 1578 4815 falsa,
1603 4755 1656 4804 et
1675 4747 1818 4802 inter

198 4839 271 4878 se
298 4819 631 4943 pugnantia,
658 4820 741 4875 vel
762 4836 951 4891 parum
976 4818 1290 4903 probabilia.

294 4911 319 4941 ι
425 4906 623 4943 mnum
650 4930 664 4943 .
708 4893 850 4943 quod
896 4899 1090 4943 asserit
1131 4906 1185 4943 in
1224 4906 1290 4943 au

294 4888 325 4941 ἱ
376 4888 623 4944 Primum
650 4930 664 4955 ,
708 4888 850 4960 quod
896 4888 1090 4947 asserit
1131 4890 1185 4946 in
1224 4890 1453 4959 quadam
1491 4904 1568 4945 vn
1614 4888 1817 4960 synodo

193 4962 549 5019 Graecorum
585 4957 842 5029 quosdam
879 4962 1078 5017 dixisse
1136 4957 1396 5029 imagines
1433 4976 1551 5017 esse
1582 4957 1819 5015 confrin-

202 5033 468 5105 gendas,
506 5028 639 5105 aiia’s
662 5047 806 5105 veros
822 5047 941 5105 esse
969 5028 1303 5105 adorandas;
1333 5047 1457 5085 nam
1492 5032 1595 5105 hoc
1626 5046 1733 5105 non
1765 5028 1819 5083 in

196 5100 339 5161 una
380 5101 625 5173 synodo,
667 5104 762 5158 sed
793 5102 849 5157 in
878 5103 1106 5173 diversis
1139 5101 1373 5157 accidit:
1413 5108 1468 5156 et
1499 5100 1576 5155 ita
1609 5100 1820 5173 videtur

195 5169 530 5242 utramque
554 5174 814 5242 synodum
844 5171 1190 5238 confundere,
1217 5187 1341 5226 nam
1363 5179 1645 5242 utramque
1671 5169 1820 5242 illam

246 5239 456 5299 arteni
483 5239 646 5307 dicit,
674 5260 783 5299 non
813 5259 944 5300 sano
971 5243 1242 5298 intellectu
1269 5257 1389 5297 esse
1425 5241 1498 5297 ibi
1525 5239 1816 5296 definitam.

246 5262 456 5299 artem
483 5262 616 5298 υιϐιι
632 5283 646 5307 ,
674 5262 783 5299 non
813 5262 944 5300 sano
971 5262 1242 5298 ιιιιθιιεοιιι
1269 5262 1389 5297 esse
1425 5262 1498 5297 lDl
1525 5262 1816 5296 uenantum.

193 5262 637 5385 Beiadgquod
664 5314 739 5367 ait
767 5313 1029 5385 synodum
1055 5312 1325 5385 Nicaznam
1358 5312 1475 5367 sine
1500 5311 1823 5367 auctoritate

194 5398 398 5460 papa;
413 5381 583 5438 fuisse
606 5381 942 5460 habitam,_et
960 5384 1183 5440 Romam
1207 5383 1446 5460 missam.

302 5451 331 5505 ἃ
361 5451 591 5515 Rursus,
614 5455 756 5523 quod
778 5455 852 5508 ait
870 5454 1170 5509 Romanum
1182 5467 1375 5523 papam
1400 5452 1547 5507 illam
1561 5454 1842 5522 synodum

192 5524 522 5584 Nicaenam
551 5524 619 5577 ad
646 5540 704 5578 se
750 5524 986 5589 missam,
1032 5532 1087 5579 et
1131 5526 1183 5577 in
1238 5524 1520 5577 Franciam
1564 5525 1822 5580 directam

194 5603 283 5652 ut
310 5594 403 5649 ibi
430 5592 593 5663 (sicut
615 5594 836 5661 indicat)
889 5596 1306 5656 examinaretur,
1331 5592 1415 5647 vel
1441 5594 1821 5663 eorrigeretur,

198 5675 314 5794 sit
374 5678 474 5732 per
521 5678 582 5719 se
628 5666 976 5735 improbabile
1026 5666 1179 5720 etab
1226 5663 1373 5718 omni
1431 5679 1558 5719 vera
1592 5663 1825 5720 historia

306 5750 509 5789 cnam.

194 5802 203 5807 “
323 5820 357 5858 ι
384 5804 623 5876 Denique
646 5807 789 5877 quod
808 5806 882 5863 ibi
924 5805 1119 5864 dicitur
1141 5806 1209 5862 de
1230 5804 1501 5864 volumine
1523 5815 1709 5865 contra
1730 5807 1826 5863 Ni-

656 5899 931 5961 Ρηιιοι..
980 5896 1260 5963 XCVIII.

1895 1856 2042 1932 mine
2062 1856 2431 1932 appellataest
2457 1858 2525 1911 ab
2546 1856 2806 1932 omnibus
2815 1859 3102 1932 catholicis
3131 1861 3220 1915 illa
3248 1856 3485 1932 synodus

1895 1927 2487 2004 Constantinopolitana
2515 1943 2613 2004 vn,
2631 1943 2758 1982 nam
2785 1928 3002 2004 Nicaena
3035 1946 3136 1985 nec
3151 1927 3486 2004 pseudosyn-

1895 2000 2031 2068 odus
2094 1998 2350 2068 appellari
2393 1998 2588 2066 potuit,
2635 2014 2760 2053 cum
2807 2000 3089 2055 verissima
3141 1998 3334 2068 fuerit,
3380 1998 3486 2059 nec

1895 2067 2209 2124 Graecorum
2234 2076 2463 2134 tantum,
2490 2084 2612 2123 cum
2637 2068 2959 2125 universalis
2981 2069 3166 2136 fuerit,
3200 2081 3255 2127 et
3287 2067 3486 2129 summi

1892 2138 2168 2210 pontificis
2186 2139 2508 2210 auctoritate
2532 2148 2741 2204 coacta,
2769 2139 2923 2210 cujus
2953 2143 3286 2198 contrarium
3305 2142 3374 2199 de
3394 2145 3486 2202 illa

1896 2208 2104 2281 Synodo
2130 2208 2204 2263 ibi
2234 2208 2523 2281 indicatur.
2838 2208 2845 2210 ⁷
3110 2260 3118 2269 ,

1974 2299 1990 2331 ι
2028 2281 2185 2351 Dices
2215 2297 2228 2333 :
2269 2278 2547 2345 Quomodo
2575 2294 2705 2349 ergo
2748 2280 2878 2336 dicit
2926 2282 3134 2351 Regino
3171 2283 3316 2338 illam
3357 2300 3487 2351 syn-

1896 2349 2065 2423 odurn
2092 2349 2255 2423 fuisse
2279 2351 2498 2423 factam,
2553 2366 2645 2423 pm
2672 2349 3331 2423 adorandisiﬁzaginibus?
3382 2349 3488 2410 Re-

1898 2421 2125 2490 spondet
2149 2420 2372 2488 Alanus,
2431 2419 2715 2492 legendum
2739 2435 2880 2492 esse,
2904 2439 2998 2479 pro
3024 2419 3128 2476 non
3152 2424 3435 2480 adorandi:
3467 2441 3486 2480 :

1898 2498 1954 2561 et
1977 2492 2299 2561 particulam
2335 2508 2441 2547 non
2465 2490 2550 2545 v'el
2572 2490 2794 2561 incuria
2820 2492 2904 2546 vel
2936 2492 3140 2548 malitia
3165 2493 3330 2552 fuisse
3355 2497 3487 2551 sub-

1898 2560 2085 2616 latam.
2128 2561 2235 2636 sed
2264 2569 2364 2636 _es_t
2398 2560 2632 2636 difﬁcilis
2657 2564 2955 2636 responsio,
3005 2579 3129 2618 cum
3157 2564 3224 2636 id
3270 2563 3488 2636 probari

1899 2648 2008 2687 non
2033 2633 2226 2704 possit.
2264 2631 2548 2704 Libentius
2569 2630 2807 2704 dicerem
2854 2634 3129 2704 ignorasse
3153 2630 3489 2692 illos'aucto-

1899 2717 1987 2758 res
2036 2700 2165 2762 quid
2193 2702 2248 2756 in
2280 2701 2524 2758 conciliis
2556 2700 2865 2759 Graecorum
2878 2700 3185 2760 tractatum
3210 2722 3273 2761 ac
3305 2705 3492 2762 deﬁni-

1899 2771 2232 2847 tumtfuerit;
2289 2774 2430 2847 sicut
2485 2774 2551 2847 de
2592 2771 2806 2847 Nicaana
2857 2776 3093 2847 synodo,
3112 2776 3261 2844 prior
3290 2777 3491 2847 opinio

1900 2843 2116 2917 dicebat
2142 2861 2155 2897 :
2185 2856 2291 2898 nec
2333 2845 2452 2917 sine
2490 2842 2857 2917 itindamento,
2886 2842 3012 2914 quia
3043 2842 3141 2917 illa
3168 2842 3493 2917 pseudosyn—

1901 2913 2040 2968 odus
2064 2913 2662 2983 Constantinopolitana
2696 2913 2972 2984 nunquam
3000 2925 3084 2970 est
3131 2913 3186 2970 in
3240 2913 3493 2973 Latinum

1903 2999 2184 3056 conversa,
2237 2984 2379 3054 quod
2428 2985 2585 3040 nobis
2633 2993 2845 3056 constet
2884 3003 2896 3038 :
2937 2995 2992 3040 et
3046 2987 3283 3056 synodus
3329 2989 3495 3042 etiam

1903 3053 2121 3111 Nicaana
2165 3053 2288 3125 post
2316 3057 2474 3125 longa
2517 3062 2761 3124 tempora
2790 3053 3086 3111 Latinitate
3127 3065 3209 3113 est
3263 3059 3489 3125 donata;

1903 3134 1959 3180 et
1994 3139 2061 3179 ex
2104 3127 2348 3183 historiis
2400 3125 2614 3195 illorum
2642 3134 2943 3195 temporum
2971 3128 3106 3182 nihil
3134 3127 3248 3182 fere
3287 3138 3495 3185 certum

1906 3196 2046 3252 scire
2072 3204 2364 3266 potuerunt
2413 3194 2481 3252 de
2510 3198 2595 3252 his
2619 3194 2767 3265 quasi
2789 3196 2846 3251 in
2880 3197 2986 3254 illis
3010 3198 3229 3269 synodis
3262 3207 3495 3257 tractata

1903 3274 2049 3322 sunt.

1981 3357 2000 3390 ι
2036 3336 2120 3391 Ad
2150 3340 2312 3395 verba
2351 3337 2554 3393 Adonis
2583 3337 2786 3395 Alanus
2808 3345 2966 3393 acute
2993 3339 3300 3408 respondet,
3330 3342 3495 3396 verba

1906 3406 2039 3479 illa,
2070 3427 2103 3479 «ί
2124 3424 2226 3477 pro
2254 3409 2543 3479 adorandis
2570 3408 2897 3479 imaginibus
2930 3428 2949 3461 ι
2985 3406 3098 3464 non
3122 3424 3242 3465 esse
3270 3409 3498 3478 conjun-

1905 3478 2077 3560 genda
2096 3478 2230 3560 cum
2260 3477 2704 3560 praecedentibus,
2872 3495 2994 3533 cum
3021 3481 3493 3560 subsequentibus,

1906 3548 2225 3620 interposito
2279 3558 2489 3620 comate
2548 3548 2649 3620 hoc
2708 3549 2886 3620 modo,
2931 3564 2963 3601 «⁸
3010 3549 3448 3620 pseudosynodus
3475 3590 3493 3616 ,

1907 3634 2069 3688 quam
2097 3619 2380 3687 septimam
2404 3619 2575 3689 Graeci
2609 3619 2897 3687 appellant,
2929 3635 3026 3689 pro
3048 3619 3335 3675 aderandis
3364 3621 3493 3675 ima-

1907 3689 2122 3758 ginibus
2156 3690 2399 3744 abdicata
2433 3688 2663 3757 penitus,
2703 3708 2721 3740 ι
2756 3689 2809 3742 id
2859 3688 2962 3755 est,
3021 3692 3077 3744 in
3129 3690 3493 3746 defensionem

1907 3758 2237 3815 adorationis
2301 3759 2613 3829 imaginum,
2678 3759 2892 3828 penitus
2950 3760 3193 3816 abdicata
3246 3770 3347 3815 est.
3391 3760 3496 3828 Qui

1909 3844 2100 3901 sensus
2150 3836 2233 3901 est
2259 3829 2474 3901 quidem
2514 3830 2647 3883 satis
2691 3839 3086 3901 consentaneus
3112 3833 3289 3887 verbis
3318 3834 3448 3901 ipsis
3478 3850 3491 3887 :

1908 3898 2075 3972 immo
2132 3899 2431 3972 vix_aliter
2483 3899 2762 3972 commode
2801 3901 3039 3956 construi
3065 3912 3309 3972 possunt,
3338 3898 3497 3971 _quia

1908 3968 2066 4043 nulla
2093 3968 2329 4043 synodus
2376 3970 2640 4043 appellata
2694 3980 2777 4025 est
2819 3974 3035 4043 septima
3066 3968 3167 4043 pro
3210 3968 3498 4043 «dominii:

1907 4040 2252 4121 imaginibus:
2277 4040 2435 4121 Quod
2487 4040 2533 4121 si
2584 4041 2675 4121 hic
2705 4040 2893 4121 sensus
2925 4040 3083 4098 verus
3112 4052 3237 4121 est,_
3271 4042 3501 4121 fortasse

1910 4108 2117 4184 Regino
2143 4111 2322 4184 verbis
2354 4110 2556 4184 Adonis
2578 4110 2973 4184 fuitdeceptus,
3000 4130 3125 4168 nam
3155 4108 3239 4168 vel
3266 4116 3502 4184 aequales

1909 4178 2090 4247 fuere,
2124 4182 2205 4233 vel
2239 4182 2444 4257 Regino
2473 4180 2657 4257 junior
2686 4178 2847 4257 fuit?
2888 4183 3240 4257 ﬂoru1t_enim
3293 4178 3501 4257 Regina

1910 4266 2053 4307 anno
2112 4252 2523 4322 nongentesimo
2585 4253 2812 4320 decimo,
2880 4263 3019 4311 teste
3065 4252 3400 4320 Tritbemio,
3447 4264 3503 4311 et

1913 4328 2093 4395 tamen
2140 4321 2257 4395 Ade
2310 4324 2481 4377 texuit
2515 4323 2797 4378 historiam
2852 4341 3023 4395 usque
3059 4324 3126 4379 ad
3168 4341 3367 4380 annum
3402 4343 3497 4383 oc-

1911 4391 2346 4469 tingentesimum
2372 4395 2823 4469 septuagesimum
2867 4391 3194 4469 septimum:
3225 4396 3323 4469 (uit
3371 4410 3500 4469 ergo

1912 4460 2028 4515 Ado
2077 4461 2159 4515 vel
2184 4460 2491 4534 antiquior,
2523 4460 2624 4529 vel,
2659 4474 2717 4519 ut
2751 4460 3049 4527 minimum,
3080 4465 3301 4534 aequalis
3341 4486 3354 4521 :
3384 4460 3502 4522 fieri

2050 4533 2243 4603 powit,
2278 4541 2337 4586 ut
2367 4533 2573 4603 Regino
2597 4536 2777 4589 verbis
2800 4535 3004 4590 Adonis
3027 4533 3297 4591 nonsatis
3346 4538 3503 4591 intel-

1914 4601 2070 4657 lectis
2096 4601 2354 4672 dcceptus
2379 4601 2561 4667 fuerit,
2607 4612 2663 4659 et
2700 4607 2767 4659 ab
2795 4605 2874 4660 eis
2898 4606 3234 4661 occasionem
3283 4607 3501 4661 errandi

1914 4672 2241 4746 sumpserint
2261 4675 2427 4730 abbas
2450 4673 2833 4746 Urspergensis
2856 4684 2910 4730 et
2930 4676 3163 4731 Joannes
3181 4678 3499 4743 Aventinus,

1916 4744 2008 4813 qui
2031 4744 2233 4813 absque
2259 4744 2627 4802 controversia
2658 4744 2784 4800 sunt
2809 4746 2966 4813 longe
2991 4746 3337 4802 recentiores.
3390 4746 3501 4801 [mo

1916 4822 1973 4886 et
2027 4813 2093 4869 de
2133 4813 2403 4886 Aimoino,
2456 4816 2542 4870 vel
2593 4816 2841 4870 Annonio
2871 4813 3010 4871 idem
3041 4816 3148 4871 dici
3197 4823 3392 4886 potest,
3455 4818 3502 4873 si

1870 4914 1875 4917 η
1916 4884 2147 4955 fortasse
2171 4885 2259 4939 ille
2283 4894 2366 4941 est
2411 4902 2570 4955 quem
2597 4887 2696 4940 sub
2721 4888 2937 4940 nomine
2966 4884 3225 4940 Ammani‘i
3261 4889 3505 4942 monachi

1917 4954 2084 5010 refert
2130 4954 2458 5013 Tritbemius
2512 4956 2793 5025 scripsisse
2845 4956 2911 5010 de
2966 4960 3125 5013 rebus
3174 4957 3503 5012 Francorum

1918 5040 2059 5082 anno
2084 5028 2511 5096 nongentesimo.
2563 5026 2715 5093 Quod
2744 5027 2789 5081 si
2829 5027 2918 5082 hic
2952 5042 3142 5082 sensus
3172 5043 3278 5081 non
3310 5029 3505 5096 proba-

1921 5105 2029 5161 tur,
2070 5095 2248 5167 potius
2296 5095 2581 5153 dicendum
2631 5105 2714 5152 est
2745 5097 2907 5166 (sicut
2950 5097 3018 5151 de
3045 5097 3185 5165 aliis)
3227 5095 3506 5167 ignorasse

1919 5168 2159 5223 Adonem
2185 5168 2313 5236 quid
2330 5176 2618 5238 tractatum
2638 5167 2709 5221 sit
2728 5168 2782 5222 in
2809 5167 3216 5238 pseudosynodo
3236 5167 3505 5223 Constan-

1922 5238 2294 5308 tinopolitana,
2326 5237 2565 5307 falsoque
2585 5238 2940 5308 existimasse,
2989 5237 3051 5292 in
3075 5251 3138 5291 ea
3167 5253 3285 5293 esse
3311 5238 3507 5293 delini-

1921 5306 2385 5379 tum'imaginibus
2435 5306 2553 5364 esse
2564 5306 2885 5379 perfectam,
2904 5309 3116 5362 latriam
3143 5309 3502 5379 tribuendam,

1921 5395 2084 5451 quam
2145 5376 2363 5451 nomine
2411 5376 2808 5448 pseudosynodi
2859 5378 3191 5443 Graecorum,
3231 5377 3503 5434 Nicaeam

1922 5448 2189 5522 synodum
2214 5448 2561 5522 intellexisse.

1999 5540 2016 5572 ι
2050 5521 2129 5574 Ex
2177 5517 2262 5573 his
2315 5531 2442 5589 ergo
2489 5519 2739 5574 omnibus
2787 5520 2977 5575 saltem
3021 5519 3358 5577 concludit!"
3392 5520 3506 5573 evi-

1924 5593 2112 5649 denter
2135 5588 2339 5644 nullum
2378 5588 2443 5643 ex
2480 5590 2723 5646 historiis
2743 5606 2902 5661 posse
2927 5592 3066 5647 sumi
3109 5591 3321 5661 firmum
3345 5606 3504 5661 argu-

1924 5669 2185 5725 mentum,
2208 5674 2315 5728 quo
2332 5661 2687 5726 existimetur,
2711 5662 3007 5718 Concilium
3029 5660 3507 5718 Francofordiense

1925 5739 2111 5805 contra
2156 5744 2339 5805 veram
2394 5732 2698 5805 imaginum
2727 5732 3121 5805 adorationem,
3169 5739 3263 5805 aint
3320 5736 3506 5805 contra

1926 5800 2191 5877 synodum
2221 5799 2741 5875 Nicaenam'aliquid
2788 5804 3112 5870 deﬁnivisse.
3165 5799 3506 5861 Ostendimus

2993 5893 3069 5955 31
