3990 6302
366 250 569 309 ‘985

466 362 668 432 tionem
705 357 1319 432 quamvishreligiosam.
1366 357 1644 432 Siquidem
1682 359 2041 432 sanctis_cum

460 430 677 486 Christo
726 430 1072 500 regnantibus
1100 429 1259 486 'hanc
1303 429 1498 485 asserit
1532 430 1752 486 ibidem.
1798 447 1818 482 ι
1874 429 2040 500 Cujus

465 501 626 557 etiam
649 504 866 567 sanctis,
882 501 1201 573 inquit,qui,
1232 502 1556 570 triumphato
1582 500 1817 568 diabolo,
1831 516 1956 556 cum
1976 517 2041 557 eo

466 581 710 642 regnant,
740 573 853 627 sive
878 572 1002 642 quia
1027 573 1253 627 viriliter
1287 580 1631 642 certaverunt
1656 580 1717 627 ut
1742 573 1807 627 ad
1830 588 1930 629 nos
1953 572 2039 626 in-

460 641 693 700 columis
722 641 974 699 Ecclesiae
1015 651 1187 697 status
1218 643 1543 712 perveniret,
1584 641 1697 696 sive
1737 644 1864 712 quia
1895 658 2043 698 eam-

463 714 589 770 dem
617 714 912 771 Ecelesiam
939 713 1166 767 assiduis
1192 713 1463 784 sulfragiis
1486 722 1541 767 et
1566 712 2043 784 intercessionibus

464 785 720 856 adjuvare
745 794 1055 849 noscuntur,
1087 783 1693 856 veneratio'ethenda
1717 793 1817 839 est.
1853 804 1873 837 ι
1906 783 2044 839 Ima-

464 854 677 926 ginibus
698 856 911 924 quidem
935 869 1122 923 parem
1150 870 1215 910 ac
1250 855 1453 926 sanctis
1482 854 1612 925 ipsis
1647 855 2045 910 venerationem

464 924 821 980 exhibendam
874 934 1061 993 negat,
1109 939 1325 980 omnem
1354 924 1557 980 cultum
1585 934 1639 979 et
1676 926 2047 981 adorationem

464 997 701 1066 ipsarum
733 994 968 1067 excludit
1012 997 1333 1062 absolutam,
1379 1010 1481 1067 qua
1528 996 1795 1067 nimirum,
1826 1006 2047 1067 propter

464 1069 668 1135 seipsas
710 1066 973 1129 colantur,
1015 1081 1123 1120 non
1173 1075 1352 1121 autem
1401 1066 1700 1121 relativam.
1753 1066 1865 1122 Nec
1900 1066 2048 1122 aliud

465 1137 770 1206 signiﬁcant
798 1139 913 1190 hazc
960 1138 1122 1190 verba
1157 1151 1172 1190 :
1212 1155 1230 1188 ι
1283 1135 1549 1207 Imagines
1592 1153 1721 1193 vero
1766 1138 1913 1192 omni
1963 1138 2047 1193 sui

464 1208 673 1261 cultura
695 1215 749 1259 et
773 1207 1085 1261 adoratione
1110 1207 1337 1271 seclusa,
1364 1218 1545 1261 utrum
1582 1208 1639 1262 in
1668 1208 1906 1263 basilicis
1923 1224 2050 1278 pro-

461 1286 583 1350 pter
635 1281 946 1350 memoriam
995 1292 1177 1350 rerum
1227 1286 1550 1350 gestarum,
1576 1287 1631 1350 et
1673 1289 2050 1334 ornamentum

442 1349 592 1411 sint,
624 1362 691 1399 an
721 1349 886 1401 etiam
915 1362 1023 1403 non
1053 1348 1180 1414 sint,
1232 1348 1437 1403 nullum
1483 1348 1608 1404 ﬁdei
1653 1350 1934 1415 catholicae
1973 1350 2053 1403 af-

462 1418 609 1472 ferre
653 1427 905 1486 poterunt
952 1418 1343 1488 prazjudicium.
1368 1439 1386 1471 ι
1428 1418 1583 1486 Quod
1633 1420 1680 1475 si
1722 1421 2052 1488 pertinacius

464 1490 588 1559 quis
650 1490 936 1543 contendat
984 1491 1336 1559 respectivam
1387 1504 1601 1559 quoque
1649 1492 2052 1545 venerationem

465 1570 742 1614 auctorem
766 1560 936 1624 illum,
967 1572 1022 1615 et
1043 1562 1353 1616 Gallicanos
1373 1560 1777 1630 Germanosque
1796 1563 2054 1631 prazsules

463 1631 790 1701 imaginibus
839 1641 1150 1686 sanctorum
1195 1630 1532 1703 anjudicasse
1556 1670 1572 1697 ,
1622 1630 1864 1703 dicemus
1910 1634 2053 1703 ipsos

464 1718 574 1798 rion
613 1704 956 1798 inipugnasse
999 1702 1398 1798 venerationem
1446 1702 1593 1798 illain
1614 1711 1694 1798 “ut
1723 1701 1965 1798 illicitam
2001 1712 2057 1757 et
2087 1737 2133 1798 Β

468 1774 646 1827 divina
676 1775 790 1841 lege
828 1788 895 1827 ex
925 1788 1043 1828 sese
1068 1773 1424 1842 prohibitam,
1459 1773 1553 1842 sed
1597 1781 1656 1826 ut
1698 1774 2057 1842 periculosam

464 1854 686 1915 propter
719 1848 945 1915 abusum
972 1841 1362 1912 imperitorum.
1394 1841 1545 1909 Quod
1571 1841 1727 1912 plane
1750 1844 2059 1914 signiﬁcant

468 1914 585 1970 haec
614 1916 815 1967 verba:
863 1932 882 1964 ι
917 1914 1227 1968 Cavendum
1256 1914 1361 1968 illis
1397 1922 1481 1968 est
1521 1923 1577 1967 et
1615 1915 1790 1968 modis
1808 1917 2059 1970 omnibus

466 1984 979 2054 pertimescendum,
1010 2000 1077 2039 ne
1121 1988 1245 2038 dum
1284 1985 1577 2055 imaginum
1629 1985 1833 2039 cultum
1880 1996 1935 2039 et
1967 1986 2061 2039 ad-

469 2060 773 2110 orationem
786 2055 1109 2126 Christianae
1122 2056 1367 2126 religioni
1392 2056 1638 2125 ingerere
1661 2056 1927 2121 nituntur,
1957 2057 2062 2111 sin-

471 2127 713 2197 gularem
754 2126 913 2181 unius
938 2124 1036 2181 Dei
1064 2124 1269 2182 cultum
1311 2132 1368 2181 et
1409 2124 1780 2182 adorationem
1806 2127 2061 2183 frustrari

470 2198 774 2251 videantur.
814 2216 832 2250 ι

544 2268 803 2337 Septimo,
831 2269 972 2323 idem
1000 2266 1271 2339 colligitur
1295 2281 1363 2322 ex
1387 2282 1507 2338 cap.
1522 2268 1731 2325 decimo
1759 2277 1911 2325 sexto
1936 2267 2062 2322 libri

475 2340 635 2393 tertii.
680 2356 699 2389 ι
742 2339 899 2404 Nam,
944 2340 1138 2409 inquit,
1188 2340 1316 2393 dum
1354 2339 1486 2393 nihil
1511 2355 1609 2395 nos
1639 2341 1695 2394 in
1740 2339 2062 2410 imaginibus

472 2424 792 2479 spernamus
804 2418 1001 2480 praeter
1024 2410 1412 2474 adorationem,
1430 2410 1625 2480 quippe
1642 2412 1804 2480 quiin
1825 2410 2063 2465 basilicis

474 2490 784 2553 sanctorum
818 2483 1097 2553 imagines,
1130 2495 1236 2534 non
1260 2485 1327 2533 ad
1359 2482 1713 2545 adorandum,
1745 2482 1838 2536 sed
1863 2483 1930 2553 ad
1952 2495 2063 2533 nte-

473 2552 706 2623 moriam
752 2551 951 2605 rerum‘
979 2561 1274 2623 gestarum,
1321 2558 1376 2604 et
1422 2560 1759 2605 venustatem
1794 2551 2064 2619 parietum

477 2622 680 2677 habere
706 2622 1093 2692 permittimus,
1135 2622 1211 2675 illi
1246 2635 1374 2675 vero
1404 2636 1542 2692 pene
1566 2637 1780 2676 omnem
1807 2637 1919 2675 sua:
1947 2635 2065 2675 cre-

476 2691 723 2747 dulitatis’
738 2708 887 2762 spem
920 2694 975 2746 in
1014 2693 1339 2763 imaginibus
1361 2691 1644 2763 collocent,
1682 2698 1935 2763 restatrut
1965 2705 2065 2746 nos

474 2771 693 2819 sanctos
727 2764 783 2817 in
810 2778 998 2817 eorum
1022 2762 1340 2831 corporibus
1368 2762 1453 2816 vel
1478 2763 1659 2832 potius
1682 2762 1926 2832 reliquiis
1949 2776 2067 2816 eor-

472 2847 690 2903 porum,
728 2849 823 2889 seu
850 2834 1015 2888 etiam
1041 2833 1379 2887 vestimentis
1413 2831 1761 2899 veneremur,
1780 2831 1938 2903 juxta
1965 2848 2065 2887 an-

478 2906 750 2974 tiquorum
789 2903 1011 2958 Patrum
1043 2903 1419 2970 traditionem,
1463 2903 1540 2957 illi
1574 2919 1703 2961 vero
1745 2905 1982 2974 parietes
2013 2911 2069 2959 et

477 2973 705 3047 tabulas,
728 2975 1035 3047 adorantes,
1067 2974 1122 3028 in
1147 2990 1212 3029 eo
1240 2989 1298 3029 se
1327 2975 1661 3029 arbitrentur
1692 2990 1946 3047 magnum
1972 2973 2069 3028 ba-

475 3044 607 3116 bae
638 3045 762 3100 ﬁdei
796 3045 1237 3108 emolumentum,
1269 3059 1334 3099 eo
1364 3047 1507 3115 quod
1530 3044 1915 3116 cperibus'sint
1941 3046 2068 3100 sub-

475 3114 604 3187 jecti
643 3117 932 3185 pictorum.
980 3135 1000 3168 ι
1055 3116 1208 3171 illam
1252 3114 1512 3170 duntaxat
1553 3114 1843 3187 imaginum
1877 3117 2069 3171 adora-

478 3186 681 3257 tionem
722 3187 1017 3257 impugnat,
1069 3201 1175 3256 qua
1216 3201 1355 3256 pene
1383 3187 1559 3242 omnis
1588 3186 1709 3256 spes
1736 3187 2069 3242 credulitatis

478 3256 538 3311 in
569 3256 677 3311 illis
707 3256 1021 3313 collocatur.
1048 3258 1176 3313 Haec
1208 3265 1389 3312 autem
1434 3266 1519 3314 est
1565 3258 1808 3314 adoratio
1852 3258 2064 3325 latriac;

482 3337 576 3399 aut
604 3337 753 3383 certe
791 3329 1065 3384 veneratio
1107 3328 1220 3383 illis
1257 3337 1479 3398 propter
1521 3344 1580 3384 se
1625 3329 1769 3399 ipsas
1804 3328 2066 3395 exhibita,

481 3397 638 3467 cujus
663 3400 906 3469 periculo
931 3402 1058 3469 quia
1106 3397 1342 3469 imperiti
1361 3397 1739 3470 exponuntur,
1791 3401 1916 3455 dum
1962 3400 2071 3455 illis

483 3471 772 3542 adorandae
799 3479 1172 3542 proponuntur
1200 3472 1479 3541 imagines,
1510 3482 1692 3527 censet
1720 3471 1922 3528 cultum
1953 3486 2071 3526 om-

483 3554 609 3613 nem
646 3541 785 3613 ipsis
806 3543 1213 3613 abrogandum;
1256 3557 1365 3596 non
1403 3542 1546 3611 quod
1571 3557 1669 3613 per
1693 3558 1752 3599 se
1790 3543 1861 3597 sit
1885 3542 2072 3613 probi:-

483 3611 631 3668 bitus
660 3628 723 3665 ac
756 3611 996 3679 illicitas,
1036 3614 1164 3683 quia
1204 3614 1394 3669 doctos
1440 3611 1656 3668 innoxie
1700 3629 1795 3669 eas
1822 3612 2072 3668 venerari

487 3683 731 3753 agnoscit
756 3691 809 3737 et
834 3685 1012 3741 colere
1048 3686 1194 3739 cultu
1231 3686 1552 3754 respectivo,
1598 3685 1691 3739 sed
1715 3685 1860 3754 quod
1889 3684 2073 3754 rudio-

484 3752 638 3810 ribus
666 3765 721 3808 et
758 3755 1025 3825 imperitis
1068 3756 1270 3811 erroris
1316 3752 1528 3809 Occasio
1558 3752 1836 3824 disciplina
1882 3752 2072 3821 hujus-

486 3826 631 3880 modi
653 3840 774 3881 esse
792 3827 983 3895 possit,
1010 3826 1102 3896 qui
1124 3826 1329 3880 cultum
1352 3825 1712 3896 respectivuui
1731 3827 1799 3880 ab
1828 3826 2073 3880 absoluto

486 3911 594 3972 non
627 3899 702 3951 ita
727 3894 953 3972 subtiles
988 3894 1111 3972 stitit
1140 3906 1197 3949 ut
1225 3898 1591 3972 dis_tinguant._
1613 3914 1631 3946 ι
1669 3894 1806 3972 μείω
1835 3896 1959 3972 etsi,
1990 3896 2074 3972 iii-_-

488 3966 626 4035 quit,
657 3981 688 4019 a
712 3967 885 4021 doctis
918 3969 1220 4036 quibusque
1259 3966 1421 4021 vitari
1450 3966 1622 4036 possit
1672 3967 1776 4021 hoc
1815 3968 1957 4036 quod
1996 3966 2074 4021 illi

490 4036 546 4089 in
572 4036 873 4106 aderandis
902 4038 1225 4105 imaginibus
1246 4047 1521 4103 exercent,
1550 4038 1643 4106 qui
1671 4037 1939 4101 videlicet,
1966 4053 2075 4093 non

489 4105 620 4174 quid
666 4107 791 4168 sint,
838 4108 929 4160 sed
968 4109 1099 4174 quid
1146 4108 1390 4172 innuant,
1437 4105 1802 4173 venerantur;
1846 4106 2076 4162 indoctis

492 4184 674 4229 tamen
720 4176 1021 4245 quibusque
1080 4177 1393 4231 scandalum
1445 4188 1745 4246 generant,
1797 4177 1889 4246 qui
1941 4178 2078 4233 nihil

492 4247 640 4301 aliud
672 4247 726 4301 in
755 4248 858 4312 his,
896 4258 1095 4317 praeter
1129 4248 1183 4301 itl
1223 4248 1365 4316 quod
1410 4249 1627 4312 vident,
1661 4256 1985 4302 venerantur
2021 4257 2077 4304 et

492 4320 743 4373 adorant.
794 4338 811 4369 ο

567 4387 786 4463 Octavo,
817 4388 873 4443 id
909 4387 1192 4463 colligitur
1204 4403 1271 4444 ex
1286 4387 1461 4463 capite
1482 4386 1706 4463 decimo
1730 4388 1958 4463 septimo
1985 4391 2078 4463 ubi

496 4460 753 4529 expendit
795 4468 1115 4515 sententiam
1156 4460 1497 4514 Constantini
1541 4460 1868 4531 Constantia:
1915 4461 2078 4531 Cypri

492 4533 750 4600 episcopi.
782 4549 800 4581 ι
843 4533 1012 4598 Quam
1038 4532 1454 4602 praecipitanter,
1474 4530 1665 4599 inquit,
1698 4542 1773 4595 et,
1804 4539 1861 4584 ut
1889 4530 1971 4586 ita
1992 4530 2076 4587 di-

494 4618 685 4665 xerim,
739 4604 1072 4671 insipienter,
1121 4602 1503 4673 Constantinus
1545 4602 1872 4656 Constantia:
1916 4603 2079 4673 Cypri

495 4674 808 4743 episcopus,
857 4675 1066 4729 caeteris
1104 4672 1585 4743 consentientibus,
1620 4686 1676 4726 se
1704 4672 2080 4741 suscepturum

496 4742 550 4797 et
595 4745 970 4814 antplexurum
1022 4745 1412 4801 honorabiliter
1466 4742 1728 4814 imagines
1762 4743 1980 4814 dixerit,
2025 4753 2081 4799 et

498 4812 779 4885 servitium
804 4816 1156 4881 adorationis,
1182 4818 1325 4885 quod
1354 4812 1801 4885 consubstantiali
1826 4822 1881 4867 et
1910 4815 2081 4868 viviﬁ-

499 4884 688 4941 eatrici
714 4885 965 4940 'l‘rinitati
999 4883 1242 4951 debetur,
1268 4885 1348 4940 eis
1371 4900 1429 4939 se
1454 4883 1788 4954 redditurum
1810 4886 2075 4954 garrierit,

498 4972 606 5011 non
632 4965 716 5011 est
741 4957 1032 5027 plurimum
1060 4966 1243 5011 nostra
1270 4954 1629 5027 disputatione
1654 4953 2077 5027 discutiendum:

500 5025 759 5096 quoniam
784 5028 1053 5090 omnibus,
1082 5027 1174 5095 qui
1206 5028 1307 5080 hoc
1341 5027 1424 5079 vel
1459 5025 1663 5095 legunt,
1709 5025 1791 5080 vel
1835 5028 2076 5093 audiunt,

500 5099 704 5165 liquido
732 5106 879 5167 patet
928 5096 1079 5149 illum
1131 5111 1237 5151 non
1275 5096 1470 5151 modici
1509 5097 1709 5151 erroris
1739 5098 2082 5166 voraginibus

503 5170 855 5222 immersum:
896 5167 1091 5236 quippe
1126 5168 1220 5235 qui
1267 5169 1546 5223 servitium
1575 5167 1674 5221 soli
1708 5169 1816 5221 Deo
1840 5169 2083 5222 debitum

503 5239 748 5293 Creatori
778 5237 1032 5309 exhibere
1052 5252 1119 5309 se
1148 5238 1346 5295 fatetur
1372 5239 1655 5302 creaturis,
1686 5246 1740 5291 et
1770 5238 1910 5309 _dum
1935 5239 2084 5309 cupit

416 5372 421 5375 _
502 5311 685 5364 favere
711 5308 958 5375 picturis,
989 5308 1284 5363 reluctatur
1320 5310 1527 5364 cunctis
1555 5309 1725 5363 sacris
1763 5306 2078 5377 Scripturis.

506 5380 637 5448 Quis
683 5393 813 5448 ergo
839 5392 1075 5446 unquam
1119 5382 1235 5435 sani
1266 5381 1459 5449 capitis
1491 5380 1651 5433 talem
1695 5380 2082 5434 absurditatem

510 5452 590 5505 vel
611 5449 824 5513 dixerit,
851 5454 934 5502 vel
956 5450 1153 5505 dicenti
1178 5452 1529 5514 consenserit,
1558 5449 1690 5503 utin
1711 5451 1861 5503 tanto
1879 5449 2084 5506 honore

504 5522 768 5591 habeatur
790 5519 1122 5589 picturarum
1155 5523 1411 5587 varietas,
1440 5531 1639 5591 quanto
1676 5528 1880 5586 sancta,
1914 5520 2084 5574 viviﬁ-

507 5590 679 5647 ca'tris
714 5597 767 5642 et
812 5591 1051 5644 omnium
1094 5597 1329 5647 creatrix
1379 5590 1657 5650 Trinitas?
1695 5592 1763 5645 Et
1794 5592 1898 5644 tale
1930 5592 2083 5646 exhi-

506 5664 697 5718 beatur
739 5662 1017 5734 servitium
1059 5664 1301 5732 picturae,
1336 5664 1494 5734 quale
1538 5661 1820 5734 exhibetur
1856 5662 2083 5734 Domino

507 5734 671 5792 totius
693 5733 997 5791 creatum?
1036 5772 1049 5786 .
1090 5773 1105 5790 .
1136 5774 1151 5790 .
1185 5772 1199 5789 .
1236 5774 1250 5790 .
1290 5732 1410 5794 Stet
1441 5748 1673 5804 namque
1708 5732 1991 5804 episcopus
2026 5733 2084 5791 in

1393 250 1456 306 Β.
1497 248 1749 307 CAROLI
1784 246 2001 306 MAGNI
2037 246 2191 307 OPP.
2228 247 2408 304 PARS
2444 247 2509 304 Il.
2547 245 2788 305 SECTIO
2822 245 2888 303 II.

3614 249 3714 309 ΒΜ

2061 367 2119 429 Δ
2141 360 2391 427 ecclesia,
2414 369 2470 416 et
2497 360 2640 432 legat
2661 379 2679 417 :
2716 359 2997 432 Damius»:
3020 357 3189 414 Deum
3209 368 3356 414 tuum
3372 358 3654 432 adoravit,
3672 376 3717 422 et

2144 432 2224 486 illi
2249 432 2348 486 soli
2369 430 2588 498 servies;
2609 440 2664 487 et
2688 445 2813 486 mox
2832 439 2892 485 ut
2919 431 2973 484 in
2999 439 3266 486 conventu
3294 430 3515 494 sederit,
3546 432 3716 490 dicat:

2151 522 2170 554 ι
2218 502 2461 573 Suscipio
2490 510 2546 557 et
2570 503 2862 574 amplector
2890 501 3275 574 honorabiliter
3310 509 3532 574 sanctas
3555 510 3612 574 et
3638 519 3722 561 ve-

2152 592 2171 625 t
2207 572 2473 629 nerandas
2515 572 2794 643 imagines,
2831 582 2888 644 et
2921 572 3025 644 illis
3054 573 3332 644 servitium
3344 573 3722 644 _adorationis,

2151 663 2172 697 ι
2216 645 2360 714 quod
2404 642 2845 700 eonsubstantiali
2878 651 2933 697 et
2960 643 3297 698 viviﬁeatrici
3341 642 3605 697 Trinitati
3640 642 3724 702 de-

2153 734 2172 767 ι
2207 713 2383 780 betur,
2402 715 2679 784 impendo;
2714 734 2733 766 ›
2767 715 2950 783 sicque
2973 728 3033 769 se
3054 714 3109 768 in
3131 713 3328 767 divinis
3353 714 3540 768 verbis
3565 714 3726 770 insta-

2146 785 2331 851 bilem,
2364 800 2421 840 se
2441 787 2583 839 aliud
2604 799 2699 840 ore
2723 786 3082 855 proﬁtentem,
3129 784 3272 839 aliud
3301 786 3472 855 corde
3495 785 3722 840 creden-

2149 864 2277 922 tem,
2318 856 2459 927 aliud
2485 857 2679 911 divinis
2711 854 2935 927 paginisi
2968 854 3251 925 legentem,
3282 854 3435 927 aliud
3486 856 3541 927 in
3579 864 3728 911 antro

2147 926 2383 997 pectoris
2417 928 2501 981 sui
2530 925 2802 981 tenentem
2826 934 2881 980 et
2907 925 3101 980 divinis
3141 926 3321 997 verbis
3346 925 3725 997 _obnitentem,

2150 994 2206 1052 et
2229 1013 2353 1052 suas
2377 1013 2545 1068 nugas
2567 997 2860 1051 Dominicis
2902 995 3183 1068 praeceptis
3221 994 3606 1068 praeferentem
3649 997 3731 1068 de-

2150 1076 2434 1124 monstret.
2457 1066 2487 1119 }
2518 1068 2721 1122 Ansam
2758 1067 2921 1122 dabat
2952 1066 3038 1120 illa
3073 1066 3415 1121 Constantini
3443 1066 3728 1131 sententia,

2151 1154 2314 1209 quam
2335 1138 2511 1193 versio
2534 1149 2776 1193 actorum
2803 1138 3042 1208 septimae
3065 1137 3462 1209 synodiminus
3478 1146 3733 1209 accurata

2152 1208 2425 1266 duriorem
2464 1210 2804 1274 reddiderat,
2861 1209 2963 1278 ipsi
3007 1208 3272 1262 tribuendi
3309 1208 3539 1271 erroris,
3582 1222 3733 1278 quem

2151 1281 2330 1337 verbis
2365 1289 2518 1334 tenus
2541 1280 2812 1349 exprimit,
2838 1276 2944 1333 imo
2969 1280 3143 1349 ipsum
3183 1279 3238 1331 in
3269 1286 3439 1349 totam
3468 1276 3737 1349 synodum

2154 1351 2490 1415 rel‘nndendi,
2529 1348 2649 1420 qua:
2696 1350 2844 1403 illum
2882 1348 3003 1404 noni
3034 1350 3394 1420 emendasset.
3432 1348 3739 1420 Hadrianus

2154 1437 2290 1492 papa
2321 1422 2374 1475 in
2400 1418 2626 1491 epistola
2665 1421 2997 1490 apologetica
3039 1435 3139 1490 pro
3178 1418 3321 1492 cultu
3351 1419 3657 1492 imaginum
3682 1418 3741 1472 ad

2154 1489 2407 1547 Ca‘rolum
2433 1489 2721 1561 Magnum,
2765 1506 2883 1560 cap.
2930 1493 2983 1554 9,
3034 1489 3371 1561 Constantini
3418 1489 3741 1543 sententiam

2155 1564 2357 1618 bonum
2394 1562 2448 1616 in
2478 1560 2697 1618 sensum
2718 1564 2883 1616 trahit
2910 1562 2993 1615 his
3016 1560 3233 1615 verbis:
3280 1578 3300 1610 ι
3340 1560 3420 1613 Ex
3444 1574 3619 1630 prava
3670 1574 3744 1611 re-

2155 1641 2429 1688 vertentes
2473 1633 2688 1698 hteresi,
2738 1633 2867 1687 totis
2915 1632 3121 1686 nisibus
3163 1645 3350 1684 eorum
3401 1639 3745 1685 tentaverunt

2159 1713 2358 1759 sancta:
2404 1704 2683 1759 catholica:
2712 1712 2768 1757 et
2803 1702 3105 1772 apostolica:
3154 1702 3208 1755 in
3255 1702 3502 1770 ipsorum
3538 1699 3746 1772 confes-

2162 1777 2315 1831 sione
2341 1777 2657 1829 satistacere
2696 1771 2990 1838 Ecclesiae;
3030 1781 3085 1827 et
3123 1772 3242 1825 ideo
3275 1774 3439 1825 talem
3478 1771 3748 1824 adoratio-

2161 1862 2285 1901 nem
2320 1846 2552 1900 eonfessi
2600 1853 2727 1899 sunt
2766 1859 2865 1914 pro
2911 1842 3080 1898 sacris
3127 1842 3745 1914 imaginibusicredere,

2201 1916 2336 1971 nalis
2366 1917 2421 1971 in
2445 1913 2983 1986 deﬁnitionesynodi
3019 1915 3311 1986 constituta
3345 1920 3443 1986 est
3469 1913 3619 1986 inter
3650 1926 3749 1986 ea;-

2201 1932 2336 1971 uans
2366 1932 2421 1971 in
2445 1932 2755 1971 neuntttone
2792 1932 2983 1986 synoot
3019 1932 3311 1968 constituta
3345 1932 3432 1967 es;
3469 1932 3619 1965 inter
3650 1932 3749 1964 ca:-

2161 1932 2299 2042 i‘era.
2339 2006 2357 2039 ι
2398 1992 2513 2053 Quo
2547 1986 2668 2042 loco
2695 1986 2926 2041 Nicaeum
2964 2001 3003 2040 ιι
3050 1984 3239 2055 synodi
3280 1983 3661 2055 deﬁnitionem
3700 1982 3751 2034 in

2163 2059 2397 2113 medium
2424 2057 2600 2111 all'ert.
2638 2056 2917 2125 Signiﬁcat
2954 2054 3256 2125 Hadrianus
3278 2054 3416 2108 istos
3441 2054 3749 2122 episcopos,

2164 2130 2258 2199 qui
2280 2124 2728 2199 iconoelastarum
2760 2129 3007 2199 haeresim
3037 2124 3335 2194 ejurabant,
3365 2133 3427 2178 ut
3445 2138 3671 2178 omnem
3693 2136 3755 2199 ex

2165 2192 2497 2254 audientium
2552 2198 2747 2252 animis
2797 2192 3157 2268 suspicionem
3192 2199 3593 2265 abstergerent,
3631 2192 3755 2268 _eul-

2166 2279 2300 2336 tum,
2333 2285 2494 2339 quem
2534 2269 2857 2339 imaginibus
2881 2262 3222 2322 tribuendum
3256 2262 3547 2339 putabant,

2165 2342 2317 2396 cibus
2350 2336 2523 2409 atque
2553 2336 2874 2411 emphaticis
2909 2339 3087 2415 verbis
3125 2337 3501 2415 expressisse;
3544 2336 3756 2415 sedit:

2165 2421 2346 2466 tamen
2397 2407 2454 2465 ul
2498 2407 2686 2465 eorum
2722 2410 2989 2465 sententia
3038 2409 3109 2462 sit
3151 2424 3218 2463 ex
3248 2408 3436 2477 ipsius,
3465 2407 3560 2468 cui
3596 2407 3759 2460 inter-

2165 2491 2343 2547 erant,
2368 2482 2559 2551 synodi
2595 2481 2905 2535 delinitione
2934 2480 3353 2551 interpretanda.
3393 2477 3588 2547 Neque
3629 2478 3758 2551 adeo

2167 2553 2314 2607 illam
2363 2549 2705 2622 Constantini
2748 2551 2985 2620 episcopi
3017 2549 3374 2622 sententiam,_
3408 2549 3762 2622 quantumvis

2168 2617 2399 2687 duram,
2421 2623 2597 2677 fraudi
2624 2636 2745 2677 esse
2770 2617 2968 2676 debere
2993 2621 3242 2685 concilio,
3290 2617 3446 2686 cujus
3492 2620 3651 2673 clara
3682 2627 3763 2672 est

2167 2703 2223 2748 et
2256 2694 2556 2748 indubitata
2590 2692 2857 2747 sententia
2888 2692 3028 2745 infra
3048 2691 3262 2745 latriain
3288 2703 3413 2745 esse
3438 2704 3572 2744 eum
3601 2690 3763 2744 hono-

2168 2780 2284 2820 rem
2315 2764 2407 2833 qui
2435 2763 2761 2834 imaginibus
2776 2763 3045 2834 defertur.

2174 2867 2184 2881 η
2236 2837 2309 2890 At
2331 2829 2597 2890 libroruin
2613 2832 2986 2888 Carolinorum
3010 2840 3203 2887 auctor
3226 2846 3331 2885 nou
3346 2829 3423 2884 ita
3445 2830 3555 2885 fuit
3580 2845 3765 2899 :equus

2169 2908 2225 2963 in
2254 2909 2517 2979 synodum
2528 2905 2801 2979 Nicaanaiu
2822 2920 2883 2969 tt,
2910 2904 3004 2958 sed
3027 2918 3096 2959 ex
3118 2902 3369 2979 opinione
3382 2910 3762 2979 praeconeepta

2170 2972 2436 3043 scribens,
2469 2977 2571 3047 ipsi
2597 2976 2789 3030 tribuit
2809 2990 3053 3047 errorem
3067 2990 3236 3047 quem
3258 2972 3765 3047 Constantinnsvi-

2172 3050 2396 3105 debatur
2421 3042 2769 3117 expressisse,
2793 3053 2848 3099 et
2875 3042 3241 3101 deﬁnitionem
3263 3044 3457 3117 synodi
3477 3045 3559 3117 ad!
3576 3042 3767 3117 facien-

2172 3122 2301 3175 dum
2338 3113 2520 3173 fucum
2553 3117 2932 3173 concinnatam
2971 3117 3066 3182 ait,
3114 3124 3169 3171 et
3209 3115 3277 3169 ad
3293 3113 3767 3169 dissimulandum

2169 3205 2430 3253 errorem,
2462 3203 2622 3258 quem
2647 3188 2826 3241 minus
2873 3186 3100 3258 callidus
3123 3185 3435 3258 prodiderat
3450 3185 3767 3258 constanti:

2171 3277 2292 3317 nus.
2335 3255 2728 3315 Existimabam
2757 3258 2921 3329 igitur
2932 3255 3157 3329 Carolus
3169 3256 3393 3327 Magnus
3413 3268 3484 3329 et_
3494 3255 3765 3311 Gallicani

2170 3331 2536 3400 Germanique
2584 3325 2862 3399 prtesules,
2910 3337 3079 3400 totam
3124 3325 3397 3400 Synodum
3444 3325 3765 3400 Graecorum

2171 3404 2406 3470 sensisse
2428 3398 2900 3470 imaginesreodem
2924 3398 3072 3454 cultu
3093 3399 3395 3453 adorandas
3417 3398 3768 3470 qui

2172 3462 2323 3529 sima:
2345 3462 2596 3527 Trinita'ti
2618 3469 2886 3536 defertur;
2934 3470 3346 3525 Constantinum
3375 3462 3697 3539 episcopum
3715 3467 3771 3524 id

2173 3558 2356 3600 coram
2377 3542 2647 3610 frequenti
2675 3542 2882 3611 synodo
2894 3540 3214 3610 professum,
3246 3542 3644 3611 reprehensum
3657 3554 3763 3594 non

2172 3616 2371 3680 fuisse;
2419 3609 2785 3667 deﬁnitionem
2815 3609 3063 3667 eumdem
3083 3625 3341 3673 errorem,
3392 3609 3767 3665 distinctioni-

2173 3688 2276 3743 bus
2311 3686 2379 3739 ad
2403 3682 2712 3739 faciendum
2740 3682 2925 3738 fucum
2954 3682 3162 3737 idoneis
3172 3681 3473 3751 palliatum,
3517 3682 3769 3751 plebibus

2174 3758 2439 3828 ingerere;
2478 3754 2616 3828 Hinc
2628 3753 2853 3828 Carolus
2868 3753 3106 3828 Magnus,
3130 3763 3254 3828 post
3273 3752 3767 3828 iaudatasuperius

2172 3821 2359 3893 verba,
2411 3827 2478 3880 de
2497 3825 2837 3881 Constantini
2866 3821 3368 3882 sententiasubdit:
3416 3841 3436 3873 ι
3468 3821 3610 3876 Nam
3644 3838 3765 3877 cum

2175 3899 2278 3976 sibi
2300 3898 2519 3976 suisque
2537 3897 2904 3976 _dignoscatur
2927 3896 2982 3949 in
3012 3908 3380 3976 suaperversa
3422 3894 3767 3976 professione

2176 3971 2387 4034 obesse,
2425 3966 2580 4023 nobis
2600 3982 2629 4022 e
2661 3967 2931 4023 contrario
2955 3966 3048 4036 qui
3071 3966 3283 4020 illorum
3308 3966 3470 4036 nugis
3498 3966 3661 4020 reniti
3678 3981 3768 4018 eu-

2175 4041 2370 4111 pimus,
2403 4039 2737 4111 dignoscitur
2765 4040 3050 4111 prodesse;
3096 4051 3217 4111 cum
3248 4035 3505 4111 videlicet
3520 4051 3762 4111 errorem

2176 4106 2379 4180 detegit
2403 4106 2716 4175 infaustum,
2765 4106 2927 4178 quem
2942 4107 3032 4180 illi
3072 4107 3323 4180 videntur
3343 4106 3598 4177 plebibus
3620 4107 3765 4180 inge-

2177 4177 2615 4250 rere—palliatum.
2678 4177 2846 4233 Aiunt
2868 4179 3051 4234 enim:
3092 4196 3111 4228 ι
3142 4177 3258 4233 Non
3294 4188 3593 4250 adoramus
3626 4177 3764 4250 ima-

2184 4272 2202 4305 t
2234 4247 2388 4323 gitfes
2424 4260 2484 4305 ut
2506 4252 2695 4316 Deum,
2733 4265 2833 4306 nec
2855 4250 2960 4323 illis
2983 4250 3148 4323 divini
3174 4249 3395 4323 servitii
3439 4248 3652 4323 cultum
3678 4247 3767 4300 im-

2082 4374 2088 4381 .
2185 4343 2203 4375 ι
2236 4318 2540 4391 pendimus,
2589 4323 2685 4376 sed
2715 4323 2841 4376 dum
2870 4321 2992 4375 illas
3018 4320 3310 4390 aspicimus
3347 4328 3419 4391 et
3451 4318 3764 4381 adoramus,

2186 4414 2204 4446 ‹
2236 4388 2328 4449 illo
2360 4395 2556 4448 mentis
2571 4402 2770 4448 nostra:
2788 4405 3012 4447 acumen
3036 4388 3338 4461 deligimus,
3371 4388 3467 4443 ubi
3496 4404 3618 4461 eos,
3642 4403 3764 4457 quo-

2106 4444 2156 4505 θ
2238 4444 2987 4529 pumﬂillie—suntIessenon
3029 4444 3357 4533 ignei-amns.
3390 4480 3410 4512 ι
3477 4459 3553 4533 At
3582 4444 3762 4533 cpt-nn

2180 4538 2283 4593 iste
2306 4535 2520 4589 illorum
2554 4538 2809 4604 detegens
2823 4531 3083 4600 errorem,
3107 4540 3161 4588 et
3184 4546 3335 4604 suam
3367 4532 3621 4601 pandens
3653 4531 3763 4604 abs-

2180 4622 2284 4679 que
2306 4606 2414 4662 ulla
2413 4599 2852 4679 _obutubratione
2862 4604 3264 4679 cogitationem,
3292 4599 3498 4679 fatetur
3509 4616 3594 4667 se,
3617 4599 3762 4679 quale

2181 4672 2382 4734 sancta:
2411 4675 2682 4739 Trinitati,
2704 4675 2818 4728 tale
2838 4672 2951 4733 illis
2963 4676 3218 4729 exhibere
3251 4672 3560 4736 servitium,
3586 4672 3762 4725 talem-

2181 4765 2287 4819 que
2306 4747 2674 4819 adorationem
2688 4763 2707 4819 _;
2737 4749 2920 4814 sicque
2952 4745 3364 4819 absurditatem,
3392 4757 3566 4819 quam
3590 4742 3671 4795 illi
3692 4742 3761 4795 in-

2183 4815 2391 4876 trorsus
2427 4817 2660 4871 renitent
2684 4817 2931 4880 latenter,
2979 4818 3117 4870 hanc
3142 4815 3246 4868 iste
3277 4817 3452 4885 egerit
3498 4821 3759 4885 patenter.

2182 4891 2292 4945 Nec
2303 4890 2470 4943 latere
2482 4901 2805 4956 quemquam
2820 4894 2996 4956 potest
3012 4887 3223 4940 illorum
3237 4884 3474 4956 ignavia,
3492 4899 3625 4956 cuni
3638 4884 3761 4956 hanc

2181 4962 2380 5031 pandat
2409 4953 2631 5028 huiusce
2661 4953 3010 5031 professionis
3027 4953 3309 5031 sententia.
3344 4973 3363 5005 ι
3406 4953 3594 5031 Quam
3610 4954 3761 5031 igitur

2181 5026 2553 5086 adorationem
2578 5030 2870 5098 imaginum
2900 5028 3174 5096 impugnat
3202 5026 3468 5080 librorum
3492 5026 3759 5098 Carolino

2183 5117 2302 5155 rum
2321 5109 2526 5163 auctor,
2554 5113 2616 5152 ea
2641 5096 2811 5152 latriae
2840 5098 3081 5153 adoratio
3103 5104 3203 5163 est,
3233 5110 3396 5166 quam
3415 5096 3674 5150 sanxisse
3690 5109 3755 5147 πο

2180 5172 2484 5227 bitrabatur
2510 5169 2777 5239 synodum
2803 5167 3135 5222 Grascorum.

2254 5242 2424 5307 Nono,
2442 5234 2582 5294 idem
2612 5239 2881 5309 colligitur
2902 5254 2970 5292 ex
2986 5239 3161 5308 capite
3183 5236 3393 5293 decimo
3411 5242 3615 5290 octavo
3632 5234 3757 5309 q'us-

2182 5311 2304 5367 dem
2332 5305 2470 5367 libri.
2493 5329 2512 5361 ι
2534 5310 2670 5365 Cum
2692 5305 2841 5379 ergo,
2872 5305 3068 5378 inquit;
3092 5309 3181 5364 isti
3209 5321 3345 5378 pene
3371 5321 3599 5361 omnem
3620 5305 3755 5379 anxi-

2183 5383 2239 5436 lii
2287 5384 2370 5438 sui
2398 5397 2546 5452 spem
2587 5380 2642 5435 in
2683 5376 3294 5452 imaginibpsdeﬁgant,
3327 5393 3452 5452 non
3480 5376 3755 5452 mediocri-

2185 5462 2265 5507 ter
2305 5473 2335 5507 a
2370 5448 2555 5507 sahcta
2588 5459 2643 5505 et
2669 5448 2956 5504 universali
2980 5448 3305 5505 dissentiunt
3328 5448 3600 5513 Ecclesia,
3649 5460 3753 5516 qua:

2185 5539 2334 5592 spem
2364 5523 2550 5577 auxilii
2576 5521 2660 5575 sui
2679 5536 2788 5575 non
2814 5520 2866 5573 in
2890 5520 3113 5589 pictura:
3134 5520 3289 5584 fucis,
3318 5536 3426 5592 non
3452 5519 3512 5572 in
3529 5516 3750 5571 manule-

2184 5590 2286 5649 etis
2314 5594 2577 5648 artiﬁcum
2607 5593 2877 5661 operibus,
2910 5593 3005 5646 sed
3034 5593 3085 5646 in
3111 5592 3219 5646 Deo
3247 5590 3490 5645 onmium
3517 5599 3751 5643 creatore

2185 5664 2386 5735 deﬁgit.
2419 5684 2438 5716 ι
2470 5663 3201 5735 Eamimpugnatimaginum
3214 5661 3609 5735 adorationem,
3644 5671 3750 5735 qua:

2185 5727 2592 5807 argumentoest
2613 5727 2921 5805 spém'pene
2941 5727 3156 5792 om'nem
3179 5731 3234 5788 in
3246 5732 3469 5803 pictura:
3494 5730 3634 5786 fucis
3650 5727 3746 5784 eol-
