3990 6302
242 230 349 311 ἐιϐἐ

1229 252 1409 310 LIBRI
1445 251 1786 311 CAROLINI.
1812 278 1886 295 —
1917 251 2453 312 PROLEGOMENA.

3390 263 3493 321 986

239 362 544 440 locari.__At
566 378 629 419 ex
654 364 997 440 veneratione
1023 363 1288 436 religiosa,
1322 380 1440 440 quae
1462 365 1623 419 rebus
1644 364 1812 440 sacris
1836 366 1893 428 Α
1914 371 2021 418 tur.
2052 383 2073 440 ρ
2100 365 2264 440 Ludit
2277 368 2338 440 in
2363 366 2657 440 aequivoeo,
2687 369 2841 439 quasi
2864 368 3212 428 intrinsecam
3242 376 3499 431 sanctitao

239 435 590 505 impenditur,
627 434 802 505 colligi
830 451 937 490 non
965 434 1160 505 potest,
1204 451 1301 489 nos
1330 434 1480 505 spem
1508 451 1721 490 omnem
1754 435 1809 488 in

237 512 350 561 mis
378 506 662 569 collocare,
714 507 1003 560 secundum
1032 506 1172 561 illius
1196 507 1431 561 auctoris
1472 506 1812 571 sententiam,

234 594 334 647 qui
363 584 419 630 et
436 576 677 646 reliquiis
699 584 1007 631 sanctorum
1032 585 1086 631 et
1105 576 1289 646 ﬁgurae
1302 577 1593 647 Bominica:
1617 575 1814 647 crucis,

235 645 295 703 et
324 647 495 702 codici
522 645 947 717 Evangeliorum,
973 655 1028 701 et
1043 645 1183 701 vasis
1217 647 1386 702 sacris
1407 645 1819 717 hujusmodive—

236 717 579 773 neratiouem
599 718 818 781 asserit;
856 731 964 771 non
993 716 1266 787 impugnat
1287 718 1450 787 igitur
1477 716 1817 772 honorariam

234 788 540 856 imaginum
570 787 959 850 adorationem,
986 802 1078 842 seu
1112 789 1531 843 venerationem.

307 857 577 926 Imagines
589 858 803 926 quidem
816 858 963 912 cruci
980 858 1289 921 Dominicze,
1314 858 1483 913 sacris
1503 858 1812 922 Codicibus,

236 927 470 982 sacratis
500 929 664 991 vasis,
717 937 1026 982 sanctorum
1052 928 1309 998 reliquiis,
1350 937 1405 983 et
1439 928 1609 981 multo
1639 929 1817 982 minus

235 998 444 1052 sanctis
484 998 634 1070 ipsis,
669 999 1078 1070 :eqniparandas
1118 1008 1297 1070 negat,
1327 999 1535 1070 synodi
1576 998 1817 1067 septimae

234 1068 676 1139 comparationes
699 1068 931 1122 elevans.
979 1068 1083 1122 Sed
1108 1070 1162 1123 in
1188 1068 1420 1139 religiosi
1434 1069 1609 1124 cultus
1629 1069 1818 1123 ordine

233 1136 379 1191 infra
416 1137 587 1210 latrize
612 1139 976 1210 adorationem
1019 1140 1151 1210 varii
1178 1136 1311 1194 sunt
1325 1140 1554 1210 gradus:
1593 1138 1695 1193 alia
1722 1154 1820 1208 per

233 1222 356 1262 sese
376 1208 646 1291 coluntur,
670 1216 725 1262 et
751 1208 1005 1291 absotuto
1018 1208 1103 1291 .(ut
1125 1208 1606 1291 vocant)“_houore,
1652 1224 1818 1291 quam

231 1278 457 1350 proprio
481 1285 721 1350 meretur
752 1278 1086 1350 excellentia,
1114 1288 1174 1333 ut
1218 1278 1390 1350 angeli
1429 1288 1483 1334 et
1515 1278 1687 1335 sancti
1722 1281 1819 1334 ho-

232 1348 433 1419 mines.
494 1348 612 1401 Alia
640 1357 859 1419 propter
884 1349 1028 1403 aliud
1052 1350 1120 1404 ad
1160 1348 1311 1419 quod
1327 1351 1566 1405 ordinem
1599 1351 1815 1414 habent,

232 1418 590 1487 honorantur,
633 1428 692 1472 ut
721 1418 959 1487 reliquiae
986 1418 1315 1486 sanctorum,
1357 1437 1489 1477 crux
1516 1420 1810 1481 Dominica,

230 1496 287 1541 et
309 1486 429 1559 ejus
448 1487 649 1559 ﬁgurae,
697 1486 875 1543 Codex
900 1488 1191 1559 Scriptura:
1240 1505 1427 1557 sacrae,
1461 1506 1589 1544 vasa
1639 1504 1813 1555 sacra,

230 1557 460 1638 templa,
508 1558 785 1629 imagines.
862 1560 935 1638 Et
965 1557 1148 1638 inisto
1172 1576 1366 1638 genere
1410 1562 1585 1638 cultus
1635 1575 1819 1638 respe-

232 1627 363 1680 ctivi
409 1627 591 1696 plures
625 1627 763 1683 'sunt
807 1630 1021 1703 gradus.
1087 1627 1513 1703 Quamvist‘ergo
1555 1627 1817 1702 imagines

1915 440 2025 489 tem
2051 435 2374 504 imaginibus
2393 435 2566 494 Graeci
2593 435 2907 496 tribuerent.

1957 508 1959 512 ‘
1988 505 2341 586 Duodecimn,
2366 509 2418 586 id
2445 509 2798 586 conﬁrmatur
2818 526 3038 586 ex_cap._
3059 512 3319 581 vigesimo
3343 518 3503 586 septi-

1913 587 2026 629 mo.
2058 591 2078 625 ι
2113 575 2265 632 Unde
2289 578 2541 657 nimirum
2574 580 2861 657 culligitur,
2892 575 3083 657 inquit,
3117 575 3269 657 quod
3293 586 3367 640 illi
3403 575 3503 657 qui

1915 658 2054 728 pene
2071 659 2285 701 omnem
2312 647 2435 702 ﬁdei
2461 665 2572 728 suae
2609 647 2920 728 tinnitatem
2966 647 3025 728 in
3049 647 3385 728 imaginibus
3409 647 3506 728 po-

1916 723 2071 796 nunt,
2111 731 2402 788 earumque
2427 722 2793 776 adorationem
2822 723 2968 796 inter
2986 716 3249 778 bo'nordm
3281 716 3505 796 operum

1916 792 2273 860 instrumenta
2306 804 2661 860 annumerare
2704 807 2811 845 non
2857 793 3198 860 erubescunt,
3246 792 3506 855 et_modo

1915 855 2193 935 pulchras,
2239 860 2399 914 modo
2411 859 2611 935 _l_'aadas_
2649 863 2874 935 adorant
2919 855 3194 935 imagines,
3247 867 3504 935 quodam-

1916 927 2078 1007 modo
2106 926 2376 984 fallantur.
2410 930 2543 985 Nam
2562 932 2614 1007 si
2644 932 2895 1007 quaelibet
2943 926 3118 1007 imago
3144 926 3350 1007 quanto
3386 939 3507 1007 pul-

1917 997 2101 1078 chrior
2120 1007 2220 1063 est,
2252 1007 2402 1054 tanto
2436 997 2677 1071 amplius
2693 1003 2863 1078 habet
2881 997 3186 1078 sanctitatis
3210 1014 3372 1078 atque
3387 997 3508 1062 'vir-

1919 1072 2069 1142 tutis,
2097 1082 2323 1142 necesse
2343 1078 2426 1125 est
2459 1078 2520 1125 ut
2563 1087 2628 1127 ea
2668 1088 2787 1142 quae
2836 1072 3031 1129 foedior
3066 1082 3169 1141 est,
3202 1072 3379 1131 minus
3405 1078 3507 1132 ha-

1915 1137 2041 1218 beat
2057 1140 2358 1218 sanctitatis
2383 1149 2546 1211 atque
2559 1137 2775 1197 virtutis
2791 1160 2814 1218 :_
2829 1144 2945 1218 etsi
2963 1160 3026 1218 ea
3044 1137 3165 1214 quat
3185 1144 3380 1218 foedior
3399 1154 3502 1214 est,

1918 1210 2096 1287 minus
2120 1210 2561 1287 habet,__necesse
2585 1220 2668 1287 est
2693 1221 2752 1267 ut
2789 1210 3086 1287 foedissima
3121 1216 3373 1285 quaelibet
3410 1210 3505 1272 aut

1918 1278 2062 1355 nihil
2077 1287 2171 1355 aut
2195 1281 2466 1355 modicum
2510 1283 2707 1355 habeat
2737 1301 2749 1336 :
2776 1290 2831 1338 ct
2878 1285 2922 1338 si
2976 1301 3039 1340 ea
3086 1278 3206 1354 qdzn
3233 1287 3509 1355 pulchrior

1922 1356 2029 1434 est,
2049 1349 2170 1430 ideo
2194 1351 2452 1434 attentius
2492 1354 2782 1434 aduratur,
2796 1368 2864 1434 eo
2889 1356 3031 1434 quod
3057 1349 3508 1434 causa—pulchri-

1919 1416 2139 1485 tudinis,
2169 1422 2398 1494 amplius
2428 1423 2589 1494 habet
2624 1424 2859 1489 virtutis,
2889 1416 3001 1492 jam
3032 1441 3139 1480 non
3168 1416 3285 1494 ejus
3306 1427 3509 1482 sancti-

1920 1497 2094 1613 tauex
2124 1493 2355 1559 quadam
2404 1493 2684 1563 religione,
2717 1495 2811 1549 sed
2846 1510 2913 1550 ex
2963 1497 3186 1552 artiﬁcis
3199 1493 3354 1552 venit
3380 1512 3506 1568 ope-

1920 1574 1980 1611 ra
2010 1575 2149 1613 ione.
2183 1582 2202 1613 ι

1919 1574 2149 1614 Γειιοῐιθ.
2183 1582 2202 1613 D

1991 1630 2059 1683 Et
2075 1630 2225 1706 infra
2252 1650 2296 1706 ει
2320 1631 2603 1686 Falluntur
2628 1648 2771 1706 vere,
2802 1641 2856 1690 et
2881 1636 3075 1691 merito
3096 1635 3375 1703 falluntur,
3391 1635 3504 1706 qui,

233 1704 552 1779 sanctorum
596 1716 708 1779 _non
732 1707 883 1779 tanto
910 1701 1017 1779 sint
1061 1703 1265 1758 honore
1288 1700 1581 1757 adicienda:
1614 1700 1815 1771 quanto
1847 1718 1894 1779 Β
1919 1714 2042 1779 cum
2073 1701 2216 1756 Deus
2246 1702 2470 1779 Creator
2496 1705 2738 1759 omnium
2759 1719 2817 1759 se
2845 1706 3024 1779 solum,
3048 1707 3261 1779 adorari
3283 1700 3509 1763 censue-

233 1783 369 1822 crux
402 1768 690 1843 Do_minicat
725 1778 781 1822 et
810 1769 937 1843 ejus
975 1771 1175 1843 ﬁgurae,
1218 1781 1420 1842 quanto
1463 1789 1591 1828 vasa
1630 1768 1812 1837 sacra,

232 1846 440 1912 quanto
462 1840 871 1912 Evangeliorum
906 1840 1104 1905 Codex,
1144 1840 1345 1912 quanto
1387 1853 1694 1898 sanctorum
1732 1858 1818 1897 re—

231 1907 437 1977 liquias,
461 1910 581 1964 etid
603 1907 792 1980 probet
812 1912 1073 1966 librorum
1087 1907 1463 1968 Carolinorum
1486 1922 1691 1978 auctor,
1708 1929 1815 1968 non

235 1988 422 2104 timeri
446 1980 572 2103 inde
593 1981 835 2050 sequitur
859 1984 1003 2052 quod
1024 1987 1425 2039 venerationem
1446 1999 1660 2039 omnem
1688 1985 1818 2055 ipsis

235 2064 262 2101 a
307 2064 441 2104 roze
471 2090 485 2103 .
1190 2092 1193 2095 λ

232 2059 485 2119 abroget.
1190 2092 1193 2095 λ

303 2119 545 2195 Decimo,
564 2120 1017 2195 _idem__colligitur
1069 2140 1135 2180 ex
1172 2127 1346 2195 capite
1389 2126 1599 2181 decimo
1626 2133 1817 2181 octavo

230 2188 598 2272 libri.quarti.
640 2210 659 2242 ι
689 2191 810 2272 _Hoc
863 2188 1026 2249 etiam
1062 2188 1317 2272 exemplo
1344 2239 1358 2263 ,
1409 2197 1582 2266 inquit
1612 2236 1627 2262 ,
1682 2197 1816 2272 adeo

230 2262 510 2336 cernimus
542 2262 849 2336 imaginum
869 2279 1023 2319 usum
1060 2262 1373 2334 inolescere,
1404 2278 1461 2321 ut
1483 2262 1623 2336 _qu:e
1666 2268 1817 2336 prius

230 2330 300 2383 oh
313 2346 450 2385 orna
458 2330 698 2387 mentum
721 2330 1083 2400 basilicarum,
1100 2345 1153 2390 et
1168 2330 1481 2394 memoriam
1495 2330 1649 2392 erant
1668 2330 1817 2392 com-

230 2401 499 2477 pagiuatze
528 2418 709 2477 rerum
737 2413 1037 2473 gestarum,
1071 2408 1400 2464 inolescente
1426 2408 1684 2477 paulatim
1716 2422 1813 2461 ne-

230 2469 368 2549 tario
399 2488 499 2527 usu
525 2513 539 2537 ,
574 2473 707 2549 adeo
737 2469 878 2532 nunc
906 2495 937 2532 a
965 2478 1245 2549 catholicis
1297 2469 1598 2549 quibusque
1642 2478 1817 2532 extol-

230 2540 434 2622 lantur,
458 2554 517 2597 ut
541 2543 861 2622 adorentur,
885 2549 1070 2616 eisque
1101 2540 1405 2622 luminaria,
1436 2540 1811 2622 thymiamata,

228 2613 507 2695 primitiae,
524 2613 870 2695 veliquaadalm
900 2613 1214 2695 munuscula
1240 2613 1555 2695 oﬂ'erantu'r,
1566 2628 1638 2695 _et
1651 2613 1814 2695 quod

227 2685 462 2765 nequius
496 2692 579 2739 est
604 2686 686 2765 (ut
715 2685 768 2765 iu
800 2686 1022 2765 Graeciae
1044 2690 1289 2765 partibus
1335 2690 1536 2765 factum
1564 2685 1812 2765 legimus)

230 2754 522 2828 pontiﬁces
563 2754 655 2828 qui
691 2756 862 2812 solum
911 2754 1078 2813 Deum
1130 2761 1481 2823 adorandum,
1536 2754 1815 2828 solumque

229 2823 538 2901 colendum,
562 2826 747 2901 illique
772 2829 869 2884 soli
896 2830 1236 2901 serviendum
1274 2831 1568 2901 praedicare
1613 2823 1813 2884 debue-

231 2902 355 2970 rant
380 2936 397 2959 ,
431 2904 487 2950 et
516 2897 617 2970 ipsi
652 2898 733 2952 eis
766 2915 825 2955 se
853 2901 1149 2956 servituros
1173 2897 1471 2966 fateantur,
1498 2915 1697 2970 easque
1724 2916 1816 2955 co-

227 2963 345 3041 l_an_t
393 2974 460 3041 et
486 2963 730 3033 adorent,
777 2980 830 3024 et
879 2987 1063 3026 earum
1104 2963 1503 3041 conteniptores
1542 2963 1814 3039 soliusque

230 3034 614 3135 Bcincultores
630 3054 921 3135 I"vero-sque
950 3042 1287 3135 aduratures,
1318 3034 1417 3097 'ob
1461 3034 1812 3135 eLarumvcon-
1838 3073 1884 3135 C

226 3113 517 3180 temptum,
547 3117 606 3180 et
630 3110 912 3167 hmretiCos
941 3110 1202 3180 judicent,
1254 3123 1308 3168 et
1354 3112 1812 3167 anathematizare

225 3175 503 3253 affectent.
563 3179 682 3253 U_no
720 3175 957 3252 namque
987 3190 1041 3236 et
1075 3175 1211 3251 pene
1236 3184 1351 3253 pari
1381 3185 1540 3237 modo
1584 3183 1815 3253 adoran-

225 3247 427 3302 dorum
454 3256 510 3304 et
537 3247 883 3323 colendorum
911 3247 1318 3308 simulacrorum
1345 3295 1359 3319 ,
1390 3254 1475 3308 vel
1502 3253 1680 3323 potius
1707 3251 1815 3307 da:-

226 3333 482 3392 moputn,
510 3328 564 3375 et
588 3319 892 3377 Gentilibus
915 3324 1274 3392 nequissimus
1300 3340 1429 3378 usus
1467 3319 1687 3379 inolevit
1713 3363 1727 3387 ,
1761 3329 1815 3376 ct

226 3388 519 3463 catholicis
571 3392 735 3463 (quod
780 3410 885 3447 non
936 3388 1051 3448 sine
1087 3395 1318 3463 quodam
1363 3395 1524 3447 animi
1580 3407 1821 3455 maerore

225 3461 634 3535 prosequimur)
687 3462 1081 3518 adorandarum
1107 3461 1423 3535 imaginum
1475 3463 1813 3535 ineptissim‘a

225 3532 568 3605 consuetudo
612 3532 872 3590 accrescit
895 3551 931 3605 ;_
962 3542 1015 3589 et
1045 3549 1133 3589 res
1182 3532 1263 3589 ad'
1302 3536 1444 3589 aliud
1471 3532 1715 3598 conditae,
1747 3534 1814 3589 ad

227 3600 384 3674 aliud
404 3602 657 3674 videntur
680 3600 969 3674 usurpatae.
1015 3605 1132 3659 Non
1176 3606 1318 3659 enim
1348 3622 1447 3665 nos
1476 3605 1735 3673 imagines
1756 3605 1814 3659 in

225 3671 472 3727 basilicis
492 3675 696 3746 positas
718 3671 858 3729 idola
881 3690 1270 3746 nuncupamus,
1288 3678 1381 3731 sed
1413 3690 1479 3730 ne
1509 3671 1651 3729 idola
1673 3690 1813 3729 nun-

229 3751 535 3822 cupentur,
575 3745 803 3800 adorare
847 3761 939 3802 eas
989 3756 1042 3800 et
1071 3745 1280 3822 'tcolere
1309 3748 1495 3816 eisque
1531 3746 1812 3800 servitium

227 3813 546 3936 appendere
576 3829 905 3879 recusamus,
939 3817 1192 3885 quoniam
1228 3813 1542 3887 plerumque
1570 3832 1675 3871 non
1702 3831 1809 3880 res,

371 3898 536 3936 causa
568 3885 649 3936 rei
680 3901 778 3936 pro
806 3888 1009 3936 scelere
1040 3895 1319 3936 reputatur
1348 3903 1362 3936 ε
1392 3888 1516 3936 dum
1567 3887 1809 3936 videlicet

371 3898 536 3938 causa
568 3885 649 3940 rei
680 3901 778 3955 pro
806 3888 1009 3941 scelere
1040 3885 1319 3955 reputatur
1348 3903 1362 3940 :
1392 3885 1516 3941 dum
1567 3887 1814 3941 videlicet

228 3952 419 4018 multa,
451 3955 647 4023 quibus
667 3952 804 4011 bene
824 3965 1002 4026 potest
1029 3952 1116 4011 uti
1132 3998 1146 4022 ,
1181 3957 1318 4011 male
1343 3972 1439 4011 usa
1477 3959 1530 4011 in
1553 3958 1812 4027 ﬂagitium

228 4032 664 4102 convertuntur;
694 4028 880 4096 sicque
903 4044 1007 4102 una
1037 4029 1329 4102 eademque
1355 4043 1441 4102 res
1480 4029 1618 4102 bene
1658 4036 1813 4087 uten-

228 4094 374 4148 tibus
418 4111 525 4149 non
569 4109 652 4151 est
707 4094 869 4153 causa
919 4099 1112 4167 piaculi
1142 4142 1156 4165 ,
1188 4094 1407 4152 et'male
1432 4100 1707 4153 utentibus
1729 4106 1813 4153 est

228 4177 397 4218 causa
430 4167 678 4239 periculi.
733 4168 973 4223 Sollicite
1018 4184 1146 4239 ergo
1196 4170 1602 4237 praicavendum
1628 4176 1729 4230 est,
1759 4176 1813 4222 et

228 4248 443 4289 summa
482 4237 744 4292 industria
802 4237 1201 4308 procurandum
1233 4280 1247 4302 ,
1300 4254 1367 4293 ne
1414 4241 1539 4293 dum
1594 4239 1811 4308 quidam

229 4314 544 4378 nostrorum
584 4309 845 4378 quasdam
883 4324 969 4364 res
987 4350 1000 4373 ,
1028 4309 1165 4363 ultra
1194 4323 1355 4378 quam
1376 4311 1509 4364 ordo
1530 4310 1807 4378 exposcit,

228 4376 529 4431 sublimare
578 4376 829 4434 a'ﬁ‘ectant
857 4422 872 4446 ,
929 4376 1280 4434 vetustissimi
1321 4378 1463 4433 illius
1510 4388 1564 4433 et
1599 4376 1809 4434 cariosi

228 4448 434 4502 erroris
473 4449 695 4504 redivivi
744 4428 872 4505 illis,
898 4451 1107 4505 cineres
1135 4449 1529 4513 convalescant,
1562 4458 1616 4503 et
1642 4450 1812 4504 victo-
1842 4428 1890 4489 Ῐ)

229 4518 369 4591 riam
399 4534 560 4587 quam
592 4521 644 4591 in
671 4535 861 4589 campo
885 4521 1062 4591 adepti
1090 4528 1215 4591 sunt
1239 4560 1253 4583 ,
1280 4520 1420 4574 intra
1442 4520 1591 4574 urbis
1612 4520 1808 4574 mmnia

227 4588 482 4660 perdant.
523 4610 542 4642 ι
572 4590 685 4645 Non
722 4588 832 4644 tam
875 4588 1041 4660 igitur
1073 4590 1273 4645 cultum
1322 4591 1616 4660 imaginum
1661 4591 1812 4643 dam-

230 4666 365 4731 nant
386 4658 613 4716 Carolus
657 4660 879 4731 Magnus
903 4658 974 4716 'et
1001 4660 1261 4717 Gallicani
1289 4658 1648 4731 Germanique
1676 4676 1814 4729 pree-

228 4729 409 4789 sules,
439 4746 601 4802 quam
647 4747 713 4785 ex
750 4729 900 4785 cultu
946 4731 1381 4802 superstitionem
1416 4729 1807 4796 reformidant;

230 4814 392 4854 usum
421 4801 708 4870 prohibere
744 4801 1343 4857 videntur’honorariae
1374 4802 1669 4872 imaginum
1719 4802 1814 4872 ad-

230 4873 519 4938 orationis,
557 4888 623 4926 ne
672 4873 871 4927 abusus
925 4873 1165 4935 oriatur,
1208 4872 1333 4926 dum
1360 4871 1605 4926 Ecclesia
1648 4871 1813 4926 variis

231 4943 668 4997 contentionibus
696 4944 1111 4998 distrahebatur.
1143 4942 1300 4997 Cultu
1336 4942 1626 5011 imaginum
1652 4957 1815 5011 quos-

232 5011 357 5082 dam
427 5014 564 5068 bene
630 5014 708 5066 uti
765 5028 923 5082 posse
978 5012 1252 5075 fatentur,
1310 5011 1569 5081 plurimos
1620 5013 1809 5077 abuti,

230 5081 461 5150 proinde
513 5084 581 5138 ab
618 5083 710 5139 illo
749 5081 1162 5149 abstinendum,
1199 5097 1319 5137 cum
1359 5082 1573 5137 occasio
1617 5082 1815 5150 piaculi

235 5154 531 5209 resecanda
567 5153 658 5209 sit.

306 5221 621 5295 Undecimo,
645 5225 783 5280 idem
808 5224 1076 5295 colligitur
1088 5238 1155 5279 ex
1175 5219 1618 5292 capite'vigesimo
1640 5228 1812 5277 sexto.

240 5310 259 5344 ι
293 5294 468 5361 Unde,
493 5296 688 5365 inquit,
718 5311 909 5366 magna
939 5294 1005 5350 ex
1040 5303 1194 5364 parte
1229 5306 1420 5366 errare
1463 5306 1555 5345 eos
1579 5301 1814 5366 constat,

239 5380 361 5419 cum
387 5380 479 5422 eas
504 5362 719 5423 sanctas
737 5362 855 5420 esse
869 5362 1135 5429 asserunt,
1150 5372 1204 5418 et
1225 5364 1277 5417 in
1297 5362 1429 5417 locis
1439 5362 1817 5419 contaminatis

237 5439 551 5514 statuendus
574 5452 693 5492 esse
714 5439 1024 5491 decernunt.
1051 5433 1286 5514 Patescit
1310 5447 1540 5514 namque
1561 5433 1821 5514 quodam-

240 5510 399 5563 modo
421 5510 477 5563 in
503 5510 607 5565 hoc
625 5523 809 5563 eorum
828 5522 1074 5570 censura,
1098 5506 1189 5576 qui
1205 5520 1297 5560 eas
1318 5505 1371 5557 in
1396 5505 1516 5570 viis,
1540 5519 1636 5559 seu
1658 5505 1713 5576 in
1735 5520 1821 5559 ur-

240 5579 388 5633 bium
421 5581 766 5648 vicorumque
795 5579 986 5648 plateis
1024 5575 1149 5647 poni
1173 5582 1517 5648 percensent,
1537 5576 1680 5648 quod
1702 5575 1819 5631 haec

240 5652 525 5707 sanctitate
539 5646 775 5712 careant,
795 5646 951 5705 sicuti
974 5656 1027 5702 et
1045 5655 1249 5711 carent,
1263 5661 1384 5701 cum
1406 5646 1611 5701 scilicet
1629 5647 1675 5701 si
1694 5661 1821 5701 san-

243 5730 339 5782 ctae
359 5737 483 5781 esse
507 5723 874 5789 crederentur,
905 5722 962 5777 in
981 5719 1115 5776 locis
1138 5717 1340 5776 sanctis
1367 5717 1492 5788 poni
1536 5732 1822 5776 censeren-

1920 1771 2027 1841 rit,
2050 1786 2137 1825 res
2176 1773 2435 1841 quasdam
2471 1789 2632 1828 sensu
2676 1784 2922 1830 carentes
2961 1778 3188 1833 adorare
3211 1776 3456 1831 nituntur
3485 1793 3502 1831 :

1917 1848 1973 1894 et
1997 1840 2125 1915 dum
2158 1840 2351 1915 putant
2371 1860 2430 1899 se
2472 1845 2526 1897 in
2555 1844 2841 1899 adorandis
2871 1846 3195 1914 imaginibus
3218 1848 3506 1915 quamdam

1918 1913 2118 1966 sanctis
2148 1908 2404 1969 exhibere
2443 1915 2876 1981 venerationem,
2924 1908 3024 1972 δοῙί
3073 1908 3268 1972 (Ιίνίηώ
3318 1919 3508 1971 adora-

1916 1982 2052 2035 tioni
2082 1985 2367 2052 quamdam
2414 1994 2706 2054 prorogant
2735 1987 3190 2042 communionem.
3230 1988 3365 2052 Quia
3413 1987 3510 2054 igi-

1917 2001 2052 2035 nom
2082 2001 2367 2052 quamaam
2414 2001 2706 2054 prorogant
2735 2001 3190 2042 communionem.
3230 2001 3365 2052 quia
3413 2003 3431 2039 ι
3470 2003 3508 2040 ι-

1916 2060 2006 2127 tur
2036 2054 2357 2127 solusDeus
2376 2057 2697 2127 adorandus,
2739 2064 3007 2127 martyres
3053 2073 3201 2123 vero,
3233 2057 3318 2111 vel
3347 2001 3508 2126 (ιιιίῗὶ-

1916 2122 2012 2196 bet
2032 2124 2223 2189 sancti,
2256 2125 2546 2196 venerandi
2573 2122 2754 2195 potius
2782 2122 2897 2181 sint
2938 2142 3101 2196 quam
3139 2122 3420 2193 adorandi,
3452 2133 3509 2181 et

1916 2192 1972 2245 in
1999 2193 2102 2266 hoc
2127 2209 2292 2263 opere
2312 2193 2426 2263 jam
2449 2192 2684 2251 diximus
2727 2204 2781 2252 et
2808 2192 3009 2266 egregii
3039 2198 3274 2252 doctoris
3314 2192 3509 2251 Hiero-

1915 2264 2066 2336 nymi
2077 2266 2435 2336 documentis
2482 2264 2861 2322 roborandum'
2893 2264 3017 2322 est:
3059 2268 3151 2336 qui
3198 2269 3324 2323 dum
3377 2282 3509 2322 con-

1917 2335 2371 2407 tra‘Vigilantium
2398 2338 2685 2406 quemdam
2714 2337 3047 2402 haereticum,
3077 2335 3183 2407 iqui
3207 2344 3507 2407 martyrum

1914 2403 2168 2476 reliquias
2190 2403 2529 2476 nequaquam
2558 2409 2770 2463 dicebat
2798 2422 2917 2463 esse
2958 2403 3310 2472 venerandas,
3350 2403 3507 2462 'scri-

1915 2475 2101 2548 heret,
2130 2476 2270 2529 inter
2292 2484 2485 2531 cetera
2510 2478 2586 2531 ait
2615 2496 2627 2532 :
2668 2496 2687 2529 ι
2725 2477 2857 2545 Quis
2877 2492 3134 2548 unquam,
3190 2493 3223 2533 ο
3253 2478 3505 2548 insanum

1915 2547 2105 2619 caput!
2132 2554 2396 2617 martyres
2423 2548 2701 2602 adoravit?
2736 2567 2755 2600 ι
2794 2549 2851 2603 Si
2878 2545 3006 2619 ergo
3033 2549 3325 2619 secundum
3357 2545 3505 2619 ejus-

1915 2613 2037 2669 dem
2059 2613 2403 2689 sententiam,
2435 2626 2702 2689 martyres
2724 2634 2832 2674 non
2861 2613 3173 2683 addrantur,
3198 2618 3371 2672 multo
3387 2613 3504 2672 ini-

1915 2699 2019 2757 [Ius
2066 2701 2251 2741 eorum
2298 2687 2638 2757 ima'gines‘a
2672 2688 2918 2744 ﬁdelibus
2956 2690 3242 2744 adoranda:
3275 2694 3439 2757 sunt._
3478 2705 3499 2740 ι

1917 2753 2044 2828 Solo
2074 2758 2262 2828 itaque
2282 2753 2619 2828 adorationis
2646 2759 2905 2814 vocabulo
2944 2759 3204 2815 Gallicani
3247 2755 3506 2828 praesules

1916 2834 1970 2896 et
1994 2825 2217 2882 Carolus
2249 2827 2471 2896 Magnus
2513 2828 2948 2896 oﬂ'endebantur;
2981 2825 3382 2884 veneratio—nem
3418 2842 3507 2882 re-

1916 2895 2161 2967 ligiosam
2221 2895 2546 2966 imaginibus
2620 2899 2853 2954 delatam
2924 2915 3033 2955 non
3099 2900 3505 2968 impugnabant,

1916 2969 2161 3034 quamvis
2190 2983 2253 3023 ea
2278 2969 2587 3039 inferiorem
2616 2984 2736 3025 esse
2778 2970 2978 3026 vellent
3023 2984 3142 3038 qua:
3176 2968 3508 3039 martyribus

1913 3045 1970 3092 et
1999 3054 2186 3093 eorum
2222 3038 2462 3107 reliquiis
2499 3040 2802 3105 exhibetur,
2850 3041 2959 3096 imo
3005 3054 3069 3095 ea
3117 3054 3224 3108 qua
3260 3038 3386 3094 vasa
3414 3051 3503 3092 sa-

1916 3109 2173 3164 cerdotali
2224 3111 2630 3165 consecratione
2674 3110 3025 3166 sanctiﬁcata.
3072 3107 3286 3164 Medum
3341 3107 3508 3178 igitur

1914 3178 2165 3248 loquendi
2187 3181 2366 3250 potius
2392 3181 2746 3250 repudiabant
2783 3197 2944 3250 quam
2991 3195 3105 3235 rem
3135 3180 3326 3250 ipsam,
3366 3176 3507 3250 unde

1914 3264 2016 3321 nec
2049 3259 2266 3306 sanctas
2297 3249 2427 3305 dici.
2456 3249 2722 3321 imagines
2763 3249 3124 3321 patiebantur,
3149 3249 3162 3321 ς
3174 3252 3269 3321 sed
3329 3249 3502 3321 solum

1914 3320 2175 3390 imagines
2205 3328 2535 3377 sanctorum.
2574 3317 2631 3374 Ἀ
2681 3317 2883 3377 ϐτεὶοίε
2937 3322 2992 3375 in
3040 3319 3202 3376 modo
3249 3317 3504 3388 loquendi

1914 3390 2318 3456 dissentiebant,
2372 3391 2428 3444 in
2459 3407 2519 3446 re
2551 3406 2660 3445 non
2688 3391 2764 3445 ita
2816 3410 2828 3444 :
2875 3399 3107 3445 mentem
3154 3405 3339 3444 eorum
3393 3402 3504 3442 non

1913 3461 2375 3532 assequebantur:
2420 3462 2876 3532 superstitionem,
2940 3471 2998 3532 ut
3041 3461 3321 3532 putabant,
3376 3473 3504 3513 cum

1913 3531 2207 3600 imaginum
2238 3529 2851 3599 religiosa—veneratione
2881 3530 3247 3599 conjunctam,
3274 3529 3502 3583 damna-

1913 3600 2062 3667 bant,
2095 3616 2200 3653 non
2234 3601 2403 3669 ipsam
2450 3603 2848 3657 venerationem
2896 3617 2995 3671 per
3038 3616 3097 3654 se
3150 3605 3498 3671 tspectatam:

1913 3671 2118 3725 cultum
2145 3671 2468 3737 absolutum,
2501 3687 2608 3741 quo
2634 3686 2721 3725 res
2748 3669 2969 3741 propter
2993 3686 3051 3726 se
3080 3669 3359 3741 coluntur_;
3391 3683 3502 3741 non

1893 3742 2292 3810 'respectivum,
2328 3758 2434 3810 quo
2481 3737 2702 3812 propter
2735 3737 2877 3812 aliud
2910 3743 3261 3812 honorantur.
3312 3737 3504 3812 Sanci-

1914 3819 2030 3865 tum
2058 3827 2188 3866 vero
2215 3810 2645 3883 cristimantesa
2671 3811 2876 3883 synodo
2897 3812 3131 3883 Nicaena,
3160 3818 3222 3864 ut
3240 3810 3503 3883 imagines

1912 3897 2011 3951 per
2034 3898 2153 3937 sese
2182 3882 2503 3948 colerentur,
2536 3892 2592 3939 et
2635 3879 2899 3952 quatenus
2947 3882 3210 3936 artel‘acta
3254 3879 3501 3952 quagdam

1912 3965 2055 4024 sunt,
2090 3961 2143 4008 et
2166 3968 2351 4007 earum
2382 3954 2460 4008 sic
2494 3950 2853 4024 spectatarum
2883 3953 3258 4024 adorationem
3286 3966 3318 4004 a
3347 3950 3494 4024 Gue-

1911 4025 1991 4079 cis
2018 4022 2364 4093 frequentari,
2402 4020 2602 4093 passim
2629 4024 2758 4079 illud
2794 4023 3080 4088 inculcant,
3119 4022 3261 4092 quod
3303 4036 3390 4093 res
3417 4020 3502 4074 in-

1912 4091 2139 4150 sensatzc
2170 4093 2381 4149 adorari
2402 4091 2515 4150 non
2546 4094 2797 4150 debeant.
2830 4093 2985 4149 Falsa
3017 4093 3104 4147 illa
3136 4091 3505 4162 Suppositioue

1910 4164 2103 4219 nititur
2132 4165 2312 4234 inepta
2344 4166 2726 4234 consequentia
2748 4179 2909 4234 quam
2941 4166 3143 4219 ducunt
3175 4180 3242 4218 ex
3276 4176 3503 4234 venera-

1912 4236 2059 4290 tione
2083 4230 2331 4305 imaginis
2368 4237 2427 4289 Β.
2462 4230 2750 4306 Virginem;
2765 4230 2939 4306 asello
2985 4248 3353 4306 cum_puero“
3367 4230 3501 4306 Jesu

1911 4313 2177 4375 gestatam
2195 4300 2658 4374 repraesentan'tis,
2689 4304 3017 4375 adorandam
3039 4300 3245 4375 scilicet
3273 4300 3503 4370 elIigiem

1912 4372 2154 4445 pecudis,
2186 4376 2230 4429 si
2261 4372 2371 4429 tota
2396 4377 2689 4431 honoretur
2720 4376 2917 4444 imago.
2953 4372 3010 4427 Id
3035 4374 3179 4427 enim
3205 4386 3391 4445 verum
3417 4386 3504 4426 es-

1914 4442 2015 4512 set,
2047 4447 2091 4500 si
2123 4446 2342 4514 imagini
2364 4455 2582 4516 propter
2626 4462 2685 4501 se
2717 4453 2771 4501 et
2814 4442 3021 4516 ratione
3049 4442 3290 4516 materiae
3330 4456 3395 4495 ac
3417 4456 3504 4496 co-

1915 4517 2092 4571 lorum
2113 4513 2511 4584 impenderetiir
2540 4517 2845 4580 veneratio;
2879 4515 2972 4569 sed
2995 4528 3117 4584 cum
3150 4513 3358 4584 ratione
3384 4526 3504 4584 pro:

1918 4587 2107 4657 totypi,
2136 4580 2344 4642 scilicet
2371 4586 2430 4657 Β.
2458 4587 2693 4656 Virginis
2718 4586 2952 4657 colatur,
2976 4583 3199 4652 ejusque
3228 4583 3403 4657 honor
3433 4580 3501 4634 ad

1915 4658 1974 4711 B.
2000 4650 2282 4727 Virginem
2320 4650 2603 4722 referatur,
2655 4664 2767 4710 tota
2802 4670 2908 4727 non
2940 4650 3258 4718 honoratur,
3281 4650 3501 4727 pedum

1916 4722 2132 4782 animal:
2160 4728 2370 4783 Falsam
2398 4727 2813 4796 suppositionem
2835 4725 2993 4796 allata
3015 4740 3080 4779 ex
3102 4737 3221 4796 c_ap.
3242 4722 3502 4796 vigesimo

1914 4799 2088 4868 primo
2144 4799 2265 4853 libri
2312 4792 2697 4869 quarti-verba
2739 4794 3081 4869 produnt._¢_
3107 4792 3243 4848 Cum
3285 4806 3412 4861 ergo
3446 4792 3501 4846 in

1915 4864 2154 4939 quolibet
2182 4864 2375 4923 horum
2411 4868 2588 4939 imago
2633 4873 2830 4939 sanctae
2880 4864 3115 4934 Virginis
3141 4877 3369 4939 puerum
3421 4869 3502 4916 te-

1916 4932 2069 5005 nens,
2106 4939 2344 5009 pecualis
2388 4932 2679 5009 animantis
2729 4942 2878 5009 tergo
2928 4932 3173 5009 suscepta
3226 4932 3497 5009 adoratur,

1916 5001 2157 5080 nunquid
2184 5025 2290 5065 non
2320 5010 2487 5079 ipsius
2515 5006 2803 5080 animantis
2817 5001 2954 5080 'cu_m
2999 5020 3063 5060 ea
3086 5001 3281 5080 :imago
3312 5001 3504 5080 adora-

1918 5088 2024 5145 tur,
2048 5072 2199 5135 nullo
2230 5072 2371 5135 enim
2396 5087 2554 5148 pacto
2596 5078 2649 5130 in
2681 5074 2953 5148 adorando
3005 5072 3285 5148 utriusque
3314 5072 3506 5143 imagi-

1919 5153 2021 5216 nis,
2056 5151 2292 5221 Virginis
2333 5146 2597 5221 Videlicet,
2627 5148 2739 5201 sive
2775 5146 3086 5221 animantis,
3127 5146 3376 5221 quadam
3404 5160 3505 5216 po-

1920 5228 2025 5277 test
2054 5216 2180 5275 lieri
2198 5219 2513 5289 diremptio;
2546 5216 2849 5289 praesertim
2878 5232 2999 5270 cum
3049 5216 3210 5289 unius
3242 5216 3350 5271 sint
3393 5230 3507 5272 ma-

1918 5293 2087 5357 terizc,
2131 5305 2347 5359 unoque
2370 5285 2613 5343 artiﬁcis
2675 5285 2889 5359 ingenio
2952 5286 3356 5355 compaginatae,
3408 5293 3505 5343 aut

1918 5363 2201 5484 utriusque
2229 5357 2470 5416 adoratio
2507 5368 2591 5415 est
2617 5357 2938 5428 spernenda,
2969 5363 3063 5411 aut
3092 5364 3334 5428 utrmque
3376 5365 3504 5414 sunt

1920 5448 1950 5484 a
1990 5447 2121 5484 oran
2160 5447 2225 5484 ω.
2264 5450 2284 5483 ι

1920 5433 2225 5487 adorandze.
2264 5450 2284 5483 ι

1990 5500 2307 5571 Respondeo
2336 5499 2587 5571 secundo,
2618 5497 2686 5554 ad
2714 5496 2973 5571 majorem
3018 5512 3203 5552 eorum
3248 5514 3367 5569 qua:
3398 5497 3503 5555 hoc

1919 5574 1976 5630 in
2029 5568 2366 5642 paragrapho
2413 5569 2526 5642 jam
2583 5571 2836 5642 diximus,
2884 5568 3315 5635 illustrationem,
3362 5570 3503 5642 inter

1920 5639 2223 5701 Gallicanos
2258 5639 2537 5712 'przesules
2584 5649 2639 5696 et
2688 5639 2907 5695 Graacos
2940 5639 3502 5712 quaestionempotius

1920 5715 2089 5772 luisse
2109 5713 2177 5772 de
2200 5710 2361 5771 modo
2388 5712 2718 5771 adorationis
2736 5727 2900 5784 quam
2923 5710 2991 5769 de
3024 5727 3083 5768 re
3113 5713 3246 5781 ipsa.
3267 5710 3379 5767 Hoc
3393 5717 3495 5777 est,
