3990 6302
559 278 665 342 Μ

1452 276 1514 332 n.
1553 274 1806 334 cauom
1840 271 2058 332 ιίΑαΝι
2087 271 2242 332 ore.
2281 272 2461 332 rans
2497 274 2562 333 ιι.
2603 273 2846 350 suam)
2879 273 2942 330 ιι.

3707 280 3816 340 988

557 396 890 457 venerandae
912 393 1172 465 imagines
1195 393 1588 465 fatebanturet
1627 391 1766 448 Galli
1807 389 2000 465 nostri,
2039 389 2136 448 sed
2161 396 2216 460 Α
2237 391 2506 465 contraire
2531 405 2610 455 se,
2639 390 2883 460 quisquis
2924 403 3015 446 eas
3049 387 3266 462 frangit,
3294 390 3380 456 vel
3403 389 3617 457 adorat,
3651 397 3823 454 modis

556 485 668 527 non
695 485 760 524 eo
803 468 962 523 modo
1011 459 1170 535 quem
1201 472 1453 519 sanxerat
1507 463 1722 535 Niczena
1771 459 2025 535 synodus,
2082 465 2138 516 et

555 555 718 612 quem
767 538 939 594 Gnaei
971 532 1414 612 frequentabant,_
1435 534 1638 612 scilicet
1666 532 2130 612 ingeniculatione,

555 601 842 666 inflexione
880 601 1088 677 capitis,
1119 606 1335 677 osculis,
1378 601 1834 677 thymiamatibus,
1861 601 2138 677 luminari-

554 683 658 737 bus
678 697 860 736 coram
882 675 1140 733 accensis.
1167 675 1484 745 Quanquam
1507 675 1650 730 enim
1673 675 1788 730 haec
1801 677 1952 743 signa
1973 675 2138 727 hono-

555 754 634 806 ris
655 751 936 806 arbitraria
957 763 1203 802 essenon
1237 748 1526 811 nescirent,
1571 754 1624 800 et
1667 745 1747 798 vel
1789 761 1910 800 eum
1953 745 2138 798 adora-

556 822 702 877 tione
724 822 908 883 latriae,
943 819 1023 873 vel
1057 834 1179 872 cum
1221 819 1367 872 cultu
1415 818 1661 887 religioso
1702 815 1973 887 inferioris
1997 814 2137 887 ordi-

555 893 662 958 nis,
693 891 776 946 vel
797 891 958 943 etiam
982 904 1104 943 cum
1129 905 1276 942 mere
1296 889 1439 943 civili
1467 884 1808 942 veneratione
1848 884 2131 958 conjungi;

556 953 832 1030 Deumque
868 958 1081 1016 adorari
1114 959 1170 1013 in
1195 959 1384 1028 spiritu
1426 967 1478 1014 et
1501 958 1744 1030 veritate,
1789 965 1842 1010 et
1883 971 1989 1030 non
2025 953 2135 1030 _coli

555 1031 657 1086 nisi
699 1026 881 1085 amore
911 1044 1072 1098 super
1113 1026 1310 1093 omnia,
1343 1031 1398 1085 in
1437 1045 1544 1099 quo
1574 1029 1746 1098 posita
1781 1035 1863 1082 est
1889 1026 1988 1081 soli
2025 1026 2134 1099 [_lco

553 1101 729 1175 debita
751 1096 1019 1175 servitus:
1051 1101 1178 1169 quia
1215 1109 1398 1175 tamen
1513 1096 1648 1175 ritus
1688 1099 1743 1153 in
1781 1107 2018 1175 externo
2040 1096 2134 1175 I_)ei

553 1172 698 1227 cultu
723 1163 1141 1236 adhiben'tuﬂet
1162 1171 1428 1240 praecipue
1453 1173 1506 1226 in
1543 1171 1823 1225 incruento
1847 1163 2128 1240 sacrificio,

551 1241 814 1296 timebant
846 1257 914 1296 ne
953 1238 1444 1311 flerent—imperitis
1485 1241 1685 1295 erroris
1728 1240 1960 1304 occasio,
1986 1238 2056 1311 _si
2079 1239 2135 1290 in

550 1312 846 1379 imaginum
881 1328 1092 1382 quoque
1113 1307 1453 1367 veneratione
1476 1311 1965 1382 frequentarentur.
1986 1307 2134 1382 Ipsos

551 1378 730 1436 autem
758 1378 1419 1444 maxime'commovebat,
1465 1378 1607 1452 quod
1649 1381 1862 1436 Nic:ena
1897 1378 2135 1452 synodus

551 1455 893 1508 anathemate
925 1455 1219 1522 perculisse
1239 1448 1510 1508 videretur
1534 1469 1624 1508 eos
1647 1454 1737 1521 qui
1761 1451 1830 1505 ab
1851 1448 1953 1522 hac
1971 1448 2136 1503 disci-

548 1523 694 1592 plina
743 1521 1115 1579 abhorrerent.
1169 1543 1187 1575 ‹
1239 1524 1295 1578 Si
1325 1526 1465 1593 quis,
1499 1524 1690 1592 inquit,
1719 1521 1982 1589 imagines
2023 1534 2134 1593 non

550 1589 864 1649 salutaverit
922 1594 976 1647 in
1041 1595 1256 1650 nomine
1303 1589 1511 1648 Domini
1557 1589 1610 1648 et
1651 1601 1960 1648 sanctorum
1995 1589 2130 1660 ejus,

545 1665 834 1728 anathema
857 1665 947 1720 sit.
981 1666 1143 1726 ».Vel,
1170 1665 1460 1720 secundum
1485 1665 1759 1734 antiquam
1781 1662 2089 1734 versionem
2116 1678 2130 1714 :

555 1755 574 1784 ε
608 1735 662 1788 Si
697 1736 818 1803 quis
839 1751 947 1790 non
977 1735 1252 1791 osculatur
1275 1737 1387 1794 has.
1421 1732 1676 1804 tanquam
1701 1735 1755 1787 in
1779 1733 2006 1804 nomine
2037 1732 2137 1786 Do-

548 1805 680 1859 mini
705 1815 757 1859 et
780 1815 1087 1861 sanctorum
1123 1803 1238 1875 ejus
1279 1807 1465 1869 factas,
1492 1803 1777 1859 anathema
1819 1803 1909 1858 sit.
1943 1823 1960 1854 ›
1988 1803 2136 1872 Ipsos

548 1879 922 1946 commovebat
945 1877 1163 1946 pariter,
1191 1876 1333 1946 quod
1359 1877 1684 1945 Epiphanius
1723 1875 2002 1946 diaconus,
2045 1889 2136 1928 ac-

549 1945 696 2018 tione
727 1947 777 2011 6,
807 1945 1095 2015 plaudente
1135 1945 1356 2018 synodo,
1379 1955 1623 2002 voeasset
1663 1961 1758 2002 eos
1797 1945 2130 2018 semimares,

548 2017 640 2085 qui
663 2014 950 2072 dicebant:
995 2037 1012 2069 ι
1053 2014 1365 2088 Imaginales
1406 2018 1752 2072 formationes
1795 2014 2038 2088 sufficere
2078 2014 2134 2088 in

548 2082 1114 2144 commemorationem
1141 2082 1347 2144 tantum
1387 2089 1593 2152 haberi,
1633 2096 1686 2143 et
1726 2102 1834 2141 non
1875 2086 2036 2139 etiam
2063 2082 2134 2136 ad

548 2157 946 2227 salutationem.
987 2181 1004 2211 ι
1035 2161 1184 2214 Licet
1211 2169 1389 2214 autem
1424 2161 1537 2213 haec
1559 2159 1838 2227 disciplina
1877 2153 2068 2209 fuisset
2101 2169 2134 2208 a

548 2225 798 2301 Ifatribus
829 2229 1056 2285 Niczena:
1089 2231 1276 2301 synodi
1303 2229 1371 2284 ad
1393 2245 1587 2301 novam
1614 2225 1862 2301 liceresim
1887 2240 2136 2301 coerceri-

549 2297 674 2352 dam
697 2301 1035 2355 sanctissime
1067 2295 1376 2366 constituta,
1408 2300 1667 2355 Gallicani
1699 2307 1880 2353 tamen
1911 2295 2133 2350 Germa-

550 2372 713 2443 nique
734 2371 987 2443 episcopi,
1021 2375 1108 2442 qui
1153 2371 1355 2443 synodo
1386 2385 1493 2425 non
1515 2369 1911 2443 interfuerant,
1949 2381 2048 2420 nec
2070 2380 2132 2419 ea

549 2437 617 2493 de
647 2455 707 2494 re
736 2437 945 2495 fuerant
974 2437 1068 2511 per
1090 2437 1297 2498 litteras
1341 2442 1590 2506 consulti,
1621 2455 1726 2511 non
1769 2439 2132 2511 putabant_ca

549 2523 609 2564 se
633 2513 854 2583 astringi
879 2507 1055 2581 posse,
1082 2522 1135 2568 et
1157 2527 1392 2583 przeceps
1425 2513 1556 2583 ipsis
1596 2507 1877 2564 videbatur
1911 2507 2132 2583 an_ath_c—

550 2593 657 2662 ma,
683 2577 827 2664 quod
848 2577 901 2636 in
936 2600 1028 2664 eos
1054 2577 1267 2664 extendi
1430 2577 1668 2664 deberet,
1701 2595 1932 2664 quorum
1956 2577 2135 2664 Eccle-

550 2651 634 2728 sia
650 2646 784 2707 alios
804 2669 984 2728 mores
1005 2656 1254 2728 habebat,
1279 2655 1548 2722 aliamque
1581 2646 1920 2728 disciplinam
1950 2667 1964 2728 :
1993 2646 2134 2728 Galli

549 2722 692 2775 enim
743 2731 799 2778 et
850 2725 1121 2788 Germani,
1175 2725 1402 2779 duorum
1447 2722 1797 2778 conciliorum
1847 2722 2133 2775 contrariis

545 2789 946 2849 definitionibus
981 2796 1200 2858 turbati,
1233 2796 1360 2849 hinc
1394 2791 1999 2862 Constantinopolitanae
2025 2791 2135 2843 ico-

545 2865 953 2935 nomachorum,
1003 2881 1124 2935 quae
1174 2865 1434 2932 imagines
1475 2879 1539 2920 ex
1583 2859 1825 2935 ecclesiis
1867 2859 2128 2935 eiecerat;

545 2931 691 2987 illim:
747 2934 990 2998 Nir-aanae,
1019 2931 1156 3006 ‘qua:
1205 2931 1336 3004 ipsis
1377 2935 1720 2990 honorarium
1756 2932 2132 3006 adorationem

545 3007 878 3069 decreverat,
929 3013 982 3059 et
1035 3005 1384 3071 Salutatione,
1429 3005 1892 3076 thymiamatibus,
1945 3016 2133 3076 cereo-

545 3087 664 3146 rum
681 3076 1020 3141 acccnsione,
1053 3077 1190 3132 hanc
1218 3073 1508 3146 significari
1533 3076 1614 3131 vel
1644 3073 1898 3146 jusserat,
1935 3073 2020 3127 vel
2042 3087 2132 3146 ap-

544 3143 884 3218 probaverat,
907 3149 1136 3201 mediam
1173 3143 1312 3202 viain
1355 3149 1582 3218 elegere,
1625 3143 1798 3200 donec
1837 3145 1930 3198 lux
1958 3143 2132 3218 major

547 3217 795 3289 tenebras
821 3216 1093 3272 discussit.
1129 3219 1392 3289 Imagines
1439 3214 1645 3289 scilicet
1684 3231 1860 3289 neque
1895 3214 2129 3289 confrinf

544 3285 964 3359 gelidasgnequc
984 3285 1284 3344 adorandus
1314 3288 1453 3359 apud
1486 3305 1544 3344 se
1586 3285 1996 3359 constituerunt,
2043 3285 2130 3359 vel

542 3355 720 3424 potius
743 3358 810 3411 ab
835 3355 1058 3429 antiquo
1079 3355 1451 3425 constitutum,
1495 3369 1548 3415 et
1581 3375 1610 3413 a
1652 3367 1838 3412 sancto
1867 3356 2130 3427 Gregorio

543 3439 737 3493 magno
764 3431 1139 3485 confirmatum
1169 3432 1529 3486 Ecclesiaruin
1561 3444 1779 3485 suarum
1809 3443 2014 3484 morem
2045 3444 2132 3484 re—

542 3496 770 3572 tinuere.
797 3499 851 3552 ld
875 3509 1020 3570 patet
1043 3517 1108 3557 ex
1134 3515 1253 3572 cap.
1284 3503 1542 3568 vigesimo
1579 3501 1737 3556 tertio
1763 3500 1883 3572 libri
1907 3499 2127 3572 secundi

543 3563 801 3648 (ξειι-υιὶιιίἶ
826 3589 843 3619 ‹
874 3563 1136 3648 imagines
1157 3563 1304 3639 sane,
1330 3563 1536 3648 inquit,
1562 3586 1788 3648 quarum
1833 3570 2132 3648 insolentis-

543 3639 693 3708 sima:
737 3639 1062 3698 adorationis
1115 3660 1268 3699 amor
1315 3639 1666 3700 Constantino
1706 3649 1762 3695 et
1811 3641 1970 3695 matri
2015 3639 2131 3708 ejus

541 3707 727 3776 lrenzc,
767 3729 974 3768 necnon
1021 3723 1074 3769 et
1115 3716 1338 3772 Tarasio
1387 3711 1978 3782 Constantinopolitano
2017 3707 2132 3781 epi-

543 3794 722 3861 εςορρ,
755 3785 1066 3861 exercenda:
1109 3788 1297 3861 synodi
1340 3805 1506 3861 causa
1531 3781 1754 3861 exstitit,
1780 3799 1809 3861 a
1926 3781 2132 3852 Grego-

545 3851 625 3924 rio
648 3851 902 3911 Romana:
923 3857 1073 3911 urbis
1095 3851 1334 3913 antistite
1373 3869 1425 3913 et
1446 3857 1655 3913 adorari
1696 3851 2055 3924 prohibentur
2076 3861 2132 3908 et

546 3918 738 4001 frangi,
765 3933 867 4001 etc.
893 3947 928 4001 _D
958 3928 1024 3980 Et
1046 3930 1328 3984 recensitis
1367 3931 1535 3984 sancti
1569 3918 1814 4001 Gregorii
1854 3926 2034 3979 verbis
2075 3926 2129 4001 in

547 3997 772 4059 cpistola
795 3997 862 4048 ad
886 3997 1168 4062 Serenum,
1196 4001 1268 4053 ita
1292 4001 1563 4056 concludit
1589 4017 1600 4051 :
1634 4019 1648 4047 ‹
1679 3999 1814 4050 Ιιζροο
1839 4012 1945 4064 quo
1968 3998 2131 4065 magi-

547 4066 732 4140 sterio,
763 4080 934 4140 quove
962 4067 1284 4140 documento
1306 4069 1592 4124 venerandi
1617 4067 1882 4136 pontificis
1903 4068 2123 4140 imbuti,

551 4135 808 4202 imagines
831 4137 884 4190 in
905 4139 1144 4193 ecclesiis
1167 4141 1366 4196 habere
1387 4158 1492 4194 non
1514 4135 1808 4202 renuimus,
1825 4139 1918 4191 sed
1939 4149 2128 4193 earum

549 4200 912 4263 adorationem
969 4224 1189 4279 prorsus
1250 4211 1561 4267 abdicamus
1605 4229 1616 4264 :
1670 4200 1825 4278 cujus
1871 4208 2128 4265 institutis

2239 463 2491 520 omnibus
2513 469 2884 530 recognoscat.
2926 479 2945 513 ι

2309 533 2377 587 Ει
2401 548 2518 603 cap.
2551 533 2825 607 trigesimo
2845 531 3039 607 primo,
3056 530 3680 607 utramqueﬁrzewrum
3703 553 3823 607 syn.

2236 605 2399 660 odum
2416 645 2431 670 ,
2466 601 2719 676 primam
2765 611 2954 676 contra
2967 673 2985 676 _
2997 601 3260 676 imagines
3272 673 3285 676 _
3311 601 3817 676 _Constantinopoli,

2237 676 2461 729 alteram
2491 672 2591 744 pro
2625 675 2944 797 imaginibus
2967 672 3158 727 Niczete
3200 673 3439 728 habitam
3482 672 3820 746 comparans,

2237 746 2356 797 haec
2396 745 2593 797 habet:
2634 764 2652 795 ι
2705 743 2782 797 lli
2819 760 2911 797 eas
2957 742 3332 797 convellendas
3379 753 3546 797 atoue
3587 760 3820 797 conti-m-

2237 746 2356 802 haac
2396 742 2593 800 habet:
2634 764 2652 795 ι
2705 742 2782 798 Illi
2819 760 2911 799 eas
2957 742 3332 814 convellendas
3379 753 3546 814 atque
3587 742 3824 804 contem;

2239 815 2442 870 nendas
2464 831 2582 872 esse
2601 825 2928 871 censuerunt
2948 817 3016 869 ab
3045 813 3287 869 Ecclesia
3329 813 3592 884 perpetua
3623 819 3824 873 abdita.

2238 887 2383 942 tione
2407 903 2420 940 :
2455 887 2542 941 isti
2570 903 2662 942 eas
2692 902 2800 941 non
2825 887 2997 941 solum
3030 885 3322 949 habendas,
3347 889 3714 942 verumctiam
3743 907 3824 944 ιε-

2236 958 2503 1012 nerandas
2531 957 2746 1012 student
2768 957 2992 1027 supplici
3024 955 3354 1027 adoratione.
3395 955 3477 1010 Illi
3528 974 3626 1012 eas
3685 975 3826 1014 nian-

2235 1029 2485 1098 cipavere
2523 1026 2912 1098 crepitantibus
2952 1026 3164 1098 ignibus
3189 1045 3200 1079 :
3229 1026 3314 1081 isti
3345 1027 3624 1084 honorant
3653 1028 3824 1084 odori-

2236 1096 2366 1154 feris
2380 1096 2836 1169 thymianiatibus.
2853 1098 2930 1151 llli
2948 1096 3040 1152 cas
3051 1096 3377 1169 effugiebant
3391 1099 3561 1152 etiam
3577 1115 3820 1155 eernere:

2237 1169 2326 1224 isti
2351 1165 2458 1223 non
2481 1178 2695 1224 cessant
2726 1169 2995 1238 amplecti.
3045 1169 3122 1221 Illi
3166 1165 3401 1222 effodere
3440 1169 3510 1222 ad
3544 1187 3824 1225 ornamen-

2236 1249 2352 1294 tum
2386 1241 2627 1295 ecclesiie
2657 1239 2891 1309 antiquis
2925 1239 3244 1294 constitutas
3275 1239 3328 1292 in
3355 1239 3662 1308 parietibus
3691 1260 3702 1293 :
3741 1242 3822 1296 Isti

2237 1327 2408 1380 nuper
2445 1312 2689 1366 conditas
2735 1311 2929 1366 oblatis
2976 1309 3303 1380 perlustrant
3343 1309 3822 1366 luminat-ibuleli

2237 1397 2330 1438 cas
2358 1383 2644 1437 studebant
2672 1397 2895 1452 prorsus
2922 1380 3219 1434 abominari
3248 1398 3260 1432 :
3299 1380 3390 1452 Isti
3423 1382 3682 1436 sanciunt
3716 1399 3824 1436 om-

2235 1453 2364 1507 nino
2394 1453 2645 1508 osculari.
2684 1451 2760 1506 llli
2785 1452 3312 1506 anathematizabant
3348 1451 3661 1507 habentes:
3693 1453 3776 1506 isti
3797 1469 3825 1506 e

2235 1525 2507 1578 contrario
2539 1538 2646 1578 non
2677 1521 2983 1578 adorantes.
3021 1520 3150 1588 Qua:
3175 1519 3282 1575 duo
3319 1521 3458 1574 mala
3488 1538 3616 1577 cum
3671 1523 3825 1577 alter-

2235 1603 2416 1648 utrum
2445 1595 2548 1648 sibi
2569 1593 2838 1649 contraria
2869 1593 3000 1656 sint,
3033 1600 3087 1645 et
3106 1607 3136 1646 a
3156 1599 3306 1646 recto
3331 1593 3552 1648 tramite
3576 1603 3786 1648 remota
3806 1633 3820 1659 ,

2239 1672 2408 1720 restat
2448 1665 2604 1718 nobis
2627 1673 2686 1720 ut
2727 1664 2867 1718 viam
2899 1663 3121 1733 regiam,
3168 1660 3464 1718 secundum
3509 1661 3823 1732 Apostolum

2235 1734 2564 1859 gradientes,
2589 1751 2763 1804 neque
2803 1733 2869 1788 ad
2894 1733 3191 1798 dexteram,
3221 1748 3398 1801 neque
3438 1733 3508 1788 ad
3552 1736 3820 1789 sinistram

2273 1806 2603 1859 eclinemns:
2637 1814 2697 1859 ut
2734 1822 2832 1859 nec
2872 1821 2994 1859 cum
3044 1805 3148 1858 illis
3173 1818 3397 1859 prorsus
3425 1803 3722 1858 abolendas
3742 1804 3820 1858 di-

2273 1806 2603 1861 eclinemus:
2637 1803 2697 1862 ut
2734 1822 2832 1861 nec
2872 1821 2994 1860 cum
3044 1805 3148 1858 illis
3173 1818 3397 1872 prorsus
3425 1803 3722 1858 abolendas
3742 1804 3820 1858 di-

2229 1875 2552 1945 judiccmus,
2604 1891 2704 1932 nec
2752 1891 2873 1931 cum
2916 1877 3034 1931 istis
3082 1872 3382 1945 adorandus
3424 1873 3817 1929 decernamus:

2235 1943 2329 2002 sed
2363 1948 2536 2002 solum
2561 1947 2726 2002 Deum
2751 1946 3056 2011 adorantes,
3100 1953 3155 2001 et
3181 1943 3296 2010 ejus
3322 1953 3546 1999 sanctos
3567 1961 3823 2000 veneran-

2238 2026 2341 2083 tes,
2388 2017 2679 2073 secnndum
2722 2019 2996 2087 antiquam
3049 2015 3267 2070 Patrum
3308 2024 3363 2068 et
3404 2015 3821 2070 ecclesiasticam

2235 2089 2598 2154 traditionem,
2632 2104 2724 2144 cas
2757 2091 2812 2143 in
2839 2088 3086 2152 ecclesia,
3125 2087 3178 2142 in
3217 2095 3565 2150 ornamenta,
3610 2096 3665 2142 et
3707 2104 3816 2141 me-

2234 2160 2460 2215 moriam
2490 2174 2669 2213 rerum
2708 2168 3000 2230 gestarum,
3033 2161 3078 2230 si
3118 2158 3268 2220 libet,
3290 2156 3627 2230 habeamus.
3664 2177 3684 2208 ι
3721 2157 3820 2212 Ve-

2233 2231 2500 2284 nerandas
2528 2226 2786 2298 imagines
2821 2228 3082 2284 Gallicani
3112 2228 3370 2298 praesules
3395 2226 3814 2288 arbitrabantur,

2233 2301 2327 2355 sed
2355 2317 2464 2356 non
2493 2300 2599 2356 alio
2636 2299 2796 2354 modo
2825 2315 2984 2370 quam
3031 2299 3122 2368 qui
3148 2299 3216 2352 ab
3241 2298 3468 2370 antiquo
3495 2299 3814 2370 obtinuerat,

2233 2379 2288 2425 et
2318 2385 2348 2424 a
2375 2379 2561 2444 sancto
2588 2368 2855 2444 Gregorio
2877 2370 3066 2444 Magno
3109 2369 3436 2444 approbatus
3461 2379 3552 2424 est
3575 2368 3650 2423 ad
3678 2368 3817 2444 Serr-

2233 2456 2364 2495 num
2403 2443 2711 2512 episcopum
2758 2441 3143 2512 Massiliensem
3188 2439 3485 2502 scribente,
3519 2449 3584 2493 ut
3630 2439 3818 2495 scilicet

2236 2512 2292 2565 in
2341 2510 2600 2568 ecclesiis
2633 2513 2926 2567 honorifice
2977 2510 3409 2565 collocarentur:
3450 2512 3814 2565 extensionem

2232 2597 2361 2636 vero
2389 2581 2692 2645 huiusmodi
2720 2583 2959 2645 honoris,
3007 2597 3100 2636 seu
3146 2581 3518 2636 accessionem
3551 2599 3582 2635 a
3617 2582 3815 2638 Nicena

2233 2669 2275 2724 ιι
2301 2651 2506 2724 synodo
2530 2652 2746 2716 factam,
2777 2661 2832 2712 et
2856 2668 2921 2707 ex
2948 2651 3156 2724 Gnecia
3185 2659 3382 2724 ortam,
3409 2661 3471 2724 ut
3504 2653 3720 2708 scilicet
3744 2669 3814 2708 sa-

2235 2722 2614 2788 lutationibus,
2663 2725 2882 2789 osculis,
2935 2723 3396 2793 thymiamatibus,
3444 2722 3813 2784 luminaribus,

2234 2794 2628 2865 significaretur
2655 2795 2891 2865 ipsarum
2940 2793 3232 2858 veneratio,
3263 2808 3692 2865 non__recepere
3732 2797 3816 2850 nisi

2234 2862 2356 2934 post
2397 2865 2596 2920 multos
2626 2862 2814 2922 annos.
2846 2864 2956 2922 Nec
2987 2866 3203 2928 mirum,
3233 2880 3354 2918 cum
3387 2862 3680 2920 Nicaanam
3704 2882 3816 2933 svu-

2235 2937 2400 2990 odum
2428 2953 2464 2990 ιι
2492 2951 2592 3006 pro
2615 2937 2948 2992 aecumenica
2976 2951 3082 3007 non
3121 2935 3403 3007 haberent,
3438 2935 3540 3007 sed
3569 2952 3686 2991 eam
3709 2952 3816 3007 spe-

2232 3015 2444 3064 ctarent
2467 3005 2525 3061 ut
2551 3009 2812 3078 synodum
2843 3006 3168 3064 nationalem
3192 3005 3456 3064 duntaxat
3483 3005 3813 3074 Graecorum,

2233 3087 2295 3133 ut
2325 3077 2549 3134 inferius
2577 3077 2898 3134 videbimus.

2151 3134 2204 3204 ο
2306 3148 2540 3204 Tandem
2587 3148 2904 3205 incredibile
2955 3156 3040 3206 est
3085 3147 3394 3219 Gallicanos
3439 3147 3748 3219 episcopos,
3788 3163 3816 3203 ο

2234 3235 2456 3290 quorum
2485 3229 2626 3274 cmtu
2648 3219 2929 3275 duodecim
2958 3235 3126 3274 sacra:
3154 3218 3452 3290 Scriptum
3475 3227 3537 3272 et
3562 3218 3812 3274 canonum

2234 3289 2546 3362 peritissimi
2575 3290 2848 3362 Stephano
2878 3298 3070 3359 quarto
3103 3289 3344 3362 pontifici
3373 3291 3618 3345 maximo
3643 3290 3697 3346 in
3722 3291 3813 3346 Bo-

2234 3359 2392 3432 inana
2442 3359 2648 3432 synodo
2697 3361 3026 3427 assidentes,
3077 3360 3496 3432 venerationem
3549 3375 3808 3416 sacrarum

2237 3431 2528 3500 imaginum
2555 3441 2866 3497 sanxerant,
2895 3448 2926 3486 a
2973 3431 3260 3486 traditione
3305 3431 3379 3486 ita
3425 3432 3732 3496 aberrasse,
3759 3441 3810 3484 ut

2233 3517 2418 3556 earnm
2474 3501 2678 3556 cultum
2723 3517 2936 3556 omnem
2987 3500 3290 3571 rejieerent.
3336 3501 3413 3554 De
3463 3516 3574 3570 qua
3619 3500 3809 3571 synodo

2236 3571 2580 3644 Hadrianus]
2617 3572 3029 3644 incrdefensione
3079 3573 3265 3644 synodi
3317 3587 3391 3626 ru
3445 3573 3518 3626 ad
3569 3572 3807 3627 Carolnm

2235 3643 2650 3714 Ilagnuin,ccap.
2677 3642 2739 3698 5:
2762 3661 2780 3694 ι
2812 3642 3178 3700 Prmdecessor
3199 3649 3382 3702 noster
3411 3651 3620 3714 sanctae
3645 3659 3808 3696 remr-

2233 3713 2466 3786 dationi_s
2491 3713 2723 3786 domnus
2750 3714 3051 3786 Stephanus
3076 3730 3230 3786 papa,
3257 3729 3380 3786 cum
3404 3713 3675 3786 episcopis
3698 3729 3807 3786 par-

2233 3785 2368 3860 t_iu_m
2413 3783 2674 3860 Franciae,
2722 3794 2882 3860 atque
2931 3783 3095 3860 Italia;
3141 3783 3447 3860 praesidens
3489 3783 3803 3860 iu__basilica

2236 3855 2552 3920 Salvatoris,
2574 3855 2915 3924 prmcessoris
2941 3857 3024 3912 sui
3045 3855 3348 3911 venerabile
3375 3855 3669 3909 concilium
3693 3855 3806 3908 cou-

2235 3927 2456 3981 firmans
2485 3936 2644 3995 atque
2669 3928 3013 3996 amplectens,
3042 3941 3146 3982 una
3173 3942 3294 3980 cum
3322 3925 3582 3980 omnibus
3605 3927 3802 3996 episco-

2234 3998 2316 4068 pis
2341 3995 2771 4068 przesidentibus,
2801 4007 3106 4054 sanctorum
3129 3999 3344 4053 Patrum
3375 3997 3699 4053 testimoniis
3715 3995 3804 4050 ad—

2234 4067 2463 4134 haerens,
2519 4067 2744 4138 adorare
2793 4079 2953 4138 atque
3006 4067 3247 4124 venerari
3285 4079 3499 4138 ‘sacras
3558 4068 3802 4138 imagines

2233 4146 2556 4194 statuerunt.
2597 4157 2615 4189 ι
2648 4137 2792 4193 Idem
2832 4148 3058 4196 testatur
3093 4139 3409 4196 Anastasius
3453 4137 3800 4196 Bibliotheca-

2233 4211 2345 4266 rius
2367 4211 2424 4267 in
2453 4209 2572 4266 Vita
2601 4208 2857 4280 Stephani
2884 4211 2954 4270 1V

2237 4997 2248 5005 δ
2285 4971 2705 5002 ηδμ
