3990 6302
224 301 335 359 995

1040 298 1219 355 LIBRI
1255 298 1681 359 CAROLINL—
1710 300 1930 359 CAPIT.
1967 301 2056 359 DE
2087 296 2273 358 lMAG.
2308 331 2379 345 -—-
2406 302 2633 361 PREF.

3369 314 3477 374 994

222 414 441 488 interim
469 403 596 469 dum
621 413 884 488 hosduos
922 426 1050 488 ocos
1070 414 1303 488 prclaro,
1331 431 1384 469 In
1412 415 1557 471 aliud
1583 422 1795 488 tempus
1819 421 1871 483 Α
1897 415 2159 488 ﬁngendis
2184 415 2490 488 recentibus
2509 415 2751 486 patronis
2775 416 3103 488 deorumque
3123 415 3329 488 formis,
3350 438 3474 481 cum

220 485 494 554 rejiciens,
520 499 642 538 cum
667 482 788 538 aliis
811 484 971 554 rebus
998 482 1235 552 ejusdem
1250 494 1390 542 nota
1413 494 1469 541 et
1495 482 1796 554 argumenti

217 552 518 637 appositius
551 552 938 637 quadrantibus
966 572 979 608 :
1010 556 1237 637 accessit
1282 557 1444 637 etiam
1481 552 1611 611 mihi
1655 557 1796 612 dono

215 624 461 695 ejusdem
491 624 723 696 exempli
752 624 1000 696 volumen
1037 640 1159 681 cum
1189 626 1289 682 hoc
1324 636 1510 682 nostro
1539 641 1554 680 :
1586 640 1653 680 ex
1687 642 1794 696 quo

217 694 450 766 utroque
481 696 630 750 illum
659 694 864 750 Paulini
912 696 1150 766 libellum
1184 696 1356 750 hausi.
1405 696 1510 751 Sed
1553 694 1795 751 nunc—ad

215 765 541 839 principium
562 774 825 839 actorum.
861 783 880 815 ι
903 765 953 820 1.
975 765 1424 839 Convenientibus
1451 767 1561 821 Deo
1583 766 1795 839 favente

215 834 516 906 apostolica
562 834 883 906 auctoritate
929 844 1091 906 atque
1135 836 1362 905 piissimi
1393 838 1593 892 domini
1621 837 1793 893 nostri

261 905 394 979 aroli
454 908 596 979 regis
628 905 914 979 jussione,
970 905 1117 979 anno
1160 907 1229 979 26
1283 908 1616 979 principatus
1666 908 1789 973 sui,

214 978 430 1033 cunctis
451 977 599 1047 regni
626 977 955 1032 Francorum
984 993 1078 1033 seu
1100 977 1283 1044 Italia,
1308 977 1625 1047 Aquitania,
1658 979 1792 1033 Pro-

212 1049 438 1111 vincia,
468 1048 731 1118 episcopis
748 1063 810 1102 ac
839 1048 1207 1103 sacerdotibus
1236 1047 1475 1118 synodali
1522 1048 1749 1103 concilio
1773 1065 1787 1101 :

211 1119 362 1174 inter
391 1134 525 1188 quos
572 1118 688 1188 ipse
724 1118 1039 1173 mitissimus
1058 1127 1246 1183 sancto
1279 1118 1523 1173 interfuit
1554 1135 1790 1174 conven-

213 1189 329 1255 tui;
361 1190 452 1243 ubi
475 1189 528 1242 in
556 1189 853 1257 primordio
876 1189 1232 1258 capitulorum
1257 1195 1503 1243 exortum
1531 1190 1596 1243 de
1629 1189 1791 1258 impia

211 1274 279 1313 ac
322 1257 550 1313 nefanda
596 1258 787 1313 baresi
826 1257 1130 1328 Elipbandi,
1183 1258 1451 1314 Toletana
1493 1260 1636 1314 sedis
1680 1257 1794 1328 epi-

212 1330 390 1399 scopi,
424 1338 476 1400 et
503 1328 697 1383 Felicis
733 1329 1404 1400 OrgelitanaLeorumque
1451 1330 1788 1399 sequacibus,

214 1398 327 1469 qui,
358 1398 497 1454 male
524 1398 834 1464 sentientes,
863 1400 918 1454 in
933 1400 1027 1455 Dei
1060 1399 1198 1455 Filio
1214 1398 1526 1455 asserebant
1558 1400 1795 1469 adoptio-

212 1485 358 1525 nem.
389 1469 560 1536 Quam
588 1484 775 1525 omnes
809 1472 900 1539 qui
928 1486 1121 1539 supra,
1150 1470 1477 1526 sanctissimi
1497 1470 1685 1524 Patres
1706 1486 1793 1525 re-

211 1550 471 1609 spuentes
515 1556 622 1595 una
644 1555 774 1596 voce
803 1540 1282 1604 contradixerunt,
1325 1550 1487 1609 atque
1512 1543 1650 1595 hanc
1682 1540 1793 1595 ba-

214 1611 361 1663 resin
392 1609 635 1665 funditus
673 1627 702 1664 a
743 1619 925 1665 sancta
969 1610 1206 1665 Ecclesia
1252 1611 1631 1665 eradicandam
1672 1618 1787 1664 sta-

212 1688 451 1750 tuerunt.
494 1680 547 1734 2.
579 1680 755 1734 Allata
784 1690 869 1736 est
908 1681 962 1734 in
992 1680 1231 1735 medium
1252 1682 1478 1750 quastio
1535 1682 1601 1735 de
1652 1695 1791 1735 nova

212 1749 524 1822 Graecorum
571 1751 805 1822 synodo,
838 1766 997 1820 quam
1034 1751 1100 1805 de
1134 1749 1422 1822 aderandis
1464 1751 1790 1822 imaginibus

1896 486 2089 561 quibus
2110 486 2303 561 insigni
2333 488 2711 561 superstitione
2735 496 2790 542 et
2814 486 3072 561 ementita
3098 486 3353 561 religione
3374 493 3479 550 for-

1893 557 2072 629 nicata
2096 563 2206 629 est,
2238 557 2408 611 donec
2435 558 2593 629 unius
2619 557 2839 627 ejusque
2865 559 2978 613 veri
3015 560 3109 615 Dei
3146 557 3475 629 pr'aconium

1894 625 2201 700 increbnit),
2232 642 2295 700 ex
2323 642 2430 700 quo
2454 626 2571 700 ejus
2596 625 2837 685 Ecclesia
2861 629 2913 682 in
2940 630 3061 684 aula
3089 625 3475 700 imperatorum

1893 697 2057 772 capit
2084 696 2417 772 locupletari.
2450 696 2743 772 sinceriore
2770 700 3021 772 doctrina,
3037 696 3360 772 proscripta,
3390 705 3475 758 in-

1892 767 2144 837 signioris
2185 768 2552 823 sanctimonia
2582 770 2903 836 velamento,
2942 767 3145 837 primas
3183 767 3391 829 radices
3419 775 3476 829 in

1891 836 2206 913 Christiana
2226 838 2495 913 republica
2528 839 2753 913 cultura
2794 836 3204 913 simulacrorum
3243 846 3471 913 peperit,

1893 908 2339 983 degeneravitque
2362 909 2629 964 cordatior
2651 910 2897 983 pietasin
2920 911 3178 983 picturas,
3200 908 3474 983 pigmenta
3534 918 3539 927 ’

1891 985 1947 1031 et
1972 979 2199 1052 aliorum
2223 979 2934 1052 ornamentorumineptias.’
2962 980 3128 1052 Cujus
3152 979 3322 1052 pestis
3342 1001 3474 1041 con-

1893 1048 2363 1119 tagiutnRomam
2395 1048 2565 1119 ipsam
2603 1048 2807 1105 alllavi’t
2831 1059 2887 1106 et
2914 1048 3125 1119 affecit,
3153 1048 3347 1108 urbem
3387 1055 3472 1109 ni-

1893 1064 2096 1171 tagtum
2143 1064 2363 1103 uomam
2395 1065 2565 1119 ipsam
2603 1064 2807 1105 antavu
2831 1064 2887 1106 et
2914 1064 3125 1119 anecut,
3158 1064 3347 1108 urbem
3387 1064 3472 1109 ni-

1892 1119 1948 1194 hi
1966 1134 2005 1194 _o
2025 1118 2216 1194 melius
2236 1129 2499 1174 moratam
2525 1121 2689 1194 (bona
2710 1136 2834 1194 cum
2856 1122 3009 1175 venia
3035 1122 3284 1194 dixerim)
3312 1140 3474 1194 quam

1893 1188 2104 1264 isthann
2152 1189 2407 1264 alteram,
2438 1188 2544 1264 non
2570 1191 2647 1264 ita
2686 1190 2855 1246 multo
2892 1199 3015 1263 post
3037 1208 3198 1264 quam
3228 1188 3347 1264 ejus
3369 1195 3474 1249 Ec-

1892 1259 2052 1335 clesia
2079 1257 2704 1335 fortunisauctior‘facta
2724 1269 2807 1316 est
2831 1276 2845 1314 :
2871 1257 3014 1335 quod
3040 1257 3167 1335 ﬁnio
3187 1257 3476 1335 contigisse

1892 1329 2053 1383 etiam
2096 1329 2247 1401 infra
2285 1327 2463 1384 Caroli
2508 1330 2680 1401 Magni
2730 1327 2923 1387 sacula
2972 1332 3314 1388 crediderim.
3336 1327 3475 1390 'Sed

1890 1400 2178 1471 pravalida
2207 1399 2539 1471 Francorum
2567 1399 2813 1471 pectora,
2844 1402 2936 1471 qui
2963 1403 3119 1458 unica
3147 1404 3302 1458 ruina
3332 1404 3474 1459 idola

1893 1468 2220 1541 deleverant,
2247 1484 2353 1524 non
2385 1480 2493 1525 tam
2516 1468 2676 1526 facile
2700 1472 2839 1527 allici
2860 1468 3117 1541 poterant
3145 1481 3237 1527 aut
3265 1475 3474 1541 alligari

1891 1537 2189 1612 adorationi
2216 1549 2324 1612 tam
2348 1542 2524 1612 impia
2546 1551 2600 1612 et
2619 1537 2962 1612 detestanda,
2990 1545 3082 1598 sed
3105 1558 3234 1612 opes
3256 1537 3475 1600 tandem

1891 1616 1957 1685 et
1983 1610 2221 1665 avaritia
2262 1611 2382 1685 illos
2414 1611 2519 1665 huc
2548 1611 2955 1685 lucrifewrunt,
2999 1610 3261 1682 longeque
3301 1630 3473 1685 auguv

1894 1681 2058 1753 stiorc
2084 1681 2439 1753 veneratione
2465 1682 2727 1737 restituta
2765 1691 2889 1737 sunt
2924 1681 3351 1753 quamunquam
3377 1681 3475 1739 an-

1895 1750 2070 1825 tehac,
2114 1753 2379 1825 tantisper
2410 1752 2539 1806 dum
2576 1767 2706 1808 vera
2736 1750 3158 1808 obdorniiseeret
3186 1750 3394 1825 religio,
3427 1756 3473 1811 si

211 1802 996 1902 coasaaipqaaijr‘eeeiaa,
1037 1802 1093 1873 in
1124 1802 1789 1902 aqi‘aeiaiuig'izseigz
1817 1802 1868 1866 Β
1891 1802 2360 1902 tanaqui‘aaa;

213 1898 300 1944 tur
336 1900 401 1945 ut
427 1892 519 1960 qui
556 1891 819 1962 imagines
845 1901 1154 1946 sanctorum
1190 1892 1265 1945 ita
1312 1901 1373 1945 ut
1396 1892 1639 1946 deiﬁcam
1675 1891 1792 1946 Tric

209 1961 437 2015 nitatem
482 1961 700 2032 servitio
742 1970 834 2015 aut
876 1961 1188 2032 adoratione
1230 1976 1336 2016 non
1382 1962 1787 2032 impenderent,

209 2031 945 2103 anathematajudicarentur.
962 2030 1065 2097 Qui
1084 2030 1590 2103 supra,sanctissimi
1602 2032 1791 2089 Patres

210 2101 409 2165 ucstri,
441 2101 758 2157 omnimodis
779 2109 834 2156 et
856 2101 1164 2156 orationem
1177 2109 1233 2157 et
1259 2102 1574 2158 servitutem
1595 2102 1676 2157 eis
1704 2117 1789 2157 re-

208 2180 470 2237 nuentes,
521 2180 958 2240 contempserunt
999 2178 1161 2240 atque
1207 2174 1608 2229 consentientes
1654 2188 1786 2228 con-

207 2240 617 2324 detnnaverunt.
656 2263 675 2294 ι
707 2240 828 2297 Iam
854 2257 1016 2324 vero,
1046 2243 1191 2311 quod
1235 2241 1408 2324 majus
1435 2244 1629 2324 esi,_ab
1656 2244 1788 2324 ipsis

206 2313 518 2383 testimonia
568 2321 746 2382 petam
780 2314 872 2383 qui
913 2311 1071 2381 hujus
1097 2314 1311 2368 concilii
1344 2323 1465 2369 acta
1492 2312 1628 2368 [also
1654 2311 1788 2383 cita-

206 2392 331 2454 runt
363 2391 420 2437 et
438 2383 725 2438 laudarunt
758 2399 772 2437 :
798 2382 910 2454 quo
933 2399 1030 2439 suo
1054 2383 1301 2439 instituto
1329 2385 1662 2439 commodius
1683 2382 1790 2437 suf-

204 2451 557 2523 fragarentur
576 2493 591 2519 ,
618 2451 990 2523 idoloru'mque
1011 2454 1213 2509 cultum
1240 2453 1603 2509 defensarent.
1635 2453 1788 2520 Quod

202 2521 397 2593 scribit
433 2521 670 2578 Joannes
702 2521 976 2579 Eckiusiu
1005 2529 1103 2579 suo
1128 2524 1441 2579 Enchiridio
1460 2525 1527 2579 de
1559 2532 1788 2593 quatuor

200 2592 383 2648 Caroli
430 2595 609 2665 magni
644 2593 816 2660 libris,
848 2609 1024 2649 nonne
1047 2610 1146 2664 pro
1168 2609 1254 2649 me
1294 2592 1589 2664 plurimum
1626 2593 1782 2660 facit,

199 2678 263 2718 ac
294 2671 532 2718 testatur
556 2680 710 2719 suam
735 2666 819 2720 his
848 2665 1001 2720 libris
1033 2666 1316 2720 veritatem
1341 2665 1628 2720 constare?
1654 2680 1787 2733 quo-

200 2749 321 2787 rum
358 2735 674 2804 meminisse
696 2735 933 2804 quidem,
960 2736 1054 2791 sed
1073 2751 1348 2804 nunquam
1375 2751 1407 2789 a
1445 2751 1502 2790 se
1524 2735 1785 2789 lectorum

196 2804 393 2875 voluit.
428 2803 573 2875 Nihil
603 2803 781 2859 autem
808 2806 1062 2860 addubito
1088 2803 1216 2875 quin
1247 2821 1503 2860 nauseam
1527 2804 1601 2858 illi
1626 2805 1787 2860 civis-

196 2882 321 2929 sent
344 2874 394 2929 si
428 2874 521 2930 illo
556 2877 844 2944 superstite
868 2876 920 2929 in
948 2874 1218 2945 publicum
1246 2876 1564 2932 exiliissent.
1591 2875 1786 2944 Liquet

193 2955 385 2999 autem
398 2960 471 3015 ea
493 2945 779 3009 volumina,
798 2945 956 3002 fando
974 2948 1041 3001 ad
1062 2962 1182 3003 eum
1203 2954 1259 3000 et
1284 2945 1427 3000 fama
1453 2946 1782 3015 pervenisse,

193 3015 294 3070 sed
319 3014 464 3069 bello
490 3016 579 3070 isti
603 3016 919 3071 somniatori
955 3032 1051 3085 pro
1075 3017 1199 3072 ludo
1228 3015 1345 3081 fuit,
1379 3032 1443 3071 ea
1456 3014 1537 3071 ide
1562 3032 1622 3071 re
1646 3016 1785 3070 veri.

195 3086 329 3139 tatis
371 3086 737 3141 testimonium
772 3087 1063 3142 asserenda
1106 3088 1327 3153 dicere",
1380 3102 1543 3156 quam
1578 3086 1785 3141 incom-

1962 1890 2203 1961 Cumque
2237 1892 2532 1947 Ecclesiam
2560 1892 2801 1948 virorum
2829 1893 3121 1963 proborum
3163 1901 3325 1963 atque
3350 1911 3476 1953 eru-

1890 1961 2125 2017 ditorum
2153 1978 2346 2032 magna
2373 1963 2597 2031 penuria
2625 1961 2845 2029 invasit,
2868 1964 3117 2019 monachi
3145 1973 3201 2021 et
3225 1961 3474 2022 doctores

1890 2032 2107 2100 quidam
2127 2071 2142 2097 ,
2171 2047 2340 2102 penes
2363 2049 2499 2101 quos
2523 2033 2665 2088 solos
2688 2033 2883 2089 littera
2905 2034 3333 2098 diversabautur,
3367 2052 3473 2091 non

1886 2102 2009 2170 plus
2055 2108 2235 2176 tamen
2287 2118 2449 2171 quam
2502 2104 2632 2176 ipsis
2679 2118 2747 2158 ex
2794 2120 2895 2176 usu
2944 2112 3119 2169 esset,
3171 2106 3473 2176 ignorantia

1888 2187 2130 2237 summa,
2163 2173 2344 2228 dicere
2373 2189 2481 2228 non
2510 2174 2682 2229 ausim
2713 2174 3005 2239 malitiam,
3039 2190 3107 2230 ne
3137 2173 3321 2229 eorum
3353 2192 3476 2231 suc-

1888 2242 2143 2298 cidaneos
2164 2258 2504 2299 successores
2527 2259 2837 2315 exasperent
2861 2244 3129 2315 legitimos
3149 2246 3469 2309 imitatores,

1888 2327 2011 2384 cum
2050 2315 2230 2368 omnia
2271 2328 2487 2368 sursum
2527 2313 2885 2383 deorsumque
2922 2313 3185 2369 bellorum
3222 2316 3474 2384 procellis

1887 2382 2265 2455 miscerentur,
2292 2392 2353 2439 ut
2381 2399 2543 2455 quam
2577 2384 2776 2455 optime
2801 2382 2926 2439 sese
2961 2382 3262 2454 gesserint,
3294 2386 3474 2440 erudi—

1886 2453 2088 2525 tionem
2112 2469 2328 2525 omnem
2355 2453 2410 2508 et
2433 2453 2686 2509 virtutem
2711 2453 3039 2525 praepostere
3067 2463 3216 2508 actas
3249 2458 3472 2511 obtene-

1885 2522 2136 2604 brarunt,
2176 2524 2295 2606 nisi_
2320 2540 2544 2606 prorsus
2585 2539 2682 2580 suo
2708 2522 3097 2606 :tempore‘eas
3138 2526 3465 2606 amiserint;

1886 2593 2069 2648 omnia
2096 2609 2196 2650 suo
2218 2593 2483 2650 arbitratu
2506 2596 2904 2664 pervertebant,
2934 2602 2993 2648 ut
3017 2610 3143 2649 suos
3166 2604 3393 2652 conatus
3415 2602 3473 2651 et

1884 2664 2105 2745 rapinas
2148 2664 2396 2746 fucarent
2438 2663 2710 2735 religionis
2755 2665 2953 2746 specie.
2992 2663 3252 2747 .Ejusdem
3279 2666 3471 2789 .intpltit-

1887 2733 2083 2789 dentta
2128 2734 2231 2789 fuit
2278 2736 2421 2789 quod
2469 2751 2660 2789 manus
2712 2750 2743 2788 a
2784 2736 3038 2789 vnttandts
3082 2736 3324 2789 historiis
3365 2753 3377 2789 ι
3442 2752 3469 2789 s

1887 2733 2083 2789 dentia
2128 2734 2231 2789 fuit
2278 2736 2421 2804 quod
2469 2733 2660 2789 manus
2712 2750 2743 2788 a
2784 2733 3038 2789 vitiandis
3082 2735 3324 2791 historiis
3365 2733 3469 2791 illis

1886 2804 2021 2876 mire
2041 2806 2347 2874 prurientes
2367 2806 2651 2876 continere
2664 2820 2768 2859 non
2788 2805 3078 2876 potuerint,
3107 2821 3215 2861 non
3240 2822 3468 2876 perpen-

1886 2873 2093 2945 dentes,
2123 2886 2382 2945 perpetuo
2422 2875 2589 2930 Deum
2624 2875 2748 2943 Opt.
2790 2873 2934 2929 Max.
2975 2891 3083 2929 non
3120 2873 3297 2929 sinere
3338 2873 3467 2945 quin

1885 2944 2090 3016 aliquot
2124 2944 2399 3016 supersint
2434 2947 2556 3014 qui,
2597 2961 2704 3015 quo
2741 2946 2916 3015 magis
2949 2945 3201 3016 videntur
3238 2944 3470 3014 improbi

1884 3015 2164 3085 exstincta
2194 3014 2415 3070 'veritati
2460 3014 2775 3085 parentare,
2820 3014 2915 3070 aut
2953 3014 3305 3070 deformatam
3345 3030 3468 3069 eam

1885 3083 2090 3157 fucare,
2132 3102 2196 3142 eo
2226 3083 2517 3143 studiosius
2554 3085 2700 3147 illam
2740 3085 2804 3139 ad
2841 3101 2900 3141 se
2936 3094 3217 3157 exceptam
3256 3091 3468 3157 tegant,

190 3165 410 3234 pertam
432 3156 772 3222 obtrudebat,
801 3156 1013 3234 qualem
1027 3173 1155 3234 esse
1182 3154 1446 3234 cupiebat.
1470 3157 1652 3234 Tanta
1681 3158 1787 3212 im»
1813 3168 1861 3234 c
1888 3154 2327 3234 felicionibusque
2374 3159 2603 3230 ingeniis
2648 3174 2746 3213 suo
2790 3165 3033 3234 tempore
3069 3154 3466 3234 restituendam

189 3227 418 3295 pietatis
467 3236 560 3282 aut
596 3235 705 3281 tam
745 3226 980 3282 subdola
1018 3228 1140 3282 ﬁdei
1187 3229 1468 3283 traducere
1508 3227 1781 3283 hominem

192 3297 391 3361 nolim,
419 3307 480 3350 ut
505 3313 620 3351 rem
650 3297 974 3353 reclamante
999 3298 1325 3354 conscientia
1354 3299 1649 3353 asseruerit
1670 3338 1685 3363 ,
1727 3308 1783 3355 et

192 3367 562 3423 adulteratam
589 3369 814 3438 sepelire
838 3366 1083 3424 voluerit.
1125 3371 1296 3435 Quam
1321 3366 1575 3423 festivum
1601 3376 1657 3422 et
1694 3368 1782 3437 ju—

191 3438 439 3509 cundum
485 3439 848 3507 spectaculum
888 3440 932 3495 si
978 3441 1108 3509 quid
1145 3439 1251 3493 tale
1278 3440 1465 3495 doctor
1502 3439 1783 3509 theologus

190 3506 523 3578 designaret
538 3509 843 3577 impostura
870 3509 970 3564 sibi
995 3506 1286 3565 eonsciusl

266 3574 463 3633 Nonne
507 3574 679 3633 frater
716 3580 970 3650 Alfonsus
1013 3581 1077 3635 de
1105 3580 1331 3644 Castro,
1366 3579 1697 3650 farraginum
1726 3590 1783 3637 et

190 3656 495 3703 centenum
524 3657 676 3703 sutor
713 3649 975 3705 adversus
1016 3651 1268 3716 hareses,
1311 3649 1607 3706 monachus
1635 3661 1783 3708 certe

190 3719 389 3790 multa
420 3720 692 3788 variaque
721 3721 966 3775 lectionis
1000 3736 1159 3790 supra
1186 3718 1405 3776 suorum
1427 3731 1627 3776 sortem
1658 3737 1785 3777 eru-

190 3789 360 3853 ditus,
394 3790 560 3844 refert
595 3807 608 3843 :
635 3790 915 3846 Claudium
936 3789 1156 3846 Taurini
1185 3794 1494 3861 episcopum
1526 3793 1639 3847 suis
1674 3793 1782 3847 ad-

191 3862 506 3915 orationem
532 3862 706 3916 crucis
736 3861 1028 3916 Dominica
1049 3862 1422 3917 interdixisse?
1446 3864 1587 3918 quod
1607 3879 1784 3918 causa

191 3944 333 4003 mea
357 3946 465 3985 non
492 3931 783 4003 vulgariter
806 3933 1191 4003 patrocinatur.
1215 3932 1265 3988 ls
1284 3933 1427 3988 enim
1449 3931 1629 4003 ﬂoruit
1648 3943 1784 3987 tem-

189 4002 422 4074 poribus
434 4015 461 4041 α
474 4000 650 4074 Caroli
660 4000 841 4074 Magni
863 4004 910 4074 ei
934 4004 1000 4074 ab
1025 4003 1229 4057 intimis
1258 4002 1617 4074 consiliisg'ir
1641 4020 1786 4058 sum-

189 4086 279 4124 ma
305 4072 510 4141 ingenii
531 4073 705 4127 acutie
716 4072 773 4127 et
789 4072 1110 4139 eruditione,
1134 4074 1274 4129 inter
1330 4074 1494 4128 rimos
1515 4073 1784 4129 Parisien-

189 4141 268 4196 sis
298 4140 609 4197 Academia
645 4144 973 4199 fundatores.
1011 4144 1147 4199 Sunt
1184 4091 1328 4199 anus
1375 4159 1462 4198 me
1501 4151 1556 4199 et
1582 4144 1784 4199 aliquot

188 4141 268 4221 sis
298 4140 609 4197 Academia
645 4144 973 4221 fundatores.
1011 4144 1147 4199 Sunt
1184 4140 1328 4215 apud
1375 4159 1462 4198 me
1501 4151 1556 4199 et
1582 4144 1787 4214 aliquot

187 4215 313 4280 ejus
350 4227 515 4281 opera
535 4215 772 4269 nondum
791 4229 1009 4269 excusa.

266 4283 349 4336 De
376 4297 543 4358 opere
575 4284 740 4354 igitur
764 4292 951 4340 nostro
978 4283 1398 4358 plus_satis_jam
1419 4283 1785 4358 iliquet._Quis

187 4365 324 4406 vero
376 4352 490 4421 jam
538 4352 942 4410 controvertere
979 4352 1308 4410 wsustinuerit
1351 4354 1459 4407 tam
1483 4352 1785 4423 prudentis

187 4423 384 4495 piique
411 4423 753 4495 imperatoris
779 4427 1008 4495 scripta;
1037 4425 1130 4495 qui
1158 4433 1335 4479 tantos
1361 4432 1548 4493 totque
1574 4425 1785 4481 labores

1886 3227 2455 3299 promulgandamqne'
2469 3236 2761 3284 reservent.
2793 3227 2916 3283 Illos
2947 3228 3109 3281 etiam
3143 3227 3283 3287 fallit
3306 3227 3470 3281 velte-

1884 3307 2093 3353 menter
2118 3298 2352 3354 Creatori
2387 3308 2573 3354 nostro
2607 3299 2908 3368 displicere,
2950 3306 3009 3350 ut
3045 3298 3269 3352 verbum
3305 3312 3469 3351 evan-

1883 3368 2114 3437 gelicum
2157 3379 2341 3423 nostro
2379 3368 2587 3437 judicio
2627 3376 2682 3423 et
2724 3368 2933 3422 ratione
2972 3368 3280 3431 metiamur,
3328 3382 3467 3437 qua-

1883 3446 2041 3493 tenus
2068 3440 2302 3494 nominis
2328 3436 2411 3494 sui
2438 3438 2775 3507 majestatem
2800 3438 3017 3507 attingit
3040 3456 3052 3490 :
3082 3452 3267 3492 verum
3290 3436 3466 3507 sancit

1883 3514 1937 3562 et
1960 3508 2123 3563 edicit
2151 3516 2222 3567 ut.
2245 3505 2575 3565 voluntatem
2606 3522 2758 3563 suam
2789 3505 2963 3576 neque
2992 3507 3097 3561 huc
3133 3505 3469 3576 neque_illuc

1884 3578 2244 3634 divaricantes
2266 3589 2656 3636 consectemur.
2690 3578 2860 3643 Quam
2875 3574 3026 3630 Viam
3055 3591 3160 3630 non
3184 3574 3357 3645 potuit
3379 3574 3469 3645 fex

1882 3648 1988 3703 ista
2022 3649 2347 3713 nebulonum
2381 3648 2609 3704 calcare.
2642 3647 2811 3701 Tanta
2846 3646 3203 3716 posteriorum
3244 3644 3468 3716 saculo-

1884 3734 2003 3773 rum
2030 3719 2338 3774 calamitate
2364 3728 2418 3773 et
2442 3719 2756 3774 infelicitate
2790 3715 2897 3771 nOn
2934 3716 3089 3786 pauci
3120 3716 3262 3786 docti
3289 3721 3344 3769 et
3373 3715 3467 3786 lit-

1882 3792 2043 3843 terati
2068 3789 2170 3842 viri
2196 3790 2477 3859 intercepti
2507 3796 2561 3844 et
2590 3788 2847 3857 implicati
2877 3784 3048 3851 fuere,
3077 3785 3168 3859 qui
3198 3801 3304 3840 non
3334 3784 3469 3840 satis

1884 3860 2260 3915 animadverse
2309 3857 2560 3915 historias
2609 3859 2950 3921 lectitabant,
3004 3864 3063 3910 ut
3112 3857 3466 3927 impostornm

1885 3930 2415 4001 circumscriptiones
2442 3929 2757 3994 olfacerent,
2785 3928 3032 4001 quamvis
3053 3924 3236 3982 secum
3264 3933 3324 3979 ut
3347 3924 3467 3994 plu-

1884 4002 2082 4055 rimum
2130 4009 2465 4071 pugnarent,
2517 4015 2721 4070 suaque
2760 4000 3136 4071 rescinderent
3176 4012 3190 4051 :
3237 4010 3468 4071 quorum

1883 4067 2187 4127 imitatores
2211 4067 2414 4127 iisdem
2453 4067 2730 4126 erroribus
2758 4069 2952 4124 irretiti
2992 4077 3045 4123 et
3089 4067 3297 4122 mentiti
3342 4074 3472 4129 sunt

1878 4141 2033 4210 juxta
2054 4158 2120 4198 ac
2143 4143 2180 4197 ii
2202 4159 2297 4212 per
2318 4157 2453 4212 quos
2477 4143 2532 4197 in
2559 4140 2803 4195 fraudem
2831 4139 2996 4195 illecti
3021 4138 3237 4195 fuerant
3257 4137 3468 4206 sibique

1882 4228 1945 4268 os
1972 4212 2198 4281 oblitum
2227 4214 2419 4267 fuerat.

1954 4278 2146 4337 Restat
2171 4300 2315 4338 nunc
2338 4282 2719 4339 excutiendum
2743 4281 2886 4352 quod
2910 4295 3029 4335 cum
3049 4278 3338 4352 jamiorbis
3365 4278 3467 4331 hac

1883 4355 2271 4409 consuetudine
2311 4353 2633 4416 occaluerit,
2675 4348 2906 4421 fanaque
2946 4350 3121 4421 media
3134 4348 3272 4421 fere
3314 4357 3467 4416 parte

1883 4424 2191 4479 simulacris
2219 4425 2549 4479 exaedificata
2584 4424 2692 4478 sint
2729 4419 3058 4493 piciurisque
3094 4419 3345 4493 distincta
3374 4433 3466 4471 va-

188 4489 521 4585 Exnntlnvit',
558 4495 718 4549 ﬁdem
771 4489 1090 4585 caui-plicari]
1138 4489 1628 4585 propugnandmac.
1652 4512 1781 4585 ιιι-9·
1810 4523 1864 4585 D
1885 4495 2002 4585 riis,
2032 4493 2161 4585 qnid
2190 4495 2360 4585 de‘iis
2394 4496 2595 4585 sentire
2629 4489 2918 4585 debeamus
2954 4489 3466 4585 zanio'ndinnsitemrf‘

189 4563 478 4632 pagando?
495 4580 772 4689 ﬁnemque
799 4575 986 4636 postea
1018 4563 1337 4622 sanctorum
1356 4563 1669 4621 kalendario
1698 4567 1781 4621 di-

193 4642 362 4689 tmata
389 4648 469 4688 est
541 4636 768 4689 cclesia?
796 4637 927 4689 Ouis
951 4637 1112 4689 etiam
1141 4637 1447 4689 crediderit.
1472 4652 1536 4689 eo
1557 4637 1781 4689 oblivio-

193 4642 362 4703 gnata
389 4648 469 4688 est
495 4636 768 4691 Ecclesia?
796 4637 927 4703 Quis
951 4637 1112 4692 etiam
1141 4637 1447 4701 crediderit,
1472 4652 1536 4691 eo
1557 4637 1785 4693 oblivio-

192 4702 283 4786 nis
316 4705 460 4786 apud
501 4706 672 4786 Deum
700 4702 1038 4786 demersum,
1074 4715 1135 4786 nt
1168 4710 1225 4762 in
1256 4708 1473 4762 decreto
1506 4707 1783 4786 religionis

192 4778 309 4826 tam
344 4776 630 4847 insigniter
657 4777 961 4833 laberetur?
1001 4779 1133 4845 Quis
1161 4794 1290 4834 vero
1318 4794 1487 4847 usque
1527 4776 1663 4834 adeo
1704 4787 1783 4835 te-

186 4845 487 4925 merarins’,
511 4856 603 4901 aut
627 4858 736 4925 tam
761 4848 1063 4925 inconsulta
1084 4848 1267 4925 factio,
1291 4857 1352 4903 ut
1374 4845 1703 4905 labefactare
1726 4857 1783 4906 et

182 4913 432 4988 inliciari
459 4931 595 4986 opus
622 4919 689 4973 de
716 4920 981 4973 sententia
1009 4928 1064 4974 et
1086 4913 1288 4988 judicio
1328 4930 1439 4973 tam
1481 4935 1783 4976 numerosa

182 4983 389 5064 synodi
416 4983 815 5064 conscriptum,
842 4983 1310 5064 _velit?_l_)ebetnns
1348 4988 1511 5064 igitur
1534 4990 1782 5064 Ainhtanti

184 5055 462 5133 principis
487 5055 807 5113 sententiam
840 5060 1101 5130 intrepide
1126 5059 1353 5133 pedibus
1364 5055 1488 5133 ire,
1518 5059 1782 5133 delibera-

198 5129 511 5194 tionemque
551 5136 606 5183 et
650 5144 934 5184 censuram
980 5129 1062 5186 tot
1106 5129 1495 5186 venerabilium
1543 5130 1781 5193 virorum

196 5193 452 5272 amplecti
483 5199 572 5272 qui
605 5198 787 5255 libera
815 5198 1462 5272 conscientiaetimentis
1492 5200 1784 5272 dictamine

197 5262 250 5315 id
268 5262 695 5339 pronuntiarunt
709 5273 850 5339 quod
871 5272 1103 5326 maxime
1122 5271 1402 5325 videbatur
1419 5284 1487 5324 ex
1508 5270 1618 5325 Deo
1637 5285 1778 5326 esse.

319 5338 537 5392 uocirca
581 5339 634 5391 in
673 5338 790 5395 rem
830 5350 1070 5395 nostram
1098 5350 1390 5403 vertamus,
1425 5340 1583 5397 hodie
1611 5341 1784 5395 mani-

198 5400 341 5460 feste
360 5417 664 5482 cernentes,
687 5411 829 5482 unde
858 5412 1024 5482 nobis
1034 5400 1402 5482 prorepserint
1427 5410 1706 5482 imagines,
1730 5418 1784 5468 et

200 5479 652 5551 quemadmodum
668 5479 969 5551 desultoria
988 5479 1211 5536 Gracia
1239 5480 1446 5551 religio,
1473 5479 1649 5536 omnis
1675 5482 1784 5537 ido-

198 5538 431 5629 iulatria
468 5550 716 5629 parentis
735 5561 789 5604 et
816 5552 1091 5629 seminarii
1122 5551 1276 5629 (qua
1314 5538 1487 5629 usque
1634 5552 1780 5607 omni

199 5621 525 5686 antiquitate
554 5636 675 5676 sese
702 5621 948 5690 lactavit,
981 5621 1144 5689 aluit,
1174 5621 1423 5678 deliciata
1454 5631 1537 5679 est
1568 5622 1624 5678 in
1652 5639 1783 5680 con-

1890 4560 2142 4639 tentanda
2185 4565 2312 4639 sint,
2355 4573 2447 4639 aut
2486 4572 2742 4639 perrupto
2768 4576 3044 4639 consensu
3066 4560 3298 4639 publico
3323 4573 3469 4639 ‘conj

1884 4635 2187 4705 fringenda,
2231 4627 2314 4691 vel
2354 4627 2583 4690 flaminis
2623 4627 3101 4705 mandandataut—
3118 4630 3246 4698 quid
3288 4627 3462 4705 nliud,

1887 4699 2037 4779 rogo,
2080 4699 2379 4779 agendum?
2418 4706 2526 4779 Nos
2553 4706 2642 4779 qui
2658 4703 2915 4779 ,UChristi
2957 4700 3249 4779 inspiratu,
3295 4699 3463 4779 pentn

1884 4766 2379 4849 propiusvuovimus
2417 4766 2588 4849 eique.
2614 4766 2844 4834 ﬁdimus,
2879 4766 3058 4849 magis
3094 4785 3255 4840 quam
3294 4766 3463 4848 Jndai

1887 4841 1955 4905 ab
1980 4841 2229 4904 omnibus
2267 4848 2399 4919 legis
2427 4841 2667 4919 apicibus
2697 4854 2752 4919 et
2787 4841 3089 4919 maledictis
3113 4841 3430 4919 manumissi
3445 4878 3461 4902 ,

1886 4920 2150 4988 siquidem
2195 4912 2486 4973 milit'etnus
2529 4918 2628 4972 sub
2676 4914 2843 4988 signis
2882 4912 3079 4968 summi
3122 4912 3464 4980 Imperatoris

1885 4986 2087 5069 nosth2
2123 4988 2255 5069 nihil
2285 4990 2501 5045 obvium
2538 4986 2838 5069 reperimus
2874 4998 3049 5069 neque
3090 4988 3465 5069 creatnnt‘ne-

1927 5077 1991 5116 ue
2018 5053 2368 5133 fabrefactum
2387 5100 2403 5122 ,
2429 5066 2526 5133 aut
2548 5053 2655 5133 alia
2679 5056 2866 5133 quavis
2893 5053 3306 5133 hominum_arte
3334 5063 3465 5133 con-

1926 5140 2103 5202 ctum,
2138 5128 2295 5202 cujus
2325 5121 2478 5202 copia
2509 5128 2662 5202 nobis
2687 5121 2983 5202 denegem:
3011 5131 3104 5177 aut
3141 5121 3327 5202 iliicita
3362 5121 3460 5202 sit,

1888 5191 2098 5271 quique
2128 5191 2261 5255 foris
2302 5191 2506 5254 nullum
2545 5197 2739 5272 vulnus
2777 5191 2872 5272 aut
2903 5191 3288 5272 oﬂensacnlum
3324 5191 3463 5272 acci-

1886 5262 2018 5341 pere
2039 5285 2350 5343 possumus,
2368 5276 2585 5343 tantum
2614 5266 2906 5343 interaneis
2932 5272 2987 5343 e_t
3010 5262 3263 5343 vitalibus
3287 5262 3464 5343 neniis

1886 5332 2114 5410 'expositi
2134 5380 2149 5405 ,
2178 5355 2307 5394 num
2333 5332 2470 5394 citra
2505 5339 2766 5410 fraudem
2786 5344 2879 5390 aut
2914 5332 3186 5410 piaculum
3214 5332 3464 5410 imagini-

1884 5402 2006 5484 bus,
2034 5402 2338 5484 simulacris
2362 5418 2416 5465 et
2440 5408 2667 5484 picturis
2694 5407 2771 5462 uti
2796 5402 3118 5484 poterimus,
3149 5402 3371 5472 perinde
3391 5416 3464 5484 ac

1885 5477 1995 5536 alio
2016 5480 2205 5549 quovis
2228 5477 2462 5536 humano
2489 5477 2722 5550 opiﬁcio,
2752 5477 2836 5532 vel
2860 5479 2914 5532 in
2946 5477 3459 5550 usutnornamenti,

1883 5551 1967 5607 vel
1998 5547 2295 5620 simplicem
2324 5547 2822 5620 architectationem
2842 5589 2857 5613 ,
2886 5556 2980 5620 ant
3010 5547 3248 5620 indicem
3283 5556 3462 5598 rerum

1882 5617 2311 5678 memorabilium
2338 5638 2569 5693 quarum
2597 5619 2903 5691 exemplum
2924 5617 3245 5691 frugiferum
3269 5623 3462 5679 eune-

267 5764 299 5794 ι
332 5748 627 5810 Confundit
648 5756 932 5815 Claudium
964 5757 1296 5832 Clementem
1336 5757 1563 5821 Scotum
1588 5757 2054 5823 Altisidiorensem
2088 5770 2212 5816 cum
2232 5754 2457 5816 Claudio
2486 5753 2827 5816 Taurinensi.
3361 5809 3369 5820 .
3408 5743 3438 5831 ³,
3458 5788 3485 5817 κ
