3990 6302
117 469 134 528 ί
145 473 242 527 001

793 469 972 558 unm
1007 469 1347 528 CAROLIM.
1386 498 1457 511 —
1491 469 1710 527 CAPIT.

1817 469 1838 527 Ξ
1876 468 2064 527 lMAG.
2103 503 2173 514 -—
2207 469 2595 532 ΡΒᾹΞΡΑΤΙΟ.

3229 472 3368 535 1002

117 593 459 648 idversarum
496 594 819 660 potestatum
855 587 1132 644 obsidione
1165 587 1446 652 fatiscere,
1478 585 1574 641 sed
1602 585 1692 641 illo
1715 587 1772 648 Α
1796 586 1851 640 in
1892 587 2014 643 sinu
2045 589 2194 660 regni
2226 591 2585 661 gubernacula
2621 589 2847 646 Domino
2881 590 3148 648 tribuente
3189 610 3374 654 susccu

111 697 210 752 pro
237 695 302 735 ea
331 689 386 735 et
421 677 653 733 maxime
679 678 734 732 in
761 693 826 732 ea
863 685 1151 748 pugnante,
1182 677 1273 748 qui
1299 677 1503 746 positus
1529 686 1611 732 cst
1639 678 1694 732 in

110 788 174 826 ea
197 787 405 836 murus,
435 771 646 824 dicente
669 767 932 838 propheta
956 783 972 822 :
1003 766 1138 822 Urbs
1160 768 1483 838 fortitudinis
1508 777 1695 822 nostra:

111 862 362 924 salvator,
393 869 614 930 ponetur
648 860 705 914 in
737 875 799 914 ea
821 875 1033 926 murus,
1065 869 1112 913 et
1150 858 1491 925 antemurale,
1518 869 1566 914 et
1606 858 1696 928 qui

111 972 270 1025 super
299 953 414 1023 ejus
442 968 617 1006 muros
643 952 909 1006 constituit
950 951 1206 1017 custodes,
1235 951 1324 1022 qui
1367 959 1475 1005 tota
1515 952 1598 1004 die
1648 959 1697 1006 et

111 1056 222 1099 tota
243 1054 394 1098 nocte
414 1045 469 1096 in
490 1052 792 1113 perpetuum
821 1058 925 1096 non
953 1042 1192 1096 tacebunt
1222 1040 1354 1112 (Isa.
1377 1041 1525 1113 xxvi)
1557 1047 1571 1096 ἐ
1603 1043 1696 1097 ad-

113 1132 371 1188 versariis
436 1131 728 1195 resistens,
783 1139 839 1185 et
900 1131 1256 1187 tumultiferas
1306 1132 1700 1202 inquietudines

115 1225 329 1288 tolerat,
355 1232 411 1279 et
440 1224 507 1278 ad
533 1238 672 1278 verae
702 1221 826 1278 ﬁdei
869 1221 1261 1279 confessionem
1293 1223 1700 1280 convolantibus

115 1317 166 1369 in
199 1315 412 1386 gremio
445 1315 728 1384 susceptis,
755 1320 812 1368 et
841 1313 1016 1369 eidem
1060 1314 1382 1370 confessioni
1432 1315 1702 1371 obstinata

113 1415 296 1478 mute
323 1405 712 1462 reluctantibus
739 1408 1021 1474 abdicatis,
1049 1409 1360 1465 inconvulsa
1388 1418 1443 1465 et
1479 1410 1703 1466 inteme-

114 1507 232 1551 rata
260 1507 595 1566 perseverat,
624 1506 824 1554 etcum
859 1501 1029 1556 David
1072 1515 1268 1557 canere
1309 1517 1418 1558 non
1474 1511 1651 1558 cessat
1684 1520 1698 1556 :

119 1586 270 1656 Seps
309 1598 732 1658 expugnaverunt
757 1605 838 1644 me
869 1607 902 1644 a
934 1590 1206 1661 juventute
1232 1607 1366 1658 mea,
1390 1591 1531 1646 dicat
1566 1608 1704 1646 nunc

121 1677 315 1742 Israel,
343 1695 480 1748 saepe
507 1689 929 1750 expugnaverunt
968 1697 1050 1736 me
1079 1699 1114 1735 a
1148 1680 1421 1752 juventute
1469 1699 1602 1748 mea,
1631 1690 1706 1736 et-

48 1818 52 1820 .
117 1767 252 1820 enim
284 1776 692 1837 non,potuerunt
715 1769 842 1823 mihi
889 1767 1060 1840 (Psal.
1098 1769 1282 1842 cxxnx)
1314 1785 1330 1824 :
1359 1785 1479 1840 quae
1533 1771 1707 1827 inces-

120 1865 307 1910 santcr
333 1871 432 1926 per
455 1865 639 1926 partes
667 1859 824 1914 trinae
850 1859 1112 1916 orationis
1147 1860 1465 1931 mysterium
1507 1868 1706 1916 sancta:

1796 679 1993 746 pimus,
2023 697 2240 736 necesse
2268 689 2351 736 est
2391 691 2451 738 ut
2479 683 2532 738 in
2566 681 2682 750 ejus
2713 681 3019 754 defensione
3051 693 3105 739 et
3145 687 3214 742 ob
3256 703 3375 758 ejus

1795 772 2194 840 exultationem,
2237 774 2450 832 Christo
2479 775 2790 843 auxiliante,
2825 783 2938 832 toto
2976 777 3165 833 annisu
3197 789 3374 836 certe-

1797 878 1935 927 mus,
1959 873 2018 918 ιιι
2053 865 2122 920 ab
2157 881 2222 920 co
2256 865 2382 921 boni
2423 865 2565 921 servi
2600 873 2658 921 et
2693 853 2866 921 fidelis
2900 867 3117 922 nomine
3168 869 3378 927 censeri

1797 957 2089 1014 valeamus.
2116 957 2268 1025 Quod
2305 959 2521 1029 quidem
2550 976 2655 1015 non
2691 961 2863 1016 solum
2901 964 3073 1028 nobis,
3099 967 3292 1034 quibus
3321 970 3379 1024 in

1798 1051 1957 1119 hujus
1980 1052 2161 1107 saeculi
2188 1053 2498 1122 procellosis
2523 1052 2773 1110 ﬁuctibus
2817 1057 2884 1110 ad
2910 1058 3201 1125 regendum
3228 1075 3378 1115 com-

1799 1143 1964 1198 missa
1996 1151 2096 1206 est,
2125 1144 2220 1199 sed
2247 1145 2411 1199 etiam
2436 1146 2644 1201 cunctis
2671 1148 2738 1202 ab
2771 1145 2888 1216 ejus
2935 1149 3191 1206 uberibus
3250 1167 3383 1206 cnu-

1801 1232 1943 1286 tritis
1965 1232 2192 1288 sollicite
2219 1233 2613 1290 observandum
2634 1244 2718 1292 est
2743 1254 2756 1290 :
2785 1237 2860 1292 ita
2887 1245 3065 1294 tamen
3096 1249 3154 1295 ut
3179 1243 3247 1297 ab
3269 1241 3384 1310 ejus

1801 1321 2018 1387 unione,
2039 1324 2130 1392 qui
2158 1323 2278 1394 ejus
2307 1326 2611 1380 membrum
2648 1342 2768 1384 esse
2807 1327 3123 1398 dinoscitur,
3148 1333 3381 1388 nullate-

1801 1427 1904 1467 nus
1932 1413 2204 1468 abscedat.
2238 1413 2501 1480 Quoniam
2527 1415 2618 1485 qui
2652 1431 2774 1472 cum
2796 1433 2860 1473 ea
2885 1435 2990 1474 non
3013 1430 3113 1487 est,
3129 1424 3384 1478 adversus

1802 1516 1922 1557 eam
1937 1511 2022 1558 est
2037 1520 2050 1558 :
2071 1511 2126 1558 et
2140 1503 2228 1573 qui
2245 1519 2368 1559 cum
2392 1519 2456 1560 ea
2469 1520 2577 1560 non
2604 1506 2824 1577 colligit,
2840 1519 3059 1581 spargit.
3077 1511 3242 1580 Hujus
3255 1529 3386 1584 ergo

1804 1591 1884 1648 rei
1896 1608 2059 1648 causa
2080 1592 2226 1663 loqui
2244 1594 2538 1662 compellit,
2555 1597 2695 1664 quod
2711 1611 2816 1652 non
2837 1599 2950 1654 sine
2965 1600 3195 1670 quodam
3219 1603 3387 1658 animi

1805 1697 2038 1738 mmrore
2078 1683 2484 1754 prosequimur,
2523 1684 2720 1755 quippe
2769 1688 2862 1757 qui
2897 1705 3020 1744 cum
3068 1691 3386 1748 infirmanti-

1805 1771 1907 1826 bus
1921 1771 2203 1838 inﬁrmari,
2229 1779 2425 1828 etcum
2449 1775 2938 1833 scandalizantibus
2963 1780 3069 1846 uri,
3093 1782 3386 1850 apostolico

1805 1864 2164 1934 perducemur
2185 1866 2448 1936 exemplo.
2472 1866 2826 1924 inﬂammavit
2853 1871 3015 1942 igitur
3037 1882 3270 1929 ventosa:
3294 1891 3387 1929 ar-
3463 1870 3470 1942 ἶ

121 1947 408 2002 Trinitatis
433 1949 670 2018 exponit,
693 1949 820 2004 dum
846 1957 900 2003 et
931 1951 1097 2004 verba
1133 1964 1230 2004 sua
1266 1950 1486 2006 auribus
1514 1951 1708 2007 divina:
1737 1931 1785 1995 Β
1807 1931 2069 2024 rogantis:
2117 1955 2299 2012 inﬂata
2337 1931 2592 2026 ambitio,
2617 1968 2671 2015 et
2700 1977 2851 2017 vanu:
2873 1931 3058 2020 laudis
3087 1965 3393 2021 insolentis-

119 2038 426 2106 majestatis
469 2038 828 2109 percipienda,
861 2041 915 2095 id
957 2049 1040 2096 est
1085 2041 1345 2111 psallendi
1394 2041 1700 2112 melodiam,

118 2147 280 2201 quam
310 2133 431 2186 sine
455 2132 850 2189 intermissione
871 2133 1105 2199 exhibet,
1142 2133 1492 2204 deprecatur;
1525 2144 1581 2191 et
1605 2137 1710 2192 cla-

120 2239 332 2278 morem
363 2223 787 2296 intelligendum,
819 2224 870 2279 id
897 2232 981 2280 est
1002 2225 1182 2280 cordis
1207 2224 1476 2292 affectum,
1493 2227 1584 2297 qui
1603 2244 1712 2283 non

121 2315 350 2368 auribus
371 2314 697 2380 carnalibus,
727 2315 822 2370 sed
847 2313 1208 2372 ineﬁ‘abilibus
1236 2317 1430 2372 divina:
1460 2316 1713 2386 majesta-

121 2405 189 2459 tis
244 2403 523 2460 auditibus
577 2405 896 2461 mirabiliter
948 2407 1242 2475 excipitur,
1289 2407 1482 2462 devota
1534 2417 1714 2464 mente

120 2507 344 2560 exorat,
371 2506 429 2550 et
483 2481 742 2552 orationis
790 2512 901 2552 sua:
953 2513 1141 2552 vocem
1195 2499 1577 2554 intendendam
1621 2515 1715 2555 ex-

120 2591 316 2659 poscit,
341 2597 403 2644 ut
427 2589 633 2645 scilicet
657 2588 893 2644 declaret
914 2590 1054 2646 hanc
1078 2605 1198 2648 esse
1240 2591 1538 2647 orationem
1593 2606 1715 2661 per-

122 2679 323 2734 fectam
349 2695 512 2748 quam
546 2679 738 2734 mentis
765 2679 987 2735 affectus
1015 2681 1255 2736 ardentis
1285 2680 1600 2736 inﬂammat.
1647 2680 1714 2736 Et

122 2785 437 2841 quanquam
483 2772 878 2840 metaphoricos
911 2773 1130 2828 mutatis
1170 2772 1350 2828 verbis
1389 2787 1581 2828 sensus
1625 2789 1718 2829 no-

120 2874 267 2920 stros
293 2863 618 2929 immisceat,
646 2863 880 2919 divinam
913 2872 1092 2920 tamen
1117 2873 1368 2920 naturam
1408 2865 1580 2920 credit
1606 2880 1715 2922 non

116 2954 376 3024 partibus
423 2953 787 3008 membrorum
829 2953 1181 3009 discernenda
1233 2955 1572 3022 discernere,
1622 2955 1718 3012 sed

120 3058 230 3097 una
267 3043 474 3096 virtute
513 3049 709 3097 cuncta
755 3057 1034 3113 peragere,
1064 3044 1156 3113 qui
1200 3059 1264 3099 ea
1316 3060 1438 3116 quae
1486 3059 1518 3099 a
1560 3045 1717 3101 nobis

120 3133 386 3188 videntur
410 3133 576 3197 audit,
607 3141 661 3187 et
711 3148 829 3204 quae
877 3133 1231 3205 cogitavimus
1275 3135 1389 3192 sive
1430 3135 1716 3207 cogitaturi

120 3243 338 3291 sumus,
369 3226 513 3282 intro
550 3226 805 3296 inspicit:
838 3242 938 3282 nec
962 3228 1252 3298 quidquam
1297 3226 1413 3298 ejus
1458 3227 1714 3283 ineffabili

119 3318 319 3374 lumini
353 3326 533 3388 potest
559 3317 814 3374 abscondi
842 3335 856 3373 :
890 3319 1110 3374 auribus
1134 3320 1331 3375 etenim
1361 3321 1524 3377 verba
1551 3320 1720 3391 perci-

118 3425 279 3480 pere,
304 3409 598 3465 clamorem
637 3409 956 3481 intelligere,
980 3411 1101 3468 voci
1129 3411 1388 3468 orationis
1419 3411 1716 3480 intendere,

121 3518 445 3572 quanquam
477 3503 670 3558 iterate
725 3503 826 3558 sub
885 3502 1148 3559 varietate
1183 3504 1489 3566 verborum,
1517 3517 1615 3572 per
1665 3502 1720 3558 id

119 3592 424 3648 locutionis
446 3608 613 3664 genus
637 3592 780 3664 quod
808 3607 838 3646 a
871 3593 1178 3649 rhetoribus
1200 3592 1465 3648 metabole
1501 3592 1718 3658 dicitur,

118 3686 524 3754 proferantur:
563 3685 705 3740 trina
735 3694 914 3740 tamen
969 3685 1219 3755 repetitio
1263 3699 1430 3738 unum
1475 3685 1720 3753 idemque

118 3774 427 3846 signiﬁcat,
453 3790 572 3843 qua:
608 3774 768 3830 etiam
792 3775 846 3829 in
871 3774 1208 3832 invocatione
1237 3775 1379 3846 regis
1407 3783 1461 3830 et
1487 3775 1582 3829 Dei
1609 3776 1722 3831 sive

120 3867 374 3931 Domini,
402 3867 526 3921 dum
551 3865 840 3921 dicituRex
864 3883 1008 3921 meus
1035 3875 1082 3921 et
1112 3866 1251 3920 Deus
1278 3882 1442 3932 meus,
1474 3866 1721 3936 quoniam

118 3962 193 4012 ad
226 3971 281 4013 te
312 3959 493 4023 orabo,
520 3957 736 4012 Domine
759 3957 931 4031 (Psal.
953 3974 985 4012 v
1006 3969 1060 4014 et
1080 3958 1268 4029 vam)
1295 3975 1307 4011 ε
1333 3967 1446 4013 tres
1465 3973 1724 4028 personas

116 4060 174 4105 et
203 4065 381 4105 unam
417 4050 771 4105 substantiam
803 4050 856 4103 in
884 4049 1170 4104 Divinitate
1199 4064 1256 4104 se
1291 4049 1511 4105 credere
1550 4057 1604 4104 et
1646 4047 1724 4103 fa-

118 4144 232 4197 teri
285 4142 641 4205 demonstrat,
670 4157 789 4197 cum
838 4141 1001 4196 trium
1054 4140 1331 4197 nominum
1377 4139 1721 4205 invocationi,

115 4251 240 4288 non
299 4233 547 4303 pluralia,
585 4234 680 4289 sed
728 4233 1015 4304 singularia
1073 4233 1233 4287 verba
1287 4231 1575 4286 interserit.
1628 4231 1725 4286 Est

115 4326 281 4378 cnim
313 4333 499 4380 sancta
525 4334 715 4390 mater,
741 4335 825 4381 est
849 4325 1206 4389 immaculata,
1230 4331 1311 4379 est
1341 4324 1618 4394 praeclara,
1642 4333 1727 4380 est

115 4420 471 4488 incorrupta,
496 4425 654 4474 estet
679 4417 924 4486 fecunda,
947 4435 1066 4490 quae
1099 4427 1154 4475 et
1180 4417 1542 4489 virginitatem
1569 4418 1727 4472 amit-

117 4517 253 4564 tere
306 4509 511 4576 nescit,
558 4519 612 4566 et
660 4511 798 4566 ﬁlios
850 4527 1106 4583 generare
1157 4525 1265 4566 non
1312 4511 1558 4567 desinit:
1605 4526 1726 4580 qua:

112 4611 348 4674 quanto
384 4603 613 4673 amplius
640 4604 825 4659 mundi
873 4604 1286 4660 adversitatibus
1331 4603 1542 4668 feritur,
1573 4611 1724 4658 tanto

113 4695 479 4751 auc-tioribus
495 4696 607 4751 sive
625 4696 861 4768 excellen
871 4696 1096 4752 tioribus
1118 4696 1409 4752 virtutibus
1431 4695 1684 4751 dilatatur
1706 4711 1723 4751 :

105 4796 172 4841 et
212 4796 429 4856 quanto
452 4787 573 4857 plus
595 4787 876 4857 premitur,
905 4796 1054 4842 tanto
1078 4787 1239 4843 altius
1263 4787 1547 4854 exaltatur,
1565 4802 1728 4858 quam

103 4884 407 4956 propheta
428 4898 526 4952 per
538 4882 843 4952 ethopteian
858 4882 967 4936 Deo
983 4881 1061 4936 sic
1078 4881 1367 4938 introducit
1387 4882 1723 4951 loquentem:

101 4970 273 5027 Cum
305 4971 597 5024 invocarem
631 4981 700 5037 te,
734 4971 994 5026 exaudisti
1030 4987 1131 5038 me,
1166 4970 1305 5026 Deus
1333 4971 1556 5041 justitia:
1581 4985 1726 5036 meae,

101 5063 171 5116 in
204 5058 557 5115 tribulatione
595 5060 828 5114 dilatasti
857 5077 936 5114 me
962 5059 1132 5131 (Psal.
1164 5061 1260 5134 tv).
1291 5059 1454 5130 Cujus
1479 5063 1732 5132 quoniam

197 5209 232 5236 ει
269 5193 431 5266 Gesta
455 5211 582 5266 sane
604 5202 677 5249 est
698 5205 818 5250 ante
841 5196 934 5250 hos
957 5213 1122 5250 annos
1146 5197 1200 5250 in
1218 5196 1478 5266 Bithynia:
1499 5197 1732 5266 partibus

97 5264 392 5338 quemdam
415 5264 666 5355 syri-udus,
689 5274 795 5348 etc.
819 5266 926 5320 Aut
949 5269 1274 5355 ἀγισξρηίζειρ
1319 5264 1413 5320 aut
1429 5264 1734 5355 legitumum

99 5336 814 5412 ἐνημονενῖικῶςηξῧξεηί-ιῃ
842 5353 949 5412 non
978 5338 1030 5391 in
1054 5336 1329 5412 Bithynia,
1354 5337 1448 5393 sed
1466 5336 1731 5412 Constan-

101 5405 375 5479 tinonli
418 5405 473 5458 in
510 5405 711 5474 palatio
751 5405 948 5479 Hieria:
994 5405 1270 5479 celebrata
1315 5408 1430 5463 haec
1476 5408 1730 5479 synodus.

103 5475 273 5548 Nisi
297 5475 342 5528 si
377 5490 531 5548 error
561 5477 1035 5548 cognatinominis
1078 5478 1329 5534 librarios
1377 5475 1605 5548 decepit,
1649 5493 1736 5533 re-

105 5545 605 5618 wriyndumque
629 5545 954 5613 Sit,Hieriw,
981 5563 1080 5618 pro
1102 5548 1380 5618 Bithynice,
1407 5545 1690 5604 hoc—modo
1719 5567 1732 5603 :

108 5619 167 5688 ἔῃ
201 5612 433 5688 Hierite
459 5612 666 5688 palatio
701 5612 948 5688 quendam,
971 5612 1088 5688 ign.
1117 5612 1272 5684 Quod
1299 5619 1430 5673 mihi
1457 5620 1518 5674 ﬁt
1548 5621 1736 5675 admo-

110 5687 280 5746 Ium
311 5685 620 5740 verisimile.

191 5759 235 5797 ιι
294 5754 448 5818 Quod
477 5773 566 5809 rex
589 5773 770 5812 eorum
783 5757 1155 5814 Constantinus
1172 5775 1258 5813 eos
1271 5759 1334 5813 ab
1350 5761 1504 5815 idolis
1525 5761 1741 5816 liberas-

115 5838 224 5884 τι.
277 5824 705 5902 Caveblagnum
751 5830 1017 5902 intelligas
1049 5845 1171 5886 eum
1218 5830 1309 5900 qui
1340 5832 1545 5901 primus
1577 5833 1742 5900 impe-

117 5907 404 5958 tatorum
426 5895 569 5950 idola
591 5896 838 5966 ejuravit,
855 5895 949 5955 sed
959 5895 1368 5957 Constantinum
1389 5895 1740 5971 Caballiuum,
1788 5948 1791 5950 .

407 5989 683 6051 ernon.
731 5990 1013 6056 XCVIII.

1811 2045 1978 2100 simus
2006 2048 2291 2117 appetitus,
2330 2051 2590 2118 quosdam
2620 2051 2962 2109 orientalium
3004 2057 3238 2126 partium
3282 2073 3392 2113 non

1811 2136 1982 2191 solum
2008 2153 2192 2207 rcges,
2223 2141 2317 2194 sed
2364 2142 2529 2197 etiam
2565 2144 2890 2212 sacerdotes,
2919 2148 3051 2202 adeo
3088 2158 3147 2203 ut
3175 2158 3396 2220 postpo-

1812 2227 1915 2282 sita
1942 2243 2073 2284 sana
2102 2230 2387 2300 sobriaque
2412 2233 2683 2298 doctrina,
2711 2243 2765 2290 et
2789 2237 3235 2304 parvipendcntes
3260 2239 3394 2294 illud

1813 2317 2192 2384 apostolicum,
2218 2317 2277 2374 Si
2305 2321 2420 2390 quis
2449 2321 2868 2391 euangelizaverit
2896 2327 3033 2380 vobis
3053 2366 3068 2393 ,
3101 2339 3288 2396 praeter
3334 2327 3394 2382 id

1811 2407 1950 2477 quod
1979 2407 2387 2478 euangelizatum
2422 2419 2516 2474 est,
2545 2412 2638 2464 etsi
2662 2414 2876 2484 angelus
2903 2415 2989 2482 sit,
3026 2417 3300 2470 anathema
3325 2419 3395 2471 sit

1814 2495 2026 2566 (Colat.
2066 2496 2148 2568 l),
2179 2506 2233 2552 et
2282 2500 2734 2568 transgredientes
2785 2510 2971 2558 contra
3022 2506 3392 2575 propheticum

1814 2586 2205 2641 institutionem
2228 2589 2486 2644 terminos
2523 2590 2805 2660 majorum,
2827 2607 2925 2662 per
2954 2594 3180 2651 infames
3204 2605 3258 2650 et
3283 2597 3396 2652 ine-

1814 2677 2090 2748 ptissimas
2102 2681 2338 2751 synodos
2358 2680 2612 2738 Ecclesia:
2635 2683 2834 2740 inferre
2850 2695 3116 2743 conentur
3138 2690 3280 2759 quod
3295 2705 3396 2745 nec

1817 2767 2066 2825 Salvator
2107 2786 2209 2826 nec
2246 2773 2474 2842 apostoli
2515 2774 2761 2832 intulisse
2797 2788 3124 2847 noscuntur;
3163 2790 3217 2836 et
3267 2782 3398 2836 dum

1815 2859 2110 2937 sublimare
2147 2871 2412 2918 conantur
2451 2880 2561 2920 suae
2610 2866 2786 2922 laudis
2821 2867 3112 2940 fastigium,
3142 2886 3398 2943 magnum

1817 2951 2155 3007 accumulent
2183 2953 2297 3008 suis
2319 2954 2601 3011 animabus
2621 2956 2945 3027 deliquium;
2993 2960 3226 3029 dumque
3274 2977 3399 3016 suo-

1816 3057 1937 3096 rum
1981 3050 2252 3114 gestorum
2293 3043 2535 3098 ordinem
2578 3044 2764 3099 volunt
2813 3045 3070 3101 mandare
3125 3049 3400 3104 memoria:

1814 3134 2164 3205 posteritatis,
2191 3134 2496 3190 discindunt
2533 3135 2805 3192 vinculum
2852 3137 3232 3194 ecclesiastica:
3278 3140 3400 3193 uni-

1816 3226 1963 3281 tatis.
1990 3238 2014 3265 α
2039 3225 2202 3282 Gesta
2231 3241 2360 3281 sane
2392 3235 2476 3282 est
2511 3235 2636 3284 ante
2675 3228 2774 3283 hos
2812 3244 2981 3284 annos
3032 3229 3086 3283 in
3133 3230 3399 3300 Bithyniae

1820 3318 2066 3390 partibus
2088 3320 2332 3388 qumdam
2364 3321 2602 3390 synodus
2636 3329 2745 3375 tam
2781 3321 3008 3376 incauta:
3051 3328 3266 3390 tamque
3313 3323 3399 3376 in-

1820 3409 2066 3464 discreta:
2097 3410 2460 3479 procacitatis,
2485 3418 2544 3465 ut
2578 3411 2836 3482 imagines
2864 3412 2918 3466 in
2945 3414 3276 3468 ornamentis
3311 3429 3402 3468 ec‘

1819 3501 1997 3557 clesiae
2025 3509 2079 3556 et
2108 3502 2365 3556 memoria
2394 3518 2575 3557 rerum
2601 3510 2871 3572 gestarum
2897 3503 2965 3556 ab
2990 3502 3224 3572 antiquis
3249 3504 3397 3572 posi-

1819 3600 1903 3648 tas
1929 3593 2142 3648 incauta
2165 3593 2439 3648 abolerent
2462 3592 2796 3648 abdicatione
2822 3607 2837 3646 :
2861 3593 3108 3663 quodque
3136 3594 3396 3648 Dominus

1821 3685 1886 3740 de
1913 3683 2069 3740 idolis
2096 3684 2369 3754 praecepit,
2389 3685 2490 3740 hoc
2511 3684 2586 3739 illi
2608 3685 2674 3739 de
2701 3683 2908 3740 cunctis
2929 3684 3249 3754 imaginibus
3269 3699 3393 3754 pcr-

1819 3784 2126 3848 petrarent;
2159 3776 2457 3831 nescientes
2493 3776 2780 3847 imaginem
2804 3777 2937 3830 'esse
2978 3789 3163 3844 genus,
3194 3775 3399 3830 idolum‘

1820 3885 1949 3924 vero
1977 3870 2210 3940 speciem
2248 3887 2260 3921 :
2306 3876 2360 3924 et
2389 3869 2622 3940 speciem
2656 3867 2722 3922 ad
2757 3883 2942 3939 genus,
2970 3883 3138 3937 genus
3176 3869 3242 3924 ad
3270 3884 3394 3938 spe-

1821 3961 1960 4016 ciem
1989 3960 2177 4016 referri
2199 3975 2304 4016 non
2336 3977 2511 4032 posse.
2540 3959 2674 4015 Nam
2703 3975 2824 4014 cum
2846 3974 2982 4029 pene
3006 3975 3164 4014 omne
3192 3960 3395 4016 idolum

1822 4053 1998 4122 imago
2048 4053 2154 4117 sit,
2199 4069 2304 4107 non
2352 4053 2526 4108 omnis
2564 4053 2741 4123 imago
2791 4050 3009 4106 idolum.
3057 4051 3293 4106 Alterius
3341 4060 3396 4106 et

1823 4143 1978 4214 longe
1999 4143 2221 4200 alterius
2241 4144 2566 4199 deﬁnitionis
2589 4152 2673 4199 est
2693 4143 2912 4208 idolum,
2935 4143 3156 4199 alterius
3180 4145 3354 4214 imago
3378 4163 3392 4198 :

1823 4248 1945 4287 cum
1973 4233 2218 4288 videlicet
2243 4233 2356 4288 istae
2379 4235 2446 4289 ad
2473 4240 2847 4288 ornamentum
2874 4232 2959 4287 vel
2985 4233 3053 4287 ad
3089 4249 3175 4288 res
3217 4244 3396 4304 gestas

1823 4326 2196 4381 monstrandas
2219 4325 2368 4390 ﬁant,
2394 4324 2523 4380 illud
2542 4332 2720 4379 autem
2755 4339 3027 4393 nunquam
3057 4324 3158 4378 nisi
3185 4331 3253 4378 ad
3289 4325 3394 4377 mi-

1824 4430 2066 4472 serorum
2097 4407 2305 4471 animas
2327 4417 2588 4487 sacrilego
2622 4417 2728 4471 ritu
2757 4424 2812 4470 et
2841 4431 2978 4470 vana
3015 4415 3396 4485 superstitione

1825 4504 2139 4560 inliciendas
2161 4519 2176 4558 :
2201 4512 2256 4558 et
2282 4505 2458 4576 imago
2481 4506 2547 4561 ad
2575 4506 2795 4576 aliquid,
2820 4505 3017 4560 idolum
3053 4505 3119 4558 ad
3159 4505 3394 4574 seipsum

1825 4594 2054 4650 dicatur.
2088 4595 2188 4662 Qui
2214 4596 2467 4652 nimirum
2497 4605 2659 4652 tanta:
2695 4596 2951 4652 caecitatis
2983 4595 3210 4666 caligine
3245 4597 3400 4650 obte—

1828 4685 2035 4739 nebrati
2058 4683 2290 4751 fuerunt,
2319 4694 2380 4740 ut
2415 4687 2624 4741 cunctis
2649 4687 2739 4756 qui
2767 4703 2860 4742 eas
2887 4687 3084 4740 habere
3126 4686 3178 4740 in
3227 4685 3398 4740 eccle-

1827 4774 1922 4829 siis
1948 4775 2307 4830 noscebantur
2345 4775 2430 4830 vel
2455 4776 2685 4832 habituri
2722 4784 2874 4831 erant
2910 4774 3396 4839 anathematizatis,

1829 4867 1970 4922 inter
1995 4874 2218 4923 caeteros
2245 4883 2458 4924 errores
2491 4869 2594 4924 hoc
2629 4869 2792 4923 etiam
2841 4883 2938 4923 suo
2981 4868 3151 4923 errori
3199 4868 3402 4922 insere-

1829 4964 1951 5012 rent
1982 4957 2010 4998 ι»
2047 4960 2188 5029 quod
2220 4974 2316 5014 rex
2351 4975 2537 5015 eorum
2580 4958 2960 5014 Constantinus
2994 4973 3087 5014 eos
3123 4959 3191 5013 ab
3246 4957 3403 5014 idolis

1831 5050 2112 5108 liberasset
2139 5070 2152 5106 :
2187 5062 2243 5108 et
2271 5052 2322 5107 ei
2357 5053 2449 5125 qui
2482 5051 2768 5108 exsultavit
2795 5059 2855 5106 ut
2878 5052 3030 5122 gigas
3067 5049 3136 5105 ad
3180 5066 3403 5105 curren-

1833 5189 1984 5260 cujus
2007 5192 2180 5264 edicto
2203 5190 2666 5264 Constantinopoli;
2679 5191 2911 5264 synodus
2946 5191 3056 5264 illa_
3073 5191 3168 5247 fuit
3207 5205 3402 5264 convo-

1834 5272 1972 5326 Cata,
2001 5265 2054 5318 in
2081 5262 2231 5330 cujus
2261 5262 2366 5316 ﬁne
2401 5261 2968 5318 interacclainationes
2981 5261 3246 5316 solemnes
3275 5261 3403 5329 legi-

1834 5340 1972 5416 tur_:
2000 5332 2228 5416 anettt.
2262 5331 2615 5416 idololatriam
2662 5349 2748 5416 uos
2793 5332 3125 5416 obscurastis.
3166 5330 3246 5416 Ad
3280 5347 3404 5416 qua:

1835 5404 1998 5457 verba
2037 5404 2090 5457 in
2123 5403 2261 5457 actis
2296 5400 2495 5456 Nicaani
2532 5403 2743 5457 concilii
2788 5419 2823 5456 ιι
2857 5409 3251 5457 commentatur
3280 5400 3407 5469 Epi-

1835 5473 2066 5544 phanius
2101 5490 2113 5526 :
2155 5492 2172 5524 ‹
2209 5473 2266 5527 Si
2291 5487 2420 5544 vero
2447 5471 2527 5542 (ut
2554 5473 2652 5542 ipsi
2680 5472 2851 5544 aiunt)
2875 5472 3408 5544 conventusepisco-

1837 5541 2028 5614 porum
2049 5551 2103 5597 et
2124 5544 2289 5598 robur
2325 5541 2708 5614 imperaturum
2738 5541 2839 5598 nos
2859 5541 3109 5614 abidolis
3135 5541 3402 5614 liberavit,

1839 5610 2005 5683 genus
2028 5615 2322 5683 humanum
2355 5610 2636 5683 avet-itam
2659 5614 2879 5668 fallitur.
2910 5610 3043 5666 Nam
3071 5628 3191 5668 cum
3219 5612 3286 5666 ab
3321 5625 3408 5664 er-

1761 5711 1768 5728 ι
1841 5681 1965 5738 rore
1998 5682 2261 5737 idolorum
2294 5681 2450 5738 Iesus
2476 5681 2720 5738 Christus
2752 5683 3008 5738 Dominus
3051 5683 3192 5737 Deus
3223 5689 3406 5734 noster

1839 5769 1940 5808 nos
1969 5753 2233 5824 liberavit,
2274 5754 2538 5824 quomodo
2569 5762 2821 5824 poterunt
2853 5753 3070 5824 gloriari
3110 5760 3164 5808 et
3197 5750 3407 5824 jactare

1843 5841 1875 5878 a
1929 5840 1988 5879 se
2045 5821 2660 5892 idipsumffactumTO
2716 5821 2957 5879 insanam
2999 5821 3400 5892 jactantiamls

1844 5893 2016 5962 Quem
2053 5887 2230 5952 locum
2265 5895 2482 5953 indubie
2518 5895 2586 5954 ob
2622 5895 2806 5954 oculos
2850 5887 3035 5950 habuit
3076 5899 3130 5948 et
3171 5887 3407 5960 respexit

2970 5986 3048 6047 32

3463 1889 3474 1960 ἱ

3460 1967 3474 2152 l

3455 2155 3483 2248 ί

3617 2233 3660 2318 \
3701 2285 3706 2291 .
