3990 6302
666 337 805 397 1005
1503 334 1564 394 Β.
1603 336 1855 397 CAROLI
1895 334 2110 398 MAGNI
2145 338 2297 397 OPP.
2337 340 2517 398 PARS
2552 341 2614 399 η.
2658 340 2901 399 SECTlO
2939 342 3003 399 II.
3692 365 3786 425 {om

663 457 789 523 dam
817 456 981 523 viam,
1009 454 1076 511 de
1099 468 1205 525 quo
1238 453 1441 511 dictum
1466 462 1573 523 est,
1598 454 1736 515 Ecce
1763 456 1882 511 vicit
1904 454 1986 511 leo
2010 456 2077 511 de
2104 456 2241 525 tribu
2265 458 2321 520 Α
2342 464 2468 512 tans
2504 471 2565 514 se
2603 458 2798 513 medici
2836 472 3025 529 parere
3058 442 3240 527 dictis,
3263 464 3363 519 nun
3407 458 3557 523 solum
3603 473 3687 530 vini
3724 482 3787 539 sed

662 546 827 615 Iuda,
863 545 1018 601 radio;
1041 544 1211 601 David
1238 544 1420 618 (Apoc.
1445 542 1533 616 v),
1573 553 1629 601 et
1662 546 2011 623 triumphanti
2058 547 2243 604 mundi
2338 549 2508 607 etiam
2553 548 2775 607 laticum
2836 548 2941 606 sibi
2991 550 3264 606 interdicat
3307 551 3587 627 humanam,
3624 564 3723 622 adeo
3751 580 3789 626 ιη

663 641 835 714 spolia
868 653 1051 697 secum
1097 637 1412 711 reportavit,
1445 637 1686 695 victoria:
1734 639 1944 695 titulum
1986 640 2246 711 derogare
2342 641 2439 713 qui
2469 642 2672 699 dudum
2700 641 2988 715 languebat
3008 642 3171 711 nimio
3195 642 3300 699 vini
3330 644 3504 702 haustu
3522 650 3785 723 madebunt,

664 735 960 806 cupientes,
986 729 1101 802 regi
1123 744 1222 786 suo
1250 730 1599 786 adnecterent
1626 744 1643 783 :
1668 744 1791 784 cum
1827 744 1935 786 non
1963 729 2028 785 de
2055 744 2245 784 eorum
2343 733 2492 790 omni
2525 732 2628 790 sibi
2663 733 2872 804 liquore
2898 733 3201 801 interdicto,
3224 734 3457 806 langueat
3482 737 3560 794 siti
3577 740 3787 801 ams;

664 841 809 897 rege,
836 823 931 882 sed
978 821 1047 879 de
1097 836 1224 879 vero
1273 820 1665 891 triumphatore
1723 818 1941 878 Christo
1985 822 2247 890 propheta
2347 840 2472 880 cum
2492 833 2692 890 tamen,
2731 824 2861 881 etsi
2900 824 3112 881 diversa
3155 825 3227 880 sit
3260 840 3412 882 causa
3437 826 3678 898 languoris,
3704 848 3791 889 uis

662 914 1009 988 praedixerit:
1036 912 1172 968 Ecce
1198 913 1454 968 Dominus
1487 912 1727 967 ascendet
1749 928 1903 984 super
1936 912 2119 967 nubem
2170 911 2246 966 le-
2349 925 2531 972 tamen
2554 916 2625 972 sit
2648 915 2874 973 eﬂectus
2902 915 3158 974 desidiosi
3190 916 3401 973 erroris.
3459 917 3735 976 inteream
3758 924 3791 978 ‘n

664 1027 797 1077 rem,
822 1018 870 1064 et
904 1007 1228 1079 ingredietur
1265 1005 1575 1079 Egyptum,
1599 1014 1647 1060 et
1694 1005 2146 1061 commovebuntur
2178 1007 2251 1061 si-
2348 1018 2542 1065 neutra
2553 1016 2709 1078 parte
2727 1023 2904 1079 neque
2921 1009 3201 1080 istineque
3221 1012 3631 1086 illitemperantize
3649 1027 3793 1075 tenean-

664 1102 903 1160 mulacra
928 1101 1145 1174 χερειρή
1177 1119 1211 1155 a
1237 1100 1372 1172 facie
1396 1100 1509 1172 ejus
1551 1099 1686 1172 (Isa.
1721 1099 1857 1171 xxx).
1905 1098 2113 1155 Nubem
2172 1100 2251 1155 lc-
2352 1107 2444 1155 tur
2460 1100 2703 1165 habenis,
2717 1100 2816 1156 sed
2833 1101 3792 1179 utriquejprtecipitesperahmpum.

662 1210 807 1262 vem,
848 1208 1045 1265 corpus
1091 1192 1342 1249 videlicet
1391 1192 1718 1257 humanum,
1745 1191 1888 1262 quod
1934 1206 2000 1246 ex
2048 1191 2254 1262 virgine
2353 1200 2493 1256 rant,
2523 1190 2806 1261 etdispari
2843 1207 3006 1249 cursu
3050 1192 3310 1267 ferantur,
3356 1212 3457 1254 uno
3479 1206 3793 1257 tamencum

667 1293 1033 1356 assumpserat
1076 1283 1220 1339 nulla
1240 1283 1489 1338 humana:
1511 1281 1904 1353 commistionis
1930 1280 2088 1337 sorde
2117 1297 2253 1352 prm-
2352 1300 2563 1355 sponsae
2588 1284 2793 1341 Christi
2836 1285 3111 1353 Eccledaa,
3158 1288 3241 1345 cui
3289 1289 3397 1360 ipse
3442 1290 3554 1347 dicit
3581 1291 3623 1346 in
3641 1290 3795 1349 (laticis

665 1392 949 1455 gravatum
975 1402 989 1438 :
1014 1379 1310 1455 Egyptum
1336 1381 1594 1436 mundum
1614 1377 1800 1435 volens
1823 1376 2048 1448 intelligi
2073 1395 2086 1431 :
2111 1376 2256 1447 quod
2355 1376 2716 1441 canticorum,
2751 1374 2883 1432 Tota
2907 1378 3144 1449 speciosa
3163 1395 3237 1446 es,
3287 1381 3447 1435 antica
3463 1398 3580 1448 mea,
3608 1392 3646 1437 et
3664 1384 3795 1437 and:

665 1484 723 1533 et
748 1490 847 1549 per
868 1473 1158 1532 Jeremiam
1180 1486 1317 1544 pene
1338 1469 1531 1527 iisdem
1556 1469 1737 1526 verbis
1765 1484 1823 1526 se
1852 1467 2053 1525 dudum
2085 1466 2258 1524 factu-
2355 1485 2461 1525 non
2496 1478 2572 1526 eu
2598 1470 2654 1524 in
2679 1479 2729 1525 te
2762 1468 2941 1541 (Cant.
2988 1470 3070 1542 ll),
3110 1470 3373 1527 maculam
3409 1471 3587 1529 inferre
3602 1482 3794 1538 coluntur,

666 1586 788 1627 rum
832 1583 952 1625 esse
984 1566 1325 1641 promiserat,
1358 1563 1541 1621 dicens
1568 1580 1582 1616 :
1612 1561 1923 1633 Disperdam
1948 1560 2254 1626 simulacra,

666 1670 717 1718 et
761 1677 961 1717 cessare
1006 1658 1201 1730 faciam
1243 1654 1387 1711 idola
1423 1654 1488 1709 de
1544 1651 1801 1723 Memphis
1857 1651 2074 1723 (Ezech.
2102 1649 2252 1722 nx).

572 1818 577 1825 ε
668 1763 697 1794 ι
726 1751 890 1809 Gesta
909 1758 1170 1822 praeterea
1197 1754 1282 1802 est
1304 1744 1474 1802 ferme
1503 1752 1629 1801 ante
1661 1742 1951 1801 triennium
1993 1749 2049 1797 et
2088 1740 2258 1797 altera

2355 1561 2484 1623 dum
2519 1571 2576 1617 et
2597 1561 2673 1619 illi
2701 1561 2753 1617 ei
2772 1563 2912 1618 bene
2941 1563 3127 1625 habita
3157 1563 3402 1634 abjicere,
3438 1573 3489 1621 et
3508 1564 3583 1620 isti
3614 1566 3714 1621 bene
3738 1565 3798 1621 ha-

2356 1653 2487 1711 bitis
2518 1654 2658 1711 male
2684 1654 2762 1710 uti
2786 1656 3044 1722 suadent;
3087 1657 3215 1712 dum
3252 1657 3448 1714 scilicet
3480 1665 3527 1712 et
3564 1656 3626 1713 illi
3649 1658 3684 1714 ei
3696 1673 3797 1714 oma-

2360 1752 2541 1801 menta
2564 1744 2777 1802 auferre
2794 1745 3031 1812 student,
3058 1754 3115 1802 et
3125 1748 3215 1803 isti
3243 1763 3360 1804 eam
3379 1757 3647 1805 ornamenta
3656 1750 3799 1805 adorare

666 1819 1037 1920 synodus'illis
1067 1841 1123 1896 in
1149 1839 1409 1912 partibus,
1432 1836 1500 1893 ab
1529 1848 1716 1891 eorum
1752 1833 1845 1904 qui
1880 1833 2116 1905 priorem
2138 1847 2256 1903 ges-
2283 1819 2334 1883 Β
2357 1846 2705 1908 permovent;
2767 1853 2888 1908 quae
2934 1838 3042 1894 duo
3070 1840 3233 1908 mala,
3276 1848 3336 1896 ut
3376 1838 3560 1915 praafati
3592 1856 3737 1907 sumus,
3761 1840 3801 1896 dt

668 1942 855 1993 serant
883 1932 1305 1997 successoribus,
1330 1929 1413 1985 vel
1445 1944 1477 1983 a
1523 1926 1795 1999 plerisque
1839 1924 1933 1997 qui
1980 1924 2036 1981 in
2079 1924 2260 1996 priore

669 2030 839 2087 fuisse
877 2034 1208 2084 narrantur:
1240 2038 1360 2095 quae
1409 2031 1589 2078 tamen
1636 2033 1944 2090 quanquam
1999 2032 2030 2071 a
2080 2015 2261 2088 priore

669 2124 832 2179 distet
860 2131 1005 2187 voto,
1031 2133 1137 2174 non
1162 2125 1344 2172 tamen
1366 2115 1530 2170 distat
1547 2126 1763 2178 errore;
1809 2119 1865 2167 et
1889 2111 1936 2167 si
1959 2109 2143 2179 dispar
2177 2116 2263 2163 est

668 2218 906 2288 negotio,
932 2220 1219 2269 esttamen
1246 2222 1467 2277 compar
1488 2204 1720 2277 ﬂagitio;
1759 2212 1963 2260 etcum
1990 2202 2064 2258 sit
2083 2210 2262 2272 poste-

668 2309 784 2367 rior
811 2316 1069 2376 tempore,
1097 2317 1207 2357 non
1244 2308 1425 2356 tamen
1448 2305 1533 2353 est
1558 2295 1829 2369 posterior
1863 2292 2110 2350 crimine.
2152 2290 2262 2348 Nec

668 2398 942 2457 immerito
981 2396 1035 2451 in
1082 2392 1243 2451 unius
1289 2387 1494 2447 baratri
1542 2402 1819 2457 caenosum
1869 2384 2065 2449 lacum.
2093 2397 2264 2453 (luan—

669 2505 835 2564 quam
858 2503 957 2560 per
995 2485 1209 2543 diversa
1233 2481 1527 2547 ﬂuitantes,
1549 2477 1820 2536 conﬂuere
1843 2475 2114 2540 videntur,
2142 2488 2264 2544 qua:

642 2580 741 2654 {ab
776 2584 937 2639 unius
974 2579 1252 2654 jactantizn
1289 2588 1345 2636 et
1376 2593 1530 2634 vanae
1557 2576 1733 2633 laudis
1767 2574 1915 2631 fonte
1951 2571 2265 2631 scaturiisse

538 2665 987 2794 ,v‘creduntur.
1014 2672 1141 2730 Haec
1173 2671 1340 2737 enim,
1361 2668 1817 2731 anathematizata
1859 2674 1918 2722 et
1957 2665 2266 2721 abominata

675 2786 794 2794 ---μ
828 2768 936 2794 ---:-
966 2767 1272 2794 “unum..-
1298 2764 1479 2794 ..-ιη-..ιι
1529 2761 1791 2794 tutu-ann.
1834 2775 1965 2794 nanos:
1992 2758 2142 2794 nstin-
2164 2769 2265 2794 non

671 2786 801 2828 cum
827 2768 940 2826 suis
964 2767 1275 2827 auctoribus
1298 2764 1502 2837 priore,
1529 2761 1813 2834 imagines,
1833 2775 1968 2832 quas
1992 2758 2142 2830 prior
2164 2769 2267 2813 nec

671 2866 839 2923 etiam
863 2877 1087 2920 cernere
1109 2861 1452 2934 permiserat,
1476 2858 1706 2916 adorare
1726 2854 2029 2927 compellit;
2058 2861 2115 2907 et
2139 2852 2264 2908 ubi-

674 2970 890 3025 cunque
926 2955 1041 3011 sive
1081 2952 1138 3007 in
1161 2950 1358 3011 divinae
1384 2948 1682 3019 Scriptura
1709 2946 1862 3009 locis,
1885 2944 2000 3000 sive
2038 2938 2096 2999 in
2138 2958 2265 2997 san-

666 3048 887 3107 ictorum
913 3044 1136 3101 Patrum
1178 3039 1602 3105 commentariis,
1628 3051 2005 3109 quamcunque
2050 3049 2266 3105 repere-

2350 1926 2632 1998 jactantia
2678 1930 2829 1985 fonte
2879 1929 3231 2000 pullularunt.
3294 1932 3521 2003 Dumque
3570 1932 3707 1988 volunt
3738 1931 3799 1986 ln-

2360 2038 2549 2078 manos
2588 2023 2820 2091 favores,
2859 2031 2916 2079 et
2960 2025 3149 2080 vocari
3202 2025 3269 2081 ab
3318 2025 3589 2082 hominibus
3615 2024 3751 2090 Rabbi,
3771 2034 3804 2079 et

2361 2128 2488 2170 snas
2526 2114 2712 2170 laudes
2760 2115 2873 2173 suis
2914 2115 3163 2186 apicibus
3189 2115 3478 2191 praﬂgunt,
3511 2130 3597 2173 nec
3620 2117 3805 2172 attendunt

2361 2207 2505 2279 quod
2526 2223 2625 2278 per
2646 2208 2934 2279 quemdam
2977 2208 3280 2280 sapientem
3323 2209 3535 2265 dicitur:
3580 2207 3748 2262 Laudent
3773 2216 3802 2260 ιι

2360 2298 2477 2366 alii,
2532 2308 2581 2355 et
2606 2316 2711 2354 non
2747 2316 2805 2355 os
2851 2309 3020 2366 tuum,
3059 2311 3359 2370 extraneas,
3403 2312 3561 2357 etnon
3608 2299 3804 2370 (inputa

2360 2393 2544 2466 (Prae.
2569 2394 2773 2464 xxvii):
2816 2393 3024 2451 relictis
3048 2395 3351 2465 priscorum
3383 2393 3578 2449 Patrum
3601 2391 3825 2461 traditioni:

2362 2491 2485 2559 bus,
2519 2491 2613 2561 qui
2635 2489 2901 2560 imagines
2927 2505 3037 2545 non
3072 2490 3253 2547 colere
3288 2495 3573 2556 sanxerunt,
3604 2485 3676 2542 sed
3698 2484 3735 2540 in
3754 2470 3831 2539 οιιῖ

2363 2590 2619 2641 iumento
2636 2582 2990 2639 ecclesiarum
3019 2583 3227 2639 habere
3247 2582 3493 2648 siverunt,
3521 2593 3657 2635 novas
3672 2576 3807 2633 etinso-
3832 2632 3835 2641 ί

2363 2678 2491 2732 litas
2511 2675 2768 2733 Ecclesiae
2794 2676 3044 2731 nituntur
3064 2674 3272 2731 inferre
3287 2673 3661 2739 constitutiones,
3689 2668 3808 2742 quibus

2364 2772 2417 2828 ei
2436 2770 2702 2827 maculam
2727 2770 2907 2841 potius
2938 2784 3101 2839 quam
3126 2768 3372 2825 decorem
3397 2767 3641 2824 ascribant.
3681 2758 3810 2817 Νειωεί

2364 2877 2532 2918 novas
2564 2862 2974 2918 constitutiones
3008 2860 3269 2917 Ecclesia:
3293 2860 3520 2931 ingerere
3538 2851 3808 2926 jactanﬁaesk

2366 2956 2599 3011 schisma
2629 2963 2745 3010 est:
2770 2951 2913 3025 quod
2927 2961 3109 3009 tamen
3133 2954 3192 3010 in
3216 2952 3444 3008 Ecclesia
3467 2948 3573 3017 ﬁeri
3594 2961 3670 3001 non
3687 2942 3809 2998 debet:

2366 3046 2511 3117 quod
2530 3046 2577 3101 si
2606 3042 2839 3102 schisma
2863 3052 2964 3111 est,
2991 3045 3209 3100 macula
3233 3052 3333 3109 est,
3371 3057 3481 3113 qua:
3500 3040 3547 3095 in
3568 3037 3718 3109 Sponsa
3739 3043 3813 3087 esse

668 3128 804 3238 μω
838 3137 1135 3208 imaginum
1156 3134 1490 3195 mentionem
1514 3145 1644 3201 erga
1666 3145 1779 3187 suae
1801 3129 2096 3187 voluntatis
2123 3127 2264 3183 orbi.

2366 3146 2613 3210 negatur.
2671 3136 2727 3192 Si
2755 3136 2916 3208 igitur
2955 3151 3127 3192 novas
3154 3133 3544 3192 constitutiones
3567 3122 3814 3224 Ecclesiast-

658 3214 844 3288 itrium
868 3236 1085 3286 vertunt
1103 3228 1162 3289 in
1185 3225 1575 3285 adol-stionem.
1617 3224 1733 3280 Nec
1762 3222 1990 3279 minoris
2021 3220 2268 3277 absurdi-

677 3324 806 3385 tatis
833 3324 994 3395 spiris
1036 3322 1094 3379 hi
1130 3326 1525 3381 connectuntur
1571 3318 1627 3374 in
1668 3318 1869 3374 habere
1917 3323 1973 3373 et
2018 3315 2264 3381 adorare,

677 3432 842 3490 quam
868 3415 947 3473 illi
968 3414 1200 3477 connexi
1227 3421 1355 3471 sunt
1379 3413 1437 3470 in
1468 3412 1704 3483 imagine
1730 3418 1787 3467 et
1826 3409 1991 3476 idolo,
2017 3423 2144 3465 eum
2188 3408 2269 3464 illi

678 3508 968 3582 imaginem
1001 3514 1058 3565 et
1094 3506 1319 3573 idolum,
1356 3504 1446 3561 isti
1491 3504 1693 3561 habere
1722 3510 1781 3558 et
1815 3502 2074 3568 adorare,
2101 3513 2268 3555 unum

677 3617 803 3663 esse
828 3607 1118 3673 putarunt,
1143 3615 1266 3672 quae
1305 3607 1488 3654 tamen
1519 3611 1552 3652 a
1581 3611 1642 3653 se
1688 3594 1918 3652 invicem
1965 3594 2186 3660 distant,
2214 3598 2270 3648 et

677 3695 995 3753 diversitate
1011 3692 1091 3749 rei
1112 3699 1168 3749 et
1185 3691 1444 3748 societate
1462 3688 1865 3761 pmdicannnti
1887 3702 1903 3742 :
1927 3687 2125 3758 quippe
2144 3701 2266 3742 cum

677 3802 847 3849 unum
876 3786 1092 3843 illorum
1122 3785 1194 3841 sit
1236 3782 1470 3848 habitus,
1501 3780 1732 3837 alterum
1777 3792 1956 3852 agere.
2010 3777 2146 3833 Nam
2174 3778 2269 3837 illa

677 3875 782 3931 etsi
809 3890 1002 3945 magna
1027 3874 1227 3931 distent
1241 3869 1769 3935 diﬂ‘erentia,saltem
1792 3870 1846 3924 in
1868 3883 1933 3925 eo
1945 3867 2263 3939 junguntur,

579 3993 584 3997 -
678 3963 824 4034 quod
843 3978 1006 4018 unum
1037 3962 1265 4033 species,
1290 3962 1520 4017 alterum
1542 3975 1711 4031 genus
1733 3968 1851 4016 est:
1879 3960 1999 4015 haec
2022 3973 2152 4013 vero
2166 3972 2266 4013 nec

679 4066 897 4122 genere,
925 4065 1025 4106 nec
1066 4051 1262 4122 specie,
1286 4066 1388 4106 nec
1433 4049 1542 4106 ulla
1589 4048 1957 4118 hujuscemodi
2009 4048 2268 4103 societate

679 4142 785 4201 sibi
810 4143 1100 4208 cohaerent,
1113 4157 1239 4201 cum
1255 4149 1312 4198 et
1332 4142 1547 4197 adorari
1566 4141 1774 4209 possint
1794 4154 1916 4209 qua:
1935 4154 2042 4195 non
2069 4140 2269 4195 haben—

681 4240 791 4301 tur,
812 4241 869 4289 et
912 4231 1101 4289 haberi
1143 4246 1264 4301 quae
1306 4246 1415 4289 non
1448 4230 1759 4286 adorantur.
1800 4227 2000 4299 Sicque
2050 4228 2265 4299 rejectis

682 4324 1065 4387 moderaminis
1093 4322 1431 4387 retinaculis,
1459 4330 1516 4379 et
1544 4320 1788 4393 neglecto
1816 4322 1959 4392 quod
2005 4324 2073 4379 ab
2119 4326 2264 4379 anti-

681 4420 805 4491 quis
835 4435 940 4475 non
980 4418 1271 4487 incongrue
1313 4415 1517 4471 dictum
1548 4423 1632 4470 est
1664 4416 1952 4485 proverbio
1978 4434 1991 4471 :
2024 4416 2107 4471 Ne
2136 4419 2262 4488 quid

2368 3247 2555 3305 gerere
2573 3229 2833 3301 iactantia
2856 3238 2961 3295 est,
2990 3229 3206 3284 macula
3226 3226 3411 3299 procul
3437 3224 3578 3281 dubio
3595 3229 3673 3287 est,
3690 3230 3769 3288 quit
3781 3212 3813 3269 in

2367 3339 2564 3397 sponsa
2579 3337 2700 3379 esse
2722 3329 2969 3393 negatur.
3057 3321 3218 3378 Unde
3255 3321 3410 3377 datur
3434 3315 3622 3385 intelligi
3642 3326 3717 3367 non
3739 3320 3814 3363 eum

2366 3432 2487 3475 esse
2523 3417 2757 3473 amicum
2781 3415 2983 3487 sponsi,
3010 3415 3105 3488 qui
3142 3415 3281 3471 adeo
3300 3430 3407 3471 sua:
3426 3412 3579 3468 laudis
3598 3405 3682 3463 vult
3700 3415 3815 3460 cumu-
3888 3464 3889 3481 η

2366 3509 2481 3566 lare
2508 3524 2785 3574 cacumen,
2808 3515 2867 3564 ut
2889 3522 2987 3579 per
3009 3523 3261 3566 errorum
3282 3516 3433 3565 notas
3455 3523 3549 3563 non
3567 3508 3750 3561 vereatur
3765 3508 3816 3550 ec-

2366 3597 2731 3656 clesiasticum
2757 3599 3057 3655 obtundere
3078 3615 3343 3667 acumen;
3368 3613 3429 3655 ac
3453 3612 3538 3672 per
3559 3595 3643 3651 hoc
3662 3590 3697 3647 si
3721 3601 3817 3658 spon-

2367 3705 2485 3747 sam
2512 3689 2723 3745 macula
2757 3703 2866 3745 non
2904 3688 3077 3754 decet,
3113 3704 3240 3746 eam
3271 3690 3321 3746 ei
3374 3687 3537 3745 nullus
3558 3679 3701 3751 conari
3723 3676 3819 3732 debet

2364 3779 2698 3852 imprimere:
2740 3794 2901 3849 quam
2925 3779 2969 3835 si
3001 3778 3186 3837 nullus
3215 3779 3397 3836 conari
3426 3778 3566 3836 debet
3611 3767 3819 3839 imprimere
3886 3816 3887 3845 ι

2366 3873 2460 3943 qui
2496 3878 2742 3934 conatur,
2778 3883 2977 3939 sponso
3006 3867 3267 3940 iniuriam
3289 3869 3432 3926 facit.
3491 3866 3543 3922 Si
3573 3863 3700 3936 igitur
3721 3870 3819 3927 spon-

2367 3977 2482 4018 sam
2507 3959 2717 4016 macula
2751 3974 2860 4015 non
2884 3960 3058 4027 decet,
3088 3969 3146 4017 et
3180 3976 3369 4018 revera
3398 3974 3496 4016 non
3522 3948 3739 4021 decennii
3768 3960 3819 3999 εο-

2366 4061 2529 4109 natur
2548 4052 2876 4122 imprimere,
2907 4066 3103 4122 sponso
3131 4051 3389 4123 injuriam
3410 4048 3545 4106 facit.
3572 4042 3661 4101 Nos
3676 4037 3822 4106 detriti“

2365 4145 2713 4217 propheticis,
2745 4144 3068 4217 evangelicis
3093 4154 3152 4200 et
3185 4144 3488 4216 apostolicis
3508 4131 3821 4208 Scripturiscoo.

2367 4216 2501 4294 tenti
2530 4242 2584 4293 et
2606 4216 2916 4294 sanctorum
2940 4236 3366 4294 orthodoxorum
3388 4234 3603 4297 Patrum,
3633 4224 3703 4299 qui
3720 4216 3822 4275 nulla
3884 4216 3885 4227 ‘

2368 4340 2525 4386 tenus
2563 4331 2616 4387 in
2644 4331 2757 4387 suis
2789 4329 3132 4401 dogmatibus
3162 4331 3234 4386 ab
3281 4346 3346 4385 eo
3383 4328 3468 4399 qui
3494 4334 3567 4382 est
3602 4322 3684 4385 ria,
3708 4312 3822 4370 seu!“

2366 4423 2554 4490 eluito,
2581 4423 2882 4490 deviarunt,
2906 4422 3171 4479 institutis
3197 4424 3408 4488 imbuti,
3440 4429 3490 4477 et
3510 4418 3735 4475 sanctasel
3753 4402 3821 4460 υιιί·

682 4510 859 4576 nimis,
884 4506 1269 4563 mediocritatis
1299 4504 1432 4561 calle
1474 4506 1810 4575 transmisso,
1836 4522 1936 4578 per
1961 4508 2113 4564 devia
2145 4525 2266 4579 gra-
2288 4526 2343 4589 υ
2367 4515 2602 4571 versales
2627 4531 2721 4572 sex
2744 4515 2994 4588 synodos,
3034 4531 3155 4585 qum
3175 4531 3278 4587 pro
3301 4514 3459 4569 variis
3478 4514 3759 4567 ιιευτεεροτυω
3776 4495 3821 4546 in-
3882 4572 3883 4579 γ

684 4599 939 4655 diuntur:
965 4596 1130 4653 veluti
1167 4595 1215 4652 si
1246 4596 1367 4666 quis
1404 4595 1615 4651 cuidam
1661 4597 2000 4669 multiloquio
2051 4602 2265 4656 vacanti

685 4696 1164 4761 temperamentum
1208 4689 1264 4745 in
1306 4688 1576 4758 loquendo
1612 4690 1850 4746 indiwre
1875 4707 2090 4758 curans,
2115 4694 2205 4749 ille
2234 4709 2264 4750 e

680 4782 955 4837 contrario
979 4781 1114 4839 adeo
1138 4778 1353 4836 silentio
1385 4778 1618 4842 studeat,
1661 4786 1724 4832 ut
1756 4788 1936 4836 mutus
1978 4780 2258 4849 eﬂiciatur,

680 4877 739 4927 et
759 4869 847 4924 cui
876 4869 1110 4932 dedecus
1138 4868 1417 4937 ingerebat
1443 4867 1748 4924 inordinata
1774 4868 2091 4939 loquacitas,
2108 4872 2267 4927 dede-

681 4975 780 5017 cus
806 4958 1155 5019 nihilominus
1182 4958 1393 5029 ingerat
1420 4958 1689 5015 desidiosa
1714 4962 2073 5018 taciturnitas:
2086 4962 2193 5019 Aut
2217 4962 2263 5018 si

680 5051 804 5122 quis
828 5049 1071 5109 medicus
1086 5057 1437 5121 agminum
1463 5051 1790 5111 temulentis:
1813 5062 2024 5125 arguat,
2048 5054 2141 5111 ille
2169 5069 2267 5126 pu-

680 5222 905 5306 parolus
937 5220 1357 5306 Magnus._A_pnd
1377 5220 1757 5306 Theophanem
1794 5227 1855 5306 in_
1884 5228 2024 5285 Hist.
2056 5210 2283 5306 Misce].

683 5292 1211 5374 leguntur_episcop_i,
1237 5292 1385 5352 ﬁnita
1411 5292 1615 5374 synodo
1646 5317 1664 5350 ι
1696 5299 1952 5374 populum
1974 5316 2168 5374 manus
2206 5302 2263 5359 in

683 5361 851 5448 altum
883 5361 1074 5448 tgllere
1104 5361 1603 5448 iubentes,__laztum
1642 5361 1929 5440 strepitum
1968 5370 2257 5448 excitasse,

685 5441 849 5516 atque
882 5433 1012 5490 illud
1034 5433 1548 5516 protulisse,_ilonls
1579 5433 1988 5516 sstusyunno:
2018 5433 2261 5516 quando;

685 5504 900 5577 quidem
936 5504 1100 5577 opera
1141 5516 1252 5576 tua,
1292 5504 1678 5582 o'imperator,
1719 5511 1875 5568 idolis
1912 5504 2126 5568 liberati
2175 5530 2265 5569 su-

689 5591 827 5632 ιηυε.
869 5596 887 5629 ι

758 5659 783 5687 ι
815 5646 977 5721 Gesta,
990 5658 1247 5721 prwterea
1273 5661 1345 5705 est
1371 5650 1531 5721 ferme
1558 5660 1679 5706 ante
1710 5651 1990 5708 triennium
2022 5662 2069 5707 et
2095 5652 2263 5708 altera

684 5718 914 5793 synodus
959 5718 1078 5793 illis
1106 5719 1161 5774 in
1197 5718 1549 5793 partib'.,etc.
1589 5722 1781 5793 Nicaea:
1814 5721 1869 5776 in
1908 5723 2157 5793 Bithynia
2194 5724 2261 5778 ab

685 5788 1013 5859 imperatore
1040 5788 1390 5845 Constantino
1413 5791 1499 5847 Vll
1527 5792 2003 5863 Porphyrogcneto
2026 5788 2081 5849 et
2104 5794 2260 5849 Irena

2366 4605 2742 4663 festationibus
2766 4624 2797 4660 a
2818 4607 3018 4663 sanctis
3037 4615 3090 4662 et
3106 4605 3497 4662 venerabilibus
3509 4594 3821 4684 l’atribusgtat3
3882 4590 3883 4595 “

2364 4708 2509 4767 sunt,
2538 4699 2910 4769 suscipientes,
2944 4712 3130 4755 omnes
3154 4699 3421 4755 novitates
3448 4708 3634 4757 vocum,
3657 4695 3699 4741 et
3717 4677 3822 4737 εωιιί-

2363 4792 2555 4862 loquas
2602 4792 3009 4847 adinventiones
3053 4790 3367 4861 abjicimus:
3410 4798 3462 4845 et
3498 4800 3591 4842 non
3615 4778 3822 4862 εοιιιωηξιι

2364 4882 2704 4953 suscipimus,
2753 4897 2940 4939 verum
2981 4858 3147 4938 etiam
3172 4895 3429 4956 tanquam
3464 4858 3824 4952 purgamen“?

2365 4974 2639 5045 spicimus,
2695 4975 2833 5030 sicut
2879 4984 2933 5030 et
2978 4988 3101 5033 eam
3128 4990 3269 5046 qua:
3298 4981 3513 5047 propter
3539 4956 3822 5047 adnuntiat“

2364 5044 2659 5139 imaginum
2704 5044 3220 5137 impudentissimam
3258 5044 3588 5122 traditionem
3626 5057 3671 5112 in
3709 5044 3823 5112 Bia”

2363 5250 2669 5337 arma!»
2696 5237 3745 5337 Etesizszzses-Atﬁamam

2364 5301 2651 5377 numerus,
2693 5328 2817 5369 cum
2860 5313 2975 5369 hac
3016 5301 3254 5384 svnodus
3296 5308 3537 5367 Francol’.
3578 5301 3810 5384 mm:

2363 5368 2487 5453 toto
2508 5368 2811 5453 septennia
2842 5368 3111 5453 posterior
3130 5368 3216 5439 sit
3238 5368 3267 5437 7:
3301 5390 3394 5437 aut
3437 5388 3574 5453 certe

2363 5428 2501 5520 διῖἷά
2522 5428 3404 5563 ξτῆεῖῶυὲῗᾶἷιὶῗὴξηήῗηῖι
3430 5428 3643 5506 eti-ritas
3670 5428 3824 5507 ςῃιόάεζε

2369 5523 2626 5563 "illus-5m
2663 5525 2716 5563 in
2742 5525 2974 5563 nnrla'lnan
3019 5532 3105 5563 nlo
3198 5523 3318 5563 nun
3342 5531 3494 5563 mnia
3516 5516 3659 5563 umbo
3680 5498 3826 5561 habebit

2362 5498 3659 5594 ᾔᾶῐυιᾶω’”ῗιῖἶνὶιῖἷίὶκῖῗὲιὲἷξ’ὀὶὶῖῥὶοὶῖιὶὼδο
3673 5498 3811 5594 Et"???

2361 5573 2717 5665 fearing;
2741 5573 2900 5665 an;
2917 5573 3124 5662 ait;
3140 5573 3369 5650 ἱηὶᾶἑῐιίτ
3378 5573 3532 5665 ita;
3560 5573 3827 5665 qmd§{“f

2362 5645 3341 5739 eisiis}"i‘éin’iiifcéiféf'éehéi-Sﬁ'
3362 5645 3490 5720 me
3514 5656 3654 5718 inira,
3689 5645 3760 5702 ιίιι.
3780 5647 3826 5699 ιτ,
3876 5678 3877 5695 ι

2360 5750 2483 5804 cap.
2513 5736 2581 5793 i5
2617 5744 2672 5792 et
2701 5751 2821 5806 cap.
2845 5736 2935 5792 ΞΔ.
