3990 6302
222 316 343 379 1008

1023 316 1202 378 ΜΒΝ
1237 314 1580 378 CAROLINI.
1609 350 1684 365 --
1712 314 1934 381 CAPIT.
1978 317 2068 382 DE
2102 317 2291 384 IMAG.
2332 356 2403 370 —-
2439 323 2573 385 LIB:
2605 325 2648 387 l.

3332 338 3471 401 I006

218 434 312 491 nim
335 432 582 503 parum“
610 438 763 504 seu.
788 440 891 501 εει,
944 434 1228 506 synodum,
1305 434 1471 504 cujus
1504 436 1787 506 scriptum
1810 441 1861 503 Α
1887 439 2122 494 secunda
2135 439 2318 510 priore
2334 441 2609 498 destructa
2623 443 2929 516 computari
2947 444 3163 520 debeat,
3178 452 3237 508 in
3250 468 3477 525 aequest.

217 534 381 583 textus
406 525 712 597 eloquentia
735 534 1006 599 sensuque
1024 543 1216 584 carens
1241 528 1312 583 ad
1334 544 1436 583 nos
1465 543 1634 600 usque
1654 544 1782 599 per-

216 616 368 671 venit.
408 617 608 673 Contra
641 618 794 689 cujus
829 632 1046 675 errores
1077 620 1199 675 ideo
1245 620 1483 676 scribere
1516 620 1784 692 compulsi

214 725 407 776 sumus,
453 721 512 767 ut
556 713 730 769 sicubi
779 712 922 769 forte
969 721 1062 769 aut
1089 730 1283 772 manus
1318 716 1634 781 tenentium,
1693 721 1788 770 aut

212 819 359 860 aures
393 805 726 862 audientium
763 807 1050 877 inquinare
1092 810 1396 875 tentaverit,
1440 809 1611 865 nostri
1660 809 1785 880 styli

212 895 503 953 divinarum
519 896 925 969 Seripturarum
937 901 1258 956 auctoritate
1274 902 1466 957 armati
1484 902 1789 958 invectione

209 988 427 1058 pellatur
459 1006 473 1043 :
519 997 575 1046 et
621 992 874 1059 inertem,
910 993 995 1048 vel
1022 996 1201 1063 potius
1231 995 1493 1051 inermem
1524 994 1788 1051 Orientali

208 1077 269 1135 de
290 1090 443 1151 parte
461 1082 769 1138 venientem
799 1083 1008 1140 hostem
1026 1083 1262 1141 Occidua
1278 1085 1334 1140 in
1357 1094 1513 1156 parte
1538 1101 1638 1156 per
1663 1100 1784 1151 nos,

210 1168 409 1227 favente
446 1171 575 1239 Deo,
624 1172 788 1228 allata
815 1182 1130 1230 sanctorum
1157 1175 1379 1231 Patrum
1415 1175 1684 1232 sententia
1710 1172 1790 1228 fe-

206 1261 322 1316 riat.
346 1274 373 1303 ι
409 1262 723 1334 Quodopus
766 1266 1005 1338 aggressi
1052 1281 1239 1323 sumus
1274 1282 1397 1323 cum
1442 1265 1788 1322 conhibentia

206 1354 539 1429 sacerdotum
564 1356 621 1411 in
640 1371 808 1429 regno
823 1372 854 1413 a
879 1358 989 1413 Deo
1036 1358 1193 1415 nobis
1216 1373 1476 1417 concesso
1502 1358 1789 1415 catholicis

203 1419 451 1519 ﬁegibus
476 1419 845 1518 praeiatoimm,
871 1466 977 1506 non
1000 1452 1326 1522 arrogantia:
1352 1452 1662 1523 supercilio,
1691 1451 1790 1507 sed

203 1538 316 1593 seio
336 1538 432 1595 Dei
454 1549 511 1595 et
533 1539 779 1597 veritatis
798 1542 1006 1598 studio:
1049 1543 1306 1614 quoniam
1343 1545 1485 1600 sicut
1516 1542 1681 1614 iustis
1730 1551 1790 1599 et

201 1620 436 1687 honestis
470 1633 634 1689 rebus
667 1635 936 1692 mhmrere
963 1645 1232 1705 sanctum,
1271 1638 1345 1693 ita
1382 1638 1640 1695 nimirum
1665 1652 1790 1709 pes-

201 1722 348 1778 simis
365 1732 422 1779 et
442 1724 763 1781 inordinatis
787 1729 949 1784 rebus
971 1729 1209 1784 animum
1223 1730 1632 1785 accommodare
1658 1744 1785 1799 pec-

1890 533 2052 600 tibus,
2068 549 2189 589 cum
2206 548 2293 590 res
2305 536 2567 607 exegerit,
2584 537 2914 608 diligentius,
2932 555 3208 601 minuente
3222 545 3473 616 Donu'no,

1889 625 2299 695 disputabimus,
2341 644 2460 697 quae
2505 629 2713 686 scilicet
2738 629 2881 689 haud
2915 648 3074 692 secus
3115 651 3214 692 sex
3255 640 3478 711 synodi-

1887 716 2280 787 aiquiparandaa
2298 726 2441 788 sunt,
2456 736 2618 790 quam
2640 723 3034 782 Ruhenitarum
3059 735 3114 784 et
3131 727 3473 799 Gaditanam,

1888 819 1943 865 et
1968 811 2204 868 dimidiae
2226 813 2402 869 tribus
2424 813 2670 872 Manasse
2702 817 2879 875 altare
2907 819 3069 876 altari
3094 822 3240 891 quod
3260 837 3360 894 per
3395 825 3476 882 Ie-

1887 901 2198 972 gislatorem
2235 905 2462 960 Domino
2488 904 2715 975 iubente
2753 911 3034 966 conditum
3078 919 3183 980 est,
3232 915 3472 986 διείρα-

1888 992 2001 1047 rari
2039 994 2213 1063 potuit
2248 1012 2261 1048 :
2298 995 2451 1065 cujus
2505 1007 2754 1055 auderes
2787 1000 3068 1059 Israelitici
3101 1003 3266 1074 gladii
3322 1005 3477 1064 furor

1888 1091 2145 1151 vastaret,
2177 1086 2283 1142 nisi
2309 1085 2581 1145 fraternas
2616 1090 2731 1146 iras
2762 1092 2983 1163 supplex
3012 1094 3282 1151 confessio
3312 1098 3475 1157 mista

1886 1176 2139 1245 precibus
2183 1180 2522 1248 praeveniret.
2588 1180 2699 1238 Nos
2746 1183 2978 1254 denique
3024 1184 3177 1242 Isaia
3222 1188 3478 1246 vaticinio

1890 1268 2052 1334 docti,
2095 1269 2190 1341 qui
2206 1269 2360 1335 dicit,
2389 1270 2522 1327 [lare
2545 1274 2649 1341 ria,
2683 1274 3036 1345 ambulatejn
3068 1294 3154 1345 ea,
3186 1296 3292 1335 non
3314 1278 3478 1337 dedi-

1890 1361 2083 1416 nabitia
2114 1362 2180 1416 ab
2203 1380 2288 1429 ea,
2314 1366 2477 1436 neque
2501 1365 2572 1419 ad
2599 1366 2868 1423 dexteram
2905 1385 3068 1441 neque
3097 1371 3166 1426 ad
3205 1372 3479 1429 εἰπὶεινοα

1890 1450 2027 1525 (Ira.
2049 1454 2212 1527 xxx);
2252 1454 2568 1514 etdoctoris
2600 1458 2843 1530 gentium
2880 1461 3252 1533 pradicationi
3283 1465 3476 1524 admo-

1889 1544 2012 1612 niti,
2050 1547 2145 1617 qui
2172 1563 2274 1605 nos
2297 1548 2441 1605 viam
2465 1551 2671 1622 regiam
2700 1560 2888 1609 tenere
2906 1554 3143 1613 instituit
3168 1596 3185 1624 ,
3215 1557 3479 1633 imagines

1890 1637 1947 1693 in
1976 1640 2312 1697 ammentis
2339 1642 2695 1700 ecclesiarum
2722 1651 2780 1701 et
2800 1647 3064 1704 memoria
3092 1663 3273 1706 rerum
3300 1659 3478 1722 gesta-

1891 1746 2011 1786 rum
2040 1726 2324 1801 habentes,
2356 1744 2411 1789 et
2434 1735 2613 1791 solum
2635 1735 2805 1793 Deum
2828 1738 3121 1797 adorantes
3141 1749 3197 1797 et
3224 1738 3480 1810 eiusat»

200 1829 325 1872 care
345 1824 447 1872 est.
518 1816 670 1873 Unde
701 1828 757 1873 et
794 1819 962 1875 David
1000 1821 1143 1891 quod
1184 1821 1474 1879 societates
1518 1820 1785 1877 malorum
1815 1814 1866 1879 Β
1888 1825 1992 1880 etis
2012 1833 2372 1896 opportunam
2402 1827 2807 1885 venerationem
2850 1828 3185 1895 exhibentes,
3219 1845 3322 1886 nec
3350 1846 3480 1887 cum

199 1906 410 1980 fugerit,
452 1910 564 1967 Deo
590 1913 746 1982 quasi
775 1928 971 1983 purum
993 1914 1324 1971 sacriﬁcium
1351 1913 1531 1982 offert,
1554 1930 1681 1971 cum
1705 1915 1789 1972 di-

197 2001 304 2057 cit:
330 2000 468 2058 Odia
496 2004 655 2059 habui
682 2009 1107 2079 congregatione:
1131 2008 1555 2080 malignantiunt,
1589 2018 1638 2065 et
1667 2026 1786 2064 cum

194 2092 366 2163 inpiis
390 2110 493 2149 non
515 2094 700 2150 sedebo
726 2095 904 2167 (Psat.
940 2098 1109 2172 xxvr).
1143 2100 1212 2155 Et
1232 2099 1494 2172 Josaphat
1527 2117 1624 2157 rex
1645 2100 1786 2157 Juda

195 2197 259 2237 eo
305 2186 455 2254 quod
489 2185 796 2244 Israeliticae
850 2192 1028 2262 gentis
1083 2195 1322 2264 pessimo
1371 2195 1486 2266 regi
1530 2194 1787 2251 amicitiis

189 2273 409 2345 junctus
445 2279 537 2347 sit,
596 2296 628 2335 a
658 2282 886 2339 Domino
922 2294 1168 2357 arguitur
1214 2302 1313 2358 per
1354 2288 1674 2359 prophetam
1696 2287 1785 2362 (ΙΙ

193 2366 322 2423 Par.
352 2373 489 2445 xix).
543 2372 677 2429 Cum
701 2376 871 2448 igitur
900 2379 1251 2448 praefatarum
1284 2381 1514 2437 duarum
1551 2384 1787 2454 synodo-

193 2476 311 2515 rum
347 2464 663 2523 conditores
697 2482 796 2525 nec
822 2468 967 2526 illius
1018 2471 1304 2543 imperitiae
1342 2488 1648 2531 sermonem
1689 2476 1788 2531 ha-

190 2556 351 2612 beant
372 2571 481 2628 qua
516 2573 576 2615 se
601 2559 892 2630 Apostolus
922 2563 1232 2635 imperitum
1260 2562 1391 2625 dicit
1414 2584 1664 2625 sermone
1691 2570 1786 2626 sed

189 2658 297 2702 non
324 2647 574 2716 scientia,
601 2666 703 2707 nee
725 2652 873 2710 illius
890 2654 1212 2725 eloquentia:
1229 2671 1352 2713 cum
1373 2658 1603 2729 spiritali
1620 2673 1786 2714 sensu

185 2739 443 2809 nitorem,
483 2742 551 2799 de
572 2757 681 2814 quo
699 2757 1010 2816 expersona
1031 2759 1345 2806 sanctorum
1370 2751 1784 2821 prmdicatorum

183 2829 239 2885 in
269 2830 515 2890 Canticis
543 2836 882 2895 canticorum
906 2840 1164 2897 Ecclesiae
1200 2844 1422 2910 dicitur,
1471 2844 1786 2903 Maronillae

180 2938 381 2979 aureas
408 2925 664 2996 faciemus
718 2929 812 2985 tibi
842 2934 1212 2989 uermiculata
1246 2946 1463 3006 argento
1494 2936 1674 3009 (Cant.
1707 2939 1781 3008 r):

180 3015 387 3072 mirum
414 3019 661 3077 ducimus
685 3036 785 3077 cur
806 3031 969 3081 tanta:
988 3025 1250 3083 vanitatis
1276 3036 1441 3083 vento
1467 3027 1637 3084 inﬂati
1651 3028 1783 3095 sint,

178 3115 242 3162 ut
262 3124 362 3165 eas
396 3126 504 3166 non
526 3113 697 3169 solum
735 3116 945 3188 agitare
980 3121 1445 3192 praesumpserint,
1477 3120 1573 3177 sed
1618 3123 1785 3178 etiam

1890 1917 1997 1973 illis
2022 1916 2343 1991 frangimus,
2380 1935 2483 1976 nec
2515 1935 2640 1975 cum
2698 1920 2818 1978 istis
2844 1923 3156 1990 adoramus,
3194 1924 3289 1980 sed
3334 1923 3480 1983 illius

2271 2012 2465 2083 synodi
2486 2013 2836 2082 scripturam,
2879 2029 3000 2083 qua
3050 2030 3158 2075 non
3184 2015 3360 2071 soluat
3387 2014 3480 2070 illa

1887 2100 2159 2158 locutione
2178 2112 2331 2159 caret
2353 2119 2460 2173 qua
2484 2119 2652 2173 parva
2676 2104 2966 2171 submisse,
3002 2105 3295 2163 mediocria
3336 2113 3479 2163 tem-

1886 2201 2093 2263 perate,
2130 2208 2321 2265 magna
2345 2193 2625 2265 granditer
2656 2193 3024 2265 proferuntur,
3075 2193 3356 2266 sed,etiam
3382 2209 3480 2264 pe-

1887 2284 2085 2340 destris
2117 2286 2384 2341 sermonis
2410 2285 2631 2342 modum
2668 2283 2914 2356 negligit.
2953 2285 3272 2351 abnuentes,
3321 2282 3480 2341 insti-

1888 2376 2082 2432 tutoris
2105 2377 2299 2441 nostri,
2352 2374 2623 2432 sermonis
2650 2374 2905 2431 videlicet
2921 2373 3208 2439 Dominici,
3250 2373 3479 2429 nitunur

1886 2469 2006 2525 iieri
2037 2484 2427 2540 usquequaque
2463 2482 2747 2538 sequaces.
2804 2466 3071 2534 Quoniam
3100 2466 3266 2537 igitur
3300 2472 3360 2525 et
3380 2481 3478 2538 pa-

1890 2571 2032 2618 trum
2054 2562 2633 2619 anathematizantium
2653 2561 2814 2627 ﬁlios,
2840 2568 2897 2641 et
2921 2560 3158 2619 ﬁliorum
3169 2559 3479 2617 anathema-

1886 2655 2174 2711 tizantium
2188 2663 2391 2725 patres,
2408 2654 2614 2710 mistim
2635 2654 2690 2710 in
2707 2651 2931 2725 putata
2954 2652 3161 2723 synodo
3186 2651 3445 2709 hebetudi
3470 2680 3481 2694 υ

1886 2747 1973 2802 nis
2013 2746 2360 2803 continentur
2382 2744 2685 2812 discursus,
2723 2743 2944 2801 mistam
2980 2743 3263 2812 utriusque
3297 2756 3479 2814 repre—

1887 2842 2202 2898 hensionem
2238 2848 2445 2905 noster,
2489 2838 2704 2896 favmte
2743 2837 2992 2902 Domino,
3028 2836 3242 2908 digerat
3282 2835 3478 2908 stylus,

1885 2934 2021 2990 nihil
2045 2933 2427 2997 indiseussum,
2457 2931 2594 2989 nihil
2638 2930 2926 2995 intactum,
2962 2929 3100 2985 nihil
3140 2929 3345 2987 silentii
3387 2944 3483 2987 ea.

1885 3025 2068 3081 vernis
2110 3024 2422 3080 abstrusum
2469 3020 2830 3092 przeteriens:
2869 3020 2976 3079 nisi
3021 3018 3163 3077 forte
3201 3020 3346 3090 quod
3384 3026 3481 3076 ant

1885 3116 2172 3175 diiiieultas
2233 3113 2531 3173 inordinati
2590 3113 2862 3173 sermonis
2931 3121 3120 3173 matre
3180 3112 3480 3173 intellectui

175 3217 278 3259 sex
306 3207 710 3266 venerabilibus
740 3212 963 3282 synodis
1010 3213 1369 3272 adnumerare
1412 3217 1595 3272 conati
1639 3216 1781 3272 sint:
1806 3212 1857 3279 Ω
1888 3210 2169 3281 impertire
2222 3207 2536 3279 negaverit,
2592 3215 2687 3264 aut
2731 3205 2957 3277 puerilis
3010 3205 3140 3265 dicti
3196 3205 3479 3275 ineptiam.

175 3310 418 3368 quarum
450 3309 643 3357 neutra
664 3306 934 3374 quomodo
963 3321 1071 3363 non
1087 3308 1316 3378 septima
1339 3318 1462 3379 post
1482 3308 1779 3376 Niaemm,

173 3390 276 3447 sed
309 3399 408 3447 aut
436 3394 618 3463 tertia,
654 3398 838 3469 priore
861 3408 1078 3455 servata
1099 3408 1223 3459 post
1242 3401 1664 3468 Ariminensem,
1688 3410 1787 3456 aut

248 3541 281 3570 ⁸
316 3529 479 3608 Quo_d
516 3548 644 3608 opus
674 3539 907 3608 aggressi
931 3555 1112 3594 sumus
1140 3555 1257 3595 cum
1282 3539 1577 3595 cohibentia
1606 3556 1783 3595 sacer-

165 3598 1111 3683 dotum._.Emendavijiconhibeptia,
1133 3612 1277 3681 quod
1300 3625 1494 3665 nomen
1520 3618 1604 3683 est
1623 3608 1782 3679 hujus

165 3672 302 3755 geri.
331 3671 464 3755 'Lib.
496 3690 579 3755 lli,
604 3692 721 3747 cap.
843 3697 855 3732 :
891 3699 908 3730 ι
931 3679 1056 3755 _Nec
1090 3671 1355 3753 synodum
1380 3684 1450 3737 ob
1476 3671 1782 3755 adorandas

163 3747 452 3822 imagines
479 3747 607 3822 sine
635 3749 977 3822 conliibentia
1006 3747 1360 3822 plurimarum
1392 3752 1782 3810 catholicarum

162 3828 227 3871 et
262 3815 384 3871 Deo
420 3818 659 3874 fidelium
695 3815 1060 3879 Ecclesiaruin
1098 3825 1458 3881 univcrsalcm
1498 3823 1783 3883 nominare

160 3897 462 3970 curarent:
501 3912 518 3941 ι
562 3888 715 3956 Quod
744 3892 837 3948 lib.
874 3911 953 3970 tv,
980 3910 1099 3966 cap.
1132 3894 1221 3962 25,
1252 3897 1777 3970 ita_interpretatur_:_

166 3975 190 4008 ι
251 3957 366 4024 Qui
413 3960 617 4037 absque
657 3957 1106 4021 consacerdotu’m
1159 3957 1255 4037 per
1303 3957 1547 4023 diversas
1595 3968 1783 4037 mundi

159 4037 368 4098 partes
421 4034 839 4103 constitutorum
888 4034 1176 4103 consensu,
1222 4049 1327 4094 etc.
1365 4060 1384 4091 ι
1440 4039 1640 4093 Balbus
1692 4036 1784 4093 Ja-

155 4102 411 4159 nttensis
452 4102 730 4181 Catholica
780 4121 795 4162 :
847 4107 1124 4164 Conliiheo
1162 4102 1191 4181 7:,
1226 4109 1390 4166 habeo
1440 4109 1785 4181 componitur

156 4185 305 4253 quin
344 4190 482 4242 con,
525 4178 905 4253 e_t._relinet_n,
945 4194 1066 4250 quae
1100 4179 1344 4253 aufertur
1384 4182 1437 4237 in
1475 4178 1686 4236 cohibeo
1729 4190 1784 4236 et

158 4242 387 4301 dicitur
444 4246 738 4315 conhibere,
787 4250 840 4306 id
884 4242 996 4317 est',
1041 4252 1227 4308 oculos
1271 4252 1542 4319 claudere,
1573 4261 1629 4308 et
1660 4254 1786 4323 quia

1883 3305 2187 3363 reverentia
2221 3304 2530 3369 cohibente,
2565 3310 2756 3358 noster
2791 3312 2973 3359 sermo
3004 3299 3257 3370 persequi
3288 3300 3484 3371 despe-

1886 3398 2049 3453 xerit.

1885 3535 2092 3592 clausio
2129 3534 2411 3590 oculorum
2464 3533 2643 3605 signat
2685 3546 2999 3605 assensum,
3040 3530 3162 3605 ideo
3200 3530 3480 3605 conbiberc

1884 3608 2105 3677 ponitur
2140 3620 2240 3675 pro
2274 3601 2546 3677 assentire,
2570 3601 2829 3677 _obedire;
2876 3610 2950 3677 et_
2963 3609 3099 3677 tunc
3125 3601 3250 3677 inde
3283 3601 3482 3677 dicitur

1885 3671 2252 3734 conhibentia.
2286 3697 2304 3729 ι
2368 3675 2621 3745 Εισρθιιιο
2647 3683 2770 3743 post
2798 3690 2867 3745 τᾲς
2909 3671 3286 3745 Conhihentia,
3318 3672 3483 3745 idest

1886 3766 2141 3807 assensus
2162 3788 2175 3813 ,
2226 3747 2368 3805 idem
2403 3742 2874 3802 et'convenicntia
2912 3752 2968 3798 et
3004 3742 3335 3813 collibentia.
3376 3742 3477 3799 Ut:

1884 3820 1977 3878 Ille
2018 3822 2133 3876 sine
2164 3812 2481 3875 cohibentia
2531 3816 2615 3873 vel
2658 3815 3001 3871 conniventia
3042 3814 3125 3870 vel
3170 3812 3479 3869 collibentia

1886 3893 2117 3947 fratrum
2143 3891 2388 3953 recessit,
2416 3890 2468 3944 id
2491 3897 2575 3944 cst
2595 3887 2711 3943 sine
2732 3900 2978 3942 assensu.
3013 3906 3031 3939 ι
3082 3883 3261 3939 lnnuit
3293 3891 3482 3954 aperte

1887 3965 2155 4020 variatum
2191 3963 2246 4017 in
2277 3960 2437 4029 huius
2478 3958 2715 4016 nominis
2756 3958 3048 4027 scriptura.
3101 3956 3391 4029 Egoiputo,
3424 3964 3483 4011 et

1887 4052 2076 4114 verum
2101 4042 2206 4099 est,
2231 4027 2711 4114 cofuptamnbanc
2735 4044 2921 4114 vocem
2957 4044 2983 4083 ει
3011 4028 3262 4108 barbaris
3293 4036 3343 4114 et
3380 4027 3482 4114 im-

1927 4109 2079 4163 critis
2101 4100 2507 4174 monachisjam
2531 4100 2710 4158 Caroli
2736 4100 2917 4174 Magni
2942 4104 3078 4174 :evo,
3107 4113 3186 4174 cx_
3208 4113 3292 4166 ea,
3317 4113 3483 4174 quam

1927 4123 2079 4163 crius
2101 4123 2380 4162 monacnis
2394 4123 2507 4174 jam
2531 4123 2710 4158 humu
2736 4123 2821 4155 tua
2858 4123 2912 4154 ut
2942 4123 3078 4167 wvu,
3107 4123 3175 4154 cx
3208 4123 3292 4166 ca,
3317 4123 3483 4169 quam

1889 4123 2082 4234 Eatine
2112 4176 2417 4247 exprimere
2449 4123 3095 4247 debebanthoflubentia,
3143 4169 3259 4224 sive
3299 4169 3484 4224 conlu-

1896 4252 2090 4307 bentia.
2134 4242 2332 4303 Facilis
2379 4246 2560 4316 lapsus
2597 4245 2652 4299 iu
2683 4242 2945 4298 aﬂinitate
2973 4242 3298 4296 litterarum.

170 4388 3480 4425 ΜΝ

1461 4458 1763 4599 LIBER
1804 4468 2221 4598 ruimus.

708 4779 938 4839 CAPUT
974 4781 1266 4841 PRIMUM.

157 4892 250 4955 De
283 4914 362 4971 eo,
384 4896 528 4969 quod
554 4893 936 4971 gonrtantinus
969 4906 1016 4951 et
1071 4895 1301 4953 erena
1344 4914 1405 4971 ut
1438 4900 1545 4952 suis
1576 4900 1785 4971 scriptis

325 4966 534 5031 dicunt,
561 4966 665 5023 Per
696 4982 821 5023 eum
848 4968 941 5039 qui
964 4978 1261 5040 conregnat
1286 4969 1441 5025 nobis
1476 4971 1636 5025 Deus.

238 5062 589 5132 Plerumque
612 5062 847 5117 humana
879 5061 1148 5133 fragilitas
1185 5077 1298 5118 suae
1333 5062 1787 5133 impossibilitatis

160 5165 363 5213 metas
385 5154 621 5220 excedit,
677 5165 733 5211 et
761 5164 967 5228 quanto
988 5170 1048 5212 se
1078 5156 1218 5211 ultra
1240 5171 1402 5227 quam
1425 5156 1584 5212 debet
1612 5156 1786 5211 extol~

160 5247 254 5314 Iit,
292 5258 456 5304 tanto
476 5248 545 5305 ab
567 5263 631 5305 eo
652 5251 745 5321 qui
770 5248 825 5305 in
855 5249 980 5306 altis
1010 5250 1239 5317 habitat,
1284 5259 1337 5306 et
1363 5249 1589 5306 humilia
1615 5249 1787 5321 respi—

157 5340 243 5395 cit
272 5341 336 5396 in
362 5340 510 5398 eicio
535 5349 588 5395 et
621 5342 677 5396 in
707 5349 873 5408 terra,
910 5341 1145 5399 recedit:
1188 5349 1497 5413 quantoque
1543 5344 1611 5397 ad
1660 5354 1788 5397 eum

157 5434 270 5505 qui
313 5436 569 5490 excelsus
590 5449 752 5505 super
778 5448 969 5491 omnes
989 5443 1179 5508 gentes
1202 5443 1284 5490 est
1309 5476 1324 5501 ,
1363 5450 1463 5504 per
1487 5434 1791 5490 sublimita-

157 5538 294 5585 tem
329 5528 771 5600 appropinquare
792 5537 1022 5584 conatur
1042 5569 1057 5595 ,
1092 5536 1248 5583 tanto
1270 5528 1340 5583 ab
1377 5540 1441 5583 eo
1466 5542 1788 5597 propensius

151 5622 499 5695 elongatur.
540 5621 671 5689 Quae
691 5624 735 5679 si
760 5624 978 5679 modum
1001 5638 1112 5678 suae
1130 5622 1454 5678 conditionis
1484 5638 1593 5677 non
1616 5622 1789 5693 negli-

146 5731 296 5798 gat,
331 5729 389 5777 et
402 5721 682 5793 superiora
704 5730 887 5792 petere
913 5722 1110 5786 nitens,
1126 5719 1193 5776 ad
1211 5720 1500 5798 humiliora
1525 5733 1584 5776 se
1598 5721 1787 5775 devota

146 5825 371 5875 mente
404 5815 710 5886 submittat,
747 5817 1026 5886 poteritse
1063 5814 1372 5873 inclinando
1415 5830 1480 5873 eo
1527 5828 1786 5872 conscen-

1814 4792 1867 4851 ι)
1890 4788 2019 4844 dere
2045 4802 2075 4842 a
2105 4803 2211 4858 quo
2236 4802 2297 4843 se
2321 4787 2611 4845 exaltanoo
2652 4786 2978 4843 noscebatur
3023 4781 3382 4839 descendere:
3419 4788 3483 4839 et

1887 4889 2092 4950 minuto
2114 4894 2170 4935 se
2194 4881 2551 4951 prostraverit
2563 4880 2748 4944 humo,
2772 4873 3286 4945 tantoliatproxima
3312 4872 3474 4930 ctelo.

1889 4974 2025 5033 Cum
2050 4989 2182 5045 ergo
2208 4981 2456 5030 nostrum
2478 4985 2599 5029 esse
2622 4977 2834 5027 tantum
2871 4968 3035 5024 distet
3058 4983 3088 5021 a
3112 4965 3208 5020 Dei
3240 4978 3383 5030 esse,
3421 4970 3479 5020 et

1888 5073 2133 5121 nostrum
2164 5065 2346 5120 vivere
2390 5064 2459 5119 ab
2493 5061 2610 5132 ejus
2630 5062 2832 5125 vivere,
2882 5068 2939 5116 et
2978 5064 3224 5115 nostrum
3255 5070 3483 5126 regnare

1890 5161 1959 5215 ab
1980 5158 2100 5229 ejus
2117 5173 2364 5229 regnare,
2394 5155 2623 5212 dolenda
2646 5155 2827 5225 petitis
2857 5167 3020 5223 quam
3052 5149 3370 5205 admiranda
3394 5155 3481 5203 est

1890 5252 2106 5309 illorum
2129 5251 2380 5307 vecordia
2395 5250 2508 5320 qui,
2533 5249 2677 5304 inter
2694 5256 2892 5303 czetera
2914 5260 3035 5316 qum
3066 5244 3172 5301 sibi
3189 5243 3485 5300 indiscrete

1892 5352 2177 5415 usurpant,
2209 5344 2379 5398 Deum
2405 5341 2509 5398 sibi
2537 5353 2875 5411 conregnare
2899 5338 3066 5394 etiam
3090 5337 3297 5392 dicunt.
3334 5335 3483 5391 Illius

1891 5437 2039 5491 enim
2086 5449 2226 5500 esse,
2264 5448 2384 5489 esse
2416 5441 2629 5489 tantum
2683 5431 2865 5487 novit:
2916 5429 3085 5485 (uisse
3136 5427 3213 5482 vel
3244 5428 3484 5483 futurum

1892 5541 2036 5593 esse,
2063 5541 2173 5583 non
2194 5526 2361 5581 novit.
2414 5524 2710 5580 Nonhabet
2731 5522 2876 5579 enim
2904 5530 3117 5593 partem
3141 5520 3482 5585 sterilitatis,

1896 5635 2061 5691 quam
2083 5633 2183 5673 nos
2204 5627 2420 5690 tempus
2437 5618 2686 5684 dicimus,
2713 5624 2769 5671 ct
2794 5618 2847 5671 in
2870 5629 3128 5688 manus,
3147 5613 3487 5685 praeteriqu

1892 5722 1952 5769 et
1980 5711 2223 5767 futurum
2253 5710 2561 5775 dividimus,
2601 5710 2698 5766 sed
2726 5708 2897 5766 totius
2922 5707 3247 5768 aeternitatis
3290 5705 3345 5759 in
3368 5714 3485 5757 sitm

1889 5807 2142 5867 essentia:
2156 5804 2699 5869 incommutabilitate
2722 5802 3335 5870 integritatcmhabous,
3363 5805 3485 5850 esse

2118 6031 2153 6068 $
