3990 6302
532 246 673 317 1007

1439 245 1501 300 B.
1536 243 1789 303 cauom
1822 242 2038 302 usam
2058 223 2224 297 'opr.
2261 243 2443 302 PA'RS
2473 245 2539 303 ιι.
2582 243 2825 305 ssc'uo
2860 246 2927 304 ιι.
3002 260 3013 269 -

3670 245 3829 304 £008

531 371 744 421 tantum
770 362 820 417 ei
841 368 944 417 est.
979 359 1132 418 Unde
1158 368 1213 416 et
1232 368 1420 416 sancto
1446 360 1617 434 Moysi
1649 362 1785 417 dixit
1817 376 1832 416 :
1864 361 1980 433 Ego
2003 379 2120 417 sum
2146 362 2345 425 Aliter
2372 364 2533 420 simul
2554 374 2698 430 sunt,
2722 362 2933 421 nullum
2957 371 3143 420 tamen
3167 375 3359 420 eorum
3387 373 3583 434 praeest
3599 364 3769 445 alteri
3803 383 3824 422 :

530 462 621 530 qui
646 476 782 525 sum,
813 467 887 523 et,
914 457 1018 525 Qui
1042 468 1138 523 est,
1167 458 1309 511 misit
1331 474 1412 512 me
1431 457 1500 511 ad
1516 475 1603 512 vos
1630 457 1828 531 (Exod.
1859 459 1968 529 ιιι).
2010 456 2121 513 Νο-

532 561 705 607 strum
734 560 914 607 autem
939 566 1077 616 esse,
1106 550 1303 619 quibus
1336 550 1611 619 prmierita
1642 550 1697 604 in
1726 549 2117 615 recordatione,

528 645 819 715 prmsentia
851 645 906 698 in
931 643 1148 708 intuitu,
1190 643 1372 696 futura
1418 641 1475 696 in
1500 641 1922 711 exspectatione,
1978 640 2122 695 illius

530 738 782 794 essentia:
833 743 1202 807 comparatum
1238 749 1347 791 non
1368 749 1488 790 esse
1513 742 1616 789 est.
1668 733 1863 789 Vivere
1888 748 2122 803 namque

529 824 667 895 ejus,
697 843 795 883 nec
818 827 1050 891 initium,
1094 842 1195 882 nec
1218 827 1400 893 ﬁnem,
1438 840 1539 882 nec
1558 825 1976 882 mutabilitatem
2011 825 2123 880 ullo

528 919 691 974 modo
718 917 899 973 sentit.
974 917 1127 974 Unde
1161 926 1216 973 et
1258 918 1314 972 in
1353 918 1632 989 prophetis
1648 918 1943 974 scribitur:
1994 916 2120 972 Vivo

528 1026 642 1081 ego,
669 1009 795 1063 dicit
816 1008 1073 1063 Dominus
1104 1007 1241 1081 (Isa.
1262 1008 1434 1079 xux),
1460 1015 1516 1062 et
1538 1006 1757 1077 quidam
1783 1017 2115 1073 sanctorum,

534 1118 554 1152 ι
583 1100 728 1156 Vivit
747 1100 1025 1168 Dominus,
1057 1102 1237 1157 dicere
1264 1101 1382 1156 ausi
1409 1108 1555 1168 sunt,
1602 1100 1659 1155 id
1692 1108 1796 1167 est,
1842 1102 1935 1171 qui
1974 1102 2030 1156 in
2057 1116 2119 1155 ea
2156 1172 2161 1175 Ἴ

524 1194 637 1249 vita
659 1195 792 1249 vivit
816 1210 977 1264 quam
1020 1208 1120 1249 nec
1159 1194 1375 1249 initium
1403 1192 1579 1264 cepit,
1631 1206 1735 1249 nec
1782 1192 2120 1248 mutabilitas

526 1294 725 1349 movet,
767 1302 869 1341 nec
898 1286 1023 1341 ﬁnis
1058 1285 1349 1355 intercipit.
1390 1305 1411 1338 ι
1454 1284 1710 1340 Nostrum
1733 1292 1915 1341 autem
1934 1284 2120 1340 vivere

526 1388 709 1435 ortum
730 1369 810 1435 et'
828 1395 1082 1436 occasum
1121 1388 1177 1435 et
1219 1378 1638 1435 mutabilitatem
1671 1378 1903 1449 patitur;
1945 1392 2121 1448 quan-

526 1491 690 1546 quam
715 1475 896 1532 anima
913 1474 1234 1530 immortalis
1264 1474 1351 1540 sit,
1381 1482 1563 1530 tamen
1590 1472 1869 1529 mutabilis
1897 1487 2018 1527 esse
2042 1472 2126 1527 di-

526 1570 839 1639 gnoscitur:
870 1583 992 1638 quae
1024 1567 1362 1623 mutabilitas
1394 1567 1442 1623 ei
1470 1568 1791 1638 plerumque
1819 1582 1919 1638 pro
1946 1575 2124 1621 morte

526 1661 837 1718 ascribitur.
901 1659 1054 1715 Unde
1079 1666 1136 1715 et
1179 1659 1357 1730 primo
1406 1659 1615 1714 homini
1653 1658 1855 1714 dictum
1885 1665 1990 1723 est,
2049 1655 2118 1712 In

2226 462 2287 509 ut
2311 455 2460 510 verbi
2484 456 2661 526 gratia
2689 454 2943 525 simplum
2963 462 3018 510 et
3046 454 3269 526 duplum
3290 470 3557 526 ponamus
3588 469 3835 511 necesse

2226 546 2387 601 simul
2410 562 2531 604 esse
2578 548 2897 603 naturaliter
2934 566 2948 601 :
2993 548 3088 603 sed
3127 562 3305 617 neque
3336 546 3553 617 duplum
3581 544 3719 601 facit
3763 552 3836 600 ut

2224 638 2474 710 simplum
2505 640 2597 707 sit,
2630 652 2808 711 neque
2836 640 3092 711 simplum
3113 639 3276 696 eﬂicit
3308 639 3558 710 duplum;
3594 638 3695 694 sed
3717 652 3835 693 nec
3862 654 3879 710 ς

2224 730 2521 786 secundum
2556 731 2701 787 hunc
2720 732 2939 788 modum
2968 731 3127 788 nobis
3148 731 3309 787 simul
3341 744 3566 802 regnare
3592 730 3704 786 dici
3723 743 3836 801 po-

2224 830 2350 890 test,
2390 840 2513 880 cum
2563 833 2645 880 tot
2683 824 2959 881 distantiis
2997 832 3193 880 natura
3218 822 3337 894 ejus
3381 831 3580 881 nostra:
3608 831 3835 878 natura:

2221 918 2373 988 prior
2395 918 2484 984 sit,
2525 925 2710 989 totque
2755 918 2929 975 modis
2985 919 3222 975 creatrix
3268 926 3506 975 creatam
3525 916 3831 989 prmoedat.

2222 1006 2453 1074 Genere,
2492 1010 2704 1080 quoties
2749 1026 2820 1067 ex
2860 1011 3053 1067 eodem
3099 1025 3300 1082 genere
3337 1009 3617 1065 manantia
3659 1007 3833 1065 simul

2222 1098 2473 1157 videntur
2515 1114 2634 1158 esse
2690 1111 2903 1168 natura,
2938 1102 3036 1158 sed
3087 1102 3271 1173 specie
3304 1101 3710 1168 discernuntur,
3764 1106 3831 1155 ut

2220 1200 2303 1249 est
2341 1194 2559 1248 animal.
2650 1193 2790 1250 Nam
2827 1202 2883 1250 et
2927 1194 3183 1267 pedestre
3219 1202 3275 1251 et
3319 1193 3561 1265 aquatile
3617 1192 3827 1249 animal

2222 1284 2437 1350 dicitur,
2461 1285 2748 1358 sedspecie
2769 1286 3126 1343 discernitur:
3152 1284 3471 1356 nullumque
3488 1283 3649 1340 alteri
3674 1282 3829 1339 aliud

2220 1375 2373 1446 prius
2402 1384 2507 1443 est,
2547 1378 2644 1433 sed
2682 1376 2845 1433 simul
2879 1379 3067 1435 omnia
3120 1380 3189 1435 ab
3224 1377 3467 1445 animali,
3518 1378 3574 1434 id
3610 1386 3716 1444 est,
3757 1370 3831 1434 8

2220 1483 2329 1524 uno
2349 1483 2546 1539 genere
2571 1478 2694 1526 orta
2732 1477 3051 1528 noscuntur.
3113 1470 3218 1541 Qui
3253 1471 3451 1528 tertius
3473 1471 3693 1537 modus,
3715 1487 3829 1528 non

2222 1560 2403 1617 minus
2453 1577 2615 1633 quam
2670 1563 3042 1633 praecedentes
3087 1565 3225 1630 duo,
3275 1580 3404 1621 eum
3448 1563 3611 1620 nobis
3664 1563 3830 1620 simul

2225 1668 2453 1726 regnare
2509 1654 2810 1712 reluctatur
2841 1698 2857 1725 ,
2923 1673 3051 1714 cum
3103 1656 3414 1714 nullatenus
3470 1663 3674 1714 natura
3723 1673 3826 1714 no-

522 1768 833 1824 guacunque
856 1753 941 1805 die
969 1751 1255 1806 comederis
1277 1767 1342 1806 ex
1365 1766 1447 1817 eo,
1476 1759 1642 1806 morte
1689 1751 1931 1806 morieris
1957 1749 2113 1822 (Gen.
2145 1730 2198 1796 Β
2221 1754 2335 1801 stra
2371 1755 2426 1801 et
2460 1745 2577 1815 ejus
2626 1750 2859 1819 quadam
2920 1750 3236 1807 substantia:
3282 1750 3494 1805 unitate
3536 1748 3825 1819 conjuncta

523 1859 562 1909 ι,
600 1845 681 1915 2).
756 1844 874 1900 Non
922 1845 1066 1914 quod
1105 1843 1292 1897 statim
1331 1850 1393 1896 ut
1418 1850 1751 1912 praeceptum
1781 1840 1998 1897 Domini
2040 1847 2126 1897 est

524 1942 918 2004 transgressus,
956 1934 1139 1989 carnis
1163 1934 1235 1988 sit
1256 1942 1436 1988 morte
1455 1933 1738 1999 multatus,
1776 1933 1872 1988 sed
1900 1932 2030 2002 quia
2052 1933 2122 1989 ab

525 2040 589 2080 ea
610 2026 899 2081 sanctitate
928 2026 984 2080 in
1014 2041 1121 2096 qua
1143 2025 1254 2080 Deo
1288 2024 1568 2096 proximus
1590 2026 1788 2090 stabat,
1826 2039 1924 2094 per
1953 2023 2123 2079 animi

522 2118 942 2173 mutabilitatem
966 2118 1037 2172 sit
1057 2117 1215 2188 longe
1229 2116 1527 2187 digressus.
1568 2116 1740 2174 Porro
1760 2115 1878 2185 ejus
1893 2132 2122 2188 regnare

522 2224 554 2262 a
593 2216 780 2263 nostro
807 2223 1059 2279 regnare,
1094 2223 1202 2262 non
1236 2208 1416 2262 minus
1445 2223 1608 2277 quam
1649 2206 1767 2277 ejus
1793 2223 1914 2264 esse
1942 2224 1975 2263 a
2018 2225 2118 2264 no-

521 2307 639 2354 stro
657 2314 798 2367 esse,
827 2308 881 2353 et
899 2297 1017 2367 ejus
1030 2298 1258 2353 viverea
1278 2308 1467 2354 nostro
1493 2298 1675 2354 vivere
1700 2298 1892 2354 distat:
1923 2299 2122 2370 quippe

522 2390 676 2460 cujus
699 2392 937 2447 essentia
978 2392 1122 2447 sicut
1150 2406 1363 2461 semper
1390 2390 1580 2446 habuit
1601 2405 1722 2447 esse
1745 2400 1800 2447 et
1822 2392 2024 2456 vivere,
2044 2391 2120 2445 ita

519 2484 685 2538 etiam
710 2492 766 2539 et
791 2499 1036 2555 regnare.
1109 2483 1367 2539 Nostrum
1409 2485 1556 2539 enim
1591 2499 1823 2556 regnare
1868 2500 1901 2540 a
1928 2492 2119 2541 nostro

519 2590 642 2631 esse
678 2584 735 2630 et
757 2575 939 2631 vivere
964 2576 1308 2645 praeceditur,
1349 2592 1382 2631 a
1410 2586 1600 2633 nostro
1624 2578 1852 2635 interire
1873 2578 2120 2635 succedi-

517 2676 648 2724 tur:
678 2684 799 2739 quse
826 2670 955 2724 dum
976 2669 1053 2724 ita
1070 2684 1129 2725 se
1159 2669 1417 2736 habeant,
1440 2686 1652 2743 magum
1679 2672 2118 2744 prmsumptionis

515 2769 605 2819 est
636 2762 808 2817 Deum
850 2762 953 2817 sibi
981 2760 1288 2832 quempiam
1338 2761 1520 2818 dicere
1563 2778 1897 2837 conregnare
1933 2780 1950 2819 :
1990 2780 2118 2820 cum

516 2855 625 2912 hoc
667 2869 770 2910 nec
803 2854 974 2910 David
1017 2856 1198 2910 dicere
1227 2870 1393 2913 ausus
1445 2867 1548 2925 est,
1600 2859 1669 2914 de
1711 2875 1819 2930 quo
1854 2860 2116 2916 Dominus

517 2946 675 3013 dixit,
705 2946 889 3001 Inveni
916 2947 1085 3001 virum
1104 2948 1393 3003 secundum
1419 2966 1511 3004 cor
1532 2967 1726 3020 meum,
1762 2962 1818 3008 et
1841 2952 1992 3020 illud,
2020 2953 2116 3008 Inv

516 3036 631 3090 veni
654 3024 835 3090 David
851 3053 1058 3091 servum
1079 3055 1253 3093 meum
1280 3056 1300 3093 :
1330 3039 1443 3095 oleo
1475 3053 1658 3098 sancto
1683 3060 1798 3098 meo
1820 3043 1967 3098 linivi
1989 3061 2109 3098 eum

517 3126 692 3199 (Psal.
732 3128 990 3201 Luxu);
1045 3145 1148 3186 nec
1178 3129 1433 3187 Salomon
1467 3134 1555 3190 cui
1591 3151 1622 3189 a
1650 3136 1879 3192 Domino
1903 3137 2110 3193 dictum

514 3206 620 3283 est,
652 3216 926 3289 Sapientia
945 3228 995 3275 et
1016 3221 1238 3276 scientia
1264 3221 1404 3278 data:
1423 3234 1544 3279 sunt
1568 3225 1683 3292 tibi,
1704 3226 1913 3282 divitias
1935 3237 2111 3284 autem

513 3319 563 3364 et
587 3309 936 3366 substantiam
968 3320 1016 3366 et
1042 3310 1267 3382 gloriam
1308 3314 1444 3369 dabo
1465 3316 1580 3384 tibi,
1626 3317 1703 3371 ita
1734 3326 1790 3373 ut
1839 3318 2016 3374 nullus
2054 3320 2112 3376 in

512 3401 721 3471 regibus
763 3418 855 3456 nec
900 3411 1021 3457 ante
1048 3412 1098 3457 te
1124 3420 1217 3459 nec
1249 3415 1365 3476 post
1390 3414 1439 3461 te
1463 3406 1621 3477 fuerit
1662 3408 1851 3465 similis
1895 3412 1973 3465 tui
2019 3410 2110 3483 (II

514 3489 645 3547 Par.
684 3490 757 3564 1);
791 3492 884 3563 qui
910 3492 977 3547 de
996 3508 1055 3549 se
1082 3510 1298 3565 quoque
1339 3495 1455 3566 ipse
1482 3496 1723 3568 loquitur
1752 3500 2103 3567 conﬁdenter,

509 3581 655 3637 Deus
680 3582 860 3637 docuit
884 3600 964 3640 me
997 3585 1332 3657 sapientiam,
1379 3596 1428 3643 et
1461 3589 1780 3646 intellectum
1801 3603 2106 3649 sanctorum

511 3674 726 3744 cognovi
752 3673 936 3746 (Prov.
985 3676 1139 3749 xxx).
1178 3676 1287 3734 Nec
1309 3679 1599 3752 quisquam
1623 3683 1690 3738 de
1725 3685 1964 3755 regibus,
2005 3702 2107 3743 nec

513 3765 583 3822 de
603 3767 689 3822 his
724 3783 862 3837 quos
889 3769 1208 3825 meritorum
1240 3776 1600 3845 prmrogativa
1625 3774 1889 3842 suﬁ'ultos,
1920 3792 2019 3833 nec
2040 3779 2109 3835 de

509 3857 595 3912 his
614 3873 750 3927 quos
771 3861 1024 3929 superbia
1045 3877 1176 3917 usos
1192 3860 1359 3919 fuisse
1384 3863 1665 3936 Scriptura
1689 3879 2104 3939 commemorat,

510 3949 619 4004 tale
647 3951 778 4019 quid
806 3951 1005 4021 legitur
1024 3954 1245 4010 dixisse.
1297 3957 1511 4014 interea
1537 3977 1637 4015 con
1663 3961 1869 4032 syllaba
1896 3964 1953 4019 in
1975 3979 2106 4020 con-

508 4042 774 4115 ponendis
809 4044 994 4099 verbis
1038 4048 1335 4104 secundum
1369 4065 1464 4106 eos
1509 4054 1602 4122 qui
1630 4054 1909 4112 litterariae
1936 4059 2107 4115 soler-

509 4136 642 4190 tiam
667 4135 963 4207 disciplina:
988 4155 1095 4195 non
1125 4143 1391 4210 nesciunt,
1432 4160 1569 4215 pene
1599 4148 1733 4203 nihil
1766 4149 1911 4206 aliud
1939 4168 2104 4222 quam

509 4226 667 4281 simul
694 4228 963 4300 signiﬁcat
994 4246 1008 4285 :
1052 4239 1111 4286 ut
1135 4241 1236 4299 est,
1278 4234 1633 4309 Congregetur
1672 4241 1840 4295 omnis
1863 4241 2104 4299 Ecclesia

509 4317 681 4373 Israel
723 4319 909 4391 (Leuit.
940 4323 1095 4396 vin);
1140 4333 1235 4393 et,
1280 4330 1551 4383 conveniat
1606 4332 1674 4386 ad
1726 4332 1864 4389 diem
1912 4335 2101 4408 festum

507 4412 673 4485 (Dan.
698 4413 802 4486 ιιι),
829 4415 884 4470 id
905 4424 1009 4484 est,
1040 4418 1201 4474 simul
1229 4420 1285 4474 in
1308 4436 1524 4494 gregem
1554 4426 1904 4496 glomerctur,
1939 4428 2103 4485 simul

505 4506 717 4577 veniat;
760 4516 815 4563 et
839 4508 1162 4579 Apostolus:
1206 4511 1268 4569 Si
1297 4523 1473 4570 tamen
1501 4521 1882 4590 compatiamur
1903 4562 1920 4591 ,
1965 4532 2021 4577 ut
2052 4534 2100 4578 et

503 4598 663 4653 simul
688 4598 1043 4671 gloriﬁcemur
1091 4601 1270 4677 (Rom.
1299 4606 1443 4677 Vill),
1490 4607 1545 4663 id
1572 4617 1675 4676 est,
1730 4613 2101 4683 congloriﬁee-

508 4707 663 4757 mur;
691 4699 747 4745 et
767 4690 919 4760 illud,
956 4692 1129 4765 Super
1164 4696 1312 4751 vitrei
1364 4700 1654 4769 marginem
1685 4701 1845 4771 fontis
1886 4696 2101 4776 uterque

503 4780 754 4847 consedit,
788 4782 843 4838 id
872 4791 976 4851 est,
1004 4784 1167 4841 simul
1219 4787 1386 4844 sedit:
1418 4797 1473 4844 et
1499 4807 1770 4849 consessor
1805 4795 2002 4853 dicitur
2024 4798 2100 4855 si-

501 4873 615 4929 mul
644 4873 862 4929 sedens.
944 4875 1119 4931 Simul
1169 4892 1403 4949 namque
1426 4884 1674 4953 quaedam
1693 4886 1849 4957 juxta
1868 4905 1963 4948 eos
2002 4895 2097 4964 qui

501 4965 868 5036 sagacissima:
891 4964 1083 5035 logica:
1109 4982 1309 5025 arcana
1339 4982 1672 5044 scrutantur,
1724 4980 1900 5038 tribus
1921 4986 2097 5042 modis

502 5054 759 5110 dicuntur
792 5069 809 5108 :
852 5062 1115 5126 tempore,
1159 5067 1352 5118 natura
1386 5074 1443 5120 et
1476 5081 1691 5138 genere.
1725 5071 2010 5145 Tempore,
2033 5086 2096 5133 ut

500 5147 578 5201 ait
600 5148 791 5202 beatus
813 5144 1168 5217 Augustinus,
1205 5166 1328 5208 cum
1371 5159 1624 5227 quaslibet
1663 5163 1824 5219 simul
1856 5144 2095 5225 existunt

498 5253 608 5293 uno
635 5245 879 5307 tempore
898 5239 985 5295 vel
1013 5255 1291 5313 apparent,
1327 5250 1406 5305 ita
1430 5260 1491 5308 ut
1511 5263 1765 5313 neutrum
1789 5259 1858 5315 de
1883 5262 2094 5321 duobus

497 5329 584 5385 vel
612 5330 891 5429 prius_sit,
921 5332 1008 5389 vel
1036 5334 1268 5394 alterum
1312 5358 1693 5418 consequatur,
1732 5353 1829 5408 sed
1876 5358 2091 5429 utrique

496 5430 649 5516 ortus
677 5422 926 5516 videatur
954 5440 1077 5485 esse
1098 5436 1433 5505 communis;
1463 5446 1760 5499 secundum
1784 5460 1946 5516 quem
1974 5422 2091 5505 mo-

496 5513 627 5569 dum
650 5515 809 5611 nobis
826 5516 992 5611 simul
1008 5521 1233 5581 minime
1245 5541 1474 5599 regnare
1489 5532 1748 5592 dicendus
1761 5513 1863 5604 est,
1892 5540 2093 5611 quippe

496 5623 619 5664 cum
656 5606 750 5665 ille
792 5609 867 5668 sit
910 5615 1290 5686 sempiternus,
1330 5636 1431 5680 nos
1462 5628 1804 5696 temporales,
1842 5606 1934 5687 ille
1974 5606 2091 5690 sine

2226 1838 2594 1910 diguoscatur,
2621 1849 2677 1897 et
2712 1841 2946 1912 quadam
2975 1842 3155 1914 specie
3174 1842 3547 1909 discernatur;
3577 1842 3673 1913 qui
3698 1842 3824 1899 dum

2224 1942 2321 1998 per
2365 1933 2665 2001 potentiam
2714 1932 3014 1988 divinitatis
3073 1931 3274 2002 ubique
3322 1933 3415 1998 sit,
3470 1938 3657 1987 tamen
3709 1947 3822 1987 non

2226 2023 2387 2080 alicui
2414 2038 2748 2097 conregnare
2785 2026 2893 2082 dici
2926 2033 3075 2083 recte
3117 2032 3319 2096 potest.
3365 2024 3535 2081 Aliud
3558 2032 3644 2080 est
3670 2023 3825 2080 enim

2222 2119 2425 2190 ubique
2468 2135 2610 2186 esse,
2654 2119 2802 2175 aliud
2834 2135 2956 2176 cum
2984 2133 3256 2191 quoquam
3288 2117 3450 2175 simul
3481 2132 3647 2183 esse;
3677 2115 3823 2172 aliud

2222 2210 2567 2268 ineﬁabiliter
2613 2227 2859 2283 regnare,
2918 2209 3063 2267 aliud
3140 2202 3396 2281 cuiquam
3457 2223 3816 2280 conregnare.

2222 2302 2567 2374 Conreguare
2604 2304 2768 2375 igitur
2794 2311 2849 2360 et
2875 2302 3168 2359 consedere
3196 2309 3253 2358 et
3277 2299 3516 2375 plurima
3555 2299 3816 2371 hujusce-

2221 2396 2368 2452 modi
2393 2396 2439 2451 si
2465 2396 2710 2452 absolute
2727 2394 3097 2466 proferantur,
3126 2408 3229 2451 nec
3249 2394 3541 2467 quisquam
3561 2392 3814 2463 cuiquam

2220 2490 2514 2547 consedere
2554 2489 2639 2545 vel
2688 2500 3022 2561 conregnare
3060 2488 3293 2555 dicatur,
3332 2485 3498 2543 simul
3549 2485 3691 2542 duos
3736 2484 3817 2541 vel

2218 2582 2401 2654 plures
2449 2596 2783 2654 conregnare
2828 2581 2915 2637 vel
2951 2581 3246 2638 consedere
3281 2579 3553 2651 designat.
3599 2578 3663 2635 Si
3695 2592 3816 2635 vero

2219 2678 2342 2748 quis
2364 2678 2617 2748 cuiquam
2655 2691 2990 2747 conregnare
3007 2675 3104 2732 .vel
3144 2674 3439 2732 consedere
3463 2673 3699 2741 dicatur,
3750 2672 3817 2728 εἰς

2218 2770 2439 2841 gniﬁcat
2456 2768 2915 2840 eumpraacedere
2941 2769 3031 2825 cui
3061 2774 3426 2839 conregnatur
3443 2765 3532 2822 vel
3561 2763 3817 2821 consede-

2218 2870 2343 2917 tur:
2368 2861 2519 2917 illum
2544 2874 2674 2918 vero
2725 2859 2842 2931 ejus
2866 2860 3193 2933 participem
3226 2858 3346 2915 ﬁeri
3393 2858 3491 2929 qui
3520 2864 3813 2928 conregnat

2214 2963 2272 3013 et
2316 2956 2600 3022 consedet,
2654 2954 2869 3011 dicente
2895 2954 3038 3011 Vase
3064 2952 3348 3010 electionis
3376 2950 3591 3008 Paulo:
3622 2948 3816 3005 Conse-

2214 3050 2348 3122 pulti
2369 3050 2491 3105 estis
2516 3047 2725 3103 Christo
2762 3045 2942 3122 (Rom.
2983 3063 3036 3102 vt
3057 3044 3118 3119 );
3155 3053 3211 3102 et
3242 3046 3477 3103 iterum:
3505 3042 3568 3100 Si
3599 3056 3813 3097 consur.

2217 3142 2423 3197 resistis
2467 3139 2697 3205 Christo,
2749 3157 2867 3211 qua:
2923 3154 3136 3193 sursum
3173 3146 3295 3192 sunt
3322 3132 3808 3208 quwritez(Coloss.

2217 3235 2327 3307 ιιι).
2412 3232 2563 3289 Unde
2635 3232 2796 3289 datur
2874 3229 3105 3301 intelligi
3173 3244 3297 3285 eum
3358 3226 3666 3300 praecedere
3714 3224 3801 3294 qui

2214 3324 2472 3395 sepelitur
2536 3333 2592 3380 et
2637 3324 2830 3395 surgit,
2879 3338 2972 3379 eos
3024 3337 3158 3378 vero
3227 3319 3564 3391 participare
3618 3316 3667 3374 ei
3714 3316 3796 3372 cui

2213 3417 2659 3487 consepeliuntur
2733 3424 2791 3470 et
2868 3419 3222 3486 consurgunt.
3304 3408 3422 3466 Nisi
3485 3409 3635 3465 enim
3696 3406 3794 3462 Re-

2212 3512 2463 3583 demptor
2492 3509 2714 3566 humani
2735 3509 2949 3581 generis
2994 3522 3096 3579 pro
3130 3505 3288 3562 nobis
3339 3503 3583 3575 sepultus
3614 3500 3793 3558 fuisset

2211 3612 2267 3660 et
2316 3602 2723 3669 resurrexisset,
2761 3615 2861 3657 nos
2902 3598 2953 3654 ei
2980 3596 3304 3669 consepeliri
3337 3603 3392 3651 et
3415 3607 3797 3665 conresurgere

2211 3697 2435 3753 minime
2456 3704 2786 3767 poteramus.
2816 3693 2933 3761 Quo
2959 3692 3284 3747 documento
3309 3688 3605 3757 colligitur,
3631 3703 3662 3741 a
3685 3702 3795 3741 cau-

2211 3788 2318 3845 tela
2355 3795 2624 3843 remotum
2664 3799 2784 3841 esse
2830 3784 2999 3839 Deum
3022 3781 3178 3837 nobis
3215 3780 3396 3836 dicere
3434 3790 3786 3850 conregnare:

2209 3883 2301 3953 qui
2329 3897 2437 3938 non
2487 3880 2642 3937 nobis
2670 3880 2726 3935 in
2754 3877 3030 3948 regnando
3054 3876 3361 3949 participat,
3394 3874 3491 3930 sed
3516 3874 3656 3931 sicut
3681 3888 3790 3928 om-

2209 3975 2359 4030 nium
2379 3980 2569 4048 auctor
2592 3978 2693 4035 est,
2729 3970 2804 4025 ita
2826 3984 3013 4026 omnes
3035 3968 3092 4024 in
3114 3982 3254 4033 esse,
3274 3966 3460 4022 vivere
3492 3975 3549 4022 et
3580 3979 3790 4036 regnare

2206 4065 2484 4137 prmcedit.
2548 4062 2703 4132 Quod
2753 4062 2799 4117 si
2850 4060 2989 4117 forte
3045 4060 3417 4117 contentiosus
3471 4059 3595 4129 quis
3642 4056 3789 4127 hujus

2209 4158 2359 4213 verbi
2403 4164 2648 4212 astruere
2678 4161 2893 4210 tentans
2931 4168 3194 4218 errorem,
3232 4167 3297 4207 ea
3341 4167 3464 4222 qua:
3505 4150 3783 4207 secundum

2208 4246 2441 4303 formam
2477 4247 2620 4303 servi
2647 4246 2715 4302 de
2759 4246 3037 4316 unigenito
3080 4245 3176 4300 Dei
3220 4244 3359 4299 Filio
3385 4244 3532 4299 dicta
3560 4252 3685 4298 sunt
3736 4242 3783 4294 in

2208 4339 2580 4395 testimonium
2618 4338 2815 4403 trahat,
2849 4337 3059 4393 dicens:
3089 4334 3200 4391 Cur
3236 4351 3344 4391 non
3372 4343 3667 4406 conregnet
3692 4347 3781 4388 no-

2127 4470 2184 4534 n
2204 4431 2291 4488 bis
2326 4432 2433 4498 cui,
2466 4432 2762 4487 secundum
2785 4429 3121 4500 Apostolum,
3170 4428 3565 4534 compulimur,
3608 4428 3781 4482 conse-

2205 4522 2454 4593 pelimur,
2518 4521 2979 4587 conviviﬁcamur,
3029 4518 3441 4589 consurgimus?
3482 4516 3637 4588 cujus
3667 4530 3777 4586 pro-

2201 4613 2478 4669 missionis
2526 4612 2836 4668 cohazredes
2874 4620 2929 4667 et
2975 4609 3392 4682 concorporales
3439 4619 3498 4666 et
3541 4623 3772 4681 compar-

2202 4704 2392 4774 tieipes
2422 4720 2609 4760 sumus
2646 4704 2702 4759 in
2740 4704 2930 4760 eodem
2971 4700 3100 4758 lesu
3144 4700 3363 4760 Christo
3405 4717 3509 4773 per
3550 4702 3773 4772 Evange-

2200 4797 2355 4871 lium,
2404 4797 2460 4851 in
2491 4812 2599 4868 quo
2632 4796 2775 4851 Deus
2825 4795 3149 4852 coexeitavit
3191 4811 3293 4852 nos
3337 4795 3611 4867 simulque
3662 4792 3773 4849 fecit

2200 4887 2390 4943 sedere
2418 4886 2474 4942 in
2499 4886 2848 4954 coalestibus;
2896 4887 2962 4941 de
3010 4901 3118 4956 quo
3153 4894 3207 4941 et
3242 4886 3576 4957 evangelista
3620 4884 3765 4941 dicit:

2199 4976 2517 5035 Convescens
2547 4978 2775 5034 elevatus
2795 4971 2892 5037 εδει
2919 4978 3056 5051 (Act.
3096 4977 3137 5051 ι)
3162 4996 3176 5046 ;
3207 4985 3263 5034 et
3306 4979 3509 5034 iterum
3534 4997 3548 5033 :
3577 4977 3665 5035 Illi
3687 4991 3767 5031 aa-

2196 5078 2298 5125 tem
2323 5069 2542 5141 profecti
2567 5070 2983 5142 prtedicaverunt
3008 5071 3195 5141 ubique
3220 5070 3449 5127 Domino
3476 5080 3766 5144 cooperante

2196 5160 2390 5233 (Marc.
2437 5161 2552 5234 xvi)
2575 5181 2587 5217 :
2610 5163 2927 5233 perpendat,
2974 5165 3216 5220 abstersa
3268 5165 3545 5222 nebulosa:
3587 5160 3766 5219 mentis

2195 5252 2443 5324 caligine,
2492 5268 2602 5308 non
2638 5254 2743 5310 hoc
2771 5270 2840 5310 ex
2869 5270 2965 5310 sua
3014 5254 3314 5321 divinitate,
3364 5257 3462 5314 sed
3496 5274 3563 5314 ex
3597 5264 3767 5313 nostra

2192 5345 2531 5401 humanitate
2573 5362 2694 5403 esse
2722 5347 2777 5402 in
2808 5363 2916 5419 quo
2944 5363 3043 5404 nos
3068 5349 3120 5405 ei
3154 5351 3537 5422 compatimur,
3586 5364 3764 5408 conse-

2190 5437 2441 5509 pelimur,
2486 5438 2950 5497 conviviﬁcamur.
2990 5441 3144 5498 Sicut
3180 5443 3326 5498 enim
3363 5447 3501 5514 pati,
3540 5439 3763 5516 sepeliri,

2189 5532 2357 5600 vesci,
2421 5533 2479 5588 in
2524 5550 2632 5606 quo
2677 5550 2777 5592 nos
2840 5536 2893 5591 ei
2945 5536 3362 5607 consepelimur,
3392 5539 3762 5610 compatimm',

2189 5631 2245 5680 et
2320 5624 2411 5681 ille
2481 5626 2638 5682 nobis
2718 5643 3050 5685 convescens
3121 5630 3296 5686 dictus
3381 5638 3487 5699 est,
3558 5625 3765 5700 proprie

494 5700 669 5774 initio,
700 5720 801 5773 nos
821 5721 947 5768 cum
978 5707 1153 5769 initio.
1184 5711 1411 5785 Natura,
1438 5735 1565 5778 cum
1589 5724 1838 5807 quadam
1864 5734 2088 5786 natura.
2113 5769 2151 5781 ρ
2188 5715 2489 5777 humanum
2515 5726 2597 5775 est
2622 5734 2638 5774 :
2681 5718 2758 5776 ita
2786 5730 2841 5778 et
2868 5736 3098 5794 regnare
3125 5722 3345 5794 proprie
3390 5722 3631 5780 divinum
3662 5723 3766 5804 est,

3740 5844 3775 5871 ‘
