3990 6302
208 410 360 471 1009

1038 412 1220 473 LIBRI
1256 413 1600 474 CAROLINI.
1631 445 1702 458 —
1727 413 1948 473 CAPIT.
1989 413 2081 474 DE
2115 412 2307 475 IMAG.
2349 445 2419 459 --
2457 418 2588 477 LIB.
2632 418 2674 477 Ι.

3365 427 3501 488 1010

205 527 501 590 Psalmista
547 533 858 598 attestante,
888 527 982 601 qui
1018 530 1133 586 ait:
1159 529 1466 585 Ezaltatum
1506 539 1581 585 est
1616 532 1882 594 nomenA
1908 527 2076 595 Quasi
2119 531 2227 585 ovis
2276 532 2346 587 ad
2384 532 2648 589 victimam
2687 533 2878 590 ductus
2906 534 2988 591 est
3031 535 3168 610 (Isa.
3214 540 3377 615 un);
3419 543 3508 601 vel

202 623 328 693 ejus
373 620 536 676 solius
585 619 758 692 (Psal.
789 622 1055 694 cnvm):
1106 629 1161 677 et
1206 620 1679 677 iterum:Domini
1727 629 1802 675 est

204 731 430 785 regnum
450 723 500 769 et
524 716 633 786 ipse
652 714 1014 770 dominabitur
1037 716 1177 787 genti
1200 715 1373 788 (Psal.
1398 716 1501 789 xu)
1524 733 1539 783 ;
1564 723 1619 771 et
1636 715 1800 781 idem,

202 806 453 879 Regnum
493 815 660 874 tuum,
691 806 934 874 Domine,
971 824 1187 879 regnum
1209 808 1443 862 omnium
1465 807 1799 871 steculorum,

200 906 256 951 et
308 898 601 952 dominatio
646 907 739 952 tua
780 899 838 952 in
881 898 1024 953 omni
1078 899 1410 969 generatione
1462 908 1509 952 et
1559 896 1804 969 progenie

200 987 383 1061 (Psal.
408 987 591 1061 chv).
621 988 867 1044 Dicimur
889 988 1035 1045 enim
1061 996 1115 1044 et
1142 1005 1242 1045 nos
1266 1004 1515 1062 regnare,
1547 988 1643 1044 sed
1672 988 1803 1043 abu-

197 1080 341 1146 sive,
387 1095 497 1136 non
524 1081 760 1153 proprie.
794 1079 931 1135 Nam
966 1095 1214 1151 regnare,
1244 1079 1603 1136 immortalem
1630 1088 1685 1134 et
1710 1091 1805 1133 ve-

196 1188 388 1229 raoem
433 1188 574 1241 esse,
610 1173 688 1229 illi
720 1181 805 1230 est
829 1173 1115 1241 naturale;
1147 1174 1359 1229 caeteris
1390 1187 1520 1228 vero
1547 1172 1640 1243 qui
1685 1171 1802 1227 haec

195 1275 611 1338 consequuntur
667 1267 812 1323 illius
859 1267 1149 1339 largitione
1204 1276 1293 1330 est,
1333 1267 1654 1323 attributum
1708 1264 1803 1335 qui

193 1374 326 1417 vere
355 1368 571 1433 regnat,
619 1360 768 1417 solus
791 1361 1116 1417 immortalis
1145 1369 1201 1417 et
1241 1377 1406 1418 verax
1437 1368 1539 1428 est,
1576 1346 1801 1417 doctore

192 1455 445 1528 gentium
485 1456 837 1527 prmdicante,
868 1456 960 1527 qui
987 1458 1101 1511 ait:
1130 1455 1228 1511 Est
1268 1457 1407 1511 enim
1450 1453 1592 1509 Deus
1618 1470 1797 1522 verum,

192 1546 372 1602 omnis
410 1558 587 1603 autem
625 1548 780 1602 homo
809 1548 1040 1603 mendax
1064 1546 1243 1619 (Rom.
1296 1547 1421 1614 In);
1468 1563 1523 1603 et
1571 1562 1795 1603 rursus:

192 1637 302 1706 Qui
342 1640 489 1696 solus
534 1640 686 1695 habet
729 1640 1175 1695 immortalitatem
1226 1638 1279 1713 (I
1334 1638 1470 1694 Tim.
1514 1639 1642 1712 ιιι);
1691 1654 1800 1695 non

190 1749 322 1806 quo,
368 1742 428 1789 ut
462 1733 539 1789 ait
567 1735 760 1790 beatus
792 1734 1178 1807 Hieronymus,
1210 1744 1266 1791 et
1286 1735 1461 1805 angeli
1499 1744 1554 1791 et
1589 1745 1801 1792 uetera:

188 1828 495 1885 rationales
546 1836 813 1883 creatura:
875 1828 1339 1885 immortalitatem
1391 1844 1499 1885 non
1562 1829 1800 1885 habeant

1906 626 2053 673 certe
2095 621 2392 678 secundum
2431 623 2734 692 spiritalem
2763 640 3004 692 sensum,
3042 643 3151 697 quo
3194 630 3359 688 modo
3403 647 3506 690 ue-

1904 723 2175 780 quaquam
2213 712 2269 767 in
2318 727 2483 768 carne
2506 714 2682 769 sancti
2702 714 2815 770 sint
2850 732 2976 772 cum
3001 719 3189 775 vivant
3214 720 3271 777 in
3318 737 3506 791 carne,

1904 810 1960 857 et
1982 803 2215 858 habeant
2268 807 2736 864 conversationem
2772 809 2829 863 in
2869 810 3194 869 caelestibus
3233 830 3358 872 cum
3386 832 3507 889 gra-

1904 891 2123 948 diantur
2163 895 2220 949 in
2256 904 2423 963 terra,
2458 912 2587 954 caro
2617 913 2738 956 esse
2780 900 3122 971 desistentes,
3146 905 3244 961 toti
3288 915 3508 966 vertan-

1902 993 1991 1040 tur
2045 986 2102 1041 in
2148 988 2399 1057 spiritum
2426 1012 2441 1044 ;
2471 990 2548 1046 ita
2573 1005 2668 1047 eos
2697 992 2752 1047 in
2776 993 3088 1050 coelestibus
3133 997 3323 1055 sedere
3376 1014 3505 1058 eum

1902 1074 2140 1133 Christo.
2188 1078 2432 1151 Regnum
2471 1082 2670 1154 quippe
2704 1085 2801 1139 Dei
2833 1085 2974 1141 intra
3023 1102 3123 1143 nos
3165 1096 3265 1153 est,
3304 1098 3361 1146 et
3408 1092 3507 1149 ubi

1904 1166 2068 1223 fuerit
2094 1170 2381 1226 thesaurus
2431 1183 2647 1242 noster,
2690 1175 2764 1231 ibi
2813 1177 2918 1232 erit
2965 1185 3021 1235 et
3072 1193 3167 1234 cor
3208 1188 3500 1250 nostrum;

1901 1257 2154 1330 ﬁrmique
2184 1270 2239 1317 et
2268 1263 2491 1319 stabiles
2516 1266 2768 1323 sedemus
2788 1283 2913 1323 cum
2939 1268 3179 1338 Christo,
3213 1272 3498 1343 sapientia,

1902 1352 2087 1418 verbo,
2136 1353 2371 1422 justitia,
2410 1357 2660 1414 veritate.
2719 1359 3093 1417 Prw-dicabant
3142 1372 3322 1419 autem
3368 1381 3497 1437 apo-

1901 1443 2021 1498 stoli
2040 1444 2266 1501 Domino
2298 1458 2607 1519 cooperante
2630 1450 2825 1521 (Marc.
2866 1450 3003 1524 xvi),
3044 1453 3102 1508 id
3136 1463 3240 1521 est,
3270 1455 3338 1511 ad
3356 1458 3503 1514 bona

1903 1547 2068 1603 opera
2104 1535 2407 1591 exercenda
2442 1537 2523 1593 eis
2560 1539 2947 1596 adminiculum
2973 1543 3284 1611 praebente:
3328 1553 3383 1601 et
3412 1544 3500 1601 id-

1902 1626 2049 1683 circo
2098 1635 2304 1682 tantam
2344 1628 2453 1683 vim
2493 1628 2709 1686 illorum
2758 1633 3004 1703 operatio
3064 1635 3274 1702 habuit,
3312 1645 3375 1692 ut
3429 1638 3501 1693 ad

1901 1731 2093 1772 eorum
2139 1719 2586 1788 praedicationem
2632 1730 2713 1778 tot
2766 1723 2935 1778 millia
2979 1724 3259 1783 hominum
3310 1730 3497 1786 crede-

1904 1822 2044 1881 rent,
2085 1823 2140 1869 et
2167 1822 2377 1871 natura:
2414 1816 2623 1873 viribus
2656 1814 2847 1873 fractis
2873 1826 2930 1873 et
2955 1821 3156 1876 mortui
3200 1822 3388 1890 vitam,
3437 1831 3498 1879 et

185 1928 242 1975 et
265 1918 522 1974 veritatis
551 1918 663 1974 sint
687 1926 977 1985 amatores,
1009 1919 1105 1976 sed
1138 1936 1247 1991 quo
1284 1921 1376 1977 ille
1400 1922 1547 1978 solus
1573 1930 1795 1976 natura-

1899 1908 2028 1962 caeci
2058 1898 2270 1973 oculos,
2318 1918 2373 1965 ct
2396 1909 2547 1965 surdi
2592 1925 2753 1966 aures
2780 1912 3109 1982 acciperent.
3159 1913 3495 1986 Coopcratur

187 2010 314 2066 liter
374 2010 448 2066 sit
489 2018 545 2065 et
577 2010 902 2067 immortalis
945 2019 1002 2067 et
1053 2027 1237 2080 verax,
1289 2014 1473 2070 cmteri
1519 2028 1648 2070 vero
1693 2015 1797 2071 im-

187 2100 583 2158 mortalitatem
606 2110 662 2157 et
696 2102 987 2159 veritatem
1017 2118 1085 2158 ex
1108 2104 1395 2176 largitione
1418 2105 1565 2161 illius
1601 2120 1793 2163 conse-

184 2203 452 2266 quantur,
479 2202 533 2251 et
555 2194 703 2250 aliud
724 2196 796 2251 sit
831 2196 1033 2253 habere
1056 2212 1154 2267 per
1191 2208 1382 2265 semet,
1414 2199 1559 2256 aliud
1600 2201 1656 2255 in
1698 2216 1797 2271 po-

114 2363 125 2371 .
187 2296 393 2345 te$tate
415 2287 670 2344 donantis
694 2302 815 2344 esse
840 2287 986 2358 quod
1007 2290 1231 2347 habeas.
1261 2290 1320 2347 Si
1355 2308 1485 2364 ergo
1511 2300 1659 2349 recte
1688 2294 1795 2349 dici

184 2395 484 2452 possumus
516 2380 628 2437 Deo
658 2383 923 2439 commori
949 2390 1006 2437 et
1039 2385 1298 2456 compati,
1344 2387 1437 2456 qui
1468 2387 1794 2443 immortalis

183 2480 241 2528 et
268 2472 627 2543 impassibilis
652 2484 758 2540 est,
792 2473 868 2528 ita
896 2482 952 2530 et
985 2485 1134 2532 recte
1171 2477 1277 2532 dici
1318 2486 1498 2548 potest
1522 2479 1666 2534 Deus
1696 2494 1795 2535 no-

181 2566 273 2622 bis
319 2580 676 2637 conregnare.
724 2566 792 2621 Et
831 2566 877 2623 si
907 2567 1043 2624 illud
1094 2568 1384 2625 manifesta
1428 2570 1639 2627 ratione
1683 2571 1793 2627 dici

182 2659 584 2725 contemnitur,
618 2665 676 2712 et
709 2657 856 2714 istud
887 2659 1141 2730 prudenti
1167 2661 1514 2733 indagatione
1544 2662 1794 2732 repudia-

181 2758 298 2806 tur.
367 2748 743 2821 Compatimur
808 2748 954 2806 enim
1008 2748 1229 2807 Christo
1287 2752 1503 2821 quando
1562 2751 1619 2806 in
1674 2750 1794 2821 ejus

179 2859 381 2901 amore
418 2845 515 2917 qui
562 2860 664 2917 pro
709 2844 867 2901 nobis
902 2844 1081 2901 crucis
1150 2846 1456 2917 passionem
1504 2859 1795 2917 perpessus

178 2945 293 3003 est,
322 2950 545 2993 carnem
580 2944 825 2994 nostram
860 2937 1251 3007 cruciﬁgimus,
1298 2940 1355 2995 id
1383 2946 1488 3005 est,
1534 2938 1793 2994 mundum

177 3046 315 3087 cum
379 3030 527 3087 vitiis
570 3039 626 3086 et
678 3031 1153 3102 concupiscentiis,
1180 3042 1237 3088 et
1272 3032 1537 3089 morimur
1571 3034 1792 3100 mundo,

178 3128 241 3178 et
279 3120 674 3178 commorimur
699 3119 936 3187 Christo,
974 3130 1030 3179 et
1063 3123 1143 3179 sic
1164 3139 1405 3191 carnem,
1450 3124 1506 3180 id
1548 3133 1633 3181 est
1674 3141 1796 3181 cor-

175 3230 311 3288 pus,
353 3214 745 3285 crucitigimus,
790 3222 851 3271 ut
888 3215 1154 3274 desideria
1183 3216 1301 3287 ejus
1326 3218 1617 3274 calcemus.
1648 3218 1790 3274 Con-

176 3307 392 3379 sepulti
447 3306 592 3363 enim
645 3323 833 3365 sumus
882 3323 1007 3364 cum
1050 3308 1146 3364 illo
1208 3326 1308 3381 per
1366 3311 1695 3381 baptismum
1732 3311 1788 3365 in

176 3407 446 3465 mortem,
489 3408 551 3455 ut
595 3399 1053 3471 quemadmodum
1108 3400 1361 3458 Christus
1409 3404 1709 3459 resurrexit
1757 3418 1790 3457 a

175 3493 427 3550 mortuis
458 3507 557 3563 per
596 3492 853 3550 virtutem
877 3493 1076 3559 Patris,
1118 3493 1194 3548 ita
1234 3502 1290 3549 et
1319 3509 1419 3549 nos
1448 3494 1504 3549 in
1551 3494 1790 3550 novitate

174 3588 318 3645 vitm
343 3585 726 3643 ambulemus:
754 3595 811 3642 et
847 3587 930 3642 sic
969 3585 1228 3656 baptizati
1255 3585 1555 3656 consepulti
1603 3601 1792 3642 sumus

173 3677 259 3745 ei,
291 3684 354 3732 ut
379 3677 448 3733 de
468 3685 665 3734 caetero
688 3677 830 3733 hanc
857 3677 1028 3732 vitam
1076 3693 1388 3748 sequamur,
1427 3679 1484 3733 in
1514 3694 1621 3749 qua
1640 3678 1794 3734 Chri-

174 3780 313 3828 stus
341 3772 664 3828 resurrexit.
690 3771 1028 3841 Baptismum
1050 3772 1466 3828 resurrectionis
1485 3772 1686 3843 pignus
1707 3780 1794 3828 est

175 3874 241 3921 et
288 3865 496 3937 imago,
542 3874 605 3920 ut
642 3862 757 3933 jam
808 3865 864 3919 in
900 3865 1191 3935 praeceptis
1236 3864 1439 3921 Christi
1484 3872 1789 3931 manentes,

174 3959 257 4015 ad
294 3956 578 4029 praeterita
626 3956 804 4013 denuo
847 3971 958 4012 non
1005 3955 1368 4012 revolvamur.
1426 3955 1790 4011 Conviviﬁca-

176 4066 317 4107 mur
346 4056 533 4105 autem
562 4055 619 4105 et
659 4047 1036 4117 consurgimus
1073 4048 1145 4116 ei,
1181 4048 1229 4103 si
1259 4048 1599 4104 similitudini
1648 4063 1796 4103 mor-

177 4143 262 4199 tis
299 4140 422 4211 ejus
451 4154 639 4197 sumus
688 4139 1058 4210 complantati,
1096 4138 1151 4195 id
1192 4149 1293 4206 est,
1344 4141 1391 4195 si
1422 4141 1477 4195 iu
1526 4141 1795 4209 baptismo

174 4235 381 4292 omnia
432 4234 567 4289 vitia
606 4232 942 4304 deponentes
988 4234 1045 4288 in
1076 4249 1274 4289 novam
1321 4235 1490 4290 vitam
1545 4234 1796 4289 translati

175 4329 254 4384 de
292 4334 497 4383 cancro
541 4340 651 4380 non
694 4339 1001 4395 peccemus.
1048 4324 1360 4381 Similitudo
1404 4326 1550 4381 enim
1603 4328 1798 4381 mortis

175 4418 434 4477 similem
468 4417 750 4487 prmstavit
800 4418 1276 4473 resurrectionem.
1341 4416 1666 4473 Cohaeredes
1702 4434 1799 4473 au-

176 4521 307 4569 tem
352 4516 412 4566 et
453 4508 874 4579 oomparticipes
905 4507 1023 4578 ejus
1061 4524 1268 4574 sumus,
1314 4522 1423 4563 non
1449 4523 1561 4579 quo
1615 4509 1796 4579 aliqua

175 4605 342 4661 inter
379 4616 481 4657 nos
502 4600 776 4671 possessio
820 4599 1108 4665 dividatur,
1150 4599 1246 4655 sed
1274 4614 1381 4669 quo
1417 4600 1533 4671 ipse
1565 4599 1636 4654 sit
1682 4599 1789 4655 Do-

175 4696 381 4752 minus
428 4692 718 4749 hereditas
760 4698 947 4748 nostra
983 4700 1143 4761 atque
1187 4691 1479 4761 possessio.
1528 4690 1789 4746 Dominus

171 4792 405 4866 quippe,
433 4787 528 4854 ait,
547 4786 800 4844 handita
822 4794 1018 4841 svestra
1041 4792 1118 4839 est
1139 4783 1319 4857 (Deut.
1340 4784 1534 4859 xvm);
1558 4792 1615 4841 et
1633 4783 1785 4851 alibi,

173 4882 462 4940 Dominus
506 4896 633 4952 pars
674 4894 793 4933 mea
834 4886 883 4931 et
938 4877 1217 4932 haereditas
1270 4893 1391 4932 mea
1456 4876 1631 4949 (Psal.
1684 4894 1786 4947 xv;

174 4971 375 5030 Eccli.
414 4972 563 5043 xu).
615 4967 1041 5039 Concorporales
1091 4968 1257 5034 enim,
1315 4967 1444 5038 quia
1478 4983 1792 5040 quanquam

174 5067 448 5124 diversas
487 5063 722 5120 habeant
749 5062 950 5133 gratias
996 5063 1055 5117 hi
1083 5062 1177 5132 qui
1204 5063 1262 5117 in
1290 5061 1506 5119 Christo
1549 5064 1794 5121 credide-

171 5166 350 5224 runt,
376 5156 434 5212 in
457 5171 567 5212 uno
596 5165 776 5213 tamen
799 5164 926 5211 sunt
944 5155 1200 5213 Ecclesia:
1213 5172 1441 5227 corpore
1465 5158 1792 5231 conglobati.

176 5248 383 5307 Simul
419 5263 549 5320 ergo
572 5255 790 5304 sanctos
818 5247 949 5305 fecit
974 5248 1163 5304 sedere
1196 5264 1320 5303 cum
1349 5248 1567 5305 Christo
1595 5250 1653 5305 in
1686 5265 1798 5307 cce-

172 5344 434 5401 lestibus
477 5358 586 5400 non
628 5358 737 5413 quo
781 5344 832 5398 ei
877 5344 1050 5399 sancti
1094 5344 1423 5401 consedeant
1457 5346 1695 5415 quandiu
1741 5347 1797 5403 in

174 5436 311 5493 hoc
360 5433 562 5489 mundo
587 5441 713 5489 sunt
757 5441 816 5489 et
841 5433 1256 5505 peregrinantur
1299 5435 1369 5490 ab
1396 5449 1481 5501 eo,
1524 5436 1620 5492 sed
1665 5450 1790 5506 quo,

162 5527 356 5600 juxta
397 5524 607 5595 praefati
629 5526 867 5584 doctoris
892 5527 1238 5595 sententiam,
1265 5542 1386 5582 mos
1416 5527 1520 5584 iste
1540 5528 1611 5584 sit
1650 5528 1801 5585 Scri-

170 5626 496 5693 pturarum
547 5625 609 5673 ut
663 5618 936 5674 interdum
985 5616 1164 5674 futura
1226 5627 1470 5692 tempore
1520 5622 1800 5691 praeterito

174 5710 553 5770 declinentur
614 5726 714 5783 per
768 5714 987 5769 schema
1042 5712 1186 5784 quod
1240 5714 1439 5770 dicitur
1490 5715 1796 5786 prolepsis:

96 5830 113 5840 σ
174 5801 364 5860 verbi
393 5818 555 5860 causa
578 5805 645 5859 de
670 5820 833 5861 cruce
851 5805 1066 5861 Domini
1092 5824 1103 5859 :
1131 5804 1403 5864 Foderunt
1434 5822 1624 5863 manus
1656 5822 1802 5863 meas

174 5902 265 5963 σε
312 5895 470 5966 pedes
514 5896 687 5971 (Psat.
743 5897 922 5971 xxu);
975 5908 1031 5957 et
1070 5900 1198 5959 alibi
1247 5900 1314 5959 de
1340 5901 1594 5972 passione
1634 5899 1797 5972 ejus:

1815 4647 1872 4711 D

1897 2002 2043 2056 enim
2089 2002 2350 2059 Dominus
2399 2004 2653 2060 omnibus
2676 2006 2901 2073 sanctis,
2940 2007 3236 2063 secundum
3272 2008 3500 2079 Aposto‘

1898 2093 2032 2158 lum,
2065 2094 2159 2163 qui
2194 2095 2344 2162 dicit,
2377 2094 2579 2150 Factus
2626 2112 2745 2151 sum
2781 2099 3019 2153 minister
3063 2099 3352 2155 secundum
3400 2100 3497 2154 do—

1897 2202 2023 2239 num
2068 2186 2286 2256 gratite,
2327 2203 2445 2258 qua:
2475 2187 2603 2242 data
2648 2198 2723 2243 est
2765 2190 2896 2243 mihi
2934 2191 3096 2261 juxta
3142 2192 3496 2262 operationem

1896 2276 2103 2331 virtutis
2126 2277 2240 2346 ejus
2269 2276 2495 2348 (Coloss.
2523 2278 2585 2350 ι).
2610 2279 2996 2337 Peccatoribus
3022 2288 3202 2339 autem
3226 2283 3281 2337 in
3320 2297 3493 2351 quan-

1896 2374 2014 2423 tum
2049 2377 2483 2440 peccantneque
2510 2374 2795 2441 cooperari
2819 2390 2998 2444 neque
3027 2390 3360 2445 conregnare
3380 2375 3491 2430 ullo

1895 2459 2059 2514 modo
2078 2460 2381 2516 credendus
2408 2471 2513 2517 est.
2552 2462 2610 2517 Si
2633 2478 2764 2532 ergo
2797 2473 2852 2521 et
2884 2466 3016 2523 illud
3042 2468 3187 2537 quod
3199 2467 3494 2538 Apostolus

1894 2550 2045 2617 dicit,
2079 2548 2139 2606 Si
2159 2555 2564 2611 sustinuerimus
2585 2566 2633 2611 et
2656 2559 3091 2631 conregnahimus
3131 2560 3219 2632 (II
3245 2561 3382 2617 Tim.
3402 2561 3490 2635 ιι),

1893 2651 2049 2713 putat
2098 2644 2202 2701 sibi
2236 2644 2456 2717 aliquod
2493 2649 2879 2706 adminiculum
2928 2653 2985 2707 in
3041 2654 3144 2710 hac
3179 2661 3332 2724 parte
3355 2669 3495 2725 prm-

1895 2738 2065 2799 stare,
2103 2735 2304 2791 sentiat
2329 2737 2435 2793 hoc
2461 2740 2531 2795 ab
2550 2755 2617 2796 eo
2637 2742 2785 2812 quod
2805 2742 2898 2798 ille
2921 2743 3071 2810 dicit,
3108 2745 3377 2815 tripertita
3407 2760 3495 2800 ra-

1897 2826 2045 2882 tione
2096 2826 2319 2895 distare,
2367 2830 2426 2886 id
2473 2840 2576 2899 est,
2630 2848 2882 2903 persona,
2940 2844 3205 2908 tempore,
3256 2838 3492 2894 merito:

1894 2935 2146 2992 persona,
2172 2922 2299 2991 quia
2325 2937 2435 2978 non
2481 2924 2571 2979 ille
2614 2928 2835 2994 sanctis,
2866 2928 2964 2984 sed
2992 2928 3070 2983 illi
3098 2930 3274 2986 sancti
3303 2944 3497 2986 conre-

1897 3012 2116 3083 gnaturi
2163 3013 2460 3082 dicuntur;
2508 3024 2771 3088 tempore,
2824 3020 2950 3089 quia
2980 3036 3091 3076 non
3137 3036 3498 3092 conregnasse

1897 3121 1999 3163 nec
2032 3121 2391 3177 conregnare,
2423 3108 2521 3163 sed
2549 3113 2932 3182 conregnaturi
2956 3113 3243 3181 dicuntur;
3274 3115 3491 3183 merito,

1899 3202 2025 3272 quia
2048 3218 2157 3257 non
2183 3202 2426 3273 quilibet,
2453 3204 2549 3259 sed
2568 3204 2907 3261 solummodo
2928 3208 3101 3262 sancti
3123 3208 3174 3263 ei
3201 3224 3498 3279 conregna-

1815 3277 1864 3343 (ἶ
1890 3294 2046 3349 bunt.
2079 3291 2172 3348 Ait
2198 3294 2345 3349 enim
2376 3313 2387 3347 :
2420 3294 2483 3350 Si
2525 3297 2949 3365 sustinuerimus,
2978 3308 3027 3352 et
3059 3277 3493 3371 eonregnabiinus

1894 3385 2108 3458 (Ibid.),
2140 3386 2195 3441 id
2222 3396 2325 3454 est,
2362 3388 2406 3442 si
2445 3388 2500 3441 in
2541 3388 2647 3443 hoc
2691 3390 2889 3443 saeculo
2940 3391 3379 3457 sustinuerimus,
3434 3392 3492 3446 iu

1893 3479 2081 3535 futuro
2097 3481 2553 3551 conregnahimus
2579 3498 2592 3534 :
2624 3482 2711 3537 vel
2737 3491 2883 3538 certe
2905 3492 3028 3553 post
3053 3483 3336 3552 judicium,
3369 3500 3496 3540 cum

1891 3570 2010 3641 jam
2044 3587 2172 3627 eum
2197 3589 2306 3628 non
2329 3588 2429 3644 per
2466 3573 2747 3644 speculum
2783 3582 2838 3630 et
2874 3576 2931 3630 in
2959 3576 3250 3647 euigmatc,
3283 3577 3379 3633 sed
3404 3576 3490 3632 fa-

1895 3665 1979 3721 cie
2030 3665 2100 3720 ad
2133 3662 2330 3721 faciem
2377 3667 2780 3722 contucbimur.
2829 3667 2969 3723 Nam
2998 3669 3045 3724 si
3084 3668 3262 3725 adhuc
3307 3670 3363 3725 iu
3388 3671 3493 3727 hoc

1896 3760 2098 3815 mundo
2127 3775 2334 3828 sumus,
2360 3760 2538 3816 adhuc
2559 3762 2931 3830 sustinemus;
2959 3762 3007 3817 si
3041 3762 3219 3819 adhuc
3256 3765 3492 3820 sustine-

1896 3870 2036 3921 mus,
2077 3854 2305 3909 necdum
2351 3869 2769 3926 conregnamus.
2803 3853 2863 3909 Si
2889 3855 3058 3927 igitur
3084 3857 3261 3913 adhuc
3289 3857 3344 3912 iu
3386 3859 3492 3914 hoc

1895 3947 2099 4004 mundo
2149 3963 2357 4015 sumus,
2409 3948 2639 4005 necdum
2700 3963 3118 4021 conregnamus.
3174 3951 3379 4007 Deinde
3443 3951 3493 4008 si

1898 4054 2295 4111 conregnamus
2331 4040 2401 4108 ei,
2430 4039 2540 4111 iam
2572 4039 2722 4097 venit
2764 4041 2911 4112 quod
2958 4042 3260 4113 perfectum
3296 4052 3413 4110 est;
3447 4042 3496 4099 si

1892 4129 2007 4200 jam
2050 4131 2198 4186 venit
2242 4132 2387 4202 quod
2413 4131 2718 4203 perfectum
2745 4142 2846 4201 est,
2890 4134 3007 4205 jam
3046 4145 3365 4192 evacuatum
3411 4146 3496 4194 est

1900 4225 2045 4294 quod
2076 4239 2143 4280 ex
2170 4234 2325 4295 parte
2355 4233 2459 4282 est.
2508 4225 2629 4283 Non
2666 4236 2851 4284 autem
2890 4238 3211 4286 evacuatum
3238 4239 3322 4285 est
3346 4231 3492 4300 quod

1899 4334 1966 4374 ex
1994 4327 2150 4389 parte
2175 4327 2279 4384 est,
2336 4335 2445 4375 non
2494 4320 2661 4392 igitur
2696 4336 3094 4394 conregnamus
3144 4323 3215 4377 ei.
3258 4321 3317 4377 Si
3364 4338 3493 4393 ergo

1900 4415 2075 4471 sancti
2104 4414 2344 4483 quandiu
2386 4414 2444 4468 in
2470 4415 2574 4470 hoc
2622 4416 2826 4473 mundo
2863 4424 2988 4471 sunt
3015 4433 3123 4472 non
3162 4424 3497 4485 couregnant

1901 4508 1974 4575 ei,
2006 4505 2181 4563 multo
2211 4506 2392 4563 minus
2418 4506 2510 4562 ille
2538 4517 2836 4580 conregnat
2859 4509 2959 4573 eis,
2990 4510 3143 4579 cujus
3167 4517 3249 4563 est
3268 4523 3495 4578 regnum

1899 4610 1956 4657 et
1991 4600 2298 4680 imperium,
2352 4609 2408 4656 et
2451 4600 2605 4670 cujus
2656 4603 2811 4673 regni
2849 4617 2957 4656 non
2997 4601 3102 4655 erit
3147 4599 3387 4655 ﬁniszet
3446 4598 3495 4654 si

1898 4699 2101 4756 sanctis
2167 4713 2275 4753 non
2350 4706 2665 4770 conregnat,
2718 4698 2864 4753 nullo
2914 4701 3074 4753 modo
3116 4696 3495 4769 peccatoribus

1898 4807 2232 4863 conregnare
2280 4791 2541 4847 dicendus
2588 4799 2691 4847 est.
2743 4791 2970 4859 Quando
3007 4801 3185 4846 autem
3217 4792 3388 4846 sancti
3441 4790 3496 4846 ei

1899 4884 2329 4955 conregnahunt,
2360 4883 2603 4954 apostolo
2639 4881 2847 4939 Joanne
2884 4883 3130 4949 docente,
3163 4883 3492 4940 didicimus:

1899 4978 1977 5033 ait
2021 4978 2165 5033 enim
2192 4994 2205 5031 :
2237 4976 2563 5041 Charissimi,
2592 4976 2823 5031 nondum
2842 4978 3082 5049 apparuit
3105 4977 3245 5049 quod
3265 4978 3496 5044 erimus;

1900 5071 2095 5124 scimus
2140 5068 2388 5140 quoniam
2437 5083 2553 5121 cum
2592 5069 2895 5139 apparuerit
2932 5067 3131 5123 similes
3173 5069 3222 5123 ei
3274 5069 3490 5135 erimus,

1900 5162 2154 5234 quoniam
2184 5158 2467 5214 videbimus
2512 5176 2631 5213 eum
2678 5160 2832 5213 sicuti
2861 5168 2936 5213 est
2984 5158 3037 5229 (Ι
3066 5160 3227 5214 Joan.
3278 5158 3364 5231 ιιι)
3389 5176 3405 5227 ;
3435 5166 3497 5222 ut

1904 5255 2032 5311 dum
2071 5251 2378 5322 apparuerit
2427 5251 2571 5319 quod
2615 5252 2838 5317 erimus,
2868 5253 2924 5308 id
2948 5260 3033 5308 est
3075 5251 3407 5309 immortales
3438 5262 3497 5310 et

1905 5344 2147 5417 gloriosi,
2182 5343 2234 5396 in
2252 5357 2357 5411 quo
2387 5341 2591 5397 similes
2617 5343 2665 5397 ci
2697 5343 2918 5399 erimus.
2962 5342 3179 5398 Similes
3204 5344 3356 5409 dixit,
3383 5361 3495 5402 non

1906 5436 2159 5508 mquales.
2202 5434 2417 5489 Similes
2451 5433 2698 5490 videlicet
2725 5452 2833 5491 non
2863 5437 2918 5490 in
2954 5436 3200 5507 corporis
3243 5438 3495 5494 similitu-

1907 5530 2051 5591 dine,
2092 5528 2185 5583 sed
2208 5526 2264 5580 in
2305 5527 2560 5583 interiore
2586 5530 2822 5596 homine,
2856 5530 3067 5586 dicente
3107 5531 3266 5587 beato
3303 5531 3493 5601 Augu-

1906 5623 2049 5677 stino
2078 5621 2133 5675 in
2171 5621 2396 5690 epistola
2440 5623 2507 5675 ad
2540 5622 2779 5679 ltalicam
2817 5626 3083 5698 virginem
3136 5645 3150 5682 :
3187 5646 3204 5676 ι
3235 5625 3369 5693 Quis
3406 5641 3495 5679 au-

1905 5722 2016 5769 tem
2059 5713 2497 5771 dementissimus
2523 5716 2721 5772 dixerit
2755 5734 2983 5791 corpore
3012 5736 3113 5777 nos
3161 5718 3245 5775 vel
3276 5733 3396 5774 esse
3411 5718 3496 5774 vel

1904 5806 2115 5863 futuros
2145 5820 2264 5864 esse
2299 5809 2501 5867 similes
2540 5811 2691 5867 Deo?
2717 5812 2771 5866 in
2796 5814 3054 5870 interiore
3082 5814 3247 5883 igitur
3276 5811 3496 5867 homine

1904 5901 2010 5965 iSta
2056 5901 2351 5961 similitudo
2400 5909 2502 5959 cst.
2546 5923 2564 5956 ι
2612 5902 2925 5963 Videbimus
2972 5921 3103 5977 ergo
3155 5920 3279 5961 eum
3329 5902 3494 5965 sicuti
