3990 6302
484 412 607 475 ton
1350 394 1421 466 δέ
1450 380 1701 467 Canem
1738 404 1953 462 MAGNI
1989 401 2140 459 orr.
2185 356 2460 458 rans‘n.
2505 403 2745 461 sacrm
2778 403 2842 460 11.

3590 402 3755 461 tcta

478 538 581 598 est,
605 511 1035 589 cunisecundmn
1060 538 1211 582 suam
1233 521 1675 595 pollicitationem
1702 517 2048 591 diligentibus
2073 514 2128 574 Δ
2151 514 2287 568 viam
2328 513 2591 581 justorum
2630 512 2802 584 (Psal.
2851 514 2915 585 t),
2966 522 3156 572 auctor
3190 517 3381 571 mortis
3422 515 3753 573 contrarius

479 639 540 682 se
574 617 996 679 manifestaverit
1031 615 1266 686 seipsum
1324 614 1441 670 sine
1484 613 1592 671 line
1628 613 1891 670 existente
1931 629 1943 663 :
1998 610 2053 664 in

478 730 588 788 quo
622 716 794 771 Deum
837 706 1139 767 videbimus
1178 706 1403 774 infinite,
1442 705 1772 764 celebrantes
1807 706 2051 776 perpetui

480 807 691 868 sabbati
724 802 1133 865 solemnitatem,
1189 796 1397 855 dicente
1426 797 1584 853 nobis
1624 797 1851 853 Domino
1898 814 1912 850 :
1951 794 2055 850 Va-

481 910 595 958 cate
621 910 671 956 et
692 899 856 955 uidete
872 896 1120 968 quoniam
1148 910 1241 965 ego
1260 908 1377 948 sum
1398 891 1652 946 Dominus
1682 889 1853 962 (Psal.
1878 888 2049 961 var),

481 1008 602 1064 qua:
623 988 806 1047 omnia
826 1002 935 1044 non
959 993 1118 1042 antea
1147 981 1556 1054 complebantur
1586 983 1642 1037 in
1670 981 1892 1046 sanctis,
1919 980 2045 1049 nisi,

476 1083 633 1156 juxta
656 1079 992 1152 Apostolum,
1019 1090 1143 1133 cum
1176 1074 1404 1131 mortale
1427 1074 1531 1131 hoc
1555 1072 1791 1130 induerit
1832 1074 2055 1130 immor-

485 1173 767 1238 talitatem,
806 1177 862 1226 et
896 1165 1245 1238 corruptibile
1286 1168 1391 1222 hoc
1411 1164 1655 1221 vestierit
1699 1166 2058 1236 incorruptio-

481 1283 629 1327 nem.
663 1266 799 1324 Nam
824 1267 871 1324 si
907 1278 1300 1337 conreguamus
1348 1261 1419 1330 ei,
1447 1260 1562 1331 jam
1614 1259 1863 1331 apparuit
1914 1260 2059 1331 quod

484 1362 724 1429 erimus;
757 1361 801 1417 si
837 1360 950 1430 jam
972 1357 1219 1430 apparuit
1246 1354 1389 1426 quod
1422 1353 1641 1420 erimus,
1689 1350 1805 1422 jam
1852 1352 2058 1410 similes

484 1456 537 1513 ei
582 1468 808 1520 sumus;
837 1452 883 1507 si
926 1451 1042 1524 jam
1084 1446 1286 1505 similes
1322 1445 1373 1503 ei
1410 1459 1617 1510 sumus,
1652 1441 1768 1513 jam
1814 1443 2061 1500 videmus

486 1559 612 1602 eum
642 1543 796 1601 sicuti
830 1549 950 1598 est:
983 1552 1092 1596 non
1115 1544 1293 1594 autem
1317 1536 1563 1592 videmus
1611 1548 1735 1590 eum
1770 1534 1928 1590 sicuti
1954 1543 2057 1601 est,

486 1638 725 1697 nondum
747 1636 911 1706 igitur
941 1644 1335 1702 conregnamus
1358 1629 1430 1685 ei.
1472 1627 1682 1700 Regnat
1710 1642 1838 1698 ergo
1872 1626 1962 1682 ille
2006 1626 2063 1682 in

487 1727 666 1793 nobis,
690 1740 798 1782 non
823 1729 1115 1794 conregnat
1140 1719 1335 1777 nobis:
1363 1724 1554 1790 regnat
1572 1716 1843 1784 videlicet,
1873 1730 2065 1774 secun-

468 1818 621 1874 dum
664 1815 811 1873 beati
864 1812 1149 1885 Augustini
1194 1810 1536 1875 sententiam,
1586 1809 1642 1865 in
1699 1808 2059 1873 credentibus,

2158 615 2259 671 est,
2308 607 2375 662 de
2407 622 2514 676 quo
2552 604 2910 677 subiungitur,
2964 604 3033 660 Et
3079 606 3180 660 iter
3220 607 3497 676 impiorum
3546 605 3754 677 peribit
3796 612 3811 645 τ

2159 694 2370 768 (Ibid.).
2422 695 2557 750 Nam
2594 694 2638 750 si
2679 712 2710 750 a
2756 694 2986 752 veritate
3034 703 3392 763 recesserunt,
3447 695 3757 751 mendacio

2159 787 2517 848 adbzeserunt,
2566 786 2853 841 mendaces
2892 784 3072 842 ell‘eeti
3107 794 3251 841 sunt.
3292 785 3350 842 Si
3383 788 3545 856 igitur
3578 802 3611 841 a
3652 801 3757 840 ve-

2160 879 2322 935 ritate
2372 885 2728 945 recesserunt,
2774 876 3063 934 mendaces
3103 878 3278 961 ellecti
3305 889 3449 935 sunt.
3477 880 3628 951 Ergo
3662 895 3754 934 se-

2160 969 2392 1024 cundum
2443 967 2971 1025 denominativorum
3022 969 3283 1040 regulam,
3335 975 3396 1024 ut
3434 985 3465 1024 a
3509 970 3761 1024 veritate

2160 1075 2344 1127 verax,
2393 1076 2424 1115 a
2461 1060 2671 1130 iustitia
2708 1059 2924 1129 justus,
2972 1075 3003 1114 a
3059 1059 3262 1131 pietate
3307 1061 3464 1131 pius,
3512 1075 3545 1114 a
3592 1059 3760 1115 boni-

2160 1158 2274 1205 tate
2335 1150 2509 1206 bonus
2531 1191 2545 1215 ,
2617 1151 2697 1205 ita
2747 1163 2779 1205 e
2838 1151 3115 1206 contrario
3166 1166 3199 1204 a
3246 1150 3527 1207 mendacio
3581 1166 3757 1205 men-

2164 1244 2268 1301 dax
2308 1244 2523 1299 dicitur.
2564 1243 2701 1299 Nam
2739 1260 2865 1299 cum
2900 1244 3189 1300 mendaces
3223 1244 3513 1300 veritatem
3550 1243 3761 1299 docere

2164 1345 2255 1392 aut
2280 1335 2371 1390 vix
2398 1344 2491 1391 aut
2524 1348 2800 1405 nunquam
2849 1335 3081 1406 possint,
3132 1334 3432 1390 mirandum
3473 1341 3559 1390 est
3604 1331 3760 1388 unde

2164 1424 2222 1484 bi
2264 1434 2374 1482 tam
2423 1441 2644 1483 veraces
2689 1434 2908 1497 tamque
2943 1424 3190 1481 veritatis
3234 1431 3529 1481 sectatores
3571 1422 3757 1479 euecti

2165 1517 2314 1574 sint:
2345 1520 2436 1589 qui
2490 1516 2750 1573 videlicet
2807 1515 3104 1572 secundum
3146 1531 3299 1571 suam
3349 1515 3663 1587 opinionem
3723 1531 3755 1570 ι

2166 1606 2516 1664 mendacibus
2567 1607 2712 1662 docti
2738 1614 2791 1661 et
2824 1607 2991 1677 geniti
3029 1611 3174 1661 sunt.
3206 1606 3321 1661 Non
3359 1614 3489 1676 ergo
3520 1605 3752 1677 gratiam

2167 1699 2264 1755 Dei
2291 1700 2346 1754 in
2375 1715 2438 1755 ea
2465 1699 2693 1754 veritate
2739 1702 3003 1767 quaerunt,
3060 1697 3128 1753 de
3168 1713 3274 1767 qua
3312 1696 3402 1766 pia
3432 1696 3650 1752 Veritas
3698 1702 3752 1749 et

2168 1804 2297 1846 vera
2342 1790 2521 1845 Pietas
2562 1789 2737 1843 dixit:
2769 1787 2830 1844 Si
2878 1788 3265 1859 permanseritis
3303 1790 3361 1841 in
3404 1785 3557 1841 uerbo
3606 1802 3749 1851 meo,

491 1904 619 1976 quia
654 1917 826 1974 usque
857 1904 927 1958 ad
948 1874 1174 1958 crucem
1206 1906 1263 1955 et
1300 1874 1529 1955 mortem
1584 1896 1890 1953 inﬁrmatus
1939 1900 2063 1953 est;
2094 1874 2146 1939 Β
2172 1885 2491 1955 cognoscetis
2534 1884 2817 1976 veritatem,
2861 1892 2911 1936 et
2951 1883 3138 1976 ueritas
3180 1880 3419 1976 liberabit
3444 1896 3529 1976 vos
3563 1880 3747 1976 (Joan.

491 1996 599 2052 hoe
614 2001 793 2050 autem
814 1991 976 2048 modo
993 1989 1162 2045 Filius
1178 1987 1395 2062 proprie
1420 1998 1609 2061 regnat
1653 1989 1710 2044 in
1729 1986 1833 2042 ﬁde
1851 1990 2073 2045 creden-

493 2080 667 2148 tium;
696 2094 805 2137 non
829 2082 971 2137 enim
992 2079 1153 2137 Pater
1179 2080 1287 2136 diei
1309 2086 1402 2135 aut
1426 2077 1573 2135 credi
1594 2084 1772 2149 potest
1790 2076 1875 2130 vel
1896 2075 2073 2131 incar-

494 2180 677 2240 natus,
704 2174 787 2228 vel
811 2172 1102 2242 judicatus,
1130 2174 1214 2229 vel
1239 2172 1563 2239 cruciﬁxus;
1592 2184 1690 2242 per
1715 2170 1949 2240 speciem
1977 2183 2071 2222 au-

495 2271 627 2331 ιαηι
659 2278 763 2336 qua
791 2266 1013 2338 aequalis
1037 2274 1127 2323 est
1143 2265 1313 2333 Patri,
1352 2271 1539 2337 regnat
1569 2264 1625 2318 in
1651 2260 2068 2332 contemplanti-

492 2357 597 2412 bus
641 2358 945 2426 veritatem,
996 2373 1106 2415 non
1128 2365 1422 2430 conregnat
1461 2358 1637 2424 nobis,
1687 2357 1814 2427 quia
1864 2355 2072 2411 scilicet

489 2460 602 2503 non
635 2450 923 2520 participat
963 2450 1119 2506 nobis
1143 2450 1199 2505 in
1229 2463 1416 2522 regno.
1462 2447 1638 2518 Ipsius
1677 2442 1821 2503 enim
1848 2446 2073 2516 apropric

492 2534 741 2608 regnum
762 2546 866 2605 est,
897 2540 1038 2595 sicut
1072 2541 1320 2611 superius
1356 2537 1766 2610 disputavimus.
1820 2535 2070 2593 Nondum

490 2627 638 2684 enini
680 2643 1069 2702 conregnamus
1093 2632 1143 2688 ei
1166 2631 1403 2703 quandiu
1430 2630 1589 2700 hujus
1620 2630 1964 2687 mortalitatis
1986 2638 2073 2685 tu-

492 2717 615 2775 nica
655 2719 829 2777 induti
870 2737 1074 2791 sumus,
1121 2724 1409 2796 quodtunc
1446 2736 1546 2801 nos
1583 2724 1822 2782 facturos
1842 2737 1959 2779 esse
1975 2736 2073 2793 per

488 2808 611 2880 ejus
628 2811 1051 2871 misericordiam
1064 2832 1362 2887 speramus,
1383 2834 1505 2875 cum
1518 2819 1809 2875 secundum
1834 2823 2073 2873 contem-

488 2900 787 2970 plationem
798 2909 1293 2974 supernaeveritatis
1307 2910 1376 2965 ad
1406 2910 1750 2965 obtinendam
1782 2907 2070 2965 beatitudi-

488 3005 623 3049 nem
643 2995 949 3051 nullomotu
960 2998 1144 3065 animi,
1161 3000 1305 3055 nulla
1328 3008 1482 3071 parte
1503 3002 1747 3072 corporis
1762 3003 2066 3067 resistente,

494 3084 712 3141 nomine
784 3095 1001 3144 amate
1044 3091 1318 3162 propriam
1367 3100 1711 3163 potestatem,
1780 3094 1883 3151 erit
1930 3092 2073 3150 Deus

496 3176 677 3232 omnia
716 3177 773 3233 in
797 3180 1070 3239 omnibus.

1118 3341 1344 3401 CAPUT
1380 3344 1444 3401 Il.

497 3451 579 3510 De
603 3469 663 3511 eo
689 3454 830 3530 quod
858 3453 1228 3513 Gaudentium
1276 3467 1325 3512 et
1368 3457 1595 3530 Harena
1642 3458 1698 3512 in
1742 3456 1960 3530 epistola
2005 3457 2074 3530 ad

472 3538 479 3548 '
570 3524 911 3599 venerabilem
952 3529 1479 3599 papamrapostaliw
1511 3530 1651 3585 sedis
1672 3524 1965 3583 Adrianum
1994 3527 2077 3581 di-

571 3597 1088 3671 recta_scripseru_nt,
1119 3597 1293 3671 Elegit
1326 3616 1426 3657 nos
1463 3599 1605 3656 Deus
1640 3600 1732 3671 qui
1761 3601 1817 3655 in
1846 3600 2076 3655 veritate

571 3666 862 3735 quaerimus
884 3668 1107 3737 gloriam
1130 3666 1265 3738 ejus.

574 3788 880 3848 Secundum
930 3795 1188 3852 Veritatis
1233 3800 1573 3866 sententiam,
1616 3800 1766 3870 quia
1787 3802 2077 3871 semetipso

502 3879 758 3950 loquitur,
806 3883 1030 3951 gloriam
1076 3888 1349 3958 propriam
1374 3891 1585 3961 quaerit.
1632 3890 1802 3959 Quam
1854 3907 2078 3963 prorsus

504 3966 561 4022 bi
580 3970 673 4037 qui
706 3971 761 4023 in
786 3972 1069 4031 adorandis
1110 3978 1431 4049 imaginibus
1470 3990 1807 4048 exarserunt,
1837 3983 1972 4038 adeo
2000 3982 2079 4037 vi-

505 4058 700 4114 dentur
726 4076 967 4131 quaerere
989 4076 1043 4120 et
1070 4069 1338 4139 amplecti,
1370 4082 1395 4110 ιι
1432 4080 1492 4126 ut
1519 4072 1926 4142 prodecessores
1953 4088 2078 4128 suos

504 4150 588 4204 vel
610 4161 863 4221 parentes
885 4171 1006 4210 cum
1027 4159 1236 4214 actibus
1256 4175 1442 4219 eorum
1460 4177 1573 4231 non
1590 4172 1877 4218 vereantur
1896 4178 2079 4233 asper-

505 4244 645 4303 nari.
676 4249 953 4321 Despectis
998 4254 1145 4309 enim
1189 4255 1298 4312 illis
1332 4264 1497 4328 atque
1523 4259 1737 4330 spretis,
1774 4257 1984 4328 jactam
2020 4275 2081 4317 se

505 4340 563 4397 in
600 4343 827 4399 veritate
864 4344 1089 4416 gloriam
1130 4348 1227 4406 Dei
1253 4364 1517 4419 quaerere,
1555 4366 1691 4423 quos
1723 4352 1911 4424 utique
1931 4360 2081 4410 recte

505 4446 768 4507 spernunt
831 4438 877 4493 si
949 4440 1017 4496 ab
1083 4456 1148 4498 ea
1219 4442 1457 4500 Veritate
1525 4459 1645 4516 quae
1706 4446 1840 4503 dixit
1893 4460 1908 4500 :
1962 4445 2078 4516 Ego

506 4544 624 4584 sum
666 4531 782 4599 via,
851 4532 1063 4602 veritas,
1107 4543 1155 4589 et
1218 4536 1323 4591 vita
1390 4534 1571 4608 (Joan.
1626 4540 1761 4611 xw),
1811 4538 2081 4595 ullatenus

506 4616 853 4676 deviaverunt
880 4635 896 4675 :
925 4624 1016 4693 qui
1052 4624 1173 4680 ideo
1204 4626 1287 4681 via
1312 4626 1508 4682 dicitur
1547 4628 1672 4697 quia
1701 4643 1798 4699 per
1828 4630 2077 4685 incarna-

504 4708 707 4766 tionem
743 4710 900 4768 bonis
933 4716 1139 4785 praebet
1168 4717 1377 4774 vivendi
1402 4719 1724 4790 exemplum.
1754 4720 1961 4776 Dicitur
1993 4730 2079 4778 et.

504 4800 652 4857 enim
677 4804 864 4858 veritas
904 4802 1153 4863 Christus
1196 4817 1416 4880 propter
1432 4809 1694 4879 judicium
1724 4812 1868 4881 quod
1895 4813 1952 4867 in
1985 4828 2078 4870 ve-

505 4893 668 4951 ritate
696 4904 933 4963 exercet,
973 4899 1086 4954 sive
1118 4899 1264 4970 quod
1296 4902 1352 4956 in
1377 4917 1442 4957 eo
1467 4901 1676 4959 falsitas
1717 4904 1827 4959 ulla
1867 4906 2082 4976 peni-tus

505 4980 739 5041 inveniri
791 5002 901 5042 non
947 4989 1142 5059 possit.
1208 4988 1327 5045 Vita
1376 5001 1595 5064 pr0pter
1640 4995 1890 5051 deitatem
1917 5038 1935 5064 ,
1985 5013 2082 5069 per

507 5086 670 5142 quam
695 5081 780 5130 est
796 5075 921 5129 vitae
947 5076 1098 5147 origo
1122 5085 1283 5147 atque
1309 5080 1359 5135 ei
1384 5085 1565 5139 omnia
1584 5085 1770 5141 vivunt
1797 5101 1811 5140 :
1833 5095 1915 5142 est
1936 5089 2079 5145 enim

506 5171 655 5219 recte
686 5166 1073 5222 ambulantium
1109 5168 1196 5226 via
1222 5172 1290 5226 ad
1313 5172 1479 5228 vitam
1505 5176 1704 5231 ducens
1725 5186 2018 5246 aeternam;
2048 5197 2079 5235 a

507 5268 614 5325 qua
655 5255 742 5310 via
770 5269 868 5312 nos
908 5258 1122 5317 deviare
1151 5263 1411 5335 propheta
1446 5268 1719 5325 dissuadet
1759 5286 1882 5325 cum
1909 5272 2076 5328 dicit:

506 5344 883 5417 Apprehendite
924 5350 1255 5422 disciplinam
1289 5375 1353 5414 ne
1384 5361 1592 5430 quando
1620 5362 1880 5417 irascatur
1903 5363 2082 5419 Domi-

510 5449 608 5490 nus
651 5445 699 5490 et
742 5441 964 5507 pereatis
1006 5459 1039 5497 a
1078 5445 1160 5499 via
1196 5447 1347 5517 justo
1384 5449 1555 5522 (Psal.
1602 5452 1686 5525 ιι).
1735 5452 1833 5507 Cui
1868 5455 1982 5519 vim,
2015 5455 2081 5511 de

508 5542 616 5600 qua
662 5531 804 5588 idem
850 5545 1068 5596 sanctus
1121 5543 1270 5613 dicit,
1329 5546 1588 5613 Quoniam
1642 5552 1779 5606 novit
1828 5551 2081 5606 Dominus

581 5696 607 5771 ᾖ
630 5683 1117 5771 illi-prodecessores
1149 5710 1272 5749 suos
1299 5697 1374 5771 uel
1398 5708 1673 5771 parentes,
1704 5701 1780 5755 Ita
1817 5704 2081 5771 perpetim

509 5755 566 5841 in
589 5755 863 5841 bisllbris,
892 5763 984 5841 qui
999 5762 1167 5841 vulgo
1186 5755 1615 5841 pragdecessores.
1654 5755 2082 5841 Similiter‘lege—s

510 5824 611 5881 hoc
639 5827 755 5897 lib.,
776 5824 971 5905 cap-9,
997 5832 1085 5901 20,

2101 3230 2151 3301 Ω

2100 4589 2157 4652 D

1188 5853 1202 5901 ;
1237 5836 1328 5893 lib.
1364 5855 1421 5903 η,
1452 5855 1568 5909 cap.
1594 5840 1662 5895 25
1677 5851 1730 5895 et
1751 5841 1813 5897 51
1837 5860 1852 5908 ;
1877 5836 2087 5911 ωλῖν,

2171 1975 2314 2047 vin).
2338 1973 2444 2029 Sed
2464 1973 2520 2028 in
2542 1971 2864 2043 imaginibus
2889 1971 3156 2027 artiﬁcum
3186 1971 3456 2028 industria
3484 1970 3745 2038 formatis,

2173 2080 2292 2137 quae
2317 2071 2649 2136 spectatores
2678 2077 2805 2118 suos
2828 2062 3145 2133 plerumque
3165 2063 3235 2117 ob
3262 2077 3450 2117 rerum
3476 2069 3747 2134 gestarum

2172 2156 2492 2211 memoriam
2544 2152 2805 2208 inducunt
2847 2150 2904 2205 in
2951 2151 3381 2216 admirationem,
3436 2151 3748 2207 adoratores

2171 2260 2300 2301 vero
2322 2257 2535 2314 semper
2576 2243 2630 2297 in
2673 2254 2934 2296 errorem.
2977 2239 3093 2296 Non
3138 2241 3277 2295 enim
3321 2239 3617 2296 mediocris
3669 2252 3745 2297 est

2171 2350 2326 2393 error
2351 2321 2476 2391 cum
2499 2330 2643 2411 aliud
2680 2332 2939 2388 aduratur
2976 2330 3249 2401 religionis
3287 2329 3459 2396 cultu,
3512 2346 3677 2402 quam
3705 2333 3744 2386 is

2171 2430 2266 2500 qui
2300 2427 2455 2492 dixit,
2488 2425 2768 2481 Dominum
2809 2423 2978 2479 Deum
3011 2433 3158 2479 tuum
3186 2423 3431 2479 adorabis
3470 2433 3522 2480 et
3548 2424 3631 2479 illi
3653 2425 3743 2481 soli

2170 2522 2357 2578 seruies
2384 2520 2618 2593 (Denter.
2667 2518 2764 2590 vt).
2812 2517 3025 2573 Veritas
3068 2531 3281 2586 semper
3325 2516 3655 2575 intemerata
3694 2527 3744 2594 et

2172 2614 2427 2671 inviolata
2459 2624 2813 2684 perseverans
2850 2611 3011 2665 unius
3038 2610 3184 2665 modi
3213 2619 3315 2665 est.
3346 2609 3473 2666 Istae
3502 2625 3637 2668 vero
3656 2624 3743 2683 pro

2171 2707 2446 2764 voluntate
2481 2703 2707 2760 artiﬁcis
2739 2703 2894 2773 plura
2936 2717 2995 2760 se
3024 2702 3393 2759 demonstrant
3430 2718 3596 2776 agere
3629 2718 3743 2758 cum

2172 2796 2305 2855 nihil
2341 2804 2520 2870 agant.
2560 2794 2697 2851 Nam
2744 2810 2868 2851 cum
2896 2795 3150 2851 videntur
3187 2795 3437 2851 homines
3470 2804 3593 2851 esse
3627 2811 3742 2851 cum

2172 2905 2281 2947 non
2310 2892 2438 2957 sint,
2469 2900 2711 2959 pugnare
2737 2900 2863 2942 eum
2890 2901 2997 2942 non
3022 2895 3280 2958 pugnent,
3310 2886 3467 2958 loqui
3489 2902 3606 2943 cum
3638 2903 3741 2941 non

2172 2984 2479 3054 loquantur,
2522 2980 2711 3037 audire
2748 2994 2873 3037 cum
2914 2994 3022 3037 non
3065 2980 3305 3047 audiant,
3355 2994 3577 3037 cernere
3626 2995 3742 3035 cum

2174 3089 2281 3131 non
2305 3080 2548 3139 cernant,
2576 3072 2798 3127 innuere
2834 3086 2957 3126 cum
2982 3086 3089 3129 non
3114 3072 3358 3138 innuant,
3386 3072 3607 3144 palpare
3632 3086 3743 3127 cum

2173 3183 2285 3223 non
2330 3167 2581 3239 palpent,
2628 3173 2760 3232 etc.,
2820 3165 3187 3236 hujuscemodi
3241 3172 3454 3222 constat
3499 3165 3741 3235 ﬁgmenta

2178 3255 2445 3314 artiﬁcum
2487 3268 2627 3321 esse,
2670 3268 2778 3309 non
2823 3268 2943 3309 eam
2991 3255 3281 3310 veritatem
3318 3255 3387 3311 de
3414 3269 3523 3326 qua
3552 3255 3742 3310 dictum

2177 3353 2292 3410 est,
2330 3344 2401 3398 Et
2435 3345 2622 3399 ueritas
2666 3342 2905 3397 liberabit
2945 3359 3033 3399 vos
3071 3343 3253 3415 (locu.
3294 3345 3438 3415 vm).
3490 3344 3747 3415 Imagines

2176 3449 2412 3504 namque
2437 3448 2532 3490 eas
2556 3435 2672 3489 sine
2709 3449 2873 3490 sensu
2908 3443 2964 3489 et
3000 3435 3207 3491 ratione
3255 3449 3377 3492 esse
3418 3446 3609 3492 verum
3653 3444 3743 3502 est,

2177 3527 2423 3583 homines
2466 3534 2647 3581 autem
2685 3540 2781 3580 eas
2807 3540 2926 3589 esse
2949 3524 3144 3582 falsum
3166 3536 3280 3593 est;
3311 3540 3450 3599 quas
3477 3536 3534 3583 et
3561 3529 3610 3583 si
3635 3530 3745 3598 quis

2178 3621 2473 3678 secundum
2492 3620 2891 3690 aequivocorum
2910 3621 3174 3676 rationem
3194 3621 3439 3678 homines
3466 3622 3574 3678 dici
3598 3637 3743 3692 posse

2178 3711 2430 3775 afﬁrmet,
2465 3717 2548 3776 ut,
2579 3710 2910 3781 Augustinus
2952 3709 3052 3766 fuit
3100 3726 3340 3768 summus
3383 3713 3741 3785 philosophus.

2177 3813 2255 3870 et,
2301 3802 2632 3873 Augustinus
2674 3800 2928 3872 legendus
2950 3810 3077 3869 rest,
3107 3811 3181 3866 et,
3211 3802 3549 3873 Augustinus
3581 3804 3743 3874 pictus

2148 3888 2151 3891 ’
2178 3895 2233 3950 in
2262 3895 2490 3951 ecclesia
2518 3901 2645 3960 stat,
2671 3900 2746 3959 et,
2778 3891 3107 3962 Augustinus
3128 3893 3219 3949 illo
3243 3894 3365 3949 loco
3383 3895 3625 3965 sepultus
3648 3904 3738 3963 est,

2178 3986 2570 4042 animadvertat
2613 3986 2730 4041 haec
2772 3986 2952 4041 omnia
2997 3998 3307 4056 quanquam
3340 3988 3413 4043 ab
3440 4002 3552 4043 uno
3587 3987 3737 4051 fonte,

2178 4076 2235 4133 id
2275 4086 2358 4132 est
2385 4075 2704 4146 Augustino,
2739 4076 3121 4146 processerint,
3168 4077 3312 4134 hunc
3364 4077 3542 4133 solum
3588 4078 3740 4134 fuisse

2179 4184 2367 4226 verum
2411 4168 2789 4238 Augustinum,
2819 4167 2888 4224 de
2906 4184 3012 4239 quo
3040 4168 3242 4225 dictum
3270 4176 3357 4226 est
3385 4180 3619 4224 sunmus
3640 4170 3741 4241 plai-

2178 4259 2442 4331 totopbus,
2471 4268 2666 4315 caetera
2692 4272 2822 4315 vero
2842 4258 2987 4314 aliud
3014 4273 3134 4315 esse
3165 4258 3427 4324 codicem,
3454 4259 3599 4315 aliud
3622 4259 3741 4313 ima-

2179 4351 2380 4423 ginem,
2417 4351 2563 4407 aliud
2586 4365 2781 4422 corpus
2805 4351 3091 4423 sepultum.
3114 4351 3259 4407 Inter
3276 4350 3551 4407 hominem
3576 4359 3738 4406 autem

2178 4447 2386 4517 pictum
2420 4453 2477 4500 et
2516 4459 2730 4509 verum,
2779 4446 2882 4500 hoc
2923 4444 3292 4516 principaliter
3339 4445 3567 4500 interest
3610 4441 3736 4513 quod

2182 4552 2321 4595 unus
2369 4537 2582 4593 illorum
2626 4546 2712 4592 est
2756 4551 2937 4602 verus,
2974 4535 3110 4591 alter
3156 4533 3344 4601 falsus,
3394 4547 3500 4591 nec
3548 4545 3740 4604 uspiam

2180 4629 2287 4686 nisi
2330 4629 2393 4685 in
2431 4626 2666 4683 nominis
2711 4626 2968 4682 societate
3002 4623 3489 4696 junguntur-Nam
3516 4639 3639 4680 cum
3662 4622 3741 4676 hic

2180 4737 2344 4783 verus
2368 4722 2459 4786 sit,
2489 4721 2582 4791 qui
2607 4720 2709 4777 hac
2743 4719 3055 4775 deﬁnitione
3087 4718 3303 4773 deliniri
3322 4726 3500 4788 potest
3523 4725 3584 4772 ut
3604 4715 3737 4771 dica-

2182 4825 2291 4881 tur,
2322 4814 2587 4880 anilualis,
2622 4813 2916 4877 rationalis,
2960 4811 3223 4877 mortalis,
3270 4810 3415 4866 risus
3458 4821 3743 4878 senm.

2180 4921 2371 4976 capax,
2412 4903 2719 4962 necessario
2765 4903 2857 4959 ille
2899 4901 3068 4959 falsus
3108 4903 3389 4959 habendus
3424 4912 3513 4958 est
3540 4902 3630 4972 qui
3660 4900 3742 4955 lto-

2180 5015 2302 5060 rum
2336 4998 2470 5055 nihil
2518 4999 2680 5054 hbet
2705 5015 2718 5051 :
2743 5007 2801 5051 et
2833 4997 2879 5052 si
2924 4996 3015 5051 ille
3055 4996 3146 5066 qui
3195 4996 3265 5052 iis
3304 4996 3563 5052 omnibus
3609 5003 3743 5052 caret

2179 5094 2348 5157 falsus
2385 5106 2493 5148 non
2535 5100 2639 5157 est,
2679 5106 2782 5147 nec
2825 5089 2915 5144 ille
2961 5104 3124 5146 verus
3155 5097 3239 5145 est
3267 5090 3358 5158 qui
3393 5090 3463 5144 iis
3506 5089 3745 5145 omnibus

2179 5187 2380 5259 regulis
2417 5185 2675 5256 subiacet.
2722 5184 2864 5240 Ecce
2899 5191 3194 5239 cernuntur
3219 5183 3405 5253 plures
3436 5191 3588 5239 stare
3628 5184 3745 5238 im-

2180 5278 2353 5350 gines,
2389 5293 2616 5348 quarum
2651 5277 2905 5346 quadam
2936 5282 3061 5330 sunt
3097 5273 3335 5329 colorum
3371 5275 3518 5331 fucis
3546 5288 3745 5346 compa-

2182 5371 2414 5441 ginatae,
2459 5368 2706 5438 quaedam
2758 5382 2893 5422 auro
2938 5373 3227 5437 argentove
3280 5365 3559 5432 conﬂate,
3609 5380 3742 5438 qum-

2181 5461 2305 5516 dam
2350 5460 2403 5514 in
2443 5458 2586 5530 ligno
2619 5457 2885 5514 cmlatoris
2921 5456 3175 5526 scalpello
3202 5456 3466 5528 ﬁguratas,
3509 5458 3740 5529 quaedam

2180 5553 2239 5607 in
2263 5565 2531 5607 marmore
2560 5549 2761 5614 uicisse,
2794 5550 3040 5619 quaedam
3068 5549 3123 5604 in
3150 5562 3319 5621 gypso
3352 5550 3439 5604 vel
3473 5560 3610 5606 testa
3634 5549 3739 5604 for-

2182 5708 2301 5778 ca’p.
2338 5702 2388 5768 6,
2431 5704 2615 5778 lO_,_l5
2642 5712 2710 5778 _et
2738 5703 2827 5758 22.
2861 5702 3063 5775 Opinor
3098 5706 3167 5761 ad
3205 5723 3325 5762 eam
3368 5707 3598 5766 formam
3642 5723 3740 5778 qua

2173 5774 2573 5853 jm'isconsu’ltis
2623 5774 2912 5844 dicuntur,
2951 5790 3205 5846 proavus,
3238 5790 3584 5853 prepatruus,
3625 5774 3740 5851 pro-

2180 5844 2487 5911 auumulus,
2512 5851 2614 5898 etc.

3932 292 3938 381 Ι
