3990 6302
211 355 355 416 1013

1033 347 1212 420 Lmnl
1247 362 1585 422 CAROLINI.
1623 393 1698 408 --
1731 358 1950 420 CAPIT.
1993 365 2081 422 os
2115 365 2306 422 IMAG.
2338 394 2409 407 -
2432 365 2562 423 un.
2601 366 2643 424 ι.

3327 369 3467 429 1014

207 479 392 539 matus,
422 471 478 528 in
501 471 697 543 quibus
717 472 931 544 quidem
953 481 1213 545 quantum
1241 477 1296 531 in
1319 477 1425 533 illis
1451 486 1555 542 est,
1570 487 1626 534 et
1649 479 1785 532 ima—
1809 481 1867 542 Δ
1887 484 2128 548 κῶνοι-θ
2155 479 2297 534 dicta
2325 477 2612 545 sufﬁciant,
2661 493 2760 535 nec
2797 481 2866 535 ad
2912 479 3016 538 alia
3057 485 3468 554 properantibus

205 565 353 636 ginis
402 565 716 631 similitudo,
754 572 809 620 et
844 566 1230 638 superscriptio
1271 567 1506 622 nominis
1533 583 1642 622 una
1667 575 1786 622 est:

203 655 362 710 verbi
409 656 581 728 gratia
625 662 680 711 et
727 656 904 725 imago
950 656 1099 712 Pauli
1151 665 1252 722 est,
1299 662 1353 712 et
1387 658 1790 728 superscriptio,

201 759 425 803 sanctus
468 748 691 804 Paulus.
737 748 1130 806 Sciscitandum
1175 751 1243 806 ab
1290 751 1368 806 eis
1404 760 1488 807 est
1525 753 1615 823 qui
1641 761 1796 810 tanto

199 853 399 893 errore
424 838 692 905 laborant,
719 847 777 894 ut
809 855 902 895 eas
930 853 1031 910 pro
1063 839 1289 894 arbitrio
1309 855 1408 896 suo
1433 850 1487 896 et
1508 841 1792 897 veritatem

201 937 260 983 et
303 939 523 984 sanctas
566 937 620 985 et
654 943 832 995 veras,
873 937 929 986 ot
959 943 1066 986 non
1091 929 1271 1000 potius
1304 931 1597 986 secundum
1622 930 1786 988 'vene-

201 1021 466 1077 rabilium
513 1021 735 1077 Palmm
786 1023 1130 1078 traditionem
1177 1031 1485 1080 sanctorum
1533 1025 1795 1097 imagines

200 1116 419 1182 dicunt,
453 1131 572 1187 qua:
601 1117 811 1172 cunctis
848 1125 1160 1188 comparata
1203 1119 1440 1174 sanctior
1472 1119 1558 1174 vel
1591 1121 1790 1186 verior,

201 1223 329 1278 quae
377 1209 620 1263 omnium
670 1208 1012 1264 sanctissima
1061 1218 1154 1264 aut
1202 1212 1483 1267 verissima
1523 1227 1641 1269 esse
1678 1227 1795 1270 cre-

201 1299 384 1353 denda
429 1309 532 1365 est,
578 1313 713 1369 quas
759 1301 886 1354 dum
915 1313 1009 1354 eos
1034 1300 1267 1370 aequales
1293 1302 1474 1357 dicere
1493 1313 1594 1374 pro
1617 1313 1792 1360 mate-

200 1392 418 1446 riarum
465 1398 520 1447 et
567 1391 993 1463 magnitudinum
1051 1392 1136 1447 vel
1191 1407 1415 1463 operum
1471 1395 1794 1454 discretione

200 1484 350 1539 ratio
372 1498 482 1538 non
503 1485 828 1554 permiserit,
852 1493 906 1538 et
934 1484 1192 1553 quasdam
1220 1486 1541 1555 quibusdam
1562 1488 1795 1543 sanctio-

199 1592 318 1641 res,
364 1585 422 1630 et
461 1577 817 1647 quarumdam
846 1579 1218 1636 sanctissimas
1260 1581 1418 1636 fateri
1452 1596 1796 1651 compescue-

202 1667 299 1731 rit,
341 1667 587 1738 profiteri
627 1668 1021 1738 compelluntur
1045 1673 1338 1726 secundum
1371 1672 1616 1727 veritatis
1647 1672 1794 1727 inda-

199 1759 468 1830 gatrieem
496 1759 780 1824 rationem,
809 1775 910 1816 nec
937 1761 1181 1817 veritatis
1207 1776 1431 1832 capaces
1457 1779 1554 1817 nec
1578 1770 1794 1818 sanctas

1894 569 2011 626 habe
2029 572 2310 629 obstaculo
2335 572 2460 628 sint.

2507 682 2734 741 CAPUT
2770 684 2856 740 Ill.

1891 775 1970 832 De
1996 792 2056 832 eo
2077 777 2216 848 quod
2241 775 2619 850 Constantinus
2644 786 2691 831 et
2718 775 2948 832 Harena
2987 785 3130 849 gesta
3164 777 3241 834 uel
3279 779 3474 850 scripta

2335 865 2433 902 sua
2461 845 2659 903 divalia
2703 845 3026 919 nuncupant.

1962 937 2158 995 Priscae
2193 939 2509 1011 gentilitatis
2531 939 2807 996 obsoletus
2832 955 2988 995 error
3012 939 3214 997 Christi
3239 940 3472 998 adventu

1891 1029 2138 1099 repulsus
2183 1028 2449 1100 quoddam
2489 1030 2730 1086 cernitur
2773 1030 2828 1085 in
2876 1030 2961 1085 his
2999 1029 3278 1101 reliquisse
3313 1030 3475 1086 vesti-

1893 1118 2061 1191 gium,
2115 1119 2207 1187 qui
2255 1132 2314 1173 se
2359 1118 2484 1174 fidei
2518 1127 2573 1176 et
2601 1120 2879 1192 religionis
2913 1119 3234 1176 Christiana:
3263 1121 3475 1189 jactant

1893 1213 2131 1268 retinere
2175 1210 2471 1284 fastigium,
2507 1213 2599 1283 qui
2630 1221 2685 1268 et
2719 1214 2863 1269 intra
2891 1213 3189 1270 Ecclesium
3222 1229 3387 1269 novas
3422 1221 3477 1269 ct

1893 1303 2104 1374 ineptas
2131 1304 2548 1359 constitutiones
2573 1304 2830 1360 audacter
2860 1311 3097 1360 statuere
3121 1302 3394 1371 affectant,
3422 1313 3476 1359 et

1893 1409 1954 1451 se
1984 1395 2128 1451 divos
2161 1410 2369 1467 suaque
2414 1403 2565 1467 gesta
2608 1395 2804 1451 divalia
2847 1396 3122 1470 gentiliter
3166 1410 3478 1466 nuncupare

1893 1501 2001 1542 non
2049 1485 2360 1543 formidant.
2399 1486 2548 1544 Unde
2587 1487 2649 1542 ﬁt
2681 1495 2740 1543 ut
2774 1489 2916 1558 quod
2946 1488 3263 1560 protoplasti
3285 1478 3477 1559 perpe-

1894 1584 2106 1632 travere
2146 1578 2394 1650 llorigera
2433 1579 2488 1634 in
2531 1577 2656 1633 sede
2702 1579 2880 1634 virosa
2931 1579 3200 1650 serpentis
3246 1578 3478 1650 promis-

1892 1669 2044 1726 sione
2071 1671 2253 1737 illecti,
2287 1673 2389 1726 hoc
2425 1671 2514 1726 isti
2550 1678 2860 1741 perpetrent
2888 1670 2944 1724 in
2982 1670 3224 1726 Ecclesia
3269 1669 3476 1740 antiqui

1895 1763 2066 1818 hostis
2090 1760 2276 1817 fraude
2305 1763 2513 1833 decepti
2541 1779 2554 1815 :
2583 1776 2706 1815 cum
2729 1762 2976 1818 videlicet
2993 1771 3048 1817 et
3073 1762 3162 1818 isti
3182 1777 3280 1833 per
3299 1762 3476 1817 inanis

199 1851 314 1906 dici
332 1851 565 1907 debere:
593 1851 846 1920 quoniam
873 1851 1091 1921 quidem
1124 1861 1178 1907 et
1205 1854 1378 1923 pretio
1402 1863 1527 1908 sunt
1552 1853 1790 1924 inaequa-
1824 1845 1872 1905 B
1897 1841 2081 1923 gloriae
2121 1852 2497 1907 celsitudinem
2526 1867 2584 1908 se
2610 1853 2754 1908 divos
2783 1854 3062 1908 nominare
3087 1869 3195 1909 non
3226 1862 3473 1918 renuant,

199 1944 302 2008 les,
350 1959 460 2013 quo
510 1943 726 1999 sibimet
765 1958 864 2014 per
898 1945 1316 2014 comparationis
1360 1945 1561 2016 gradus
1605 1942 1797 2014 prtefe-

200 2043 428 2099 runtur,
471 2043 526 2090 et
565 2035 868 2090 sanctitatis
911 2044 966 2090 et
1010 2036 1257 2092 veritatis
1302 2038 1498 2092 merito
1541 2036 1790 2107 aequales,

201 2141 313 2195 qua
375 2132 564 2181 Omnes
619 2127 841 2182 omnino
895 2134 1101 2183 carent.
1164 2127 1315 2184 Sicut
1372 2129 1514 2183 enim
1559 2130 1795 2200 pretiosa

205 2221 391 2290 imago
436 2219 810 2290 pretiosiorem
839 2228 894 2276 et
922 2221 1369 2291 pretiosissimam
1419 2221 1676 2288 admittit,
1722 2222 1796 2278 ita

201 2319 400 2370 sancta
433 2321 490 2368 et
513 2327 641 2368 vera
668 2313 992 2368 sanctiorem
1027 2323 1080 2368 et
1119 2313 1467 2378 veraciorem,
1520 2314 1797 2370 sanctissi-

200 2419 353 2459 mam
400 2414 456 2460 et
492 2404 896 2460 veracissimam
941 2414 1124 2476 posset
1168 2405 1471 2469 admittere,
1519 2406 1564 2460 si
1613 2415 1793 2462 tamen

199 2505 351 2554 esset
379 2495 644 2566 positivus
676 2495 874 2566 gradus
903 2511 933 2550 a
962 2512 1069 2566 quo
1097 2497 1495 2566 comparativus
1525 2505 1576 2551 ct
1607 2513 1795 2566 super-

200 2588 404 2642 lativus
429 2587 670 2642 valerent
709 2603 1003 2658 cmergere.
1051 2587 1200 2653 Esto,
1240 2587 1378 2641 inest
1407 2588 1630 2658 depicta:
1659 2589 1794 2643 ima-

197 2680 317 2750 gini
342 2679 607 2735 sanctitas
634 2696 646 2732 :
675 2678 769 2734 ubi
808 2686 1095 2748 antequam
1122 2678 1274 2733 fieret
1305 2677 1438 2732 fuit?
1467 2696 1534 2732 an
1568 2679 1621 2732 in
1647 2679 1792 2749 ligno

197 2771 348 2843 quod
374 2786 441 2826 ex
469 2771 603 2826 silva
637 2771 702 2826 ad
736 2787 866 2826 usus
894 2771 1142 2834 sumitur,
1169 2769 1321 2838 cujus
1351 2771 1627 2824 residuum
1659 2771 1794 2841 igni-

197 2865 306 2920 bus
335 2862 713 2934 mancipatur?
741 2878 809 2916 an
841 2862 894 2917 in
923 2861 1194 2917 coloribus
1231 2861 1321 2931 qui
1350 2861 1670 2931 plerumque
1694 2865 1792 2916 ‘re-

196 2956 305 3012 bus
353 2953 584 3025 impuris
630 2952 1048 3008 conficiuntur?,
1072 2969 1139 3006 an
1171 2954 1223 3007 in
1254 2967 1378 3006 cera
1413 2967 1531 3022 qua:
1561 2960 1616 3006 et
1647 2951 1791 3007 colo-

196 3062 326 3103 rum
350 3054 406 3102 et
441 3045 680 3101 sordium
721 3059 887 3115 capax
914 3045 1030 3099 est?
1057 3044 1114 3098 Si
1149 3045 1200 3098 in
1237 3045 1404 3116 ligno,
1430 3060 1527 3100 cur
1561 3043 1614 3098 id
1649 3041 1795 3113 quod

195 3153 399 3194 secure
439 3135 777 3201 retundente,
830 3136 974 3190 ascia
1022 3135 1380 3201 remordente,
1431 3135 1653 3190 runcina
1704 3150 1790 3187 ra-

1897 1955 1952 2001 et
1977 1960 2073 2017 per
2103 1946 2346 2001 avaritia:
2375 1946 2745 2016 rapacitatem,
2796 1962 2894 2017 per
2918 1961 3080 2016 quam
3122 1961 3274 2001 vana:
3304 1946 3477 2002 laudis

1897 2037 2109 2094 culmen
2139 2038 2288 2092 adire
2324 2045 2552 2103 tentant,
2594 2023 2849 2093 Eccl-esire
2893 2053 3094 2094 novum
3143 2037 3358 2108 aliquod
3397 2038 3479 2092 in-

1896 2128 2037 2184 ferre
2081 2130 2428 2184 contendant.
2479 2128 2796 2199 Quicunque
2845 2144 2976 2201 ergo
3029 2129 3138 2184 alta
3189 2131 3476 2201 plusquam

1894 2221 2029 2277 ordo
2062 2221 2304 2292 exposcit
2338 2221 2570 2290 appetit,
2618 2230 2672 2275 ct
2715 2221 3143 2276 extraordinarie
3187 2222 3310 2292 plus
3360 2236 3480 2277 esse

1893 2310 2038 2382 cupit
2070 2325 2230 2379 quam
2260 2317 2361 2375 est,
2395 2311 2462 2365 ab
2497 2325 2562 2366 eo
2602 2310 2692 2380 qui
2737 2310 2962 2365 humilia
3007 2311 3228 2381 respicit
3271 2319 3326 2366 et
3369 2311 3478 2366 alta

1893 2413 1928 2453 a
1953 2399 2109 2471 longe
2135 2400 2412 2472 cognoscit
2447 2398 2704 2467 dejectus,
2735 2400 2913 2455 minus
2945 2400 3133 2476 incipit
3164 2416 3284 2456 csse
3312 2415 3479 2471 quam

1893 2498 1997 2544 est.
2023 2489 2177 2556 Quod
2201 2489 2416 2544 illorum
2437 2491 2682 2560 exemplo
2706 2491 2993 2562 approbari
3022 2501 3220 2562 potest,
3251 2506 3478 2562 quorum

1897 2579 2024 2634 dum
2054 2579 2190 2634 alter
2220 2582 2402 2636 sedem
2450 2596 2606 2636 suam
2644 2581 2711 2636 ab
2748 2582 3000 2651 aquilone
3045 2598 3246 2653 ponere
3305 2585 3479 2652 dispo-

1894 2687 2049 2738 nens,
2081 2673 2323 2742 angelico
2354 2674 2557 2728 honore
2583 2681 2637 2728 et
2670 2676 2943 2730 consortio
2972 2675 3215 2746 privatus
3241 2678 3479 2734 tenebris

1894 2763 2138 2833 caliginis
2157 2763 2315 2832 hujus
2337 2773 2421 2820 est
2450 2766 2764 2836 deputatus;
2791 2766 2928 2822 alter
2951 2767 3262 2823 inobediens
3285 2768 3480 2826 divinis

1892 2858 2177 2928 praeceptis
2214 2866 2268 2913 et
2295 2873 2417 2914 esse
2455 2860 2678 2930 cupiens
2712 2860 2852 2924 sicut
2878 2860 3038 2926 Deus,
3069 2861 3477 2917 deliciosissima

1893 2949 2020 3004 sede
2055 2947 2258 3016 eiectus
2282 2951 2690 3006 immortalitate
2720 2953 2918 3007 amissa
2942 2951 3010 3006 ad
3038 2951 3196 3021 hujus
3239 2953 3479 3008 mortali-

1893 3042 2022 3097 tatis
2052 3041 2266 3098 labores
2289 3050 2343 3098 et
2371 3058 2642 3099 aerumnas
2676 3051 2761 3098 est
2797 3044 3116 3100 destinatus.
3165 3043 3405 3112 Quorum
3433 3045 3480 3104 si

1891 3134 2098 3190 vitandi
2134 3142 2260 3190 sunt
2289 3150 2466 3200 casus,
2493 3135 2729 3206 fugiendi
2766 3145 2891 3190 sunt
2930 3144 3121 3204 actus;
3153 3136 3200 3192 si
3241 3135 3479 3207 fugiendi

197 3231 367 3285 dente
419 3229 780 3294 abstrahitur,
830 3243 960 3298 rogo
1022 3235 1416 3298 consumptum,
1473 3228 1528 3281 in
1579 3227 1789 3282 favillas
1815 3211 1862 3272 ο
1897 3235 2022 3280 sunt
2074 3233 2247 3291 actus,
2302 3226 2625 3280 humilitatis
2667 3225 3072 3296 amplectendus
3117 3234 3200 3281 est
3235 3242 3386 3282 usus.
3421 3226 3479 3281 Si

199 3321 507 3384 redactum,
549 3328 642 3373 aut
666 3318 732 3374 de
760 3318 1027 3374 coloribus
1053 3335 1215 3373 manu
1246 3319 1468 3374 artificis
1493 3320 1548 3373 in
1578 3320 1789 3374 diversa

196 3414 495 3483 dilapsum,
526 3420 620 3465 aut
643 3412 708 3467 de
733 3426 856 3465 cera
884 3411 1050 3472 nimio
1072 3411 1248 3465 calore
1275 3410 1413 3480 ignis
1440 3410 1789 3480 liquefactum

194 3501 459 3575 guttatim
502 3501 821 3557 destitutum
851 3501 1008 3571 perit,
1050 3515 1171 3557 cum
1207 3501 1466 3554 sanctitas
1489 3501 1668 3569 perire
1697 3515 1790 3555 ne-

194 3593 380 3650 sciat?
416 3592 523 3645 Aut
554 3592 598 3645 si
641 3592 694 3645 in
728 3593 813 3646 his
850 3607 968 3659 quae
1013 3591 1253 3646 exsecuti
1300 3605 1485 3645 sumus
1532 3591 1790 3646 sanctitas

194 3697 315 3738 non
344 3689 448 3746 est,
474 3689 527 3736 et
557 3695 741 3734 revera
777 3696 881 3736 non
905 3689 1008 3745 est,
1036 3680 1383 3750 quaerendum
1409 3681 1548 3735 unde
1575 3681 1624 3736 ei
1650 3689 1790 3750 post~

193 3789 371 3844 quam
398 3788 464 3827 ex
489 3772 730 3842 pluribus
752 3772 994 3826 materiis
1014 3773 1388 3841 compaginata
1409 3781 1509 3835 est,
1533 3773 1784 3839 accedat;

192 3883 324 3938 qua:
351 3865 478 3920 dum
503 3879 676 3933 neque
697 3877 793 3934 per
816 3878 1006 3937 manus
1035 3862 1452 3933 impositionem,
1486 3877 1660 3932 neque
1690 3879 1789 3934 per

191 3959 443 4029 aliquam
471 3957 784 4011 canonicam
813 3954 1276 4010 consecrationem
1300 3955 1349 4009 ei
1377 3955 1632 4010 accedere
1649 3955 1791 4010 inve~

194 4049 410 4114 niatur,
435 4063 535 4102 nec
557 4047 730 4102 inesse
751 4045 1015 4101 credenda
1028 4054 1130 4101 est.
1155 4043 1285 4113 Qua:
1311 4047 1356 4099 si
1378 4047 1596 4111 inesset,
1615 4046 1788 4116 quaeri

192 4147 416 4213 poterat
451 4146 632 4192 utrum
661 4152 724 4192 ea
756 4145 1021 4192 vetustate
1051 4137 1328 4193 fatiscente
1353 4153 1475 4192 cum
1489 4153 1550 4192 ea
1571 4137 1788 4192 fatisce-

193 4239 308 4294 ret,
329 4244 398 4283 an
421 4229 488 4283 ad
510 4227 668 4283 aliam
687 4241 807 4298 quae
827 4241 895 4282 ex
927 4227 1244 4282 rudimentis
1257 4227 1616 4282 conﬁceretur
1638 4236 1786 4281 tran-

192 4321 375 4378 siret?
415 4318 550 4375 Nam
589 4319 634 4374 si
672 4319 723 4374 ei
752 4319 973 4384 inesset,
999 4318 1214 4374 aliunde
1235 4318 1442 4372 veniret
1465 4335 1479 4385 ;
1501 4318 1548 4374 si
1576 4319 1788 4375 aliunde

195 4415 436 4479 veniret,
493 4411 561 4466 ad
615 4411 774 4466 aliam
813 4412 1088 4466 transiret.
1144 4408 1259 4464 Non
1297 4415 1476 4463 autem
1521 4411 1587 4465 ad
1628 4410 1788 4464 aliam

196 4505 424 4570 transit,
451 4521 556 4560 non
586 4504 749 4574 igitur
776 4503 827 4558 ei
857 4502 1031 4558 inesse
1059 4502 1338 4557 credenda
1375 4509 1478 4556 est.
1507 4499 1637 4568 Quae
1663 4503 1789 4557 dum

197 4599 279 4655 ita
304 4609 364 4651 se
389 4597 640 4661 habeant,
673 4595 918 4665 quisquis
940 4609 1032 4649 eas
1061 4595 1343 4648 veritatem
1373 4594 1524 4658 dicit,
1551 4601 1604 4648 et
1628 4593 1679 4646 in
1707 4594 1788 4647 eis

199 4707 266 4746 se
307 4689 534 4761 gloriam
575 4687 671 4742 Dei
722 4700 966 4757 qumrere
1009 4688 1221 4751 asserit,
1274 4686 1428 4757 longe
1478 4701 1508 4741 a
1560 4687 1790 4740 veritate

199 4781 478 4837 discessit.
525 4777 640 4833 Non
679 4786 859 4833 autem
883 4779 936 4833 in
961 4778 1283 4849 imaginibus
1314 4778 1638 4833 manufactis
1672 4778 1786 4848 glo-

199 4872 346 4928 riam
378 4869 474 4926 Dei
510 4870 677 4925 David
723 4877 968 4925 senserat
1010 4883 1134 4924 cum
1167 4870 1398 4934 dicebat,
1433 4869 1605 4939 Super
1638 4870 1789 4925 catos

201 4965 378 5038 gloria
400 4965 514 5031 eius
543 4961 714 5033 (Psal.
743 4962 918 5033 cxm),
953 4976 1127 5032 neque
1153 4963 1388 5017 caelestis
1409 4963 1499 5017 ille
1521 4963 1790 5018 exercitus

201 5072 331 5112 cum
363 5054 624 5127 psallebat
652 5070 666 5108 :
700 5053 882 5108 Gloria
931 5054 985 5107 in
1011 5053 1225 5107 excelsis
1257 5053 1364 5106 Deo
1410 5052 1561 5122 (Luc.
1587 5053 1670 5122 ιι),
1698 5053 1791 5107 sed

203 5165 385 5221 neque
430 5151 484 5204 in
531 5149 837 5204 vastissima
865 5163 1048 5202 eremo
1091 5147 1287 5218 populo
1324 5148 1419 5202 Dei
1465 5148 1518 5200 in
1560 5148 1790 5217 quadam

203 5245 447 5316 imagine
484 5243 653 5315 gloria
701 5242 913 5297 Domini
938 5242 1227 5311 apparebat
1261 5255 1386 5295 cum
1410 5240 1644 5294 dicitur:
1685 5241 1792 5308 .4".-

207 5336 388 5406 paruit
410 5333 577 5405 gloria
600 5333 811 5387 Domini
829 5332 1026 5403 (Exod.
1049 5347 1147 5397 xv;
1175 5331 1335 5386 Leuit.
1366 5347 1453 5398 rx;
1491 5330 1656 5386 Num.
1682 5347 1786 5396 xiv,

206 5441 325 5492 xvi,
366 5425 498 5495 xx);
541 5429 596 5478 et
619 5423 750 5478 illud
779 5438 792 5476 :
822 5421 1039 5492 Operuit
1070 5422 1462 5476 tabernaculum
1489 5422 1656 5492 gloria
1688 5423 1794 5476 Do-

208 5519 341 5572 mini
378 5517 576 5588 (Exod.
602 5514 715 5587 ιι).
745 5515 910 5569 Multa
937 5514 1080 5568 enim
1124 5524 1313 5569 contra
1363 5515 1520 5584 hujus
1569 5515 1790 5584 capituli

210 5627 322 5665 non
373 5609 643 5664 mediocre
688 5607 1099 5663 deliramentum
1147 5608 1440 5662 secundum
1482 5617 1792 5663 sanctarum

213 5702 618 5770 Scripturarum
672 5699 1050 5754 auctoritatem
1097 5706 1150 5752 et
1199 5700 1490 5753 secundum
1545 5699 1790 5753 veritatis

214 5794 614 5861 lndagationem
653 5793 759 5849 dici
787 5791 1199 5863 poterant:scd
1248 5792 1364 5847 hate
1411 5790 1647 5847 breviter
1695 5805 1796 5861 pro

1892 3315 2057 3386 igitur
2102 3315 2309 3370 vitandi
2359 3325 2483 3371 sunt
2515 3332 2693 3383 casus,
2725 3317 3046 3374 humilitatis
3075 3319 3481 3389 amplectendus

1891 3416 1974 3463 est
2009 3424 2158 3473 usus,
2206 3425 2304 3479 per
2347 3424 2507 3478 quem
2548 3423 2670 3464 cum
2711 3411 2923 3465 caeteris
2958 3413 3224 3466 bonorum
3253 3426 3476 3482 operum

1892 3497 2265 3552 instrumentis
2291 3506 2346 3553 et
2369 3499 2420 3553 di
2440 3512 2727 3569 possumus
2744 3499 2880 3562 ﬁeri,
2899 3501 3036 3554 sicut
3057 3500 3146 3555 ille
3167 3501 3253 3554 cui
3275 3501 3478 3556 dictum

1890 3599 1994 3655 est,
2029 3589 2161 3644 Ecce
2185 3592 2429 3644 constitui
2453 3601 2502 3645 te
2525 3591 2684 3644 deum
2711 3592 3010 3646 Pharaonis
3037 3592 3232 3663 (Exod.
3273 3593 3398 3664 vn),
3423 3599 3480 3646 et

1890 3680 1987 3736 lilii
2025 3681 2138 3746 Dei,
2174 3681 2325 3750 juxta
2351 3683 2482 3736 illud
2502 3681 2645 3752 quod
2671 3683 2930 3752 scriptum
2958 3691 3060 3748 est,
3093 3683 3355 3754 Quotquot
3381 3704 3468 3743 au-

1891 3781 1993 3824 tem
2018 3782 2314 3842 receperunt
2336 3787 2473 3836 eum,
2491 3773 2632 3826 dedit
2649 3773 2723 3826 eis
2747 3781 3053 3841 potestatem
3075 3774 3215 3842 ﬁlios
3237 3774 3335 3830 Dei
3359 3778 3477 3846 ﬁeri

1891 3860 1972 3913 his
2013 3863 2100 3930 qui
2150 3861 2366 3914 credunt
2397 3861 2451 3914 in
2479 3863 2685 3915 nomine
2710 3863 2824 3932 ejus
2863 3863 3045 3933 (Joan.
3081 3864 3144 3935 ι).
3186 3866 3319 3921 Nam
3352 3884 3476 3924 cum

1889 3953 2253 4007 essentialiter
2312 3953 2454 4008 Deus
2504 3953 2715 4009 dicatur
2761 3964 2974 4010 creator
3019 3957 3282 4025 omnium,
3323 3958 3478 4028 juxta

1891 4044 2042 4111 illud,
2073 4046 2334 4110 Quoniam
2364 4046 2502 4100 Deus
2527 4063 2749 4117 magnus
2775 4047 3026 4103 Dominus
3060 4058 3108 4104 et
3132 4065 3226 4104 rea:
3251 4067 3475 4122 magnus

1889 4151 2048 4205 super
2092 4151 2294 4190 omnem
2339 4145 2534 4189 terram
2573 4135 2746 4206 (Psal.
2786 4137 2930 4209 xcv),
2974 4147 3057 4193 est
3097 4139 3236 4195 alius
3281 4143 3476 4198 modus

1891 4244 1999 4301 quo
2043 4228 2263 4286 abusive
2299 4227 2356 4282 di
2401 4237 2455 4283 et
2497 4243 2706 4300 supera:
2749 4237 3044 4299 potestates
3070 4239 3124 4284 et
3151 4233 3394 4288 homines
3420 4234 3478 4288 di

1891 4331 2174 4386 vocantur,
2204 4321 2417 4376 dicente
2445 4319 2723 4391 Apostolo,
2753 4320 2821 4374 Et
2842 4322 2888 4375 si
2911 4323 3015 4375 sint
3038 4323 3128 4391 qui
3153 4323 3398 4377 dicantur
3419 4323 3479 4377 di

1889 4418 1996 4472 sive
2018 4417 2073 4469 in
2097 4413 2244 4480 caelo,
2273 4415 2377 4467 sive
2404 4413 2461 4466 in
2483 4422 2643 4477 terra,
2674 4413 2821 4467 nobis
2858 4424 3031 4467 tamen
3067 4429 3202 4466 unus
3229 4424 3304 4466 est
3333 4413 3477 4468 Deus

1893 4511 2056 4567 Pater
2082 4507 2134 4581 (I
2158 4508 2280 4563 Cor.
2326 4506 2482 4579 vin);
2514 4515 2568 4560 et
2612 4506 2916 4571 Psalmista,
2944 4505 3058 4576 Ego
3082 4505 3194 4558 dixi
3216 4522 3235 4558 :
3258 4504 3328 4559 Di
3353 4506 3477 4560 estis

1893 4600 2070 4674 (Psal.
2096 4616 2160 4656 1.x
2167 4600 2302 4671 χιιι)
2317 4616 2332 4666 ;
2353 4599 2518 4654 tertio
2528 4611 2760 4667 namque
2772 4599 2932 4652 modo
2947 4596 3238 4652 secundum
3255 4595 3477 4650 sacrileo

1893 4707 2014 4763 gam
2039 4690 2473 4761 superstitionem
2495 4689 2655 4745 aeria:
2683 4695 2973 4758 potestates
2997 4687 3050 4742 di
3075 4693 3472 4756 nuncupantur,

1887 4784 2042 4855 juxta
2093 4781 2243 4847 illud,
2296 4780 2559 4848 Quoniam
2608 4796 2784 4835 omnes
2827 4779 2883 4832 di
2930 4778 3158 4848 gentium
3211 4777 3475 4831 dwmoniu

1895 4872 2069 4946 (Psal.
2108 4874 2278 4944 xcvi).
2308 4873 2443 4928 Nam
2470 4873 2647 4944 primo
2687 4871 2846 4927 modo
2882 4869 3064 4925 nullus
3112 4868 3474 4924 essentialiter

1895 4967 2038 5022 Deus
2065 4966 2170 5021 dici
2203 4973 2400 5035 potest,
2439 4963 2542 5018 nisi
2570 4962 2662 5017 ille
2688 4962 2780 5031 qui
2818 4969 2902 5017 est
2928 4960 3232 5026 ineffabilia,
3265 4960 3471 5014 incom-

1894 5056 2184 5120 mutabilis,
2206 5056 2590 5125 sempiternus,
2607 5053 2965 5123 omnipotens,
2988 5052 3079 5122 qui
3095 5060 3180 5107 est
3201 5066 3474 5108 summum

1893 5149 2114 5212 bonum,
2143 5145 2432 5214 singularis
2457 5159 2612 5215 apex,
2652 5143 2826 5199 trinus
2858 5143 2913 5197 in
2938 5143 3206 5212 personis,
3244 5157 3383 5198 unus
3416 5142 3473 5197 in

1893 5249 2107 5303 natura,
2146 5238 2236 5308 qui
2262 5245 2345 5293 eSt
2368 5251 2530 5306 super
2561 5235 2740 5289 omnia
2773 5235 2915 5289 Deus
2950 5234 3263 5289 benedictus
3290 5233 3345 5288 in
3371 5248 3473 5290 saa-

1893 5332 2036 5386 cula.
2079 5329 2329 5385 Secundo
2359 5326 2516 5383 modo
2553 5334 2608 5380 et
2653 5322 2829 5394 angeli
2875 5333 2932 5380 et
2975 5323 3220 5380 homines
3266 5324 3320 5380 di
3365 5323 3472 5380 dici

1894 5430 2155 5496 possunt:
2185 5422 2252 5476 ad
2299 5421 2441 5491 quod
2488 5419 2764 5490 dignitatis
2813 5432 3009 5473 nomen
3053 5432 3160 5472 non
3209 5416 3314 5472 nisi
3361 5416 3474 5472 Deo

1893 5515 2212 5578 obediendo,
2245 5522 2302 5568 et
2326 5512 2681 5568 humilitatem
2709 5509 3100 5580 amplectende,
3127 5515 3184 5563 et
3211 5521 3474 5577 arrogan—

1895 5609 2024 5662 tiam
2067 5604 2385 5674 spernendo,
2434 5611 2489 5658 et
2517 5601 2566 5658 ei
2591 5617 2688 5671 per
2732 5603 2931 5656 bonum
2979 5615 3114 5672 opus
3159 5597 3470 5655 inhazrendo

1895 5699 2224 5770 pervenitur.
2275 5696 2487 5750 Tertius
2539 5694 2726 5748 modus
2772 5693 2954 5764 plures
3006 5693 3167 5748 habet
3220 5690 3427 5761 species

1896 5807 2021 5848 nam
2059 5799 2114 5846 et
2151 5789 2412 5846 daamonia
2440 5787 2492 5844 di
2526 5803 2555 5842 a
2586 5786 2853 5858 gentibus,
2885 5795 2942 5842 et
2971 5784 3150 5840 sidera
3178 5783 3291 5838 sive
3314 5781 3468 5849 plura
