3990 6302
785 238 858 256 or"

471 312 613 372 1015

1353 309 1417 366 Β.
1456 308 1710 368 CAROLI
1747 305 1964 365 MAGNI
2001 304 2155 365 OPP.
2195 301 2377 361 PARS
2407 301 2474 358 Il.
2513 295 2758 358 SECTIO
2794 295 2857 352 ll.

3616 286 3750 344 i016

471 429 543 487 de
570 425 838 486 creaturis
865 425 1052 483 mundi
1092 423 1146 480 di
1181 422 1512 495 putabantur
1536 432 1592 480 et
1617 423 1976 490 dicebantur;
2005 431 2062 480 et
2083 425 2140 486 Α
2160 419 2444 492 gentilium
2465 418 2692 475 deorum
2702 387 3062 477 mendacium,
3081 417 3340 480 spernere
3351 405 3620 464 debemus
3636 422 3757 477 gen-

469 521 874 580 mundanarum
905 517 1268 589 quarumdam
1294 515 1494 570 artium
1524 515 1853 580 inventores,
1890 522 1946 570 et
1973 529 2065 568 ur-

473 614 630 671 bium
679 611 1003 674 conditores,
1037 607 1122 662 vel
1157 617 1372 677 sceptra
1401 605 1703 677 imperialia
1751 605 2064 670 retinentes,

467 713 599 778 post
639 711 871 759 mortem
895 699 953 755 in
979 698 1110 755 deos
1135 697 1499 754 credebantur
1527 694 1829 763 transferri,
1875 703 1932 750 et
1955 695 2068 752 divi

469 799 830 862 vocabantur,
862 802 918 850 et
940 792 1230 849 simulacra
1271 792 1486 847 illorum
1515 792 1570 848 di
1597 791 2066 862 nuncupabantur.

472 888 608 956 Quae
646 887 866 943 nomina
913 893 1204 956 aspernato
1230 899 1362 940 vero
1391 884 1520 949 Deo,
1546 892 1854 955 contempta
1893 882 2070 938 humi-

470 979 646 1046 litate,
695 977 993 1033 daemonica
1033 975 1120 1033 vel
1168 977 1404 1032 humana
1450 975 1553 1031 sibi
1579 975 1890 1046 arrogantia
1912 989 2070 1030 usur-

470 1071 660 1143 pavit:
686 1085 808 1140 quae
852 1069 929 1124 ita
971 1068 1316 1124 Christianus
1351 1068 1537 1138 edisse
1580 1069 1759 1132 debet,
1790 1068 1931 1124 sicut
1958 1068 2080 1125 odit

471 1171 754 1225 auctorem
780 1181 792 1216 :
819 1161 1065 1233 quisquis
1087 1162 1234 1217 enim
1257 1169 1536 1218 auctorem
1556 1159 1824 1216 mendacii
1845 1159 2069 1231 Sprevit:

469 1256 818 1311 mendacium
845 1271 1103 1329 spernere
1124 1256 1314 1323 debet;
1348 1264 1404 1313 et
1429 1256 1521 1327 qui
1554 1254 1895 1311 mendacium
1920 1269 2074 1325 sper-

468 1350 574 1416 nit,
605 1350 839 1406 mendax
864 1366 1082 1420 quoque
1113 1366 1312 1407 nomen
1343 1364 1603 1423 Spernere
1629 1350 1807 1405 debet.
1841 1348 1943 1416 Qui
1973 1347 2074 1419 igi-

470 1450 567 1498 tur
593 1451 870 1499 auctorem
901 1442 1171 1498 mendacii
1208 1443 1432 1513 sprevit,
1479 1441 1708 1498 mendax
1739 1455 1954 1510 quoque
1975 1455 2074 1496 no-

469 1553 599 1594 men
629 1552 889 1608 spernere
923 1538 1086 1593 debet
1111 1556 1122 1591 :
1151 1545 1342 1592 auctor
1372 1543 1552 1591 autem
1578 1534 1846 1590 mendacii
1878 1533 1965 1589 ille
1991 1541 2074 1589 est

471 1631 543 1686 de
565 1647 673 1700 quo
700 1629 905 1686 dictum
927 1639 1030 1695 est,
1054 1628 1130 1683 Ab
1156 1629 1308 1682 initio
1337 1627 1564 1682 mendax
1587 1627 1688 1696 fuit
1709 1636 1756 1680 et
1779 1627 1835 1680 in
1861 1625 2073 1680 veritate

472 1743 582 1782 non
615 1725 754 1779 stetit
785 1723 970 1796 (Joan.
1021 1723 1167 1793 vin).
1219 1720 1447 1776 Mendax
1497 1734 1695 1774 nomen
1740 1716 1910 1772 divale
1963 1730 2073 1771 non

2171 510 2288 566 tilia
2313 508 2594 572 vocabula,
2617 505 2875 578 Apostolo
2895 504 3121 560 docente
3139 500 3233 571 qui
3254 499 3349 564 ait,
3381 498 3519 564 Qua:
3545 498 3758 552 societas

2171 605 2304 661 lucis
2329 605 2398 660 ad
2419 602 2697 659 tenebras?
2714 617 2831 673 (μιω
2852 607 3026 654 autem
3048 595 3316 651 conventio
3338 592 3543 649 Christi
3575 592 3645 645 ad
3665 590 3758 646 Be-

2171 695 2267 752 lial
2302 695 2389 768 (II
2420 694 2544 751 Cor.
2567 693 2683 763 v1)?
2725 693 2773 748 A
2813 706 2920 762 qua
2952 686 3314 746 conventione
3349 684 3472 754 ipso
3498 690 3758 738 annuente

2170 789 2486 853 liberemur,
2531 786 2624 856 qui
2667 799 2784 848 nos,
2817 790 3035 852 ereptos
3077 781 3144 836 de
3191 777 3440 835 tenebris
3488 784 3548 831 et
3582 776 3760 830 umbra

2173 883 2386 948 mortis,
2417 879 2692 937 transtth
2716 879 2774 935 in
2810 892 3037 950 regnum
3061 875 3185 932 Filii
3210 871 3526 931 dilectionis
3559 885 3684 932 suat,
3715 871 3761 926 in

2175 989 2283 1044 quo
2312 974 2576 1030 habemus
2602 971 3032 1042 redemptionem
3069 969 3124 1025 in
3152 967 3547 1024 remissionem
3587 978 3762 1035 pecca-

2175 1075 2376 1125 torum.

2793 1157 3024 1216 CAPUT
3061 1157 3152 1214 IV.

2177 1257 2255 1314 De
2286 1274 2347 1312 eo
2366 1256 2525 1328 quod“
2560 1254 2934 1328 Constantinus
2980 1260 3028 1307 et
3059 1250 3289 1328 litarem
3336 1251 3394 1303 in
3433 1246 3662 1328 epistola
3683 1263 3764 1328 sua

2247 1321 2528 1385 venerabili
2551 1343 2700 1397 papae
2740 1325 2975 1379 Adriano
3019 1323 3165 1378 urbis
3188 1321 3372 1397 Roma:
3407 1321 3763 1397 scripserunt;

2249 1399 2526 1471 Rogamus
2540 1391 2689 1471 tuam
2715 1397 3095 1471 paternitatem
3122 1401 3177 1471 et
3197 1392 3438 1447 maxime
3462 1391 3612 1446 Deus
3633 1396 3766 1459 rogat

2248 1464 2364 1540 qui'
2378 1469 2582 1524 nullum
2607 1464 2883 1522 hominem
2917 1466 3033 1520 vult
3059 1464 3259 1535 perire.

2249 1562 2350 1631 Qui
2388 1563 2561 1618 Deum
2591 1561 2695 1617 sibi
2721 1576 3038 1630 conregnare
3060 1557 3384 1629 procaciter,
3417 1564 3475 1611 et
3498 1571 3602 1610 sua
3633 1563 3766 1626 gesta

2178 1655 2375 1711 divalia
2403 1655 2632 1724 superbe
2657 1661 2712 1707 et
2735 1650 3008 1724 gentiliter
3034 1650 3215 1706 dicere
3245 1649 3431 1712 audet,
3475 1647 3768 1702 indubitan-

2179 1758 2264 1804 ter
2277 1755 2330 1804 et
2350 1748 2540 1812 Deum,
2556 1744 2708 1814 cujus
2719 1750 2802 1799 est
2821 1759 3045 1815 regnum
3057 1750 3111 1796 et
3131 1741 3440 1812 imperium,
3469 1740 3765 1809 quempiam

471 1821 752 1878 immerito
777 1829 879 1886 es"
909 1820 1393 1912 quo‘lppeccawfe?
1415 1829 1516 1912 Pro
1542 1814 1656 1869 suis
1679 1812 1891 1868 meritis
1915 1819 2074 1912 ait?“
2105 1830 2152 1892 Β
2177 1857 2363 1912 rogare
2393 1840 2574 1895 dicere
2603 1812 2820 1893 audebit
2850 1852 2864 1890 :
2888 1812 2952 1891 ut
2997 1837 3123 1892 dum
3167 1835 3270 1890 sibi
3297 1834 3647 1890 temerariam
3674 1833 3768 1888 ccl-

471 1915 562 1972 nis
594 1913 875 1985 suppliciis
904 1910 1238 1981 mancipatus
1277 1906 1615 1964 divinitatem
1659 1912 1906 1959 astruere
1944 1901 2074 1956 niti.

473 2015 570 2062 tur
617 2022 739 2062 esse
787 2006 1031 2076 adeptos.
1075 2002 1134 2058 Si
1163 2017 1294 2073 ergo
1321 1999 1481 2069 huius
1522 1999 1756 2054 nominis
1805 2003 2075 2051 amatores

471 2097 582 2153 hoc
616 2097 684 2151 ad
712 2095 1046 2150 divinitatem
1091 2092 1315 2146 minime
1351 2089 1627 2160 pertinere
1665 2087 1922 2152 fatentur,
1976 2101 2075 2140 au-

479 2188 634 2243 diant
684 2189 828 2258 ipsos
859 2187 1084 2258 gentiles
1113 2184 1206 2256 qui
1251 2185 1356 2240 hoc
1400 2184 1620 2239 nomine
1663 2180 1986 2237 familiarius
2021 2180 2077 2236 in

478 2283 596 2340 suis
621 2281 817 2336 litteris
838 2281 1148 2344 utebantur,
1179 2287 1235 2334 et
1262 2277 1407 2332 divos
1438 2292 1538 2348 pro
1582 2275 1681 2339 dis,
1731 2283 1787 2329 et
1816 2274 1940 2330 deos
1978 2288 2079 2344 pro

477 2372 620 2430 divis
669 2387 806 2444 pene
850 2370 1227 2427 indifferenter
1264 2384 1470 2439 ponere
1511 2366 1858 2423 consuevisse
1887 2381 1902 2420 :
1931 2365 2078 2422 divos

476 2479 580 2537 pro
608 2465 713 2531 dis,
747 2472 807 2519 ut
835 2472 920 2519 est
944 2462 1078 2517 illud
1105 2461 1209 2532 (Ex
1232 2457 1518 2532 Virgilio):

672 2613 685 2628 .
714 2616 728 2630 .
755 2614 769 2628 .
797 2614 811 2629 .
836 2615 848 2627 .
874 2576 952 2630 'l'u
975 2578 1062 2629 das
1089 2575 1249 2639 epulis
1273 2574 1567 2626 accumbere
1588 2573 1794 2632 divum;

475 2675 534 2724 et
557 2665 754 2723 iterum
773 2707 789 2732 ,

669 2798 683 2811 .
714 2797 729 2809 .
756 2797 772 2812 .
799 2797 812 2811 .
835 2797 847 2808 .
876 2759 998 2818 Quae
1021 2760 1134 2809 sunt
1155 2768 1218 2809 ea
1238 2757 1436 2807 numina
1459 2755 1626 2806 divum

667 2822 916 2885 Flagitat,

477 2902 536 2959 id
570 2912 671 2969 est,
707 2904 952 2959 deorum.
979 2903 1118 2958 Deos
1143 2912 1326 2973 autem
1345 2916 1448 2972 pro
1481 2901 1640 2969 divis,
1670 2910 1732 2957 ut
1757 2910 1841 2957 est
1872 2900 2024 2968 illud,

638 2997 714 3045 An
739 2995 877 3045 Deus
898 2997 1125 3046 immensi
1149 2996 1322 3046 venias
1343 2996 1511 3057 maris,
1539 3007 1599 3046 ac
1622 3000 1702 3046 tua
1723 2999 1888 3046 nauta:

643 3057 851 3108 Numina
883 3058 987 3108 sola
1009 3057 1191 3109 colant.

479 3140 778 3198 Octaviano
803 3139 950 3194 enim
1000 3139 1208 3195 dictum
1255 3149 1358 3205 est,
1408 3155 1568 3210 quem
1598 3146 1722 3211 post
1747 3147 1978 3196 mortem
2025 3140 2079 3196 in

479 3231 665 3287 divum
690 3231 972 3287 transferri
998 3233 1282 3303 putabant.
1332 3232 1520 3288 Cesset
1546 3233 1731 3304 igitur,
1756 3241 1932 3288 cesset
1958 3232 2081 3288 falsi

478 3323 718 3379 nominis
765 3323 1007 3387 ambitio,
1064 3324 1393 3380 destituatur
1418 3324 1626 3394 antiqui
1671 3325 1872 3381 erroris
1917 3325 2082 3380 vesti-

479 3417 644 3488 gium,
682 3416 920 3471 facescat
944 3433 1100 3474 caeca
1124 3419 1529 3489 superstitionis
1558 3419 1898 3486 vocabulum,
1926 3420 2083 3476 abdi-

480 3515 636 3563 cetur
673 3509 920 3579 procacis
939 3509 1176 3565 nominis
1216 3511 1590 3582 supercilium,
1627 3513 1910 3582 pellatura
1950 3512 2082 3568 lide-

478 3599 623 3656 libus
671 3601 725 3655 in
775 3601 927 3657 divos
981 3601 1482 3660 transferendorum
1532 3605 1815 3660 hominum
1881 3603 2082 3675 gentile

477 3694 845 3748 mendacium.
875 3693 994 3748 Jam
1025 3696 1229 3752 veritas
1254 3698 1320 3753 de
1351 3705 1498 3754 terra
1527 3706 1767 3763 ortaest,
1786 3697 1901 3766 jam
1929 3703 2084 3753 ortus

478 3794 567 3842 est
594 3787 841 3842 fidelibus
877 3787 957 3842 sol
978 3787 1227 3857 justitiat,
1247 3790 1360 3860 jam
1383 3791 1479 3862 qui
1510 3792 1732 3848 sedebat
1763 3791 1818 3845 in
1841 3789 2084 3846 tenebris

480 3879 620 3932 vidit
671 3878 844 3933 lucem
885 3896 1166 3950 magnam,
1195 3880 1309 3950 jam
1341 3883 1715 3938 habitantibus
1763 3881 1819 3936 in
1862 3882 2085 3954 regione

480 3971 690 4024 umbrae
721 3971 914 4026 mortis
954 3972 1046 4027 lux
1089 3981 1208 4028 orta
1241 3982 1344 4029 est.
1407 3976 1601 4031 Omnia
1647 3974 1803 4039 falsa,
1855 3975 2086 4031 veritate

481 4061 756 4126 veniente,
785 4072 996 4118 cassata
1023 4072 1166 4119 sunt.
1195 4067 1331 4121 Nam
1357 4068 1404 4121 si
1432 4067 1688 4123 falsorum
1706 4068 1931 4124 deorum
1955 4083 2085 4139 gen-

479 4150 597 4206 tilis
621 4150 804 4222 opinio
831 4151 966 4207 falsa
995 4164 1099 4221 est,
1130 4165 1255 4224 post
1303 4165 1534 4212 mortem
1583 4158 1637 4212 in
1670 4159 1824 4214 divos
1855 4160 2086 4215 transfe-

483 4247 778 4300 rendorum
809 4246 1089 4302 hominum
1115 4247 1297 4304 fabula
1327 4249 1465 4305 falsa
1491 4257 1595 4307 est.
1631 4250 1704 4305 At
1729 4252 1776 4307 si
1800 4261 1923 4322 post
1948 4269 2085 4310 mor-

483 4345 594 4390 tem
621 4337 676 4390 in
708 4339 860 4392 divos
893 4338 1397 4396 transferendorum
1420 4345 1698 4400 hominum
1722 4344 1905 4402 fabula
1948 4346 2086 4404 falsa

480 4437 584 4495 est,
626 4429 814 4485 divalis
850 4433 1086 4489 nominis
1107 4437 1440 4507 nuncupatio
1480 4453 1616 4492 vana
1656 4448 1760 4495 est.
1809 4439 1868 4494 Si
1916 4440 2085 4512 igitur

480 4521 741 4579 falsorum
790 4528 1017 4582 deorum
1063 4529 1280 4600 gentilis
1327 4531 1510 4600 opinio
1564 4531 1699 4588 falsa
1732 4541 1836 4600 est,
1895 4533 2083 4590 divalis

2180 1933 2475 1990 situdinem
2504 1937 2784 2002 prorogat,
2813 1929 3009 1984 divinm
3034 1926 3338 1997 maiestatis
3371 1927 3597 1998 imperio
3618 1927 3770 1996 quid-

2181 2023 2306 2079 dam
2331 2023 2593 2093 derogare
2617 2021 2926 2077 contendat.
2978 2017 3088 2074 Nec
3116 2018 3426 2072 mirandum
3456 2025 3541 2072 est
3567 2033 3662 2071 cur
3679 2033 3768 2072 sua

2179 2124 2475 2188 praesumat
2501 2115 2767 2180 attollere,
2799 2128 2924 2169 cum
2965 2111 3145 2167 divina
3172 2113 3354 2167 verbis
3378 2111 3619 2167 indoctis
3645 2112 3769 2164 nita—

2182 2217 2276 2264 tur
2295 2207 2633 2263 submittere.
2675 2205 2818 2260 Deus
2859 2204 3004 2260 enim
3040 2202 3361 2274 imperando
3386 2201 3569 2257 lucem
3599 2200 3770 2257 condi-

2181 2307 2327 2363 disse
2348 2304 2564 2376 legitur,
2581 2310 2635 2360 et
2658 2317 2828 2375 aquas
2849 2302 2918 2356 ab
2941 2299 3097 2371 aquis
3119 2299 3465 2365 discrevisse,
3484 2307 3541 2353 et
3554 2297 3769 2352 limitem

2181 2399 2289 2465 bis,
2307 2413 2375 2455 ne
2389 2397 2566 2454 denuo
2582 2394 3060 2457 confunderentur,
3087 2391 3491 2447 ﬁrmamentum
3512 2393 3768 2463 posuisse,

2088 2543 2091 2545 ,
2183 2500 2236 2550 et
2258 2502 2462 2548 terram
2483 2489 2793 2563 multigenis
2813 2489 3111 2545 seminibus
3137 2487 3476 2550 fecundasse,
3506 2495 3564 2541 et
3589 2486 3770 2542 caelum

2184 2585 2520 2658 splendilluis
2534 2585 2774 2641 siderum
2798 2582 3099 2655 fulgoribus
3117 2598 3460 2655 perornassc,
3490 2595 3516 2623 θ
3539 2592 3595 2638 et
3618 2597 3771 2653 aquas

2183 2682 2520 2746 natatilibus,
2551 2696 2678 2736 aera
2699 2678 3008 2735 volatilibus
3031 2677 3405 2749 complevisse,
3430 2686 3488 2731 et
3509 2678 3773 2733 hominem

2184 2774 2302 2831 sive
2337 2774 2582 2829 omnium
2605 2787 2789 2826 rerum
2819 2770 3152 2827 creationem
3173 2778 3421 2840 patrassc
3453 2785 3468 2823 :
3495 2778 3552 2826 et
3582 2772 3671 2825 isti
3703 2771 3774 2826 di-

2185 2875 2334 2934 cunt,
2364 2885 2383 2919 ‹
2407 2867 2684 2938 Rogamus
2707 2875 2854 2922 tuam
2870 2865 3275 2935 paternitatem,
3306 2872 3362 2918 et
3382 2865 3621 2920 maxime
3645 2865 3775 2920 Deus

2185 2970 2358 3032 rogat,
2398 2961 2492 3032 qui
2522 2959 2728 3015 nullum
2757 2959 3038 3016 hominem
3058 2957 3174 3012 vult
3199 2957 3398 3030 perire.
3439 2977 3460 3010 ›
3503 2959 3580 3015 De
3607 2958 3773 3030 Moyse

2185 3051 2385 3123 legitur
2439 3066 2505 3106 eo
2561 3050 2703 3121 quod
2753 3050 2932 3120 fecerit
2980 3047 3122 3121 quod
3184 3047 3445 3103 Dominus
3503 3051 3775 3121 imperaret

2188 3141 2388 3215 (Exod.
2417 3142 2540 3212 XL);
2573 3148 2627 3196 et
2677 3141 2821 3196 idem
2853 3140 3082 3196 scribit:
3116 3139 3200 3193 Ad
3247 3140 3527 3210 imperium
3578 3139 3774 3195 Domini

2186 3235 2459 3289 movebant
2490 3241 2664 3288 castra
2699 3230 2801 3302 ﬁlii
2839 3230 3030 3297 Israel,
3064 3242 3114 3286 et
3158 3231 3226 3285 ad
3256 3232 3537 3302 imperium
3575 3231 3775 3286 Domini

2183 3323 2444 3396 ponebant
2464 3340 2526 3377 ea
2553 3321 2744 3395 (Num.
2770 3321 2880 3392 1x);
2906 3332 2962 3378 et
2984 3323 3087 3378 iste
3113 3323 3243 3378 dicit
3271 3341 3283 3376 :
3319 3323 3553 3377 maxime
3581 3324 3774 3394 quidem

2186 3417 2328 3472 Deus
2351 3427 2521 3487 rogat,
2549 3425 2612 3472 ut
2637 3424 2763 3488 pote
2783 3417 2878 3487 qui
2906 3415 3386 3488 incommutabilis,
3435 3415 3769 3480 innell'ahilis,

2185 3509 2550 3580 sempiternus
2574 3517 2675 3574 est,
2700 3518 2755 3565 et
2779 3509 3023 3566 omnium
3044 3508 3337 3564 visibilium
3359 3516 3414 3563 et
3435 3509 3771 3564 invisibilium

2186 3611 2437 3660 naturam
2460 3603 2688 3672 imperio
2703 3602 2909 3658 creavit
2932 3601 3266 3672 imperioque
3289 3602 3580 3672 gubernat,
3607 3619 3771 3673 rogare

2187 3694 2430 3766 incipiat.
2465 3694 2620 3763 Quod
2654 3696 2871 3766 quidem
2902 3694 3130 3750 verbum
3180 3709 3287 3748 non
3331 3694 3643 3763 potestatis,
3693 3691 3770 3746 sed

2187 3786 2586 3856 deprecationis
2611 3792 2728 3850 est,
2760 3800 2871 3840 non
2911 3783 3272 3848 auctoritatis,
3301 3783 3398 3838 sed
3426 3783 3768 3846 necessitatis,

2186 3878 2648 3950 nonimperantis,
2675 3879 2770 3934 sed
2789 3877 3151 3933 obsecrantis.
3185 3875 3323 3931 Nam
3346 3891 3472 3930 cum
3499 3877 3552 3930 in
3580 3876 3685 3930 Deo
3703 3876 3770 3930 in-

2188 3972 2426 4043 digentia
2439 3971 2584 4026 nulla
2607 3971 2678 4026 sit
2701 3978 2756 4026 et
2777 3969 2964 4043 rogare
2983 3969 3322 4025 obsecrantis
3340 3968 3431 4031 sit,
3449 3977 3506 4022 et
3521 3969 3770 4023 obsecrare

2187 4067 2498 4138 indigentis,
2529 4065 2779 4136 quisquis
2815 4065 2982 4136 igitur
3027 4063 3200 4118 Deum
3229 4079 3423 4134 rogare
3460 4063 3593 4133 quid
3636 4063 3767 4126 dicit,

2187 4161 2240 4217 ei
2276 4159 2466 4230 procul
2495 4159 2660 4216 dubio
2687 4157 3039 4230 indigentiam
3071 4158 3320 4213 ascribit.
3337 4157 3436 4214 Cui
3466 4159 3514 4213 si
3545 4158 3770 4230 indigen-

2187 4253 2266 4308 tia
2294 4253 2456 4318 inest,
2485 4257 2540 4308 et
2569 4251 2885 4308 necessitas.
2921 4249 2979 4305 Si
3006 4250 3305 4306 necessitas
3332 4250 3500 4318 inest,
3553 4251 3768 4321 omnipo-

2188 4347 2360 4402 tentia
2387 4347 2557 4402 deest.
2577 4344 2983 4416 Omnipotentia
3006 4352 3191 4399 autem
3213 4343 3292 4399 illi
3314 4353 3421 4410 est,
3459 4345 3629 4417 igitur
3646 4343 3766 4399 indi-

2189 4436 2373 4506 gentia
2420 4436 2591 4493 deest.
2641 4437 2718 4492 De
2752 4450 2817 4492 eo
2866 4435 3012 4491 enim
3053 4436 3322 4507 scriptum
3367 4444 3498 4492 est:
3535 4437 3765 4492 Excelsa:

2189 4545 2345 4600 super
2392 4545 2569 4583 omnes
2597 4538 2771 4600 gentes
2800 4528 3081 4595 Dominus,
3128 4538 3178 4584 et
3216 4547 3378 4601 supra
3423 4531 3581 4586 caelos
3621 4529 3763 4602 gloria

480 4631 696 4684 quoque
723 4606 958 4673 nominis
1005 4622 1295 4691 appellatio
1346 4637 1485 4677 vana
1511 4633 1615 4692 est.
1668 4624 1898 4695 Liquido
1949 4642 2079 4697 ergo
2112 4605 2166 4667 Ῑ)
2189 4622 2304 4692 ejus
2347 4620 2520 4693 (Psal.
2551 4620 2730 4696 cnn).
2773 4621 2927 4691 Quod
2956 4623 3002 4678 si
3027 4622 3168 4680 forte
3199 4623 3250 4680 ei
3301 4628 3599 4681 convenire
3631 4639 3766 4696 posse

479 4713 629 4775 patet
669 4721 782 4760 rem
836 4707 1029 4764 falsam
1077 4711 1274 4767 falsum
1315 4729 1512 4769 nomen
1569 4715 1787 4782 habere,
1842 4723 1898 4772 et
1940 4715 2080 4774 falso

479 4799 699 4853 nomine
739 4816 834 4856 eos
880 4803 973 4872 qui
1019 4804 1267 4860 veritatis
1304 4806 1554 4878 discipuli
1599 4817 1724 4863 sunt
1776 4810 2079 4880 nuncupari

479 4905 586 4946 non
620 4893 837 4948 debere.
889 4893 1027 4949 Nam
1069 4896 1172 4950 etsi
1210 4897 1304 4966 qui
1337 4896 1478 4953 forte
1516 4899 1767 4956 catholici
1795 4901 2078 4958 defunctos

478 4995 724 5051 quosque
755 4984 888 5038 diva:
917 4987 1185 5040 memoria:
1210 5004 1551 5060 nuncupasse
1576 4992 1786 5062 uspiam
1809 4995 2079 5063 reperian-

477 5079 586 5135 tur,
619 5074 968 5130 manifestum
993 5086 1080 5131 est
1104 5094 1197 5134 eos
1225 5095 1384 5136 usum
1425 5082 1594 5139 fuisse
1619 5094 1834 5142 secutos
1857 5087 2074 5158 gentili-

477 5162 629 5226 tatis,
679 5164 819 5220 sicut
861 5166 1081 5222 nomina
1129 5170 1338 5227 dierum
1386 5183 1442 5229 et
1486 5178 1756 5232 mensium
1793 5179 2076 5248 gentilium

478 5254 814 5312 vanitatibus
853 5259 1172 5332 plerumque
1200 5265 1566 5323 nominantur.
1618 5268 1725 5325 Sed
1751 5270 1867 5326 haac
1892 5279 1946 5325 et
1989 5271 2074 5328 his

479 5345 674 5401 similia
706 5347 950 5405 Romana
979 5355 1158 5423 potius
1204 5358 1428 5415 ambitio
1456 5376 1620 5431 quam
1657 5362 1951 5433 apostolica
1982 5363 2076 5419 ad-

479 5437 628 5492 misit
650 5438 888 5496 traditio.
908 5443 1019 5501 Nos
1040 5447 1272 5519 denique
1298 5452 1388 5520 qui
1415 5462 1470 5507 et
1490 5453 1736 5509 veritatis
1759 5464 2073 5524 sectatores,

480 5538 535 5585 et
577 5533 644 5586 ab
672 5532 786 5604 ipsa
819 5538 1044 5593 veritate
1073 5544 1342 5611 redempti
1367 5561 1578 5604 sumus.
1605 5547 1745 5603 sicut
1775 5551 2077 5620 sprevimus

551 5732 577 5759 ιι
626 5719 695 5774 Et
741 5739 904 5792 aquas
949 5725 1273 5790 natatilibus,
1329 5738 1376 5782 et
1427 5745 1551 5782 aera
1603 5731 1922 5790 volatilibus.
1987 5735 2077 5793 Sic

479 5796 567 5847 tur
593 5794 876 5864 natalibus,
905 5798 1047 5868 quod
1074 5797 1163 5856 hic
1187 5797 1344 5856 nihili
1379 5801 1604 5858 verbum
1635 5811 1738 5858 est.

2187 4712 2375 4769 dicunt
2405 4729 2608 4784 rogare,
2634 4723 2858 4785 propter
2880 4731 3172 4786 personam
3195 4715 3342 4782 Filii,
3369 4719 3462 4789 qui
3493 4719 3763 4776 secundum

2183 4803 2505 4874 Apostolum
2532 4808 2864 4878 semetipsum
2893 4807 3199 4873 exinanivit,
3230 4808 3462 4879 formam
3487 4812 3620 4865 serui
3641 4808 3763 4863 acci-

2184 4897 2351 4968 piens,
2391 4897 2450 4950 in
2489 4897 2888 4954 similitudinem
2933 4899 3204 4955 hominum
3257 4901 3466 4972 factus,
3523 4914 3572 4959 et
3609 4905 3765 4957 habits

2183 4993 2422 5048 inventus
2450 5001 2507 5045 ut
2530 4993 2685 5047 homo
2717 4991 3056 5066 (Philip.n);
3086 4996 3307 5050 audiant
3335 5012 3464 5052 eum
3492 4998 3762 5058 dicentem,

2185 5085 2408 5152 Lazare,
2427 5087 2540 5141 veni
2568 5086 2910 5158 foras(Joan.
2940 5087 3050 5160 x1);
3081 5099 3135 5145 et
3156 5090 3373 5157 iterum,
3409 5091 3558 5147 Tolle
3597 5093 3765 5164 graba-

2183 5189 2295 5233 tum
2329 5189 2478 5233 tuum
2509 5187 2555 5233 et
2591 5179 2720 5233 vade
2751 5179 2933 5250 (Joan.
2985 5198 3040 5247 v,
3091 5182 3188 5252 x1),
3242 5190 3297 5237 et
3340 5183 3582 5239 iterum:
3615 5183 3764 5237 Talita

2185 5273 2323 5325 cumi
2347 5270 2542 5343 (Marc.
2557 5271 2644 5344 v);
2667 5281 2724 5328 et
2743 5289 2960 5338 rursus,
2983 5275 3317 5339 Adolescens,
3337 5276 3432 5330 tibi
3455 5277 3595 5342 dico,
3615 5276 3764 5344 Surge

2186 5363 2337 5434 (Luc.
2371 5363 2494 5437 vn),
2517 5371 2572 5420 et
2596 5373 2793 5422 caetera
2825 5364 3156 5434 huiusmodi,
3185 5383 3306 5437 quae
3345 5383 3456 5423 non
3506 5367 3760 5441 rogantis,

2186 5459 2281 5513 sed
2321 5458 2656 5529 imperantis,
2690 5477 2798 5516 non
2826 5461 3172 5530 postulantis,
3198 5463 3292 5518 sed
3311 5462 3578 5533 iubentis,
3614 5461 3760 5516 verba

2187 5559 2346 5607 sunt:
2376 5551 2528 5623 cujus
2556 5554 2769 5623 imperii
2795 5562 3120 5622 potestatem
3149 5555 3205 5610 in
3241 5553 3360 5621 ejus
3381 5557 3594 5612 nomine
3613 5555 3760 5610 etiam

2113 5737 2422 5826 emendavit
2454 5737 2946 5810 Lindenbruchius,
2989 5755 3114 5799 cum
3154 5741 3210 5806 in
3276 5741 3513 5812 vulgatis
3573 5741 3758 5817 legem-

2176 5926 2238 5952 -ριιι
