3990 6302
204 353 369 415 1017

1013 349 1196 409 LIBRI
1231 348 1577 412 CAROLINI.
1615 381 1689 396 -ο
1723 348 1947 411 CAPIT.
1989 356 2079 415 DE
2113 358 2304 419 IMAG.
2343 391 2415 405 -—
2450 362 2582 421 LIB.
2622 365 2666 422 l.

3363 377 3507 439 1018

213 466 496 544 apostolos
517 464 749 541 legimus
771 463 1045 525 habuisse.
1072 466 1165 524 Ait
1187 468 1333 525 enim
1351 477 1538 541 pastor
1555 468 1814 527 Ecclesiae
1841 470 1896 531 Δ
1915 479 1973 527 et
2013 473 2435 536 dominationem
2453 518 2468 547 ,
2500 487 2556 537 et
2588 495 2749 539 omne
2781 495 2980 543 nomen
3005 487 3152 559 quod
3194 501 3508 554 nominatur

211 578 349 624 eum
392 559 628 622 Ehenm
673 568 951 627 curasset,
999 559 1071 616 In
1115 563 1323 618 nomine
1365 561 1495 618 Iesu
1536 561 1810 618 Nazareni

209 674 378 729 surge
402 665 455 712 et
476 653 693 711 ambula
717 653 857 727 (Aet.
882 653 990 727 ιιι).
1018 653 1159 712 Ecce
1182 655 1241 711 in
1283 655 1507 711 nomine
1530 653 1660 712 Jesu
1712 654 1818 712 Pe-

213 760 338 808 trus
358 752 610 822 imperat,
639 757 696 806 et
734 749 810 805 illi
858 746 1047 806 Iesum
1095 764 1291 822 rogare
1339 750 1538 807 debere
1581 750 1809 807 dicunt:

212 858 411 900 servus
447 841 678 912 imperio
712 841 770 897 in
790 841 1005 898 Domini
1024 840 1245 898 nomine
1269 841 1364 898 dat
1388 842 1644 915 languido
1664 843 1814 901 sani-

211 944 406 1000 tatem,
447 942 506 990 et
531 933 611 989 illi
637 932 826 990 dicunt
846 947 975 991 eum
995 947 1191 1005 rogare
1214 933 1417 991 debere
1447 934 1810 992 sacerdotem.

207 1024 335 1082 Non
366 1026 473 1082 hoc
501 1024 823 1097 prudentiae,
863 1023 960 1081 sed
995 1040 1223 1082 summie
1260 1025 1512 1083 amentiae
1546 1026 1813 1099 deputan-

209 1119 345 1175 dum
368 1126 472 1174 est.
504 1117 612 1186 Qui
637 1118 685 1174 si
710 1117 782 1174 ad
807 1118 893 1174 sui
934 1118 1139 1175 erroris
1177 1118 1456 1177 munimen
1488 1119 1623 1178 illud
1666 1119 1812 1176 forte

208 1223 479 1282 usurpare
502 1208 671 1265 velint
714 1212 860 1279 quod
886 1207 1004 1279 ipsa
1028 1208 1247 1266 Veritas
1276 1209 1427 1277 dicit,
1469 1209 1586 1282 Ego
1612 1211 1806 1281 rogabo

207 1302 454 1369 Patrem,
480 1310 531 1358 et
557 1301 723 1356 alium
752 1300 1091 1357 Paracletum
1108 1302 1255 1359 dabit
1277 1303 1420 1360 vobis
1450 1303 1635 1377 (Joan.
1657 1304 1803 1377 xw);

204 1401 264 1449 et
308 1392 487 1448 illud:
541 1390 730 1459 Pater,
769 1390 1008 1461 clariﬁea
1035 1400 1184 1447 tuum
1211 1408 1399 1448 nomen
1449 1392 1635 1467 (Joan.
1664 1393 1802 1467 xu);

202 1482 554 1555 perpendam
588 1498 699 1538 non
742 1497 867 1539 eum
910 1482 1014 1540 hoc
1035 1484 1236 1541 dixisse
1276 1486 1574 1542 secundum
1618 1486 1809 1543 divini-

203 1588 400 1648 tatem,
435 1580 493 1636 in
537 1595 647 1650 qua
672 1579 835 1635 unius
879 1594 1004 1635 cum
1039 1579 1201 1636 Patre
1226 1581 1545 1638 substantiae
1580 1581 1806 1653 aequalis

203 1672 360 1729 Patri
397 1680 685 1743 permanet
705 1671 774 1726 de
800 1686 908 1741 qua
935 1670 1087 1736 dicit,
1115 1669 1229 1741 Ego
1257 1680 1306 1726 et
1333 1670 1498 1726 Pater
1528 1688 1691 1725 unum
1714 1687 1806 1726 su-

204 1781 325 1819 mus
351 1763 747 1837 (Joan.x),sed
767 1762 1063 1819 secundum
1087 1762 1500 1827 humanitatem,
1529 1777 1637 1832 qua
1679 1760 1804 1818 Ver-

1917 582 2028 625 non
2052 570 2227 627 solum
2247 571 2304 628 in
2325 573 2432 630 hoc
2456 575 2654 632 saeculo
2676 577 2773 634 sed
2800 577 2969 634 etiam
2997 580 3054 635 in
3082 579 3289 651 futuro,
3316 600 3508 656 quem-

1915 664 2061 735 piam
2089 681 2283 738 rogare
2303 667 2440 725 dicis
2465 670 2478 724 !
2507 668 2628 726 Non
2654 671 2822 742 igitur
2847 672 2899 728 ei
2923 688 3147 732 necesse
3187 686 3271 733 est
3314 693 3508 749 rogare

1915 759 2010 830 qui
2027 759 2351 828 caelestium,
2368 760 2710 823 terrestrium
2725 774 2781 822 et
2800 765 3138 826 infernorum
3152 771 3392 829 creditur
3409 788 3508 844 po-

1916 858 2172 909 testatem
2199 853 2420 913 habere.

2542 927 2772 987 CAPUT
2810 931 2878 988 ν.

1915 1013 2071 1099 Quod
2098 1033 2210 1099 non
2248 1020 2396 1089 parvi
2429 1019 2505 1099 sit_
2523 1021 2720 1099 piaculi
2752 1022 3058 1099 Scripturas
3096 1034 3307 1099 sanctas
3351 1027 3510 1083 aliter

1981 1087 2270 1159 intelligere
2301 1106 2459 1160 quam
2487 1087 2841 1164 intelligentiae
2863 1087 3005 1159 sunt,
3031 1105 3080 1150 et
3103 1096 3172 1151 ad
3197 1097 3291 1152 hos
3320 1115 3506 1153 sensus

1980 1167 2263 1241 usurpatas
2281 1162 2677 1241 accommodare
2689 1179 2817 1231 quos
2828 1165 3057 1241 illmnon
3080 1168 3348 1241 continent
3372 1184 3390 1222 :
3408 1170 3508 1223 sic-

1982 1237 2040 1313 ut
2077 1233 2139 1313 in
2176 1246 2396 1313 erronea
2422 1233 2622 1313 synodo
2662 1251 2782 1313 quae
2820 1236 2878 1290 in
2936 1235 3221 1313 Bithynia,
3256 1248 3508 1313 regnante

1980 1298 2628 1379 Constantinoumediante
2650 1298 2881 1379 Harena
2902 1298 3227 1379 matre'ejus',
3265 1298 3503 1364 residen-

1979 1379 2029 1425 te
2054 1369 2309 1426 Tharasio
2337 1369 2917 1446 Constantinopolitano
2943 1369 3376 1451 episco'po,’gesta
3403 1388 3501 1434 est.

1981 1458 2163 1518 Sacrae
2195 1462 2331 1535 legis
2364 1463 2593 1521 docente
2638 1466 2922 1525 didicimus
2960 1470 3182 1528 oraculo
3210 1471 3354 1543 quod
3383 1487 3507 1542 per-

1907 1566 2069 1609 cussa
2108 1561 2263 1624 petra
2297 1552 2487 1612 latices
2537 1557 2746 1613 sitienti
2792 1558 3149 1629 proﬁuxerint
3184 1562 3402 1634 populo,
3450 1572 3507 1619 et

1906 1643 2153 1700 eamdem
2173 1653 2382 1717 petram
2403 1645 2680 1704 Christum
2718 1651 2921 1727 sentire
2958 1652 3154 1709 debere
3183 1654 3506 1712 documento

1906 1733 2245 1792 instituimur
2263 1738 2581 1809 apostolico.
2601 1740 2703 1809 Qui
2727 1743 2855 1798 dum
2880 1744 2952 1799 sit
2971 1753 3146 1815 petra,
3167 1745 3321 1816 cujus
3336 1744 3506 1803 ﬂuen-

205 1857 331 1911 bum
353 1831 481 1912 ξατο
509 1831 711 1927 fac'mm
735 1862 833 1922 εει,
857 1863 909 1910 ει
934 1855 1186 1911 habitavit
1210 1856 1269 1910 ίη
1303 1856 1451 1911 ηοω,
1506 1831 1689 1926 (λοαη,
1736 1859 1800 1929 ι),
1830 1850 1885 1917 Β
1906 1831 1979 1888 tis
2008 1833 2215 1888 arentia
2261 1834 2425 1890 corda
2452 1835 2784 1907 irrigantur;
2816 1846 2871 1893 et
2900 1838 3120 1905 ﬁumen,
3153 1838 3305 1908 cujus
3338 1840 3508 1911 impe-

203 1949 355 2006 etde
380 1963 488 2020 qua
524 1947 673 2013 dicit,
706 1946 872 2003 Pater
899 1947 1074 2018 major
1106 1964 1188 2002 me
1218 1956 1295 2002 est
1326 1946 1508 2019 (Joan.
1539 1948 1676 2022 xw).
1701 1947 1806 2017 Qui

204 2039 340 2095 dum
388 2038 446 2094 in
473 2038 649 2095 forma
672 2037 817 2094 servi
865 2037 1045 2095 minor
1072 2038 1145 2095 sit
1194 2036 1375 2103 Patre,
1416 2037 1474 2092 in
1503 2026 1680 2093 forma
1708 2039 1805 2095 Dei

202 2130 437 2203 aqualis
460 2129 511 2184 ei
532 2129 721 2201 procul
748 2130 912 2186 dubio
939 2130 1179 2185 creditur
1205 2144 1222 2183 :
1258 2128 1401 2192 unde
1427 2138 1483 2185 et
1514 2131 1806 2201 Apostolus

201 2222 300 2289 ait,
334 2223 464 2279 Non
484 2224 726 2294 rapinam
747 2224 1032 2279 arbitratus
1062 2232 1137 2279 est
1174 2239 1283 2279 esse
1323 2239 1379 2277 se
1412 2223 1667 2295 (aqualem
1694 2224 1804 2279 Deo

202 2312 435 2387 (Philip.
471 2312 557 2386 ιι),
584 2314 641 2370 id
662 2322 767 2381 est,
796 2330 905 2370 non
928 2314 979 2370 ei
1004 2313 1107 2369 fuit
1130 2323 1388 2387 tanquam
1415 2315 1625 2385 rapina,
1648 2315 1805 2387 quasi

202 2405 448 2461 alienum
472 2413 749 2477 appeteret
776 2420 792 2460 :
821 2406 914 2476 qui
944 2405 1085 2461 sicut
1099 2414 1421 2474 coaeternus,
1452 2407 1528 2462 ita
1558 2422 1806 2478 coaequa-

198 2499 271 2555 lis
304 2506 393 2555 est
422 2498 599 2566 Patri;
627 2514 791 2570 quem
818 2498 964 2555 idem
987 2498 1279 2570 Apostolus
1298 2515 1491 2556 verum
1529 2499 1806 2556 hominem

197 2601 257 2649 et
280 2608 477 2648 verum
503 2591 675 2648 Deum
695 2591 986 2649 conﬁtetur
1011 2608 1138 2648 cum
1160 2592 1309 2658 dicit,
1341 2592 1580 2659 Quorum
1604 2603 1799 2665 patres,

196 2694 248 2740 et
277 2702 349 2740 ea:
369 2685 556 2757 quibus
585 2682 842 2751 Christus,
871 2685 962 2756 qui
987 2693 1063 2740 est
1085 2701 1245 2756 super
1265 2684 1444 2740 omnia
1466 2683 1605 2739 Deus
1653 2683 1805 2739 bene-

195 2776 379 2831 dictus
409 2777 468 2831 in
488 2774 685 2831 alecula
713 2774 893 2847 (Rom.
926 2775 1030 2848 ix).
1061 2774 1162 2831 Cui
1188 2775 1235 2831 si
1261 2776 1559 2832 secundum
1586 2774 1804 2831 illorum

197 2866 536 2933 socordiam,
575 2881 736 2936 quem
781 2867 929 2938 piam
981 2881 1177 2939 rogare
1216 2882 1440 2924 necesse
1483 2866 1588 2934 eSt,
1642 2866 1805 2924 alicui

196 2962 422 3028 subest;
446 2968 504 3015 et
522 2961 569 3017 si
592 2959 755 3018 alicui
767 2960 972 3026 subest,
996 2977 1103 3017 non
1119 2969 1203 3017 est
1223 2976 1388 3033 super
1407 2962 1610 3018 omnia.
1630 2960 1805 3033 Super

196 3053 390 3111 omnia
409 3061 590 3109 autem
618 3059 736 3119 est,
760 3068 871 3108 non
897 3053 1063 3125 igitur
1084 3054 1136 3108 ei
1156 3054 1465 3125 quempiam
1486 3069 1680 3126 rogare
1701 3070 1800 3111 ne-

196 3162 359 3205 cesse
377 3144 721 3202 est.Audiant
739 3159 889 3216 ergo,
912 3145 1135 3201 audiant
1156 3145 1380 3216 hujusce
1398 3146 1528 3203 dicti
1548 3155 1799 3204 auctores

1913 1937 2003 1986 tus
2026 1930 2264 1986 laetiﬁcat
2301 1930 2577 1989 civitatem
2603 1932 2730 2000 Dei;
2768 1941 2823 1989 et
2855 1933 2978 1991 fons
3004 1934 3148 2000 vitae,
3195 1948 3227 1988 a
3254 1948 3362 2004 quo
3390 1949 3509 1990 cre-

1911 2022 2163 2079 dentibus
2196 2031 2453 2094 perpetua
2485 2025 2595 2080 vita
2622 2033 2836 2093 manat;
2869 2034 2926 2083 et
2948 2027 3107 2097 panis
3131 2025 3386 2090 ctelestis,
3413 2026 3507 2097 qui

1908 2126 2126 2172 aeterna:
2150 2114 2309 2172 famis
2337 2117 2569 2173 inediam
2594 2134 2626 2173 a
2658 2119 2899 2174 ﬁdelium
2934 2120 3190 2177 cordibus
3214 2118 3459 2175 eradicat
3487 2132 3504 2173 :

1908 2208 2157 2280 quisquis
2178 2208 2294 2278 ejus
2316 2210 2588 2280 spiritales
2616 2218 2775 2282 potus
2796 2218 2851 2266 et
2872 2211 3148 2283 spiritales
3175 2226 3330 2267 escas
3351 2211 3509 2266 aliter

1909 2319 2074 2376 quam
2115 2303 2205 2359 ille
2240 2304 2334 2359 dat
2369 2304 2619 2376 percipit,
2653 2303 2868 2361 divinas
2912 2304 3163 2360 videlicet
3193 2303 3508 2374 Scripturas

1908 2396 2016 2452 alio
2042 2410 2225 2463 sensu,
2272 2403 2327 2451 et
2370 2411 2481 2452 non
2517 2411 2583 2452 eo
2621 2412 2728 2468 quo
2757 2411 2789 2453 a
2823 2404 3012 2453 sancto
3047 2395 3252 2468 Spiritu
3289 2396 3506 2453 traditae

1908 2494 2035 2543 sunt
2058 2486 2408 2556 interpretari
2432 2486 2642 2553 nititur,
2672 2489 2741 2543 ab
2765 2485 2883 2557 ejus
2911 2487 3129 2557 pascuis
3154 2487 3360 2548 alienus
3384 2501 3506 2544 esse

1908 2580 2268 2638 convincitur.
2296 2578 2526 2653 Eloquia
2575 2596 2799 2652 namque
2834 2579 3070 2645 Domini,
3102 2580 3178 2635 ait
3209 2580 3503 2651 Propheta,

1906 2670 2113 2743 eloquia
2140 2680 2307 2737 easta,
2338 2681 2612 2742 argentum
2639 2672 2759 2743 igne
2775 2672 3131 2727 examinatum
3157 2670 3330 2745 (Paul.
3362 2671 3500 2744 xu);

1909 2778 2141 2836 quorum
2172 2765 2482 2821 castitatem
2523 2764 2612 2821 ille
2636 2765 2825 2835 procul
2864 2766 3027 2822 dubio
3053 2764 3358 2822 adulterina
3381 2765 3504 2823 labe

1908 2857 2104 2914 vitiare
2124 2858 2328 2928 appetit
2350 2856 2443 2928 qui
2467 2872 2531 2913 ea
2563 2857 2632 2913 ad
2665 2858 2911 2914 extranei
2941 2871 3135 2915 sensus
3160 2858 3506 2916 commistio-

1907 2965 2034 3008 nem
2064 2950 2273 3006 sociare
2309 2949 2607 3006 contendit.
2638 2949 2742 3018 Qui
2762 2952 2909 3007 enim
2931 2960 3154 3022 propter
3178 2951 3505 3023 arrogantia:

1907 3050 1963 3098 et
1991 3057 2144 3097 vanae
2191 3041 2385 3113 laudis
2411 3041 2711 3114 appetitum
2754 3042 2823 3099 ad
2867 3042 2950 3098 sui
2991 3042 3197 3099 erroris
3224 3043 3504 3099 munimen

1907 3134 2279 3199 astruendum,
2324 3132 2630 3189 divinarum
2666 3131 3071 3203 Scripturarum
3098 3133 3326 3188 attrahit
3353 3133 3505 3189 testi—

194 3200 552 3310 gnatam,
570 3200 895 3292 Αωωσεῖιίέ
914 3200 1106 3294 comm
1150 3200 1569 3307 quassam“,
1591 3200 1799 3296 1,355;
1823 3200 1875 3269 ο
1904 3229 2167 3294 monium,
2191 3226 2321 3298 quid
2343 3226 2492 3282 aliud
2510 3226 2643 3283 facit
2658 3227 2763 3284 nisi
2778 3200 3088 3284 castitatem
3109 3226 3277 3283 divini
3300 3226 3503 3297 eloquii

194 3333 265 3389 de
293 3331 403 3387 hoc
428 3330 596 3387 verbo
623 3329 856 3386 dixerit:
899 3347 918 3382 ι
958 3329 1065 3386 Sed
1082 3330 1285 3386 lectum
1305 3338 1391 3386 est
1421 3331 1548 3403 quia
1574 3334 1794 3403 rogavit,

191 3423 349 3479 disce
378 3422 713 3490 distantiam,
736 3430 894 3494 rogat
911 3422 1067 3492 quasi
1093 3421 1265 3478 Filius
1284 3422 1541 3498 hominis,
1570 3423 1801 3494 imperat

191 3514 357 3586 quasi
388 3513 485 3570 Dei
512 3513 703 3569 Filius.
733 3512 819 3569 An
845 3529 955 3571 non
988 3512 1214 3570 defertis
1239 3513 1343 3570 hoc
1369 3513 1465 3569 Dei
1484 3513 1624 3570 Filio
1652 3513 1798 3586 quod

189 3608 363 3665 etiam
380 3604 628 3663 diabolus
653 3604 862 3671 detulit,
888 3614 944 3660 et
976 3620 1073 3661 vos
1094 3603 1303 3675 majore
1335 3606 1621 3676 sacrilegio
1644 3605 1799 3664 dero-

194 3699 363 3773 gatis.
389 3696 485 3754 Ille
527 3696 677 3763 dicit,
708 3696 771 3753 Si
815 3695 991 3753 Filius
1021 3696 1120 3753 Dei
1151 3715 1206 3753 es
1225 3740 1242 3767 ,
1280 3698 1365 3753 die
1391 3697 1554 3769 lapidi
1584 3698 1707 3752 huic
1740 3708 1798 3754 ut

191 3792 295 3862 ﬁat
315 3791 492 3864 panis.
518 3788 611 3845 Ille
638 3789 788 3855 dicit,
821 3788 1059 3859 impera;
1084 3804 1183 3845 vos
1204 3788 1403 3855 dicitis,
1426 3790 1671 3849 obsecra.
1701 3789 1799 3846 Illo

193 3883 380 3941 credit
401 3880 783 3953 quodjubente
804 3880 902 3937 Dei
922 3881 1063 3937 Filio
1086 3882 1481 3938 elementorum
1506 3896 1797 3953 rerumque

190 3975 251 4032 in
281 3974 575 4030 adversum
604 3980 799 4029 natura
817 3981 1062 4030 vertatur
1089 3989 1103 4028 :
1128 3989 1227 4031 vos
1256 3973 1479 4031 creditis
1502 3973 1647 4046 quod
1690 3973 1798 4030 nisi

191 4076 355 4139 roget
393 4065 490 4121 Dei
542 4064 734 4133 Filius,
762 4080 865 4121 nec
910 4065 1160 4123 voluntas
1210 4066 1381 4138 ipsius
1429 4066 1734 4137 impleatur.
1770 4088 1791 4121 ι

190 4155 316 4212 Hoc
347 4152 568 4224 quidem
617 4152 853 4224 pugione
911 4150 1082 4210 lorica
1117 4154 1243 4210 ﬁdei
1271 4154 1513 4211 munitus
1538 4153 1798 4212 Ecclesia:

190 4243 476 4318 prmliator
508 4250 696 4300 contra
726 4242 913 4300 hostes
937 4242 1064 4299 ﬁdei
1111 4243 1413 4302 dimicavit.
1464 4245 1610 4302 Inter
1660 4261 1798 4317 quos

191 4336 451 4410 quisquis
477 4333 755 4392 numerari
779 4332 1057 4402 formidat,
1092 4335 1217 4392 talis
1252 4336 1383 4391 dicti
1421 4338 1689 4393 insaniam
1712 4337 1801 4394 fu-

190 4430 333 4500 giat.
369 4426 526 4483 Dicat
546 4427 754 4482 interea
779 4435 1001 4485 sanctus
1031 4429 1361 4501 evangelista
1381 4428 1512 4500 quid
1535 4431 1799 4489 Dominus

191 4518 488 4590 discipulis
522 4516 957 4584 formidantibus,
1003 4533 1129 4576 cum
1146 4517 1262 4589 jam
1288 4520 1538 4577 navicula
1559 4522 1800 4592 operire-

193 4617 293 4666 tur
308 4607 583 4675 fluctibus,
604 4606 817 4664 fecerit.
871 4606 914 4662 Τ
915 4624 1017 4663 unc
1049 4625 1287 4681 surgens,
1310 4610 1506 4681 inquit,
1528 4613 1799 4685 imperauit

190 4704 369 4762 sentis
397 4711 447 4759 et
471 4702 629 4770 mari,
654 4709 703 4757 et
727 4701 873 4773 facta
893 4711 970 4759 est
991 4700 1345 4774 tranquillitas
1366 4720 1558 4776 magna
1578 4703 1795 4779 (Matth.

192 4811 333 4862 vni;
357 4794 531 4851 Marc.
573 4811 657 4862 iv;
677 4792 806 4849 Luc.
843 4794 985 4867 vui).
1017 4793 1174 4851 Dicat
1206 4795 1370 4852 etiam
1390 4797 1522 4867 quid
1550 4799 1800 4856 centurio

197 4888 441 4945 Domino
481 4888 552 4943 ad
587 4886 808 4943 domum
840 4901 995 4943 suam
1031 4900 1257 4960 pergere
1278 4896 1336 4944 et
1356 4903 1586 4960 puerum
1606 4906 1801 4950 curare

197 4980 517 5052 disponenti
537 4978 751 5047 dixerit,
778 4978 1022 5048 Domine,
1051 4995 1157 5036 non
1179 4998 1296 5037 sum
1320 4982 1510 5054 dignus
1538 4993 1594 5038 ut
1636 4985 1800 5041 intres

197 5074 301 5131 sub
331 5080 524 5128 tectum
544 5087 753 5138 meum;
787 5070 877 5126 sed
896 5079 1103 5127 tantum
1137 5071 1223 5127 die
1247 5073 1421 5140 verba,
1446 5082 1495 5129 et
1522 5073 1799 5130 sanabitur

199 5183 339 5241 puer
368 5181 515 5220 meus
538 5163 754 5234 (Matth.
783 5162 927 5237 vni).
950 5162 995 5221 Ο
1029 5163 1265 5220 infausta
1289 5164 1490 5221 locutio
1514 5165 1527 5218 !
1560 5162 1606 5221 0
1642 5180 1800 5223 exse-

199 5255 433 5316 crabilis
458 5256 638 5311 error!
665 5253 710 5312 0
732 5255 986 5325 superbia
1006 5262 1273 5312 tumorem
1293 5257 1476 5327 potius
1498 5272 1662 5328 quam
1686 5250 1801 5317 for-

202 5350 498 5408 titudinem
544 5349 813 5422 ingerens,
869 5348 1200 5408 inﬂationem
1243 5352 1422 5422 potius
1470 5369 1634 5424 quam
1656 5356 1801 5414 vires

203 5441 600 5515 augmentans!
618 5440 876 5498 Centurio
890 5440 1242 5509 illudendum,
1260 5442 1658 5514 ﬁagellandum,
1682 5463 1803 5518 pas-

203 5550 425 5600 surum,
450 5541 681 5589 mortem
700 5540 1063 5606 gustaturum,
1090 5533 1157 5589 ad
1181 5533 1391 5590 inferna
1413 5536 1801 5596 descensurum

205 5629 385 5685 verbo
416 5634 624 5682 tantum
654 5627 865 5698 imperii
912 5640 1141 5697 puerum
1192 5641 1388 5684 sanare
1415 5630 1587 5686 credit
1618 5650 1631 5687 :
1662 5639 1717 5688 et
1743 5639 1801 5689 tu

206 5737 340 5781 eum
371 5720 648 5776 sedentem
673 5721 741 5776 ad
770 5720 1050 5778 dexteram
1082 5720 1261 5778 Patris
1282 5723 1335 5778 in
1367 5725 1680 5784 coelestibus
1712 5744 1803 5784 su-

205 5829 308 5891 per
338 5828 557 5873 omnem
579 5813 959 5888 principatum,
990 5820 1046 5873 et
1066 5815 1407 5893 potestatem,
1434 5828 1489 5877 et
1512 5822 1799 5894 virtutem,

1900 3319 2163 3389 probrose
2193 3317 2431 3387 captivat
2476 3317 2533 3372 in
2579 3316 2942 3373 adulterium?
2966 3316 3033 3371 Et
3060 3324 3348 3389 argentum
3376 3317 3503 3389 igne

1900 3411 2068 3467 divini
2102 3411 2337 3483 Spiritus
2363 3411 2734 3468 examinatum
2759 3410 2828 3466 ad
2862 3411 3091 3469 aliorum
3132 3412 3497 3491 metallorum,

1900 3503 1956 3560 id
1981 3514 2066 3560 est
2089 3511 2472 3560 extraneorum
2516 3518 2798 3570 sensuum,
2822 3504 3097 3573 protrahit
3120 3504 3501 3575 inquinamen-

1900 3606 2037 3659 tum.
2066 3597 2144 3654 De
2168 3596 2365 3653 talibus
2384 3596 2647 3652 Dominus
2666 3595 2745 3651 ita
2764 3596 3013 3666 queritur
3031 3610 3132 3666 per
3152 3597 3497 3668 prophetam,

1898 3689 2036 3746 Dedi
2068 3689 2144 3744 eis
2189 3696 2464 3760 argentum
2514 3696 2564 3743 et
2605 3702 2814 3768 aurum,
2852 3696 2903 3742 et
2947 3686 3030 3740 illi
3079 3687 3311 3757 fecerunt
3361 3688 3499 3744 Baal

1900 3779 2048 3857 (03c.
2076 3781 2163 3855 ιι),
2193 3780 2250 3838 id
2278 3788 2381 3847 est,
2408 3780 2666 3852 spiritalis
2688 3780 3058 3853 intelligentia:
3090 3782 3407 3853 dignitatem
3442 3792 3499 3840 et

1899 3879 2100 3950 eloquii
2125 3886 2466 3935 venustatem
2513 3878 2583 3934 ad
2621 3893 2915 3949 pravorum
2939 3891 3196 3934 sensuum
3238 3884 3293 3934 et
3320 3877 3500 3934 inanis

1897 3971 2083 4044 gloriae
2124 3977 2405 4027 verterunt
2443 3969 2854 4025 immanitatem.
2899 3968 3038 4024 Nam
3071 3984 3195 4026 cum
3223 3968 3499 4040 legislator

1898 4063 2044 4121 dicat
2071 4076 2087 4116 :
2122 4060 2192 4117 In
2236 4061 2453 4116 dextera
2484 4060 2702 4116 Domini
2747 4061 2903 4132 ignea
2936 4059 3022 4116 lea:
3047 4060 3235 4133 (Deut.
3265 4061 3497 4133 xxxiii),

1896 4155 2206 4213 mirandum
2238 4163 2322 4211 est
2351 4162 2569 4226 quantae
2608 4154 2720 4211 sint
2754 4154 3099 4212 hebetudinis
3125 4155 3219 4226 qui
3245 4171 3348 4211 nec
3380 4153 3501 4225 ejus

1898 4249 2208 4306 mulcentur
2232 4245 2490 4312 candore,
2524 4260 2625 4302 nec
2649 4245 2767 4316 ejus
2788 4254 3067 4303 terrentur
3103 4247 3317 4303 ardore.
3345 4245 3500 4305 Sicut

1899 4344 2046 4401 enim
2072 4358 2166 4399 eos
2191 4340 2283 4412 qui
2307 4339 2376 4409 ad
2396 4353 2520 4395 eam
2543 4338 2949 4411 intelligendam
2976 4353 3115 4408 puro
3141 4352 3306 4394 sensu
3328 4344 3384 4391 et
3405 4338 3499 4393 de-

1899 4443 2026 4493 vota
2052 4442 2236 4491 mente
2271 4432 2554 4496 accedunt,
2585 4430 2883 4503 perlustrat
2919 4429 3006 4486 sui
3048 4429 3334 4500 splendore
3365 4443 3497 4486 can-

1902 4527 2068 4593 doris,
2116 4526 2252 4581 ita‘e
2279 4523 2554 4581 centrario
2599 4522 2695 4594 qui
2731 4523 2801 4579 ad
2836 4536 2958 4577 eam
2984 4520 3089 4577 sibi
3114 4530 3319 4577 temere
3346 4535 3499 4576 usur-

1901 4620 2134 4695 pandam
2155 4607 2606 4692 appropinquant,
2642 4615 2853 4687 perurit
2882 4614 2966 4671 sui
2999 4613 3370 4685 magnitudine
3407 4629 3497 4670 ar-

1902 4713 2069 4772 doris.
2095 4710 2294 4782 Sicque
2315 4710 2409 4782 qui
2435 4709 2487 4766 ei
2516 4709 2783 4765 inhaerent
2809 4706 2999 4763 humili
3022 4714 3203 4763 mente
3229 4714 3286 4763 et
3309 4721 3497 4763 sacra—

1902 4804 1974 4861 tis
2011 4802 2277 4868 sensibus,
2329 4815 2547 4873 gressus
2591 4799 2793 4855 habent
2835 4797 3076 4854 munitos
3109 4797 3166 4852 in
3210 4795 3496 4869 praesentis

1900 4896 2027 4952 vitae
2062 4892 2238 4951 stadio
2266 4891 2411 4949 illius
2457 4891 2723 4960 lampadis
2767 4889 3194 4957 illuminatione;
3241 4888 3320 4944 illi
3363 4903 3495 4946 vero

1901 4991 1993 5063 qui
2015 5004 2137 5047 eam
2154 4995 2345 5059 petunt
2363 5001 2487 5043 eum
2508 4984 2781 5041 extraneis
2806 4991 2864 5040 et
2890 4983 3199 5040 temerariis
3220 4983 3489 5051 sensibus,
3542 4986 3546 4993 ‘

1900 5080 2090 5138 aeterni
2132 5078 2275 5148 ignis
2317 5085 2631 5134 cremantur
2676 5076 2982 5143 adustione,
3030 5075 3175 5146 quod
3202 5074 3494 5146 ﬁguratum

1900 5179 1986 5228 est
2031 5171 2089 5226 in
2134 5178 2366 5241 quatuor
2403 5166 2529 5223 ﬁliis
2573 5165 2777 5223 Aaron.
2818 5165 2955 5221 Nam
2999 5181 3122 5222 cum
3172 5164 3401 5221 Eleazar
3440 5174 3496 5224 et

1898 5262 2104 5321 Itamar
2136 5260 2296 5332 juxta
2336 5257 2732 5316 institutionem
2771 5258 2941 5331 Moysi
2973 5258 3152 5331 ignem
3197 5260 3494 5315 sanctuarii

1904 5356 2132 5413 Domino
2158 5354 2448 5411 offerentes
2474 5352 2826 5410 sacerdotalis
2856 5350 3042 5407 infula:
3071 5351 3389 5423 dignitatem
3411 5353 3494 5407 in-

1901 5453 2047 5524 depti
2070 5457 2198 5508 sunt
2221 5464 2237 5503 :
2260 5448 2446 5506 Nadab
2478 5462 2610 5505 vero
2640 5458 2696 5503 et
2738 5446 2879 5503 Abiu
2907 5447 3089 5519 ignem
3117 5446 3352 5504 alienum
3388 5447 3495 5504 Do-

1903 5548 2050 5603 mino
2082 5544 2278 5601 oﬁ'erre
2309 5544 2563 5610 nitentes,
2606 5541 3111 5599 formidolosissime
3151 5541 3493 5597 atrocissime

1903 5639 2097 5697 mortis
2133 5654 2334 5710 genere
2379 5637 2589 5695 multati
2635 5645 2791 5704 sunt;
2821 5652 3050 5708 quorum
3097 5637 3342 5707 quisquis
3380 5635 3493 5693 vult

1903 5733 2077 5788 vitare
2118 5730 2453 5802 perieulum,
2502 5731 2663 5787 debet
2710 5729 2897 5803 fugere
2941 5730 3265 5800 exemplum.
3318 5728 3490 5795 Quem

1904 5844 2051 5902 ergo,
2089 5843 2250 5902 quem
2275 5827 2327 5885 in
2359 5826 2462 5885 hoc
2500 5823 2642 5884 facto
2684 5825 2777 5899 qui
2804 5825 2943 5884 bene
2983 5823 3128 5884 dicta
3147 5823 3287 5881 male
3319 5821 3492 5903 inter-
