3990 6302
472 253 505 293 ξι

475 388 616 449 1019

1362 368 1423 436 Β.
1466 364 1717 436 Canem
1757 370 1975 433 macro
2012 368 2166 430 orr.
2206 367 2387 426 rans
2425 368 2488 425 ιι.
2532 362 2779 425 snc'no
2814 360 2877 420 ιι.

3601 354 3755 418 1090

472 502 673 581 prctari
719 504 1000 577 arripiunt,
1042 502 1341 565 imitantur,
1384 497 1490 554 nisi
1529 509 1653 552 cum
1682 494 1774 565 qui
1810 467 1954 563 quod
1980 489 2048 544 de
2073 486 2128 547 Α
2151 483 2563 581 ἰρει-θίὶίτιιηὶιιιζ
2602 478 2821 581 dignum
2868 475 3234 581 deminuunt

473 597 705 670 simplici
744 596 863 653 viro
901 592 1051 664 justo
1092 592 1294 648 dictum
1322 597 1423 655 est,
1454 589 1511 644 in
1536 586 1834 643 mediatore
1873 581 1971 637 Dei
2001 586 2056 636 et

474 692 753 758 hominum
784 682 1129 759 interpretari
1154 688 1404 752 conatur,
1434 697 1559 738 cum
1580 679 1709 736 dicit
1734 697 1747 731 :
1789 674 2057 745 Scriptum

476 793 555 840 est
584 785 720 840 enim
743 799 762 838 :
788 780 1048 848 Quoniam
1091 775 1289 850 angelis
1324 776 1435 832 suis
1461 772 1726 829 mandavit
1752 768 1817 825 de
1841 776 1888 824 te
1917 774 1976 821 ut
2002 767 2059 821 in

477 876 718 932 manibus
746 872 931 929 tollant
956 882 1026 941 te,
1056 870 1280 942 ne'forte
1324 868 1561 941 offendas
1603 866 1674 921 ad
1711 863 1938 939 lapidem
1973 875 2063 932 pe-

480 970 600 1024 dem
617 976 763 1023 tuum
787 964 1002 1038 (Matth.
1034 958 1139 1037 1v).
1164 962 1236 1020 Ut
1257 962 1402 1018 enim
1423 961 1652 1017 validius
1672 964 1816 1015 esset
1836 957 1919 1013 sui
1945 964 2063 1013 ten-

483 1056 1120 1127 tamentiargumentum,
1145 1052 1451 1110 divinorum
1473 1051 1684 1124 apicum
1706 1048 1871 1105 traxit
1884 1061 2065 1103 exem-

481 1144 648 1217 plum,
692 1159 803 1215 quo
851 1143 1108 1199 libentius
1156 1141 1538 1199 abbauriretur
1587 1154 1699 1196 suae
1748 1137 2065 1195 tentationis

482 1237 754 1311 poculum,
784 1237 829 1293 si
852 1241 1163 1293 sanctarum
1202 1234 1604 1305 Seripturarum
1634 1233 1858 1288 haberet
1880 1229 2066 1287 condi-

485 1334 745 1384 mentum.
780 1338 806 1369 ιι
829 1325 966 1382 Nam
1002 1326 1048 1382 si
1079 1326 1135 1381 in
1160 1324 1583 1395 interpretandis
1611 1320 1904 1393 Scripturis
1946 1319 2067 1375 imi-

383 1488 392 1499 .
485 1419 679 1475 tandus
703 1425 804 1484 est,
831 1419 966 1474 etin
1004 1416 1286 1491 fallacibus
1324 1416 1676 1473 tentamentis
1715 1414 2064 1488 sequendus:

485 1517 541 1568 et
565 1510 612 1566 si
652 1510 708 1566 in
756 1506 1038 1567 fallacibus
1066 1510 1418 1567 tentamentis
1451 1507 1756 1581 sequendus
1795 1514 1897 1571 est,
1927 1513 1982 1562 et
2014 1506 2070 1560 in

487 1601 702 1658 caeteris
738 1602 982 1658 moribus
1009 1600 1455 1672 amplectendus-z
1483 1616 1589 1657 non
1618 1606 1798 1655 autem
1826 1599 1881 1653 in
1912 1605 2070 1654 caete-

487 1695 564 1750 ris
589 1695 832 1751 moribus
853 1693 1256 1765 amplectendus
1278 1701 1382 1760 est,
1404 1708 1513 1748 non
1536 1692 1697 1764 igitur
1721 1691 1776 1747 in
1801 1691 2067 1761 interpre-

488 1786 668 1842 tandis
692 1785 985 1857 Seripturis
1012 1786 1325 1842 imitandus.
1367 1784 1459 1840 Ait
1487 1785 1633 1840 enim
1656 1785 1850 1840 beatus
1877 1783 2070 1838 Hiere-

2160 575 2402 630 llomana
2437 570 2678 627 Ecclesia
2703 569 2917 625 caeteris
2941 567 3200 624 Eeciesiis
3223 581 3255 622 a
3280 567 3507 625 Donliuo
3521 568 3760 638 praelata

2159 675 2214 723 et
2239 680 2270 722 a
2312 664 2560 720 ﬁdelibus
2588 661 2920 720 eonsulcnda
2950 659 3040 725 sit,
3065 666 3491 731 prosequamur:
3516 674 3764 731 pm.

2159 759 2260 815 tim
2282 772 2409 814 cum
2431 768 2538 812 non
2569 756 2639 811 ab
2676 755 2801 811 aliis
2836 752 3137 823 Scripturis
3163 750 3269 807 nisi
3295 751 3367 807 ab
3386 750 3471 807 bis
3488 765 3626 822 quas
3652 752 3768 807 illa

2161 852 2304 907 inter
2322 849 2613 905 canonicas
2636 848 2849 918 recipit,
2880 844 3193 902 testimonia
3212 844 3322 900 sint
3344 843 3626 912 sumenda,
3643 857 3771 901 nec

2163 944 2396 1000 aliorum
2431 941 2711 999 doctorum
2754 940 2861 996 nisi
2891 948 3082 996 eorum
3107 938 3201 1009 qui
3231 944 3263 993 a’
3291 936 3505 994 Gelasio
3529 937 3616 993 vel
3643 952 3772 992 ca-

2164 1034 2297 1092 teris
2331 1032 2476 1090 illius
2506 1040 2706 1089 sanctae
2753 1031 2897 1088 sedis
2936 1028 3287 1102 pontiﬁcibus
3326 1028 3563 1098 suscepti
3601 1036 3772 1093 aint,

2166 1128 2418 1197 dogmata
2437 1125 2545 1181 sint
2564 1122 2931 1194 amplectenda
2960 1126 2977 1177 ἑ
3005 1128 3108 1178 nec
3128 1120 3288 1176 aliter
3305 1125 3467 1190 atque
3483 1117 3638 1174 aliter
3654 1132 3771 1188 pro

2167 1218 2454 1291 cujuslibet
2495 1216 2742 1282 arbitrio,
2771 1217 2867 1272 sed
2900 1226 3033 1271 sane
3072 1213 3362 1284 sobrieque
3392 1224 3510 1282 quae
3549 1212 3621 1267 ab
3642 1209 3774 1265 illis

2168 1313 2312 1371 dicta
2341 1314 2486 1378 sunt,
2514 1312 2622 1367 sint
2657 1298 3020 1381 intelligenda.
3059 1307 3152 1362 Ait
3190 1306 3336 1362 enim
3359 1306 3546 1361 beatus
3572 1302 3775 1374 Argoo

2169 1409 2345 1465 stinus
2391 1422 2513 1463 eum
2556 1406 2884 1471 institueret,
2918 1417 3040 1478 qua:
3075 1401 3357 1474 scriptura
3402 1404 3585 1456 essent
3624 1399 3771 1453 reci—

2167 1501 2377 1576 pienda:
2414 1500 2497 1556 vel
2523 1498 2755 1570 qualiter
2792 1495 3152 1567 intelligendas
3182 1510 3197 1549 :
3234 1513 3255 1546 ι
3287 1493 3405 1549 Erit
3427 1493 3597 1565 igitur
3620 1490 3772 1547 divi-

2170 1607 2365 1649 narum
2421 1590 2825 1661 Scripturarum
2880 1584 3269 1642 solertissimus
3325 1583 3610 1654 indang
3665 1580 3771 1651 qui

2170 1686 2347 1759 primo
2377 1691 2521 1740 totas
2559 1681 2755 1753 legerit
2780 1687 3045 1750 notasque
3074 1677 3324 1734 habuerit
3348 1670 3686 1747 Scripturas,
3719 1681 3772 1729 et

2175 1778 2225 1835 si
2267 1777 2508 1834 nondum
2534 1773 2829 1838 intellectu.
2866 1770 2979 1841 jam
3008 1779 3189 1826 tamen
3217 1770 3476 1834 lectione,
3501 1771 3772 1824 duntaxat

487 1888 701 1947 nymus,
738 1894 757 1927 ι
790 1842 926 1932 Diale
974 1875 1220 1932 diabolus
1258 1874 1566 1948 Scripturas
1614 1875 2016 1945 interpretatur.
2050 1893 2069 1927 ι
2104 1842 2158 1914 ³
2179 1884 2273 1927 eas
2298 1882 2418 1939 qum
2439 1866 2778 1938 appellantur
2801 1863 3094 1920 canonica.
3118 1861 3256 1916 Nam
3277 1868 3499 1917 ceteras
3519 1860 3774 1916 securim

492 1966 772 2037 Siquidem
793 1972 849 2021 et
883 1966 1124 2023 haeretici
1146 1974 1201 2022 et
1229 1965 1579 2032 schismatiei,
1614 1965 1706 2037 qui
1743 1962 1859 2033 ejus
1892 1965 2077 2034 utique

492 2070 755 2128 sequaces
798 2063 943 2125 sunt,
970 2056 1111 2137 male
1152 2056 1360 2113 divinas
1406 2054 1715 2127 Scripturas
1749 2054 2072 2126 intelligunt,

492 2150 646 2224 pejus
676 2154 1113 2224 interpretantur,
1141 2152 1375 2224 pessime
1393 2167 1524 2208 vero
1544 2153 1855 2209 observant.
1882 2151 2080 2208 Catho-

493 2243 585 2301 lici
610 2255 789 2300 autem
812 2243 1067 2301 Veritatis
1091 2242 1287 2300 eruditi
1310 2243 1568 2315 exemplis
1591 2251 1646 2299 et
1671 2243 1879 2314 antiqui
1901 2240 2079 2298 hostis

495 2333 755 2392 resistunt
796 2334 1164 2400 tentamentis,
1191 2342 1246 2390 et
1270 2335 1635 2396 haereseorum
1671 2334 1941 2390 obsistunt
1966 2349 2081 2387 ma-

496 2422 876 2491 chinamentis,
926 2432 980 2480 et
1031 2424 1196 2481 divini
1237 2426 1386 2481 verbi
1430 2440 1627 2480 manna
1672 2440 1809 2495 puro
1856 2431 1910 2480 et
1948 2439 2080 2480 sano

496 2527 659 2571 sensu
687 2515 1059 2591 suscipientes,
1091 2514 1208 2586 ejus
1233 2516 1479 2573 dulcibus
1522 2516 1738 2572 aluntur
1768 2515 2037 2571 alimentis
2063 2533 2077 2571 :

498 2606 695 2677 quibus
750 2622 858 2663 non
915 2607 1225 2677 importune
1275 2607 1560 2664 collectum
1614 2622 1810 2663 manna
1870 2621 2083 2663 vermes

499 2695 705 2763 ebullit,
738 2697 792 2753 id
817 2704 901 2755 est
937 2715 1046 2756 non
1089 2698 1204 2769 ejus
1230 2698 1573 2755 conscientiae
1616 2714 1813 2756 arcana
1861 2709 1915 2755 et
1962 2715 2086 2756 sen—

499 2799 659 2842 suum
703 2787 892 2843 intima
940 2790 1206 2859 superbiae
1253 2790 1486 2847 stimulis
1523 2788 1779 2847 confodit.
1816 2788 2084 2847 Discussis

501 2874 685 2948 itaque
709 2892 828 2946 quae
867 2877 950 2934 vel
981 2887 1299 2950 arroganter
1326 2881 1408 2936 vel
1437 2881 1649 2937 indocte
1674 2898 1705 2936 a
1728 2882 2085 2937 Constantino

503 2972 559 3022 et
577 2964 804 3022 Haerena
829 2969 896 3023 ad
917 2969 1276 3025 venerabilem
1302 2984 1493 3041 papam
1515 2972 1663 3027 urbis
1684 2972 1870 3028 Romae
1894 2971 2087 3029 Adria-

506 3066 638 3112 num
659 3056 859 3127 scripta
885 3064 1024 3123 sunt,
1054 3059 1168 3114 sive
1190 3074 1351 3130 quam
1371 3061 1689 3118 brevissime
1710 3063 1931 3134 digestis
1951 3079 2087 3134 qua-

500 3144 633 3201 liter
662 3144 957 3217 Seripturaa
999 3152 1201 3206 sanctae
1242 3166 1349 3207 non
1393 3150 1550 3207 aliter
1588 3153 1972 3225 intelligendm,
2003 3155 2091 3211 vel

511 3239 948 3311 interpretandae,
983 3242 1066 3299 vel
1107 3256 1203 3315 pro
1236 3258 1334 3300 suo
1368 3245 1561 3316 cuique
1601 3247 1825 3302 arbitrio
1869 3250 2089 3318 proprio

509 3332 694 3388 sensui
743 3335 1211 3391 accommodandae
1259 3337 1385 3403 sint,
1416 3338 1509 3393 sed
1554 3339 1847 3395 secundum
1904 3356 2089 3396 sanam

508 3422 857 3496 sobriamque
892 3426 1192 3482 doctrinam
1231 3427 1454 3500 intelligi
1485 3429 1733 3495 debeant,
1758 3446 1901 3487 nunc
1935 3433 2089 3488 testi-

504 3514 817 3570 moniorum
868 3515 1114 3572 ordinem
1159 3518 1251 3588 qui
1294 3534 1327 3573 a
1353 3520 1554 3574 sanctis
1598 3517 1891 3591 Scripturis
1918 3522 2031 3576 sive
2059 3536 2091 3576 a

510 3612 825 3661 sanctorum
861 3601 1082 3663 Patrum
1107 3611 1427 3667 tractatibus
1467 3609 1706 3683 digestus
1738 3622 1842 3679 est,
1864 3623 1918 3669 et
1948 3615 2093 3669 inor-

514 3696 698 3755 dinate
720 3699 832 3755 sive
871 3716 979 3756 non
1004 3703 1221 3772 proprie
1242 3705 1308 3759 ab
1336 3704 1421 3761 bis
1446 3706 1538 3776 qui
1564 3705 1618 3760 in
1640 3707 1861 3776 praefata
1888 3708 2093 3778 synodo

513 3789 718 3848 sedisse
741 3802 1059 3861 noscuntur,
1084 3804 1392 3865 usurpatus,
1420 3798 1610 3853 ordine
1641 3800 1965 3869 competenti
1997 3799 2094 3855 do-

514 3881 664 3937 mino
698 3881 909 3938 favente
951 3899 1311 3956 exsequamur
1343 3894 1605 3958 ponentes
1653 3889 1913 3945 duntaxat
1950 3905 2096 3945 sum-

516 3969 705 4023 matim
728 3972 856 4038 quid
881 3980 1190 4031 sanctorum
1226 3976 1447 4034 Patrum
1479 3980 1545 4035 de
1572 3982 1653 4038 his
1677 3984 1945 4039 deﬁnierit
1975 4001 2097 4041 scn-

518 4058 709 4124 tentia,
726 4060 808 4114 vel
829 4063 1096 4129 quomodo
1115 4080 1146 4120 a
1167 4069 1563 4125 venerabilibus
1588 4071 1722 4128 viris
1735 4074 1945 4142 prolata
1967 4075 2094 4143 sint,

516 4160 639 4219 qua:
664 4151 732 4205 ad
761 4167 917 4206 suum
942 4164 1182 4211 errorem
1207 4161 1559 4216 astruendum
1588 4162 1804 4218 illorum
1835 4166 2100 4236 agglomea-

517 4243 659 4300 ravit
701 4246 979 4301 amentia:
1008 4248 1203 4317 quibus
1248 4264 1348 4320 pro
1388 4259 1631 4324 tempore
1662 4254 1719 4310 in
1743 4260 2099 4327 prmsentibus

518 4334 728 4392 duobus
758 4336 947 4408 primis
977 4338 1336 4399 Voluminibus
1360 4349 1704 4414 enumeratis,
1730 4349 1860 4421 quid
1880 4353 2100 4424 proprio

504 4432 682 4483 sensu
716 4429 896 4485 minus
924 4432 1081 4488 docte
1114 4440 1169 4489 et
1200 4442 1388 4491 contra
1418 4446 1724 4498 sanctorum
1762 4442 1990 4502 Patrum
2016 4447 2101 4503 in-

2114 3204 2165 3271 Ε

2181 1964 2341 2033 leget,
2365 1961 2472 2016 ﬁde
2492 1959 2739 2014 veritatis
2763 1957 3077 2023 instructus,
3093 1970 3163 2010 ne
3191 1961 3563 2026 praeoccupent
3584 1952 3776 2010 imbe-

2183 2058 2366 2115 cillum
2391 2054 2649 2120 animum,
2678 2058 2733 2108 et
2760 2049 3078 2123 periculosis
3101 2048 3397 2103 mendaciis
3420 2055 3583 2117 atque
3598 2047 3778 2116 phan-

2183 2148 2431 2205 tasmatis
2456 2145 2733 2202 eludentes
2766 2138 3119 2215 praeiudicent
3147 2139 3348 2210 aliquid
3368 2146 3552 2194 contra
3584 2150 3778 2193 sanam

2185 2236 2612 2310 intelligentiam.
2636 2235 2699 2291 ln
2728 2235 3004 2290 canonicis
3047 2238 3227 2288 autem
3261 2231 3554 2303 Scripturis
3594 2230 3781 2286 Eccle-

2186 2335 2391 2392 siarum
2443 2329 2832 2387 catholicarum
2886 2324 3343 2396 quamplurimum
3391 2323 3778 2379 auctoritatem

2186 2428 2485 2494 sequatur:
2511 2421 2654 2476 inter
2686 2422 2821 2489 quas
2849 2430 2981 2472 sane
3010 2415 3117 2470 illas
3149 2414 3260 2470 sint
3291 2429 3409 2484 quae
3450 2414 3783 2484 apostolicas

2188 2514 2345 2571 sedes
2373 2513 2574 2568 habere
2596 2517 2651 2566 et
2673 2506 2925 2581 epistolas
2949 2506 3195 2577 accipere
3219 2513 3554 2562 meruerunt.
3596 2525 3619 2558 ι
3644 2505 3780 2561 Nam

2190 2620 2313 2662 cum
2343 2602 2432 2660 hic
2460 2600 2671 2658 cunctis
2704 2613 2803 2670 per
2835 2599 3025 2654 orbem
3058 2596 3367 2653 constitutis
3392 2595 3615 2653 sedibus
3658 2610 3785 2667 apo-

2191 2695 2411 2752 stolicas
2441 2691 2765 2764 generaliter
2799 2688 3057 2761 praeferat
3089 2689 3265 2755 sedes,
3296 2684 3469 2744 multo
3495 2687 3675 2759 magis
3695 2687 3783 2742 illa

2190 2787 2441 2845 omnibus
2464 2783 2800 2857 praeferenda
2826 2790 2909 2838 est
2935 2796 3056 2853 qua:
3089 2783 3251 2838 etiam
3286 2781 3501 2837 caeteris
3528 2780 3787 2852 apostoli-

2193 2881 2272 2936 cis
2302 2879 2518 2935 sedibus
2544 2875 2770 2948 praelata
2786 2873 2927 2930 ‘cst.’
2943 2873 3097 2930 Sicut
3132 2874 3295 2945 igitur
3320 2873 3533 2929 caeteris
3556 2872 3789 2943 discipu-

2193 2969 2260 3028 lis
2287 2970 2534 3041 apostoli,
2564 2976 2619 3024 et
2659 2966 2916 3037 apostolis
2958 2965 3209 3021 omnibus
3236 2962 3430 3020 Petrus
3455 2964 3682 3029 eminet,
3712 2963 3787 3018 ita

2193 3062 2453 3118 rinirum
2491 3061 2700 3116 caeteris
2745 3058 2963 3114 sedibus
3011 3057 3336 3127 apostolicae,
3384 3065 3436 3113 et
3476 3057 3789 3128 apostolicis

2207 3153 2451 3209 Romana
2475 3152 2715 3208 eminere
2747 3149 3098 3221 dignoscitur.
3143 3148 3270 3205 Haec
3295 3149 3441 3203 enim
3475 3148 3641 3204 nullis
3664 3164 3789 3220 syn-

2195 3246 2367 3304 odicis
2415 3243 2726 3301 constitutis
2752 3243 2969 3298 caeteris
2998 3241 3256 3297 Ecclesiis
3298 3240 3524 3324 praelata
3560 3248 3660 3303 est,
3691 3241 3787 3297 sed

2193 3338 2363 3408 ipsius
2391 3336 2605 3391 Domini
2645 3334 2969 3390 auctoritate
2997 3334 3291 3404 primatum
3336 3334 3507 3398 tenet,
3536 3332 3784 3396 dicentis,

2197 3427 2275 3483 Tu
2308 3446 2361 3483 es
2392 3429 2602 3494 Petrus,
2633 3437 2682 3482 et
2711 3443 2867 3499 super
2896 3428 3031 3481 hanc
3058 3435 3259 3497 petram
3305 3425 3582 3495 aediﬁcabo
3610 3424 3788 3480 Eccle-

2194 3523 2330 3576 siam
2360 3537 2550 3587 meam,
2584 3529 2631 3575 et
2655 3529 2823 3591 porta
2847 3518 3043 3589 inferni
3074 3534 3178 3572 non
3220 3514 3576 3589 praedicunt
3607 3516 3787 3569 altera

2194 3627 2285 3667 sua
2313 3628 2427 3666 eam
2449 3628 2468 3666 :
2496 3621 2543 3666 et
2576 3610 2668 3666 tibi
2699 3610 2837 3666 dabo
2866 3609 3034 3663 claves
3078 3608 3222 3679 regni
3250 3607 3522 3671 castorum,
3544 3615 3594 3661 et
3624 3606 3785 3679 quod-

2196 3719 2397 3774 cunque
2419 3702 2660 3772 ligaveris
2681 3716 2837 3773 super
2858 3710 3072 3764 terram,
3093 3711 3191 3753 τηε
3211 3698 3431 3769 ligatum
3450 3707 3502 3753 et
3525 3700 3582 3753 in
3608 3697 3745 3753 cadis
3761 3713 3783 3752 :

2195 3803 2245 3849 et
2267 3793 2619 3865 quodcunque
2634 3791 2848 3847 solveris
2869 3807 3025 3863 super
3046 3798 3259 3857 terram,
3283 3790 3384 3844 erit
3408 3789 3642 3845 solutust
3659 3798 3707 3844 et
3729 3790 3785 3843 in

2198 3887 2338 3943 cretis
2379 3886 2604 3959 (Matth.
2638 3883 2784 3958 XVI).
2823 3884 2921 3941 Cui
2957 3898 3064 3939 non
3112 3874 3407 3953 incongrue
3446 3882 3595 3938 beati
3637 3880 3781 3936 Pauli

2199 3980 2437 4035 doctoris
2462 3979 2703 4050 gentium
2726 3984 2808 4031 est
2840 3976 3100 4031 attributa
3127 3974 3379 4037 societas,
3407 3982 3467 4029 ut
3500 3974 3647 4029 illius
3666 3989 3780 4028 san-

2199 4080 2300 4127 ctas
2328 4071 2582 4126 Ecclesia:
2615 4069 2834 4123 omnino
2879 4067 3192 4123 ﬁrmaretur
3215 4068 3517 4123 auctoritas
3547 4085 3560 4121 :
3600 4074 3780 4137 quate-

2199 4176 2302 4217 nus
2331 4161 2502 4217 altero
2535 4161 2601 4216 ad
2629 4160 2917 4230 piscandas
2946 4158 3157 4213 animas
3184 4158 3359 4214 electo
3397 4174 3464 4214 ex
3496 4158 3775 4228 piscatore,

2201 4255 2370 4312 altero
2409 4254 2475 4309 ad
2528 4251 2873 4309 muniendam
2914 4251 3215 4308 Ecclesiam
3259 4266 3329 4306 er
3377 4259 3726 4322 persecutore
3757 4263 3776 4305 :

2201 4350 2261 4402 ut
2288 4347 2341 4401 in
2368 4345 2538 4401 altero
2563 4343 2661 4399 Dei
2685 4343 2805 4399 Filii
2823 4356 2953 4399 vera
2982 4341 3270 4409 confessio,
3318 4342 3373 4398 in
3414 4342 3589 4399 altera
3628 4354 3777 4412 appa—

2200 4446 2347 4495 reret
2378 4437 2545 4495 divini
2571 4436 2723 4492 verbi
2752 4449 2907 4491 sacra
2935 4434 3278 4507 praedicatio;
3308 4432 3445 4491 eum
3483 4434 3640 4492 εἰκῆ
3663 4436 3778 4490 ωυ-

517 4519 855 4628 stltutionern
902 4523 973 4579 ob
1020 4523 1412 4628 adorandarum
1451 4530 1744 4605 imaginum
1773 4536 2098 4606 superﬂuam
2126 4560 2183 4628 ’
2204 4530 2433 4586 cesserit
2460 4529 2607 4628 idem
2629 4528 2725 4628 Dei
2752 4526 2931 4628 Filias
2945 4527 3123 4628 claves
3144 4527 3297 4599 regni
3320 4527 3605 4595 caelorum,
3636 4525 3775 4583 alteri

515 4612 842 4683 protulerint
875 4616 1335 4687 constitutionem,
1377 4624 1718 4694 sequentium
1761 4625 1991 4684 duorum
2035 4629 2101 4685 li-

517 4703 739 4759 brorum
761 4705 928 4760 series
950 4706 1177 4763 Domine
1197 4718 1466 4766 annuente
1485 4713 1754 4784 discutiet,
1771 4719 2099 4788 praemitten-

518 4798 602 4850 tes
634 4795 688 4849 in
717 4797 961 4866 sequenti
992 4800 1227 4871 capitulo
1260 4802 1494 4871 qualiter
1519 4817 1707 4863 sancta
1732 4808 1972 4866 Romana
2000 4810 2100 4866 Ec-

518 4885 685 4941 clesia
728 4886 872 4941 inter
912 4895 1138 4945 caeteras
1181 4890 1451 4951 Ecclesias
1492 4898 1726 4955 maxime
1763 4899 2103 4956 venerationi

518 4977 721 5049 habita,
752 4991 854 5048 pro
879 4980 1060 5036 causis
1085 4980 1207 5039 ﬁdei
1232 4985 1303 5040 sit
1323 4989 1669 5046 consulenda.

1137 5093 1363 5154 CAPUT
1401 5098 1487 5156 VI.

523 5188 880 5276 Quod‘sa'nct'a
912 5192 1171 5276 Romana,
1200 5200 1457 5276 catholica
1482 5211 1530 5258 et
1551 5200 1840 5276 apostolica
1863 5204 2103 5262 Ecclesia

597 5263 794 5347 caeteris
824 5258 1075 5347 gcclesiis
1094 5258 1333 5347 praelata,
1360 5290 1454 5347 pro
1476 5258 1798 5347 caut'n'sﬁdei
1812 5258 1933 5331 cum
1954 5258 2104 5347 quin:

593 5338 693 5384 suo
715 5338 880 5402 surgit
914 5338 1125 5392 omnino
1153 5342 1221 5395 sit
1247 5338 1588 5401 consulendo.

590 5420 895 5491 Antequam
920 5426 1381 5490 discutiendorum
1402 5440 1839 5495 testimoniorum
1863 5455 1983 5510 quae
2010 5442 2105 5496 ab-

522 5512 686 5567 surde
730 5510 1033 5573 Orientales
1074 5520 1128 5575 in
1171 5539 1267 5579 sua
1298 5528 1504 5597 synodo
1548 5537 1886 5595 taxaverunt,
1913 5530 2103 5585 silvam

594 5636 623 5707 ξ
653 5623 926 5711 ,τεὴὶ
954 5631 1357 5711 interpretandis
1382 5639 1667 5711 Scripturis
1695 5643 1984 5698 inritandas
2005 5652 2101 5709 est,

523 5705 573 5785 et
598 5696 659 5785 in
675 5696 937 5785 [acillibus
965 5696 1626 5785 tentamentis_seqneridus.
1654 5696 2104 5785 Loeuspravatats'

524 5775 729 5854 et‘toto
762 5783 923 5854 sensu
960 5773 1579 5854 aberra_ns.__Re§'tituam
1620 5799 1782 5838 sensu
1821 5773 2101 5854 ciigentc:

530 5852 551 5889 ι
585 5837 719 5895 Nam
745 5839 792 5898 si
823 5841 878 5897 in
904 5842 1322 5915 interpretandis
1354 5849 1645 5920 Scripturis
1664 5837 2102 5927 imitandus—est,

2202 4619 2409 4675 clavem
2457 4618 2869 4689 aperiendorum
2912 4618 3165 4690 legalium
3209 4619 3502 4675 verborum
3519 4634 3538 4673 :
3574 4619 3773 4690 utﬁun

2201 4718 2385 4765 tamen
2410 4709 2667 4765 virtutem
2699 4708 2996 4780 signet-um,
3032 4722 3141 4780 quo
3163 4710 3305 4766 alter
3334 4710 3405 4767 ad
3441 4725 3571 4768 eum
3606 4727 3768 4777 cruce,

2201 4799 2340 4855 alter
2359 4800 2537 4871 gladio
2555 4814 2810 4871 pergens,
2840 4799 3087 4857 ﬁdelibus
3114 4803 3479 4859 arrbabonem
3496 4803 3771 4875 corporalis

2199 4890 2428 4947 sarcinae
2465 4890 2852 4961 relinquentes,
2903 4900 2957 4948 et
3002 4893 3235 4963 exempli
3280 4893 3513 4965 fulgore,
3555 4904 3610 4952 et
3637 4892 3767 4949 verbi

2198 4986 2415 5049 decore,
2443 4991 2498 5039 et
2525 4995 2715 5039 sancto
2741 4999 2935 5041 cruore
2960 4986 3329 5057 supradictam
3354 4987 3655 5044 Ecclesiam
3680 4987 3769 5043 llo-

2202 5091 2418 5132 manam
2442 5077 2493 5131 ei
2514 5076 2778 5143 dicerent,
2802 5088 2965 5147 quam
2991 5092 3153 5148 supra
3174 5078 3560 5136 solidissimam
3578 5088 3766 5151 petram

2198 5167 2481 5243 fundatam
2511 5183 2612 5223 nec
2640 5169 2972 5225 descendens
3001 5170 3200 5240 pluvia,
3244 5185 3346 5227 nec
3378 5174 3649 5229 venienﬁa
3688 5171 3769 5225 llu-

2202 5261 2369 5326 mina,
2416 5274 2515 5315 nec
2562 5259 2753 5315 ﬂantes
2799 5260 2949 5315 venti
2999 5272 3160 5316 ruere
3206 5263 3613 5332 compellerent.
3658 5262 3766 5317 liae

2200 5366 2332 5423 ergo
2376 5358 2577 5406 sanctae
2625 5350 2749 5406 ﬁdei
2787 5350 3119 5422 spiritalibus
3167 5353 3376 5408 munita
3422 5356 3622 5419 armis,
3658 5361 3706 5408 et
3736 5365 3766 5403 ι

2203 5440 2353 5497 fonte
2387 5440 2526 5496 lucls
2561 5448 2617 5494 ct
2653 5440 2863 5512 origine
2898 5441 3176 5507 bonitatis,
3222 5443 3557 5499 salutaribus
3588 5442 3764 5498 satiata

2200 5531 2435 5600 ﬂuentis,
2471 5541 2526 5588 et
2547 5532 2831 5589 hom-endis
2855 5534 3237 5605 atrocibusque
3262 5536 3534 5591 haeresum
3573 5533 3763 5591 obsistit

2205 5653 2261 5718 et
2286 5645 2343 5701 in
2372 5647 2651 5703 fallacibus
2685 5649 3029 5702 tentamentis
3059 5649 3384 5718 sequendus.
3440 5649 3506 5704 Et
3530 5650 3574 5704 si
3596 5650 3646 5703 in
3676 5645 3763 5701 fal—

2205 5715 2409 5772 lacibus
2434 5721 2802 5782 tentamentis,
2824 5727 2931 5774 etc.
2967 5738 2987 5772 ι
3194 5721 3393 5785 verius,
3422 5728 3479 5775 et
3499 5719 3762 5775 conﬁrmat

2205 5788 2347 5871 quod
2376 5788 2576 5871 legitur
2721 5805 2802 5856 ιιι,
2833 5806 2952 5862 cap.
2980 5789 3048 5845 12
3078 5809 3091 5845 :
3131 5810 3151 5842 ί
3189 5790 3255 5847 Et
3278 5791 3601 5871 contemptis
3622 5788 3762 5843 falla-

2201 5858 2356 5914 cibus
2382 5858 2737 5914 divertieulis.
2775 5878 2794 5912 ι
