3990 6302
176 513 331 575 ’1021

942 598 945 601 _
996 498 1177 571 LIBRI
1213 509 1558 570 CAROLINI.
1598 536 1671 552 —
1707 504 1931 565 CAPIT.
1972 506 2062 563 ns
2098 470 2290 563 tunc.
2329 533 2402 547 -
2438 485 2579 562 LIB?
2608 489 2654 561 ιζ

1860 366 1963 394 ῑῖ.ἶ”’π’“
1991 374 2023 382 υ

3320 505 3467 565 102$

177 597 476 697 ’momuis,
509 637 566 685 et
587 627 843 686 montana
862 598 1264 700 praedicationis
1286 627 1477 699 pocula
1498 624 1779 683 attonitus
1803 624 1859 686 Α
1882 623 2036 694 sequi
2065 628 2277 688 curant,
2320 621 2459 678 sicut
2497 620 2593 677 illo
2622 620 2907 692 pervenire
2937 634 3051 693 quo
3069 619 3163 678 ille
3185 619 3474 679 deum

186 746 290 805 per
308 730 503 786 orbem
526 725 799 782 ministrat
820 724 1096 782 Ecclesiis.
1129 723 1266 780 Nam
1289 722 1634 781 beatissimus
1663 719 1787 775 [lie-

187 836 475 894 rouymus,
501 819 586 874 vir
610 817 811 873 divinis
834 817 1047 889 legibus
1078 823 1135 872 et
1157 815 1449 884 munerum
1479 813 1787 884 linguarum

183 914 390 986 peritia
421 911 687 977 eruditus,
735 910 863 966 dum
892 908 1352 967 Bethlebetniticis
1387 914 1691 964 moraretur
1727 905 1789 961 in

184 1004 358 1067 arvis,
390 1011 448 1059 et
474 1017 509 1057 a
542 1002 709 1058 beato
735 1014 872 1071 papa
905 1000 1139 1057 Damaso
1166 999 1354 1056 Romae
1375 998 1553 1070 posito
1589 998 1656 1054 de
1684 995 1788 1053 dif-

186 1097 429 1153 ficilibus
456 1094 830 1152 consuleer
866 1094 1274 1164 quastionibns,
1311 1109 1437 1150 eum
1473 1107 1575 1165 pro
1609 1091 1791 1148 causis

185 1190 317 1245 iiiiﬂi
345 1204 501 1246 versa
526 1182 646 1245 vice
668 1186 1005 1245 consuluisse
1022 1188 1377 1261 dignoscitur,
1399 1194 1457 1243 et
1477 1187 1591 1243 sive
1608 1193 1792 1242 tacen-

186 1283 387 1338 darum
419 1283 537 1338 sive
560 1280 914 1337 dicendarum
952 1280 1337 1352 bypostaseon,
1378 1279 1465 1335 vel
1491 1278 1688 1350 quibus
1731 1279 1791 1333 in

183 1372 564 1431 Orientalibus
598 1370 847 1444 partibus
887 1372 1290 1429 communicem
1331 1370 1525 1428 debeat
1554 1368 1791 1426 humilli-

185 1465 298 1521 mis
322 1464 571 1536 apicibus
600 1472 665 1520 ut
687 1464 870 1535 apices
890 1463 1124 1535 accipiat
1145 1464 1486 1535 deprecatur.
1539 1461 1675 1518 Mira
1700 1470 1797 1518 res

183 1568 249 1614 et
283 1557 501 1629 magnis
532 1557 874 1629 praedicanda
910 1557 1218 1629 prmniis.
1268 1557 1575 1629 Interrogat
1610 1570 1643 1612 a
1679 1570 1795 1627 quo

184 1654 582 1724 interrogatur,
624 1651 859 1708 consulit
896 1667 931 1706 ιι
965 1666 1076 1723 quo
1118 1652 1436 1717 consulitur,
1485 1651 1580 1722 qui
1611 1650 1790 1721 magi-

185 1756 372 1804 sti-un
395 1761 457 1803 se
490 1747 547 1802 in
574 1744 994 1817 interpretandis
1028 1743 1225 1800 divinis
1265 1742 1564 1813 Scriptnris
1600 1741 1789 1809 sentit,

1882 714 1999 770 rius
2022 721 2223 780 exstat,
2260 713 2589 769 desiderant.
2624 711 2708 769 Ad
2739 724 2905 784 quam
2937 711 3327 777 hentitutﬁnem
3373 725 3475 781 nos

1884 807 2184 877 pervenire,
2208 807 2343 861 etin
2364 814 2567 862 sancta
2595 804 2855 862 Ecclesia
2880 805 3156 861 mnsortio
3187 811 3245 861 et
3276 804 3477 862 unione

1886 896 1977 953 ille
2018 912 2119 954 nos
2160 898 2325 954 iaciat
2363 910 2731 969 perseverare,
2766 896 2861 967 qui
2899 896 3201 952 Ecclesiam
3229 910 3383 953 suam
3418 897 3476 952 in

1886 989 2051 1046 Petro
2100 991 2351 1062 dignatus
2392 998 2478 1046 est
2509 989 2778 1046 fundare:
2817 998 2874 1045 et
2925 990 3043 1060 ipso
3085 989 3478 1046 interveniente

1888 1083 2044 1152 cuius
2089 1082 2361 1139 cathedra
2407 1094 2595 1139 sumus
2641 1094 2934 1152 sequaces,
2982 1081 3136 1151 regni
3179 1080 3477 1147 calorum,

1889 1174 2045 1245 eius
2071 1174 2161 1231 ille
2188 1174 2424 1246 claviger
2450 1174 2627 1231 factus
2658 1181 2775 1242 est,
2813 1186 3123 1231 mereamur
3150 1171 3288 1229 omni
3329 1184 3481 1229 com-

1888 1278 2064 1341 potes.

2486 1359 2715 1419 CAPUT
2760 1358 2864 1416 Vll.

1894 1474 2050 1543 Quod
2102 1490 2205 1530 non
2259 1473 2329 1528 ad
2378 1474 2687 1545 adorandus
2734 1472 2989 1545 imagines
3038 1469 3297 1545 pertineat
3341 1463 3483 1545 quod

1962 1548 2211 1617 scriptum
2235 1555 2332 1610 est,
2359 1543 2576 1600 Crcavit
2604 1544 2746 1617 Deus
2780 1541 3055 1617 hominem
3091 1542 3161 1599 ad
3191 1541 3484 1614 imaginem

1965 1626 2020 1673 et
2049 1614 2457 1674 similitudinem
2483 1630 2637 1672 suam
2672 1614 2828 1687 (Gen.
2863 1615 2928 1685 ι).

1962 1730 2023 1786 in
2050 1730 2155 1786 hoc
2182 1728 2493 1784 testimonio
2534 1728 3007 1797 inconsequenter,
3053 1733 3108 1783 et
3148 1725 3293 1781 ultra
3321 1734 3485 1795 quam

187 1838 249 1894 in
275 1839 460 1897 causis
480 1836 609 1894 ﬁdei
634 1816 928 1893 venerandi
954 1835 1226 1907 pontificis
1252 1850 1312 1890 se
1330 1834 1661 1906 discipulum
1681 1833 1787 1888 mi-
1895 1825 2365 1892 inconsequenter,
2416 1822 2485 1875 ab
2510 1819 2617 1875 illis
2642 1820 2699 1875 in
2728 1834 2823 1875 sua
2850 1818 3058 1891 synodo
3083 1819 3154 1874 ob
3195 1816 3486 1873 adoranda-

185 1931 341 1987 nime
367 1931 673 1987 erubescit:
697 1937 755 1985 et
779 1929 867 1984 cui
889 1942 1059 1984 sacrae
1080 1928 1212 1998 legis
1234 1927 1592 1998 quaestionum
1613 1940 1788 1982 nexus
1813 1991 1860 1998 _
1896 1936 2018 1976 rum
2041 1921 2335 1992 imaginum
2364 1918 2713 1975 astruendum
2749 1928 2992 1973 errorem
3026 1916 3223 1986 posito,
3254 1928 3363 1969 non
3390 1928 3489 1970 no-

187 2021 413 2087 enodnt,
443 2028 627 2076 utrum
659 2018 967 2091 hypostasis
995 1991 1175 2074 dicere
1201 1991 1414 2084 debeat,
1448 2018 1712 2087 quibusve
1731 2017 1793 2071 in
1813 1991 1869 2059 Β
1893 2020 2010 2070 stro
2035 2012 2252 2084 ingenio
2266 2011 2562 2081 plurimum
2583 2016 2669 2065 est
2687 2009 3011 2075 sudandum,
3028 2021 3153 2064 cum
3175 2014 3254 2063 tot
3275 2004 3492 2061 indiciis

186 2110 424 2168 Oriente
454 2111 875 2178 cominunicare,
912 2108 1190 2182 efﬂagitat.
1245 2110 1400 2167 Unde
1445 2109 1606 2167 datur
1632 2110 1791 2167 intel-
1892 2108 1963 2163 ab
1989 2118 2180 2161 eorum
2216 2104 2287 2159 sit
2311 2102 2609 2159 assertione
2636 2101 2904 2168 alienum;
2931 2099 3186 2171 quoniam
3223 2096 3315 2153 ubi
3343 2092 3491 2151 nuﬁa

184 2206 287 2276 ligi
311 2214 533 2262 sanctos
550 2212 607 2261 et
629 2204 872 2261 eruditos
896 2203 1041 2260 viros
1063 2216 1161 2275 per
1185 2204 1427 2260 diversas
1457 2204 1646 2260 mundi
1672 2219 1795 2275 par-
1893 2205 1979 2255 est
2003 2194 2436 2261 verisimilitudo,
2471 2209 2581 2251 non
2622 2207 2819 2264 magna
2845 2194 2899 2249 in
2933 2193 3291 2251 discernendo
3318 2189 3493 2246 oritur

185 2307 278 2354 tes
298 2297 705 2370 praediationis
745 2300 801 2352 et
847 2296 1090 2366 scientiae
1126 2294 1373 2366 lampade
1417 2302 1788 2361 cornscantes,
1894 2287 2207 2360 disputatio.
2241 2285 2377 2354 Quia
2405 2300 2537 2358 ergo
2565 2301 2595 2341 a
2621 2285 2771 2341 nullo
2792 2285 2847 2341 in
2874 2300 2984 2356 quo
3017 2299 3162 2341 sanae
3190 2283 3390 2339 mentis
3412 2282 3493 2336 vi-

184 2406 304 2447 nost
328 2390 508 2447 edam
529 2406 561 2445 a
582 2398 770 2446 sancta
800 2389 1045 2445 Romana
1073 2389 1314 2445 Ecclesia
1345 2405 1453 2445 non
1478 2389 1788 2453 recessisse,
1893 2391 1983 2455 get
2006 2392 2253 2447 acumen,
2278 2380 2359 2436 illi
2390 2380 2472 2435 rei
2499 2379 3031 2452 creditur’pertincre
3059 2377 3144 2434 cui
3170 2377 3247 2433 illi
3277 2376 3381 2431 hoc
3407 2373 3493 2429 ni-

182 2482 290 2538 sed
315 2480 486 2537 etiam
514 2488 756 2553 ternpore
780 2482 1120 2538 necessitatis
1145 2482 1218 2537 ob
1241 2482 1365 2538 fidei
1393 2481 1795 2539 corroboratio-

185 2586 321 2629 nent
358 2572 429 2629 ab
461 2587 527 2629 ea
563 2572 892 2641 adiutorium
910 2574 1249 2645 implorasse.
1276 2573 1431 2642 Quod
1448 2574 1789 2647 regulariter,

184 2671 253 2719 ut
276 2661 496 2735 praefati
522 2674 712 2719 sumus
735 2671 793 2720 et
825 2664 1088 2737 exemplis
1114 2666 1420 2732 docuimus,
1462 2679 1654 2723 omnes
1696 2680 1792 2721 ca-

184 2756 416 2814 tholica
464 2756 663 2813 debent
700 2758 992 2814 observare
1040 2758 1316 2823 Ecclesiae,
1352 2765 1414 2814 ut
1458 2759 1527 2814 ab
1573 2770 1639 2815 ea
1669 2760 1794 2830 post

185 2849 481 2907 Christum
513 2848 583 2904 ad
618 2849 969 2905 muniendam
1010 2848 1172 2905 ﬁdem
1212 2849 1541 2920 adiutorium
1567 2856 1791 2920 petant:

182 2952 318 3014 qua
341 2948 453 2997 non
474 2940 682 2997 habens
701 2941 987 3007 maculam,
1012 2956 1114 2997 nec
1137 2954 1347 3014 rugam,
1362 2950 1419 2997 et
1442 2948 1793 3013 portentuosa

184 3033 470 3090 harenam
509 3033 685 3103 capita
724 3032 918 3098 calcat,
968 3040 1025 3088 et
1065 3033 1306 3090 ﬁdelium
1334 3041 1545 3090 mentes
1591 3034 1645 3089 in
1688 3026 1794 3089 fidi!

186 3124 540 3181 corroborat.
570 3122 617 3178 Α
634 3122 791 3195 cujus
810 3132 997 3181 uncta
1016 3132 1073 3181 et
1088 3126 1393 3183 veneranda
1415 3127 1795 3183 communione

186 3218 386 3274 multis
420 3218 799 3274 recedentibus
837 3225 1037 3275 nostrae
1075 3226 1261 3275 tamen
1298 3220 1472 3291 partis
1516 3232 1795 3291 nunquam

186 3310 430 3367 recessit
463 3309 726 3376 Ecclesia,
766 3311 861 3367 sed
901 3324 965 3367 ea
1011 3310 1308 3382 apostolica
1359 3312 1666 3369 eruditione
1711 3313 1793 3368 ιιι-ς

162 3410 466 3465 'struente,
492 3408 642 3456 eteo
670 3417 709 3456 α
745 3417 849 3472 quo
893 3410 969 3456 est
1006 3417 1158 3458 omne
1203 3402 1399 3457 donum
1442 3404 1692 3473 optimum
1744 3412 1792 3457 et

180 3509 351 3549 omne
387 3493 575 3548 datum
605 3492 890 3564 perfectum
931 3493 1139 3565 (Iacob.
1171 3494 1213 3563 l)
1249 3495 1542 3561 tribuente,
1585 3509 1800 3567 semper

179 3583 439 3667 suscepit
472 3584 770 3639 reverenda
803 3585 1153 3641 charismata.
1200 3586 1331 3655 Quae
1376 3588 1501 3643 dum
1540 3603 1571 3644 a
1608 3591 1798 3661 primis

176 3675 326 3732 ﬁdei
355 3676 694 3746 tanporibus
714 3691 836 3732 cum
862 3693 927 3733 ea
953 3687 1223 3749 perstaret
1248 3681 1304 3737 in
1326 3696 1493 3737 sacra:
1518 3682 1798 3754 religionis

177 3769 419 3836 unione,
441 3776 501 3824 et
525 3769 593 3824 ab
617 3784 681 3825 ea
717 3771 879 3842 paulo
902 3772 1150 3839 distaret,
1197 3774 1342 3845 quod
1380 3784 1561 3833 tamen
1608 3785 1797 3834 contra

175 3858 360 3916 ﬁdem
392 3876 502 3916 non
525 3868 627 3927 est,
655 3862 710 3916 in
735 3862 1035 3919 ciliciorum
1064 3865 1451 3934 celebratione,
1477 3871 1800 3926 venerandre

177 3951 481 4029 memoriae
503 3952 767 4022 genitoris
810 3954 983 4008 nostri
1027 3954 1381 4012 illustrissimi
1417 3965 1581 4028 atque
1617 3959 1797 4015 excel-

177 4042 492 4098 lentissimi
512 4043 618 4097 viri
641 4042 816 4115 Pipini
840 4045 985 4116 regis
1018 4060 1168 4113 cura,
1195 4056 1251 4104 et
1273 4049 1539 4105 industria
1566 4051 1679 4107 sive
1706 4052 1801 4107 ad-

178 4140 428 4189 ventum
454 4134 513 4187 in
540 4132 743 4189 Gallias
783 4138 1209 4194 reverentissimi
1240 4149 1293 4195 et
1322 4142 1650 4198 sanctissimi
1694 4144 1799 4199 viri

180 4226 467 4298 Stephani
504 4225 764 4284 Romanae
798 4229 950 4285 urbis
993 4232 1272 4299 antistitis,
1324 4242 1408 4291 est
1445 4236 1496 4292 ci
1531 4237 1698 4293 etiam
1746 4238 1801 4294 in

178 4317 466 4390 psallendi
489 4319 681 4375 ordine
720 4321 993 4392 copulata,
1030 4330 1230 4382 utnon
1272 4334 1418 4384 esset
1458 4329 1642 4402 dispar
1669 4332 1803 4389 ordo

178 4410 468 4485 psallendi
494 4412 690 4482 quibus
713 4423 832 4469 erat
857 4426 1080 4487 compar
1100 4417 1266 4475 ardor
1292 4415 1579 4490 credendi;
1607 4434 1803 4496 etquae

178 4503 367 4561 unite
402 4513 562 4559 erant
584 4504 746 4561 unius
773 4513 979 4563 sancire
1000 4506 1138 4579 legis
1159 4522 1316 4566 sacra
1339 4510 1592 4581 lectione,
1623 4525 1805 4572 essent

176 4598 366 4655 etiam
412 4598 583 4655 unita:
608 4601 769 4658 unius
814 4603 1200 4662 modulationis
1243 4604 1353 4681 [ΑΙ.
1398 4610 1805 4686 modulaminis]

1893 2484 2083 2533 tuntur
2111 2473 2541 2540 accommodare,
2583 2472 2677 2529 sed
2727 2470 2972 2545 spiritale
3015 2468 3219 2527 dictum
3261 2458 3491 2540 spiritali

1894 2569 2270 2626 disserendum
2309 2576 2398 2624 est
2418 2566 2782 2639 indagatione,
2831 2570 3003 2620 restat
3044 2568 3105 2619 nt
3150 2559 3281 2632 quid
3316 2559 3383 2614 de
3426 2570 3492 2613 eo

1895 2672 2206 2723 sanctorum
2232 2663 2455 2720 Patrum
2480 2659 2769 2733 protulerit
2802 2659 2997 2733 styius,
3038 2652 3345 2714 sententiali
3370 2654 3494 2707 breo

1892 2760 2062 2817 vitate
2087 2764 2373 2816 notemus:
2416 2765 2684 2829 quatenus
2706 2754 2850 2826 quod
2880 2755 2947 2810 ab
2982 2750 3093 2809 illis
3120 2759 3205 2807 est
3226 2748 3494 2833 negligen-

1895 2853 1980 2911 ter
2018 2860 2369 2924 usurpatum,
2415 2859 2470 2907 et
2507 2866 2538 2906 a
2567 2850 2701 2907 viris
2744 2846 3148 2905 venerabilibus
3186 2852 3241 2901 et
3290 2841 3495 2914 Spiritu

1896 2952 2084 3004 Sancto
2120 2945 2340 3017 repletis
2378 2934 2735 3016 spiritualiter
2758 2941 3058 3013 prolatum,
3092 2936 3311 2994 lectoris
3342 2934 3498 2990 indu-

1895 3037 2028 3095 stria
2057 3036 2129 3092 sit
2155 3034 2443 3107 diligenter
2479 3040 2779 3104 acceptum.
2828 3029 3088 3085 Ait'enim
3132 3028 3324 3083 beatus
3368 3024 3498 3079 Am-

1893 3129 2141 3187 broSius:
2178 3147 2196 3181 ι
2210 3128 2264 3184 In
2286 3126 2554 3201 principio
2580 3125 2750 3197 ipsius
2773 3122 2957 3178 mundi
2981 3116 3197 3177 Patrem
3219 3125 3272 3173 et
3298 3115 3499 3172 Filium

1896 3236 2017 3279 esse
2041 3220 2221 3287 audio,
2246 3227 2301 3275 et
2325 3226 2493 3274 unum
2531 3231 2668 3290 opus
2697 3228 2865 3273 cerno
2891 3233 2903 3269 :
2948 3213 3108 3269 audio
3145 3211 3454 3283 loquentem
3480 3248 3496 3276 ,

1896 3328 2131 3385 agnosco
2155 3312 2467 3377 facientem,
2499 3309 2595 3365 sed
2623 3316 2680 3364 et
2705 3304 2883 3363 Patris
2925 3312 2979 3360 et
3007 3302 3132 3359 Filii
3170 3317 3332 3357 unam
3364 3301 3501 3355 ima-

1901 3409 2102 3482 ginem,
2159 3420 2323 3462 unam
2378 3392 2786 3460 similitudinem
2839 3399 2996 3471 lego:
3050 3393 3348 3451 similitudo
3383 3393 3501 3482 haec

1901 3480 2009 3557 non
2045 3497 2395 3563 diversitatis,
2429 3494 2523 3551 sed
2550 3492 2773 3548 unitatis
2798 3497 2902 3547 cst.
2927 3486 3045 3544 Non
3075 3486 3219 3542 enim
3244 3484 3407 3540 homo
3430 3480 3501 3539 ad

1901 3593 2191 3665 imaginem
2242 3590 2337 3645 Dei
2381 3588 2487 3643 nisi
2536 3596 2635 3659 per
2660 3584 2959 3669 imaginem
3008 3579 3105 3635 Dei
3139 3593 3261 3636 esse
3297 3582 3497 3649 potest.

1898 3686 2081 3756 Imago
2108 3698 2238 3755 ergo
2273 3680 2369 3736 Dci
2396 3694 2464 3734 ex
2499 3668 2775 3733 interieris
2816 3670 3052 3728 hominis
3094 3668 3375 3725 nobilitate
3414 3676 3505 3724 est

1902 3776 2293 3836 consideranda
2321 3792 2332 3827 :
2367 3772 2544 3844 primo
2578 3768 2824 3839 quidem,
2858 3772 2916 3819 ut
2954 3762 3112 3819 sicuti
3144 3760 3287 3816 Deus
3316 3774 3497 3825 unus,

1902 3876 2134 3940 Semper,
2158 3867 2359 3936 ubique
2387 3870 2535 3917 totus
2571 3866 2675 3924 est,
2722 3856 2905 3913 omnia
2931 3850 3231 3919 viviticans,
3277 3863 3503 3907 movens

1902 3969 1957 4017 et
1978 3961 2305 4033 gubernans,
2332 3957 2473 4012 sicut
2508 3949 2801 4024 Apostolus
2834 3944 3139 4011 conﬁrmat,
3171 3943 3313 4015 quod
3350 3944 3407 3997 in
3440 3958 3502 3996 eo

1901 4056 2138 4119 vivimus,
2166 4064 2433 4107 movemur
2456 4056 2502 4103 et
2532 4059 2754 4102 sumus:
2795 4043 2874 4098 sic
2917 4039 3096 4095 anima
3140 4038 3193 4093 in
3239 4053 3338 4094 suo
3381 4050 3507 4092 cor-

1901 4159 2034 4221 pore
2058 4149 2259 4216 ubique
2289 4151 2404 4199 tota
2425 4140 2569 4212 viget
2593 4135 2874 4192 viviﬁcans
2898 4132 3051 4198 illud,
3079 4145 3302 4221 movens
3324 4136 3379 4184 et
3409 4142 3508 4199 gu-

1903 4220 2159 4296 bernans.
2198 4232 2309 4293 Nec
2350 4235 2495 4291 enim
2526 4232 2582 4288 in
2605 4226 2904 4297 majoribus
2930 4223 3177 4294 corporis
3213 4220 3297 4276 sui
3328 4234 3507 4274 mem-

1904 4334 2019 4391 bris
2054 4332 2245 4401 major,
2288 4331 2427 4387 etin
2473 4324 2775 4383 minoribus
2817 4322 3014 4385 minor,
3043 4318 3136 4374 sed
3167 4316 3221 4370 in
3264 4310 3503 4401 minimis

1907 4436 2038 4492 tota,
2070 4396 2200 4483 etin
2234 4396 2491 4482 maximis
2518 4427 2629 4476 tota
2656 4436 2669 4471 :
2712 4425 2765 4472 et
2797 4417 2913 4471 lucc
2943 4420 3026 4469 est
3058 4411 3237 4480 imago
3282 4396 3504 4459 unitatis

1907 4518 2294 4592 omnipotentis
2326 4514 2444 4583 Dei,
2491 4529 2654 4585 quam
2701 4510 2880 4565 anima
2935 4504 3097 4560 habet
3146 4502 3199 4557 in
3246 4513 3342 4555 se:
3384 4511 3505 4592 qua:

1908 4585 2194 4684 quamdam
2224 4610 2423 4661 sancta:
2450 4600 2735 4659 Trinitatis
2768 4599 2933 4656 habet
2961 4592 3249 4665 imaginem
3274 4607 3286 4643 :
3328 4585 3505 4660 primo

176 4693 509 4749 venranda
534 4694 845 4764 traditione,
867 4710 970 4753 nec
997 4697 1306 4771 seiungeret
1325 4702 1629 4762 ciliciorum
1652 4682 1803 4764 varia
1829 4732 1886 4796 ι)
1909 4682 1964 4764 in
1994 4723 2078 4772 eo,
2105 4703 2231 4775 quia
2262 4702 2403 4756 sicut
2429 4699 2570 4756 Deus
2598 4705 2702 4760 est,
2724 4694 2858 4751 vivit
2879 4701 2933 4747 et
2954 4690 3117 4761 sapit,
3140 4688 3216 4743 ita
3239 4694 3295 4741 et
3324 4682 3505 4739 anima

175 4785 498 4843 celebratio
525 4796 662 4857 quas
700 4789 1055 4861 coniunxerat
1080 4795 1254 4852 unica:
1288 4796 1412 4853 ﬁdei
1442 4800 1531 4872 pia
1563 4798 1799 4857 devotio.

175 4876 353 4945 Quod
378 4878 599 4949 quidem
618 4886 674 4936 et
714 4896 834 4948 nos,
862 4882 1059 4940 collato
1080 4884 1239 4943 nobis
1263 4903 1295 4943 a
1317 4888 1428 4947 Deo
1448 4890 1615 4949 Italiae
1636 4908 1805 4967 regno

173 4970 448 5035 festinus,
485 4978 686 5029 strictae
711 4970 970 5032 Romanae
1016 4972 1272 5036 Ecclesia:
1314 4982 1593 5054 fastigium
1638 4986 1806 5042 subli-

173 5076 352 5120 mare
382 5064 681 5133 cupientes,
706 5072 762 5122 et
784 5069 1206 5126 reverentissimi
1227 5088 1379 5145 papae
1407 5074 1635 5133 Adriani
1661 5078 1805 5134 salu—

176 5155 416 5211 taribus
447 5155 920 5217 exhortationibus
954 5174 1149 5233 parere
1190 5165 1466 5222 nitentes:
1512 5168 1721 5230 scilicet
1746 5182 1807 5227 ut

168 5247 385 5321 plures
404 5246 550 5303 illius
570 5250 741 5319 partis
761 5250 1040 5321 Ecclesize,
1061 5268 1180 5327 qum
1202 5258 1473 5326 quondam
1495 5264 1812 5334 apostolica:

167 5342 345 5400 sedis
374 5342 721 5400 traditionem
748 5345 805 5401 in
826 5342 1415 5423 psaﬂendO'suscipere
1457 5359 1807 5427 recusabant,

165 5448 344 5493 nunc
375 5450 498 5491 eam
533 5452 660 5493 cum
686 5441 835 5496 omni
860 5441 1137 5514 diligentia
1168 5446 1590 5519 amplectantur,
1638 5461 1691 5509 et
1722 5453 1810 5509 cui

164 5529 547 5585 adhaeserant
581 5530 706 5588 ﬁdei
753 5548 995 5601 munere,
1046 5537 1363 5594 adhmreant
1413 5559 1629 5615 quoque
1671 5545 1813 5615 psal-

162 5620 346 5677 lendi
397 5621 625 5679 Ordine:
664 5626 810 5694 quod
847 5641 953 5682 non
990 5628 1164 5684 solum
1218 5636 1469 5693 manium
1515 5635 1811 5693 Galliarum

158 5714 516 5789 provinciae,
551 5725 607 5772 et
630 5716 942 5788 Germania,
973 5723 1086 5777 sive
1116 5720 1297 5796 italia,
1329 5728 1423 5785 sed
1447 5729 1610 5786 etiam
1645 5728 1816 5786 Saxo-

160 5818 305 5866 nes
347 5814 397 5861 et
436 5808 684 5877 quaedam
721 5809 1064 5882 Aquilonaris
1098 5814 1279 5894 plaga
1308 5830 1495 5893 gentes
1528 5836 1625 5891 per
1673 5836 1771 5878 nos
1797 5861 1811 5886 ,

161 5901 321 5959 D60
354 5908 652 5967 Ἆηιὶυεηιθ,
694 5902 761 5958 ad
792 5916 933 5960 νει·ίὲ
980 5905 1114 5973 “diei
1158 5914 1456 5970 rudimenta
1502 5928 1809 5977 conversae,

160 5993 390 6051 facere
415 6002 729 6066 noscuntur,
756 6003 811 6054 et
836 5997 908 6061 ita
935 5998 1095 6077 beati
1117 6006 1260 6066 Petri
1288 6006 1472 6065 sedem
1489 6006 1546 6065 in
1566 6004 1816 6065 omnibus

954 6097 993 6197 ἐ,

1904 4801 2199 4865 secundum
2228 4812 2385 4852 suum
2415 4793 2632 4850 modum
2655 4798 2737 4847 cst
2755 4832 2768 4855 ,
2799 4788 2931 4842 vivit
2966 4794 3021 4840 et
3046 4782 3208 4854 sapit.
3246 4779 3346 4835 Est
3373 4792 3509 4848 quo-

1905 4913 2009 4973 que
2035 4902 2090 4951 et
2115 4892 2217 4947 alia
2248 4886 2487 4944 Trinitas
2525 4885 2577 4939 in
2607 4898 2692 4948 ea,
2716 4897 2820 4951 qua
2845 4878 2914 4935 ad
2934 4876 3228 4946 imaginem
3256 4871 3341 4928 sui
3367 4869 3509 4926 Con-

1906 4967 2097 5049 ditoris
2123 4982 2378 5060 perfecta:
2403 4979 2620 5052 quidem
2644 4989 2700 5033 et
2725 4990 2951 5033 summa:
2977 4967 3266 5028 Trinitatis
3287 4971 3512 5060 quaeest

1907 5084 1963 5139 in
1991 5057 2173 5145 Patre,
2214 5076 2353 5132 Filio
2399 5083 2453 5130 et
2499 5071 2704 5142 Spiritu
2751 5076 2943 5124 sancto
2987 5063 3244 5125 condita;
3285 5068 3342 5117 et
3385 5057 3513 5115 licet

1906 5171 2069 5229 unius
2099 5172 2170 5237 sit
2195 5170 2284 5224 illa
2316 5174 2543 5230 naturae,
2576 5171 2689 5218 tres
2719 5169 2899 5216 tamen
2926 5158 2982 5213 in
3008 5172 3068 5213 se
3105 5153 3397 5227 dignitates
3419 5150 3513 5206 ha-

1906 5266 2030 5329 bet,
2073 5264 2127 5319 id
2171 5269 2254 5317 est
2299 5258 2659 5320 intellectum,
2703 5253 3036 5309 voluntatem
3070 5256 3125 5302 et
3167 5244 3509 5309 memoriam,

1909 5358 2053 5430 quod
2087 5356 2230 5412 idem
2256 5329 2379 5408 licet
2414 5350 2535 5405 aliis
2559 5347 2741 5403 verbis
2786 5346 2842 5400 in
2874 5340 3167 5413 Evangelio
3199 5338 3515 5407 designatur

1910 5449 2037 5506 dum
2072 5446 2307 5503 dicitur:
2336 5441 2535 5515 Diliges
2570 5438 2859 5494 Dominum
2899 5434 3069 5489 Deum
3105 5441 3256 5486 tuum
3299 5444 3365 5484 ea:
3405 5435 3513 5481 toto

1912 5540 2067 5596 corde
2097 5546 2209 5603 tuo,
2239 5544 2286 5590 et
2313 5551 2377 5589 ex
2404 5542 2515 5588 tota
2541 5531 2722 5586 animo
2754 5539 2864 5594 tua,
2907 5536 2954 5582 et
2987 5542 3051 5581 ea:
3078 5532 3189 5579 tota
3226 5528 3397 5575 mente
3421 5526 3515 5571 tua

1912 5632 2091 5705 (Deut.
2116 5629 2216 5703 vt),
2241 5629 2295 5684 id
2316 5636 2419 5694 est,
2441 5642 2509 5683 ex
2530 5633 2646 5682 toto
2671 5621 2970 5687 intellectu,
3010 5628 3066 5676 et
3084 5633 3155 5675 ex
3188 5623 3303 5671 tota
3322 5609 3514 5666 volun-

1913 5734 2044 5791 tate,
2076 5733 2131 5780 et
2154 5740 2221 5780 ex
2252 5731 2367 5779 tota
2399 5720 2679 5778 memoria.
2709 5716 2828 5773 1am
2875 5716 3018 5772 sicut
3041 5728 3111 5768 ex
3144 5710 3308 5765 Patre
3346 5714 3511 5775 gene-

1916 5825 2068 5874 ratur
2092 5817 2277 5882 Filius,
2307 5832 2374 5872 e-x
2407 5814 2569 5869 Patre
2597 5812 2843 5882 Filioque
2866 5807 3110 5881 procedit
3135 5802 3370 5874 Spiritus
3389 5812 3515 5852 san-

1917 5918 2055 5975 ctus,
2090 5911 2161 5965 ita
2189 5925 2256 5965 ex
2284 5904 2558 5965 intellectu
2591 5912 2883 5976 generatur
2926 5900 3195 5961 voluntas,
3236 5901 3291 5948 et
3323 5904 3390 5945 ex
3428 5888 3514 5943 his

1918 6002 2050 6061 item
2074 6002 2336 6063 ambobus
2362 5998 2607 6074 procedit
2640 5994 2923 6064 memoria,
2971 5992 3114 6053 sicut
3158 5984 3319 6048 facile
3352 5997 3386 6040 a
3426 5994 3518 6039 sa-

2994 6112 3035 6139 gl!
