3990 6302
328 900 402 1034 q

460 353 606 415 1023

1339 346 1402 402 B.
1439 341 1693 402 ΠΛΕΟιί
1731 338 1947 399 MAGNI
1983 337 2136 396 OPP.
2178 337 2356 396 PARS
2393 339 2456 396 II.
2498 337 2739 397 SECTIO
2772 338 2837 396 II.

3571 338 3732 401 που

458 471 640 544 piente
660 462 901 538 quolibet
927 461 1152 537 intelligi
1176 469 1371 536 potest.
1401 460 1514 517 Nec
1542 460 1687 516 enim
1709 458 1888 513 anima
1914 471 2038 529 per—
2064 438 2267 526 Aﬁuia
2314 454 2370 509 in
2414 454 2531 524 ipso
2586 459 2673 509 est
2718 452 2891 508 virtus
2939 457 2996 507 et
3047 449 3313 522 sapientia
3363 465 3469 507 non
3529 449 3692 508 facta
3713 493 3734 523 ,

461 561 605 619 fectu
626 573 749 616 esse
769 562 948 631 potest
978 556 1097 612 sine
1136 554 1223 610 his
1257 553 1452 618 tribus,
1501 566 1604 608 nec
1639 551 1847 605 horum,
1880 547 2046 603 trium

462 664 634 707 unum
657 648 894 720 aliquod,
921 653 1183 719 quantum
1205 645 1274 700 ad
1304 659 1457 699 suam
1499 642 1735 714 pertinet
1758 636 2048 696 beatitudi-

465 759 616 811 nem,
664 742 782 799 sine
814 740 935 795 aliis
972 739 1181 795 duobus
1222 738 1492 807 integrum
1537 740 1779 790 constat:
1817 739 1874 787 et
1910 730 2050 786 sicut

467 835 614 892 Deus
641 832 819 898 Pater,
866 830 1010 885 Deus
1053 828 1239 893 Filius,
1273 828 1416 882 Deus
1456 833 1512 881 et
1553 824 1789 895 Spiritus
1830 828 2050 877 sanctus

467 931 573 991 est,
601 938 710 978 non
736 931 917 978 tamen
953 928 1064 976 tres
1100 920 1153 976 di
1198 926 1340 985 sunt,
1368 918 1462 973 sed
1483 933 1623 973 unus
1657 917 1799 971 Deus
1822 923 1935 971 tres
1960 914 2051 968 ha-

466 1015 604 1073 bens
620 1028 900 1084 personas,
933 1012 1010 1066 ita
1029 1019 1085 1066 et
1107 1010 1287 1066 anima
1310 1009 1633 1073 intellectus,
1662 1007 1842 1064 anima
1862 1006 2053 1061 volun-

470 1115 574 1175 tas,
603 1107 782 1162 anima
819 1106 1100 1171 memoria,
1128 1121 1236 1161 non
1266 1113 1447 1161 tamen
1485 1105 1678 1160 anima:
1718 1111 1830 1159 tres
1859 1103 1914 1158 in
1944 1116 2052 1158 uno

408 1195 712 1271 'lcorpore,
740 1201 833 1255 sed
858 1215 964 1254 una
982 1199 1161 1254 anima
1189 1206 1301 1254 tres
1323 1199 1527 1254 habens
1548 1197 1854 1269 dignitates.
1877 1195 2055 1265 Atque

469 1291 527 1346 in
552 1291 637 1346 his
670 1291 843 1346 tribus
867 1289 982 1359 ejus
1020 1289 1309 1359 imaginem
1342 1287 1661 1343 mirabiliter
1700 1286 1839 1357 gerit
1868 1285 1925 1340 in
1955 1299 2054 1341 sua

468 1391 665 1440 natura
689 1392 876 1439 noster
899 1382 1123 1439 interior
1152 1383 1333 1437 homo.
1368 1380 1672 1437 Similitudo
1702 1395 1832 1436 vero
1859 1380 1914 1434 in
1937 1393 2056 1434 mo-

470 1474 624 1531 ribus
659 1476 927 1531 cernenda
960 1482 1081 1529 est:
1123 1482 1184 1528 ut
1215 1473 1354 1529 sicut
1398 1473 1539 1528 Deus
1568 1479 1795 1536 creator,
1835 1472 1928 1541 qui
1958 1472 2056 1527 ho-

471 1566 674 1620 minem
701 1565 770 1619 ad
794 1564 1199 1621 similitudinem
1230 1580 1381 1619 suam
1432 1564 1654 1630 creavit,
1685 1572 1768 1619 est
1794 1563 2051 1628 charitas,

475 1664 561 1712 est
582 1657 815 1722 bonitas,
844 1665 899 1712 et
944 1654 1141 1725 justus,
1186 1655 1397 1725 patiens
1434 1664 1596 1725 atque
1636 1655 1799 1720 mitis,
1823 1654 2056 1710 mundus

2148 549 2268 604 alia:
2293 548 2349 602 in
2384 556 2647 618 quantum
2673 545 3094 612 solumvivunt,
3136 545 3262 615 quia
3298 544 3387 600 ille
3411 561 3635 601 summe
3684 554 3736 601 et

2146 641 2320 712 prime
2344 640 2507 707 vivit,
2538 639 2654 695 alia:
2674 639 2730 694 in
2756 645 3016 709 quantum
3056 646 3211 703 sunt,
3238 638 3366 708 quia
3398 638 3489 693 ille
3509 652 3739 694 summe

2149 747 2213 788 ac
2237 731 2488 802 primitus
2520 738 2622 787 est.
2656 730 2725 788 Et
2752 731 2873 786 ideo
2901 744 3023 800 quae
3046 729 3419 786 tantummodo
3444 739 3587 796 sunt,
3628 745 3741 785 nec

2150 833 2331 881 tamen
2356 826 2544 881 vivunt
2568 832 2661 881 aut
2687 825 2934 897 sapiunt,
2963 839 3070 880 non
3093 824 3361 895 perfecte,
3392 825 3486 880 sed
3528 824 3742 895 exigue

2150 926 2303 985 sunt,
2329 919 2397 973 ad
2426 919 2831 975 similitudinem
2859 917 3004 987 ejus,
3032 917 3159 989 quia
3191 926 3246 974 et
3273 918 3388 990 ipsa
3424 920 3561 974 bona
3588 928 3741 976 sunt

2151 1013 2207 1069 in
2235 1013 2423 1069 ordine
2453 1027 2577 1079 suo,
2611 1027 2735 1068 cum
2759 1012 2830 1066 sit
2856 1010 2945 1066 ille
2972 1025 3134 1082 supra
3160 1010 3343 1065 omnia
3366 1011 3537 1066 bonus
3556 1027 3589 1066 a
3618 1024 3741 1081 quo

2151 1106 2291 1162 bona
2317 1114 2462 1161 sunt.
2493 1102 2685 1161 Omnia
2710 1118 2841 1159 vero
2882 1102 3010 1173 quia
3037 1103 3228 1158 vivunt
3252 1110 3438 1159 etnon
3463 1104 3736 1174 sapiunt,

2153 1198 2312 1271 paulo
2340 1197 2571 1268 amplius
2613 1196 2939 1268 participant
2981 1194 3321 1250 similitudini
3360 1212 3374 1248 :
3404 1195 3545 1264 quod
3572 1194 3738 1250 enim

2152 1288 2317 1355 vivit,
2353 1288 2514 1343 etiam
2541 1294 2627 1342 est
2647 1326 2661 1353 ,
2698 1301 2805 1340 non
2832 1292 3013 1340 autem
3038 1285 3298 1355 quidquid
3322 1295 3405 1341 est
3431 1285 3597 1341 etiam
3656 1285 3745 1340 vi-

2153 1381 2248 1437 vit.
2275 1379 2395 1435 Jam
2428 1394 2589 1452 porro
2613 1394 2733 1449 quae
2756 1377 2971 1448 sapiunt
2997 1377 3075 1431 ita
3116 1375 3193 1432 illi
3233 1375 3567 1432 similitudini
3596 1383 3744 1432 sunt

2154 1473 2428 1543 proxima,
2457 1478 2517 1526 ut
2541 1472 2595 1527 in
2626 1470 2892 1525 creaturis
2914 1468 3049 1524 nihil
3079 1468 3149 1524 sit
3174 1468 3542 1540 propinquius.
3570 1466 3745 1536 Quod

2156 1566 2299 1623 enim
2318 1564 2606 1636 participat
2629 1562 2922 1632 sapientiae,
2946 1570 3004 1618 et
3020 1561 3170 1627 vivit,
3189 1568 3244 1615 et
3256 1568 3365 1624 est;
3384 1559 3525 1630 quod
3542 1567 3744 1615 autem

2155 1655 2288 1712 vivit
2306 1668 2527 1710 necesse
2537 1659 2621 1709 est
2640 1659 2700 1706 ut
2714 1652 2800 1717 sit,
2823 1666 2930 1706 non
2944 1657 3260 1707 neeesseest
3272 1656 3336 1704 ut
3345 1650 3534 1721 sapiat.
3546 1648 3746 1717 Quare

473 1753 529 1802 et
554 1747 879 1811 misericors,
901 1754 957 1801 et
986 1755 1181 1802 caetera
1203 1745 1463 1801 virtutum
1491 1754 1800 1801 sanctorum
1825 1745 2054 1816 insignia
2084 1814 2119 1817 ω
2156 1764 2280 1805 cum
2291 1748 2450 1803 homo
2461 1745 3041 1817 possitparticepsesse
3057 1740 3635 1812 sapientimsecundum
3652 1741 3746 1795 in-

476 1850 597 1904 qua:
622 1835 691 1891 de
715 1851 780 1891 eo
807 1836 1078 1907 leguntur,
1109 1837 1183 1891 ita
1208 1837 1370 1894 homo
1391 1834 1607 1892 creatus
1627 1844 1711 1893 est
1738 1844 1797 1892 ut
1824 1814 2057 1893 charita-
2081 1814 2132 1877 Β
2158 1814 2695 1895 terioremhominem
2711 1875 2727 1900 ,
2758 1834 3052 1891 secundum
3077 1834 3254 1904 ipsum
3264 1831 3433 1887 itaest
3454 1832 3518 1887 ad
3529 1832 3746 1903 imagi-

477 1935 587 1984 tem
622 1928 865 1995 haberet,
893 1937 950 1983 ut
974 1929 1147 1984 bonus
1171 1937 1333 1994 esset,
1362 1940 1420 1984 et
1437 1928 1635 1998 justus,
1662 1938 1719 1985 et
1744 1931 1953 1999 patiens
1979 1938 2061 1985 at-
2158 1937 2369 1995 nem,ut
2381 1927 2528 1982 nulla
2539 1933 2731 1982 natura
2746 1927 3065 1996 interposita
3085 1922 3369 1989 formetur,
3396 1922 3741 1978 etideonihil

479 2033 584 2088 que
609 2019 777 2084 mitis,
801 2020 1033 2074 mundus
1061 2027 1115 2075 et
1135 2020 1444 2091 misericors
1466 2019 1606 2077 foret
1630 2038 1642 2073 :
1679 2035 1818 2090 quas
1833 2021 2063 2077 virtutes
2160 2019 2353 2075 sitDeo
2380 2015 2752 2087 coniunctius;
2783 2022 2839 2070 et
2864 2015 3006 2087 sapit
3029 2014 3175 2068 enim
3202 2019 3257 2068 et
3268 2013 3408 2084 vivit
3426 2020 3745 2083 etestzqua

478 2115 681 2177 quanto
706 2108 826 2178 plus
857 2108 1082 2178 quisque
1125 2108 1181 2163 in
1218 2109 1395 2180 seipso
1427 2109 1609 2176 habet,
1657 2117 1809 2165 tanto
1842 2111 2063 2181 propius
2163 2115 2411 2166 creatura
2437 2107 2571 2163 nihil
2594 2114 2680 2162 est
2704 2104 2916 2162 melius.
2946 2103 3101 2172 Quod
3122 2104 3170 2160 si
3187 2104 3748 2160 exteriorhornovita

479 2206 564 2255 est
589 2199 717 2263 Deo,
756 2205 810 2254 et
832 2197 1093 2268 majorem
1134 2198 1219 2255 sui
1254 2197 1560 2254 Conditoris
1584 2200 1725 2270 gerit
1764 2199 2066 2255 similitudi-
2162 2200 2257 2256 illa
2280 2199 2545 2270 accipitur
2568 2214 2673 2268 qua
2695 2212 2793 2267 per
2816 2212 3011 2268 corpus
3053 2195 3329 2269 sentimus
3350 2195 3590 2266 quinque
3629 2210 3746 2251 no-

480 2304 623 2346 nem.
663 2309 682 2343 ι
712 2290 909 2346 Beatus
936 2305 1150 2362 quoque
1190 2289 1523 2360 Augustinus
1568 2290 1641 2345 ita
1689 2292 1961 2347 hominem
1997 2294 2067 2348 ad
2165 2292 2393 2349 tissimis
2444 2290 2691 2348 sensibus
2712 2330 2728 2356 ,
2782 2305 2917 2360 quos
2968 2305 3093 2346 cum
3141 2290 3429 2361 pecoribus
3472 2289 3749 2346 habemus

481 2379 771 2451 imaginem
791 2388 845 2437 et
873 2381 1280 2439 similitudinem
1295 2380 1391 2436 Dei
1415 2379 1614 2438 factum
1635 2395 1756 2438 esse
1780 2383 2066 2450 disseruit;
2165 2396 2479 2440 communes
2498 2381 2645 2454 (nam
2664 2389 2719 2436 et
2730 2381 2831 2436 ista
2844 2380 3108 2436 molestiis
3118 2380 3461 2437 sensibilibus
3473 2396 3599 2452 qua:
3613 2396 3749 2453 per-

487 2490 509 2525 c
561 2473 697 2529 Cum
742 2474 1066 2531 exteriorem
1114 2481 1171 2529 et
1208 2471 1525 2530 interiorem
1570 2472 1843 2529 hominem
1886 2473 2070 2528 divina
2167 2475 2535 2533 secutionibus
2561 2473 2878 2545 ingeruntur
2904 2474 3175 2546 corrumpi
3216 2473 3435 2545 potest),
3482 2490 3597 2530 non
3636 2475 3748 2530 in-

487 2562 767 2634 Scriptura
792 2570 1286 2631 commemoret,.et
1313 2570 1527 2618 tantum
1552 2577 1647 2619 eos
1679 2564 1969 2629 discernat,
2016 2571 2071 2619 et
2170 2567 2367 2623 merito
2391 2574 2447 2623 et
2474 2566 2589 2637 ipse
2628 2566 2789 2622 homo
2824 2564 3096 2637 particeps
3139 2565 3335 2622 dicitur
3370 2565 3751 2622 similitudinis

486 2655 554 2710 ab
579 2653 835 2725 Apostolo
860 2655 1063 2710 dictum
1090 2663 1173 2711 est
1203 2672 1216 2708 :
1255 2652 1397 2708 Etsi
1428 2655 1657 2710 exterior
1701 2655 1855 2710 homo
1899 2664 2074 2712 noster
2170 2659 2301 2724 Dei,
2331 2674 2439 2714 non
2467 2657 2640 2715 solum
2668 2658 2795 2728 quia
2840 2658 3002 2723 vivit,
3047 2657 3193 2728 quod
3231 2658 3397 2715 etiam
3444 2659 3500 2714 in
3552 2658 3751 2715 bestiis

487 2749 853 2819 corrumpitur,
891 2748 981 2804 sed
1005 2749 1227 2805 interior
1264 2758 1539 2805 renovatur
1573 2751 1637 2806 de
1677 2751 1761 2807 die
1797 2753 1856 2807 in
1891 2752 2072 2810 diem:
2174 2759 2424 2822 apparet,
2456 2750 2550 2806 sed
2577 2749 2840 2821 amplius,
2868 2749 3009 2819 quod
3035 2749 3107 2805 ad
3132 2759 3371 2807 mentem
3408 2750 3753 2807 convertitur

490 2841 658 2911 qumri
688 2848 866 2912 potest
891 2850 1075 2898 utrum
1100 2858 1242 2899 unus
1278 2843 1473 2899 horum
1490 2843 1668 2901 factus
1692 2845 1760 2900 ad
1784 2845 2073 2917 imaginem
2174 2858 2234 2899 se
2261 2850 2563 2913 regentem,
2593 2857 2758 2912 quam
2786 2841 3024 2897 illustrat
3063 2841 3356 2912 sapientia,
3384 2840 3526 2912 quod
3558 2842 3614 2896 in
3649 2841 3752 2897 be—

492 2936 549 2985 et
594 2930 997 2989 similitudinem
1038 2934 1178 2989 Dei?
1226 2933 1362 2989 Nam
1403 2935 1534 2991 illud
1569 2952 1811 3007 quaerere
1852 2939 2076 2995 stultum
2174 2934 2295 2990 stiis
2336 2947 2443 2988 non
2471 2939 2650 3004 potest
2676 2931 2881 2988 ratione
2905 2981 2912 2993 ,
2932 2931 3259 2988 carentibus.
3298 2930 3507 3003 Corpus
3532 2946 3751 3002 quoque

494 3025 598 3085 est,
631 3020 678 3074 si
700 3035 842 3077 unus
863 3021 985 3091 quis
1025 3036 1211 3079 eorum
1237 3024 1466 3094 dubitat,
1507 3042 1630 3083 eum
1650 3029 1829 3099 potius
1864 3029 1956 3100 qui
1990 3046 2076 3086 re-
2112 3042 2115 3045 '
2146 3028 2153 3035 ’
2175 3024 2409 3082 hominis
2428 3025 2557 3097 quia
2582 3024 2754 3082 solum
2781 3024 2923 3080 inter
2942 3024 3256 3081 animalium
3273 3034 3615 3081 terrenarum
3629 3040 3753 3081 coro

492 3116 722 3165 novatur
746 3126 906 3180 quam
948 3127 1073 3168 eum
1100 3113 1193 3184 qui
1226 3116 1588 3186 corrumpitur
1634 3118 1850 3174 dicere:
1889 3127 2073 3177 utrum

493 3206 678 3255 autem
703 3202 889 3268 ambo,
932 3219 1125 3277 magna
1159 3207 1384 3276 qumstio
1425 3216 1525 3265 est.
1572 3208 1709 3265 Nam
1756 3211 1803 3266 si
1838 3213 2076 3269 exterior

495 3294 658 3349 homo
685 3306 769 3350 est
790 3294 981 3362 Adam,
1009 3306 1065 3353 et
1091 3299 1318 3356 interior
1343 3300 1607 3369 Christus,
1642 3303 1780 3360 bene
1808 3306 1967 3362 ambo
1994 3306 2077 3360 in-

494 3383 849 3454 telliguntur;
891 3388 986 3443 sed
1019 3404 1142 3445 cum
1189 3389 1360 3447 Adam
1408 3393 1548 3448 sicut
1579 3408 1612 3448 a
1645 3395 1756 3450 Deo
1794 3396 1967 3452 factus
1995 3406 2080 3454 est

494 3473 670 3531 bonus
713 3492 822 3533 non
863 3481 1141 3546 manserit,
1182 3489 1238 3538 et
1278 3483 1546 3555 diligendo
1576 3487 2079 3545 carnalia'carnalis

495 3563 719 3623 ell'ectus
740 3569 829 3635 sit,
859 3585 967 3627 non
992 3571 1225 3628 absurde
1258 3574 1429 3630 videri
1454 3584 1634 3646 potest
1677 3578 1780 3634 hoc
1824 3579 2000 3648 ipsum
2029 3580 2080 3635 ei

494 3656 666 3715 fuisse
692 3660 904 3729 cadere,
930 3662 1215 3733 imaginem
1248 3665 1345 3721 Dei
1384 3675 1439 3722 et
1476 3667 1881 3724 similitudinem
1919 3670 2078 3725 amit-

498 3756 653 3805 tere:
687 3766 750 3805 ac
770 3766 870 3822 per
897 3753 1000 3810 hoc
1028 3755 1143 3825 ipse
1169 3765 1476 3823 renovatur,
1514 3766 1570 3814 et
1596 3759 1711 3829 ipse
1745 3761 1908 3815 etiam
1945 3761 2083 3818 inte-

498 3840 629 3895 rior.
663 3839 939 3907 Quomodo
967 3860 1096 3916 ergo
1122 3854 1206 3902 est
1227 3848 1340 3917 ipse
1364 3857 1420 3905 et
1437 3850 1675 3906 exterior
1701 3865 1765 3906 ac
1788 3853 2081 3908 secundum

500 3949 713 4003 corpus,
740 3944 801 3989 ut
828 3936 1055 3994 interior
1079 3941 1151 3995 sit
1170 3942 1463 3998 secundum
1488 3944 1753 4010 animam;
1778 3953 1833 4000 et
1857 3946 2084 4002 interior

501 4021 572 4077 sit
598 4026 921 4080 resurrectio
950 4037 1005 4082 et
1028 4032 1328 4097 renovatio,
1368 4048 1487 4102 quae
1530 4049 1674 4089 nunc
1708 4034 1768 4089 ﬁt
1789 4037 2083 4093 secundum

501 4123 731 4170 mortem
757 4118 956 4186 prioris
987 4121 1132 4187 vitae,
1164 4123 1219 4178 id
1248 4132 1332 4179 est
1355 4126 1581 4194 peccati,
1606 4136 1661 4181 et
1687 4128 1979 4183 secundum
2005 4143 2085 4183 re-

503 4208 901 4278 generationem
930 4226 1083 4268 novae
1120 4214 1265 4279 vitae,
1311 4214 1366 4270 id
1389 4224 1472 4272 est
1491 4202 1734 4286 justitize,
1768 4235 1902 4290 quos
1941 4220 2084 4277 idem

504 4299 640 4356 duos
662 4300 908 4357 homines
938 4303 1018 4359 sic
1055 4305 1304 4375 appellat,
1333 4314 1394 4362 ut
1432 4324 1600 4364 unum
1638 4320 1876 4367 veterem
1923 4326 2084 4381 quem

505 4391 765 4449 debemus
799 4407 1014 4462 exuere,
1040 4395 1268 4452 alterum
1292 4412 1490 4454 novum
1516 4408 1570 4455 et
1594 4417 1717 4457 eum
1754 4394 2091 4458 induendum

2093 3163 2148 3230 α

2178 3135 2313 3192 pora
2340 3135 2447 3175 non
2466 3134 2695 3191 pronum
2729 3118 2787 3174 in
2813 3117 2990 3172 alvum
3016 3124 3346 3187 prostratum
3373 3124 3459 3172 est
3479 3157 3496 3183 ,
3521 3133 3645 3175 cum
3675 3117 3752 3172 sit

2178 3209 2390 3266 visibile
2434 3216 2490 3264 et
2518 3208 2574 3264 in
2617 3208 2875 3264 tuendum
2907 3206 3104 3264 coelum
3148 3213 3389 3262 erectum
3410 3247 3428 3271 ,
3478 3206 3618 3277 quod
3662 3216 3753 3261 est

2176 3300 2502 3373 principium
2531 3299 2821 3373 visibilium
2844 3338 2858 3365 ,
2896 3313 3202 3368 quanquam
3230 3313 3336 3354 non
3361 3313 3461 3354 sua
3481 3339 3498 3363 ,
3522 3298 3615 3354 sed
3633 3300 3751 3353 ani-

2177 3407 2283 3449 mae
2305 3390 2591 3462 praesentia
2617 3390 2801 3446 vivere
2827 3398 3211 3460 cognoscatur,
3242 3396 3424 3445 tamen
3450 3404 3561 3445 non
3594 3392 3754 3445 modo

2179 3483 2306 3554 quia
2355 3490 2440 3538 est
2485 3489 2540 3537 et
2583 3481 2639 3536 in
2693 3488 2954 3551 quantum
2987 3487 3092 3546 est,
3155 3480 3342 3552 utique
3380 3480 3588 3536 bonum
3633 3487 3749 3545 est,

2181 3576 2275 3631 sed
2334 3574 2499 3629 etiam
2556 3574 2683 3644 quia
2740 3572 2848 3628 tale
2913 3580 2996 3628 cst
3048 3580 3108 3628 ut
3161 3572 3231 3628 ad
3282 3572 3751 3643 contemplandum

2180 3664 2377 3721 coelum
2434 3663 2506 3719 sit
2564 3663 2771 3735 aptius,
2847 3661 3019 3733 magis
3081 3661 3137 3717 in
3188 3662 3292 3718 hoc
3348 3662 3417 3717 ad
3466 3662 3749 3734 imaginem

2180 3767 2236 3815 et
2278 3756 2686 3813 similitudinem
2743 3755 2839 3812 Dei
2892 3770 3055 3825 quam
3102 3763 3297 3811 caetera
3340 3770 3574 3827 corpora
3634 3755 3741 3810 ani—

2182 3848 2405 3906 malium
2430 3847 2570 3904 facta
2608 3847 2732 3917 jure
2754 3847 2927 3914 videri
2947 3855 3164 3918 potest:
3192 3854 3371 3902 tamen
3416 3848 3545 3918 quia
3588 3848 3741 3902 homo

2183 3943 2303 3999 sine
2345 3941 2457 3996 vita
2502 3955 2610 3996 non
2652 3947 2802 3995 recte
2845 3939 3164 4011 appellatur,
3201 3953 3310 3995 non
3364 3954 3567 4009 corpus
3610 3938 3746 3993 solus

2184 4034 2347 4091 homo
2393 4033 2661 4096 exterior,
2713 4045 2888 4102 neque
2936 4031 3052 4086 sola
3075 4031 3185 4085 vita
3232 4046 3355 4100 qua:
3400 4030 3455 4085 in
3482 4044 3645 4086 sensu
3671 4036 3748 4084 est

2185 4129 2447 4197 corporis,
2471 4127 2567 4183 sed
2594 4134 2884 4197 utrumque
2907 4126 3066 4181 simul
3086 4125 3287 4182 rectius
3311 4123 3545 4181 fortasse
3565 4124 3752 4181 intelli-

2186 4228 2364 4292 gatur.
2389 4219 2575 4288 Neque
2589 4217 2781 4273 inscite
2802 4216 3151 4286 distinguitur
3169 4217 3312 4286 quod
3333 4216 3482 4272 aliud
3492 4216 3568 4271 sit
3587 4216 3752 4285 imago

2187 4320 2243 4368 et
2272 4310 2568 4367 similitudo
2593 4309 2718 4372 Dei,
2752 4309 2844 4379 qui
2868 4309 3033 4364 etiam
3063 4307 3231 4363 Filius
3273 4307 3493 4372 dicitur,
3525 4307 3667 4362 aliud
3689 4306 3749 4359 ad

2189 4402 2480 4474 imaginem
2503 4409 2557 4456 et
2579 4399 2982 4456 similitudinem
2992 4399 3089 4455 Dei
3108 4399 3248 4455 sicut
3264 4398 3542 4455 hominem
3562 4398 3748 4453 factum

505 4492 927 4582 commemoret:
964 4502 1194 4557 quorum
1216 4503 1404 4545 rursus
1443 4490 1595 4547 illum
1636 4494 1867 4564 appellat
1895 4494 2085 4565 imagi-
2109 4516 2166 4582 ι)
2189 4494 2504 4565 accipimus.
2532 4491 2669 4547 Sunt
2683 4493 2846 4548 etiam
2868 4492 2962 4563 qui
2983 4507 3090 4547 non
3115 4490 3319 4547 frustra
3340 4490 3643 4560 intelligant
3657 4490 3752 4544 duo

506 4587 630 4627 nem
659 4576 859 4631 terreni
883 4576 1138 4645 hominis,
1161 4579 1285 4649 quia
1312 4582 1604 4637 secundum
1626 4592 1904 4653 peccatum
1926 4584 2087 4655 primi
2110 4576 2153 4582 ⁷
2192 4586 2335 4643 dicta
2364 4600 2484 4641 esse
2510 4585 2578 4640 ad
2600 4584 2888 4655 imaginem
2899 4593 2955 4640 et
2965 4582 3370 4641 similitudinem
3398 4600 3413 4637 :
3439 4599 3568 4640 cum
3594 4583 3640 4640 si
3657 4595 3750 4637 una

506 4662 741 4720 hominis
768 4666 1001 4736 geritur,
1038 4668 1131 4740 qui
1172 4678 1256 4725 est
1287 4669 1490 4739 Adam;
1528 4673 1757 4729 alterum
1802 4675 2090 4745 imaginem

506 4754 741 4814 caelestis
776 4759 1009 4816 hominis
1029 4800 1044 4826 ,
1084 4761 1214 4830 quia
1242 4764 1545 4841 secundum
1562 4762 1827 4833 justitiam
1869 4763 2091 4821 secundi

506 4844 739 4905 hominis
774 4852 1007 4922 geritur,
1063 4852 1155 4921 qui
1190 4861 1273 4909 est
1308 4854 1595 4912 Christus:
1636 4858 1873 4914 exterior
1907 4866 2090 4915 autem

506 4937 669 4995 homo
717 4941 810 5009 qui
854 4957 998 4997 nunc
1046 4947 1412 5016 corrumpitur
1472 4948 1651 5004 futura
1695 4952 2090 5007 resurrectione

507 5038 830 5096 renovatur,
886 5045 1011 5085 cum
1059 5032 1220 5089 istam
1272 5046 1499 5094 mortem
1545 5041 1865 5110 persolverit
1925 5057 2089 5112 quam

507 5125 714 5173 naturae
750 5120 928 5188 debet,
962 5121 1078 5192 lege
1124 5124 1216 5180 illa
1253 5141 1372 5196 qua:
1416 5130 1472 5185 in
1513 5132 1763 5200 paradiso
1810 5148 1908 5204 per
1952 5149 2089 5202 pra:-

506 5212 720 5274 ceptum
771 5208 896 5264 data
942 5218 1046 5266 est.
1098 5211 1375 5281 Quomodo
1418 5227 1600 5276 autem
1635 5237 1742 5277 non
1786 5223 1856 5276 sit
1903 5222 2089 5278 incon-

509 5313 701 5368 gruum
737 5301 880 5369 quod
907 5300 1106 5359 dicitur
1129 5307 1292 5363 etiam
1318 5324 1513 5381 corpus
1557 5310 1758 5366 factum
1789 5312 1856 5366 ad
1897 5312 2089 5367 simili-

506 5388 749 5445 tudinem
783 5390 909 5461 Dei,
943 5393 1101 5454 facile
1134 5398 1386 5470 intelligit
1411 5402 1503 5470 qui
1532 5401 1818 5470 diligenter
1836 5401 2080 5467 attendit,

506 5480 649 5549 quod
699 5481 904 5539 dictum
949 5495 1052 5553 est,
1112 5488 1176 5543 Et
1201 5491 1323 5560 fecit
1374 5491 1515 5546 Deus
1545 5494 1721 5546 omnia
1762 5492 1909 5546 valde
1950 5493 2085 5547 bona

508 5570 661 5644 (Gen.
689 5573 751 5646 ι).
779 5575 948 5631 Nemo
978 5580 1124 5634 enim
1153 5581 1364 5637 dubitat
1389 5584 1533 5652 quod
1565 5585 1636 5637 sit
1674 5584 1789 5653 ipse
1833 5585 2085 5654 primitus

506 5661 706 5730 bonus;
741 5665 923 5722 multis
952 5670 1094 5724 enim
1137 5672 1310 5727 modis
1342 5673 1445 5727 dici
1490 5689 1577 5729 res
1612 5683 1837 5743 possunt
1878 5677 2084 5734 similes

510 5754 636 5823 Deo,
668 5755 783 5814 alia:
827 5760 1118 5817 secundum
1168 5764 1424 5820 virtutem
1454 5774 1506 5822 et
1547 5767 1864 5840 sapientiam
1908 5766 2080 5839 factm,

2189 4692 2278 4733 res
2292 4684 2464 4743 esset,
2480 4683 2534 4731 et
2554 4690 2723 4731 unum
2737 4690 2933 4731 nomen
2948 4674 3192 4732 sufﬁcere
3218 4675 3463 4746 potuisse
3485 4680 3746 4735 asserunt,

2189 4770 2284 4825 sed
2309 4769 2375 4823 ad
2394 4767 2684 4838 imaginem
2710 4775 2946 4822 mentem
2988 4764 3187 4822 factam
3212 4764 3432 4832 volunt,
3461 4779 3587 4836 qua:
3621 4764 3747 4820 nulla

2188 4860 2505 4932 interposita
2526 4856 2828 4915 substantia
2846 4858 2914 4913 ab
2928 4857 3057 4928 .ipsa
3080 4857 3308 4912 veritate
3335 4855 3626 4922 formatur,
3643 4868 3748 4925 qua

2188 4954 2354 5009 etiam
2388 4953 2612 5025 spiritus
2638 4951 2839 5007 dicitur
2860 4990 2876 5016 ,
2905 4964 3012 5005 non
3042 4948 3133 5005 ille
3159 4948 3398 5019 Spiritus
3428 4956 3649 5005 auctus
3667 4945 3745 5017 qui

2187 5051 2272 5100 est
2298 5042 2541 5112 ejusdem
2581 5040 2901 5098 substantim
2927 5037 3082 5108 cujus
3121 5038 3282 5094 Pater
3319 5045 3375 5094 et
3414 5038 3624 5103 Filius,
3668 5035 3746 5092 sed

2186 5135 2409 5217 spiritus
2450 5133 2718 5200 hominis;
2752 5147 2879 5188 nam
2926 5133 3001 5188 ita
3030 5133 3128 5189 hos
3157 5131 3417 5188 discernit
3442 5130 3744 5204 Apostolus:

2186 5225 2355 5281 Nemo
2383 5222 2485 5281 scit
2509 5225 2639 5296 quid
2668 5233 2859 5296 agatur
2882 5225 2937 5279 in
2973 5224 3191 5279 homine
3205 5222 3309 5278 nisi
3332 5222 3561 5293 spiritus
3594 5219 3748 5278 homi-

2186 5318 2309 5371 nis:
2339 5324 2392 5371 et
2416 5332 2576 5372 nemo
2604 5317 2707 5371 scit
2734 5315 2862 5385 quid
2895 5323 3087 5385 agatur
3137 5315 3191 5369 in
3228 5315 3338 5370 Deo
3385 5315 3495 5373 nisi
3534 5314 3749 5386 Spiritus

2186 5407 2279 5463 Dei
2311 5407 2361 5479 (Ι
2391 5407 2513 5462 Cor.
2545 5408 2629 5480 ιι).
2664 5406 2800 5460 Item
2842 5406 2909 5461 de
2956 5406 3149 5476 spiritu
3172 5407 3404 5462 hominis
3436 5408 3607 5463 dicit:
3640 5406 3746 5460 Sal-

2186 5515 2312 5555 vum
2342 5498 2503 5555 faciat
2530 5498 2783 5570 spiritum
2806 5506 3068 5563 vestrum,
3098 5498 3332 5553 animam
3366 5506 3423 5552 et
3451 5513 3673 5568 corpus;
3698 5501 3749 5551 ct

2186 5591 2288 5648 iste
2316 5591 2461 5645 enim
2507 5588 2686 5645 factus
2715 5596 2799 5643 est
2823 5604 2854 5641 a
2880 5588 2990 5643 Deo
3026 5589 3165 5643 sicut
3194 5597 3247 5643 et
3269 5598 3470 5645 cetera
3493 5597 3745 5644 creatura.

2189 5682 2459 5751 Scriptum
2501 5690 2585 5735 est
2612 5682 2757 5736 enim
2805 5680 2863 5736 in
2905 5679 3212 5736 Proverbiis
3253 5681 3358 5737 hoc
3391 5682 3587 5737 modo:
3610 5678 3746 5735 Scito

2185 5772 2435 5842 quoniam
2488 5771 2744 5828 Dominus
2801 5772 2966 5863 corda
3020 5770 3297 5826 hominum
3353 5772 3523 5835 novit,
3571 5780 3624 5827 ct
3662 5764 3746 5839 qui
