  <div class='ocr_page' id='page_1' title='image "/cluster/home/n/w/nwhite01/storage/ocr_20150623/98/hvd.32044015466782/518.png"; bbox 0 0 3990 6302; ppageno 0'>
   <div class='ocr_carea' id='block_1_1' title="bbox 228 291 371 351">
    <p class='ocr_par' dir='ltr' id='par_1_1' title="bbox 228 291 371 351">
     <span class='ocr_line' id='line_1_1' title="bbox 228 291 371 351; baseline 0 -1"><span class='ocrx_word' id='word_1_1' title='bbox 228 291 371 351; x_wconf 74' lang='grc' dir='ltr'><strong>1οἑ5</strong></span> 
     </span>
    </p>
   </div>
   <div class='ocr_carea' id='block_1_2' title="bbox 1047 270 2691 352">
    <p class='ocr_par' dir='ltr' id='par_1_2' title="bbox 1047 270 2691 352">
     <span class='ocr_line' id='line_1_2' title="bbox 1047 270 2691 352; baseline 0 -4"><span class='ocrx_word' id='word_1_2' title='bbox 1047 291 1226 350; x_wconf 71' lang='lat' dir='ltr'><strong>ueni</strong></span> <span class='ocrx_word' id='word_1_3' title='bbox 1263 289 1606 352; x_wconf 68' lang='lat' dir='ltr'><strong>caecum.</strong></span> <span class='ocrx_word' id='word_1_4' title='bbox 1644 270 1714 334; x_wconf 78' lang='lat'><strong>-&quot;—</strong></span> <span class='ocrx_word' id='word_1_5' title='bbox 1750 289 1974 350; x_wconf 79' lang='lat' dir='ltr'><strong>CAPIT.</strong></span> <span class='ocrx_word' id='word_1_6' title='bbox 2015 291 2103 349; x_wconf 75' lang='lat' dir='ltr'><strong>ne</strong></span> <span class='ocrx_word' id='word_1_7' title='bbox 2139 291 2330 350; x_wconf 66' lang='lat' dir='ltr'><strong>mae.</strong></span> <span class='ocrx_word' id='word_1_8' title='bbox 2370 271 2440 334; x_wconf 76' lang='lat'><strong>&#39;—-</strong></span> <span class='ocrx_word' id='word_1_9' title='bbox 2474 293 2605 351; x_wconf 83' lang='lat' dir='ltr'><strong>LIB.</strong></span> <span class='ocrx_word' id='word_1_10' title='bbox 2641 277 2691 350; x_wconf 66' lang='grc' dir='ltr'>ιζ</span> 
     </span>
    </p>
   </div>
   <div class='ocr_carea' id='block_1_3' title="bbox 3345 295 3484 357">
    <p class='ocr_par' dir='ltr' id='par_1_3' title="bbox 3345 295 3484 357">
     <span class='ocr_line' id='line_1_3' title="bbox 3345 295 3484 357; baseline 0 0"><span class='ocrx_word' id='word_1_11' title='bbox 3345 295 3484 357; x_wconf 68' lang='grc'><strong>1026</strong></span> 
     </span>
    </p>
   </div>
   <div class='ocr_carea' id='block_1_4' title="bbox 223 407 3486 485">
    <p class='ocr_par' dir='ltr' id='par_1_4' title="bbox 223 407 3486 485">
     <span class='ocr_line' id='line_1_4' title="bbox 223 407 3486 485; baseline 0.001 -16"><span class='ocrx_word' id='word_1_12' title='bbox 223 411 386 469; x_wconf 71' lang='lat' dir='ltr'><strong>ﬂuxit</strong></span> <span class='ocrx_word' id='word_1_13' title='bbox 427 407 679 481; x_wconf 79' lang='lat' dir='ltr'><strong>spiritum</strong></span> <span class='ocrx_word' id='word_1_14' title='bbox 722 407 974 465; x_wconf 90' lang='lat' dir='ltr'><strong>omnibus</strong></span> <span class='ocrx_word' id='word_1_15' title='bbox 1007 408 1122 478; x_wconf 88' lang='lat' dir='ltr'><strong>ipse</strong></span> <span class='ocrx_word' id='word_1_16' title='bbox 1147 410 1249 466; x_wconf 85' lang='lat' dir='ltr'><strong>scit</strong></span> <span class='ocrx_word' id='word_1_17' title='bbox 1276 411 1477 465; x_wconf 90' lang='lat' dir='ltr'><strong>omnia.</strong></span> <span class='ocrx_word' id='word_1_18' title='bbox 1509 409 1651 479; x_wconf 89' lang='lat' dir='ltr'><strong>Ergo</strong></span> <span class='ocrx_word' id='word_1_19' title='bbox 1698 410 1800 465; x_wconf 90' lang='lat' dir='ltr'><strong>iste</strong></span> <span class='ocrx_word' id='word_1_20' title='bbox 1823 413 1878 475; x_wconf 71' lang='grc' dir='ltr'>Α</span> <span class='ocrx_word' id='word_1_21' title='bbox 1902 422 2174 478; x_wconf 86' lang='lat' dir='ltr'><strong>nunquam</strong></span> <span class='ocrx_word' id='word_1_22' title='bbox 2189 408 3486 485; x_wconf 74' lang='lat' dir='ltr'><strong>etimaginiet&#39;similitudinicopularipotest,quae</strong></span> 
     </span>
    </p>
   </div>
   <div class='ocr_carea' id='block_1_5' title="bbox 221 501 1804 578">
    <p class='ocr_par' dir='ltr' id='par_1_5' title="bbox 221 501 1804 578">
     <span class='ocr_line' id='line_1_5' title="bbox 221 501 1804 578; baseline -0.002 -17"><span class='ocrx_word' id='word_1_23' title='bbox 221 506 451 578; x_wconf 85' lang='lat' dir='ltr'><strong>spiritus</strong></span> <span class='ocrx_word' id='word_1_24' title='bbox 473 505 543 558; x_wconf 90' lang='lat' dir='ltr'><strong>ad</strong></span> <span class='ocrx_word' id='word_1_25' title='bbox 571 502 861 572; x_wconf 90' lang='lat' dir='ltr'><strong>imaginem</strong></span> <span class='ocrx_word' id='word_1_26' title='bbox 895 501 992 556; x_wconf 86' lang='lat' dir='ltr'><strong>Dei</strong></span> <span class='ocrx_word' id='word_1_27' title='bbox 1020 502 1167 558; x_wconf 92' lang='lat' dir='ltr'><strong>nullo</strong></span> <span class='ocrx_word' id='word_1_28' title='bbox 1189 502 1470 559; x_wconf 71' lang='lat' dir='ltr'><strong>dubitante</strong></span> <span class='ocrx_word' id='word_1_29' title='bbox 1512 502 1685 558; x_wconf 89' lang='lat' dir='ltr'><strong>factus</strong></span> <span class='ocrx_word' id='word_1_30' title='bbox 1715 519 1804 558; x_wconf 90' lang='lat' dir='ltr'><strong>ac-</strong></span> 
     </span>
    </p>
   </div>
   <div class='ocr_carea' id='block_1_6' title="bbox 219 593 1803 669">
    <p class='ocr_par' dir='ltr' id='par_1_6' title="bbox 219 593 1803 669">
     <span class='ocr_line' id='line_1_6' title="bbox 219 593 1803 669; baseline -0.004 -15"><span class='ocrx_word' id='word_1_31' title='bbox 219 597 441 669; x_wconf 90' lang='lat' dir='ltr'><strong>cipitur,</strong></span> <span class='ocrx_word' id='word_1_32' title='bbox 468 595 526 650; x_wconf 91' lang='lat' dir='ltr'><strong>in</strong></span> <span class='ocrx_word' id='word_1_33' title='bbox 544 609 651 665; x_wconf 92' lang='lat' dir='ltr'><strong>quo</strong></span> <span class='ocrx_word' id='word_1_34' title='bbox 665 602 749 650; x_wconf 92' lang='lat' dir='ltr'><strong>est</strong></span> <span class='ocrx_word' id='word_1_35' title='bbox 777 593 1124 664; x_wconf 78' lang='lat' dir='ltr'><strong>intelligentia</strong></span> <span class='ocrx_word' id='word_1_36' title='bbox 1151 594 1398 650; x_wconf 81' lang='lat' dir='ltr'><strong>veritatis</strong></span> <span class='ocrx_word' id='word_1_37' title='bbox 1428 612 1440 647; x_wconf 92' lang='lat'>:</span> <span class='ocrx_word' id='word_1_38' title='bbox 1468 594 1803 650; x_wconf 74' lang='lat' dir='ltr'><strong>lueret&#39;enim</strong></span> 
     </span>
    </p>
   </div>
   <div class='ocr_carea' id='block_1_7' title="bbox 220 684 1803 754">
    <p class='ocr_par' dir='ltr' id='par_1_7' title="bbox 220 684 1803 754">
     <span class='ocr_line' id='line_1_7' title="bbox 220 684 1803 754; baseline 0 -14"><span class='ocrx_word' id='word_1_39' title='bbox 220 686 440 743; x_wconf 88' lang='lat' dir='ltr'><strong>veritati</strong></span> <span class='ocrx_word' id='word_1_40' title='bbox 485 685 634 741; x_wconf 88' lang='lat' dir='ltr'><strong>nulla</strong></span> <span class='ocrx_word' id='word_1_41' title='bbox 685 684 1002 754; x_wconf 90' lang='lat' dir='ltr'><strong>interposita</strong></span> <span class='ocrx_word' id='word_1_42' title='bbox 1031 692 1300 750; x_wconf 87' lang='lat' dir='ltr'><strong>creatura,</strong></span> <span class='ocrx_word' id='word_1_43' title='bbox 1349 692 1543 740; x_wconf 56' lang='lat' dir='ltr'><strong>caetera</strong></span> <span class='ocrx_word' id='word_1_44' title='bbox 1568 684 1803 740; x_wconf 83' lang='lat' dir='ltr'><strong>hominis</strong></span> 
     </span>
    </p>
   </div>
   <div class='ocr_carea' id='block_1_8' title="bbox 217 773 1802 846">
    <p class='ocr_par' dir='ltr' id='par_1_8' title="bbox 217 773 1802 846">
     <span class='ocr_line' id='line_1_8' title="bbox 217 773 1802 846; baseline -0.001 -13"><span class='ocrx_word' id='word_1_45' title='bbox 217 778 285 833; x_wconf 90' lang='lat' dir='ltr'><strong>ad</strong></span> <span class='ocrx_word' id='word_1_46' title='bbox 336 775 747 834; x_wconf 84' lang='lat' dir='ltr'><strong>similitudinem</strong></span> <span class='ocrx_word' id='word_1_47' title='bbox 794 773 937 831; x_wconf 89' lang='lat' dir='ltr'><strong>facta</strong></span> <span class='ocrx_word' id='word_1_48' title='bbox 986 775 1159 832; x_wconf 87' lang='lat' dir='ltr'><strong>videri</strong></span> <span class='ocrx_word' id='word_1_49' title='bbox 1210 775 1414 842; x_wconf 89' lang='lat' dir='ltr'><strong>volunt,</strong></span> <span class='ocrx_word' id='word_1_50' title='bbox 1453 776 1579 846; x_wconf 89' lang='lat' dir='ltr'><strong>quia</strong></span> <span class='ocrx_word' id='word_1_51' title='bbox 1610 775 1802 832; x_wconf 66' lang='lat' dir='ltr'><strong>«omnis</strong></span> 
     </span>
    </p>
   </div>
   <div class='ocr_carea' id='block_1_9' title="bbox 216 863 1800 940">
    <p class='ocr_par' dir='ltr' id='par_1_9' title="bbox 216 863 1800 940">
     <span class='ocr_line' id='line_1_9' title="bbox 216 863 1800 940; baseline -0.004 -16"><span class='ocrx_word' id='word_1_52' title='bbox 216 869 440 940; x_wconf 89' lang='lat' dir='ltr'><strong>quidem</strong></span> <span class='ocrx_word' id='word_1_53' title='bbox 467 867 647 937; x_wconf 82' lang='lat' dir='ltr'><strong>imago</strong></span> <span class='ocrx_word' id='word_1_54' title='bbox 675 863 867 921; x_wconf 87' lang='lat' dir='ltr'><strong>similis</strong></span> <span class='ocrx_word' id='word_1_55' title='bbox 897 873 1000 931; x_wconf 85' lang='lat' dir='ltr'><strong>est,</strong></span> <span class='ocrx_word' id='word_1_56' title='bbox 1031 881 1139 921; x_wconf 91' lang='lat' dir='ltr'><strong>non</strong></span> <span class='ocrx_word' id='word_1_57' title='bbox 1163 872 1346 921; x_wconf 88' lang='lat' dir='ltr'><strong>autem</strong></span> <span class='ocrx_word' id='word_1_58' title='bbox 1373 880 1533 921; x_wconf 92' lang='lat' dir='ltr'><strong>omne</strong></span> <span class='ocrx_word' id='word_1_59' title='bbox 1558 867 1701 936; x_wconf 94' lang='lat' dir='ltr'><strong>quod</strong></span> <span class='ocrx_word' id='word_1_60' title='bbox 1726 864 1800 920; x_wconf 91' lang='lat' dir='ltr'><strong>si-</strong></span> 
     </span>
    </p>
   </div>
   <div class='ocr_carea' id='block_1_10' title="bbox 216 954 1802 1029">
    <p class='ocr_par' dir='ltr' id='par_1_10' title="bbox 216 954 1802 1029">
     <span class='ocr_line' id='line_1_10' title="bbox 216 954 1802 1029; baseline -0.001 -14"><span class='ocrx_word' id='word_1_61' title='bbox 216 959 343 1015; x_wconf 88' lang='lat' dir='ltr'><strong>mile</strong></span> <span class='ocrx_word' id='word_1_62' title='bbox 373 954 457 1014; x_wconf 86' lang='lat' dir='ltr'><strong>est</strong></span> <span class='ocrx_word' id='word_1_63' title='bbox 484 958 652 1012; x_wconf 89' lang='lat' dir='ltr'><strong>etiam</strong></span> <span class='ocrx_word' id='word_1_64' title='bbox 677 957 856 1028; x_wconf 84' lang='lat' dir='ltr'><strong>imago</strong></span> <span class='ocrx_word' id='word_1_65' title='bbox 885 957 1135 1029; x_wconf 85' lang='lat' dir='ltr'><strong>proprie,</strong></span> <span class='ocrx_word' id='word_1_66' title='bbox 1171 958 1267 1014; x_wconf 89' lang='lat' dir='ltr'><strong>sed</strong></span> <span class='ocrx_word' id='word_1_67' title='bbox 1286 956 1425 1014; x_wconf 85' lang='lat' dir='ltr'><strong>forte</strong></span> <span class='ocrx_word' id='word_1_68' title='bbox 1449 958 1670 1014; x_wconf 80' lang='lat' dir='ltr'><strong>abusive</strong></span> <span class='ocrx_word' id='word_1_69' title='bbox 1694 957 1802 1014; x_wconf 87' lang='lat' dir='ltr'><strong>dici</strong></span> 
     </span>
    </p>
   </div>
   <div class='ocr_carea' id='block_1_11' title="bbox 213 1047 1802 1121">
    <p class='ocr_par' dir='ltr' id='par_1_11' title="bbox 213 1047 1802 1121">
     <span class='ocr_line' id='line_1_11' title="bbox 213 1047 1802 1121; baseline -0.001 -17"><span class='ocrx_word' id='word_1_70' title='bbox 213 1058 414 1121; x_wconf 88' lang='lat' dir='ltr'><strong>potest.</strong></span> <span class='ocrx_word' id='word_1_71' title='bbox 448 1048 556 1104; x_wconf 86' lang='lat' dir='ltr'><strong>Sed</strong></span> <span class='ocrx_word' id='word_1_72' title='bbox 581 1048 880 1104; x_wconf 87' lang='lat' dir='ltr'><strong>cavendum</strong></span> <span class='ocrx_word' id='word_1_73' title='bbox 905 1047 962 1102; x_wconf 92' lang='lat' dir='ltr'><strong>in</strong></span> <span class='ocrx_word' id='word_1_74' title='bbox 989 1047 1186 1104; x_wconf 88' lang='lat' dir='ltr'><strong>talibus</strong></span> <span class='ocrx_word' id='word_1_75' title='bbox 1209 1064 1277 1105; x_wconf 91' lang='lat' dir='ltr'><strong>ne</strong></span> <span class='ocrx_word' id='word_1_76' title='bbox 1301 1049 1432 1118; x_wconf 89' lang='lat' dir='ltr'><strong>quid</strong></span> <span class='ocrx_word' id='word_1_77' title='bbox 1470 1049 1633 1104; x_wconf 91' lang='lat' dir='ltr'><strong>nimis</strong></span> <span class='ocrx_word' id='word_1_78' title='bbox 1655 1062 1802 1105; x_wconf 88' lang='lat' dir='ltr'><strong>asse-</strong></span> 
     </span>
    </p>
   </div>
   <div class='ocr_carea' id='block_1_12' title="bbox 213 1140 1794 1212">
    <p class='ocr_par' dir='ltr' id='par_1_12' title="bbox 213 1140 1794 1212">
     <span class='ocr_line' id='line_1_12' title="bbox 213 1140 1794 1212; baseline 0 -16"><span class='ocrx_word' id='word_1_79' title='bbox 213 1143 514 1198; x_wconf 89' lang='lat' dir='ltr'><strong>verandum</strong></span> <span class='ocrx_word' id='word_1_80' title='bbox 541 1149 761 1212; x_wconf 84' lang='lat' dir='ltr'><strong>putetur</strong></span> <span class='ocrx_word' id='word_1_81' title='bbox 789 1140 880 1197; x_wconf 92' lang='lat' dir='ltr'><strong>illa</strong></span> <span class='ocrx_word' id='word_1_82' title='bbox 909 1156 968 1196; x_wconf 93' lang='lat' dir='ltr'><strong>re</strong></span> <span class='ocrx_word' id='word_1_83' title='bbox 997 1156 1127 1197; x_wconf 88' lang='lat' dir='ltr'><strong>sane</strong></span> <span class='ocrx_word' id='word_1_84' title='bbox 1176 1141 1468 1197; x_wconf 85' lang='lat' dir='ltr'><strong>salubriter</strong></span> <span class='ocrx_word' id='word_1_85' title='bbox 1491 1143 1757 1198; x_wconf 87' lang='lat' dir='ltr'><strong>custodita</strong></span> <span class='ocrx_word' id='word_1_86' title='bbox 1778 1181 1794 1208; x_wconf 95' lang='lat'><strong>,</strong></span> 
     </span>
    </p>
   </div>
   <div class='ocr_carea' id='block_1_13' title="bbox 213 1232 1798 1306">
    <p class='ocr_par' dir='ltr' id='par_1_13' title="bbox 213 1232 1798 1306">
     <span class='ocr_line' id='line_1_13' title="bbox 213 1232 1798 1306; baseline -0.003 -15"><span class='ocrx_word' id='word_1_87' title='bbox 213 1251 282 1291; x_wconf 89' lang='lat' dir='ltr'><strong>ne</strong></span> <span class='ocrx_word' id='word_1_88' title='bbox 305 1234 564 1306; x_wconf 89' lang='lat' dir='ltr'><strong>quoniam</strong></span> <span class='ocrx_word' id='word_1_89' title='bbox 587 1248 784 1304; x_wconf 91' lang='lat' dir='ltr'><strong>corpus</strong></span> <span class='ocrx_word' id='word_1_90' title='bbox 813 1232 1087 1304; x_wconf 87' lang='lat' dir='ltr'><strong>quodlibet</strong></span> <span class='ocrx_word' id='word_1_91' title='bbox 1113 1248 1210 1303; x_wconf 91' lang='lat' dir='ltr'><strong>per</strong></span> <span class='ocrx_word' id='word_1_92' title='bbox 1250 1233 1440 1290; x_wconf 89' lang='lat' dir='ltr'><strong>localia</strong></span> <span class='ocrx_word' id='word_1_93' title='bbox 1469 1234 1640 1304; x_wconf 89' lang='lat' dir='ltr'><strong>spatia</strong></span> <span class='ocrx_word' id='word_1_94' title='bbox 1667 1248 1798 1304; x_wconf 84' lang='lat' dir='ltr'><strong>por-</strong></span> 
     </span>
    </p>
   </div>
   <div class='ocr_carea' id='block_1_14' title="bbox 211 1323 1800 1394">
    <p class='ocr_par' dir='ltr' id='par_1_14' title="bbox 211 1323 1800 1394">
     <span class='ocr_line' id='line_1_14' title="bbox 211 1323 1800 1394; baseline -0.002 -12"><span class='ocrx_word' id='word_1_95' title='bbox 211 1335 428 1383; x_wconf 79' lang='lat' dir='ltr'><strong>rectum</strong></span> <span class='ocrx_word' id='word_1_96' title='bbox 476 1333 579 1390; x_wconf 88' lang='lat' dir='ltr'><strong>est,</strong></span> <span class='ocrx_word' id='word_1_97' title='bbox 630 1323 834 1394; x_wconf 91' lang='lat' dir='ltr'><strong>aliquid</strong></span> <span class='ocrx_word' id='word_1_98' title='bbox 876 1324 984 1380; x_wconf 91' lang='lat' dir='ltr'><strong>tale</strong></span> <span class='ocrx_word' id='word_1_99' title='bbox 1031 1323 1283 1380; x_wconf 86' lang='lat' dir='ltr'><strong>credatur</strong></span> <span class='ocrx_word' id='word_1_100' title='bbox 1317 1338 1437 1380; x_wconf 89' lang='lat' dir='ltr'><strong>esse</strong></span> <span class='ocrx_word' id='word_1_101' title='bbox 1495 1324 1800 1379; x_wconf 89' lang='lat' dir='ltr'><strong>substantia</strong></span> 
     </span>
    </p>
   </div>
   <div class='ocr_carea' id='block_1_15' title="bbox 211 1415 1795 1488">
    <p class='ocr_par' dir='ltr' id='par_1_15' title="bbox 211 1415 1795 1488">
     <span class='ocr_line' id='line_1_15' title="bbox 211 1415 1795 1488; baseline -0.003 -12"><span class='ocrx_word' id='word_1_102' title='bbox 211 1419 331 1476; x_wconf 84' lang='lat' dir='ltr'><strong>Dei.</strong></span> <span class='ocrx_word' id='word_1_103' title='bbox 367 1418 504 1474; x_wconf 82' lang='lat' dir='ltr'><strong>Nam</strong></span> <span class='ocrx_word' id='word_1_104' title='bbox 532 1431 622 1473; x_wconf 88' lang='lat' dir='ltr'><strong>res</strong></span> <span class='ocrx_word' id='word_1_105' title='bbox 652 1432 773 1488; x_wconf 70' lang='lat' dir='ltr'><strong>qua:</strong></span> <span class='ocrx_word' id='word_1_106' title='bbox 801 1416 856 1472; x_wconf 90' lang='lat' dir='ltr'><strong>in</strong></span> <span class='ocrx_word' id='word_1_107' title='bbox 883 1423 1038 1486; x_wconf 88' lang='lat' dir='ltr'><strong>parte</strong></span> <span class='ocrx_word' id='word_1_108' title='bbox 1066 1415 1244 1471; x_wconf 91' lang='lat' dir='ltr'><strong>minor</strong></span> <span class='ocrx_word' id='word_1_109' title='bbox 1270 1424 1354 1471; x_wconf 88' lang='lat' dir='ltr'><strong>est</strong></span> <span class='ocrx_word' id='word_1_110' title='bbox 1382 1431 1545 1486; x_wconf 89' lang='lat' dir='ltr'><strong>quam</strong></span> <span class='ocrx_word' id='word_1_111' title='bbox 1578 1416 1634 1470; x_wconf 92' lang='lat' dir='ltr'><strong>in</strong></span> <span class='ocrx_word' id='word_1_112' title='bbox 1662 1423 1795 1479; x_wconf 90' lang='lat' dir='ltr'><strong>toto,</strong></span> 
     </span>
    </p>
   </div>
   <div class='ocr_carea' id='block_1_16' title="bbox 212 1507 1797 1582">
    <p class='ocr_par' dir='ltr' id='par_1_16' title="bbox 212 1507 1797 1582">
     <span class='ocr_line' id='line_1_16' title="bbox 212 1507 1797 1582; baseline -0.004 -14"><span class='ocrx_word' id='word_1_113' title='bbox 212 1527 314 1567; x_wconf 89' lang='lat' dir='ltr'><strong>nec</strong></span> <span class='ocrx_word' id='word_1_114' title='bbox 362 1509 610 1582; x_wconf 79' lang='lat' dir='ltr'><strong>dignitati</strong></span> <span class='ocrx_word' id='word_1_115' title='bbox 656 1509 852 1564; x_wconf 84' lang='lat' dir='ltr'><strong>animae</strong></span> <span class='ocrx_word' id='word_1_116' title='bbox 896 1507 1168 1572; x_wconf 90' lang='lat' dir='ltr'><strong>convenit,</strong></span> <span class='ocrx_word' id='word_1_117' title='bbox 1211 1515 1415 1578; x_wconf 89' lang='lat' dir='ltr'><strong>quanto</strong></span> <span class='ocrx_word' id='word_1_118' title='bbox 1455 1507 1636 1563; x_wconf 90' lang='lat' dir='ltr'><strong>minus</strong></span> <span class='ocrx_word' id='word_1_119' title='bbox 1685 1521 1797 1561; x_wconf 91' lang='lat' dir='ltr'><strong>ma-</strong></span> 
     </span>
    </p>
   </div>
   <div class='ocr_carea' id='block_1_17' title="bbox 207 1600 1799 1674">
    <p class='ocr_par' dir='ltr' id='par_1_17' title="bbox 207 1600 1799 1674">
     <span class='ocr_line' id='line_1_17' title="bbox 207 1600 1799 1674; baseline -0.003 -16"><span class='ocrx_word' id='word_1_120' title='bbox 207 1601 393 1674; x_wconf 76' lang='lat' dir='ltr'><strong>iestati</strong></span> <span class='ocrx_word' id='word_1_121' title='bbox 421 1602 559 1658; x_wconf 88' lang='lat' dir='ltr'><strong>Dei?</strong></span> <span class='ocrx_word' id='word_1_122' title='bbox 594 1622 612 1656; x_wconf 74' lang='grc' dir='ltr'><strong>ι</strong></span> <span class='ocrx_word' id='word_1_123' title='bbox 651 1602 793 1658; x_wconf 87' lang='lat' dir='ltr'><strong>Ecce</strong></span> <span class='ocrx_word' id='word_1_124' title='bbox 821 1616 985 1672; x_wconf 91' lang='lat' dir='ltr'><strong>quam</strong></span> <span class='ocrx_word' id='word_1_125' title='bbox 1025 1601 1296 1659; x_wconf 88' lang='lat' dir='ltr'><strong>subtiliter</strong></span> <span class='ocrx_word' id='word_1_126' title='bbox 1339 1600 1799 1674; x_wconf 18' lang='lat' dir='ltr'><strong>quamque‘salu-</strong></span> 
     </span>
    </p>
   </div>
   <div class='ocr_carea' id='block_1_18' title="bbox 209 1671 1796 1766">
    <p class='ocr_par' dir='ltr' id='par_1_18' title="bbox 209 1671 1796 1766">
     <span class='ocr_line' id='line_1_18' title="bbox 209 1671 1796 1766; baseline 0 -18"><span class='ocrx_word' id='word_1_127' title='bbox 209 1693 386 1750; x_wconf 89' lang='lat' dir='ltr'><strong>hriter</strong></span> <span class='ocrx_word' id='word_1_128' title='bbox 413 1693 585 1750; x_wconf 86' lang='lat' dir='ltr'><strong>sancti</strong></span> <span class='ocrx_word' id='word_1_129' title='bbox 618 1693 720 1748; x_wconf 89' lang='lat' dir='ltr'><strong>viri</strong></span> <span class='ocrx_word' id='word_1_130' title='bbox 748 1694 1020 1749; x_wconf 91' lang='lat' dir='ltr'><strong>hominem</strong></span> <span class='ocrx_word' id='word_1_131' title='bbox 1063 1695 1130 1750; x_wconf 94' lang='lat' dir='ltr'><strong>ad</strong></span> <span class='ocrx_word' id='word_1_132' title='bbox 1157 1695 1445 1766; x_wconf 87' lang='lat' dir='ltr'><strong>imaginem</strong></span> <span class='ocrx_word' id='word_1_133' title='bbox 1472 1702 1526 1750; x_wconf 94' lang='lat' dir='ltr'><strong>et</strong></span> <span class='ocrx_word' id='word_1_134' title='bbox 1551 1671 1796 1750; x_wconf 78' lang='lat' dir='ltr'><strong>similitu-</strong></span> 
     </span>
    </p>
   </div>
   <div class='ocr_carea' id='block_1_19' title="bbox 1910 502 3485 576">
    <p class='ocr_par' dir='ltr' id='par_1_19' title="bbox 1910 502 3485 576">
     <span class='ocr_line' id='line_1_19' title="bbox 1910 502 3485 576; baseline 0.006 -21"><span class='ocrx_word' id='word_1_135' title='bbox 1910 503 2012 556; x_wconf 91' lang='lat' dir='ltr'><strong>tria</strong></span> <span class='ocrx_word' id='word_1_136' title='bbox 2034 518 2341 572; x_wconf 86' lang='lat' dir='ltr'><strong>quanquam</strong></span> <span class='ocrx_word' id='word_1_137' title='bbox 2369 502 2528 557; x_wconf 91' lang='lat' dir='ltr'><strong>unius</strong></span> <span class='ocrx_word' id='word_1_138' title='bbox 2552 503 2660 558; x_wconf 91' lang='lat' dir='ltr'><strong>sint</strong></span> <span class='ocrx_word' id='word_1_139' title='bbox 2683 505 2969 575; x_wconf 68' lang='lat' dir='ltr'><strong>categoria:</strong></span> <span class='ocrx_word' id='word_1_140' title='bbox 2992 522 3112 576; x_wconf 70' lang='lat' dir='ltr'><strong>qua:</strong></span> <span class='ocrx_word' id='word_1_141' title='bbox 3137 507 3328 563; x_wconf 87' lang='lat' dir='ltr'><strong>relan</strong></span> <span class='ocrx_word' id='word_1_142' title='bbox 3354 509 3485 564; x_wconf 89' lang='lat' dir='ltr'><strong>dici-</strong></span> 
     </span>
    </p>
   </div>
   <div class='ocr_carea' id='block_1_20' title="bbox 1903 594 3485 668">
    <p class='ocr_par' dir='ltr' id='par_1_20' title="bbox 1903 594 3485 668">
     <span class='ocr_line' id='line_1_20' title="bbox 1903 594 3485 668; baseline 0.005 -20"><span class='ocrx_word' id='word_1_143' title='bbox 1903 601 2010 657; x_wconf 89' lang='lat' dir='ltr'><strong>tur,</strong></span> <span class='ocrx_word' id='word_1_144' title='bbox 2018 594 2219 648; x_wconf 89' lang='lat' dir='ltr'><strong>habent</strong></span> <span class='ocrx_word' id='word_1_145' title='bbox 2232 601 2410 648; x_wconf 89' lang='lat' dir='ltr'><strong>tamen</strong></span> <span class='ocrx_word' id='word_1_146' title='bbox 2423 595 2563 650; x_wconf 90' lang='lat' dir='ltr'><strong>inter</strong></span> <span class='ocrx_word' id='word_1_147' title='bbox 2574 611 2634 651; x_wconf 89' lang='lat' dir='ltr'><strong>se</strong></span> <span class='ocrx_word' id='word_1_148' title='bbox 2645 596 2904 665; x_wconf 90' lang='lat' dir='ltr'><strong>quasdam</strong></span> <span class='ocrx_word' id='word_1_149' title='bbox 2917 598 3276 668; x_wconf 82' lang='lat' dir='ltr'><strong>proprietates</strong></span> <span class='ocrx_word' id='word_1_150' title='bbox 3288 599 3485 668; x_wconf 83' lang='lat' dir='ltr'><strong>quibus</strong></span> 
     </span>
    </p>
   </div>
   <div class='ocr_carea' id='block_1_21' title="bbox 1905 684 3480 764">
    <p class='ocr_par' dir='ltr' id='par_1_21' title="bbox 1905 684 3480 764">
     <span class='ocr_line' id='line_1_21' title="bbox 1905 684 3480 764; baseline 0.005 -24"><span class='ocrx_word' id='word_1_151' title='bbox 1905 684 2023 741; x_wconf 76' lang='lat' dir='ltr'><strong>alia:</strong></span> <span class='ocrx_word' id='word_1_152' title='bbox 2065 693 2269 742; x_wconf 91' lang='lat' dir='ltr'><strong>carent.</strong></span> <span class='ocrx_word' id='word_1_153' title='bbox 2307 686 2442 742; x_wconf 90' lang='lat' dir='ltr'><strong>Nam</strong></span> <span class='ocrx_word' id='word_1_154' title='bbox 2478 688 2697 760; x_wconf 82' lang='lat' dir='ltr'><strong>imagini</strong></span> <span class='ocrx_word' id='word_1_155' title='bbox 2733 690 3013 760; x_wconf 90' lang='lat' dir='ltr'><strong>proprium</strong></span> <span class='ocrx_word' id='word_1_156' title='bbox 3061 700 3145 747; x_wconf 90' lang='lat' dir='ltr'><strong>est</strong></span> <span class='ocrx_word' id='word_1_157' title='bbox 3175 700 3236 747; x_wconf 92' lang='lat' dir='ltr'><strong>ut</strong></span> <span class='ocrx_word' id='word_1_158' title='bbox 3265 705 3480 764; x_wconf 88' lang='lat' dir='ltr'><strong>semper</strong></span> 
     </span>
    </p>
   </div>
   <div class='ocr_carea' id='block_1_22' title="bbox 1904 776 3482 852">
    <p class='ocr_par' dir='ltr' id='par_1_22' title="bbox 1904 776 3482 852">
     <span class='ocr_line' id='line_1_22' title="bbox 1904 776 3482 852; baseline 0.005 -23"><span class='ocrx_word' id='word_1_159' title='bbox 1904 777 1973 831; x_wconf 87' lang='lat' dir='ltr'><strong>ab</strong></span> <span class='ocrx_word' id='word_1_160' title='bbox 2002 776 2172 832; x_wconf 89' lang='lat' dir='ltr'><strong>altero</strong></span> <span class='ocrx_word' id='word_1_161' title='bbox 2200 792 2454 848; x_wconf 83' lang='lat' dir='ltr'><strong>expressa</strong></span> <span class='ocrx_word' id='word_1_162' title='bbox 2496 779 2598 844; x_wconf 88' lang='lat' dir='ltr'><strong>sit,</strong></span> <span class='ocrx_word' id='word_1_163' title='bbox 2645 778 2987 835; x_wconf 89' lang='lat' dir='ltr'><strong>similitudini</strong></span> <span class='ocrx_word' id='word_1_164' title='bbox 3022 796 3150 837; x_wconf 90' lang='lat' dir='ltr'><strong>vero</strong></span> <span class='ocrx_word' id='word_1_165' title='bbox 3179 789 3234 837; x_wconf 92' lang='lat' dir='ltr'><strong>et</strong></span> <span class='ocrx_word' id='word_1_166' title='bbox 3260 782 3482 852; x_wconf 81' lang='lat' dir='ltr'><strong>aequali-</strong></span> 
     </span>
    </p>
   </div>
   <div class='ocr_carea' id='block_1_23' title="bbox 1904 866 3484 942">
    <p class='ocr_par' dir='ltr' id='par_1_23' title="bbox 1904 866 3484 942">
     <span class='ocr_line' id='line_1_23' title="bbox 1904 866 3484 942; baseline 0.004 -22"><span class='ocrx_word' id='word_1_167' title='bbox 1904 866 2002 921; x_wconf 88' lang='lat' dir='ltr'><strong>tati</strong></span> <span class='ocrx_word' id='word_1_168' title='bbox 2029 868 2307 938; x_wconf 89' lang='lat' dir='ltr'><strong>proprium</strong></span> <span class='ocrx_word' id='word_1_169' title='bbox 2342 876 2426 924; x_wconf 91' lang='lat' dir='ltr'><strong>est</strong></span> <span class='ocrx_word' id='word_1_170' title='bbox 2453 875 2514 923; x_wconf 90' lang='lat' dir='ltr'><strong>ut</strong></span> <span class='ocrx_word' id='word_1_171' title='bbox 2540 868 2722 924; x_wconf 87' lang='lat' dir='ltr'><strong>in&#39;sua</strong></span> <span class='ocrx_word' id='word_1_172' title='bbox 2754 870 3051 926; x_wconf 88' lang='lat' dir='ltr'><strong>substantia</strong></span> <span class='ocrx_word' id='word_1_173' title='bbox 3083 881 3484 942; x_wconf 90' lang='lat' dir='ltr'><strong>permanentes,</strong></span> 
     </span>
    </p>
   </div>
   <div class='ocr_carea' id='block_1_24' title="bbox 1902 958 3482 1029">
    <p class='ocr_par' dir='ltr' id='par_1_24' title="bbox 1902 958 3482 1029">
     <span class='ocr_line' id='line_1_24' title="bbox 1902 958 3482 1029; baseline 0.006 -18"><span class='ocrx_word' id='word_1_174' title='bbox 1902 971 2012 1012; x_wconf 88' lang='lat' dir='ltr'><strong>non</strong></span> <span class='ocrx_word' id='word_1_175' title='bbox 2049 958 2118 1012; x_wconf 90' lang='lat' dir='ltr'><strong>ab</strong></span> <span class='ocrx_word' id='word_1_176' title='bbox 2149 958 2316 1014; x_wconf 86' lang='lat' dir='ltr'><strong>altero</strong></span> <span class='ocrx_word' id='word_1_177' title='bbox 2343 974 2642 1029; x_wconf 62' lang='lat' dir='ltr'><strong>expressae,</strong></span> <span class='ocrx_word' id='word_1_178' title='bbox 2676 962 2771 1015; x_wconf 92' lang='lat' dir='ltr'><strong>sed</strong></span> <span class='ocrx_word' id='word_1_179' title='bbox 2815 961 2938 1016; x_wconf 90' lang='lat' dir='ltr'><strong>aliis</strong></span> <span class='ocrx_word' id='word_1_180' title='bbox 2963 962 3128 1018; x_wconf 90' lang='lat' dir='ltr'><strong>rebus</strong></span> <span class='ocrx_word' id='word_1_181' title='bbox 3169 963 3482 1020; x_wconf 69' lang='lat' dir='ltr'><strong>assimilatze</strong></span> 
     </span>
    </p>
   </div>
   <div class='ocr_carea' id='block_1_25' title="bbox 1901 1048 3486 1126">
    <p class='ocr_par' dir='ltr' id='par_1_25' title="bbox 1901 1048 3486 1126">
     <span class='ocr_line' id='line_1_25' title="bbox 1901 1048 3486 1126; baseline 0.006 -25"><span class='ocrx_word' id='word_1_182' title='bbox 1901 1048 1987 1103; x_wconf 91' lang='lat' dir='ltr'><strong>vel</strong></span> <span class='ocrx_word' id='word_1_183' title='bbox 2017 1058 2305 1118; x_wconf 65' lang='lat' dir='ltr'><strong>coaequatre</strong></span> <span class='ocrx_word' id='word_1_184' title='bbox 2330 1050 2432 1106; x_wconf 92' lang='lat' dir='ltr'><strong>hoc</strong></span> <span class='ocrx_word' id='word_1_185' title='bbox 2462 1051 2680 1107; x_wconf 91' lang='lat' dir='ltr'><strong>nomine</strong></span> <span class='ocrx_word' id='word_1_186' title='bbox 2705 1061 3028 1108; x_wconf 90' lang='lat' dir='ltr'><strong>censeantur</strong></span> <span class='ocrx_word' id='word_1_187' title='bbox 3047 1095 3062 1120; x_wconf 91' lang='lat'><strong>,</strong></span> <span class='ocrx_word' id='word_1_188' title='bbox 3088 1062 3142 1110; x_wconf 90' lang='lat' dir='ltr'><strong>et</strong></span> <span class='ocrx_word' id='word_1_189' title='bbox 3171 1053 3347 1126; x_wconf 81' lang='lat' dir='ltr'><strong>imago</strong></span> <span class='ocrx_word' id='word_1_190' title='bbox 3369 1071 3486 1112; x_wconf 89' lang='lat' dir='ltr'><strong>ma-</strong></span> 
     </span>
    </p>
   </div>
   <div class='ocr_carea' id='block_1_26' title="bbox 1903 1139 3489 1211">
    <p class='ocr_par' dir='ltr' id='par_1_26' title="bbox 1903 1139 3489 1211">
     <span class='ocr_line' id='line_1_26' title="bbox 1903 1139 3489 1211; baseline 0.006 -17"><span class='ocrx_word' id='word_1_191' title='bbox 1903 1139 1986 1210; x_wconf 89' lang='lat' dir='ltr'><strong>gis</strong></span> <span class='ocrx_word' id='word_1_192' title='bbox 2020 1139 2104 1195; x_wconf 86' lang='lat' dir='ltr'><strong>vel</strong></span> <span class='ocrx_word' id='word_1_193' title='bbox 2141 1141 2319 1198; x_wconf 92' lang='lat' dir='ltr'><strong>minus</strong></span> <span class='ocrx_word' id='word_1_194' title='bbox 2351 1157 2461 1198; x_wconf 92' lang='lat' dir='ltr'><strong>non</strong></span> <span class='ocrx_word' id='word_1_195' title='bbox 2500 1143 2602 1198; x_wconf 87' lang='lat' dir='ltr'><strong>sibi</strong></span> <span class='ocrx_word' id='word_1_196' title='bbox 2631 1143 2910 1211; x_wconf 90' lang='lat' dir='ltr'><strong>admittat,</strong></span> <span class='ocrx_word' id='word_1_197' title='bbox 2946 1146 3241 1203; x_wconf 87' lang='lat' dir='ltr'><strong>similitudo</strong></span> <span class='ocrx_word' id='word_1_198' title='bbox 3277 1163 3406 1203; x_wconf 90' lang='lat' dir='ltr'><strong>vero</strong></span> <span class='ocrx_word' id='word_1_199' title='bbox 3432 1157 3489 1204; x_wconf 88' lang='lat' dir='ltr'><strong>et</strong></span> 
     </span>
    </p>
   </div>
   <div class='ocr_carea' id='block_1_27' title="bbox 1901 1231 3489 1310">
    <p class='ocr_par' dir='ltr' id='par_1_27' title="bbox 1901 1231 3489 1310">
     <span class='ocr_line' id='line_1_27' title="bbox 1901 1231 3489 1310; baseline 0.005 -24"><span class='ocrx_word' id='word_1_200' title='bbox 1901 1231 2182 1301; x_wconf 63' lang='lat' dir='ltr'><strong>aequalitas</strong></span> <span class='ocrx_word' id='word_1_201' title='bbox 2213 1233 2520 1287; x_wconf 86' lang='lat' dir='ltr'><strong>admittant.</strong></span> <span class='ocrx_word' id='word_1_202' title='bbox 2555 1233 2708 1289; x_wconf 90' lang='lat' dir='ltr'><strong>Sicut</strong></span> <span class='ocrx_word' id='word_1_203' title='bbox 2733 1236 2877 1290; x_wconf 89' lang='lat' dir='ltr'><strong>enim</strong></span> <span class='ocrx_word' id='word_1_204' title='bbox 2904 1236 3102 1293; x_wconf 90' lang='lat' dir='ltr'><strong>dicitur</strong></span> <span class='ocrx_word' id='word_1_205' title='bbox 3125 1239 3299 1310; x_wconf 89' lang='lat' dir='ltr'><strong>magis</strong></span> <span class='ocrx_word' id='word_1_206' title='bbox 3337 1239 3489 1295; x_wconf 86' lang='lat' dir='ltr'><strong>simi-</strong></span> 
     </span>
    </p>
   </div>
   <div class='ocr_carea' id='block_1_28' title="bbox 1900 1321 3486 1401">
    <p class='ocr_par' dir='ltr' id='par_1_28' title="bbox 1900 1321 3486 1401">
     <span class='ocr_line' id='line_1_28' title="bbox 1900 1321 3486 1401; baseline 0.006 -24"><span class='ocrx_word' id='word_1_207' title='bbox 1900 1321 1968 1378; x_wconf 88' lang='lat' dir='ltr'><strong>lis</strong></span> <span class='ocrx_word' id='word_1_208' title='bbox 1996 1323 2080 1378; x_wconf 90' lang='lat' dir='ltr'><strong>vel</strong></span> <span class='ocrx_word' id='word_1_209' title='bbox 2112 1325 2291 1380; x_wconf 88' lang='lat' dir='ltr'><strong>minus</strong></span> <span class='ocrx_word' id='word_1_210' title='bbox 2315 1325 2531 1392; x_wconf 89' lang='lat' dir='ltr'><strong>similis,</strong></span> <span class='ocrx_word' id='word_1_211' title='bbox 2556 1327 2727 1398; x_wconf 91' lang='lat' dir='ltr'><strong>magis</strong></span> <span class='ocrx_word' id='word_1_212' title='bbox 2747 1328 2970 1398; x_wconf 59' lang='lat' dir='ltr'><strong>aqualis</strong></span> <span class='ocrx_word' id='word_1_213' title='bbox 2992 1330 3077 1385; x_wconf 87' lang='lat' dir='ltr'><strong>vel</strong></span> <span class='ocrx_word' id='word_1_214' title='bbox 3102 1331 3280 1388; x_wconf 91' lang='lat' dir='ltr'><strong>minus</strong></span> <span class='ocrx_word' id='word_1_215' title='bbox 3305 1347 3486 1401; x_wconf 80' lang='lat' dir='ltr'><strong>aequa-</strong></span> 
     </span>
    </p>
   </div>
   <div class='ocr_carea' id='block_1_29' title="bbox 1900 1413 3486 1493">
    <p class='ocr_par' dir='ltr' id='par_1_29' title="bbox 1900 1413 3486 1493">
     <span class='ocr_line' id='line_1_29' title="bbox 1900 1413 3486 1493; baseline 0.007 -26"><span class='ocrx_word' id='word_1_216' title='bbox 1900 1413 2000 1480; x_wconf 90' lang='lat' dir='ltr'><strong>lis,</strong></span> <span class='ocrx_word' id='word_1_217' title='bbox 2057 1430 2166 1472; x_wconf 92' lang='lat' dir='ltr'><strong>non</strong></span> <span class='ocrx_word' id='word_1_218' title='bbox 2212 1416 2291 1471; x_wconf 90' lang='lat' dir='ltr'><strong>sic</strong></span> <span class='ocrx_word' id='word_1_219' title='bbox 2349 1416 2453 1472; x_wconf 92' lang='lat' dir='ltr'><strong>dici</strong></span> <span class='ocrx_word' id='word_1_220' title='bbox 2502 1419 2897 1490; x_wconf 82' lang='lat' dir='ltr'><strong>potest‘magis</strong></span> <span class='ocrx_word' id='word_1_221' title='bbox 2941 1420 3121 1493; x_wconf 89' lang='lat' dir='ltr'><strong>imago</strong></span> <span class='ocrx_word' id='word_1_222' title='bbox 3171 1422 3258 1478; x_wconf 86' lang='lat' dir='ltr'><strong>vel</strong></span> <span class='ocrx_word' id='word_1_223' title='bbox 3305 1423 3486 1478; x_wconf 88' lang='lat' dir='ltr'><strong>minus</strong></span> 
     </span>
    </p>
   </div>
   <div class='ocr_carea' id='block_1_30' title="bbox 1898 1503 3482 1582">
    <p class='ocr_par' dir='ltr' id='par_1_30' title="bbox 1898 1503 3482 1582">
     <span class='ocr_line' id='line_1_30' title="bbox 1898 1503 3482 1582; baseline 0.006 -22"><span class='ocrx_word' id='word_1_224' title='bbox 1898 1505 2097 1576; x_wconf 85' lang='lat' dir='ltr'><strong>imago.</strong></span> <span class='ocrx_word' id='word_1_225' title='bbox 2146 1503 2281 1560; x_wconf 85' lang='lat' dir='ltr'><strong>Nam</strong></span> <span class='ocrx_word' id='word_1_226' title='bbox 2309 1513 2365 1561; x_wconf 90' lang='lat' dir='ltr'><strong>et</strong></span> <span class='ocrx_word' id='word_1_227' title='bbox 2407 1506 2461 1560; x_wconf 94' lang='lat' dir='ltr'><strong>in</strong></span> <span class='ocrx_word' id='word_1_228' title='bbox 2498 1509 2850 1565; x_wconf 85' lang='lat' dir='ltr'><strong>conversione</strong></span> <span class='ocrx_word' id='word_1_229' title='bbox 2895 1524 3084 1567; x_wconf 88' lang='lat' dir='ltr'><strong>earum</strong></span> <span class='ocrx_word' id='word_1_230' title='bbox 3125 1527 3246 1582; x_wconf 75' lang='lat' dir='ltr'><strong>quae</strong></span> <span class='ocrx_word' id='word_1_231' title='bbox 3295 1511 3482 1570; x_wconf 63' lang='lat' dir='ltr'><strong>Graece</strong></span> 
     </span>
    </p>
   </div>
   <div class='ocr_carea' id='block_1_31' title="bbox 1899 1595 3482 1675">
    <p class='ocr_par' dir='ltr' id='par_1_31' title="bbox 1899 1595 3482 1675">
     <span class='ocr_line' id='line_1_31' title="bbox 1899 1595 3482 1675; baseline 0.006 -25"><span class='ocrx_word' id='word_1_232' title='bbox 1899 1595 2236 1665; x_wconf 88' lang='lat' dir='ltr'><strong>antistrophe</strong></span> <span class='ocrx_word' id='word_1_233' title='bbox 2282 1596 2510 1663; x_wconf 91' lang='lat' dir='ltr'><strong>dicitur,</strong></span> <span class='ocrx_word' id='word_1_234' title='bbox 2561 1599 2776 1654; x_wconf 89' lang='lat' dir='ltr'><strong>subtilis</strong></span> <span class='ocrx_word' id='word_1_235' title='bbox 2807 1602 3076 1670; x_wconf 61' lang='lat' dir='ltr'><strong>quaedam</strong></span> <span class='ocrx_word' id='word_1_236' title='bbox 3126 1605 3482 1675; x_wconf 84' lang='lat' dir='ltr'><strong>repugnantia</strong></span> 
     </span>
    </p>
   </div>
   <div class='ocr_carea' id='block_1_32' title="bbox 1857 1689 3480 1763">
    <p class='ocr_par' dir='ltr' id='par_1_32' title="bbox 1857 1689 3480 1763">
     <span class='ocr_line' id='line_1_32' title="bbox 1857 1689 3480 1763; baseline 0.007 -21"><span class='ocrx_word' id='word_1_237' title='bbox 1857 1749 1864 1763; x_wconf 32' lang='grc' dir='ltr'>δ</span> <span class='ocrx_word' id='word_1_238' title='bbox 1898 1696 1982 1743; x_wconf 92' lang='lat' dir='ltr'><strong>est</strong></span> <span class='ocrx_word' id='word_1_239' title='bbox 2014 1705 2026 1742; x_wconf 93' lang='lat'><strong>:</strong></span> <span class='ocrx_word' id='word_1_240' title='bbox 2057 1703 2176 1758; x_wconf 74' lang='lat' dir='ltr'><strong>qua:</strong></span> <span class='ocrx_word' id='word_1_241' title='bbox 2207 1689 2387 1744; x_wconf 90' lang='lat' dir='ltr'><strong>omnia</strong></span> <span class='ocrx_word' id='word_1_242' title='bbox 2418 1691 2670 1761; x_wconf 87' lang='lat' dir='ltr'><strong>persequi</strong></span> <span class='ocrx_word' id='word_1_243' title='bbox 2699 1692 2919 1763; x_wconf 89' lang='lat' dir='ltr'><strong>longum</strong></span> <span class='ocrx_word' id='word_1_244' title='bbox 2967 1705 3068 1762; x_wconf 91' lang='lat' dir='ltr'><strong>est,</strong></span> <span class='ocrx_word' id='word_1_245' title='bbox 3107 1706 3480 1753; x_wconf 86' lang='lat' dir='ltr'><strong>verumtamen</strong></span> 
     </span>
    </p>
   </div>
   <div class='ocr_carea' id='block_1_33' title="bbox 210 1782 3482 1860">
    <p class='ocr_par' dir='ltr' id='par_1_33' title="bbox 210 1782 3482 1860">
     <span class='ocr_line' id='line_1_33' title="bbox 210 1782 3482 1860; baseline 0.002 -21"><span class='ocrx_word' id='word_1_246' title='bbox 210 1799 336 1839; x_wconf 89' lang='lat' dir='ltr'><strong>nem</strong></span> <span class='ocrx_word' id='word_1_247' title='bbox 371 1783 466 1840; x_wconf 87' lang='lat' dir='ltr'><strong>Dei</strong></span> <span class='ocrx_word' id='word_1_248' title='bbox 489 1782 698 1839; x_wconf 84' lang='lat' dir='ltr'><strong>factum</strong></span> <span class='ocrx_word' id='word_1_249' title='bbox 725 1799 866 1851; x_wconf 87' lang='lat' dir='ltr'><strong>esse,</strong></span> <span class='ocrx_word' id='word_1_250' title='bbox 900 1785 1190 1856; x_wconf 89' lang='lat' dir='ltr'><strong>imaginem</strong></span> <span class='ocrx_word' id='word_1_251' title='bbox 1219 1785 1466 1840; x_wconf 85' lang='lat' dir='ltr'><strong>videlicet</strong></span> <span class='ocrx_word' id='word_1_252' title='bbox 1495 1785 1551 1840; x_wconf 92' lang='lat' dir='ltr'><strong>in</strong></span> <span class='ocrx_word' id='word_1_253' title='bbox 1590 1786 1792 1852; x_wconf 89' lang='lat' dir='ltr'><strong>anima,</strong></span> <span class='ocrx_word' id='word_1_254' title='bbox 1822 1795 1874 1859; x_wconf 71' lang='grc' dir='ltr'><strong>Β</strong></span> <span class='ocrx_word' id='word_1_255' title='bbox 1898 1789 1958 1836; x_wconf 87' lang='lat' dir='ltr'><strong>ut</strong></span> <span class='ocrx_word' id='word_1_256' title='bbox 1987 1782 2182 1836; x_wconf 90' lang='lat' dir='ltr'><strong>horum</strong></span> <span class='ocrx_word' id='word_1_257' title='bbox 2214 1783 2378 1838; x_wconf 90' lang='lat' dir='ltr'><strong>trium</strong></span> <span class='ocrx_word' id='word_1_258' title='bbox 2397 1784 2673 1839; x_wconf 89' lang='lat' dir='ltr'><strong>nominum</strong></span> <span class='ocrx_word' id='word_1_259' title='bbox 2703 1784 3002 1842; x_wconf 74' lang='lat' dir='ltr'><strong>differentia</strong></span> <span class='ocrx_word' id='word_1_260' title='bbox 3028 1787 3256 1843; x_wconf 89' lang='lat' dir='ltr'><strong>lucidius</strong></span> <span class='ocrx_word' id='word_1_261' title='bbox 3279 1797 3482 1860; x_wconf 88' lang='lat' dir='ltr'><strong>pateat,</strong></span> 
     </span>
    </p>
   </div>
   <div class='ocr_carea' id='block_1_34' title="bbox 211 1873 1795 1944">
    <p class='ocr_par' dir='ltr' id='par_1_34' title="bbox 211 1873 1795 1944">
     <span class='ocr_line' id='line_1_34' title="bbox 211 1873 1795 1944; baseline 0.001 -15"><span class='ocrx_word' id='word_1_262' title='bbox 211 1876 266 1929; x_wconf 92' lang='lat' dir='ltr'><strong>in</strong></span> <span class='ocrx_word' id='word_1_263' title='bbox 295 1890 403 1944; x_wconf 91' lang='lat' dir='ltr'><strong>qua</strong></span> <span class='ocrx_word' id='word_1_264' title='bbox 430 1883 514 1932; x_wconf 89' lang='lat' dir='ltr'><strong>est</strong></span> <span class='ocrx_word' id='word_1_265' title='bbox 542 1873 868 1940; x_wconf 89' lang='lat' dir='ltr'><strong>intellectus,</strong></span> <span class='ocrx_word' id='word_1_266' title='bbox 898 1875 1150 1932; x_wconf 84' lang='lat' dir='ltr'><strong>voluntas</strong></span> <span class='ocrx_word' id='word_1_267' title='bbox 1177 1886 1231 1932; x_wconf 90' lang='lat' dir='ltr'><strong>et</strong></span> <span class='ocrx_word' id='word_1_268' title='bbox 1258 1878 1548 1944; x_wconf 89' lang='lat' dir='ltr'><strong>memoria;</strong></span> <span class='ocrx_word' id='word_1_269' title='bbox 1601 1877 1795 1933; x_wconf 88' lang='lat' dir='ltr'><strong>simili-</strong></span> 
     </span>
    </p>
   </div>
   <div class='ocr_carea' id='block_1_35' title="bbox 209 1969 1794 2038">
    <p class='ocr_par' dir='ltr' id='par_1_35' title="bbox 209 1969 1794 2038">
     <span class='ocr_line' id='line_1_35' title="bbox 209 1969 1794 2038; baseline 0.003 -16"><span class='ocrx_word' id='word_1_270' title='bbox 209 1969 456 2024; x_wconf 85' lang='lat' dir='ltr'><strong>tudinem</strong></span> <span class='ocrx_word' id='word_1_271' title='bbox 503 1969 557 2024; x_wconf 91' lang='lat' dir='ltr'><strong>in</strong></span> <span class='ocrx_word' id='word_1_272' title='bbox 601 1969 863 2036; x_wconf 89' lang='lat' dir='ltr'><strong>moribus,</strong></span> <span class='ocrx_word' id='word_1_273' title='bbox 908 1969 961 2024; x_wconf 90' lang='lat' dir='ltr'><strong>id</strong></span> <span class='ocrx_word' id='word_1_274' title='bbox 1006 1979 1117 2035; x_wconf 92' lang='lat' dir='ltr'><strong>cst,</strong></span> <span class='ocrx_word' id='word_1_275' title='bbox 1149 1971 1205 2025; x_wconf 94' lang='lat' dir='ltr'><strong>in</strong></span> <span class='ocrx_word' id='word_1_276' title='bbox 1233 1971 1518 2038; x_wconf 88' lang='lat' dir='ltr'><strong>charitate,</strong></span> <span class='ocrx_word' id='word_1_277' title='bbox 1565 1969 1794 2038; x_wconf 88' lang='lat' dir='ltr'><strong>iustitia,</strong></span> 
     </span>
    </p>
   </div>
   <div class='ocr_carea' id='block_1_36' title="bbox 205 2065 1793 2136">
    <p class='ocr_par' dir='ltr' id='par_1_36' title="bbox 205 2065 1793 2136">
     <span class='ocr_line' id='line_1_36' title="bbox 205 2065 1793 2136; baseline -0.002 -15"><span class='ocrx_word' id='word_1_278' title='bbox 205 2065 456 2121; x_wconf 86' lang='lat' dir='ltr'><strong>bonitate</strong></span> <span class='ocrx_word' id='word_1_279' title='bbox 477 2073 530 2120; x_wconf 90' lang='lat' dir='ltr'><strong>et</strong></span> <span class='ocrx_word' id='word_1_280' title='bbox 559 2065 866 2131; x_wconf 84' lang='lat' dir='ltr'><strong>sanctitate,</strong></span> <span class='ocrx_word' id='word_1_281' title='bbox 895 2080 1014 2135; x_wconf 68' lang='lat' dir='ltr'><strong>qua:</strong></span> <span class='ocrx_word' id='word_1_282' title='bbox 1043 2066 1225 2119; x_wconf 91' lang='lat' dir='ltr'><strong>omnia</strong></span> <span class='ocrx_word' id='word_1_283' title='bbox 1273 2066 1592 2136; x_wconf 84' lang='lat' dir='ltr'><strong>incorporea</strong></span> <span class='ocrx_word' id='word_1_284' title='bbox 1631 2073 1793 2130; x_wconf 89' lang='lat' dir='ltr'><strong>sunt,</strong></span> 
     </span>
    </p>
   </div>
   <div class='ocr_carea' id='block_1_37' title="bbox 207 2158 1798 2231">
    <p class='ocr_par' dir='ltr' id='par_1_37' title="bbox 207 2158 1798 2231">
     <span class='ocr_line' id='line_1_37' title="bbox 207 2158 1798 2231; baseline -0.001 -17"><span class='ocrx_word' id='word_1_285' title='bbox 207 2160 576 2231; x_wconf 89' lang='lat' dir='ltr'><strong>intelligentes</strong></span> <span class='ocrx_word' id='word_1_286' title='bbox 604 2159 911 2214; x_wconf 85' lang='lat' dir='ltr'><strong>disseruere</strong></span> <span class='ocrx_word' id='word_1_287' title='bbox 937 2176 951 2212; x_wconf 88' lang='lat'><strong>:</strong></span> <span class='ocrx_word' id='word_1_288' title='bbox 976 2174 1007 2213; x_wconf 91' lang='lat' dir='ltr'><strong>a</strong></span> <span class='ocrx_word' id='word_1_289' title='bbox 1031 2174 1262 2229; x_wconf 89' lang='lat' dir='ltr'><strong>quorum</strong></span> <span class='ocrx_word' id='word_1_290' title='bbox 1291 2175 1454 2214; x_wconf 90' lang='lat' dir='ltr'><strong>sensu</strong></span> <span class='ocrx_word' id='word_1_291' title='bbox 1475 2168 1530 2214; x_wconf 92' lang='lat' dir='ltr'><strong>et</strong></span> <span class='ocrx_word' id='word_1_292' title='bbox 1552 2158 1798 2214; x_wconf 87' lang='lat' dir='ltr'><strong>doctrina</strong></span> 
     </span>
    </p>
   </div>
   <div class='ocr_carea' id='block_1_38' title="bbox 207 2249 1800 2323">
    <p class='ocr_par' dir='ltr' id='par_1_38' title="bbox 207 2249 1800 2323">
     <span class='ocr_line' id='line_1_38' title="bbox 207 2249 1800 2323; baseline -0.004 -16"><span class='ocrx_word' id='word_1_293' title='bbox 207 2260 474 2323; x_wconf 90' lang='lat' dir='ltr'><strong>quantum</strong></span> <span class='ocrx_word' id='word_1_294' title='bbox 501 2251 701 2306; x_wconf 87' lang='lat' dir='ltr'><strong>distent</strong></span> <span class='ocrx_word' id='word_1_295' title='bbox 725 2251 818 2320; x_wconf 90' lang='lat' dir='ltr'><strong>qui</strong></span> <span class='ocrx_word' id='word_1_296' title='bbox 843 2250 946 2306; x_wconf 89' lang='lat' dir='ltr'><strong>hoc</strong></span> <span class='ocrx_word' id='word_1_297' title='bbox 971 2249 1342 2305; x_wconf 88' lang='lat' dir='ltr'><strong>testimonium</strong></span> <span class='ocrx_word' id='word_1_298' title='bbox 1365 2249 1688 2320; x_wconf 89' lang='lat' dir='ltr'><strong>imaginibus</strong></span> <span class='ocrx_word' id='word_1_299' title='bbox 1711 2263 1800 2302; x_wconf 89' lang='lat' dir='ltr'><strong>ar-</strong></span> 
     </span>
    </p>
   </div>
   <div class='ocr_carea' id='block_1_39' title="bbox 206 2343 1800 2410">
    <p class='ocr_par' dir='ltr' id='par_1_39' title="bbox 206 2343 1800 2410">
     <span class='ocr_line' id='line_1_39' title="bbox 206 2343 1800 2410; baseline -0.002 -10"><span class='ocrx_word' id='word_1_300' title='bbox 206 2347 415 2403; x_wconf 80' lang='lat' dir='ltr'><strong>tificum</strong></span> <span class='ocrx_word' id='word_1_301' title='bbox 443 2360 609 2400; x_wconf 90' lang='lat' dir='ltr'><strong>manu</strong></span> <span class='ocrx_word' id='word_1_302' title='bbox 636 2343 882 2399; x_wconf 80' lang='lat' dir='ltr'><strong>formatis</strong></span> <span class='ocrx_word' id='word_1_303' title='bbox 906 2343 1350 2410; x_wconf 90' lang='lat' dir='ltr'><strong>accommodant,</strong></span> <span class='ocrx_word' id='word_1_304' title='bbox 1379 2359 1483 2399; x_wconf 92' lang='lat' dir='ltr'><strong>non</strong></span> <span class='ocrx_word' id='word_1_305' title='bbox 1509 2351 1694 2400; x_wconf 91' lang='lat' dir='ltr'><strong>nostro</strong></span> <span class='ocrx_word' id='word_1_306' title='bbox 1715 2351 1800 2398; x_wconf 88' lang='lat' dir='ltr'><strong>est</strong></span> 
     </span>
    </p>
   </div>
   <div class='ocr_carea' id='block_1_40' title="bbox 205 2435 1798 2508">
    <p class='ocr_par' dir='ltr' id='par_1_40' title="bbox 205 2435 1798 2508">
     <span class='ocr_line' id='line_1_40' title="bbox 205 2435 1798 2508; baseline -0.004 -12"><span class='ocrx_word' id='word_1_307' title='bbox 205 2437 584 2496; x_wconf 85' lang='lat' dir='ltr'><strong>disserendum</strong></span> <span class='ocrx_word' id='word_1_308' title='bbox 613 2437 854 2508; x_wconf 90' lang='lat' dir='ltr'><strong>eloquio,</strong></span> <span class='ocrx_word' id='word_1_309' title='bbox 882 2437 979 2494; x_wconf 89' lang='lat' dir='ltr'><strong>sed</strong></span> <span class='ocrx_word' id='word_1_310' title='bbox 1007 2436 1225 2493; x_wconf 90' lang='lat' dir='ltr'><strong>lectoris</strong></span> <span class='ocrx_word' id='word_1_311' title='bbox 1249 2437 1636 2492; x_wconf 87' lang='lat' dir='ltr'><strong>reservandum</strong></span> <span class='ocrx_word' id='word_1_312' title='bbox 1653 2435 1798 2505; x_wconf 90' lang='lat' dir='ltr'><strong>judi-</strong></span> 
     </span>
    </p>
   </div>
   <div class='ocr_carea' id='block_1_41' title="bbox 206 2527 1796 2601">
    <p class='ocr_par' dir='ltr' id='par_1_41' title="bbox 206 2527 1796 2601">
     <span class='ocr_line' id='line_1_41' title="bbox 206 2527 1796 2601; baseline -0.003 -15"><span class='ocrx_word' id='word_1_313' title='bbox 206 2531 324 2598; x_wconf 90' lang='lat' dir='ltr'><strong>cio,</strong></span> <span class='ocrx_word' id='word_1_314' title='bbox 365 2539 427 2585; x_wconf 92' lang='lat' dir='ltr'><strong>ut</strong></span> <span class='ocrx_word' id='word_1_315' title='bbox 457 2537 670 2601; x_wconf 66' lang='lat' dir='ltr'><strong>quanta:</strong></span> <span class='ocrx_word' id='word_1_316' title='bbox 700 2527 754 2584; x_wconf 90' lang='lat' dir='ltr'><strong>in</strong></span> <span class='ocrx_word' id='word_1_317' title='bbox 793 2529 894 2584; x_wconf 91' lang='lat' dir='ltr'><strong>hac</strong></span> <span class='ocrx_word' id='word_1_318' title='bbox 921 2536 1078 2599; x_wconf 89' lang='lat' dir='ltr'><strong>parte</strong></span> <span class='ocrx_word' id='word_1_319' title='bbox 1107 2528 1217 2583; x_wconf 92' lang='lat' dir='ltr'><strong>sint</strong></span> <span class='ocrx_word' id='word_1_320' title='bbox 1254 2529 1520 2584; x_wconf 80' lang='lat' dir='ltr'><strong>vecordiae</strong></span> <span class='ocrx_word' id='word_1_321' title='bbox 1547 2543 1655 2583; x_wconf 90' lang='lat' dir='ltr'><strong>non</strong></span> <span class='ocrx_word' id='word_1_322' title='bbox 1699 2543 1796 2582; x_wconf 92' lang='lat' dir='ltr'><strong>no-</strong></span> 
     </span>
    </p>
   </div>
   <div class='ocr_carea' id='block_1_42' title="bbox 207 2618 1799 2692">
    <p class='ocr_par' dir='ltr' id='par_1_42' title="bbox 207 2618 1799 2692">
     <span class='ocr_line' id='line_1_42' title="bbox 207 2618 1799 2692; baseline -0.002 -15"><span class='ocrx_word' id='word_1_323' title='bbox 207 2631 320 2678; x_wconf 89' lang='lat' dir='ltr'><strong>ster</strong></span> <span class='ocrx_word' id='word_1_324' title='bbox 363 2635 492 2676; x_wconf 90' lang='lat' dir='ltr'><strong>eum</strong></span> <span class='ocrx_word' id='word_1_325' title='bbox 536 2619 725 2692; x_wconf 83' lang='lat' dir='ltr'><strong>stylus,</strong></span> <span class='ocrx_word' id='word_1_326' title='bbox 754 2620 848 2675; x_wconf 89' lang='lat' dir='ltr'><strong>sed</strong></span> <span class='ocrx_word' id='word_1_327' title='bbox 876 2635 1006 2674; x_wconf 91' lang='lat' dir='ltr'><strong>suus</strong></span> <span class='ocrx_word' id='word_1_328' title='bbox 1032 2627 1350 2689; x_wconf 87' lang='lat' dir='ltr'><strong>permoneat</strong></span> <span class='ocrx_word' id='word_1_329' title='bbox 1395 2635 1605 2674; x_wconf 90' lang='lat' dir='ltr'><strong>sensus.</strong></span> <span class='ocrx_word' id='word_1_330' title='bbox 1639 2618 1799 2685; x_wconf 88' lang='lat' dir='ltr'><strong>Quis-</strong></span> 
     </span>
    </p>
   </div>
   <div class='ocr_carea' id='block_1_43' title="bbox 205 2710 1798 2786">
    <p class='ocr_par' dir='ltr' id='par_1_43' title="bbox 205 2710 1798 2786">
     <span class='ocr_line' id='line_1_43' title="bbox 205 2710 1798 2786; baseline -0.001 -18"><span class='ocrx_word' id='word_1_331' title='bbox 205 2713 326 2786; x_wconf 86' lang='lat' dir='ltr'><strong>quis</strong></span> <span class='ocrx_word' id='word_1_332' title='bbox 355 2713 525 2785; x_wconf 87' lang='lat' dir='ltr'><strong>igitur</strong></span> <span class='ocrx_word' id='word_1_333' title='bbox 548 2713 625 2768; x_wconf 90' lang='lat' dir='ltr'><strong>ita</strong></span> <span class='ocrx_word' id='word_1_334' title='bbox 669 2713 941 2768; x_wconf 89' lang='lat' dir='ltr'><strong>hominem</strong></span> <span class='ocrx_word' id='word_1_335' title='bbox 970 2710 1038 2766; x_wconf 93' lang='lat' dir='ltr'><strong>ad</strong></span> <span class='ocrx_word' id='word_1_336' title='bbox 1077 2711 1367 2782; x_wconf 90' lang='lat' dir='ltr'><strong>imaginem</strong></span> <span class='ocrx_word' id='word_1_337' title='bbox 1398 2721 1452 2767; x_wconf 89' lang='lat' dir='ltr'><strong>et</strong></span> <span class='ocrx_word' id='word_1_338' title='bbox 1487 2711 1798 2767; x_wconf 80' lang='lat' dir='ltr'><strong>similitudi-</strong></span> 
     </span>
    </p>
   </div>
   <div class='ocr_carea' id='block_1_44' title="bbox 210 2802 1796 2878">
    <p class='ocr_par' dir='ltr' id='par_1_44' title="bbox 210 2802 1796 2878">
     <span class='ocr_line' id='line_1_44' title="bbox 210 2802 1796 2878; baseline 0 -18"><span class='ocrx_word' id='word_1_339' title='bbox 210 2821 337 2861; x_wconf 88' lang='lat' dir='ltr'><strong>nem</strong></span> <span class='ocrx_word' id='word_1_340' title='bbox 368 2805 469 2861; x_wconf 91' lang='lat' dir='ltr'><strong>Dei</strong></span> <span class='ocrx_word' id='word_1_341' title='bbox 496 2803 730 2870; x_wconf 87' lang='lat' dir='ltr'><strong>factum,</strong></span> <span class='ocrx_word' id='word_1_342' title='bbox 762 2803 904 2859; x_wconf 87' lang='lat' dir='ltr'><strong>sicut</strong></span> <span class='ocrx_word' id='word_1_343' title='bbox 938 2803 1006 2858; x_wconf 91' lang='lat' dir='ltr'><strong>ad</strong></span> <span class='ocrx_word' id='word_1_344' title='bbox 1035 2802 1325 2874; x_wconf 87' lang='lat' dir='ltr'><strong>imaginem</strong></span> <span class='ocrx_word' id='word_1_345' title='bbox 1356 2804 1589 2860; x_wconf 89' lang='lat' dir='ltr'><strong>hominis</strong></span> <span class='ocrx_word' id='word_1_346' title='bbox 1610 2805 1796 2878; x_wconf 88' lang='lat' dir='ltr'><strong>imagi-</strong></span> 
     </span>
    </p>
   </div>
   <div class='ocr_carea' id='block_1_45' title="bbox 206 2894 1796 2966">
    <p class='ocr_par' dir='ltr' id='par_1_45' title="bbox 206 2894 1796 2966">
     <span class='ocr_line' id='line_1_45' title="bbox 206 2894 1796 2966; baseline -0.001 -12"><span class='ocrx_word' id='word_1_347' title='bbox 206 2912 332 2954; x_wconf 90' lang='lat' dir='ltr'><strong>nem</strong></span> <span class='ocrx_word' id='word_1_348' title='bbox 363 2897 434 2953; x_wconf 88' lang='lat' dir='ltr'><strong>ab</strong></span> <span class='ocrx_word' id='word_1_349' title='bbox 463 2895 674 2952; x_wconf 87' lang='lat' dir='ltr'><strong>artifice</strong></span> <span class='ocrx_word' id='word_1_350' title='bbox 695 2894 982 2954; x_wconf 77' lang='lat' dir='ltr'><strong>formatam</strong></span> <span class='ocrx_word' id='word_1_351' title='bbox 1007 2910 1129 2951; x_wconf 91' lang='lat' dir='ltr'><strong>esse</strong></span> <span class='ocrx_word' id='word_1_352' title='bbox 1154 2894 1346 2962; x_wconf 90' lang='lat' dir='ltr'><strong>credit,</strong></span> <span class='ocrx_word' id='word_1_353' title='bbox 1377 2895 1584 2966; x_wconf 89' lang='lat' dir='ltr'><strong>aliquid</strong></span> <span class='ocrx_word' id='word_1_354' title='bbox 1605 2897 1661 2952; x_wconf 93' lang='lat' dir='ltr'><strong>in</strong></span> <span class='ocrx_word' id='word_1_355' title='bbox 1683 2897 1796 2952; x_wconf 93' lang='lat' dir='ltr'><strong>Deo</strong></span> 
     </span>
    </p>
   </div>
   <div class='ocr_carea' id='block_1_46' title="bbox 203 2984 1798 3062">
    <p class='ocr_par' dir='ltr' id='par_1_46' title="bbox 203 2984 1798 3062">
     <span class='ocr_line' id='line_1_46' title="bbox 203 2984 1798 3062; baseline 0.001 -15"><span class='ocrx_word' id='word_1_356' title='bbox 203 3005 566 3062; x_wconf 83' lang='lat' dir='ltr'><strong>corporeum,</strong></span> <span class='ocrx_word' id='word_1_357' title='bbox 594 2984 739 3060; x_wconf 89' lang='lat' dir='ltr'><strong>quod</strong></span> <span class='ocrx_word' id='word_1_358' title='bbox 775 2989 998 3044; x_wconf 89' lang='lat' dir='ltr'><strong>credere</strong></span> <span class='ocrx_word' id='word_1_359' title='bbox 1036 2987 1188 3044; x_wconf 90' lang='lat' dir='ltr'><strong>nefas</strong></span> <span class='ocrx_word' id='word_1_360' title='bbox 1218 2996 1318 3053; x_wconf 92' lang='lat' dir='ltr'><strong>est,</strong></span> <span class='ocrx_word' id='word_1_361' title='bbox 1353 2989 1575 3046; x_wconf 89' lang='lat' dir='ltr'><strong>credere</strong></span> <span class='ocrx_word' id='word_1_362' title='bbox 1612 3005 1672 3046; x_wconf 91' lang='lat' dir='ltr'><strong>se</strong></span> <span class='ocrx_word' id='word_1_363' title='bbox 1707 3005 1798 3048; x_wconf 84' lang='lat' dir='ltr'><strong>os-</strong></span> 
     </span>
    </p>
   </div>
   <div class='ocr_carea' id='block_1_47' title="bbox 204 3081 1796 3154">
    <p class='ocr_par' dir='ltr' id='par_1_47' title="bbox 204 3081 1796 3154">
     <span class='ocr_line' id='line_1_47' title="bbox 204 3081 1796 3154; baseline -0.001 -14"><span class='ocrx_word' id='word_1_364' title='bbox 204 3085 403 3140; x_wconf 91' lang='lat' dir='ltr'><strong>tendit.</strong></span> <span class='ocrx_word' id='word_1_365' title='bbox 442 3081 581 3139; x_wconf 79' lang='lat' dir='ltr'><strong>Nam</strong></span> <span class='ocrx_word' id='word_1_366' title='bbox 620 3083 666 3139; x_wconf 90' lang='lat' dir='ltr'><strong>si</strong></span> <span class='ocrx_word' id='word_1_367' title='bbox 698 3081 754 3138; x_wconf 92' lang='lat' dir='ltr'><strong>id</strong></span> <span class='ocrx_word' id='word_1_368' title='bbox 783 3083 928 3153; x_wconf 91' lang='lat' dir='ltr'><strong>quod</strong></span> <span class='ocrx_word' id='word_1_369' title='bbox 951 3081 1112 3138; x_wconf 90' lang='lat' dir='ltr'><strong>homo</strong></span> <span class='ocrx_word' id='word_1_370' title='bbox 1136 3081 1204 3137; x_wconf 92' lang='lat' dir='ltr'><strong>ad</strong></span> <span class='ocrx_word' id='word_1_371' title='bbox 1232 3081 1525 3154; x_wconf 90' lang='lat' dir='ltr'><strong>imaginem</strong></span> <span class='ocrx_word' id='word_1_372' title='bbox 1566 3091 1620 3139; x_wconf 92' lang='lat' dir='ltr'><strong>et</strong></span> <span class='ocrx_word' id='word_1_373' title='bbox 1644 3082 1796 3138; x_wconf 92' lang='lat' dir='ltr'><strong>simi-</strong></span> 
     </span>
    </p>
   </div>
   <div class='ocr_carea' id='block_1_48' title="bbox 1896 1871 3482 1944">
    <p class='ocr_par' dir='ltr' id='par_1_48' title="bbox 1896 1871 3482 1944">
     <span class='ocr_line' id='line_1_48' title="bbox 1896 1871 3482 1944; baseline 0.004 -16"><span class='ocrx_word' id='word_1_374' title='bbox 1896 1871 2040 1928; x_wconf 87' lang='lat' dir='ltr'><strong>beati</strong></span> <span class='ocrx_word' id='word_1_375' title='bbox 2069 1871 2355 1944; x_wconf 85' lang='lat' dir='ltr'><strong>Augustini</strong></span> <span class='ocrx_word' id='word_1_376' title='bbox 2398 1874 2558 1929; x_wconf 89' lang='lat' dir='ltr'><strong>verba</strong></span> <span class='ocrx_word' id='word_1_377' title='bbox 2608 1877 2674 1931; x_wconf 87' lang='lat' dir='ltr'><strong>ad</strong></span> <span class='ocrx_word' id='word_1_378' title='bbox 2721 1877 2959 1932; x_wconf 91' lang='lat' dir='ltr'><strong>medium</strong></span> <span class='ocrx_word' id='word_1_379' title='bbox 2993 1877 3302 1933; x_wconf 87' lang='lat' dir='ltr'><strong>deducenda</strong></span> <span class='ocrx_word' id='word_1_380' title='bbox 3337 1887 3482 1935; x_wconf 89' lang='lat' dir='ltr'><strong>sunt.</strong></span> 
     </span>
    </p>
   </div>
   <div class='ocr_carea' id='block_1_49' title="bbox 1897 1963 3482 2043">
    <p class='ocr_par' dir='ltr' id='par_1_49' title="bbox 1897 1963 3482 2043">
     <span class='ocr_line' id='line_1_49' title="bbox 1897 1963 3482 2043; baseline 0.006 -22"><span class='ocrx_word' id='word_1_381' title='bbox 1897 1967 1988 2022; x_wconf 85' lang='lat' dir='ltr'><strong>Ait</strong></span> <span class='ocrx_word' id='word_1_382' title='bbox 2023 1967 2166 2021; x_wconf 91' lang='lat' dir='ltr'><strong>enim</strong></span> <span class='ocrx_word' id='word_1_383' title='bbox 2197 1983 2211 2021; x_wconf 89' lang='lat'><strong>:</strong></span> <span class='ocrx_word' id='word_1_384' title='bbox 2269 1988 2288 2019; x_wconf 84' lang='grc'><em>‹</em></span> <span class='ocrx_word' id='word_1_385' title='bbox 2319 1969 2424 2025; x_wconf 92' lang='lat' dir='ltr'><strong>Ubi</strong></span> <span class='ocrx_word' id='word_1_386' title='bbox 2457 1963 2663 2042; x_wconf 86' lang='lat' dir='ltr'><strong>imago;</strong></span> <span class='ocrx_word' id='word_1_387' title='bbox 2716 1988 2825 2028; x_wconf 90' lang='lat' dir='ltr'><strong>non</strong></span> <span class='ocrx_word' id='word_1_388' title='bbox 2872 1974 3128 2030; x_wconf 91' lang='lat' dir='ltr'><strong>continuo</strong></span> <span class='ocrx_word' id='word_1_389' title='bbox 3168 1975 3482 2043; x_wconf 90' lang='lat' dir='ltr'><strong>similitudo,</strong></span> 
     </span>
    </p>
   </div>
   <div class='ocr_carea' id='block_1_50' title="bbox 1899 2061 3486 2136">
    <p class='ocr_par' dir='ltr' id='par_1_50' title="bbox 1899 2061 3486 2136">
     <span class='ocr_line' id='line_1_50' title="bbox 1899 2061 3486 2136; baseline 0.005 -21"><span class='ocrx_word' id='word_1_390' title='bbox 1899 2075 2009 2117; x_wconf 91' lang='lat' dir='ltr'><strong>non</strong></span> <span class='ocrx_word' id='word_1_391' title='bbox 2041 2061 2298 2115; x_wconf 90' lang='lat' dir='ltr'><strong>continuo</strong></span> <span class='ocrx_word' id='word_1_392' title='bbox 2349 2063 2630 2131; x_wconf 74' lang='lat' dir='ltr'><strong>aequalitas</strong></span> <span class='ocrx_word' id='word_1_393' title='bbox 2675 2079 2690 2118; x_wconf 91' lang='lat'><strong>:</strong></span> <span class='ocrx_word' id='word_1_394' title='bbox 2734 2065 2827 2120; x_wconf 86' lang='lat' dir='ltr'><strong>ubi</strong></span> <span class='ocrx_word' id='word_1_395' title='bbox 2874 2067 3192 2136; x_wconf 83' lang='lat' dir='ltr'><strong>aequalitas,</strong></span> <span class='ocrx_word' id='word_1_396' title='bbox 3229 2069 3486 2124; x_wconf 89' lang='lat' dir='ltr'><strong>continuo</strong></span> 
     </span>
    </p>
   </div>
   <div class='ocr_carea' id='block_1_51' title="bbox 1899 2151 3486 2227">
    <p class='ocr_par' dir='ltr' id='par_1_51' title="bbox 1899 2151 3486 2227">
     <span class='ocr_line' id='line_1_51' title="bbox 1899 2151 3486 2227; baseline 0.005 -19"><span class='ocrx_word' id='word_1_397' title='bbox 1899 2151 2214 2218; x_wconf 87' lang='lat' dir='ltr'><strong>similitudo,</strong></span> <span class='ocrx_word' id='word_1_398' title='bbox 2241 2169 2349 2208; x_wconf 94' lang='lat' dir='ltr'><strong>non</strong></span> <span class='ocrx_word' id='word_1_399' title='bbox 2380 2156 2639 2211; x_wconf 91' lang='lat' dir='ltr'><strong>continuo</strong></span> <span class='ocrx_word' id='word_1_400' title='bbox 2669 2156 2848 2227; x_wconf 90' lang='lat' dir='ltr'><strong>imago</strong></span> <span class='ocrx_word' id='word_1_401' title='bbox 2869 2199 2885 2225; x_wconf 92' lang='lat'><strong>,</strong></span> <span class='ocrx_word' id='word_1_402' title='bbox 2916 2159 3007 2213; x_wconf 91' lang='lat' dir='ltr'><strong>ubi</strong></span> <span class='ocrx_word' id='word_1_403' title='bbox 3035 2159 3350 2226; x_wconf 90' lang='lat' dir='ltr'><strong>similitudo,</strong></span> <span class='ocrx_word' id='word_1_404' title='bbox 3377 2177 3486 2216; x_wconf 93' lang='lat' dir='ltr'><strong>non</strong></span> 
     </span>
    </p>
   </div>
   <div class='ocr_carea' id='block_1_52' title="bbox 1899 2242 3485 2318">
    <p class='ocr_par' dir='ltr' id='par_1_52' title="bbox 1899 2242 3485 2318">
     <span class='ocr_line' id='line_1_52' title="bbox 1899 2242 3485 2318; baseline 0.005 -20"><span class='ocrx_word' id='word_1_405' title='bbox 1899 2243 2156 2299; x_wconf 91' lang='lat' dir='ltr'><strong>continuo</strong></span> <span class='ocrx_word' id='word_1_406' title='bbox 2184 2242 2378 2314; x_wconf 83' lang='lat' dir='ltr'><strong>imago,</strong></span> <span class='ocrx_word' id='word_1_407' title='bbox 2410 2260 2518 2300; x_wconf 91' lang='lat' dir='ltr'><strong>non</strong></span> <span class='ocrx_word' id='word_1_408' title='bbox 2549 2245 2804 2301; x_wconf 91' lang='lat' dir='ltr'><strong>continuo</strong></span> <span class='ocrx_word' id='word_1_409' title='bbox 2832 2246 3133 2316; x_wconf 55' lang='lat' dir='ltr'><strong>aequalitas,</strong></span> <span class='ocrx_word' id='word_1_410' title='bbox 3162 2257 3222 2303; x_wconf 89' lang='lat' dir='ltr'><strong>ut</strong></span> <span class='ocrx_word' id='word_1_411' title='bbox 3268 2249 3324 2304; x_wconf 92' lang='lat' dir='ltr'><strong>in</strong></span> <span class='ocrx_word' id='word_1_412' title='bbox 3365 2265 3485 2318; x_wconf 86' lang='lat' dir='ltr'><strong>spe-</strong></span> 
     </span>
    </p>
   </div>
   <div class='ocr_carea' id='block_1_53' title="bbox 1900 2338 3485 2410">
    <p class='ocr_par' dir='ltr' id='par_1_53' title="bbox 1900 2338 3485 2410">
     <span class='ocr_line' id='line_1_53' title="bbox 1900 2338 3485 2410; baseline 0.003 -18"><span class='ocrx_word' id='word_1_413' title='bbox 1900 2338 2022 2393; x_wconf 91' lang='lat' dir='ltr'><strong>culo</strong></span> <span class='ocrx_word' id='word_1_414' title='bbox 2062 2346 2144 2393; x_wconf 89' lang='lat' dir='ltr'><strong>est</strong></span> <span class='ocrx_word' id='word_1_415' title='bbox 2173 2338 2370 2410; x_wconf 87' lang='lat' dir='ltr'><strong>imago,</strong></span> <span class='ocrx_word' id='word_1_416' title='bbox 2406 2339 2532 2408; x_wconf 88' lang='lat' dir='ltr'><strong>quia</strong></span> <span class='ocrx_word' id='word_1_417' title='bbox 2556 2340 2621 2393; x_wconf 92' lang='lat' dir='ltr'><strong>de</strong></span> <span class='ocrx_word' id='word_1_418' title='bbox 2661 2338 2753 2394; x_wconf 91' lang='lat' dir='ltr'><strong>illo</strong></span> <span class='ocrx_word' id='word_1_419' title='bbox 2779 2354 3033 2409; x_wconf 79' lang='lat' dir='ltr'><strong>expressa</strong></span> <span class='ocrx_word' id='word_1_420' title='bbox 3067 2348 3178 2406; x_wconf 89' lang='lat' dir='ltr'><strong>est;</strong></span> <span class='ocrx_word' id='word_1_421' title='bbox 3211 2349 3295 2396; x_wconf 91' lang='lat' dir='ltr'><strong>est</strong></span> <span class='ocrx_word' id='word_1_422' title='bbox 3321 2341 3485 2396; x_wconf 90' lang='lat' dir='ltr'><strong>etiam</strong></span> 
     </span>
    </p>
   </div>
   <div class='ocr_carea' id='block_1_54' title="bbox 1899 2430 3486 2506">
    <p class='ocr_par' dir='ltr' id='par_1_54' title="bbox 1899 2430 3486 2506">
     <span class='ocr_line' id='line_1_54' title="bbox 1899 2430 3486 2506; baseline 0.004 -22"><span class='ocrx_word' id='word_1_423' title='bbox 1899 2430 2206 2486; x_wconf 89' lang='lat' dir='ltr'><strong>necessario</strong></span> <span class='ocrx_word' id='word_1_424' title='bbox 2255 2431 2586 2498; x_wconf 89' lang='lat' dir='ltr'><strong>similitudo,</strong></span> <span class='ocrx_word' id='word_1_425' title='bbox 2641 2448 2748 2488; x_wconf 87' lang='lat' dir='ltr'><strong>non</strong></span> <span class='ocrx_word' id='word_1_426' title='bbox 2799 2441 2976 2489; x_wconf 85' lang='lat' dir='ltr'><strong>tamen</strong></span> <span class='ocrx_word' id='word_1_427' title='bbox 3010 2435 3308 2506; x_wconf 79' lang='lat' dir='ltr'><strong>:equalitas,</strong></span> <span class='ocrx_word' id='word_1_428' title='bbox 3359 2435 3486 2505; x_wconf 91' lang='lat' dir='ltr'><strong>quia</strong></span> 
     </span>
    </p>
   </div>
   <div class='ocr_carea' id='block_1_55' title="bbox 1902 2521 3488 2598">
    <p class='ocr_par' dir='ltr' id='par_1_55' title="bbox 1902 2521 3488 2598">
     <span class='ocr_line' id='line_1_55' title="bbox 1902 2521 3488 2598; baseline 0.004 -23"><span class='ocrx_word' id='word_1_429' title='bbox 1902 2521 2069 2575; x_wconf 89' lang='lat' dir='ltr'><strong>multa</strong></span> <span class='ocrx_word' id='word_1_430' title='bbox 2097 2521 2291 2577; x_wconf 87' lang='lat' dir='ltr'><strong>desunt</strong></span> <span class='ocrx_word' id='word_1_431' title='bbox 2327 2523 2549 2591; x_wconf 87' lang='lat' dir='ltr'><strong>imagini</strong></span> <span class='ocrx_word' id='word_1_432' title='bbox 2580 2539 2700 2593; x_wconf 76' lang='lat' dir='ltr'><strong>qua:</strong></span> <span class='ocrx_word' id='word_1_433' title='bbox 2733 2525 2917 2581; x_wconf 91' lang='lat' dir='ltr'><strong>insunt</strong></span> <span class='ocrx_word' id='word_1_434' title='bbox 2948 2526 3027 2581; x_wconf 91' lang='lat' dir='ltr'><strong>illi</strong></span> <span class='ocrx_word' id='word_1_435' title='bbox 3057 2527 3136 2581; x_wconf 89' lang='lat' dir='ltr'><strong>rei</strong></span> <span class='ocrx_word' id='word_1_436' title='bbox 3166 2527 3233 2581; x_wconf 93' lang='lat' dir='ltr'><strong>de</strong></span> <span class='ocrx_word' id='word_1_437' title='bbox 3265 2543 3371 2598; x_wconf 91' lang='lat' dir='ltr'><strong>qua</strong></span> <span class='ocrx_word' id='word_1_438' title='bbox 3397 2543 3488 2582; x_wconf 77' lang='lat' dir='ltr'><strong>ex-</strong></span> 
     </span>
    </p>
   </div>
   <div class='ocr_carea' id='block_1_56' title="bbox 1897 2615 3486 2686">
    <p class='ocr_par' dir='ltr' id='par_1_56' title="bbox 1897 2615 3486 2686">
     <span class='ocr_line' id='line_1_56' title="bbox 1897 2615 3486 2686; baseline 0.004 -19"><span class='ocrx_word' id='word_1_439' title='bbox 1897 2629 2085 2685; x_wconf 89' lang='lat' dir='ltr'><strong>pressa</strong></span> <span class='ocrx_word' id='word_1_440' title='bbox 2116 2624 2216 2670; x_wconf 88' lang='lat' dir='ltr'><strong>est.</strong></span> <span class='ocrx_word' id='word_1_441' title='bbox 2272 2615 2373 2670; x_wconf 84' lang='lat' dir='ltr'><strong>L&#39;bi</strong></span> <span class='ocrx_word' id='word_1_442' title='bbox 2420 2617 2724 2685; x_wconf 77' lang='lat' dir='ltr'><strong>:equalitas,</strong></span> <span class='ocrx_word' id='word_1_443' title='bbox 2782 2618 3039 2673; x_wconf 90' lang='lat' dir='ltr'><strong>continuo</strong></span> <span class='ocrx_word' id='word_1_444' title='bbox 3073 2627 3127 2674; x_wconf 92' lang='lat' dir='ltr'><strong>et</strong></span> <span class='ocrx_word' id='word_1_445' title='bbox 3170 2619 3486 2686; x_wconf 90' lang='lat' dir='ltr'><strong>similitudo,</strong></span> 
     </span>
    </p>
   </div>
   <div class='ocr_carea' id='block_1_57' title="bbox 1899 2706 3490 2780">
    <p class='ocr_par' dir='ltr' id='par_1_57' title="bbox 1899 2706 3490 2780">
     <span class='ocr_line' id='line_1_57' title="bbox 1899 2706 3490 2780; baseline 0.004 -21"><span class='ocrx_word' id='word_1_446' title='bbox 1899 2719 2008 2760; x_wconf 91' lang='lat' dir='ltr'><strong>non</strong></span> <span class='ocrx_word' id='word_1_447' title='bbox 2040 2707 2294 2761; x_wconf 87' lang='lat' dir='ltr'><strong>continuo</strong></span> <span class='ocrx_word' id='word_1_448' title='bbox 2325 2706 2504 2778; x_wconf 89' lang='lat' dir='ltr'><strong>imago</strong></span> <span class='ocrx_word' id='word_1_449' title='bbox 2536 2726 2549 2762; x_wconf 93' lang='lat'>:</span> <span class='ocrx_word' id='word_1_450' title='bbox 2589 2709 2736 2764; x_wconf 85' lang='lat' dir='ltr'><strong>velut</strong></span> <span class='ocrx_word' id='word_1_451' title='bbox 2778 2709 2834 2763; x_wconf 94' lang='lat' dir='ltr'><strong>in</strong></span> <span class='ocrx_word' id='word_1_452' title='bbox 2865 2709 3074 2765; x_wconf 90' lang='lat' dir='ltr'><strong>duobus</strong></span> <span class='ocrx_word' id='word_1_453' title='bbox 3107 2710 3224 2766; x_wconf 91' lang='lat' dir='ltr'><strong>ovis</strong></span> <span class='ocrx_word' id='word_1_454' title='bbox 3267 2709 3490 2780; x_wconf 88' lang='lat' dir='ltr'><strong>paribus</strong></span> 
     </span>
    </p>
   </div>
   <div class='ocr_carea' id='block_1_58' title="bbox 1899 2799 3491 2873">
    <p class='ocr_par' dir='ltr' id='par_1_58' title="bbox 1899 2799 3491 2873">
     <span class='ocr_line' id='line_1_58' title="bbox 1899 2799 3491 2873; baseline 0.003 -20"><span class='ocrx_word' id='word_1_455' title='bbox 1899 2799 2028 2869; x_wconf 86' lang='lat' dir='ltr'><strong>quia</strong></span> <span class='ocrx_word' id='word_1_456' title='bbox 2081 2799 2222 2854; x_wconf 90' lang='lat' dir='ltr'><strong>inest</strong></span> <span class='ocrx_word' id='word_1_457' title='bbox 2270 2800 2571 2870; x_wconf 66' lang='lat' dir='ltr'><strong>aequalitas,</strong></span> <span class='ocrx_word' id='word_1_458' title='bbox 2610 2801 2752 2857; x_wconf 91' lang='lat' dir='ltr'><strong>inest</strong></span> <span class='ocrx_word' id='word_1_459' title='bbox 2795 2802 3113 2858; x_wconf 90' lang='lat' dir='ltr'><strong>similitudo.</strong></span> <span class='ocrx_word' id='word_1_460' title='bbox 3147 2804 3491 2873; x_wconf 82' lang='lat' dir='ltr'><strong>Quaecunque</strong></span> 
     </span>
    </p>
   </div>
   <div class='ocr_carea' id='block_1_59' title="bbox 1900 2889 3486 2966">
    <p class='ocr_par' dir='ltr' id='par_1_59' title="bbox 1900 2889 3486 2966">
     <span class='ocr_line' id='line_1_59' title="bbox 1900 2889 3486 2966; baseline 0.003 -20"><span class='ocrx_word' id='word_1_461' title='bbox 1900 2889 2048 2946; x_wconf 89' lang='lat' dir='ltr'><strong>enim</strong></span> <span class='ocrx_word' id='word_1_462' title='bbox 2082 2891 2277 2946; x_wconf 90' lang='lat' dir='ltr'><strong>adsunt</strong></span> <span class='ocrx_word' id='word_1_463' title='bbox 2309 2893 2422 2954; x_wconf 92' lang='lat' dir='ltr'><strong>uni,</strong></span> <span class='ocrx_word' id='word_1_464' title='bbox 2449 2893 2646 2948; x_wconf 90' lang='lat' dir='ltr'><strong>adsunt</strong></span> <span class='ocrx_word' id='word_1_465' title='bbox 2671 2903 2725 2948; x_wconf 87' lang='lat' dir='ltr'><strong>et</strong></span> <span class='ocrx_word' id='word_1_466' title='bbox 2757 2893 2934 2961; x_wconf 91' lang='lat' dir='ltr'><strong>alteri,</strong></span> <span class='ocrx_word' id='word_1_467' title='bbox 2970 2894 3149 2966; x_wconf 89' lang='lat' dir='ltr'><strong>imago</strong></span> <span class='ocrx_word' id='word_1_468' title='bbox 3176 2902 3354 2951; x_wconf 90' lang='lat' dir='ltr'><strong>tamen</strong></span> <span class='ocrx_word' id='word_1_469' title='bbox 3377 2912 3486 2951; x_wconf 92' lang='lat' dir='ltr'><strong>non</strong></span> 
     </span>
    </p>
   </div>
   <div class='ocr_carea' id='block_1_60' title="bbox 1899 2982 3488 3056">
    <p class='ocr_par' dir='ltr' id='par_1_60' title="bbox 1899 2982 3488 3056">
     <span class='ocr_line' id='line_1_60' title="bbox 1899 2982 3488 3056; baseline 0.003 -17"><span class='ocrx_word' id='word_1_470' title='bbox 1899 2991 2000 3047; x_wconf 89' lang='lat' dir='ltr'><strong>est,</strong></span> <span class='ocrx_word' id='word_1_471' title='bbox 2015 2982 2140 3053; x_wconf 88' lang='lat' dir='ltr'><strong>quia</strong></span> <span class='ocrx_word' id='word_1_472' title='bbox 2154 2993 2407 3038; x_wconf 91' lang='lat' dir='ltr'><strong>neutrum</strong></span> <span class='ocrx_word' id='word_1_473' title='bbox 2421 2985 2487 3039; x_wconf 91' lang='lat' dir='ltr'><strong>de</strong></span> <span class='ocrx_word' id='word_1_474' title='bbox 2513 2985 2685 3040; x_wconf 90' lang='lat' dir='ltr'><strong>altero</strong></span> <span class='ocrx_word' id='word_1_475' title='bbox 2701 3000 3019 3056; x_wconf 83' lang='lat' dir='ltr'><strong>expressum</strong></span> <span class='ocrx_word' id='word_1_476' title='bbox 3033 2996 3146 3042; x_wconf 86' lang='lat' dir='ltr'><strong>est:</strong></span> <span class='ocrx_word' id='word_1_477' title='bbox 3177 2988 3269 3044; x_wconf 89' lang='lat' dir='ltr'><strong>ubi</strong></span> <span class='ocrx_word' id='word_1_478' title='bbox 3297 2988 3488 3044; x_wconf 86' lang='lat' dir='ltr'><strong>simili-</strong></span> 
     </span>
    </p>
   </div>
   <div class='ocr_carea' id='block_1_61' title="bbox 1899 3073 3486 3150">
    <p class='ocr_par' dir='ltr' id='par_1_61' title="bbox 1899 3073 3486 3150">
     <span class='ocr_line' id='line_1_61' title="bbox 1899 3073 3486 3150; baseline 0.006 -23"><span class='ocrx_word' id='word_1_479' title='bbox 1899 3073 2061 3147; x_wconf 91' lang='lat' dir='ltr'><strong>tudo,</strong></span> <span class='ocrx_word' id='word_1_480' title='bbox 2093 3090 2202 3130; x_wconf 89' lang='lat' dir='ltr'><strong>non</strong></span> <span class='ocrx_word' id='word_1_481' title='bbox 2238 3075 2494 3133; x_wconf 91' lang='lat' dir='ltr'><strong>continuo</strong></span> <span class='ocrx_word' id='word_1_482' title='bbox 2522 3075 2732 3148; x_wconf 90' lang='lat' dir='ltr'><strong>imago,</strong></span> <span class='ocrx_word' id='word_1_483' title='bbox 2765 3092 2874 3132; x_wconf 91' lang='lat' dir='ltr'><strong>non</strong></span> <span class='ocrx_word' id='word_1_484' title='bbox 2901 3079 3159 3134; x_wconf 91' lang='lat' dir='ltr'><strong>continuo</strong></span> <span class='ocrx_word' id='word_1_485' title='bbox 3185 3079 3486 3150; x_wconf 77' lang='lat' dir='ltr'><strong>:cqualitas.</strong></span> 
     </span>
    </p>
   </div>
   <div class='ocr_carea' id='block_1_62' title="bbox 204 3165 3488 3250">
    <p class='ocr_par' dir='ltr' id='par_1_62' title="bbox 204 3165 3488 3250">
     <span class='ocr_line' id='line_1_62' title="bbox 204 3165 3488 3250; baseline -0.002 -14"><span class='ocrx_word' id='word_1_486' title='bbox 204 3179 494 3237; x_wconf 91' lang='lat' dir='ltr'><strong>litudinem</strong></span> <span class='ocrx_word' id='word_1_487' title='bbox 535 3179 632 3235; x_wconf 92' lang='lat' dir='ltr'><strong>Dei</strong></span> <span class='ocrx_word' id='word_1_488' title='bbox 679 3178 856 3235; x_wconf 91' lang='lat' dir='ltr'><strong>factus</strong></span> <span class='ocrx_word' id='word_1_489' title='bbox 911 3186 997 3234; x_wconf 90' lang='lat' dir='ltr'><strong>est</strong></span> <span class='ocrx_word' id='word_1_490' title='bbox 1021 3218 1035 3244; x_wconf 93' lang='lat'><strong>,</strong></span> <span class='ocrx_word' id='word_1_491' title='bbox 1087 3177 1414 3233; x_wconf 87' lang='lat' dir='ltr'><strong>manufactis</strong></span> <span class='ocrx_word' id='word_1_492' title='bbox 1469 3177 1796 3247; x_wconf 89' lang='lat' dir='ltr'><strong>imaginibus</strong></span> <span class='ocrx_word' id='word_1_493' title='bbox 1820 3183 1871 3250; x_wconf 72' lang='grc' dir='ltr'><strong>ο</strong></span> <span class='ocrx_word' id='word_1_494' title='bbox 1899 3165 2070 3224; x_wconf 90' lang='lat' dir='ltr'><strong>Omne</strong></span> <span class='ocrx_word' id='word_1_495' title='bbox 2095 3167 2292 3239; x_wconf 87' lang='lat' dir='ltr'><strong>quippe</strong></span> <span class='ocrx_word' id='word_1_496' title='bbox 2317 3183 2476 3224; x_wconf 89' lang='lat' dir='ltr'><strong>ovum</strong></span> <span class='ocrx_word' id='word_1_497' title='bbox 2503 3170 2651 3224; x_wconf 92' lang='lat' dir='ltr'><strong>omni</strong></span> <span class='ocrx_word' id='word_1_498' title='bbox 2675 3184 2808 3236; x_wconf 91' lang='lat' dir='ltr'><strong>ovo,</strong></span> <span class='ocrx_word' id='word_1_499' title='bbox 2838 3171 2891 3225; x_wconf 93' lang='lat' dir='ltr'><strong>in</strong></span> <span class='ocrx_word' id='word_1_500' title='bbox 2916 3179 3178 3240; x_wconf 89' lang='lat' dir='ltr'><strong>quantum</strong></span> <span class='ocrx_word' id='word_1_501' title='bbox 3201 3188 3359 3228; x_wconf 88' lang='lat' dir='ltr'><strong>ovum</strong></span> <span class='ocrx_word' id='word_1_502' title='bbox 3387 3180 3488 3241; x_wconf 88' lang='lat' dir='ltr'><strong>est,</strong></span> 
     </span>
    </p>
   </div>
   <div class='ocr_carea' id='block_1_63' title="bbox 205 3271 1800 3345">
    <p class='ocr_par' dir='ltr' id='par_1_63' title="bbox 205 3271 1800 3345">
     <span class='ocr_line' id='line_1_63' title="bbox 205 3271 1800 3345; baseline -0.004 -13"><span class='ocrx_word' id='word_1_503' title='bbox 205 3273 493 3340; x_wconf 87' lang='lat' dir='ltr'><strong>convenit,</strong></span> <span class='ocrx_word' id='word_1_504' title='bbox 543 3273 842 3330; x_wconf 90' lang='lat' dir='ltr'><strong>secundum</strong></span> <span class='ocrx_word' id='word_1_505' title='bbox 887 3286 1206 3345; x_wconf 87' lang='lat' dir='ltr'><strong>corpoream</strong></span> <span class='ocrx_word' id='word_1_506' title='bbox 1247 3272 1483 3344; x_wconf 89' lang='lat' dir='ltr'><strong>speciem</strong></span> <span class='ocrx_word' id='word_1_507' title='bbox 1520 3273 1682 3326; x_wconf 89' lang='lat' dir='ltr'><strong>homo</strong></span> <span class='ocrx_word' id='word_1_508' title='bbox 1730 3271 1800 3326; x_wconf 90' lang='lat' dir='ltr'><strong>ad</strong></span> 
     </span>
    </p>
   </div>
   <div class='ocr_carea' id='block_1_64' title="bbox 204 3363 1797 3441">
    <p class='ocr_par' dir='ltr' id='par_1_64' title="bbox 204 3363 1797 3441">
     <span class='ocr_line' id='line_1_64' title="bbox 204 3363 1797 3441; baseline -0.005 -16"><span class='ocrx_word' id='word_1_509' title='bbox 204 3369 503 3441; x_wconf 89' lang='lat' dir='ltr'><strong>imaginem</strong></span> <span class='ocrx_word' id='word_1_510' title='bbox 521 3367 620 3423; x_wconf 89' lang='lat' dir='ltr'><strong>Dei</strong></span> <span class='ocrx_word' id='word_1_511' title='bbox 643 3367 821 3422; x_wconf 89' lang='lat' dir='ltr'><strong>factus</strong></span> <span class='ocrx_word' id='word_1_512' title='bbox 833 3373 916 3421; x_wconf 89' lang='lat' dir='ltr'><strong>est</strong></span> <span class='ocrx_word' id='word_1_513' title='bbox 931 3384 945 3433; x_wconf 91' lang='lat'><strong>;</strong></span> <span class='ocrx_word' id='word_1_514' title='bbox 972 3375 1026 3422; x_wconf 92' lang='lat' dir='ltr'><strong>et</strong></span> <span class='ocrx_word' id='word_1_515' title='bbox 1039 3366 1085 3421; x_wconf 91' lang='lat' dir='ltr'><strong>si</strong></span> <span class='ocrx_word' id='word_1_516' title='bbox 1103 3366 1266 3422; x_wconf 92' lang='lat' dir='ltr'><strong>homo</strong></span> <span class='ocrx_word' id='word_1_517' title='bbox 1281 3363 1579 3420; x_wconf 89' lang='lat' dir='ltr'><strong>secundum</strong></span> <span class='ocrx_word' id='word_1_518' title='bbox 1601 3379 1797 3434; x_wconf 83' lang='lat' dir='ltr'><strong>corpo-</strong></span> 
     </span>
    </p>
   </div>
   <div class='ocr_carea' id='block_1_65' title="bbox 204 3457 1802 3531">
    <p class='ocr_par' dir='ltr' id='par_1_65' title="bbox 204 3457 1802 3531">
     <span class='ocr_line' id='line_1_65' title="bbox 204 3457 1802 3531; baseline -0.004 -14"><span class='ocrx_word' id='word_1_519' title='bbox 204 3475 356 3517; x_wconf 84' lang='lat' dir='ltr'><strong>ream</strong></span> <span class='ocrx_word' id='word_1_520' title='bbox 372 3459 605 3531; x_wconf 85' lang='lat' dir='ltr'><strong>speciem</strong></span> <span class='ocrx_word' id='word_1_521' title='bbox 618 3459 686 3514; x_wconf 92' lang='lat' dir='ltr'><strong>ad</strong></span> <span class='ocrx_word' id='word_1_522' title='bbox 698 3459 985 3530; x_wconf 89' lang='lat' dir='ltr'><strong>imaginem</strong></span> <span class='ocrx_word' id='word_1_523' title='bbox 997 3458 1092 3513; x_wconf 91' lang='lat' dir='ltr'><strong>Dei</strong></span> <span class='ocrx_word' id='word_1_524' title='bbox 1107 3457 1282 3513; x_wconf 92' lang='lat' dir='ltr'><strong>factus</strong></span> <span class='ocrx_word' id='word_1_525' title='bbox 1293 3465 1392 3522; x_wconf 90' lang='lat' dir='ltr'><strong>est,</strong></span> <span class='ocrx_word' id='word_1_526' title='bbox 1409 3471 1703 3528; x_wconf 87' lang='lat' dir='ltr'><strong>corporeus</strong></span> <span class='ocrx_word' id='word_1_527' title='bbox 1716 3463 1802 3512; x_wconf 87' lang='lat' dir='ltr'><strong>est</strong></span> 
     </span>
    </p>
   </div>
   <div class='ocr_carea' id='block_1_66' title="bbox 204 3546 1799 3622">
    <p class='ocr_par' dir='ltr' id='par_1_66' title="bbox 204 3546 1799 3622">
     <span class='ocr_line' id='line_1_66' title="bbox 204 3546 1799 3622; baseline -0.006 -12"><span class='ocrx_word' id='word_1_528' title='bbox 204 3553 354 3610; x_wconf 91' lang='lat' dir='ltr'><strong>Deus</strong></span> <span class='ocrx_word' id='word_1_529' title='bbox 397 3568 414 3606; x_wconf 91' lang='lat'><strong>:</strong></span> <span class='ocrx_word' id='word_1_530' title='bbox 455 3553 806 3622; x_wconf 87' lang='lat' dir='ltr'><strong>incorporeus</strong></span> <span class='ocrx_word' id='word_1_531' title='bbox 838 3557 1022 3606; x_wconf 91' lang='lat' dir='ltr'><strong>autem</strong></span> <span class='ocrx_word' id='word_1_532' title='bbox 1068 3549 1211 3604; x_wconf 88' lang='lat' dir='ltr'><strong>Deus</strong></span> <span class='ocrx_word' id='word_1_533' title='bbox 1251 3557 1335 3604; x_wconf 89' lang='lat' dir='ltr'><strong>est</strong></span> <span class='ocrx_word' id='word_1_534' title='bbox 1376 3563 1524 3602; x_wconf 89' lang='lat' dir='ltr'><strong>:non</strong></span> <span class='ocrx_word' id='word_1_535' title='bbox 1554 3547 1718 3618; x_wconf 86' lang='lat' dir='ltr'><strong>igitur</strong></span> <span class='ocrx_word' id='word_1_536' title='bbox 1746 3546 1799 3601; x_wconf 91' lang='lat' dir='ltr'><strong>id</strong></span> 
     </span>
    </p>
   </div>
   <div class='ocr_carea' id='block_1_67' title="bbox 203 3637 1798 3718">
    <p class='ocr_par' dir='ltr' id='par_1_67' title="bbox 203 3637 1798 3718">
     <span class='ocr_line' id='line_1_67' title="bbox 203 3637 1798 3718; baseline -0.004 -15"><span class='ocrx_word' id='word_1_537' title='bbox 203 3647 352 3718; x_wconf 91' lang='lat' dir='ltr'><strong>quod</strong></span> <span class='ocrx_word' id='word_1_538' title='bbox 372 3647 533 3702; x_wconf 91' lang='lat' dir='ltr'><strong>homo</strong></span> <span class='ocrx_word' id='word_1_539' title='bbox 567 3644 636 3701; x_wconf 93' lang='lat' dir='ltr'><strong>ad</strong></span> <span class='ocrx_word' id='word_1_540' title='bbox 666 3643 957 3716; x_wconf 91' lang='lat' dir='ltr'><strong>imaginem</strong></span> <span class='ocrx_word' id='word_1_541' title='bbox 984 3651 1040 3700; x_wconf 91' lang='lat' dir='ltr'><strong>et</strong></span> <span class='ocrx_word' id='word_1_542' title='bbox 1068 3641 1474 3699; x_wconf 91' lang='lat' dir='ltr'><strong>similitudinem</strong></span> <span class='ocrx_word' id='word_1_543' title='bbox 1501 3639 1598 3696; x_wconf 91' lang='lat' dir='ltr'><strong>Dei</strong></span> <span class='ocrx_word' id='word_1_544' title='bbox 1623 3637 1798 3696; x_wconf 85' lang='lat' dir='ltr'><strong>factus</strong></span> 
     </span>
    </p>
   </div>
   <div class='ocr_carea' id='block_1_68' title="bbox 203 3735 1329 3810">
    <p class='ocr_par' dir='ltr' id='par_1_68' title="bbox 203 3735 1329 3810">
     <span class='ocr_line' id='line_1_68' title="bbox 203 3735 1329 3810; baseline -0.007 -12"><span class='ocrx_word' id='word_1_545' title='bbox 203 3752 313 3810; x_wconf 89' lang='lat' dir='ltr'><strong>est,</strong></span> <span class='ocrx_word' id='word_1_546' title='bbox 355 3738 679 3798; x_wconf 86' lang='lat' dir='ltr'><strong>manufactis</strong></span> <span class='ocrx_word' id='word_1_547' title='bbox 707 3737 1032 3809; x_wconf 88' lang='lat' dir='ltr'><strong>imaginibus</strong></span> <span class='ocrx_word' id='word_1_548' title='bbox 1060 3735 1329 3794; x_wconf 88' lang='lat' dir='ltr'><strong>convenit.</strong></span> 
     </span>
    </p>
   </div>
   <div class='ocr_carea' id='block_1_69' title="bbox 807 3893 1205 3952">
    <p class='ocr_par' dir='ltr' id='par_1_69' title="bbox 807 3893 1205 3952">
     <span class='ocr_line' id='line_1_69' title="bbox 807 3893 1205 3952; baseline -0.008 -2"><span class='ocrx_word' id='word_1_549' title='bbox 807 3893 1033 3952; x_wconf 85' lang='lat' dir='ltr'><strong>CAPUT</strong></span> <span class='ocrx_word' id='word_1_550' title='bbox 1073 3893 1205 3951; x_wconf 82' lang='lat' dir='ltr'><strong>VIII.</strong></span> 
     </span>
    </p>
   </div>
   <div class='ocr_carea' id='block_1_70' title="bbox 206 4009 1799 4085">
    <p class='ocr_par' dir='ltr' id='par_1_70' title="bbox 206 4009 1799 4085">
     <span class='ocr_line' id='line_1_70' title="bbox 206 4009 1799 4085; baseline -0.004 -13"><span class='ocrx_word' id='word_1_551' title='bbox 206 4015 346 4085; x_wconf 77' lang='lat' dir='ltr'><strong>Qua:</strong></span> <span class='ocrx_word' id='word_1_552' title='bbox 368 4014 433 4070; x_wconf 75' lang='lat' dir='ltr'><strong>sit</strong></span> <span class='ocrx_word' id='word_1_553' title='bbox 453 4012 750 4083; x_wconf 74' lang='lat' dir='ltr'><strong>differentia</strong></span> <span class='ocrx_word' id='word_1_554' title='bbox 773 4012 1019 4085; x_wconf 72' lang='lat' dir='ltr'><strong>imaginis</strong></span> <span class='ocrx_word' id='word_1_555' title='bbox 1031 4019 1080 4085; x_wconf 92' lang='lat' dir='ltr'><strong>e_t</strong></span> <span class='ocrx_word' id='word_1_556' title='bbox 1103 4009 1468 4065; x_wconf 78' lang='lat' dir='ltr'><strong>similitudinis</strong></span> <span class='ocrx_word' id='word_1_557' title='bbox 1493 4009 1598 4065; x_wconf 78' lang='lat' dir='ltr'><strong>sive</strong></span> <span class='ocrx_word' id='word_1_558' title='bbox 1621 4026 1799 4081; x_wconf 70' lang='lat' dir='ltr'><strong>(equa-</strong></span> 
     </span>
    </p>
   </div>
   <div class='ocr_carea' id='block_1_71' title="bbox 924 4082 1112 4136">
    <p class='ocr_par' dir='ltr' id='par_1_71' title="bbox 924 4082 1112 4136">
     <span class='ocr_line' id='line_1_71' title="bbox 924 4082 1112 4136; baseline 0.005 -1"><span class='ocrx_word' id='word_1_559' title='bbox 924 4082 1112 4136; x_wconf 80' lang='lat' dir='ltr'><strong>litatis.</strong></span> 
     </span>
    </p>
   </div>
   <div class='ocr_carea' id='block_1_72' title="bbox 280 4195 1799 4267">
    <p class='ocr_par' dir='ltr' id='par_1_72' title="bbox 280 4195 1799 4267">
     <span class='ocr_line' id='line_1_72' title="bbox 280 4195 1799 4267; baseline -0.001 -14"><span class='ocrx_word' id='word_1_560' title='bbox 280 4195 574 4267; x_wconf 86' lang='lat' dir='ltr'><strong>Quoniam,</strong></span> <span class='ocrx_word' id='word_1_561' title='bbox 631 4195 928 4266; x_wconf 88' lang='lat' dir='ltr'><strong>opitulante</strong></span> <span class='ocrx_word' id='word_1_562' title='bbox 953 4196 1083 4263; x_wconf 90' lang='lat' dir='ltr'><strong>Deo,</strong></span> <span class='ocrx_word' id='word_1_563' title='bbox 1140 4197 1438 4252; x_wconf 89' lang='lat' dir='ltr'><strong>secundum</strong></span> <span class='ocrx_word' id='word_1_564' title='bbox 1469 4213 1659 4253; x_wconf 89' lang='lat' dir='ltr'><strong>sanam</strong></span> <span class='ocrx_word' id='word_1_565' title='bbox 1710 4212 1799 4252; x_wconf 86' lang='lat' dir='ltr'><strong>so-</strong></span> 
     </span>
    </p>
   </div>
   <div class='ocr_carea' id='block_1_73' title="bbox 205 4288 1803 4361">
    <p class='ocr_par' dir='ltr' id='par_1_73' title="bbox 205 4288 1803 4361">
     <span class='ocr_line' id='line_1_73' title="bbox 205 4288 1803 4361; baseline -0.003 -12"><span class='ocrx_word' id='word_1_566' title='bbox 205 4293 500 4361; x_wconf 86' lang='lat' dir='ltr'><strong>briamque</strong></span> <span class='ocrx_word' id='word_1_567' title='bbox 545 4288 849 4345; x_wconf 89' lang='lat' dir='ltr'><strong>doctrinam</strong></span> <span class='ocrx_word' id='word_1_568' title='bbox 898 4298 1209 4345; x_wconf 89' lang='lat' dir='ltr'><strong>sanctorum</strong></span> <span class='ocrx_word' id='word_1_569' title='bbox 1241 4288 1464 4343; x_wconf 89' lang='lat' dir='ltr'><strong>Patrum</strong></span> <span class='ocrx_word' id='word_1_570' title='bbox 1515 4289 1803 4344; x_wconf 88' lang='lat' dir='ltr'><strong>sententiis</strong></span> 
     </span>
    </p>
   </div>
   <div class='ocr_carea' id='block_1_74' title="bbox 207 4381 1804 4453">
    <p class='ocr_par' dir='ltr' id='par_1_74' title="bbox 207 4381 1804 4453">
     <span class='ocr_line' id='line_1_74' title="bbox 207 4381 1804 4453; baseline -0.003 -13"><span class='ocrx_word' id='word_1_571' title='bbox 207 4384 445 4450; x_wconf 89' lang='lat' dir='ltr'><strong>imbuti,</strong></span> <span class='ocrx_word' id='word_1_572' title='bbox 476 4382 711 4453; x_wconf 88' lang='lat' dir='ltr'><strong>qualiter</strong></span> <span class='ocrx_word' id='word_1_573' title='bbox 739 4382 1146 4453; x_wconf 83' lang='lat' dir='ltr'><strong>intelligendum</strong></span> <span class='ocrx_word' id='word_1_574' title='bbox 1177 4381 1248 4437; x_wconf 88' lang='lat' dir='ltr'><strong>sit</strong></span> <span class='ocrx_word' id='word_1_575' title='bbox 1283 4381 1428 4452; x_wconf 91' lang='lat' dir='ltr'><strong>quod</strong></span> <span class='ocrx_word' id='word_1_576' title='bbox 1453 4381 1595 4436; x_wconf 83' lang='lat' dir='ltr'><strong>Deus</strong></span> <span class='ocrx_word' id='word_1_577' title='bbox 1636 4382 1804 4436; x_wconf 83' lang='lat' dir='ltr'><strong>homi-</strong></span> 
     </span>
    </p>
   </div>
   <div class='ocr_carea' id='block_1_75' title="bbox 207 4451 1803 4545">
    <p class='ocr_par' dir='ltr' id='par_1_75' title="bbox 207 4451 1803 4545">
     <span class='ocr_line' id='line_1_75' title="bbox 207 4451 1803 4545; baseline -0.002 -13"><span class='ocrx_word' id='word_1_578' title='bbox 207 4493 332 4532; x_wconf 86' lang='lat' dir='ltr'><strong>nem</strong></span> <span class='ocrx_word' id='word_1_579' title='bbox 376 4475 445 4528; x_wconf 88' lang='lat' dir='ltr'><strong>ad</strong></span> <span class='ocrx_word' id='word_1_580' title='bbox 487 4475 768 4545; x_wconf 81' lang='lat' dir='ltr'><strong>imaginem</strong></span> <span class='ocrx_word' id='word_1_581' title='bbox 818 4451 868 4530; x_wconf 59' lang='lat' dir='ltr'><strong>ei</strong></span> <span class='ocrx_word' id='word_1_582' title='bbox 902 4473 1301 4529; x_wconf 76' lang='lat' dir='ltr'><strong>similitudinem</strong></span> <span class='ocrx_word' id='word_1_583' title='bbox 1351 4491 1502 4529; x_wconf 82' lang='lat' dir='ltr'><strong>suam</strong></span> <span class='ocrx_word' id='word_1_584' title='bbox 1551 4477 1803 4530; x_wconf 82' lang='lat' dir='ltr'><strong>creaverit</strong></span> 
     </span>
    </p>
   </div>
   <div class='ocr_carea' id='block_1_76' title="bbox 1904 3261 3492 3334">
    <p class='ocr_par' dir='ltr' id='par_1_76' title="bbox 1904 3261 3492 3334">
     <span class='ocr_line' id='line_1_76' title="bbox 1904 3261 3492 3334; baseline 0.001 -17"><span class='ocrx_word' id='word_1_585' title='bbox 1904 3261 2080 3317; x_wconf 91' lang='lat' dir='ltr'><strong>simile</strong></span> <span class='ocrx_word' id='word_1_586' title='bbox 2105 3270 2190 3316; x_wconf 91' lang='lat' dir='ltr'><strong>est</strong></span> <span class='ocrx_word' id='word_1_587' title='bbox 2232 3279 2246 3316; x_wconf 86' lang='lat'><strong>:</strong></span> <span class='ocrx_word' id='word_1_588' title='bbox 2275 3263 2370 3318; x_wconf 90' lang='lat' dir='ltr'><strong>sed</strong></span> <span class='ocrx_word' id='word_1_589' title='bbox 2395 3277 2556 3316; x_wconf 89' lang='lat' dir='ltr'><strong>ovum</strong></span> <span class='ocrx_word' id='word_1_590' title='bbox 2583 3264 2820 3333; x_wconf 88' lang='lat' dir='ltr'><strong>perdicis</strong></span> <span class='ocrx_word' id='word_1_591' title='bbox 2854 3264 3118 3332; x_wconf 87' lang='lat' dir='ltr'><strong>quamvis,</strong></span> <span class='ocrx_word' id='word_1_592' title='bbox 3147 3263 3203 3318; x_wconf 94' lang='lat' dir='ltr'><strong>in</strong></span> <span class='ocrx_word' id='word_1_593' title='bbox 3232 3274 3492 3334; x_wconf 89' lang='lat' dir='ltr'><strong>quantum</strong></span> 
     </span>
    </p>
   </div>
   <div class='ocr_carea' id='block_1_77' title="bbox 1903 3353 3492 3426">
    <p class='ocr_par' dir='ltr' id='par_1_77' title="bbox 1903 3353 3492 3426">
     <span class='ocr_line' id='line_1_77' title="bbox 1903 3353 3492 3426; baseline 0.002 -19"><span class='ocrx_word' id='word_1_594' title='bbox 1903 3361 1988 3407; x_wconf 89' lang='lat' dir='ltr'><strong>est</strong></span> <span class='ocrx_word' id='word_1_595' title='bbox 2020 3368 2216 3419; x_wconf 91' lang='lat' dir='ltr'><strong>ovum,</strong></span> <span class='ocrx_word' id='word_1_596' title='bbox 2245 3353 2425 3408; x_wconf 90' lang='lat' dir='ltr'><strong>simile</strong></span> <span class='ocrx_word' id='word_1_597' title='bbox 2455 3355 2526 3408; x_wconf 88' lang='lat' dir='ltr'><strong>sit</strong></span> <span class='ocrx_word' id='word_1_598' title='bbox 2550 3368 2652 3408; x_wconf 86' lang='lat' dir='ltr'><strong>ovo</strong></span> <span class='ocrx_word' id='word_1_599' title='bbox 2681 3354 2890 3424; x_wconf 70' lang='lat' dir='ltr'><strong>gallina:</strong></span> <span class='ocrx_word' id='word_1_600' title='bbox 2913 3395 2928 3420; x_wconf 92' lang='lat'><strong>,</strong></span> <span class='ocrx_word' id='word_1_601' title='bbox 2962 3370 3062 3410; x_wconf 88' lang='lat' dir='ltr'><strong>nec</strong></span> <span class='ocrx_word' id='word_1_602' title='bbox 3090 3355 3268 3426; x_wconf 89' lang='lat' dir='ltr'><strong>imago</strong></span> <span class='ocrx_word' id='word_1_603' title='bbox 3311 3364 3492 3410; x_wconf 89' lang='lat' dir='ltr'><strong>tamen</strong></span> 
     </span>
    </p>
   </div>
   <div class='ocr_carea' id='block_1_78' title="bbox 1902 3441 3486 3514">
    <p class='ocr_par' dir='ltr' id='par_1_78' title="bbox 1902 3441 3486 3514">
     <span class='ocr_line' id='line_1_78' title="bbox 1902 3441 3486 3514; baseline 0.001 -16"><span class='ocrx_word' id='word_1_604' title='bbox 1902 3441 2018 3512; x_wconf 85' lang='lat' dir='ltr'><strong>ejus</strong></span> <span class='ocrx_word' id='word_1_605' title='bbox 2040 3453 2142 3508; x_wconf 87' lang='lat' dir='ltr'><strong>est,</strong></span> <span class='ocrx_word' id='word_1_606' title='bbox 2169 3443 2295 3512; x_wconf 91' lang='lat' dir='ltr'><strong>quia</strong></span> <span class='ocrx_word' id='word_1_607' title='bbox 2317 3459 2427 3498; x_wconf 93' lang='lat' dir='ltr'><strong>non</strong></span> <span class='ocrx_word' id='word_1_608' title='bbox 2449 3444 2514 3498; x_wconf 92' lang='lat' dir='ltr'><strong>de</strong></span> <span class='ocrx_word' id='word_1_609' title='bbox 2535 3443 2626 3498; x_wconf 92' lang='lat' dir='ltr'><strong>illo</strong></span> <span class='ocrx_word' id='word_1_610' title='bbox 2648 3459 2964 3513; x_wconf 77' lang='lat' dir='ltr'><strong>expressum</strong></span> <span class='ocrx_word' id='word_1_611' title='bbox 2988 3451 3072 3500; x_wconf 91' lang='lat' dir='ltr'><strong>cst</strong></span> <span class='ocrx_word' id='word_1_612' title='bbox 3095 3462 3107 3496; x_wconf 90' lang='lat'><strong>:</strong></span> <span class='ocrx_word' id='word_1_613' title='bbox 3136 3460 3237 3500; x_wconf 89' lang='lat' dir='ltr'><strong>nec</strong></span> <span class='ocrx_word' id='word_1_614' title='bbox 3258 3445 3486 3514; x_wconf 81' lang='lat' dir='ltr'><strong>aequale,</strong></span> 
     </span>
    </p>
   </div>
   <div class='ocr_carea' id='block_1_79' title="bbox 1901 3519 3488 3605">
    <p class='ocr_par' dir='ltr' id='par_1_79' title="bbox 1901 3519 3488 3605">
     <span class='ocr_line' id='line_1_79' title="bbox 1901 3519 3488 3605; baseline -0.001 -17"><span class='ocrx_word' id='word_1_615' title='bbox 1901 3519 2029 3605; x_wconf 84' lang='lat' dir='ltr'><strong>quia</strong></span> <span class='ocrx_word' id='word_1_616' title='bbox 2085 3533 2303 3589; x_wconf 88' lang='lat' dir='ltr'><strong>brevius</strong></span> <span class='ocrx_word' id='word_1_617' title='bbox 2340 3541 2452 3599; x_wconf 89' lang='lat' dir='ltr'><strong>est,</strong></span> <span class='ocrx_word' id='word_1_618' title='bbox 2490 3541 2573 3588; x_wconf 88' lang='lat' dir='ltr'><strong>est</strong></span> <span class='ocrx_word' id='word_1_619' title='bbox 2612 3541 2667 3587; x_wconf 90' lang='lat' dir='ltr'><strong>et</strong></span> <span class='ocrx_word' id='word_1_620' title='bbox 2705 3533 2931 3588; x_wconf 88' lang='lat' dir='ltr'><strong>alterius</strong></span> <span class='ocrx_word' id='word_1_621' title='bbox 2973 3533 3186 3603; x_wconf 88' lang='lat' dir='ltr'><strong>generis</strong></span> <span class='ocrx_word' id='word_1_622' title='bbox 3238 3533 3488 3587; x_wconf 90' lang='lat' dir='ltr'><strong>animan-</strong></span> 
     </span>
    </p>
   </div>
   <div class='ocr_carea' id='block_1_80' title="bbox 1899 3626 3489 3697">
    <p class='ocr_par' dir='ltr' id='par_1_80' title="bbox 1899 3626 3489 3697">
     <span class='ocr_line' id='line_1_80' title="bbox 1899 3626 3489 3697; baseline -0.003 -13"><span class='ocrx_word' id='word_1_623' title='bbox 1899 3629 2056 3684; x_wconf 87' lang='lat' dir='ltr'><strong>tium.</strong></span> <span class='ocrx_word' id='word_1_624' title='bbox 2099 3627 2206 3683; x_wconf 90' lang='lat' dir='ltr'><strong>Sed</strong></span> <span class='ocrx_word' id='word_1_625' title='bbox 2243 3627 2335 3682; x_wconf 89' lang='lat' dir='ltr'><strong>ubi</strong></span> <span class='ocrx_word' id='word_1_626' title='bbox 2371 3627 2588 3691; x_wconf 91' lang='lat' dir='ltr'><strong>dicitur,</strong></span> <span class='ocrx_word' id='word_1_627' title='bbox 2621 3642 2729 3683; x_wconf 89' lang='lat' dir='ltr'><strong>non</strong></span> <span class='ocrx_word' id='word_1_628' title='bbox 2753 3629 3032 3692; x_wconf 91' lang='lat' dir='ltr'><strong>continuo,</strong></span> <span class='ocrx_word' id='word_1_629' title='bbox 3067 3627 3254 3697; x_wconf 90' lang='lat' dir='ltr'><strong>utique</strong></span> <span class='ocrx_word' id='word_1_630' title='bbox 3289 3626 3489 3681; x_wconf 81' lang='lat' dir='ltr'><strong>intelli-</strong></span> 
     </span>
    </p>
   </div>
   <div class='ocr_carea' id='block_1_81' title="bbox 1901 3723 3492 3800">
    <p class='ocr_par' dir='ltr' id='par_1_81' title="bbox 1901 3723 3492 3800">
     <span class='ocr_line' id='line_1_81' title="bbox 1901 3723 3492 3800; baseline -0.002 -18"><span class='ocrx_word' id='word_1_631' title='bbox 1901 3727 2046 3800; x_wconf 88' lang='lat' dir='ltr'><strong>gitur</strong></span> <span class='ocrx_word' id='word_1_632' title='bbox 2077 3725 2203 3796; x_wconf 92' lang='lat' dir='ltr'><strong>quia</strong></span> <span class='ocrx_word' id='word_1_633' title='bbox 2233 3739 2355 3780; x_wconf 92' lang='lat' dir='ltr'><strong>csse</strong></span> <span class='ocrx_word' id='word_1_634' title='bbox 2399 3723 2689 3793; x_wconf 88' lang='lat' dir='ltr'><strong>aliquando</strong></span> <span class='ocrx_word' id='word_1_635' title='bbox 2720 3731 2898 3794; x_wconf 89' lang='lat' dir='ltr'><strong>potest</strong></span> <span class='ocrx_word' id='word_1_636' title='bbox 2931 3741 2944 3776; x_wconf 90' lang='lat'><strong>:</strong></span> <span class='ocrx_word' id='word_1_637' title='bbox 2980 3730 3157 3792; x_wconf 85' lang='lat' dir='ltr'><strong>potest</strong></span> <span class='ocrx_word' id='word_1_638' title='bbox 3195 3737 3329 3794; x_wconf 89' lang='lat' dir='ltr'><strong>ergo</strong></span> <span class='ocrx_word' id='word_1_639' title='bbox 3370 3737 3492 3779; x_wconf 85' lang='lat' dir='ltr'><strong>esse</strong></span> 
     </span>
    </p>
   </div>
   <div class='ocr_carea' id='block_1_82' title="bbox 1901 3815 3486 3890">
    <p class='ocr_par' dir='ltr' id='par_1_82' title="bbox 1901 3815 3486 3890">
     <span class='ocr_line' id='line_1_82' title="bbox 1901 3815 3486 3890; baseline -0.004 -15"><span class='ocrx_word' id='word_1_640' title='bbox 1901 3821 2080 3890; x_wconf 90' lang='lat' dir='ltr'><strong>aliqua</strong></span> <span class='ocrx_word' id='word_1_641' title='bbox 2106 3819 2282 3889; x_wconf 89' lang='lat' dir='ltr'><strong>imago</strong></span> <span class='ocrx_word' id='word_1_642' title='bbox 2311 3817 2366 3872; x_wconf 90' lang='lat' dir='ltr'><strong>in</strong></span> <span class='ocrx_word' id='word_1_643' title='bbox 2392 3831 2498 3886; x_wconf 92' lang='lat' dir='ltr'><strong>qua</strong></span> <span class='ocrx_word' id='word_1_644' title='bbox 2528 3816 2598 3871; x_wconf 90' lang='lat' dir='ltr'><strong>sit</strong></span> <span class='ocrx_word' id='word_1_645' title='bbox 2625 3815 2788 3870; x_wconf 91' lang='lat' dir='ltr'><strong>etiam</strong></span> <span class='ocrx_word' id='word_1_646' title='bbox 2835 3815 3153 3884; x_wconf 75' lang='lat' dir='ltr'><strong>aequalitas:</strong></span> <span class='ocrx_word' id='word_1_647' title='bbox 3183 3823 3242 3870; x_wconf 94' lang='lat' dir='ltr'><strong>ut</strong></span> <span class='ocrx_word' id='word_1_648' title='bbox 3288 3815 3342 3870; x_wconf 93' lang='lat' dir='ltr'><strong>in</strong></span> <span class='ocrx_word' id='word_1_649' title='bbox 3388 3830 3486 3885; x_wconf 88' lang='lat' dir='ltr'><strong>pa-</strong></span> 
     </span>
    </p>
   </div>
   <div class='ocr_carea' id='block_1_83' title="bbox 1901 3910 3489 3981">
    <p class='ocr_par' dir='ltr' id='par_1_83' title="bbox 1901 3910 3489 3981">
     <span class='ocr_line' id='line_1_83' title="bbox 1901 3910 3489 3981; baseline -0.003 -11"><span class='ocrx_word' id='word_1_650' title='bbox 1901 3913 2148 3970; x_wconf 87' lang='lat' dir='ltr'><strong>rentibus</strong></span> <span class='ocrx_word' id='word_1_651' title='bbox 2173 3921 2228 3966; x_wconf 88' lang='lat' dir='ltr'><strong>et</strong></span> <span class='ocrx_word' id='word_1_652' title='bbox 2257 3911 2394 3980; x_wconf 41' lang='lat' dir='ltr'><strong>‘ﬁliis</strong></span> <span class='ocrx_word' id='word_1_653' title='bbox 2421 3911 2755 3966; x_wconf 89' lang='lat' dir='ltr'><strong>inveniretur</strong></span> <span class='ocrx_word' id='word_1_654' title='bbox 2787 3911 2986 3981; x_wconf 90' lang='lat' dir='ltr'><strong>imago,</strong></span> <span class='ocrx_word' id='word_1_655' title='bbox 3019 3918 3073 3966; x_wconf 95' lang='lat' dir='ltr'><strong>et</strong></span> <span class='ocrx_word' id='word_1_656' title='bbox 3097 3910 3400 3981; x_wconf 84' lang='lat' dir='ltr'><strong>aequalitas,</strong></span> <span class='ocrx_word' id='word_1_657' title='bbox 3432 3917 3489 3966; x_wconf 88' lang='lat' dir='ltr'><strong>et</strong></span> 
     </span>
    </p>
   </div>
   <div class='ocr_carea' id='block_1_84' title="bbox 1901 3992 3492 4078">
    <p class='ocr_par' dir='ltr' id='par_1_84' title="bbox 1901 3992 3492 4078">
     <span class='ocr_line' id='line_1_84' title="bbox 1901 3992 3492 4078; baseline -0.003 -10"><span class='ocrx_word' id='word_1_658' title='bbox 1901 3992 2226 4074; x_wconf 85' lang='lat' dir='ltr'><strong>similitudo,</strong></span> <span class='ocrx_word' id='word_1_659' title='bbox 2265 4009 2312 4064; x_wconf 89' lang='lat' dir='ltr'><strong>si</strong></span> <span class='ocrx_word' id='word_1_660' title='bbox 2355 4007 2699 4064; x_wconf 86' lang='lat' dir='ltr'><strong>intervallum</strong></span> <span class='ocrx_word' id='word_1_661' title='bbox 2729 4009 2990 4078; x_wconf 91' lang='lat' dir='ltr'><strong>temporis</strong></span> <span class='ocrx_word' id='word_1_662' title='bbox 3035 4008 3322 4064; x_wconf 78' lang='lat' dir='ltr'><strong>defuisset;</strong></span> <span class='ocrx_word' id='word_1_663' title='bbox 3354 4007 3492 4064; x_wconf 89' lang='lat' dir='ltr'><strong>Nam</strong></span> 
     </span>
    </p>
   </div>
   <div class='ocr_carea' id='block_1_85' title="bbox 1903 4099 3492 4171">
    <p class='ocr_par' dir='ltr' id='par_1_85' title="bbox 1903 4099 3492 4171">
     <span class='ocr_line' id='line_1_85' title="bbox 1903 4099 3492 4171; baseline -0.001 -14"><span class='ocrx_word' id='word_1_664' title='bbox 1903 4109 1957 4158; x_wconf 91' lang='lat' dir='ltr'><strong>et</strong></span> <span class='ocrx_word' id='word_1_665' title='bbox 1987 4102 2051 4157; x_wconf 91' lang='lat' dir='ltr'><strong>de</strong></span> <span class='ocrx_word' id='word_1_666' title='bbox 2077 4107 2302 4171; x_wconf 87' lang='lat' dir='ltr'><strong>parente</strong></span> <span class='ocrx_word' id='word_1_667' title='bbox 2347 4113 2608 4169; x_wconf 77' lang='lat' dir='ltr'><strong>expressa</strong></span> <span class='ocrx_word' id='word_1_668' title='bbox 2652 4107 2734 4154; x_wconf 91' lang='lat' dir='ltr'><strong>est</strong></span> <span class='ocrx_word' id='word_1_669' title='bbox 2769 4099 3068 4155; x_wconf 89' lang='lat' dir='ltr'><strong>similitudo</strong></span> <span class='ocrx_word' id='word_1_670' title='bbox 3093 4099 3211 4166; x_wconf 86' lang='lat' dir='ltr'><strong>ﬁlii,</strong></span> <span class='ocrx_word' id='word_1_671' title='bbox 3243 4108 3304 4156; x_wconf 87' lang='lat' dir='ltr'><strong>ut</strong></span> <span class='ocrx_word' id='word_1_672' title='bbox 3346 4109 3492 4156; x_wconf 87' lang='lat' dir='ltr'><strong>recte</strong></span> 
     </span>
    </p>
   </div>
   <div class='ocr_carea' id='block_1_86' title="bbox 1903 4194 3492 4267">
    <p class='ocr_par' dir='ltr' id='par_1_86' title="bbox 1903 4194 3492 4267">
     <span class='ocr_line' id='line_1_86' title="bbox 1903 4194 3492 4267; baseline -0.002 -14"><span class='ocrx_word' id='word_1_673' title='bbox 1903 4197 2082 4267; x_wconf 88' lang='lat' dir='ltr'><strong>imago</strong></span> <span class='ocrx_word' id='word_1_674' title='bbox 2115 4194 2360 4260; x_wconf 89' lang='lat' dir='ltr'><strong>dicatur,</strong></span> <span class='ocrx_word' id='word_1_675' title='bbox 2392 4202 2448 4248; x_wconf 91' lang='lat' dir='ltr'><strong>et</strong></span> <span class='ocrx_word' id='word_1_676' title='bbox 2470 4200 2650 4263; x_wconf 89' lang='lat' dir='ltr'><strong>potest</strong></span> <span class='ocrx_word' id='word_1_677' title='bbox 2674 4209 2796 4249; x_wconf 91' lang='lat' dir='ltr'><strong>csse</strong></span> <span class='ocrx_word' id='word_1_678' title='bbox 2839 4200 2990 4249; x_wconf 90' lang='lat' dir='ltr'><strong>tanta</strong></span> <span class='ocrx_word' id='word_1_679' title='bbox 3012 4234 3027 4260; x_wconf 94' lang='lat'><strong>,</strong></span> <span class='ocrx_word' id='word_1_680' title='bbox 3057 4203 3116 4249; x_wconf 93' lang='lat' dir='ltr'><strong>ut</strong></span> <span class='ocrx_word' id='word_1_681' title='bbox 3146 4205 3294 4250; x_wconf 92' lang='lat' dir='ltr'><strong>recte</strong></span> <span class='ocrx_word' id='word_1_682' title='bbox 3324 4195 3492 4250; x_wconf 89' lang='lat' dir='ltr'><strong>etiam</strong></span> 
     </span>
    </p>
   </div>
   <div class='ocr_carea' id='block_1_87' title="bbox 1903 4286 3493 4359">
    <p class='ocr_par' dir='ltr' id='par_1_87' title="bbox 1903 4286 3493 4359">
     <span class='ocr_line' id='line_1_87' title="bbox 1903 4286 3493 4359; baseline -0.003 -12"><span class='ocrx_word' id='word_1_683' title='bbox 1903 4290 2116 4347; x_wconf 87' lang='lat' dir='ltr'><strong>dicatur</strong></span> <span class='ocrx_word' id='word_1_684' title='bbox 2141 4287 2453 4359; x_wconf 64' lang='lat' dir='ltr'><strong>aequalitas,</strong></span> <span class='ocrx_word' id='word_1_685' title='bbox 2484 4286 2588 4341; x_wconf 92' lang='lat' dir='ltr'><strong>nisi</strong></span> <span class='ocrx_word' id='word_1_686' title='bbox 2616 4287 2760 4358; x_wconf 91' lang='lat' dir='ltr'><strong>quod</strong></span> <span class='ocrx_word' id='word_1_687' title='bbox 2787 4302 2985 4357; x_wconf 89' lang='lat' dir='ltr'><strong>parens</strong></span> <span class='ocrx_word' id='word_1_688' title='bbox 3012 4294 3256 4356; x_wconf 86' lang='lat' dir='ltr'><strong>tempore</strong></span> <span class='ocrx_word' id='word_1_689' title='bbox 3291 4302 3493 4356; x_wconf 80' lang='lat' dir='ltr'><strong>praece-</strong></span> 
     </span>
    </p>
   </div>
   <div class='ocr_carea' id='block_1_88' title="bbox 1904 4379 3591 4452">
    <p class='ocr_par' dir='ltr' id='par_1_88' title="bbox 1904 4379 3591 4452">
     <span class='ocr_line' id='line_1_88' title="bbox 1904 4379 3591 4452; baseline -0.002 -14"><span class='ocrx_word' id='word_1_690' title='bbox 1904 4383 2003 4448; x_wconf 93' lang='lat' dir='ltr'><strong>dit,</strong></span> <span class='ocrx_word' id='word_1_691' title='bbox 2057 4399 2124 4436; x_wconf 79' lang='lat' dir='ltr'><strong>ex</strong></span> <span class='ocrx_word' id='word_1_692' title='bbox 2171 4398 2278 4452; x_wconf 90' lang='lat' dir='ltr'><strong>quo</strong></span> <span class='ocrx_word' id='word_1_693' title='bbox 2327 4379 2648 4448; x_wconf 85' lang='lat' dir='ltr'><strong>intelligitur</strong></span> <span class='ocrx_word' id='word_1_694' title='bbox 2695 4388 2750 4435; x_wconf 92' lang='lat' dir='ltr'><strong>et</strong></span> <span class='ocrx_word' id='word_1_695' title='bbox 2790 4379 3154 4451; x_wconf 76' lang='lat' dir='ltr'><strong>zequalitatem</strong></span> <span class='ocrx_word' id='word_1_696' title='bbox 3206 4379 3495 4450; x_wconf 88' lang='lat' dir='ltr'><strong>aliquando</strong></span> <span class='ocrx_word' id='word_1_697' title='bbox 3587 4391 3591 4394; x_wconf 80' lang='lat'><em>‘</em></span> 
     </span>
    </p>
   </div>
   <div class='ocr_carea' id='block_1_89' title="bbox 1905 4471 3498 4543">
    <p class='ocr_par' dir='ltr' id='par_1_89' title="bbox 1905 4471 3498 4543">
     <span class='ocr_line' id='line_1_89' title="bbox 1905 4471 3498 4543; baseline -0.003 -10"><span class='ocrx_word' id='word_1_698' title='bbox 1905 4493 2015 4533; x_wconf 89' lang='lat' dir='ltr'><strong>non</strong></span> <span class='ocrx_word' id='word_1_699' title='bbox 2042 4474 2218 4532; x_wconf 90' lang='lat' dir='ltr'><strong>solum</strong></span> <span class='ocrx_word' id='word_1_700' title='bbox 2264 4473 2675 4530; x_wconf 88' lang='lat' dir='ltr'><strong>similitudinem</strong></span> <span class='ocrx_word' id='word_1_701' title='bbox 2718 4473 2951 4539; x_wconf 87' lang='lat' dir='ltr'><strong>habere,</strong></span> <span class='ocrx_word' id='word_1_702' title='bbox 2984 4473 3080 4528; x_wconf 89' lang='lat' dir='ltr'><strong>sed</strong></span> <span class='ocrx_word' id='word_1_703' title='bbox 3112 4471 3274 4526; x_wconf 90' lang='lat' dir='ltr'><strong>etiam</strong></span> <span class='ocrx_word' id='word_1_704' title='bbox 3305 4471 3498 4543; x_wconf 85' lang='lat' dir='ltr'><strong>imagi-</strong></span> 
     </span>
    </p>
   </div>
   <div class='ocr_carea' id='block_1_90' title="bbox 207 4560 3492 4640">
    <p class='ocr_par' dir='ltr' id='par_1_90' title="bbox 207 4560 3492 4640">
     <span class='ocr_line' id='line_1_90' title="bbox 207 4560 3492 4640; baseline -0.001 -18"><span class='ocrx_word' id='word_1_705' title='bbox 207 4567 374 4640; x_wconf 80' lang='lat' dir='ltr'><strong>(Gen.</strong></span> <span class='ocrx_word' id='word_1_706' title='bbox 404 4564 476 4637; x_wconf 86' lang='lat' dir='ltr'><strong>l),</strong></span> <span class='ocrx_word' id='word_1_707' title='bbox 519 4566 762 4621; x_wconf 79' lang='lat' dir='ltr'><strong>exsecuti</strong></span> <span class='ocrx_word' id='word_1_708' title='bbox 805 4582 1024 4633; x_wconf 91' lang='lat' dir='ltr'><strong>sumus,</strong></span> <span class='ocrx_word' id='word_1_709' title='bbox 1060 4582 1204 4622; x_wconf 91' lang='lat' dir='ltr'><strong>nunc</strong></span> <span class='ocrx_word' id='word_1_710' title='bbox 1233 4581 1411 4636; x_wconf 67' lang='lat' dir='ltr'><strong>operte</strong></span> <span class='ocrx_word' id='word_1_711' title='bbox 1449 4566 1684 4636; x_wconf 91' lang='lat' dir='ltr'><strong>pretium</strong></span> <span class='ocrx_word' id='word_1_712' title='bbox 1721 4575 1804 4623; x_wconf 91' lang='lat' dir='ltr'><strong>est</strong></span> <span class='ocrx_word' id='word_1_713' title='bbox 1831 4568 1886 4634; x_wconf 81' lang='lat' dir='ltr'><strong>D</strong></span> <span class='ocrx_word' id='word_1_714' title='bbox 1911 4580 2065 4631; x_wconf 90' lang='lat' dir='ltr'><strong>nem,</strong></span> <span class='ocrx_word' id='word_1_715' title='bbox 2103 4563 2249 4635; x_wconf 92' lang='lat' dir='ltr'><strong>quod</strong></span> <span class='ocrx_word' id='word_1_716' title='bbox 2293 4564 2347 4618; x_wconf 94' lang='lat' dir='ltr'><strong>in</strong></span> <span class='ocrx_word' id='word_1_717' title='bbox 2385 4563 2663 4634; x_wconf 87' lang='lat' dir='ltr'><strong>superiore</strong></span> <span class='ocrx_word' id='word_1_718' title='bbox 2710 4562 2959 4633; x_wconf 80' lang='lat' dir='ltr'><strong>exemplo</strong></span> <span class='ocrx_word' id='word_1_719' title='bbox 2995 4560 3341 4618; x_wconf 87' lang='lat' dir='ltr'><strong>manifestum</strong></span> <span class='ocrx_word' id='word_1_720' title='bbox 3389 4571 3492 4619; x_wconf 91' lang='lat' dir='ltr'><strong>est.</strong></span> 
     </span>
    </p>
   </div>
   <div class='ocr_carea' id='block_1_91' title="bbox 206 4657 1805 4730">
    <p class='ocr_par' dir='ltr' id='par_1_91' title="bbox 206 4657 1805 4730">
     <span class='ocr_line' id='line_1_91' title="bbox 206 4657 1805 4730; baseline -0.001 -15"><span class='ocrx_word' id='word_1_721' title='bbox 206 4670 273 4715; x_wconf 91' lang='lat' dir='ltr'><strong>ut</strong></span> <span class='ocrx_word' id='word_1_722' title='bbox 303 4675 429 4730; x_wconf 73' lang='lat' dir='ltr'><strong>qua:</strong></span> <span class='ocrx_word' id='word_1_723' title='bbox 461 4658 533 4713; x_wconf 90' lang='lat' dir='ltr'><strong>sit</strong></span> <span class='ocrx_word' id='word_1_724' title='bbox 561 4657 864 4713; x_wconf 77' lang='lat' dir='ltr'><strong>differentia</strong></span> <span class='ocrx_word' id='word_1_725' title='bbox 911 4658 1164 4729; x_wconf 89' lang='lat' dir='ltr'><strong>imaginis</strong></span> <span class='ocrx_word' id='word_1_726' title='bbox 1189 4666 1244 4713; x_wconf 91' lang='lat' dir='ltr'><strong>et</strong></span> <span class='ocrx_word' id='word_1_727' title='bbox 1276 4657 1678 4726; x_wconf 89' lang='lat' dir='ltr'><strong>similitudinis,</strong></span> <span class='ocrx_word' id='word_1_728' title='bbox 1709 4674 1805 4715; x_wconf 90' lang='lat' dir='ltr'><strong>seu</strong></span> 
     </span>
    </p>
   </div>
   <div class='ocr_carea' id='block_1_92' title="bbox 206 4749 1806 4823">
    <p class='ocr_par' dir='ltr' id='par_1_92' title="bbox 206 4749 1806 4823">
     <span class='ocr_line' id='line_1_92' title="bbox 206 4749 1806 4823; baseline 0.001 -16"><span class='ocrx_word' id='word_1_729' title='bbox 206 4752 384 4808; x_wconf 89' lang='lat' dir='ltr'><strong>etiam</strong></span> <span class='ocrx_word' id='word_1_730' title='bbox 415 4749 774 4820; x_wconf 71' lang='lat' dir='ltr'><strong>:equalitatis,</strong></span> <span class='ocrx_word' id='word_1_731' title='bbox 804 4751 1043 4806; x_wconf 89' lang='lat' dir='ltr'><strong>breviter</strong></span> <span class='ocrx_word' id='word_1_732' title='bbox 1072 4765 1436 4821; x_wconf 79' lang='lat' dir='ltr'><strong>exsequamur</strong></span> <span class='ocrx_word' id='word_1_733' title='bbox 1481 4770 1495 4807; x_wconf 87' lang='lat'><strong>:</strong></span> <span class='ocrx_word' id='word_1_734' title='bbox 1539 4761 1806 4823; x_wconf 88' lang='lat' dir='ltr'><strong>quatenus</strong></span> 
     </span>
    </p>
   </div>
   <div class='ocr_carea' id='block_1_93' title="bbox 206 4842 1807 4915">
    <p class='ocr_par' dir='ltr' id='par_1_93' title="bbox 206 4842 1807 4915">
     <span class='ocr_line' id='line_1_93' title="bbox 206 4842 1807 4915; baseline 0.001 -15"><span class='ocrx_word' id='word_1_735' title='bbox 206 4853 268 4900; x_wconf 90' lang='lat' dir='ltr'><strong>et</strong></span> <span class='ocrx_word' id='word_1_736' title='bbox 295 4843 376 4898; x_wconf 90' lang='lat' dir='ltr'><strong>illi</strong></span> <span class='ocrx_word' id='word_1_737' title='bbox 403 4843 498 4914; x_wconf 91' lang='lat' dir='ltr'><strong>qui</strong></span> <span class='ocrx_word' id='word_1_738' title='bbox 529 4843 600 4898; x_wconf 89' lang='lat' dir='ltr'><strong>ob</strong></span> <span class='ocrx_word' id='word_1_739' title='bbox 642 4842 945 4898; x_wconf 90' lang='lat' dir='ltr'><strong>adorandas</strong></span> <span class='ocrx_word' id='word_1_740' title='bbox 990 4843 1255 4914; x_wconf 90' lang='lat' dir='ltr'><strong>imagines</strong></span> <span class='ocrx_word' id='word_1_741' title='bbox 1276 4858 1376 4915; x_wconf 90' lang='lat' dir='ltr'><strong>per</strong></span> <span class='ocrx_word' id='word_1_742' title='bbox 1402 4853 1649 4915; x_wconf 88' lang='lat' dir='ltr'><strong>patentes</strong></span> <span class='ocrx_word' id='word_1_743' title='bbox 1691 4846 1807 4902; x_wconf 89' lang='lat' dir='ltr'><strong>ina-</strong></span> 
     </span>
    </p>
   </div>
   <div class='ocr_carea' id='block_1_94' title="bbox 207 4934 1806 5006">
    <p class='ocr_par' dir='ltr' id='par_1_94' title="bbox 207 4934 1806 5006">
     <span class='ocr_line' id='line_1_94' title="bbox 207 4934 1806 5006; baseline 0.002 -14"><span class='ocrx_word' id='word_1_744' title='bbox 207 4937 373 4992; x_wconf 87' lang='lat' dir='ltr'><strong>nium</strong></span> <span class='ocrx_word' id='word_1_745' title='bbox 416 4934 780 4990; x_wconf 90' lang='lat' dir='ltr'><strong>assertionum</strong></span> <span class='ocrx_word' id='word_1_746' title='bbox 810 4949 1030 5006; x_wconf 87' lang='lat' dir='ltr'><strong>campos</strong></span> <span class='ocrx_word' id='word_1_747' title='bbox 1057 4935 1286 4992; x_wconf 81' lang='lat' dir='ltr'><strong>etl‘renes</strong></span> <span class='ocrx_word' id='word_1_748' title='bbox 1314 4935 1581 5005; x_wconf 87' lang='lat' dir='ltr'><strong>feruntur,</strong></span> <span class='ocrx_word' id='word_1_749' title='bbox 1611 4938 1806 4995; x_wconf 88' lang='lat' dir='ltr'><strong>borum</strong></span> 
     </span>
    </p>
   </div>
   <div class='ocr_carea' id='block_1_95' title="bbox 208 5025 1808 5098">
    <p class='ocr_par' dir='ltr' id='par_1_95' title="bbox 208 5025 1808 5098">
     <span class='ocr_line' id='line_1_95' title="bbox 208 5025 1808 5098; baseline 0.002 -14"><span class='ocrx_word' id='word_1_750' title='bbox 208 5031 409 5096; x_wconf 88' lang='lat' dir='ltr'><strong>trium,</strong></span> <span class='ocrx_word' id='word_1_751' title='bbox 429 5043 549 5098; x_wconf 71' lang='lat' dir='ltr'><strong>qua:</strong></span> <span class='ocrx_word' id='word_1_752' title='bbox 563 5025 640 5082; x_wconf 89' lang='lat' dir='ltr'><strong>illi</strong></span> <span class='ocrx_word' id='word_1_753' title='bbox 652 5027 834 5082; x_wconf 90' lang='lat' dir='ltr'><strong>omnia</strong></span> <span class='ocrx_word' id='word_1_754' title='bbox 853 5042 992 5098; x_wconf 90' lang='lat' dir='ltr'><strong>pene</strong></span> <span class='ocrx_word' id='word_1_755' title='bbox 1009 5043 1176 5082; x_wconf 90' lang='lat' dir='ltr'><strong>unum</strong></span> <span class='ocrx_word' id='word_1_756' title='bbox 1191 5036 1416 5098; x_wconf 92' lang='lat' dir='ltr'><strong>putant,</strong></span> <span class='ocrx_word' id='word_1_757' title='bbox 1443 5028 1808 5087; x_wconf 71' lang='lat' dir='ltr'><strong>differentiam</strong></span> 
     </span>
    </p>
   </div>
   <div class='ocr_carea' id='block_1_96' title="bbox 208 5120 1805 5193">
    <p class='ocr_par' dir='ltr' id='par_1_96' title="bbox 208 5120 1805 5193">
     <span class='ocr_line' id='line_1_96' title="bbox 208 5120 1805 5193; baseline 0.001 -15"><span class='ocrx_word' id='word_1_758' title='bbox 208 5127 632 5193; x_wconf 84' lang='lat' dir='ltr'><strong>cognoscentes,</strong></span> <span class='ocrx_word' id='word_1_759' title='bbox 647 5120 703 5174; x_wconf 90' lang='lat' dir='ltr'><strong>in</strong></span> <span class='ocrx_word' id='word_1_760' title='bbox 715 5127 919 5190; x_wconf 86' lang='lat' dir='ltr'><strong>quanto</strong></span> <span class='ocrx_word' id='word_1_761' title='bbox 938 5120 1048 5176; x_wconf 88' lang='lat' dir='ltr'><strong>sint</strong></span> <span class='ocrx_word' id='word_1_762' title='bbox 1060 5136 1245 5176; x_wconf 90' lang='lat' dir='ltr'><strong>errore</strong></span> <span class='ocrx_word' id='word_1_763' title='bbox 1255 5120 1607 5191; x_wconf 90' lang='lat' dir='ltr'><strong>perpendant,</strong></span> <span class='ocrx_word' id='word_1_764' title='bbox 1631 5130 1684 5178; x_wconf 88' lang='lat' dir='ltr'><strong>ct</strong></span> <span class='ocrx_word' id='word_1_765' title='bbox 1698 5132 1805 5179; x_wconf 89' lang='lat' dir='ltr'><strong>stu-</strong></span> 
     </span>
    </p>
   </div>
   <div class='ocr_carea' id='block_1_97' title="bbox 209 5213 1808 5284">
    <p class='ocr_par' dir='ltr' id='par_1_97' title="bbox 209 5213 1808 5284">
     <span class='ocr_line' id='line_1_97' title="bbox 209 5213 1808 5284; baseline 0 -15"><span class='ocrx_word' id='word_1_766' title='bbox 209 5213 362 5270; x_wconf 88' lang='lat' dir='ltr'><strong>diosi</strong></span> <span class='ocrx_word' id='word_1_767' title='bbox 375 5213 578 5284; x_wconf 91' lang='lat' dir='ltr'><strong>quique</strong></span> <span class='ocrx_word' id='word_1_768' title='bbox 590 5213 693 5268; x_wconf 92' lang='lat' dir='ltr'><strong>hoc</strong></span> <span class='ocrx_word' id='word_1_769' title='bbox 705 5213 948 5284; x_wconf 89' lang='lat' dir='ltr'><strong>legentes</strong></span> <span class='ocrx_word' id='word_1_770' title='bbox 961 5214 1029 5267; x_wconf 93' lang='lat' dir='ltr'><strong>ad</strong></span> <span class='ocrx_word' id='word_1_771' title='bbox 1041 5215 1304 5282; x_wconf 90' lang='lat' dir='ltr'><strong>quasdam</strong></span> <span class='ocrx_word' id='word_1_772' title='bbox 1319 5213 1685 5282; x_wconf 62' lang='lat' dir='ltr'><strong>intelligentiae</strong></span> <span class='ocrx_word' id='word_1_773' title='bbox 1701 5215 1808 5269; x_wconf 90' lang='lat' dir='ltr'><strong>uti-</strong></span> 
     </span>
    </p>
   </div>
   <div class='ocr_carea' id='block_1_98' title="bbox 209 5305 1806 5377">
    <p class='ocr_par' dir='ltr' id='par_1_98' title="bbox 209 5305 1806 5377">
     <span class='ocr_line' id='line_1_98' title="bbox 209 5305 1806 5377; baseline 0.001 -17"><span class='ocrx_word' id='word_1_774' title='bbox 209 5305 406 5361; x_wconf 90' lang='lat' dir='ltr'><strong>litates</strong></span> <span class='ocrx_word' id='word_1_775' title='bbox 451 5305 730 5361; x_wconf 89' lang='lat' dir='ltr'><strong>accedant.</strong></span> <span class='ocrx_word' id='word_1_776' title='bbox 770 5305 899 5361; x_wconf 65' lang='lat' dir='ltr'><strong>Ilaec</strong></span> <span class='ocrx_word' id='word_1_777' title='bbox 943 5322 1072 5377; x_wconf 88' lang='lat' dir='ltr'><strong>ergo</strong></span> <span class='ocrx_word' id='word_1_778' title='bbox 1103 5305 1208 5360; x_wconf 89' lang='lat' dir='ltr'><strong>tria</strong></span> <span class='ocrx_word' id='word_1_779' title='bbox 1240 5305 1615 5376; x_wconf 87' lang='lat' dir='ltr'><strong>distinguenda</strong></span> <span class='ocrx_word' id='word_1_780' title='bbox 1647 5316 1806 5376; x_wconf 89' lang='lat' dir='ltr'><strong>sunt,</strong></span> 
     </span>
    </p>
   </div>
   <div class='ocr_carea' id='block_1_99' title="bbox 212 5397 1808 5470">
    <p class='ocr_par' dir='ltr' id='par_1_99' title="bbox 212 5397 1808 5470">
     <span class='ocr_line' id='line_1_99' title="bbox 212 5397 1808 5470; baseline 0.003 -19"><span class='ocrx_word' id='word_1_781' title='bbox 212 5399 354 5470; x_wconf 89' lang='lat' dir='ltr'><strong>quia</strong></span> <span class='ocrx_word' id='word_1_782' title='bbox 368 5413 530 5453; x_wconf 91' lang='lat' dir='ltr'><strong>omne</strong></span> <span class='ocrx_word' id='word_1_783' title='bbox 543 5397 880 5470; x_wconf 88' lang='lat' dir='ltr'><strong>quodimago</strong></span> <span class='ocrx_word' id='word_1_784' title='bbox 893 5406 1007 5465; x_wconf 88' lang='lat' dir='ltr'><strong>est,</strong></span> <span class='ocrx_word' id='word_1_785' title='bbox 1023 5398 1322 5454; x_wconf 92' lang='lat' dir='ltr'><strong>similitudo</strong></span> <span class='ocrx_word' id='word_1_786' title='bbox 1348 5407 1432 5454; x_wconf 89' lang='lat' dir='ltr'><strong>cst</strong></span> <span class='ocrx_word' id='word_1_787' title='bbox 1450 5439 1465 5466; x_wconf 95' lang='lat'><strong>,</strong></span> <span class='ocrx_word' id='word_1_788' title='bbox 1495 5415 1602 5454; x_wconf 92' lang='lat' dir='ltr'><strong>non</strong></span> <span class='ocrx_word' id='word_1_789' title='bbox 1626 5407 1808 5456; x_wconf 90' lang='lat' dir='ltr'><strong>tamen</strong></span> 
     </span>
    </p>
   </div>
   <div class='ocr_carea' id='block_1_100' title="bbox 213 5491 1811 5568">
    <p class='ocr_par' dir='ltr' id='par_1_100' title="bbox 213 5491 1811 5568">
     <span class='ocr_line' id='line_1_100' title="bbox 213 5491 1811 5568; baseline 0.002 -20"><span class='ocrx_word' id='word_1_790' title='bbox 213 5506 387 5548; x_wconf 89' lang='lat' dir='ltr'><strong>omne</strong></span> <span class='ocrx_word' id='word_1_791' title='bbox 408 5491 556 5563; x_wconf 90' lang='lat' dir='ltr'><strong>quod</strong></span> <span class='ocrx_word' id='word_1_792' title='bbox 569 5491 889 5562; x_wconf 89' lang='lat' dir='ltr'><strong>similitudo,</strong></span> <span class='ocrx_word' id='word_1_793' title='bbox 913 5493 1092 5566; x_wconf 88' lang='lat' dir='ltr'><strong>imago</strong></span> <span class='ocrx_word' id='word_1_794' title='bbox 1118 5502 1222 5560; x_wconf 89' lang='lat' dir='ltr'><strong>est,</strong></span> <span class='ocrx_word' id='word_1_795' title='bbox 1249 5502 1304 5550; x_wconf 88' lang='lat' dir='ltr'><strong>et</strong></span> <span class='ocrx_word' id='word_1_796' title='bbox 1327 5510 1449 5550; x_wconf 90' lang='lat' dir='ltr'><strong>cum</strong></span> <span class='ocrx_word' id='word_1_797' title='bbox 1473 5494 1651 5568; x_wconf 87' lang='lat' dir='ltr'><strong>imago</strong></span> <span class='ocrx_word' id='word_1_798' title='bbox 1673 5513 1811 5552; x_wconf 84' lang='lat' dir='ltr'><strong>nun-</strong></span> 
     </span>
    </p>
   </div>
   <div class='ocr_carea' id='block_1_101' title="bbox 213 5582 1810 5654">
    <p class='ocr_par' dir='ltr' id='par_1_101' title="bbox 213 5582 1810 5654">
     <span class='ocr_line' id='line_1_101' title="bbox 213 5582 1810 5654; baseline 0.003 -16"><span class='ocrx_word' id='word_1_799' title='bbox 213 5597 390 5654; x_wconf 82' lang='lat' dir='ltr'><strong>quam</strong></span> <span class='ocrx_word' id='word_1_800' title='bbox 423 5582 778 5640; x_wconf 90' lang='lat' dir='ltr'><strong>similitudine</strong></span> <span class='ocrx_word' id='word_1_801' title='bbox 804 5595 1006 5651; x_wconf 89' lang='lat' dir='ltr'><strong>careat,</strong></span> <span class='ocrx_word' id='word_1_802' title='bbox 1035 5585 1334 5642; x_wconf 90' lang='lat' dir='ltr'><strong>similitudo</strong></span> <span class='ocrx_word' id='word_1_803' title='bbox 1375 5602 1504 5643; x_wconf 89' lang='lat' dir='ltr'><strong>vero</strong></span> <span class='ocrx_word' id='word_1_804' title='bbox 1533 5587 1810 5643; x_wconf 89' lang='lat' dir='ltr'><strong>multoties</strong></span> 
     </span>
    </p>
   </div>
   <div class='ocr_carea' id='block_1_102' title="bbox 215 5671 1812 5751">
    <p class='ocr_par' dir='ltr' id='par_1_102' title="bbox 215 5671 1812 5751">
     <span class='ocr_line' id='line_1_102' title="bbox 215 5671 1812 5751; baseline 0.005 -25"><span class='ocrx_word' id='word_1_805' title='bbox 215 5671 463 5744; x_wconf 89' lang='lat' dir='ltr'><strong>imagine</strong></span> <span class='ocrx_word' id='word_1_806' title='bbox 493 5683 695 5743; x_wconf 84' lang='lat' dir='ltr'><strong>careat,</strong></span> <span class='ocrx_word' id='word_1_807' title='bbox 719 5675 1040 5748; x_wconf 90' lang='lat' dir='ltr'><strong>plerumque</strong></span> <span class='ocrx_word' id='word_1_808' title='bbox 1061 5685 1115 5732; x_wconf 89' lang='lat' dir='ltr'><strong>et</strong></span> <span class='ocrx_word' id='word_1_809' title='bbox 1136 5677 1433 5735; x_wconf 89' lang='lat' dir='ltr'><strong>similitudo</strong></span> <span class='ocrx_word' id='word_1_810' title='bbox 1467 5687 1522 5735; x_wconf 91' lang='lat' dir='ltr'><strong>et</strong></span> <span class='ocrx_word' id='word_1_811' title='bbox 1542 5679 1718 5751; x_wconf 85' lang='lat' dir='ltr'><strong>imago</strong></span> <span class='ocrx_word' id='word_1_812' title='bbox 1739 5696 1812 5734; x_wconf 75' lang='lat' dir='ltr'><strong>ze-</strong></span> 
     </span>
    </p>
   </div>
   <div class='ocr_carea' id='block_1_103' title="bbox 213 5764 1813 5845">
    <p class='ocr_par' dir='ltr' id='par_1_103' title="bbox 213 5764 1813 5845">
     <span class='ocr_line' id='line_1_103' title="bbox 213 5764 1813 5845; baseline 0.006 -25"><span class='ocrx_word' id='word_1_813' title='bbox 213 5764 490 5838; x_wconf 79' lang='lat' dir='ltr'><strong>qualitate</strong></span> <span class='ocrx_word' id='word_1_814' title='bbox 509 5781 697 5828; x_wconf 86' lang='lat' dir='ltr'><strong>carere</strong></span> <span class='ocrx_word' id='word_1_815' title='bbox 708 5778 1024 5842; x_wconf 88' lang='lat' dir='ltr'><strong>noscuntur,</strong></span> <span class='ocrx_word' id='word_1_816' title='bbox 1041 5786 1162 5844; x_wconf 77' lang='lat' dir='ltr'><strong>quae</strong></span> <span class='ocrx_word' id='word_1_817' title='bbox 1186 5771 1354 5832; x_wconf 87' lang='lat' dir='ltr'><strong>etiam</strong></span> <span class='ocrx_word' id='word_1_818' title='bbox 1375 5773 1654 5845; x_wconf 65' lang='lat' dir='ltr'><strong>aequalitas</strong></span> <span class='ocrx_word' id='word_1_819' title='bbox 1677 5787 1813 5830; x_wconf 84' lang='lat' dir='ltr'><strong>non-</strong></span> 
     </span>
    </p>
   </div>
   <div class='ocr_carea' id='block_1_104' title="bbox 1909 4654 3492 4726">
    <p class='ocr_par' dir='ltr' id='par_1_104' title="bbox 1909 4654 3492 4726">
     <span class='ocr_line' id='line_1_104' title="bbox 1909 4654 3492 4726; baseline -0.001 -13"><span class='ocrx_word' id='word_1_820' title='bbox 1909 4659 2096 4714; x_wconf 84' lang='lat' dir='ltr'><strong>Potest</strong></span> <span class='ocrx_word' id='word_1_821' title='bbox 2124 4655 2289 4710; x_wconf 89' lang='lat' dir='ltr'><strong>etiam</strong></span> <span class='ocrx_word' id='word_1_822' title='bbox 2320 4655 2609 4726; x_wconf 90' lang='lat' dir='ltr'><strong>aliquando</strong></span> <span class='ocrx_word' id='word_1_823' title='bbox 2639 4669 2758 4710; x_wconf 86' lang='lat' dir='ltr'><strong>esse</strong></span> <span class='ocrx_word' id='word_1_824' title='bbox 2789 4654 3081 4710; x_wconf 90' lang='lat' dir='ltr'><strong>similitudo</strong></span> <span class='ocrx_word' id='word_1_825' title='bbox 3113 4661 3169 4709; x_wconf 91' lang='lat' dir='ltr'><strong>et</strong></span> <span class='ocrx_word' id='word_1_826' title='bbox 3189 4655 3492 4725; x_wconf 59' lang='lat' dir='ltr'><strong>aequalitas,</strong></span> 
     </span>
    </p>
   </div>
   <div class='ocr_carea' id='block_1_105' title="bbox 1909 4745 3490 4823">
    <p class='ocr_par' dir='ltr' id='par_1_105' title="bbox 1909 4745 3490 4823">
     <span class='ocr_line' id='line_1_105' title="bbox 1909 4745 3490 4823; baseline 0 -19"><span class='ocrx_word' id='word_1_827' title='bbox 1909 4749 2156 4823; x_wconf 89' lang='lat' dir='ltr'><strong>quamvis</strong></span> <span class='ocrx_word' id='word_1_828' title='bbox 2184 4764 2292 4804; x_wconf 92' lang='lat' dir='ltr'><strong>non</strong></span> <span class='ocrx_word' id='word_1_829' title='bbox 2324 4748 2394 4804; x_wconf 89' lang='lat' dir='ltr'><strong>sit</strong></span> <span class='ocrx_word' id='word_1_830' title='bbox 2423 4748 2620 4819; x_wconf 90' lang='lat' dir='ltr'><strong>imago,</strong></span> <span class='ocrx_word' id='word_1_831' title='bbox 2654 4755 2714 4801; x_wconf 95' lang='lat' dir='ltr'><strong>ut</strong></span> <span class='ocrx_word' id='word_1_832' title='bbox 2738 4747 2802 4802; x_wconf 90' lang='lat' dir='ltr'><strong>de</strong></span> <span class='ocrx_word' id='word_1_833' title='bbox 2830 4746 2949 4802; x_wconf 86' lang='lat' dir='ltr'><strong>ovis</strong></span> <span class='ocrx_word' id='word_1_834' title='bbox 2970 4746 3192 4816; x_wconf 82' lang='lat' dir='ltr'><strong>paribus</strong></span> <span class='ocrx_word' id='word_1_835' title='bbox 3213 4745 3448 4804; x_wconf 80' lang='lat' dir='ltr'><strong>diximus</strong></span> <span class='ocrx_word' id='word_1_836' title='bbox 3475 4767 3490 4803; x_wconf 91' lang='lat'><strong>:</strong></span> 
     </span>
    </p>
   </div>
   <div class='ocr_carea' id='block_1_106' title="bbox 1906 4840 3493 4916">
    <p class='ocr_par' dir='ltr' id='par_1_106' title="bbox 1906 4840 3493 4916">
     <span class='ocr_line' id='line_1_106' title="bbox 1906 4840 3493 4916; baseline -0.001 -16"><span class='ocrx_word' id='word_1_837' title='bbox 1906 4851 2086 4916; x_wconf 90' lang='lat' dir='ltr'><strong>potest</strong></span> <span class='ocrx_word' id='word_1_838' title='bbox 2119 4842 2416 4899; x_wconf 91' lang='lat' dir='ltr'><strong>similitudo</strong></span> <span class='ocrx_word' id='word_1_839' title='bbox 2446 4850 2502 4898; x_wconf 91' lang='lat' dir='ltr'><strong>et</strong></span> <span class='ocrx_word' id='word_1_840' title='bbox 2552 4841 2746 4910; x_wconf 87' lang='lat' dir='ltr'><strong>imago,</strong></span> <span class='ocrx_word' id='word_1_841' title='bbox 2788 4840 3037 4910; x_wconf 91' lang='lat' dir='ltr'><strong>quamvis</strong></span> <span class='ocrx_word' id='word_1_842' title='bbox 3073 4857 3183 4896; x_wconf 92' lang='lat' dir='ltr'><strong>non</strong></span> <span class='ocrx_word' id='word_1_843' title='bbox 3209 4841 3282 4897; x_wconf 91' lang='lat' dir='ltr'><strong>sit</strong></span> <span class='ocrx_word' id='word_1_844' title='bbox 3311 4859 3493 4913; x_wconf 75' lang='lat' dir='ltr'><strong>:equa-</strong></span> 
     </span>
    </p>
   </div>
   <div class='ocr_carea' id='block_1_107' title="bbox 1907 4933 3497 5006">
    <p class='ocr_par' dir='ltr' id='par_1_107' title="bbox 1907 4933 3497 5006">
     <span class='ocr_line' id='line_1_107' title="bbox 1907 4933 3497 5006; baseline -0.001 -13"><span class='ocrx_word' id='word_1_845' title='bbox 1907 4938 2053 5003; x_wconf 87' lang='lat' dir='ltr'><strong>litas,</strong></span> <span class='ocrx_word' id='word_1_846' title='bbox 2092 4944 2150 4991; x_wconf 89' lang='lat' dir='ltr'><strong>ut</strong></span> <span class='ocrx_word' id='word_1_847' title='bbox 2180 4936 2235 4990; x_wconf 91' lang='lat' dir='ltr'><strong>in</strong></span> <span class='ocrx_word' id='word_1_848' title='bbox 2262 4933 2483 5006; x_wconf 90' lang='lat' dir='ltr'><strong>speculo</strong></span> <span class='ocrx_word' id='word_1_849' title='bbox 2512 4933 2848 4989; x_wconf 90' lang='lat' dir='ltr'><strong>ostendimus</strong></span> <span class='ocrx_word' id='word_1_850' title='bbox 2876 4948 2890 4987; x_wconf 90' lang='lat'><strong>:</strong></span> <span class='ocrx_word' id='word_1_851' title='bbox 2916 4941 3096 5003; x_wconf 88' lang='lat' dir='ltr'><strong>potest</strong></span> <span class='ocrx_word' id='word_1_852' title='bbox 3125 4940 3179 4990; x_wconf 93' lang='lat' dir='ltr'><strong>et</strong></span> <span class='ocrx_word' id='word_1_853' title='bbox 3203 4933 3497 4991; x_wconf 90' lang='lat' dir='ltr'><strong>similitudo</strong></span> 
     </span>
    </p>
   </div>
   <div class='ocr_carea' id='block_1_108' title="bbox 1908 5023 3498 5097">
    <p class='ocr_par' dir='ltr' id='par_1_108' title="bbox 1908 5023 3498 5097">
     <span class='ocr_line' id='line_1_108' title="bbox 1908 5023 3498 5097; baseline -0.004 -9"><span class='ocrx_word' id='word_1_854' title='bbox 1908 5045 2048 5095; x_wconf 90' lang='lat' dir='ltr'><strong>esse,</strong></span> <span class='ocrx_word' id='word_1_855' title='bbox 2079 5029 2172 5084; x_wconf 90' lang='lat' dir='ltr'><strong>ubi</strong></span> <span class='ocrx_word' id='word_1_856' title='bbox 2218 5037 2275 5082; x_wconf 92' lang='lat' dir='ltr'><strong>et</strong></span> <span class='ocrx_word' id='word_1_857' title='bbox 2302 5025 2586 5097; x_wconf 74' lang='lat' dir='ltr'><strong>mqualitas</strong></span> <span class='ocrx_word' id='word_1_858' title='bbox 2613 5033 2670 5081; x_wconf 90' lang='lat' dir='ltr'><strong>et</strong></span> <span class='ocrx_word' id='word_1_859' title='bbox 2717 5023 2898 5095; x_wconf 89' lang='lat' dir='ltr'><strong>imago</strong></span> <span class='ocrx_word' id='word_1_860' title='bbox 2941 5023 3053 5092; x_wconf 83' lang='lat' dir='ltr'><strong>sit,</strong></span> <span class='ocrx_word' id='word_1_861' title='bbox 3091 5023 3233 5080; x_wconf 89' lang='lat' dir='ltr'><strong>sicut</strong></span> <span class='ocrx_word' id='word_1_862' title='bbox 3275 5023 3341 5080; x_wconf 92' lang='lat' dir='ltr'><strong>de</strong></span> <span class='ocrx_word' id='word_1_863' title='bbox 3372 5024 3498 5082; x_wconf 87' lang='lat' dir='ltr'><strong>filiis</strong></span> 
     </span>
    </p>
   </div>
   <div class='ocr_carea' id='block_1_109' title="bbox 1911 5120 3498 5190">
    <p class='ocr_par' dir='ltr' id='par_1_109' title="bbox 1911 5120 3498 5190">
     <span class='ocr_line' id='line_1_109' title="bbox 1911 5120 3498 5190; baseline -0.003 -10"><span class='ocrx_word' id='word_1_864' title='bbox 1911 5121 2484 5186; x_wconf 90' lang='lat' dir='ltr'><strong>commemoravimus,</strong></span> <span class='ocrx_word' id='word_1_865' title='bbox 2517 5126 2741 5190; x_wconf 80' lang='lat' dir='ltr'><strong>excepto</strong></span> <span class='ocrx_word' id='word_1_866' title='bbox 2770 5125 3012 5188; x_wconf 80' lang='lat' dir='ltr'><strong>tempore</strong></span> <span class='ocrx_word' id='word_1_867' title='bbox 3037 5134 3144 5188; x_wconf 92' lang='lat' dir='ltr'><strong>quo</strong></span> <span class='ocrx_word' id='word_1_868' title='bbox 3184 5120 3498 5189; x_wconf 74' lang='lat' dir='ltr'><strong>przecedunt</strong></span> 
     </span>
    </p>
   </div>
   <div class='ocr_carea' id='block_1_110' title="bbox 1911 5208 3498 5288">
    <p class='ocr_par' dir='ltr' id='par_1_110' title="bbox 1911 5208 3498 5288">
     <span class='ocr_line' id='line_1_110' title="bbox 1911 5208 3498 5288; baseline -0.003 -17"><span class='ocrx_word' id='word_1_869' title='bbox 1911 5224 2182 5288; x_wconf 85' lang='lat' dir='ltr'><strong>parentes.</strong></span> <span class='ocrx_word' id='word_1_870' title='bbox 2223 5234 2238 5264; x_wconf 73' lang='grc' dir='ltr'><strong>ι</strong></span> <span class='ocrx_word' id='word_1_871' title='bbox 2272 5213 2368 5268; x_wconf 87' lang='lat' dir='ltr'><strong>llis</strong></span> <span class='ocrx_word' id='word_1_872' title='bbox 2398 5211 2562 5283; x_wconf 89' lang='lat' dir='ltr'><strong>igitur</strong></span> <span class='ocrx_word' id='word_1_873' title='bbox 2592 5209 2753 5281; x_wconf 87' lang='lat' dir='ltr'><strong>hujus</strong></span> <span class='ocrx_word' id='word_1_874' title='bbox 2779 5208 3098 5266; x_wconf 64' lang='lat' dir='ltr'><strong>differentiae</strong></span> <span class='ocrx_word' id='word_1_875' title='bbox 3130 5208 3330 5280; x_wconf 88' lang='lat' dir='ltr'><strong>regulis</strong></span> <span class='ocrx_word' id='word_1_876' title='bbox 3374 5211 3498 5267; x_wconf 84' lang='lat' dir='ltr'><strong>bre-</strong></span> 
     </span>
    </p>
   </div>
   <div class='ocr_carea' id='block_1_111' title="bbox 1909 5301 3496 5377">
    <p class='ocr_par' dir='ltr' id='par_1_111' title="bbox 1909 5301 3496 5377">
     <span class='ocr_line' id='line_1_111' title="bbox 1909 5301 3496 5377; baseline -0.002 -14"><span class='ocrx_word' id='word_1_877' title='bbox 1909 5309 2051 5363; x_wconf 88' lang='lat' dir='ltr'><strong>vitcr</strong></span> <span class='ocrx_word' id='word_1_878' title='bbox 2076 5305 2300 5377; x_wconf 84' lang='lat' dir='ltr'><strong>prolatis</strong></span> <span class='ocrx_word' id='word_1_879' title='bbox 2322 5345 2336 5370; x_wconf 95' lang='lat'><strong>,</strong></span> <span class='ocrx_word' id='word_1_880' title='bbox 2369 5305 2438 5374; x_wconf 82' lang='lat' dir='ltr'><strong>ad</strong></span> <span class='ocrx_word' id='word_1_881' title='bbox 2464 5319 2528 5359; x_wconf 91' lang='lat' dir='ltr'><strong>ca</strong></span> <span class='ocrx_word' id='word_1_882' title='bbox 2553 5318 2673 5374; x_wconf 82' lang='lat' dir='ltr'><strong>quae</strong></span> <span class='ocrx_word' id='word_1_883' title='bbox 2708 5303 2942 5373; x_wconf 69' lang='lat' dir='ltr'><strong>inempta</strong></span> <span class='ocrx_word' id='word_1_884' title='bbox 2970 5310 3097 5358; x_wconf 92' lang='lat' dir='ltr'><strong>sunt</strong></span> <span class='ocrx_word' id='word_1_885' title='bbox 3124 5301 3316 5359; x_wconf 87' lang='lat' dir='ltr'><strong>ordine</strong></span> <span class='ocrx_word' id='word_1_886' title='bbox 3343 5321 3496 5361; x_wconf 87' lang='lat' dir='ltr'><strong>com-</strong></span> 
     </span>
    </p>
   </div>
   <div class='ocr_carea' id='block_1_112' title="bbox 1910 5396 3500 5476">
    <p class='ocr_par' dir='ltr' id='par_1_112' title="bbox 1910 5396 3500 5476">
     <span class='ocr_line' id='line_1_112' title="bbox 1910 5396 3500 5476; baseline -0.003 -17"><span class='ocrx_word' id='word_1_887' title='bbox 1910 5402 2113 5476; x_wconf 87' lang='lat' dir='ltr'><strong>petenti</strong></span> <span class='ocrx_word' id='word_1_888' title='bbox 2140 5409 2509 5465; x_wconf 89' lang='lat' dir='ltr'><strong>transeamus,</strong></span> <span class='ocrx_word' id='word_1_889' title='bbox 2545 5407 2600 5454; x_wconf 89' lang='lat' dir='ltr'><strong>et</strong></span> <span class='ocrx_word' id='word_1_890' title='bbox 2638 5396 2833 5454; x_wconf 70' lang='lat' dir='ltr'><strong>divina:</strong></span> <span class='ocrx_word' id='word_1_891' title='bbox 2861 5397 2996 5468; x_wconf 88' lang='lat' dir='ltr'><strong>legis</strong></span> <span class='ocrx_word' id='word_1_892' title='bbox 3021 5396 3327 5454; x_wconf 87' lang='lat' dir='ltr'><strong>testimonia</strong></span> <span class='ocrx_word' id='word_1_893' title='bbox 3350 5399 3418 5455; x_wconf 92' lang='lat' dir='ltr'><strong>ab</strong></span> <span class='ocrx_word' id='word_1_894' title='bbox 3436 5399 3500 5454; x_wconf 87' lang='lat' dir='ltr'><strong>il-</strong></span> 
     </span>
    </p>
   </div>
   <div class='ocr_carea' id='block_1_113' title="bbox 1915 5489 3502 5564">
    <p class='ocr_par' dir='ltr' id='par_1_113' title="bbox 1915 5489 3502 5564">
     <span class='ocr_line' id='line_1_113' title="bbox 1915 5489 3502 5564; baseline -0.001 -12"><span class='ocrx_word' id='word_1_895' title='bbox 1915 5497 1983 5552; x_wconf 92' lang='lat' dir='ltr'><strong>lis</strong></span> <span class='ocrx_word' id='word_1_896' title='bbox 2008 5511 2115 5551; x_wconf 92' lang='lat' dir='ltr'><strong>non</strong></span> <span class='ocrx_word' id='word_1_897' title='bbox 2143 5501 2289 5550; x_wconf 90' lang='lat' dir='ltr'><strong>recte</strong></span> <span class='ocrx_word' id='word_1_898' title='bbox 2314 5500 2569 5564; x_wconf 87' lang='lat' dir='ltr'><strong>usurpata</strong></span> <span class='ocrx_word' id='word_1_899' title='bbox 2586 5532 2602 5560; x_wconf 96' lang='lat'><strong>,</strong></span> <span class='ocrx_word' id='word_1_900' title='bbox 2624 5507 2655 5547; x_wconf 89' lang='lat' dir='ltr'><strong>a</strong></span> <span class='ocrx_word' id='word_1_901' title='bbox 2684 5490 2841 5548; x_wconf 92' lang='lat' dir='ltr'><strong>nobis</strong></span> <span class='ocrx_word' id='word_1_902' title='bbox 2869 5489 3255 5548; x_wconf 88' lang='lat' dir='ltr'><strong>venerabilium</strong></span> <span class='ocrx_word' id='word_1_903' title='bbox 3278 5491 3502 5550; x_wconf 89' lang='lat' dir='ltr'><strong>Patrum</strong></span> 
     </span>
    </p>
   </div>
   <div class='ocr_carea' id='block_1_114' title="bbox 1917 5584 3500 5657">
    <p class='ocr_par' dir='ltr' id='par_1_114' title="bbox 1917 5584 3500 5657">
     <span class='ocr_line' id='line_1_114' title="bbox 1917 5584 3500 5657; baseline -0.002 -12"><span class='ocrx_word' id='word_1_904' title='bbox 1917 5587 2253 5645; x_wconf 89' lang='lat' dir='ltr'><strong>documentis</strong></span> <span class='ocrx_word' id='word_1_905' title='bbox 2289 5595 2435 5643; x_wconf 91' lang='lat' dir='ltr'><strong>recte</strong></span> <span class='ocrx_word' id='word_1_906' title='bbox 2461 5586 2570 5642; x_wconf 89' lang='lat' dir='ltr'><strong>sint</strong></span> <span class='ocrx_word' id='word_1_907' title='bbox 2589 5584 2928 5657; x_wconf 87' lang='lat' dir='ltr'><strong>promulgata</strong></span> <span class='ocrx_word' id='word_1_908' title='bbox 2953 5603 2967 5639; x_wconf 90' lang='lat'><strong>:</strong></span> <span class='ocrx_word' id='word_1_909' title='bbox 2997 5593 3264 5656; x_wconf 90' lang='lat' dir='ltr'><strong>quatenus</strong></span> <span class='ocrx_word' id='word_1_910' title='bbox 3289 5594 3341 5642; x_wconf 88' lang='lat' dir='ltr'><strong>et</strong></span> <span class='ocrx_word' id='word_1_911' title='bbox 3377 5586 3500 5642; x_wconf 92' lang='lat' dir='ltr'><strong>illo-</strong></span> 
     </span>
    </p>
   </div>
   <div class='ocr_carea' id='block_1_115' title="bbox 1916 5678 3503 5750">
    <p class='ocr_par' dir='ltr' id='par_1_115' title="bbox 1916 5678 3503 5750">
     <span class='ocr_line' id='line_1_115' title="bbox 1916 5678 3503 5750; baseline 0.001 -14"><span class='ocrx_word' id='word_1_912' title='bbox 1916 5697 2037 5737; x_wconf 92' lang='lat' dir='ltr'><strong>rum</strong></span> <span class='ocrx_word' id='word_1_913' title='bbox 2079 5680 2318 5748; x_wconf 90' lang='lat' dir='ltr'><strong>volatus,</strong></span> <span class='ocrx_word' id='word_1_914' title='bbox 2370 5679 2458 5736; x_wconf 92' lang='lat' dir='ltr'><strong>his</strong></span> <span class='ocrx_word' id='word_1_915' title='bbox 2502 5679 2603 5735; x_wconf 89' lang='lat' dir='ltr'><strong>alis</strong></span> <span class='ocrx_word' id='word_1_916' title='bbox 2645 5679 2832 5736; x_wconf 84' lang='lat' dir='ltr'><strong>fractis</strong></span> <span class='ocrx_word' id='word_1_917' title='bbox 2874 5694 3009 5750; x_wconf 89' lang='lat' dir='ltr'><strong>quas</strong></span> <span class='ocrx_word' id='word_1_918' title='bbox 3045 5678 3149 5735; x_wconf 90' lang='lat' dir='ltr'><strong>sibi</strong></span> <span class='ocrx_word' id='word_1_919' title='bbox 3185 5687 3503 5750; x_wconf 85' lang='lat' dir='ltr'><strong>arroganter</strong></span> 
     </span>
    </p>
   </div>
   <div class='ocr_carea' id='block_1_116' title="bbox 1917 5771 3503 5844">
    <p class='ocr_par' dir='ltr' id='par_1_116' title="bbox 1917 5771 3503 5844">
     <span class='ocr_line' id='line_1_116' title="bbox 1917 5771 3503 5844; baseline -0.004 -10"><span class='ocrx_word' id='word_1_920' title='bbox 1917 5774 2494 5844; x_wconf 87' lang='lat' dir='ltr'><strong>accommodaverunt,</strong></span> <span class='ocrx_word' id='word_1_921' title='bbox 2527 5771 2788 5843; x_wconf 87' lang='lat' dir='ltr'><strong>fatescat,</strong></span> <span class='ocrx_word' id='word_1_922' title='bbox 2841 5779 2896 5831; x_wconf 92' lang='lat' dir='ltr'><strong>ct</strong></span> <span class='ocrx_word' id='word_1_923' title='bbox 2923 5771 3292 5831; x_wconf 87' lang='lat' dir='ltr'><strong>studiosorum</strong></span> <span class='ocrx_word' id='word_1_924' title='bbox 3332 5771 3503 5830; x_wconf 56' lang='lat' dir='ltr'><strong>lecto-</strong></span> 
     </span>
    </p>
   </div>
  </div>
