3990 6302
530 212 667 268 1027

1396 214 1457 280 Β.
1494 214 1747 284 CAROLI
1784 223 2001 285 MAGNI
2037 226 2188 287 OPP.
2232 228 2413 290 PARS
2452 233 2515 291 ll.
2560 232 2809 298 SECTIO
2845 239 2910 297 ll.

3675 247 3816 310 £028

527 338 679 391 rum,
725 323 818 396 qui
861 325 949 386 his
991 327 1131 387 bene
1170 332 1253 388 uti
1303 331 1629 402 desiderant,
1666 343 1858 393 sensus
1886 340 1956 394 ad
1997 338 2104 394 alta
2134 347 2187 407 Α
2214 341 2335 398 dem
2384 345 2616 417 angelo:
2656 347 2785 405 Vide
2825 367 2889 406 ne
2933 351 3117 422 feceris
3145 370 3167 410 :
3214 371 3491 415 conservus
3527 365 3659 416 tuus
3710 377 3821 420 sum

529 417 878 477 conscendat.

1143 513 1375 573 CAPUT
1412 516 1508 573 IX.

527 600 801 683 Quomodo
1255 610 1322 663 sit
1345 610 1486 682 quod
1514 612 1767 683 scriptum
1809 622 1905 678 est,
1933 615 2108 671 Abra-

595 673 747 759 ham‘
770 673 1023 759 adcravit
1061 679 1316 759 populum
1351 673 1547 759 {ert-.2,
1580 673 1733 759 ﬁlios
1779 673 1923 759 Both
1945 685 2101 759 (Gen.

594 746 772 825 ΠΨ),
803 748 908 802 sive
936 746 1077 825 quod
1100 746 1333 825 ﬂogses.
1366 746 1538 807 Jetro’
1572 752 1761 825 tegitur
1806 746 2060 812 adorasse
2082 774 2103 814 :

591 816 776 900 quibus
800 816 1046 900 exemplis
1089 819 1144 873 Ιιὶ
1166 816 1256 891 qui
1280 831 1493 894 propter
1518 816 1825 900 aderandas
1845 828 2104 899 imagines

590 887 817 965 synodos
843 887 1246 965 faciunt,_suum
1271 887 1501 949 errorem
1525 894 1714 965 fulcire
1744 887 1991 965 umectant
2012 916 2031 953 :
2058 908 2114 955 et

588 958 714 1027 quia
736 974 828 1012 nec
853 958 1020 1015 Iacob
1047 958 1730 1030 Pharaonemmec'Daniel
1752 958 2115 1025 Nabuchodo-

588 1044 744 1083 nosor
784 1045 974 1102 regem,
1017 1041 1076 1087 ut
1115 1031 1195 1087 illi
1241 1034 1445 1103 dicunt,
1496 1038 1699 1108 uspiam
1736 1036 1978 1110 tegantur
2017 1042 2113 1097 ad-

590 1114 790 1153 οναδεε.

586 1187 666 1243 Illi
688 1190 781 1259 qui
807 1190 863 1247 in
887 1191 1177 1252 adorandis
1203 1196 1530 1273 imaginibus
1544 1208 1794 1268 :estuant,
1820 1202 1921 1259 hoc
1948 1220 2110 1275 pecu-

515 1275 726 1337 liariter
748 1290 910 1354 atque
944 1284 1283 1345 familiariter
1308 1291 1553 1364 exemplo
1578 1302 1803 1351 utuntur
1826 1298 1971 1367 quod
1998 1298 2111 1356 Ab—

515 1372 707 1429 raham
732 1374 871 1433 ﬁlios
898 1376 1059 1445 Heth,
1104 1387 1161 1436 et
1205 1379 1416 1453 Moyses
1445 1369 1595 1441 Jetro
1623 1386 1960 1445 sacerdotem
1998 1388 2110 1445 Ma-

511 1464 640 1524 dian
681 1470 938 1528 adorasse
981 1471 1252 1545 leguntur.
1305 1473 1547 1543 Quorum
1592 1478 1811 1549 quidem
1857 1481 2108 1539 adoratio

511 1566 724 1616 tantum
751 1561 918 1621 distat
948 1579 980 1620 a
1011 1566 1171 1637 picta:
1199 1568 1451 1639 imaginis
1481 1572 1814 1641 adoratione,
1844 1582 2107 1646 quantum

511 1651 691 1723 pictus
719 1655 834 1726 ipse
864 1657 1027 1715 homo
1060 1674 1091 1714 a
1127 1661 1244 1717 veri
1279 1660 1517 1719 hominis
1558 1664 1789 1722 ratione.
1830 1664 2101 1734 Quantum

2188 435 2406 535 εμροε.
2431 454 2526 495 xu
2546 450 2595 496 et
2619 443 2757 515 nn)
2783 461 2797 512 ;
2829 454 2883 502 et
2904 453 3090 517 pastor
3112 449 3370 509 Ecclesiae
3392 450 3589 511 Petrus
3617 454 3824 516 blande

2218 532 2550 589 centurionis
2562 535 2935 597 adorationem
2964 540 3238 612 vitaverit,
3266 542 3697 620 dicens,Scrge,
3729 548 3825 619 frs-

2216 628 2313 689 ter,
2345 632 2394 678 et
2421 640 2516 697 ego
2536 627 2693 683 homo
2720 645 2838 684 sum
2861 634 2998 687 sicut
3018 642 3068 688 et
3096 643 3153 688 tu
3187 635 3327 707 (Act.
3364 636 3463 709 1-);
3492 647 3553 695 et
3575 656 3689 697 vas
3733 642 3825 698 ele-

2217 714 2413 771 ctionis
2445 716 2648 775 Paulus
2676 736 2801 775 cum
2821 721 3070 781 Barnaha
3097 723 3408 798 Lycaonum
3436 731 3821 792 adorationen

2218 808 2392 864 valida
2418 810 2772 870 reluctatione
2788 818 3073 887 spreverit,
3096 820 3283 889 procul
3304 820 3464 879 dubio
3486 825 3639 881 omni
3664 841 3821 883 crea-

2216 907 2350 957 turae
2393 902 2638 960 adoratio
2677 920 2798 977 quae
2845 909 3019 965 solum
3063 911 3231 968 Deum
3275 915 3466 982 decet,
3519 920 3613 989 qui
3670 919 3822 976 solm

2216 995 2541 1065 adorandus,
2583 998 2731 1056 solus
2768 1000 3026 1059 colendus
3051 1013 3155 1073 est,
3186 1006 3540 1078 impendenda
3566 1026 3712 1068 esse
3742 1028 3821 1070 ve-

2215 1093 2378 1153 tatur,
2409 1089 2555 1145 salva
2580 1094 2953 1151 tantummodo
2974 1096 3313 1156 salutationis
3337 1115 3496 1157 causa
3520 1117 3620 1174 per
3642 1120 3819 1177 quam

2213 1178 2493 1237 humilitas
2540 1183 2964 1242 demonstratur.
3012 1188 3169 1245 Dicat
3212 1190 3380 1262 igitur
3422 1196 3608 1262 nobis,
3672 1195 3820 1253 dicat

2214 1274 2589 1331 sanctissimus
2618 1276 2953 1348 Augustinus
2981 1281 3110 1350 quid
3143 1281 3208 1338 de
3233 1283 3337 1339 hac
3359 1285 3682 1343 adoratione
3718 1288 3820 1344 Ab-

2214 1363 2361 1420 rahae
2385 1364 2469 1420 vel
2500 1365 2671 1438 Moysi
2690 1370 2959 1437 senserit;
3000 1371 3078 1426 ait
3098 1373 3243 1428 enim
3273 1391 3287 1429 :
3325 1393 3347 1426 ‹
3376 1374 3709 1434 lnsinuatur
3742 1380 3819 1436 hic

2212 1458 2380 1513 etiam
2406 1459 2727 1519 humilitatis
2756 1465 3085 1538 exemplum,
3122 1468 3268 1538 quod
3301 1467 3509 1542 Moyses
3544 1487 3683 1529 cum
3716 1488 3819 1545 quo

2212 1549 2356 1607 Deus
2381 1551 2720 1623 loquebatur,
2740 1571 2849 1611 non
2870 1554 3133 1615 fastidivit
3156 1575 3331 1630 neque
3341 1565 3673 1638 contempsit
3687 1566 3818 1622 alie-

2219 1644 2430 1717 nigenae
2463 1649 2637 1704 soceri
2669 1650 2754 1705 sui
2789 1652 3093 1720 consilium,
3144 1670 3454 1727 quanquam
3485 1670 3540 1714 et
3578 1659 3714 1731 ipse
3741 1658 3818 1716 Je-

511 1714 660 1801 gnim
703 1714 865 1804 Varus
896 1714 1059 1806 homo
1088 1766 1119 1806 a
1153 1714 2104 1830 ῥέέώξξῶξηᾷιξῦᾝτξθξξιςῌ
2211 1740 2316 1830 tro,
2367 1753 2491 1794 cum
2541 1741 2786 1798 Israelita
2819 1760 2925 1799 non
2966 1745 3198 1815 fuisset,
3245 1758 3427 1805 utrum
3473 1752 3616 1807 inter
3660 1755 3817 1813 viros

508 1836 783 1895 sensibilis
819 1839 889 1896 ab
927 1840 1269 1912 insensibili,
1308 1845 1581 1905 animatus
1621 1849 1690 1906 ab
1717 1849 2016 1908 inanimato
2049 1853 2107 1909 in

508 1927 595 1983 sui
632 1927 944 1988 deﬁnitione
989 1937 1325 2002 secernitur,
1369 1946 1581 1996 tantum
1614 1943 1806 2013 procul
1842 1944 2007 2002 dubio
2049 1952 2106 2002 ct

508 2017 670 2090 hujus
697 2021 942 2081 adoratio
965 2027 1032 2083 ab
1060 2027 1207 2085 illius
1225 2028 1539 2088 adoratione
1569 2032 1913 2090 discernitur.
1946 2034 2109 2094 Aliud

508 2124 745 2182 namque
780 2123 866 2171 est
892 2116 1165 2173 hominem
1194 2119 1534 2180 salutationis
1566 2122 1748 2182 ofﬁcio
1771 2133 1826 2181 et
1855 2126 2105 2185 humani-

507 2202 636 2258 tatis
662 2204 923 2279 ohsequio
957 2208 1232 2267 adorando
1259 2206 1514 2283 salutare,
1554 2214 1698 2275 aliud
1722 2217 1989 2287 picturam
2018 2219 2102 2277 di-

505 2303 787 2349 versorum
821 2295 1059 2353 colorum
1094 2298 1230 2357 fucis
1253 2305 1708 2376 compaginatam,
1748 2308 1866 2364 sine
1888 2323 2100 2382 gressu,

505 2378 626 2438 sine
648 2399 781 2441 voce
808 2387 891 2443 vel
931 2392 1144 2449 caeteris
1194 2396 1443 2452 sensibus
1471 2400 1654 2455 nescio
1684 2415 1792 2470 quo
1836 2403 1982 2459 cultu
2008 2403 2103 2460 ad—

503 2487 682 2531 orare.
722 2475 1145 2540 Fratcrnitatem
1181 2494 1363 2543 autem
1394 2489 1737 2563 diligendam,
1773 2501 1827 2551 et
1852 2495 2099 2554 dilectio-

503 2577 632 2622 nem
656 2582 781 2641 erga
816 2574 1095 2642 proximos
1118 2578 1499 2649 exhibendam,
1541 2593 1594 2640 et
1618 2585 1942 2645 humilitatis
1973 2606 2100 2662 gra-

505 2655 635 2713 dum
665 2660 1119 2735 amplectendam,
1154 2684 1254 2741 per
1283 2688 1403 2745 quae
1446 2690 1546 2732 nos
1581 2685 1770 2734 mutuo
1802 2655 2101 2742 salutantes

505 2749 793 2811 adoramus
813 2796 828 2822 ,
884 2772 1024 2830 pene
1054 2764 1298 2821 omnium
1333 2777 1647 2827 sanctarum
1696 2772 2100 2845 Scripturarum

504 2844 860 2915 perdocemur
883 2854 1145 2925 exemplis
1171 2875 1184 2912 :
1237 2858 1502 2932 imagines
1543 2879 1672 2921 vero
1697 2867 1927 2925 adorare
1950 2911 1966 2937 ,
2014 2871 2100 2928 vel

504 2935 763 3007 salutare,
801 2941 886 2997 vel
906 2946 1165 3015 quasdam
1192 2949 1499 3012 insensatas
1522 2959 1728 3017 manias
1754 2962 1932 3019 colere
1957 2962 2099 3020 inhi-

2208 1829 2378 1885 Deum
2403 1846 2592 1886 verum
2622 1833 2861 1890 colentes
2886 1836 3243 1909 religioseque
3289 1842 3556 1912 sapientes
3596 1844 3815 1906 haben-

2208 1921 2308 1976 dus
2341 1922 2441 1989 sit,
2490 1926 2942 1993 quemadmodum
2968 1912 3025 1986 et
3066 1930 3168 1989 Job
3192 1948 3315 1990 cum
3351 1950 3419 1991 ex
3464 1938 3571 2007 ipso
3595 1941 3813 2010 populo

2206 2026 2315 2068 non
2342 2012 2551 2081 fuisset,
2579 2018 2774 2072 merito
2800 2020 3083 2089 quaeritur,
3111 2023 3220 2080 imo
3240 2024 3546 2084 credibilius
3566 2031 3815 2087 habetur

2207 2101 2481 2175 (ambigue
2507 2106 2705 2178 quippe
2733 2112 2910 2179 posita
2940 2123 3066 2169 sunt
3089 2117 3277 2190 verba)
3306 2118 3391 2174 vel
3416 2129 3594 2176 utrum
3627 2125 3811 2183 sacri-

2204 2193 2449 2252 ﬁcaverit
2484 2198 2593 2255 Deo
2624 2216 2752 2258 vero
2777 2203 2832 2258 in
2859 2205 3058 2278 populo
3096 2207 3212 2279 ejus
3239 2213 3455 2283 quando
3479 2214 3617 2270 vidit
3637 2231 3810 2288 gene-

2206 2303 2327 2347 rum
2353 2304 2538 2357 suum,
2580 2293 2664 2349 vel
2691 2302 2874 2352 utrum
2916 2313 3043 2355 eum
3088 2302 3393 2360 adoraverit
3426 2306 3539 2378 ipse
3564 2307 3805 2381 Moyses.

2204 2385 2525 2458 Quanquam
2564 2391 2631 2447 de
2660 2392 2975 2451 adoratione
3008 2397 3223 2454 etiamsi
3262 2414 3516 2472 expresse
3557 2406 3805 2476 positum

2202 2488 2366 2544 esset,
2405 2481 2580 2538 honor
2604 2483 2882 2541 videretur
2906 2502 3095 2544 socero
3127 2490 3369 2549 redditus
3398 2508 3463 2550 eo
3492 2498 3658 2553 modo
3700 2515 3804 2571 quo

2202 2573 2339 2629 solet
2366 2574 2676 2632 hominibus
2703 2578 3129 2639 honoriﬁcentiae
3170 2600 3333 2641 causa
3369 2589 3617 2647 exhiberi
3644 2610 3679 2648 a
3717 2609 3805 2665 pa-

2202 2669 2376 2725 tribus
2413 2688 2425 2723 :
2469 2670 2609 2726 sicut
2643 2671 2710 2729 de
2746 2672 3022 2732 Abraham
3053 2679 3313 2753 scriptum
3357 2693 3480 2750 est,
3525 2686 3679 2757 quod
3710 2689 3804 2745 ad-

2201 2765 2437 2821 oraverit
2466 2764 2606 2823 ﬁlios
2650 2769 2810 2826 Heth.
2850 2792 2867 2823 ι
2901 2770 3008 2829 Sed
3036 2790 3138 2831 nec
3169 2775 3299 2832 illud
3335 2778 3552 2837 silentio
3572 2794 3805 2854 praeter-

2199 2857 2436 2912 eundum
2465 2860 2714 2930 estquod
2753 2860 2939 2918 dicunt
2966 2863 3133 2922 Jacob
3155 2867 3491 2928 Pharaonem
3515 2874 3800 2942 adorasse,

2201 2947 2314 3002 sive
2359 2947 2545 3005 Daniel
2585 2949 3081 3013 Nabuchodonosor
3120 2975 3345 3033 regem,
3394 2965 3539 3035 quod
3578 2968 3800 3038 quidem

503 3024 697 3083 bemur
720 3032 901 3102 potius
937 3050 1102 3107 quam
1132 3042 1487 3114 instituimur,
1526 3064 1665 3120 pene
1694 3051 1751 3107 in
1780 3056 1991 3115 cunctis
2018 3056 2100 3114 di-
2126 3086 2176 3151 Ο
2201 3053 2304 3095 nec
2334 3042 2387 3094 in
2419 3040 2643 3099 Hebrum
2675 3045 2922 3114 habetur,
2956 3064 3057 3106 nec
3090 3051 3145 3107 in
3174 3054 3374 3111 nostris
3408 3055 3620 3114 Latinis
3651 3061 3802 3116 codi-

503 3121 642 3151 ιιξ-ικι
667 3122 955 3151 Q..-:..n-__..
992 3131 1037 3151 ι-
1058 3134 1113 3151 ,ον
1197 3134 1243 3151 ιτ
1446 3148 1452 3151 .
2216 3134 2273 3151 κει
2298 3148 2353 3151 κη
2442 3150 2445 3151 ,
2507 3136 2519 3149 ι
2612 3137 2627 3151 ι
2721 3145 2730 3151 .
2814 3139 2873 3151 η.
3262 3145 3307 3151 __
3343 3149 3355 3151 _
3448 3149 3455 3151 ξ

503 3121 642 3178 vim;
667 3122 961 3199 scriptum
992 3131 1145 3190 locis,
1195 3134 1353 3206 Nam,
1400 3148 1461 3196 υι
1488 3151 1715 3201 exteros
1745 3154 1972 3218 taceam,
2020 3167 2101 3209 sa,
2126 3121 2176 3151 “
2205 3134 2379 3200 cibus,
2428 3136 2521 3206 qui
2551 3151 2582 3190 a
2612 3137 2772 3195 beato
2813 3139 3234 3215 Hieronymus:
3262 3145 3526 3205 Hebraica
3568 3154 3802 3212 veritate

505 3212 844 3273 (gratissimus
865 3228 1070 3290 pastor,
1107 3239 1270 3297 super
1290 3243 1451 3300 quem
1476 3233 1866 3295 solidissimam
1888 3212 2101 3311 ρεληηι
2204 3224 2451 3282 translati
2494 3235 2641 3296 sunt,
2677 3232 2888 3301 uspiam
2917 3235 3205 3304 reperitur.
3240 3236 3359 3294 Non
3388 3242 3533 3296 enim
3561 3245 3796 3315 amplius

504 3298 749 3364 Ecclesia
783 3320 967 3370 sancta
1013 3314 1235 3377 fundata
1266 3298 1369 3392 es",
1409 3340 1519 3382 non
1547 3328 1623 3385 ait
1672 3298 1959 3405 imaginés'
2200 3331 2364 3387 quam
2390 3319 2558 3375 semel
2582 3316 2749 3377 Iacob
2777 3323 2831 3377 iu
2862 3335 3153 3396 conspectu
3180 3326 3482 3390 Pharaonis
3507 3334 3666 3390 fuisse
3707 3337 3796 3393 lc-

503 3390 886 3463 fraternitatem
922 3404 1126 3477 diligite
1164 3410 1221 3482 (ι
1266 3390 1380 3470 ρεέ,
1421 3416 1531 3491 ﬂ);
1568 3434 1671 3478 nec
1709 3390 2103 3487 ,ηῖάεεεήξπᾶξ
2198 3408 2383 3483 gitur:
2425 3410 2569 3480 quod
2611 3411 2830 3482 quidem
2876 3390 3186 3475 hoc—modo
3229 3418 3511 3494 Scriptura
3561 3438 3791 3484 narrat:

501 3486 746 3560 pieturis,
797 3496 893 3552 sed
924 3500 1065 3554 omni
1100 3502 1346 3561 humana:
1380 3521 1637 3569 creatura:
1673 3514 1851 3587 (Rom.
1880 3526 2025 3591 xm:
2066 3523 2099 3581 Ι

502 3576 650 3635 Petr.
671 3581 824 3652 u),et
849 3586 1135 3648 Dominum
1164 3594 1444 3658 Christum
1467 3576 1808 3668 sanctiticare
1828 3628 1937 3669 non
1961 3576 2098 3673 ina-

501 3670 734 3767 ginibus,
770 3680 865 3739 sed
895 3681 950 3739 in
975 3687 1230 3747 cordibus
1262 3695 1465 3753 nostris
1498 3699 1752 3763 instituit.
1796 3706 2096 3767 Dementis-

501 3761 699 3825 simum
724 3782 855 3827 sane
880 3775 1026 3832 etab
1055 3781 1203 3836 omni
1230 3784 1440 3845 ratione
1462 3791 1730 3852 seclusum
1758 3805 1860 3865 est,
1897 3799 2001 3857 hoc
2026 3801 2094 3859 ad

500 3861 846 3918 astruendam
894 3864 1191 3940 imaginum
1249 3872 1622 3940 adorationem
1677 3887 1733 3943 in
1785 3891 2092 3962 exemplum

497 3948 717 4057 trahere
760 3956 904 4057 quod
948 3958 1224 4021 Abraham
1257 3971 1514 4041 populum
1546 3984 1702 4034 terrae
1724 4019 1739 4047 ,
1790 3990 1845 4036 et
1879 3948 2091 4057 Mdyses

495 4034 647 4096 Jetro
695 4048 1035 4107 sacerdotem
1072 4034 1286 4116 Madian
1322 4034 1576 4137 leguntur
1611 4034 1867 4127 adoiasse
1902 4092 1915 4129 :
1966 4034 2089 4135 bum

494 4131 745 4239 videlicet
772 4138 1093 4217 plerumque
1118 4154 1291 4208 sancti
1328 4131 1430 4211 viri
1457 4172 1558 4228 per
1582 4160 1943 4222 humilitatem
1981 4183 2088 4239 qua

493 4218 607 4278 Deo
624 4224 946 4295 placuerunt
973 4235 1225 4295 homines
1257 4218 1598 4304 salutationis
1622 4252 1796 4322 gratia
1822 4218 2083 4317 adorai'e—

399 4382 406 4393 .
491 4316 620 4385 rint,
645 4320 964 4398 plerumque
978 4344 1047 4385 ne
1059 4330 1127 4387 ab
1142 4332 1264 4390 aliis
1288 4336 1611 4398 adorarentu
1619 4316 1649 4397 ιῖ
1652 4343 1930 4405 humiliter
1941 4316 2085 4407 refu.

2199 3497 2329 3554 Post
2371 3501 2485 3556 hare
2510 3502 2803 3560 introduxit
2839 3506 3035 3580 Ioseph
3064 3520 3267 3583 patrem
3304 3530 3460 3570 suum
3499 3517 3571 3572 ad
3601 3536 3790 3591 regem,

2196 3600 2245 3646 et
2265 3595 2449 3647 statuit
2472 3610 2590 3649 eum
2617 3611 2794 3651 coram
2821 3614 2916 3664 eo;
2938 3601 3030 3673 qui
3058 3602 3359 3661 benedicens
3377 3606 3476 3673 itii,
3502 3618 3551 3662 ct
3574 3610 3792 3666 interro-

2194 3692 2347 3755 gatus
2370 3684 2434 3737 ab
2459 3701 2537 3753 eo,
2564 3697 2689 3758 quot
2710 3700 2829 3744 sunt
2850 3691 2962 3746 dies
2984 3710 3243 3750 annorum
3262 3697 3381 3752 vita
3400 3707 3509 3753 tua
3528 3699 3556 3754 .’
3580 3719 3789 3774 respon-

2193 3775 2272 3830 dit
2304 3776 2470 3832 Jacob
2496 3795 2515 3833 :
2539 3778 2663 3835 Dies
2706 3784 3140 3856 peregrinationis
3167 3797 3215 3842 et
3253 3789 3372 3843 vita:
3410 3807 3543 3847 metr
3583 3808 3784 3853 centum

2192 3869 2409 3939 triginta
2439 3888 2698 3926 annorum
2725 3885 2847 3930 sunt
2880 3879 3028 3948 parvi
3058 3888 3105 3936 et
3131 3880 3285 3947 mali,
3322 3891 3371 3936 et
3401 3901 3509 3939 non
3542 3904 3782 3957 pervene-

2192 3970 2312 4015 runt
2342 3977 2503 4033 usque
2528 3964 2598 4017 ad
2628 3964 2738 4019 dies
2759 3975 2969 4038 patrum
2997 3986 3230 4027 meorum
3252 3974 3439 4045 quibus
3464 3982 3780 4050 peregrinati

2189 4060 2310 4106 sunt
2332 4069 2352 4106 :
2387 4063 2435 4107 et
2461 4054 2727 4111 benedicta
2769 4074 2884 4129 rege
2911 4077 3148 4133 egressus
3187 4074 3261 4119 est
3296 4067 3463 4136 foras.
3505 4070 3565 4126 in
3590 4074 3778 4143 quibus

2187 4144 2368 4200 verbis
2397 4160 2505 4200 non
2538 4162 2662 4203 eum
2691 4150 2974 4219 adorasse,
3009 4154 3104 4210 sed
3137 4157 3481 4218 benedixisse
3513 4177 3777 4223 monstra-

2190 4244 2295 4292 tur.
2336 4235 2491 4305 Quod
2525 4240 2746 4310 quidem
2771 4251 2825 4298 et
2855 4244 2901 4299 si
2927 4244 3178 4316 fecisset,
3210 4266 3319 4308 non
3344 4253 3468 4311 ideo
3495 4256 3693 4316 faceret
3716 4270 3773 4319 ut

2186 4328 2310 4385 inde
2344 4332 2743 4388 adorandarum
2773 4335 3065 4409 imaginum
3110 4345 3417 4417 exemplum
3444 4360 3764 4423 sumeretur,

490 4411 688 4482 gerint,
710 4415 1028 4491 plerumque
1053 4423 1231 4498 rigore
1251 4444 1364 4487 suae
1382 4434 1687 4493 sanctitatis
1707 4440 1875 4497 erecti
1899 4458 2082 4515 super-
2105 4451 2161 4515 υ
2185 4420 2281 4478 sed
2327 4430 2389 4478 ut
2426 4423 2705 4481 humilitas
2739 4430 2910 4484 sane“
2949 4433 3271 4503 Patria“hae
3310 4437 3482 4496 Deum
3514 4445 3763 4514 “melius,

490 4500 585 4530 1.-.-
626 4523 857 4530 -----.Α-,-
908 4529 911 4530 ,
951 4515 964 4530 ι
1498 4528 1504 4530 Α
2400 4517 2415 4530 1
2577 4518 2628 4530 οι.
2765 4521 2778 4530 .

487 4500 587 4561 bus
621 4523 865 4582 quosque
898 4515 1125 4574 adorare
1148 4528 1590 4597 contempserim.
1639 4532 1905 4607 Imagines
1948 4500 2080 4597 v‘em
2105 4500 2155 4515 ”
2182 4530 2362 4588 regem
2400 4517 2809 4577 honorificantis
2839 4532 3253 4585 monstraretur.
3303 4531 3433 4600 Quae
3457 4535 3585 4592 dum
3609 4539 3679 4594 ita
3705 4555 3762 4597 se

487 4602 754 4671 nusquam
797 4620 898 4664 nec
928 4611 1165 4669 tenuiter
1203 4618 1419 4687 quidem
1449 4624 1675 4682 adorare
1706 4602 1885 4686 conati
1928 4639 2072 4688 sunt.
2179 4608 2443 4678 habeam,
2488 4624 2612 4668 τθθτ
2664 4615 2809 4685 (λυοά
2850 4616 2927 4671 im
2970 4620 3307 4679 “Miremur
3338 4624 3582 4686 (“Vina”)
3625 4632 3756 4689 Sc’i‘

485 4687 622 4747 Nam
649 4694 705 4749 in
728 4710 794 4753 eo
828 4701 971 4772 quod
1011 4704 1283 4767 Abraham
1313 4712 1427 4770 sive
1453 4714 1663 4790 Moyses
1700 4687 1947 4782 homines
1977 4726 2076 4783 ιω,
2175 4708 2390 4795 pturam
2425 4702 2516 4759 illo
2541 4702 2968 4765 familiarissime
3011 4710 3224 4769 illorum
3252 4715 3509 4787 loquendi
3548 4687 3748 4795 genere,

485 4783 642 4843 miles
680 4791 793 4847 suis
831 4794 1156 4856 utilitatibus
1197 4783 1570 4876 necessarios,
1605 4813 1861 4873 adorasse
1887 4817 2075 4889 legun—
2175 4794 2319 4863 ¹Ἰ¹¹⁰¹¹
2340 4795 2557 4865 ("ﬁdam
2582 4801 2942 4872 ³⁰Ῡ⁹⁰¹⁰ῧί³¹¹¹
2969 4817 3301 4877 nuncupam’
3342 4811 3443 4879 “ﬁt
3478 4823 3539 4871 ¹³ι
3562 4816 3749 4873 δεηθῶ·

485 4876 602 4980 tur,
640 4887 695 4935 et
720 4880 1073 4945 Mardocheus
1095 4890 1271 4950 Aman
1299 4896 1573 4963 hominem
1602 4876 1976 4980 arrogantem",
2018 4920 2073 4970 et

483 4960 756 5064 inpopuli
780 4973 877 5030 Dei
911 4979 1191 5039 interitum
1227 4960 1545 5064 inhiantem,
1582 4960 2072 5060 adoraure‘conteai:

480 5060 971 5169 ps'isse’reperitur,
1012 5071 1125 5169 hoc
1152 5080 1430 5143 evidenter
1457 5060 1761 5151 ostenditur
1785 5098 1927 5169 quod
1950 5114 2073 5155 san-

482 5152 554 5208 cti
580 5154 685 5247 viri
714 5171 845 5229 erga
876 5160 1127 5238 humiles,
1170 5173 1283 5231 sive
1305 5186 1365 5233 ut
1386 5194 1481 5238 eos
1505 5184 1575 5239 ad
1600 5152 1827 5243 meliora
1850 5152 2069 5247 horten-

482 5247 590 5346 tur,
643 5245 757 5304 sive
800 5258 859 5307 ut
895 5251 1135 5325 ejusdem
1178 5281 1404 5327 summae
1449 5274 1667 5335 virtutis
1706 5294 1934 5337 munera
1958 5299 2067 5355 non

480 5334 758 5406 amittant,
796 5356 897 5414 per
923 5351 1165 5411 eamdem
1197 5358 1553 5421 humilitatem
1581 5377 1708 5425 sunt
1735 5372 1903 5427 socii:
1943 5343 2068 5432 con-

480 5435 561 5484 tra
586 5443 875 5501 pravorum
904 5458 1032 5501 vero
1061 5452 1348 5521 nequitias,
1377 5457 1488 5512 sive
1512 5469 1573 5514 ut
1596 5461 1863 5519 malorum
1895 5467 2065 5523 socie-

480 5528 615 5623 tates
625 5522 915 5625 declinent,
931 5537 1042 5593 sive
1054 5549 1112 5596 ut
1132 5558 1225 5600 eos
1250 5547 1567 5620 resipiscere
1591 5555 1931 5625 compellant,
1958 5559 2043 5616 for

476 5611 605 5722 liter
632 5611 742 5671 sint
776 5625 963 5680 erecti.
1008 5628 1067 5682 lu
1096 5647 1161 5688 eo
1203 5611 1376 5706 igitur
1392 5641 1533 5711 quod
1568 5611 1813 5702 ioannes
1843 5648 1896 5703 in
1918 5611 2062 5722 'Apo-

475 5703 643 5779 calysi
683 5708 750 5765 ab
777 5715 964 5785 angelo
992 5703 1274 5782 cohibetur
1300 5746 1366 5786 ue
1393 5747 1451 5788 se
1478 5735 1667 5791 adoret
1689 5777 1705 5803 ,
1733 5737 1946 5798 dicente
1966 5703 2060 5799 co-

2173 4902 2288 4942 cere
2312 4889 2555 4957 posuerit
2579 4907 2679 4962 pro
2712 4894 2954 4963 adorare,
2993 4898 3086 4969 qui
3111 4898 3367 4971 loquendi
3396 4909 3590 4965 modus
3612 4918 3744 4967 tanto

2171 4979 2252 5035 eis
2286 4980 2575 5051 peculiaris
2612 4993 2715 5051 est,
2745 4995 2804 5040 ut
2829 4996 2885 5042 et
2922 4989 3128 5058 habere,
3170 5000 3224 5049 et
3248 4994 3502 5068 salutare,
3538 5012 3591 5057 et
3617 5020 3743 5058 oscu-

2169 5070 2293 5139 lari,
2334 5079 2388 5128 et
2414 5076 2669 5141 venerari,
2705 5090 2804 5147 pro
2850 5079 3075 5137 adorare
3111 5093 3168 5141 et
3190 5085 3293 5160 ipsi
3335 5101 3569 5160 ponant,
3612 5095 3738 5151 etab

2168 5165 2290 5221 aliis
2316 5165 2550 5237 positum
2581 5168 2867 5241 accipiant,
2909 5180 2964 5228 et
2999 5184 3059 5230 ut
3090 5175 3167 5233 ita
3209 5179 3441 5241 dixerim
3479 5201 3613 5259 pene
3637 5201 3737 5243 om-

2166 5257 2255 5312 nia
2280 5259 2360 5315 eis
2402 5259 2769 5330 hujuscemodi
2807 5267 2971 5325 verba
2996 5268 3052 5325 in
3080 5271 3307 5330 adorare
3335 5257 3593 5336 conversa
3618 5281 3729 5336 sint.

2166 5348 2366 5405 Sancta
2417 5365 2546 5407 vero
2592 5351 2874 5424 Scriptura
2923 5359 3065 5416 sicut
3102 5373 3331 5423 ceteros
3375 5384 3587 5426 errores
3608 5412 3623 5438 ,
3663 5371 3728 5426 ita

2163 5441 2329 5496 etiam
2368 5444 2510 5499 hunc
2532 5443 2784 5515 loquendi
2807 5451 3026 5507 modum
3054 5455 3262 5526 abnuit,
3303 5460 3398 5518 sed
3430 5464 3596 5535 puris,
3618 5478 3728 5537 pro-

2160 5534 2311 5604 priis,
2348 5534 2469 5591 lixis
2497 5536 2609 5593 sive
2644 5541 3000 5610 prudentibus
3034 5562 3247 5619 semper
3274 5555 3457 5611 verbis
3486 5557 3596 5611 sive
3619 5534 3724 5609 sen-

2162 5626 2347 5681 tentiis
2384 5630 2592 5698 utitur,
2639 5631 2910 5705 Propheta
2958 5647 3283 5711 attestante,
3337 5650 3431 5719 qui
3469 5650 3582 5704 ait:
3626 5646 3721 5701 Le:

2158 5717 2372 5777 Domini
2397 5724 2859 5795 irreprehensibilis
2883 5751 2900 5799 ς
2924 5748 3042 5815 qua:
3062 5737 3107 5792 si
3136 5717 3432 5800 benedicere
3450 5743 3619 5817 posuit
3629 5755 3717 5817 pm
