3990 6302
523 229 656 296 1051

1379 229 1441 294 B.
1479 233 1732 296 CAROLI
1770 229 1986 296 MAGNl
2023 235 2176 296 OPP.
2216 233 2398 294 PARS
2434 229 2500 292 ll.
2547 225 2793 295 SECTll)
2831 231 2898 293 ll.

3575 250 3677 310 lim

517 348 683 413 Patre
708 349 954 424 Filioque
969 349 1236 423 procedit,
1261 349 1538 408 evidenter
1566 349 1903 408 ostenditur:
1935 358 1992 406 et
2017 363 2114 421 per
2139 351 2195 416 Α
2217 346 2347 419 quid
2401 346 2643 418 protulit,
2709 347 2804 404 sed
2830 353 2887 403 et
2950 345 3120 403 omnis
3165 345 3250 403 illa
3281 349 3508 422 synodus,
3537 369 3625 426 qua
3649 365 3682 418 ei

517 445 708 504 Isaiam
735 446 1058 517 prophetam
1089 463 1104 500 :
1144 443 1376 515 Spiritus
1419 442 1633 498 Domini
1661 443 1876 514 spiritus
1902 443 2113 514 sapien-

518 543 610 598 τίω
634 553 681 598 et
703 540 1012 605 intellectus,
1039 540 1254 610 spiritus
1280 536 1487 592 consilii
1515 546 1564 592 et
1591 537 1935 606 fortitudinis,
1966 536 2118 606 spiri-

521 646 604 690 tus
625 636 856 690 scientia:
884 642 930 688 et
968 633 1197 705 pietatis,
1233 631 1450 702 spiritus
1476 630 1678 685 timoris
1707 629 1919 685 Domini
1947 629 2119 684 nomi-

523 737 681 783 natur
710 726 844 798 (Isa.
876 723 976 796 xx).
1009 723 1088 779 De
1123 738 1232 794 quo
1258 722 1422 777 etiam
1467 722 1710 793 angulari
1752 721 1926 794 lapide
1961 731 2118 791 petra

437 828 441 830 ’
521 819 779 874 Ecclesia:
807 817 915 871 ait:
957 813 1107 871 Sicut
1133 815 1291 869 modo
1332 815 1492 886 geniti
1523 814 1750 884 infantes
1777 853 1791 879 ,
1831 813 2121 868 rationabi-

522 909 616 975 les,
639 911 749 965 sine
775 907 895 962 dolo
924 906 1006 960 lac
1035 907 1402 977 concupiscite,
1431 914 1487 961 ut
1512 907 1567 960 in
1593 923 1654 960 eo
1688 906 1931 962 crescatis
1959 907 2012 960 in
2034 921 2122 960 sa-

524 1001 682 1056 lutem
713 1019 732 1055 :
772 1003 816 1055 si
853 1009 1028 1055 tamen
1056 1001 1305 1071 gustastis
1333 1016 1493 1071 quam
1516 999 1686 1054 dulcis
1721 1007 1794 1053 est
1839 998 2119 1064 Dominus,

524 1091 593 1144 ad
614 1107 766 1161 quem
787 1090 1089 1144 accedentes
1119 1088 1346 1160 lapidem
1373 1091 1563 1156 vivum,
1595 1090 1660 1144 ab
1680 1089 1978 1143 hominibus
2007 1089 2123 1159 qui-

524 1181 640 1236 dem
671 1180 1020 1252 reprobatum,
1049 1198 1083 1235 a
1121 1181 1232 1236 Deo
1261 1190 1437 1236 autem
1464 1180 1682 1236 electum
1709 1190 1757 1235 et
1795 1181 2124 1249 honoriﬁca-

525 1283 635 1329 tum
660 1273 711 1345 (Ι
751 1273 870 1329 Pet.
899 1274 1007 1344 n);
1060 1281 1114 1329 et
1143 1283 1265 1343 post
1308 1289 1515 1343 pauca:
1566 1271 1722 1328 Vobis
1749 1274 1914 1345 igitur
1954 1274 2126 1327 honor

526 1365 881 1430 credentibus,
925 1382 1029 1420 non
1075 1364 1403 1420 credentibus
1433 1373 1606 1420 autem
1636 1365 1807 1436 lapis,
1852 1380 2007 1435 quem
2045 1380 2128 1419 re-

527 1455 873 1527 probaverunt
914 1456 1269 1526 wdiﬁcantes,
1308 1457 1394 1511 hic
1435 1457 1604 1526 factus
1647 1466 1724 1512 est
1759 1459 1817 1512 in
1846 1466 2000 1529 caput
2036 1473 2128 1512 an-

530 1549 660 1619 guli,
701 1559 748 1604 et
777 1549 911 1622 lapis
947 1551 1251 1621 offensionis
1287 1562 1335 1607 et
1362 1561 1510 1622 petra
1544 1553 1782 1608 scandali
1811 1554 1893 1607 his
1929 1553 2018 1624 qui
2049 1552 2128 1622 of-

531 1642 749 1712 fendunt
780 1643 929 1697 verbo
953 1659 1045 1697 nec
1067 1643 1282 1698 credunt
1304 1645 1359 1698 in
1381 1661 1483 1714 quo
1507 1653 1556 1698 et
1582 1645 1735 1716 positi
1758 1653 1879 1698 sunt
1906 1642 1960 1716 (1
1964 1642 2121 1714 bid.).

2215 441 2272 497 in
2299 438 2545 510 pluribus
2592 439 2882 496 somnianti
2931 453 3198 498 assensum
3225 443 3465 512 prmbuit,
3496 462 3589 516 qua:
3612 467 3687 508 non

2215 531 2392 589 solum
2429 531 2627 588 dicenti
2669 547 2777 588 non
2803 531 3021 599 restitit,
3064 533 3156 588 sed
3199 533 3351 588 etiam
3381 536 3502 591 dicta
3523 538 3567 592 in
3586 541 3690 595 volu-

2219 623 2364 679 mine
2390 625 2612 680 taxavit.
2653 624 2790 680 Cum
2827 639 2956 695 ergo
3003 632 3185 680 sancta
3225 626 3443 682 Ecclesia
3473 633 3691 686 secundum

2221 725 2533 774 sanctorum
2576 716 2801 773 Patrum
2863 717 3249 773 institutionem
3291 733 3435 776 omne
3467 722 3582 792 quod
3605 724 3694 780 irre-

2219 809 2580 880 prehensibile
2609 817 2691 866 est
2720 809 2965 880 recipiat,
2998 825 3154 867 omne
3185 823 3306 866 vero
3328 809 3456 880 quod
3485 814 3695 881 reprehen-

2223 905 2380 960 sibile
2429 903 2667 974 abjiciat,
2707 905 2849 960 hanc
2896 920 3105 976 quoque
3146 920 3323 961 eorum
3355 904 3592 977 synodum,
3619 925 3696 978 qua

2222 997 2411 1067 utique
2439 997 2882 1067 reprehensibilis
2916 1005 2997 1054 est
3048 997 3257 1066 abjicit:
3298 1006 3350 1052 et
3391 998 3434 1052 si
3470 998 3584 1054 hanc
3619 1016 3698 1070 qua

2224 1090 2663 1160 reprehensibilis
2697 1099 2778 1146 est
2808 1105 2913 1147 non
2950 1089 3149 1160 abjicit,
3183 1106 3349 1162 neque
3389 1105 3470 1147 eas
3499 1076 3700 1162 quasim-

2224 1182 2615 1254 prehensibiles
2680 1190 2807 1238 sunt
2884 1183 3148 1254 suscipit:
3201 1183 3413 1252 suscipit
3460 1191 3604 1239 autem
3642 1199 3702 1240 eas

2226 1291 2347 1347 quae
2375 1275 2877 1346 irreprehensibiles
2920 1285 3065 1342 sunt,
3095 1276 3232 1332 hanc
3265 1276 3431 1348 igitur,
3457 1277 3559 1348 quia
3582 1293 3704 1347 repre

2225 1365 2475 1422 hensioni
2522 1375 2688 1436 patet,
2725 1366 2942 1438 penitus
2981 1367 3252 1436 suscipere
3306 1381 3405 1421 nou
3455 1367 3598 1422 debet.
3626 1366 3708 1422 Illas

2229 1456 2375 1514 enim
2410 1455 2645 1527 synodos
2681 1465 2866 1512 sancta
2902 1462 2956 1512 et
2990 1455 3306 1512 universalis
3335 1455 3506 1526 recipit
3520 1454 3708 1522 Ecclesia,

2231 1564 2350 1619 quae
2375 1565 2476 1619 pro
2510 1548 2739 1604 diversis
2785 1548 2911 1604 ﬁdei
2959 1548 3073 1604 sive
3103 1549 3369 1619 religionis
3400 1549 3566 1614 causis,
3589 1547 3709 1602 diver-

2230 1642 2306 1698 sis
2340 1641 2475 1697 locis
2505 1656 2602 1698 seu
2629 1641 2984 1710 temporibus,
3028 1657 3060 1696 a
3081 1641 3254 1698 doctis
3296 1652 3347 1696 et
3371 1639 3710 1702 catholicisviris

531 1733 651 1799 Quo
679 1736 1004 1790 documento
1043 1743 1377 1791 monstratur
1421 1735 1573 1790 illum
1610 1743 1665 1790 et
1689 1736 1952 1790 honorem
1977 1733 2127 1789 forti-
2153 1727 2204 1791 Β
2230 1731 2529 1797 celebratae,
2573 1747 2603 1786 a
2632 1747 2762 1787 sana
2795 1721 3089 1802 sobriaque‘
3109 1732 3347 1788 doctrina
3389 1731 3709 1786 nullatenusde-

535 1823 739 1879 tudinis
763 1826 1124 1892 credentibus,
1171 1835 1227 1882 et
1251 1825 1564 1882 scandalum
1597 1827 1811 1882 duritiae
1837 1825 2130 1882 incredulis

533 1927 674 1969 esse.
723 1913 879 1982 Quod
902 1917 1068 1973 etiam
1096 1931 1193 1987 per
1210 1915 1420 1986 justum
1463 1917 1772 1974 Simeonem
1817 1918 1920 1972 hoc
1967 1933 2130 1974 sensu

532 2006 855 2076 praedictum
883 2017 987 2063 est.
1032 2007 1122 2062 Ait
1147 2008 1331 2063 enim:
1361 2007 1677 2064 Positus‘est
1719 2010 1804 2063 hic
1831 2009 1888 2063 in
1919 2010 2130 2063 ruinam

535 2105 583 2152 et
615 2098 672 2150 in
709 2099 1137 2155 resurrectionem
1184 2099 1468 2154 multorum
1518 2101 1574 2154 in
1626 2099 1800 2155 Israel
1838 2099 1990 2173 (Luc.
2023 2101 2125 2173 n):

536 2189 593 2245 in
623 2191 836 2247 ruinam
864 2193 1073 2248 scilicet
1109 2193 1509 2250 iucredulorum
1533 2236 1548 2260 ,
1586 2195 1642 2250 in
1671 2196 2130 2251 resurrectionem

437 2324 446 2330 .
534 2296 666 2339 vero
694 2283 1071 2351 credentium;
1124 2284 1218 2354 qui
1241 2285 1407 2341 etiam
1439 2285 1577 2356 ignis
1612 2294 1970 2356 nuncupatur,
2015 2286 2130 2345 sive

537 2376 683 2446 quod
724 2375 781 2432 in
809 2391 868 2432 se
895 2377 1176 2434 credentes
1221 2379 1410 2434 aeterni
1451 2377 1670 2434 luminis
1702 2377 1909 2449 fulgore
1952 2378 2132 2449 perlu—

535 2475 694 2535 strat,
743 2468 858 2524 sive
883 2469 1028 2540 quod
1069 2469 1374 2526 incredulos
1405 2471 1595 2525 aeterni
1625 2471 1764 2541 ignis
1790 2470 1982 2526 ardore
2021 2479 2132 2524 tor-

537 2563 697 2619 rebit.
741 2563 818 2620 De
843 2564 1098 2620 unctione
1123 2580 1254 2621 vero
1282 2563 1442 2633 huius
1471 2565 1664 2636 lapidis
1693 2574 1747 2620 et
1779 2565 1940 2636 paulo
1973 2580 2131 2636 supe-

533 2655 649 2710 rius
688 2655 860 2711 David
905 2656 1141 2713 oraculis
1169 2656 1440 2727 prolatum
1484 2665 1606 2722 est,
1655 2665 1710 2712 et
1746 2672 1890 2713 nunc
1919 2656 2132 2729 praefati

533 2747 770 2816 pastoris
814 2747 1071 2804 Ecclesiae
1113 2748 1424 2804 testimonio
1462 2748 1846 2819 proferendum
1883 2759 1988 2816 est,
2039 2748 2133 2820 qui

534 2837 660 2893 ait:
710 2839 892 2894 Jesum
944 2839 1288 2895 Nazarenam
1332 2859 1486 2913 quem
1536 2845 1686 2898 unxit
1737 2844 1877 2898 Deus
1923 2843 2132 2915 Spiritu

533 2935 715 2981 sancto
743 2937 792 2981 et
820 2929 1008 2984 virtute
1029 2928 1167 2999 (Act.
1197 2933 1274 3002 χ).
1311 2932 1446 2999 Quia
1477 2948 1606 3004 ergo
1633 2933 1870 3004 Spiritus
1911 2942 2132 2990 sanctus

535 3017 853 3089 plerumque
877 3020 934 3074 in
963 3021 1160 3076 divinis
1181 3021 1476 3093 Scripturis
1495 3025 1600 3080 olei
1626 3027 1843 3082 nomine
1867 3027 2128 3094 innuitur,

2231 1823 2380 1878 viare
2433 1822 2809 1894 perhibentur.
2852 1824 3127 1881 Prmterea
3165 1827 3302 1881 tanti
3337 1825 3604 1895 patriarcha:
3624 1841 3710 1881 cum

2230 1913 2420 1986 angelo
2459 1913 2684 1971 luctatio
2734 1931 2841 1972 non
2875 1919 3168 1988 quamdam
3224 1918 3494 1990 imaginum
3521 1918 3710 1973 adoratio-

2229 2020 2374 2070 nem,
2405 2004 2499 2059 sed
2529 2004 2864 2062 Dominicam
2891 2008 3270 2080 prmﬁgurasse
3317 2009 3495 2065 dicitur
3517 2008 3559 2062 in
3580 2008 3712 2062 eodem

2227 2097 2424 2170 populo
2445 2098 2792 2168 passionem:
2833 2102 2928 2171 qui
2955 2102 3192 2172 populus
3234 2103 3356 2158 etei
3403 2101 3605 2156 luctando
3622 2116 3715 2170 pra-

2229 2190 2417 2257 valuit,
2469 2192 2596 2261 quia
2651 2191 2941 2258 cruciﬁxit,
3001 2201 3058 2248 et
3089 2194 3157 2247 ab
3187 2209 3251 2248 eo
3308 2191 3660 2248 benedictionem
3679 2189 3715 2243 iu

2229 2282 2316 2338 his
2339 2282 2510 2353 quiin
2535 2297 2658 2337 eum
2686 2283 3030 2339 crediderunt
3054 2284 3283 2355 accepit,
3312 2291 3364 2340 et
3388 2284 3440 2339 in
3469 2283 3539 2338 his
3563 2281 3716 2336 claudus

2231 2374 2403 2444 quiin
2452 2389 2575 2430 eum
2636 2377 2857 2431 credere
2897 2383 3360 2449 contempserunt,
3415 2373 3717 2440 remansit,di-

2231 2474 2384 2523 cente
2400 2468 2561 2524 beato
2581 2467 2881 2540 Augustino
2911 2487 2923 2523 :
2966 2469 3125 2535 Quod
3151 2467 3214 2525 a'b
3241 2469 3328 2524 illo
3350 2469 3512 2541 angelo
3533 2466 3717 2522 desiderat

2231 2558 2462 2613 benedici
2489 2559 2654 2614 Iacob
2689 2561 2774 2613 cui
2808 2560 3056 2615 luctando
3103 2562 3388 2635 prtevaluit,
3429 2576 3588 2631 magna
3609 2556 3721 2611 estde

2231 2649 2437 2704 Christo
2457 2651 2748 2721 prophetia.
2799 2650 2941 2706 Nam
2991 2669 3051 2707 eo
3103 2655 3214 2724 ipso
3265 2654 3487 2708 admonet
3523 2652 3722 2721 mysticus

2231 2741 2432 2812 aliquid
2458 2759 2660 2813 sapere,
2704 2745 2828 2814 quia
2860 2745 3028 2800 omnis
3052 2747 3210 2802 homo
3234 2764 3267 2801 a
3291 2747 3476 2818 majore
3510 2743 3594 2799 vult
3623 2743 3724 2796 bent-

2229 2833 2356 2887 dici.
2414 2833 2688 2900 Quomodo
2723 2853 2844 2908 ergo
2872 2840 2936 2892 ab
2959 2855 3018 2893 eo
3048 2840 3148 2894 iste
3189 2840 3344 2895 voluit
3375 2855 3512 2910 quem
3549 2834 3725 2889 htctando

2229 2930 2540 2998 superavit?
2577 2929 2866 2986 Praevaluit
2898 2933 3036 2987 enim
3075 2934 3244 2990 Jacob
3285 2934 3496 3000 Christo,
3519 2933 3580 2988 vel
3607 2931 3725 3002 potius

2231 3016 2514 3087 prwoalere
2538 3019 2675 3074 visus
2709 3030 2783 3075 est
2827 3037 2920 3092 per
2943 3037 3030 3076 eos
3075 3021 3350 3078 Israelitas
3375 3041 3405 3077 a
3437 3021 3592 3093 quibus
3611 3016 3728 3072 cruci-

537 3109 772 3168 Joannes
799 3113 1071 3184 apostolus
1102 3115 1254 3170 testis
1297 3126 1381 3171 est
1423 3118 1516 3186 qui
1544 3119 1699 3185 dicit,
1755 3118 1907 3175 Sicut
1952 3120 2126 3176 unctio
2153 3106 2202 3174 C
2232 3110 2373 3180 ﬁxus
2395 3121 2468 3166 est
2519 3113 2757 3169 Christus
2783 3131 2802 3170 .'
2848 3124 2896 3170 et
2924 3115 2988 3169 ab
3018 3132 3078 3170 eo
3112 3100 3286 3171 tanien
3329 3112 3660 3172 benediciturin
3679 3109 3728 3163 εἰσ

537 3203 653 3274 ejus
676 3203 824 3258 docet
847 3221 940 3260 nos
952 3205 1015 3260 de
1042 3207 1284 3262 omnibus
1299 3207 1350 3280 (Ι
1372 3208 1533 3263 Joan.
1559 3211 1645 3282 ιι).
1677 3210 1842 3281 Cujus
1856 3213 1903 3267 si
1924 3213 2134 3268 inenar-

539 3296 726 3352 rabilis
753 3299 992 3354 nectaris
1018 3301 1273 3356 unctione
1314 3301 1540 3358 delibuti
1580 3311 1706 3358 sunt
1734 3305 1803 3360 ob
1834 3305 2134 3376 imaginum

539 3389 912 3447 adorationem
944 3392 1343 3462 stabiliendum,
1395 3397 1630 3468 synodos
1661 3398 1870 3469 agitare
1900 3408 1953 3454 et
1987 3399 2136 3455 Scri-

538 3488 726 3552 pturas
749 3491 966 3540 sanctas
1006 3485 1074 3541 ad
1100 3495 1389 3544 extraneos
1411 3503 1603 3547 sensus
1641 3506 1904 3563 usurpare
1931 3507 2135 3565 nequa-

539 3582 702 3646 quam
733 3576 950 3634 debent.

1160 3671 1389 3732 CAPUT
1413 3673 1504 3730 XI.

540 3756 619 3814 De
653 3761 880 3835 eo_quod
924 3763 1180 3834 prtefatus
1210 3765 1444 3822 Joannes
1491 3767 1646 3835 dixit,
1676 3767 1736 3824 ln
1760 3769 1998 3826 hominis
2025 3768 2136 3828 for-

615 3845 700 3886 ma
723 3832 957 3911 luctatus
991 3832 1074 3890 est
1101 3852 1224 3891 cum
1253 3838 1484 3911 ipso,_et
1517 3832 1730 3896 vocavit
1775 3858 1898 3898 eum
1948 3842 2130 3911 Israel,

613 3902 757 3971 quod
777 3911 862 3958 est
887 3902 1304 3976 interpretatum
1334 3927 1347 3964 :
1378 3902 1535 3967 Mens
1568 3912 1758 3969 videns
1795 3914 1987 3970 Deum.

613 4012 721 4069 Sed
780 4031 880 4071 nec
942 4017 1074 4076 illud
1140 4021 1358 4091 quidem
1417 4038 1450 4080 a
1501 4026 1922 4095 reprehensione
1979 4037 2138 4086 vacat

542 4108 689 4178 quod
707 4106 849 4163 idem
869 4107 1107 4169 Joannes
1140 4117 1424 4188 presbyter
1455 4125 1511 4172 et
1547 4119 1756 4190 legatus
1777 4119 2137 4182 Orientalium

544 4200 688 4255 inter
735 4207 928 4258 cetera
984 4203 1334 4262 deliramenta
1364 4210 1429 4264 de
1474 4207 1660 4267 Jacob,
1696 4213 1898 4270 dixisse
1943 4215 2133 4289 fertur,

545 4291 614 4347 In
635 4293 862 4351 hominis
910 4296 1083 4367 forma
1129 4298 1356 4356 luctatus
1404 4313 1480 4359 est
1519 4322 1636 4360 cum
1661 4307 1794 4379 ipso,
1839 4319 1887 4366 et
1939 4315 2136 4369 vocavit

543 4400 662 4440 eum
697 4386 889 4456 Israel,
955 4390 1096 4461 quod
1137 4401 1212 4446 est
1275 4393 1692 4467 interpretatum,
1755 4399 1907 4458 Mens
1954 4404 2135 4462 videns

544 4477 735 4548 Deum,
777 4497 900 4538 cum
926 4481 1031 4538 hoc
1063 4483 1267 4540 dictum
1297 4494 1354 4542 et
1385 4503 1418 4542 a
1466 4503 1526 4543 re
1549 4493 1822 4562 proposita
1855 4494 2013 4569 longe
2057 4498 2138 4555 di-
2160 4482 2216 4545 Ῑ)

545 4577 672 4638 stet,
711 4583 740 4614 ι
777 4581 834 4628 et
873 4573 932 4629 in
971 4575 1210 4633 nominis
1270 4578 1716 4650 interpretatione
1796 4588 2138 4648 usitatiorem

545 4667 835 4737 quamdam
871 4668 1148 4737 amittens,
1176 4687 1315 4743 pene
1340 4674 1658 4732 inusitatum
1685 4680 1818 4750 quid
1861 4694 2135 4753 personet.

545 4753 680 4812 Nam
703 4757 832 4814 dum
869 4760 1091 4830 quidam
1132 4762 1187 4818 id
1240 4779 1438 4820 nomen
1475 4765 1916 4839 interpretentur,
1950 4772 2043 4828 Vir
2066 4777 2141 4831 vi-

545 4847 674 4905 dens
695 4850 884 4917 Deum,
913 4854 1134 4922 quidam
1160 4871 1310 4925 vero,
1337 4857 1520 4915 Fortis
1548 4877 1667 4916 cum
1713 4862 1843 4932 Deo,
1891 4869 2139 4926 nonnulli

547 4942 711 4998 etiam
732 4945 999 5029 veracius,
1026 4945 1278 5018 Princeps
1320 4965 1438 5004 cum
1463 4949 1592 5020 Deo,
1639 4955 1825 5012 nescio
1858 4963 2041 5016 tamen
2069 4976 2140 5018 an

548 5033 690 5090 ullus
736 5050 927 5092 eorum
966 5037 1060 5108 qui
1086 5037 1141 5092 in
1171 5054 1379 5095 canone
1427 5045 1785 5117 recipiuntur,
1837 5053 2140 5123 reperiatur

545 5125 670 5194 hoc,
705 5127 854 5184 Mens
881 5129 1060 5186 videns
1085 5129 1278 5200 Deum,
1329 5133 1716 5209 interpretatus
1744 5140 1952 5201 fuisse:
1994 5148 2138 5202 unde

547 5234 656 5276 non
687 5221 860 5276 solum
888 5220 978 5278 ille
1015 5224 1491 5294 reprehendendus
1513 5241 1596 5288 est
1624 5236 1716 5306 qui
1759 5238 2138 5296 usitatioribus

547 5311 1081 5383 interpretationibus
1143 5324 1523 5390 prattermissis
1606 5343 1745 5399 pene
1816 5332 2136 5392 inusitatum

620 5484 645 5513 ιι
669 5469 737 5525 Et
766 5471 1078 5554 ingnomirtis
1114 5479 1542 5554 interpretatione
1579 5489 1906 5548 usitatiorem
1950 5512 2135 5554 quam-

548 5540 1124 5633 dam#omittens,‘pene_
1153 5540 1460 5633 inusitatum
1488 5540 1905 5633 qusu'ﬁéiibﬂi
1937 5540 2136 5625 ἐπὶ..έὶ

549 5611 746 5700 dator,
799 5611 1021 5688 expreto
1060 5629 1132 5693 τῷ
1163 5611 2135 5700 ⁸ιᾳςίιςιῑξοιτξηίξΠέιεζ

548 5693 917 5777 mirationem,
959 5706 1065 5777 quo
1087 5693 1216 5777 quid
1254 5697 1356 5777 sibi
1400 5693 1535 5756 velit
1565 5719 1672 5758 non
1709 5721 1850 5776 queo
1887 5693 2128 5769 visitare.

550 5753 919 5835 Usitatiorem,
967 5753 1196 5824 subaudi
1243 5767 1346 5826 ἀπὸ
1389 5753 2128 5851 male"'ithrioﬁzdiiéiiéh‘il

2234 3202 2496 3259 Israelitis
2542 3206 2632 3277 qui
2687 3206 3022 3262 crediderunt
3059 3209 3121 3263 in
3185 3207 3462 3275 Christum,
3504 3223 3556 3263 ea
3600 3202 3728 3275 quibus

2232 3309 2344 3352 erat
2373 3300 2462 3369 qui
2485 3299 2687 3355 dicebat
2715 3317 2734 3356 :
2763 3301 2898 3357 Nam
2924 3310 2979 3358 et
3015 3317 3118 3375 ego
3139 3303 3383 3359 Israelita
3402 3316 3509 3358 sum
3527 3315 3578 3355 ex
3597 3307 3733 3366 genere

2233 3389 2465 3444 Abrahae
2499 3398 2554 3446 et
2596 3391 2742 3446 tribu
2779 3391 3059 3462 Benjamin
3113 3393 3302 3467 (Rom.
3351 3392 3444 3464 χι).
3503 3389 3620 3445 Linus
3655 3398 3736 3454 ergo

2235 3489 2387 3552 atque
2412 3481 2549 3536 idem
2595 3481 2761 3538 Iacob
2788 3493 2836 3540 et
2877 3484 3100 3540 claudus
3144 3497 3203 3541 et
3245 3485 3539 3564 benedictus.
3570 3475 3737 3534 Claudiis

2234 3572 2290 3628 in
2317 3573 2595 3630 latitudine
2627 3575 2842 3645 femoris
2873 3587 3123 3650 tanquam
3147 3579 3210 3633 in
3238 3576 3544 3633 multitudine
3578 3568 3740 3644 generis.

2234 3664 2299 3719 de
2324 3663 2513 3736 quibus
2570 3665 2770 3720 dictum
2819 3677 2937 3723 est:
2977 3669 3045 3723 Et
3081 3669 3511 3726 claudicaverunt
3550 3659 3743 3718 asemilis

2236 3757 2348 3813 suis
2379 3757 2552 3830 (Psal.
2600 3761 2781 3833 ιιι-ιιι).
2846 3762 3159 3818 Benedictus
3221 3775 3392 3819 autem
3419 3764 3468 3818 in
3503 3761 3565 3816 eis
3593 3758 3643 3812 de
3663 3752 3744 3826 qli-

2238 3851 2326 3906 bui
2358 3851 2562 3905 dictum
2589 3861 2663 3906 est
2689 3869 2706 3908 :
2749 3853 3011 3925 Reliquias
3045 3871 3144 3927 per
3170 3857 3482 3916 electionem
3505 3853 3656 3927 gratia
3671 3846 3745 3904 δειΙο

2235 3958 2317 4000 vae
2353 3943 2508 4001 taetre
2537 3954 2662 4002 sunt
2693 3946 2872 4019 (Rom.
2915 3949 3016 4021 χι).

2841 4061 3070 4120 CAPUT
3110 4063 3229 4121 ΧΠ.

2241 4149 2394 4230 Quod
2435 4155 2634 4230 nonad
2679 4154 3040 4230 adorationem
3074 4159 3367 4230 imaginum
3416 4157 3650 4230 pertinaci,
3683 4162 3748 4203 πεί

2309 4219 2366 4300 in
2391 4226 2592 4300 nostris
2607 4227 2874 4300 codicibus
2903 4229 2993 4300 qui
3025 4245 3089 4284 ea:
3119 4219 3384 4300 Hevbraica
3417 4219 3751 4300 peritatetmt-

2309 4293 2406 4372 l_ati
2431 4305 2550 4372 sunt
2575 4297 2890 4372 inveniatur,
2915 4293 3056 4372 quod
3077 4298 3161 4372 illi,
3183 4302 3241 4356 in
3267 4319 3362 4356 sua
3386 4299 3566 4372 synodo
3599 4295 3748 4372 diem,

2309 4363 2478 4446 Jacob
2535 4367 2836 4446 suscipiens
2871 4363 2902 4422 a
2927 4363 3056 4446 liliis
3085 4371 3201 4426 suis
3235 4363 3435 4428 vestem
3460 4369 3667 4446 talarem
3691 4371 3750 4446 la:

2311 4436 2584 4510 befactam
2627 4437 2845 4508 Joseph,
2878 4441 3154 4497 osculatus
3192 4453 3278 4499 est
3307 4459 3427 4510 cum
3459 4437 3688 4510 lacrymiS,
3713 4436 3752 4485 εί

2312 4509 2545 4579 propriis
2573 4510 2744 4566 oculis
2774 4511 3029 4581 imposuit
3074 4512 3231 4585 (Gen.
3264 4509 3486 4586 xixvn).

2312 4599 2428 4656 Non
2465 4601 2768 4660 mirandum
2807 4606 2959 4660 estsi
2989 4603 3156 4663 Jacob
3210 4618 3491 4665 accusetur
3512 4605 3572 4660 ab
3591 4600 3674 4658 illis
3696 4605 3754 4652 tu-

2241 4692 2421 4748 nicam
2447 4691 2647 4766 Ioseph
2669 4696 2943 4753 osculatus
2974 4697 3161 4767 fuisse,
3189 4709 3246 4758 et
3270 4701 3441 4758 oculis
3481 4693 3751 4768 imposuisse.

2242 4800 2275 4840 a
2305 4786 2502 4857 quibus
2548 4790 2712 4844 etiam
2738 4788 3074 4848 Pharaonem
3100 4804 3388 4852 accusatur
3410 4794 3656 4850 adorasse.
3679 4785 3756 4840 A0-

2242 4877 2422 4936 cidere
2448 4880 2650 4936 ctenim
2708 4883 3028 4955 plerumque
3089 4887 3228 4944 solet
3267 4896 3328 4944 ut
3359 4888 3448 4959 qui
3480 4881 3628 4942 semel
3675 4873 3754 4931 falli

2241 4972 2488 5042 coeperit,
2525 4974 2719 5030 crebro
2766 4974 3012 5046 fallatur;
3053 4987 3108 5034 et
3139 4981 3230 5051 qui
3287 4980 3452 5036 semel
3479 4995 3507 5033 a
3531 4975 3606 5034 via
3625 4982 3757 5028 reces-

2241 5066 2390 5132 serit,
2436 5075 2490 5122 et
2519 5069 2789 5126 tramitem
2816 5072 2899 5128 sui
2935 5073 3146 5129 itineris
3176 5075 3364 5131 ducem
3393 5073 3535 5144 sequi
3566 5066 3759 5139 negleie'

2239 5159 2333 5226 rit,
2364 5175 2463 5231 per
2494 5163 2726 5234 abrupta
2775 5173 2830 5220 et
2861 5165 3007 5222 invia
3037 5167 3242 5224 aﬂatim
3286 5182 3466 5224 errore
3507 5166 3626 5222 duce
3652 5156 3756 5212 fera‘

2239 5259 2349 5308 tur.
2393 5253 2598 5312 Tunica
2647 5259 2791 5314 enim
2821 5257 3020 5331 Ioseph
3059 5279 3160 5320 nec
3184 5265 3239 5320 in
3259 5263 3493 5320 Hebraeis
3512 5255 3755 5318 codicibus,

2238 5363 2339 5405 nec
2365 5348 2423 5404 in
2437 5349 2644 5408 Latinis
2671 5353 2762 5423 qui
2785 5369 2852 5409 ex
2880 5354 3148 5414 Hebraica
3177 5359 3399 5415 veritate
3422 5351 3642 5412 translati
3662 5351 3758 5404 sunt

2236 5506 2575 5590 Astipulatur
2613 5512 2685 5590 id__
2707 5514 2850 5584 quod
2895 5518 3140 5588 sequitur
3184 5537 3198 5574 :
3245 5540 3263 5572 ι
3299 5519 3398 5588 Qui
3444 5508 3759 5590 usitatioribus

2237 5584 2805 5662 interpretationibus
2839 5584 3220 5662 prmtemissis
3289 5584 3422 5662 pene
3493 5585 3757 5662 inusim‘H‘P

2236 5651 2364 5719 quid
2382 5648 2630 5720 protulit.
2661 5676 2680 5708 ι
2715 5648 2978 5734 Usitatior
3009 5672 3187 5718 autem
3219 5648 3575 5734 interpretatio
3595 5662 3665 5711 est
3686 5648 3758 5705 illa

2236 5736 2401 5792 quam
2427 5733 2704 5796 postremo
2733 5729 2853 5789 loco
2875 5737 3050 5806 ponit,
3080 5737 3318 5809 princeps
3343 5729 3458 5790 cum
3476 5731 3596 5788 Deo.
