  <div class='ocr_page' id='page_1' title='image "/cluster/home/n/w/nwhite01/storage/ocr_20150623/98/hvd.32044015466782/522.png"; bbox 0 0 3990 6302; ppageno 0'>
   <div class='ocr_carea' id='block_1_1' title="bbox 194 291 320 353">
    <p class='ocr_par' dir='ltr' id='par_1_1' title="bbox 194 291 320 353">
     <span class='ocr_line' id='line_1_1' title="bbox 194 291 320 353; baseline 0.04 -6"><span class='ocrx_word' id='word_1_1' title='bbox 194 291 320 353; x_wconf 73' lang='grc'><strong>1055</strong></span> 
     </span>
    </p>
   </div>
   <div class='ocr_carea' id='block_1_2' title="bbox 186 390 1818 475">
    <p class='ocr_par' dir='ltr' id='par_1_2' title="bbox 186 390 1818 475">
     <span class='ocr_line' id='line_1_2' title="bbox 186 390 1818 475; baseline -0.008 -16"><span class='ocrx_word' id='word_1_2' title='bbox 186 423 220 459; x_wconf 87' lang='lat' dir='ltr'><strong>a</strong></span> <span class='ocrx_word' id='word_1_3' title='bbox 246 411 389 475; x_wconf 83' lang='lat' dir='ltr'><strong>patre</strong></span> <span class='ocrx_word' id='word_1_4' title='bbox 412 399 653 457; x_wconf 82' lang='lat' dir='ltr'><strong>osculata</strong></span> <span class='ocrx_word' id='word_1_5' title='bbox 694 396 773 453; x_wconf 85' lang='lat' dir='ltr'><strong>vel</strong></span> <span class='ocrx_word' id='word_1_6' title='bbox 799 394 970 452; x_wconf 85' lang='lat' dir='ltr'><strong>oculis</strong></span> <span class='ocrx_word' id='word_1_7' title='bbox 993 393 1240 464; x_wconf 84' lang='lat' dir='ltr'><strong>imposita</strong></span> <span class='ocrx_word' id='word_1_8' title='bbox 1276 390 1441 448; x_wconf 76' lang='lat' dir='ltr'><strong>fuisse</strong></span> <span class='ocrx_word' id='word_1_9' title='bbox 1467 397 1739 447; x_wconf 78' lang='lat' dir='ltr'><strong>narratur.</strong></span> <span class='ocrx_word' id='word_1_10' title='bbox 1770 393 1818 446; x_wconf 79' lang='grc' dir='ltr'><strong>Α</strong></span> 
     </span>
    </p>
   </div>
   <div class='ocr_carea' id='block_1_3' title="bbox 187 478 1750 561">
    <p class='ocr_par' dir='ltr' id='par_1_3' title="bbox 187 478 1750 561">
     <span class='ocr_line' id='line_1_3' title="bbox 187 478 1750 561; baseline -0.009 -13"><span class='ocrx_word' id='word_1_11' title='bbox 187 493 329 560; x_wconf 78' lang='lat' dir='ltr'><strong>Quod</strong></span> <span class='ocrx_word' id='word_1_12' title='bbox 354 488 567 561; x_wconf 86' lang='lat' dir='ltr'><strong>quidem</strong></span> <span class='ocrx_word' id='word_1_13' title='bbox 596 495 652 541; x_wconf 89' lang='lat' dir='ltr'><strong>et</strong></span> <span class='ocrx_word' id='word_1_14' title='bbox 688 486 733 540; x_wconf 88' lang='lat' dir='ltr'><strong>si</strong></span> <span class='ocrx_word' id='word_1_15' title='bbox 761 484 963 540; x_wconf 79' lang='lat' dir='ltr'><strong>factum</strong></span> <span class='ocrx_word' id='word_1_16' title='bbox 1013 483 1177 539; x_wconf 82' lang='lat' dir='ltr'><strong>fuisse</strong></span> <span class='ocrx_word' id='word_1_17' title='bbox 1208 491 1568 545; x_wconf 80' lang='lat' dir='ltr'><strong>narraretur,</strong></span> <span class='ocrx_word' id='word_1_18' title='bbox 1603 478 1750 535; x_wconf 88' lang='lat' dir='ltr'><strong>nullo</strong></span> 
     </span>
    </p>
   </div>
   <div class='ocr_carea' id='block_1_4' title="bbox 189 571 1749 645">
    <p class='ocr_par' dir='ltr' id='par_1_4' title="bbox 189 571 1749 645">
     <span class='ocr_line' id='line_1_4' title="bbox 189 571 1749 645; baseline -0.009 -8"><span class='ocrx_word' id='word_1_19' title='bbox 189 587 339 638; x_wconf 80' lang='lat' dir='ltr'><strong>lllOdU</strong></span> <span class='ocrx_word' id='word_1_20' title='bbox 364 581 416 634; x_wconf 90' lang='lat' dir='ltr'><strong>in</strong></span> <span class='ocrx_word' id='word_1_21' title='bbox 444 581 544 634; x_wconf 90' lang='lat' dir='ltr'><strong>hoc</strong></span> <span class='ocrx_word' id='word_1_22' title='bbox 582 577 724 633; x_wconf 83' lang='lat' dir='ltr'><strong>facto</strong></span> <span class='ocrx_word' id='word_1_23' title='bbox 761 576 846 632; x_wconf 93' lang='lat' dir='ltr'><strong>vel</strong></span> <span class='ocrx_word' id='word_1_24' title='bbox 895 576 1128 631; x_wconf 89' lang='lat' dir='ltr'><strong>tenuiter</strong></span> <span class='ocrx_word' id='word_1_25' title='bbox 1155 573 1450 645; x_wconf 82' lang='lat' dir='ltr'><strong>imaginum</strong></span> <span class='ocrx_word' id='word_1_26' title='bbox 1508 571 1749 628; x_wconf 59' lang='lat' dir='ltr'><strong>adorato</strong></span> 
     </span>
    </p>
   </div>
   <div class='ocr_carea' id='block_1_5' title="bbox 189 662 1751 732">
    <p class='ocr_par' dir='ltr' id='par_1_5' title="bbox 189 662 1751 732">
     <span class='ocr_line' id='line_1_5' title="bbox 189 662 1751 732; baseline -0.006 -5"><span class='ocrx_word' id='word_1_27' title='bbox 189 674 530 732; x_wconf 85' lang='lat' dir='ltr'><strong>innueretur:</strong></span> <span class='ocrx_word' id='word_1_28' title='bbox 572 683 696 724; x_wconf 85' lang='lat' dir='ltr'><strong>cum</strong></span> <span class='ocrx_word' id='word_1_29' title='bbox 745 676 926 722; x_wconf 89' lang='lat' dir='ltr'><strong>tamen</strong></span> <span class='ocrx_word' id='word_1_30' title='bbox 983 666 1132 720; x_wconf 81' lang='lat' dir='ltr'><strong>aliud</strong></span> <span class='ocrx_word' id='word_1_31' title='bbox 1192 665 1263 720; x_wconf 90' lang='lat' dir='ltr'><strong>sit</strong></span> <span class='ocrx_word' id='word_1_32' title='bbox 1307 664 1554 729; x_wconf 88' lang='lat' dir='ltr'><strong>adorare,</strong></span> <span class='ocrx_word' id='word_1_33' title='bbox 1608 662 1751 718; x_wconf 86' lang='lat' dir='ltr'><strong>aliud</strong></span> 
     </span>
    </p>
   </div>
   <div class='ocr_carea' id='block_1_6' title="bbox 188 754 1823 828">
    <p class='ocr_par' dir='ltr' id='par_1_6' title="bbox 188 754 1823 828">
     <span class='ocr_line' id='line_1_6' title="bbox 188 754 1823 828; baseline -0.007 -12"><span class='ocrx_word' id='word_1_34' title='bbox 188 760 431 826; x_wconf 76' lang='lat' dir='ltr'><strong>osculari,</strong></span> <span class='ocrx_word' id='word_1_35' title='bbox 465 758 607 828; x_wconf 91' lang='lat' dir='ltr'><strong>quod</strong></span> <span class='ocrx_word' id='word_1_36' title='bbox 651 756 727 809; x_wconf 88' lang='lat' dir='ltr'><strong>illi</strong></span> <span class='ocrx_word' id='word_1_37' title='bbox 758 754 1092 826; x_wconf 84' lang='lat' dir='ltr'><strong>acyrologiec</strong></span> <span class='ocrx_word' id='word_1_38' title='bbox 1140 768 1303 807; x_wconf 91' lang='lat' dir='ltr'><strong>unum</strong></span> <span class='ocrx_word' id='word_1_39' title='bbox 1324 758 1552 822; x_wconf 86' lang='lat' dir='ltr'><strong>putant:</strong></span> <span class='ocrx_word' id='word_1_40' title='bbox 1590 758 1752 819; x_wconf 90' lang='lat' dir='ltr'><strong>atque</strong></span> <span class='ocrx_word' id='word_1_41' title='bbox 1820 776 1823 783; x_wconf 68' lang='grc' dir='ltr'><strong>ε</strong></span> 
     </span>
    </p>
   </div>
   <div class='ocr_carea' id='block_1_7' title="bbox 190 842 1753 921">
    <p class='ocr_par' dir='ltr' id='par_1_7' title="bbox 190 842 1753 921">
     <span class='ocr_line' id='line_1_7' title="bbox 190 842 1753 921; baseline -0.008 -14"><span class='ocrx_word' id='word_1_42' title='bbox 190 853 327 907; x_wconf 82' lang='lat' dir='ltr'><strong>aliud</strong></span> <span class='ocrx_word' id='word_1_43' title='bbox 376 850 577 921; x_wconf 77' lang='lat' dir='ltr'><strong>pictam</strong></span> <span class='ocrx_word' id='word_1_44' title='bbox 634 846 922 916; x_wconf 74' lang='lat' dir='ltr'><strong>imaginem</strong></span> <span class='ocrx_word' id='word_1_45' title='bbox 972 844 1218 906; x_wconf 84' lang='lat' dir='ltr'><strong>adorare,</strong></span> <span class='ocrx_word' id='word_1_46' title='bbox 1267 842 1411 897; x_wconf 83' lang='lat' dir='ltr'><strong>aliud</strong></span> <span class='ocrx_word' id='word_1_47' title='bbox 1457 856 1490 895; x_wconf 89' lang='lat' dir='ltr'><strong>a</strong></span> <span class='ocrx_word' id='word_1_48' title='bbox 1528 849 1753 910; x_wconf 87' lang='lat' dir='ltr'><strong>paterno</strong></span> 
     </span>
    </p>
   </div>
   <div class='ocr_carea' id='block_1_8' title="bbox 188 928 1754 1002">
    <p class='ocr_par' dir='ltr' id='par_1_8' title="bbox 188 928 1754 1002">
     <span class='ocr_line' id='line_1_8' title="bbox 188 928 1754 1002; baseline -0.01 -5"><span class='ocrx_word' id='word_1_49' title='bbox 188 940 375 996; x_wconf 73' lang='lat' dir='ltr'><strong>allectu</strong></span> <span class='ocrx_word' id='word_1_50' title='bbox 423 936 589 991; x_wconf 89' lang='lat' dir='ltr'><strong>vestis</strong></span> <span class='ocrx_word' id='word_1_51' title='bbox 616 933 712 989; x_wconf 84' lang='lat' dir='ltr'><strong>ﬁlii</strong></span> <span class='ocrx_word' id='word_1_52' title='bbox 748 933 840 1002; x_wconf 87' lang='lat' dir='ltr'><strong>qui</strong></span> <span class='ocrx_word' id='word_1_53' title='bbox 875 933 1172 987; x_wconf 78' lang='lat' dir='ltr'><strong>exstinctus</strong></span> <span class='ocrx_word' id='word_1_54' title='bbox 1222 930 1538 985; x_wconf 77' lang='lat' dir='ltr'><strong>credebatur</strong></span> <span class='ocrx_word' id='word_1_55' title='bbox 1572 928 1754 983; x_wconf 85' lang='lat' dir='ltr'><strong>dolore</strong></span> 
     </span>
    </p>
   </div>
   <div class='ocr_carea' id='block_1_9' title="bbox 189 1020 1749 1103">
    <p class='ocr_par' dir='ltr' id='par_1_9' title="bbox 189 1020 1749 1103">
     <span class='ocr_line' id='line_1_9' title="bbox 189 1020 1749 1103; baseline -0.008 -15"><span class='ocrx_word' id='word_1_56' title='bbox 189 1033 533 1103; x_wconf 84' lang='lat' dir='ltr'><strong>eompellente</strong></span> <span class='ocrx_word' id='word_1_57' title='bbox 593 1025 1026 1083; x_wconf 86' lang='lat' dir='ltr'><strong>madescentibus</strong></span> <span class='ocrx_word' id='word_1_58' title='bbox 1084 1023 1210 1080; x_wconf 84' lang='lat' dir='ltr'><strong>tletu</strong></span> <span class='ocrx_word' id='word_1_59' title='bbox 1273 1022 1443 1078; x_wconf 88' lang='lat' dir='ltr'><strong>oculis</strong></span> <span class='ocrx_word' id='word_1_60' title='bbox 1507 1020 1749 1090; x_wconf 80' lang='lat' dir='ltr'><strong>imponi;</strong></span> 
     </span>
    </p>
   </div>
   <div class='ocr_carea' id='block_1_10' title="bbox 188 1110 1755 1180">
    <p class='ocr_par' dir='ltr' id='par_1_10' title="bbox 188 1110 1755 1180">
     <span class='ocr_line' id='line_1_10' title="bbox 188 1110 1755 1180; baseline -0.01 0"><span class='ocrx_word' id='word_1_61' title='bbox 188 1127 328 1180; x_wconf 88' lang='lat' dir='ltr'><strong>aliud</strong></span> <span class='ocrx_word' id='word_1_62' title='bbox 380 1124 591 1179; x_wconf 80' lang='lat' dir='ltr'><strong>cuidam</strong></span> <span class='ocrx_word' id='word_1_63' title='bbox 653 1117 993 1173; x_wconf 86' lang='lat' dir='ltr'><strong>similitudini</strong></span> <span class='ocrx_word' id='word_1_64' title='bbox 1047 1116 1183 1170; x_wconf 90' lang='lat' dir='ltr'><strong>colla</strong></span> <span class='ocrx_word' id='word_1_65' title='bbox 1225 1115 1560 1175; x_wconf 83' lang='lat' dir='ltr'><strong>submittere,</strong></span> <span class='ocrx_word' id='word_1_66' title='bbox 1610 1110 1755 1166; x_wconf 82' lang='lat' dir='ltr'><strong>aliud</strong></span> 
     </span>
    </p>
   </div>
   <div class='ocr_carea' id='block_1_11' title="bbox 188 1205 1756 1288">
    <p class='ocr_par' dir='ltr' id='par_1_11' title="bbox 188 1205 1756 1288">
     <span class='ocr_line' id='line_1_11' title="bbox 188 1205 1756 1288; baseline -0.009 -19"><span class='ocrx_word' id='word_1_67' title='bbox 188 1232 295 1288; x_wconf 66' lang='lat' dir='ltr'><strong>pra&#39;</strong></span> <span class='ocrx_word' id='word_1_68' title='bbox 331 1214 540 1269; x_wconf 65' lang='lat' dir='ltr'><strong>ueteris</strong></span> <span class='ocrx_word' id='word_1_69' title='bbox 580 1209 760 1264; x_wconf 85' lang='lat' dir='ltr'><strong>dilecti</strong></span> <span class='ocrx_word' id='word_1_70' title='bbox 814 1208 908 1262; x_wconf 82' lang='lat' dir='ltr'><strong>lilii</strong></span> <span class='ocrx_word' id='word_1_71' title='bbox 954 1207 1088 1261; x_wconf 89' lang='lat' dir='ltr'><strong>vesti</strong></span> <span class='ocrx_word' id='word_1_72' title='bbox 1118 1206 1330 1260; x_wconf 87' lang='lat' dir='ltr'><strong>interna</strong></span> <span class='ocrx_word' id='word_1_73' title='bbox 1377 1205 1577 1274; x_wconf 82' lang='lat' dir='ltr'><strong>pietate</strong></span> <span class='ocrx_word' id='word_1_74' title='bbox 1600 1218 1756 1257; x_wconf 84' lang='lat' dir='ltr'><strong>oscu-</strong></span> 
     </span>
    </p>
   </div>
   <div class='ocr_carea' id='block_1_12' title="bbox 190 1291 1758 1366">
    <p class='ocr_par' dir='ltr' id='par_1_12' title="bbox 190 1291 1758 1366">
     <span class='ocr_line' id='line_1_12' title="bbox 190 1291 1758 1366; baseline -0.01 -8"><span class='ocrx_word' id='word_1_75' title='bbox 190 1305 296 1358; x_wconf 86' lang='lat' dir='ltr'><strong>lum</strong></span> <span class='ocrx_word' id='word_1_76' title='bbox 319 1304 466 1357; x_wconf 85' lang='lat' dir='ltr'><strong>dare.</strong></span> <span class='ocrx_word' id='word_1_77' title='bbox 517 1298 664 1354; x_wconf 79' lang='lat' dir='ltr'><strong>Adeo</strong></span> <span class='ocrx_word' id='word_1_78' title='bbox 701 1297 881 1366; x_wconf 90' lang='lat' dir='ltr'><strong>itaque</strong></span> <span class='ocrx_word' id='word_1_79' title='bbox 918 1303 1139 1350; x_wconf 85' lang='lat' dir='ltr'><strong>sanctus</strong></span> <span class='ocrx_word' id='word_1_80' title='bbox 1178 1293 1487 1364; x_wconf 80' lang='lat' dir='ltr'><strong>patriarcha</strong></span> <span class='ocrx_word' id='word_1_81' title='bbox 1529 1291 1758 1360; x_wconf 80' lang='lat' dir='ltr'><strong>angeba-</strong></span> 
     </span>
    </p>
   </div>
   <div class='ocr_carea' id='block_1_13' title="bbox 192 1381 1755 1460">
    <p class='ocr_par' dir='ltr' id='par_1_13' title="bbox 192 1381 1755 1460">
     <span class='ocr_line' id='line_1_13' title="bbox 192 1381 1755 1460; baseline -0.01 -12"><span class='ocrx_word' id='word_1_82' title='bbox 192 1406 279 1449; x_wconf 88' lang='lat' dir='ltr'><strong>tur</strong></span> <span class='ocrx_word' id='word_1_83' title='bbox 300 1393 465 1448; x_wconf 87' lang='lat' dir='ltr'><strong>anitni</strong></span> <span class='ocrx_word' id='word_1_84' title='bbox 491 1389 724 1460; x_wconf 85' lang='lat' dir='ltr'><strong>procella</strong></span> <span class='ocrx_word' id='word_1_85' title='bbox 760 1387 980 1449; x_wconf 77' lang='lat' dir='ltr'><strong>turbati,</strong></span> <span class='ocrx_word' id='word_1_86' title='bbox 1016 1393 1074 1439; x_wconf 88' lang='lat' dir='ltr'><strong>ut</strong></span> <span class='ocrx_word' id='word_1_87' title='bbox 1103 1401 1208 1440; x_wconf 86' lang='lat' dir='ltr'><strong>non</strong></span> <span class='ocrx_word' id='word_1_88' title='bbox 1232 1384 1403 1438; x_wconf 85' lang='lat' dir='ltr'><strong>solum</strong></span> <span class='ocrx_word' id='word_1_89' title='bbox 1434 1390 1634 1437; x_wconf 78' lang='lat' dir='ltr'><strong>vestem</strong></span> <span class='ocrx_word' id='word_1_90' title='bbox 1663 1381 1755 1447; x_wconf 80' lang='lat' dir='ltr'><strong>lilii</strong></span> 
     </span>
    </p>
   </div>
   <div class='ocr_carea' id='block_1_14' title="bbox 190 1470 1758 1555">
    <p class='ocr_par' dir='ltr' id='par_1_14' title="bbox 190 1470 1758 1555">
     <span class='ocr_line' id='line_1_14' title="bbox 190 1470 1758 1555; baseline -0.009 -16"><span class='ocrx_word' id='word_1_91' title='bbox 190 1500 344 1555; x_wconf 86' lang='lat' dir='ltr'><strong>quem</strong></span> <span class='ocrx_word' id='word_1_92' title='bbox 374 1479 715 1536; x_wconf 83' lang='lat' dir='ltr'><strong>inclementia</strong></span> <span class='ocrx_word' id='word_1_93' title='bbox 762 1476 951 1532; x_wconf 90' lang='lat' dir='ltr'><strong>mortis</strong></span> <span class='ocrx_word' id='word_1_94' title='bbox 986 1486 1198 1545; x_wconf 83' lang='lat' dir='ltr'><strong>raptum</strong></span> <span class='ocrx_word' id='word_1_95' title='bbox 1247 1473 1519 1535; x_wconf 87' lang='lat' dir='ltr'><strong>credebat,</strong></span> <span class='ocrx_word' id='word_1_96' title='bbox 1551 1470 1758 1526; x_wconf 78' lang='lat' dir='ltr'><strong>oscula—</strong></span> 
     </span>
    </p>
   </div>
   <div class='ocr_carea' id='block_1_15' title="bbox 188 1561 1758 1636">
    <p class='ocr_par' dir='ltr' id='par_1_15' title="bbox 188 1561 1758 1636">
     <span class='ocr_line' id='line_1_15' title="bbox 188 1561 1758 1636; baseline -0.01 -6"><span class='ocrx_word' id='word_1_97' title='bbox 188 1582 337 1630; x_wconf 86' lang='lat' dir='ltr'><strong>retur</strong></span> <span class='ocrx_word' id='word_1_98' title='bbox 362 1571 445 1625; x_wconf 88' lang='lat' dir='ltr'><strong>vel</strong></span> <span class='ocrx_word' id='word_1_99' title='bbox 492 1569 662 1625; x_wconf 86' lang='lat' dir='ltr'><strong>oculis</strong></span> <span class='ocrx_word' id='word_1_100' title='bbox 695 1569 1010 1636; x_wconf 81' lang='lat' dir='ltr'><strong>imponeret,</strong></span> <span class='ocrx_word' id='word_1_101' title='bbox 1041 1566 1136 1623; x_wconf 90' lang='lat' dir='ltr'><strong>sed</strong></span> <span class='ocrx_word' id='word_1_102' title='bbox 1186 1565 1347 1618; x_wconf 88' lang='lat' dir='ltr'><strong>etiam</strong></span> <span class='ocrx_word' id='word_1_103' title='bbox 1396 1561 1758 1619; x_wconf 60' lang='lat' dir='ltr'><strong>consolatione</strong></span> 
     </span>
    </p>
   </div>
   <div class='ocr_carea' id='block_1_16' title="bbox 190 1653 1759 1735">
    <p class='ocr_par' dir='ltr' id='par_1_16' title="bbox 190 1653 1759 1735">
     <span class='ocr_line' id='line_1_16' title="bbox 190 1653 1759 1735; baseline -0.008 -16"><span class='ocrx_word' id='word_1_104' title='bbox 190 1662 483 1735; x_wconf 80' lang='lat' dir='ltr'><strong>postposita</strong></span> <span class='ocrx_word' id='word_1_105' title='bbox 542 1659 778 1715; x_wconf 83' lang='lat' dir='ltr'><strong>funereis</strong></span> <span class='ocrx_word' id='word_1_106' title='bbox 845 1657 1067 1713; x_wconf 76' lang='lat' dir='ltr'><strong>vocibus</strong></span> <span class='ocrx_word' id='word_1_107' title='bbox 1124 1655 1421 1726; x_wconf 67' lang='lat' dir='ltr'><strong>lugubriter</strong></span> <span class='ocrx_word' id='word_1_108' title='bbox 1477 1653 1618 1708; x_wconf 83' lang='lat' dir='ltr'><strong>mala</strong></span> <span class='ocrx_word' id='word_1_109' title='bbox 1663 1666 1759 1708; x_wconf 81' lang='lat' dir='ltr'><strong>sua</strong></span> 
     </span>
    </p>
   </div>
   <div class='ocr_carea' id='block_1_17' title="bbox 989 270 2619 343">
    <p class='ocr_par' dir='ltr' id='par_1_17' title="bbox 989 270 2619 343">
     <span class='ocr_line' id='line_1_17' title="bbox 989 270 2619 343; baseline -0.008 -5"><span class='ocrx_word' id='word_1_110' title='bbox 989 282 1166 339; x_wconf 76' lang='lat' dir='ltr'><strong>LIBRI</strong></span> <span class='ocrx_word' id='word_1_111' title='bbox 1199 279 1539 343; x_wconf 71' lang='lat' dir='ltr'><strong>CAROIJNI.</strong></span> <span class='ocrx_word' id='word_1_112' title='bbox 1579 308 1648 320; x_wconf 91' lang='lat'><strong>-—</strong></span> <span class='ocrx_word' id='word_1_113' title='bbox 1687 274 1910 335; x_wconf 76' lang='lat' dir='ltr'><strong>CAPIT.</strong></span> <span class='ocrx_word' id='word_1_114' title='bbox 1950 274 2039 330; x_wconf 80' lang='lat' dir='ltr'><strong>DE</strong></span> <span class='ocrx_word' id='word_1_115' title='bbox 2078 273 2264 331; x_wconf 68' lang='lat' dir='ltr'><strong>WAG.</strong></span> <span class='ocrx_word' id='word_1_116' title='bbox 2306 302 2374 315; x_wconf 72' lang='grc' dir='ltr'><strong>ο·-</strong></span> <span class='ocrx_word' id='word_1_117' title='bbox 2414 270 2540 328; x_wconf 72' lang='lat' dir='ltr'><strong>LIB.</strong></span> <span class='ocrx_word' id='word_1_118' title='bbox 2581 272 2619 326; x_wconf 86' lang='grc' dir='ltr'><strong>Ι.</strong></span> 
     </span>
    </p>
   </div>
   <div class='ocr_carea' id='block_1_18' title="bbox 3270 273 3407 330">
    <p class='ocr_par' dir='ltr' id='par_1_18' title="bbox 3270 273 3407 330">
     <span class='ocr_line' id='line_1_18' title="bbox 3270 273 3407 330; baseline -0.007 -1"><span class='ocrx_word' id='word_1_119' title='bbox 3270 273 3407 330; x_wconf 60' lang='lat'><strong>{0&#39;51</strong></span> 
     </span>
    </p>
   </div>
   <div class='ocr_carea' id='block_1_19' title="bbox 2429 381 2830 440">
    <p class='ocr_par' dir='ltr' id='par_1_19' title="bbox 2429 381 2830 440">
     <span class='ocr_line' id='line_1_19' title="bbox 2429 381 2830 440; baseline -0.007 -1"><span class='ocrx_word' id='word_1_120' title='bbox 2429 383 2654 440; x_wconf 73' lang='lat' dir='ltr'><strong>CAPUT</strong></span> <span class='ocrx_word' id='word_1_121' title='bbox 2699 381 2830 437; x_wconf 73' lang='lat' dir='ltr'><strong>XIII.</strong></span> 
     </span>
    </p>
   </div>
   <div class='ocr_carea' id='block_1_20' title="bbox 1848 475 3413 549">
    <p class='ocr_par' dir='ltr' id='par_1_20' title="bbox 1848 475 3413 549">
     <span class='ocr_line' id='line_1_20' title="bbox 1848 475 3413 549; baseline 0 -16"><span class='ocrx_word' id='word_1_122' title='bbox 1848 479 1928 533; x_wconf 84' lang='lat' dir='ltr'><strong>De</strong></span> <span class='ocrx_word' id='word_1_123' title='bbox 1950 494 2012 533; x_wconf 79' lang='lat' dir='ltr'><strong>eo</strong></span> <span class='ocrx_word' id='word_1_124' title='bbox 2043 479 2181 549; x_wconf 81' lang='lat' dir='ltr'><strong>quod</strong></span> <span class='ocrx_word' id='word_1_125' title='bbox 2224 479 2286 532; x_wconf 77' lang='lat' dir='ltr'><strong>in</strong></span> <span class='ocrx_word' id='word_1_126' title='bbox 2308 478 2434 537; x_wconf 78' lang='lat' dir='ltr'><strong>’octe</strong></span> <span class='ocrx_word' id='word_1_127' title='bbox 2452 489 2501 533; x_wconf 80' lang='lat' dir='ltr'><strong>et</strong></span> <span class='ocrx_word' id='word_1_128' title='bbox 2550 477 2847 549; x_wconf 63' lang='lat' dir='ltr'><strong>inordinate</strong></span> <span class='ocrx_word' id='word_1_129' title='bbox 2888 476 3095 549; x_wconf 69' lang='lat' dir='ltr'><strong>dicunt,</strong></span> <span class='ocrx_word' id='word_1_130' title='bbox 3126 475 3183 532; x_wconf 88' lang='lat' dir='ltr'><strong>Si</strong></span> <span class='ocrx_word' id='word_1_131' title='bbox 3214 479 3413 533; x_wconf 51' lang='lat' dir='ltr'><strong>calum-</strong></span> 
     </span>
    </p>
   </div>
   <div class='ocr_carea' id='block_1_21' title="bbox 1917 546 3417 619">
    <p class='ocr_par' dir='ltr' id='par_1_21' title="bbox 1917 546 3417 619">
     <span class='ocr_line' id='line_1_21' title="bbox 1917 546 3417 619; baseline 0 -17"><span class='ocrx_word' id='word_1_132' title='bbox 1917 546 2087 603; x_wconf 62' lang='lat' dir='ltr'><strong>maris</strong></span> <span class='ocrx_word' id='word_1_133' title='bbox 2132 564 2237 612; x_wconf 89' lang='lat' dir='ltr'><strong>me,</strong></span> <span class='ocrx_word' id='word_1_134' title='bbox 2272 550 2523 619; x_wconf 56' lang='lat' dir='ltr'><strong>quatiam</strong></span> <span class='ocrx_word' id='word_1_135' title='bbox 2546 556 2603 619; x_wconf 86' lang='lat' dir='ltr'><strong>ut</strong></span> <span class='ocrx_word' id='word_1_136' title='bbox 2627 547 2796 619; x_wconf 76' lang='lat' dir='ltr'><strong>Deum</strong></span> <span class='ocrx_word' id='word_1_137' title='bbox 2837 546 3001 619; x_wconf 73' lang='lat' dir='ltr'><strong>adoro</strong></span> <span class='ocrx_word' id='word_1_138' title='bbox 3050 546 3253 618; x_wconf 81' lang='lat' dir='ltr'><strong>lignum</strong></span> <span class='ocrx_word' id='word_1_139' title='bbox 3301 564 3417 603; x_wconf 89' lang='lat' dir='ltr'><strong>cru-</strong></span> 
     </span>
    </p>
   </div>
   <div class='ocr_carea' id='block_1_22' title="bbox 1920 613 3419 681">
    <p class='ocr_par' dir='ltr' id='par_1_22' title="bbox 1920 613 3419 681">
     <span class='ocr_line' id='line_1_22' title="bbox 1920 613 3419 681; baseline -0.002 -9"><span class='ocrx_word' id='word_1_140' title='bbox 1920 620 2020 681; x_wconf 81' lang='lat' dir='ltr'><strong>cis,</strong></span> <span class='ocrx_word' id='word_1_141' title='bbox 2052 636 2147 673; x_wconf 81' lang='lat' dir='ltr'><strong>cur</strong></span> <span class='ocrx_word' id='word_1_142' title='bbox 2170 613 2669 672; x_wconf 45' lang='lat' dir='ltr'><strong>non-calnmnim-is</strong></span> <span class='ocrx_word' id='word_1_143' title='bbox 2712 613 2876 671; x_wconf 67' lang='lat' dir='ltr'><strong>Iacob</strong></span> <span class='ocrx_word' id='word_1_144' title='bbox 2926 613 3233 672; x_wconf 74' lang='lat' dir='ltr'><strong>adorantem</strong></span> <span class='ocrx_word' id='word_1_145' title='bbox 3279 634 3419 672; x_wconf 85' lang='lat' dir='ltr'><strong>sun:-</strong></span> 
     </span>
    </p>
   </div>
   <div class='ocr_carea' id='block_1_23' title="bbox 1842 686 3420 757">
    <p class='ocr_par' dir='ltr' id='par_1_23' title="bbox 1842 686 3420 757">
     <span class='ocr_line' id='line_1_23' title="bbox 1842 686 3420 757; baseline -0.001 -16"><span class='ocrx_word' id='word_1_146' title='bbox 1842 718 1845 723; x_wconf 57' lang='grc' dir='ltr'><em>λ</em></span> <span class='ocrx_word' id='word_1_147' title='bbox 1921 690 2158 743; x_wconf 81' lang='lat' dir='ltr'><strong>mit-atem</strong></span> <span class='ocrx_word' id='word_1_148' title='bbox 2186 690 2350 755; x_wconf 69' lang='lat' dir='ltr'><strong>virga!</strong></span> <span class='ocrx_word' id='word_1_149' title='bbox 2394 686 2632 756; x_wconf 70' lang='lat' dir='ltr'><strong>Ioseph?</strong></span> <span class='ocrx_word' id='word_1_150' title='bbox 2666 688 2757 740; x_wconf 87' lang='lat' dir='ltr'><strong>sed</strong></span> <span class='ocrx_word' id='word_1_151' title='bbox 2797 686 3134 740; x_wconf 86' lang='lat' dir='ltr'><strong>manifestum</strong></span> <span class='ocrx_word' id='word_1_152' title='bbox 3169 695 3251 741; x_wconf 81' lang='lat' dir='ltr'><strong>est</strong></span> <span class='ocrx_word' id='word_1_153' title='bbox 3293 704 3420 757; x_wconf 87' lang='lat' dir='ltr'><strong>quu-</strong></span> 
     </span>
    </p>
   </div>
   <div class='ocr_carea' id='block_1_24' title="bbox 1923 756 3419 829">
    <p class='ocr_par' dir='ltr' id='par_1_24' title="bbox 1923 756 3419 829">
     <span class='ocr_line' id='line_1_24' title="bbox 1923 756 3419 829; baseline 0.001 -18"><span class='ocrx_word' id='word_1_154' title='bbox 1923 758 2068 829; x_wconf 72' lang='lat' dir='ltr'><strong>uiam</strong></span> <span class='ocrx_word' id='word_1_155' title='bbox 2099 774 2204 813; x_wconf 90' lang='lat' dir='ltr'><strong>non</strong></span> <span class='ocrx_word' id='word_1_156' title='bbox 2232 759 2433 827; x_wconf 83' lang='lat' dir='ltr'><strong>lignum</strong></span> <span class='ocrx_word' id='word_1_157' title='bbox 2458 759 2645 813; x_wconf 85' lang='lat' dir='ltr'><strong>videns</strong></span> <span class='ocrx_word' id='word_1_158' title='bbox 2687 756 3071 829; x_wconf 12' lang='lat' dir='ltr'><strong>adoravitjised</strong></span> <span class='ocrx_word' id='word_1_159' title='bbox 3096 773 3194 827; x_wconf 84' lang='lat' dir='ltr'><strong>per</strong></span> <span class='ocrx_word' id='word_1_160' title='bbox 3214 756 3419 829; x_wconf 81' lang='lat' dir='ltr'><strong>lignum</strong></span> 
     </span>
    </p>
   </div>
   <div class='ocr_carea' id='block_1_25' title="bbox 1920 826 3202 899">
    <p class='ocr_par' dir='ltr' id='par_1_25' title="bbox 1920 826 3202 899">
     <span class='ocr_line' id='line_1_25' title="bbox 1920 826 3202 899; baseline 0 -18"><span class='ocrx_word' id='word_1_161' title='bbox 1920 826 2138 899; x_wconf 77' lang='lat' dir='ltr'><strong>Joseph,</strong></span> <span class='ocrx_word' id='word_1_162' title='bbox 2176 826 2316 885; x_wconf 82' lang='lat' dir='ltr'><strong>sicut</strong></span> <span class='ocrx_word' id='word_1_163' title='bbox 2339 836 2393 883; x_wconf 89' lang='lat' dir='ltr'><strong>et</strong></span> <span class='ocrx_word' id='word_1_164' title='bbox 2418 844 2518 883; x_wconf 89' lang='lat' dir='ltr'><strong>nos</strong></span> <span class='ocrx_word' id='word_1_165' title='bbox 2546 842 2642 899; x_wconf 88' lang='lat' dir='ltr'><strong>per</strong></span> <span class='ocrx_word' id='word_1_166' title='bbox 2669 843 2882 883; x_wconf 87' lang='lat' dir='ltr'><strong>crucem</strong></span> <span class='ocrx_word' id='word_1_167' title='bbox 2907 826 3202 885; x_wconf 74' lang='lat' dir='ltr'><strong>ChristUm.</strong></span> 
     </span>
    </p>
   </div>
   <div class='ocr_carea' id='block_1_26' title="bbox 1916 938 3421 1011">
    <p class='ocr_par' dir='ltr' id='par_1_26' title="bbox 1916 938 3421 1011">
     <span class='ocr_line' id='line_1_26' title="bbox 1916 938 3421 1011; baseline 0.001 -18"><span class='ocrx_word' id='word_1_168' title='bbox 1916 939 2054 996; x_wconf 73' lang='lat' dir='ltr'><strong>Illud</strong></span> <span class='ocrx_word' id='word_1_169' title='bbox 2086 956 2213 996; x_wconf 84' lang='lat' dir='ltr'><strong>sane</strong></span> <span class='ocrx_word' id='word_1_170' title='bbox 2255 942 2400 1011; x_wconf 84' lang='lat' dir='ltr'><strong>quod</strong></span> <span class='ocrx_word' id='word_1_171' title='bbox 2433 940 2634 1003; x_wconf 88' lang='lat' dir='ltr'><strong>dicunt,</strong></span> <span class='ocrx_word' id='word_1_172' title='bbox 2665 938 2830 994; x_wconf 84' lang='lat' dir='ltr'><strong>Jaeob</strong></span> <span class='ocrx_word' id='word_1_173' title='bbox 2869 939 3032 994; x_wconf 88' lang='lat' dir='ltr'><strong>etiam</strong></span> <span class='ocrx_word' id='word_1_174' title='bbox 3056 941 3421 996; x_wconf 82' lang='lat' dir='ltr'><strong>summitatem</strong></span> 
     </span>
    </p>
   </div>
   <div class='ocr_carea' id='block_1_27' title="bbox 1852 1029 3417 1102">
    <p class='ocr_par' dir='ltr' id='par_1_27' title="bbox 1852 1029 3417 1102">
     <span class='ocr_line' id='line_1_27' title="bbox 1852 1029 3417 1102; baseline 0.002 -19"><span class='ocrx_word' id='word_1_175' title='bbox 1852 1029 2017 1101; x_wconf 64' lang='lat' dir='ltr'><strong>virgae</strong></span> <span class='ocrx_word' id='word_1_176' title='bbox 2042 1030 2238 1102; x_wconf 68' lang='lat' dir='ltr'><strong>Ioseph</strong></span> <span class='ocrx_word' id='word_1_177' title='bbox 2286 1032 2556 1096; x_wconf 75' lang='lat' dir='ltr'><strong>adorasse,</strong></span> <span class='ocrx_word' id='word_1_178' title='bbox 2592 1046 2700 1086; x_wconf 88' lang='lat' dir='ltr'><strong>non</strong></span> <span class='ocrx_word' id='word_1_179' title='bbox 2751 1038 2837 1086; x_wconf 86' lang='lat' dir='ltr'><strong>est</strong></span> <span class='ocrx_word' id='word_1_180' title='bbox 2867 1031 3241 1096; x_wconf 79' lang='lat' dir='ltr'><strong>omittendum,</strong></span> <span class='ocrx_word' id='word_1_181' title='bbox 3294 1045 3417 1100; x_wconf 85' lang='lat' dir='ltr'><strong>quo-</strong></span> 
     </span>
    </p>
   </div>
   <div class='ocr_carea' id='block_1_28' title="bbox 1850 1121 3425 1193">
    <p class='ocr_par' dir='ltr' id='par_1_28' title="bbox 1850 1121 3425 1193">
     <span class='ocr_line' id='line_1_28' title="bbox 1850 1121 3425 1193; baseline 0 -15"><span class='ocrx_word' id='word_1_182' title='bbox 1850 1123 1997 1178; x_wconf 80' lang='lat' dir='ltr'><strong>niam</strong></span> <span class='ocrx_word' id='word_1_183' title='bbox 2050 1124 2265 1193; x_wconf 85' lang='lat' dir='ltr'><strong>quidem</strong></span> <span class='ocrx_word' id='word_1_184' title='bbox 2308 1138 2561 1192; x_wconf 82' lang='lat' dir='ltr'><strong>magnum</strong></span> <span class='ocrx_word' id='word_1_185' title='bbox 2607 1137 2666 1176; x_wconf 89' lang='lat' dir='ltr'><strong>sc</strong></span> <span class='ocrx_word' id='word_1_186' title='bbox 2704 1123 2775 1177; x_wconf 84' lang='lat' dir='ltr'><strong>ob</strong></span> <span class='ocrx_word' id='word_1_187' title='bbox 2820 1122 3119 1177; x_wconf 71' lang='lat' dir='ltr'><strong>adorandus</strong></span> <span class='ocrx_word' id='word_1_188' title='bbox 3167 1121 3425 1192; x_wconf 78' lang='lat' dir='ltr'><strong>imagines</strong></span> 
     </span>
    </p>
   </div>
   <div class='ocr_carea' id='block_1_29' title="bbox 1852 1210 3425 1283">
    <p class='ocr_par' dir='ltr' id='par_1_29' title="bbox 1852 1210 3425 1283">
     <span class='ocr_line' id='line_1_29' title="bbox 1852 1210 3425 1283; baseline -0.001 -16"><span class='ocrx_word' id='word_1_189' title='bbox 1852 1212 1913 1267; x_wconf 86' lang='lat' dir='ltr'><strong>in</strong></span> <span class='ocrx_word' id='word_1_190' title='bbox 1939 1213 2041 1269; x_wconf 86' lang='lat' dir='ltr'><strong>hac</strong></span> <span class='ocrx_word' id='word_1_191' title='bbox 2064 1228 2121 1267; x_wconf 87' lang='lat' dir='ltr'><strong>re</strong></span> <span class='ocrx_word' id='word_1_192' title='bbox 2166 1211 2505 1283; x_wconf 76' lang='lat' dir='ltr'><strong>gratulantur</strong></span> <span class='ocrx_word' id='word_1_193' title='bbox 2528 1212 2729 1266; x_wconf 85' lang='lat' dir='ltr'><strong>habere</strong></span> <span class='ocrx_word' id='word_1_194' title='bbox 2752 1212 3099 1281; x_wconf 77' lang='lat' dir='ltr'><strong>exemplum:</strong></span> <span class='ocrx_word' id='word_1_195' title='bbox 3134 1226 3257 1267; x_wconf 87' lang='lat' dir='ltr'><strong>cum</strong></span> <span class='ocrx_word' id='word_1_196' title='bbox 3282 1210 3425 1265; x_wconf 84' lang='lat' dir='ltr'><strong>vide-</strong></span> 
     </span>
    </p>
   </div>
   <div class='ocr_carea' id='block_1_30' title="bbox 1856 1301 3427 1371">
    <p class='ocr_par' dir='ltr' id='par_1_30' title="bbox 1856 1301 3427 1371">
     <span class='ocr_line' id='line_1_30' title="bbox 1856 1301 3427 1371; baseline -0.001 -15"><span class='ocrx_word' id='word_1_197' title='bbox 1856 1302 1983 1357; x_wconf 87' lang='lat' dir='ltr'><strong>licet</strong></span> <span class='ocrx_word' id='word_1_198' title='bbox 2009 1303 2063 1357; x_wconf 90' lang='lat' dir='ltr'><strong>in</strong></span> <span class='ocrx_word' id='word_1_199' title='bbox 2090 1303 2297 1359; x_wconf 80' lang='lat' dir='ltr'><strong>Latinis</strong></span> <span class='ocrx_word' id='word_1_200' title='bbox 2324 1303 2599 1358; x_wconf 82' lang='lat' dir='ltr'><strong>codicibus</strong></span> <span class='ocrx_word' id='word_1_201' title='bbox 2625 1318 2731 1356; x_wconf 86' lang='lat' dir='ltr'><strong>non</strong></span> <span class='ocrx_word' id='word_1_202' title='bbox 2762 1302 2989 1371; x_wconf 79' lang='lat' dir='ltr'><strong>legatur,</strong></span> <span class='ocrx_word' id='word_1_203' title='bbox 3015 1301 3262 1358; x_wconf 73' lang='lat' dir='ltr'><strong>Adoravit</strong></span> <span class='ocrx_word' id='word_1_204' title='bbox 3284 1318 3427 1357; x_wconf 80' lang='lat' dir='ltr'><strong>sum-</strong></span> 
     </span>
    </p>
   </div>
   <div class='ocr_carea' id='block_1_31' title="bbox 1854 1390 3429 1463">
    <p class='ocr_par' dir='ltr' id='par_1_31' title="bbox 1854 1390 3429 1463">
     <span class='ocr_line' id='line_1_31' title="bbox 1854 1390 3429 1463; baseline 0.002 -18"><span class='ocrx_word' id='word_1_205' title='bbox 1854 1390 2087 1446; x_wconf 73' lang='lat' dir='ltr'><strong>mitatem</strong></span> <span class='ocrx_word' id='word_1_206' title='bbox 2134 1394 2293 1463; x_wconf 69' lang='lat' dir='ltr'><strong>virgae</strong></span> <span class='ocrx_word' id='word_1_207' title='bbox 2336 1392 2529 1463; x_wconf 79' lang='lat' dir='ltr'><strong>Joseplt</strong></span> <span class='ocrx_word' id='word_1_208' title='bbox 2589 1392 2742 1463; x_wconf 81' lang='lat' dir='ltr'><strong>(Cen.</strong></span> <span class='ocrx_word' id='word_1_209' title='bbox 2795 1390 2987 1463; x_wconf 70' lang='grc' dir='ltr'><strong>ιωίι),</strong></span> <span class='ocrx_word' id='word_1_210' title='bbox 3012 1392 3106 1453; x_wconf 81' lang='lat' dir='ltr'><strong>sed</strong></span> <span class='ocrx_word' id='word_1_211' title='bbox 3132 1392 3189 1447; x_wconf 87' lang='lat' dir='ltr'><strong>in</strong></span> <span class='ocrx_word' id='word_1_212' title='bbox 3212 1392 3429 1463; x_wconf 45' lang='lat' dir='ltr'><strong>quibus</strong></span> 
     </span>
    </p>
   </div>
   <div class='ocr_carea' id='block_1_32' title="bbox 1855 1481 3429 1555">
    <p class='ocr_par' dir='ltr' id='par_1_32' title="bbox 1855 1481 3429 1555">
     <span class='ocr_line' id='line_1_32' title="bbox 1855 1481 3429 1555; baseline 0.001 -19"><span class='ocrx_word' id='word_1_213' title='bbox 1855 1481 2002 1546; x_wconf 84' lang='lat' dir='ltr'><strong>dam,</strong></span> <span class='ocrx_word' id='word_1_214' title='bbox 2052 1482 2302 1539; x_wconf 77' lang='lat' dir='ltr'><strong>Adorauit</strong></span> <span class='ocrx_word' id='word_1_215' title='bbox 2367 1500 2525 1553; x_wconf 79' lang='lat' dir='ltr'><strong>super</strong></span> <span class='ocrx_word' id='word_1_216' title='bbox 2586 1492 2741 1553; x_wconf 84' lang='lat' dir='ltr'><strong>caput</strong></span> <span class='ocrx_word' id='word_1_217' title='bbox 2790 1484 2946 1553; x_wconf 76' lang='lat' dir='ltr'><strong>cirgte</strong></span> <span class='ocrx_word' id='word_1_218' title='bbox 2991 1481 3177 1555; x_wconf 74' lang='lat' dir='ltr'><strong>(Hebr.</strong></span> <span class='ocrx_word' id='word_1_219' title='bbox 3228 1482 3330 1553; x_wconf 71' lang='lat' dir='ltr'><strong>Il),</strong></span> <span class='ocrx_word' id='word_1_220' title='bbox 3375 1491 3429 1537; x_wconf 88' lang='lat' dir='ltr'><strong>et</strong></span> 
     </span>
    </p>
   </div>
   <div class='ocr_carea' id='block_1_33' title="bbox 1858 1572 3430 1643">
    <p class='ocr_par' dir='ltr' id='par_1_33' title="bbox 1858 1572 3430 1643">
     <span class='ocr_line' id='line_1_33' title="bbox 1858 1572 3430 1643; baseline -0.001 -16"><span class='ocrx_word' id='word_1_221' title='bbox 1858 1572 1917 1627; x_wconf 89' lang='lat' dir='ltr'><strong>in</strong></span> <span class='ocrx_word' id='word_1_222' title='bbox 1946 1572 2171 1629; x_wconf 70' lang='lat' dir='ltr'><strong>Hebraea</strong></span> <span class='ocrx_word' id='word_1_223' title='bbox 2205 1573 2569 1638; x_wconf 61' lang='lat' dir='ltr'><strong>veritate,cui</strong></span> <span class='ocrx_word' id='word_1_224' title='bbox 2604 1574 2943 1643; x_wconf 83' lang='lat' dir='ltr'><strong>potissimum</strong></span> <span class='ocrx_word' id='word_1_225' title='bbox 2974 1573 3107 1629; x_wconf 78' lang='lat' dir='ltr'><strong>ﬁdes</strong></span> <span class='ocrx_word' id='word_1_226' title='bbox 3128 1572 3430 1630; x_wconf 86' lang='lat' dir='ltr'><strong>adhibenda</strong></span> 
     </span>
    </p>
   </div>
   <div class='ocr_carea' id='block_1_34' title="bbox 1857 1664 3431 1735">
    <p class='ocr_par' dir='ltr' id='par_1_34' title="bbox 1857 1664 3431 1735">
     <span class='ocr_line' id='line_1_34' title="bbox 1857 1664 3431 1735; baseline 0.001 -16"><span class='ocrx_word' id='word_1_227' title='bbox 1857 1672 1959 1729; x_wconf 88' lang='lat' dir='ltr'><strong>est,</strong></span> <span class='ocrx_word' id='word_1_228' title='bbox 1993 1664 2193 1719; x_wconf 83' lang='lat' dir='ltr'><strong>nullam</strong></span> <span class='ocrx_word' id='word_1_229' title='bbox 2218 1665 2432 1734; x_wconf 80' lang='lat' dir='ltr'><strong>penitus</strong></span> <span class='ocrx_word' id='word_1_230' title='bbox 2478 1665 2561 1719; x_wconf 84' lang='lat' dir='ltr'><strong>vel</strong></span> <span class='ocrx_word' id='word_1_231' title='bbox 2608 1666 2839 1719; x_wconf 74' lang='lat' dir='ltr'><strong>tenuiter</strong></span> <span class='ocrx_word' id='word_1_232' title='bbox 2884 1665 3213 1721; x_wconf 50' lang='lat' dir='ltr'><strong>mentionem</strong></span> <span class='ocrx_word' id='word_1_233' title='bbox 3263 1664 3431 1735; x_wconf 65' lang='lat' dir='ltr'><strong>virgae</strong></span> 
     </span>
    </p>
   </div>
   <div class='ocr_carea' id='block_1_35' title="bbox 189 1742 3431 1841">
    <p class='ocr_par' dir='ltr' id='par_1_35' title="bbox 189 1742 3431 1841">
     <span class='ocr_line' id='line_1_35' title="bbox 189 1742 3431 1841; baseline -0.004 -17"><span class='ocrx_word' id='word_1_234' title='bbox 189 1768 536 1824; x_wconf 65' lang='lat' dir='ltr'><strong>exaggerans.</strong></span> <span class='ocrx_word' id='word_1_235' title='bbox 569 1766 626 1806; x_wconf 75' lang='lat' dir='ltr'><strong>se</strong></span> <span class='ocrx_word' id='word_1_236' title='bbox 660 1748 825 1841; x_wconf 54' lang='lat' dir='ltr'><strong>etiam</strong></span> <span class='ocrx_word' id='word_1_237' title='bbox 884 1745 997 1841; x_wconf 52' lang='lat' dir='ltr'><strong>fere</strong></span> <span class='ocrx_word' id='word_1_238' title='bbox 1024 1754 1153 1841; x_wconf 62' lang='lat' dir='ltr'><strong>post</strong></span> <span class='ocrx_word' id='word_1_239' title='bbox 1202 1745 1434 1841; x_wconf 54' lang='lat' dir='ltr'><strong>lmncsd</strong></span> <span class='ocrx_word' id='word_1_240' title='bbox 1484 1742 1752 1841; x_wconf 56' lang='lat' dir='ltr'><strong>inferuuit}</strong></span> <span class='ocrx_word' id='word_1_241' title='bbox 1784 1744 1826 1805; x_wconf 82' lang='grc' dir='ltr'><strong><em>Β</em></strong></span> <span class='ocrx_word' id='word_1_242' title='bbox 1854 1753 2034 1822; x_wconf 72' lang='lat' dir='ltr'><strong>facint,</strong></span> <span class='ocrx_word' id='word_1_243' title='bbox 2062 1757 2157 1813; x_wconf 89' lang='lat' dir='ltr'><strong>sed</strong></span> <span class='ocrx_word' id='word_1_244' title='bbox 2212 1756 2356 1812; x_wconf 84' lang='lat' dir='ltr'><strong>dicat</strong></span> <span class='ocrx_word' id='word_1_245' title='bbox 2420 1764 2650 1820; x_wconf 87' lang='lat' dir='ltr'><strong>tantum,</strong></span> <span class='ocrx_word' id='word_1_246' title='bbox 2720 1756 2968 1841; x_wconf 65' lang='grc' dir='ltr'><strong>ιςιείοναυεε</strong></span> <span class='ocrx_word' id='word_1_247' title='bbox 3036 1755 3206 1815; x_wconf 79' lang='lat' dir='ltr'><strong>Israel</strong></span> <span class='ocrx_word' id='word_1_248' title='bbox 3240 1755 3431 1812; x_wconf 82' lang='lat' dir='ltr'><strong>‘Deum</strong></span> 
     </span>
    </p>
   </div>
   <div class='ocr_carea' id='block_1_36' title="bbox 190 1830 1758 1905">
    <p class='ocr_par' dir='ltr' id='par_1_36' title="bbox 190 1830 1758 1905">
     <span class='ocr_line' id='line_1_36' title="bbox 190 1830 1758 1905; baseline -0.004 -8"><span class='ocrx_word' id='word_1_249' title='bbox 190 1842 570 1899; x_wconf 84' lang='lat' dir='ltr'><strong>descensurum</strong></span> <span class='ocrx_word' id='word_1_250' title='bbox 608 1840 862 1894; x_wconf 88' lang='lat' dir='ltr'><strong>ediceret.</strong></span> <span class='ocrx_word' id='word_1_251' title='bbox 903 1835 1143 1903; x_wconf 86' lang='lat' dir='ltr'><strong>Qualiter</strong></span> <span class='ocrx_word' id='word_1_252' title='bbox 1171 1850 1297 1905; x_wconf 88' lang='lat' dir='ltr'><strong>ergo</strong></span> <span class='ocrx_word' id='word_1_253' title='bbox 1350 1835 1540 1890; x_wconf 86' lang='lat' dir='ltr'><strong>beatus</strong></span> <span class='ocrx_word' id='word_1_254' title='bbox 1591 1830 1758 1891; x_wconf 84' lang='lat' dir='ltr'><strong>Jacob</strong></span> 
     </span>
    </p>
   </div>
   <div class='ocr_carea' id='block_1_37' title="bbox 194 1921 1760 1990">
    <p class='ocr_par' dir='ltr' id='par_1_37' title="bbox 194 1921 1760 1990">
     <span class='ocr_line' id='line_1_37' title="bbox 194 1921 1760 1990; baseline -0.009 -4"><span class='ocrx_word' id='word_1_255' title='bbox 194 1930 430 1986; x_wconf 87' lang='lat' dir='ltr'><strong>tunicam</strong></span> <span class='ocrx_word' id='word_1_256' title='bbox 459 1928 553 1983; x_wconf 80' lang='lat' dir='ltr'><strong>lilii</strong></span> <span class='ocrx_word' id='word_1_257' title='bbox 581 1942 688 1983; x_wconf 90' lang='lat' dir='ltr'><strong>non</strong></span> <span class='ocrx_word' id='word_1_258' title='bbox 716 1925 991 1982; x_wconf 88' lang='lat' dir='ltr'><strong>osculatus</strong></span> <span class='ocrx_word' id='word_1_259' title='bbox 1014 1923 1200 1989; x_wconf 80' lang='lat' dir='ltr'><strong>fuisse,</strong></span> <span class='ocrx_word' id='word_1_260' title='bbox 1243 1932 1337 1977; x_wconf 91' lang='lat' dir='ltr'><strong>aut</strong></span> <span class='ocrx_word' id='word_1_261' title='bbox 1375 1921 1544 1979; x_wconf 87' lang='lat' dir='ltr'><strong>oculis</strong></span> <span class='ocrx_word' id='word_1_262' title='bbox 1586 1921 1760 1990; x_wconf 88' lang='lat' dir='ltr'><strong>impo-</strong></span> 
     </span>
    </p>
   </div>
   <div class='ocr_carea' id='block_1_38' title="bbox 190 2012 1758 2086">
    <p class='ocr_par' dir='ltr' id='par_1_38' title="bbox 190 2012 1758 2086">
     <span class='ocr_line' id='line_1_38' title="bbox 190 2012 1758 2086; baseline -0.01 -8"><span class='ocrx_word' id='word_1_263' title='bbox 190 2022 382 2086; x_wconf 85' lang='lat' dir='ltr'><strong>suisse,</strong></span> <span class='ocrx_word' id='word_1_264' title='bbox 434 2019 528 2075; x_wconf 87' lang='lat' dir='ltr'><strong>sed</strong></span> <span class='ocrx_word' id='word_1_265' title='bbox 572 2018 771 2072; x_wconf 89' lang='lat' dir='ltr'><strong>vidisse</strong></span> <span class='ocrx_word' id='word_1_266' title='bbox 824 2026 1031 2071; x_wconf 89' lang='lat' dir='ltr'><strong>tantum</strong></span> <span class='ocrx_word' id='word_1_267' title='bbox 1061 2024 1115 2071; x_wconf 92' lang='lat' dir='ltr'><strong>et</strong></span> <span class='ocrx_word' id='word_1_268' title='bbox 1151 2013 1468 2086; x_wconf 82' lang='lat' dir='ltr'><strong>cognovisse</strong></span> <span class='ocrx_word' id='word_1_269' title='bbox 1492 2012 1758 2073; x_wconf 81' lang='lat' dir='ltr'><strong>credatur,</strong></span> 
     </span>
    </p>
   </div>
   <div class='ocr_carea' id='block_1_39' title="bbox 190 2101 1765 2177">
    <p class='ocr_par' dir='ltr' id='par_1_39' title="bbox 190 2101 1765 2177">
     <span class='ocr_line' id='line_1_39' title="bbox 190 2101 1765 2177; baseline -0.008 -9"><span class='ocrx_word' id='word_1_270' title='bbox 190 2112 294 2168; x_wconf 80' lang='lat' dir='ltr'><strong>hoc</strong></span> <span class='ocrx_word' id='word_1_271' title='bbox 353 2111 540 2166; x_wconf 87' lang='lat' dir='ltr'><strong>ordine</strong></span> <span class='ocrx_word' id='word_1_272' title='bbox 612 2119 801 2165; x_wconf 86' lang='lat' dir='ltr'><strong>sancta</strong></span> <span class='ocrx_word' id='word_1_273' title='bbox 869 2105 1149 2177; x_wconf 87' lang='lat' dir='ltr'><strong>Scriptura</strong></span> <span class='ocrx_word' id='word_1_274' title='bbox 1207 2112 1611 2171; x_wconf 85' lang='lat' dir='ltr'><strong>commemorat.</strong></span> <span class='ocrx_word' id='word_1_275' title='bbox 1673 2101 1765 2156; x_wconf 81' lang='lat' dir='ltr'><strong>Ait</strong></span> 
     </span>
    </p>
   </div>
   <div class='ocr_carea' id='block_1_40' title="bbox 190 2195 1765 2270">
    <p class='ocr_par' dir='ltr' id='par_1_40' title="bbox 190 2195 1765 2270">
     <span class='ocr_line' id='line_1_40' title="bbox 190 2195 1765 2270; baseline -0.007 -9"><span class='ocrx_word' id='word_1_276' title='bbox 190 2206 333 2262; x_wconf 85' lang='lat' dir='ltr'><strong>enim</strong></span> <span class='ocrx_word' id='word_1_277' title='bbox 360 2223 374 2258; x_wconf 94' lang='lat'><strong>:</strong></span> <span class='ocrx_word' id='word_1_278' title='bbox 421 2203 667 2257; x_wconf 86' lang='lat' dir='ltr'><strong>Tulerunt</strong></span> <span class='ocrx_word' id='word_1_279' title='bbox 711 2212 884 2255; x_wconf 87' lang='lat' dir='ltr'><strong>autem</strong></span> <span class='ocrx_word' id='word_1_280' title='bbox 928 2200 1157 2253; x_wconf 80' lang='lat' dir='ltr'><strong>tunicam</strong></span> <span class='ocrx_word' id='word_1_281' title='bbox 1180 2198 1315 2270; x_wconf 87' lang='lat' dir='ltr'><strong>ejus,</strong></span> <span class='ocrx_word' id='word_1_282' title='bbox 1341 2206 1388 2253; x_wconf 89' lang='lat' dir='ltr'><strong>et</strong></span> <span class='ocrx_word' id='word_1_283' title='bbox 1416 2198 1473 2250; x_wconf 88' lang='lat' dir='ltr'><strong>in</strong></span> <span class='ocrx_word' id='word_1_284' title='bbox 1512 2195 1765 2266; x_wconf 82' lang='lat' dir='ltr'><strong>sanguine</strong></span> 
     </span>
    </p>
   </div>
   <div class='ocr_carea' id='block_1_41' title="bbox 190 2286 1767 2364">
    <p class='ocr_par' dir='ltr' id='par_1_41' title="bbox 190 2286 1767 2364">
     <span class='ocr_line' id='line_1_41' title="bbox 190 2286 1767 2364; baseline -0.007 -14"><span class='ocrx_word' id='word_1_285' title='bbox 190 2296 329 2350; x_wconf 61' lang='grc' dir='ltr'><strong>δαιᾱὶ</strong></span> <span class='ocrx_word' id='word_1_286' title='bbox 349 2310 500 2364; x_wconf 83' lang='lat' dir='ltr'><strong>quem</strong></span> <span class='ocrx_word' id='word_1_287' title='bbox 525 2293 820 2347; x_wconf 86' lang='lat' dir='ltr'><strong>occiderant</strong></span> <span class='ocrx_word' id='word_1_288' title='bbox 863 2292 1144 2356; x_wconf 69' lang='lat' dir='ltr'><strong>tinxerunt,</strong></span> <span class='ocrx_word' id='word_1_289' title='bbox 1177 2291 1430 2344; x_wconf 74' lang='lat' dir='ltr'><strong>minantes</strong></span> <span class='ocrx_word' id='word_1_290' title='bbox 1455 2288 1542 2359; x_wconf 85' lang='lat' dir='ltr'><strong>qui</strong></span> <span class='ocrx_word' id='word_1_291' title='bbox 1573 2286 1767 2357; x_wconf 77' lang='lat' dir='ltr'><strong>{errent</strong></span> 
     </span>
    </p>
   </div>
   <div class='ocr_carea' id='block_1_42' title="bbox 189 2379 1764 2459">
    <p class='ocr_par' dir='ltr' id='par_1_42' title="bbox 189 2379 1764 2459">
     <span class='ocr_line' id='line_1_42' title="bbox 189 2379 1764 2459; baseline -0.008 -17"><span class='ocrx_word' id='word_1_292' title='bbox 189 2389 262 2442; x_wconf 85' lang='lat' dir='ltr'><strong>ad</strong></span> <span class='ocrx_word' id='word_1_293' title='bbox 283 2396 506 2459; x_wconf 87' lang='lat' dir='ltr'><strong>patrem,</strong></span> <span class='ocrx_word' id='word_1_294' title='bbox 530 2396 578 2440; x_wconf 87' lang='lat' dir='ltr'><strong>et</strong></span> <span class='ocrx_word' id='word_1_295' title='bbox 604 2385 831 2439; x_wconf 80' lang='lat' dir='ltr'><strong>dicerent</strong></span> <span class='ocrx_word' id='word_1_296' title='bbox 862 2400 880 2438; x_wconf 88' lang='lat'><strong>:</strong></span> <span class='ocrx_word' id='word_1_297' title='bbox 908 2382 1062 2437; x_wconf 84' lang='lat' dir='ltr'><strong>Hanc</strong></span> <span class='ocrx_word' id='word_1_298' title='bbox 1099 2383 1407 2447; x_wconf 82' lang='lat' dir='ltr'><strong>invenimus,</strong></span> <span class='ocrx_word' id='word_1_299' title='bbox 1456 2379 1569 2435; x_wconf 82' lang='lat' dir='ltr'><strong>vide</strong></span> <span class='ocrx_word' id='word_1_300' title='bbox 1591 2387 1764 2432; x_wconf 83' lang='lat' dir='ltr'><strong>utrum</strong></span> 
     </span>
    </p>
   </div>
   <div class='ocr_carea' id='block_1_43' title="bbox 191 2473 1764 2548">
    <p class='ocr_par' dir='ltr' id='par_1_43' title="bbox 191 2473 1764 2548">
     <span class='ocr_line' id='line_1_43' title="bbox 191 2473 1764 2548; baseline -0.009 -12"><span class='ocrx_word' id='word_1_301' title='bbox 191 2482 370 2536; x_wconf 81' lang='lat' dir='ltr'><strong>tunica</strong></span> <span class='ocrx_word' id='word_1_302' title='bbox 403 2479 503 2548; x_wconf 77' lang='lat' dir='ltr'><strong>ﬁlii</strong></span> <span class='ocrx_word' id='word_1_303' title='bbox 547 2479 623 2533; x_wconf 89' lang='lat' dir='ltr'><strong>tui</strong></span> <span class='ocrx_word' id='word_1_304' title='bbox 646 2495 715 2531; x_wconf 88' lang='lat' dir='ltr'><strong>an</strong></span> <span class='ocrx_word' id='word_1_305' title='bbox 749 2494 872 2531; x_wconf 86' lang='lat' dir='ltr'><strong>non.</strong></span> <span class='ocrx_word' id='word_1_306' title='bbox 931 2475 1102 2541; x_wconf 84' lang='lat' dir='ltr'><strong>Quam</strong></span> <span class='ocrx_word' id='word_1_307' title='bbox 1123 2491 1240 2528; x_wconf 88' lang='lat' dir='ltr'><strong>cum</strong></span> <span class='ocrx_word' id='word_1_308' title='bbox 1289 2473 1578 2544; x_wconf 83' lang='lat' dir='ltr'><strong>agnovisset</strong></span> <span class='ocrx_word' id='word_1_309' title='bbox 1597 2478 1764 2540; x_wconf 86' lang='lat' dir='ltr'><strong>pater,</strong></span> 
     </span>
    </p>
   </div>
   <div class='ocr_carea' id='block_1_44' title="bbox 191 2562 1764 2639">
    <p class='ocr_par' dir='ltr' id='par_1_44' title="bbox 191 2562 1764 2639">
     <span class='ocr_line' id='line_1_44' title="bbox 191 2562 1764 2639; baseline -0.008 -12"><span class='ocrx_word' id='word_1_310' title='bbox 191 2573 285 2637; x_wconf 77' lang='lat' dir='ltr'><strong>sit,</strong></span> <span class='ocrx_word' id='word_1_311' title='bbox 314 2570 517 2626; x_wconf 81' lang='lat' dir='ltr'><strong>Tunica</strong></span> <span class='ocrx_word' id='word_1_312' title='bbox 551 2568 651 2639; x_wconf 79' lang='lat' dir='ltr'><strong>ﬁlii</strong></span> <span class='ocrx_word' id='word_1_313' title='bbox 674 2570 776 2623; x_wconf 85' lang='lat' dir='ltr'><strong>mei</strong></span> <span class='ocrx_word' id='word_1_314' title='bbox 810 2578 885 2622; x_wconf 79' lang='lat' dir='ltr'><strong>est</strong></span> <span class='ocrx_word' id='word_1_315' title='bbox 912 2585 930 2620; x_wconf 88' lang='lat'><strong>:</strong></span> <span class='ocrx_word' id='word_1_316' title='bbox 981 2568 1092 2637; x_wconf 79' lang='lat' dir='ltr'><strong>{era</strong></span> <span class='ocrx_word' id='word_1_317' title='bbox 1117 2565 1337 2634; x_wconf 87' lang='lat' dir='ltr'><strong>pessima</strong></span> <span class='ocrx_word' id='word_1_318' title='bbox 1381 2562 1601 2618; x_wconf 85' lang='lat' dir='ltr'><strong>comedit</strong></span> <span class='ocrx_word' id='word_1_319' title='bbox 1626 2576 1764 2625; x_wconf 88' lang='lat' dir='ltr'><strong>eum,</strong></span> 
     </span>
    </p>
   </div>
   <div class='ocr_carea' id='block_1_45' title="bbox 194 2650 1767 2730">
    <p class='ocr_par' dir='ltr' id='par_1_45' title="bbox 194 2650 1767 2730">
     <span class='ocr_line' id='line_1_45' title="bbox 194 2650 1767 2730; baseline -0.008 -13"><span class='ocrx_word' id='word_1_320' title='bbox 194 2664 357 2717; x_wconf 76' lang='lat' dir='ltr'><strong>bestia</strong></span> <span class='ocrx_word' id='word_1_321' title='bbox 379 2660 639 2716; x_wconf 72' lang='lat' dir='ltr'><strong>decoravit</strong></span> <span class='ocrx_word' id='word_1_322' title='bbox 665 2659 856 2730; x_wconf 75' lang='lat' dir='ltr'><strong>Ioseph</strong></span> <span class='ocrx_word' id='word_1_323' title='bbox 912 2656 1067 2728; x_wconf 85' lang='lat' dir='ltr'><strong>(Gen.</strong></span> <span class='ocrx_word' id='word_1_324' title='bbox 1096 2657 1326 2725; x_wconf 76' lang='lat' dir='ltr'><strong>xxxv”).</strong></span> <span class='ocrx_word' id='word_1_325' title='bbox 1366 2655 1605 2721; x_wconf 85' lang='lat' dir='ltr'><strong>Denique</strong></span> <span class='ocrx_word' id='word_1_326' title='bbox 1640 2650 1767 2720; x_wconf 88' lang='lat' dir='ltr'><strong>quid</strong></span> 
     </span>
    </p>
   </div>
   <div class='ocr_carea' id='block_1_46' title="bbox 194 2742 1768 2821">
    <p class='ocr_par' dir='ltr' id='par_1_46' title="bbox 194 2742 1768 2821">
     <span class='ocr_line' id='line_1_46' title="bbox 194 2742 1768 2821; baseline -0.01 -11"><span class='ocrx_word' id='word_1_327' title='bbox 194 2755 313 2810; x_wconf 75' lang='lat' dir='ltr'><strong>lucc</strong></span> <span class='ocrx_word' id='word_1_328' title='bbox 346 2751 492 2807; x_wconf 88' lang='lat' dir='ltr'><strong>illius</strong></span> <span class='ocrx_word' id='word_1_329' title='bbox 536 2749 710 2821; x_wconf 80' lang='lat' dir='ltr'><strong>sancti</strong></span> <span class='ocrx_word' id='word_1_330' title='bbox 760 2748 861 2802; x_wconf 82' lang='lat' dir='ltr'><strong>viri</strong></span> <span class='ocrx_word' id='word_1_331' title='bbox 896 2749 1096 2812; x_wconf 89' lang='lat' dir='ltr'><strong>tunica,</strong></span> <span class='ocrx_word' id='word_1_332' title='bbox 1129 2761 1226 2816; x_wconf 87' lang='lat' dir='ltr'><strong>per</strong></span> <span class='ocrx_word' id='word_1_333' title='bbox 1273 2759 1435 2814; x_wconf 86' lang='lat' dir='ltr'><strong>quam</strong></span> <span class='ocrx_word' id='word_1_334' title='bbox 1483 2742 1556 2796; x_wconf 90' lang='lat' dir='ltr'><strong>illi</strong></span> <span class='ocrx_word' id='word_1_335' title='bbox 1584 2742 1768 2810; x_wconf 89' lang='lat' dir='ltr'><strong>imagi-</strong></span> 
     </span>
    </p>
   </div>
   <div class='ocr_carea' id='block_1_47' title="bbox 193 2837 1770 2909">
    <p class='ocr_par' dir='ltr' id='par_1_47' title="bbox 193 2837 1770 2909">
     <span class='ocr_line' id='line_1_47' title="bbox 193 2837 1770 2909; baseline -0.007 -8"><span class='ocrx_word' id='word_1_336' title='bbox 193 2862 323 2901; x_wconf 88' lang='lat' dir='ltr'><strong>num</strong></span> <span class='ocrx_word' id='word_1_337' title='bbox 349 2845 718 2900; x_wconf 80' lang='lat' dir='ltr'><strong>adorationcm</strong></span> <span class='ocrx_word' id='word_1_338' title='bbox 746 2850 988 2897; x_wconf 89' lang='lat' dir='ltr'><strong>astruere</strong></span> <span class='ocrx_word' id='word_1_339' title='bbox 1021 2840 1125 2894; x_wconf 88' lang='lat' dir='ltr'><strong>nisi</strong></span> <span class='ocrx_word' id='word_1_340' title='bbox 1167 2847 1311 2902; x_wconf 87' lang='lat' dir='ltr'><strong>sunt,</strong></span> <span class='ocrx_word' id='word_1_341' title='bbox 1358 2838 1548 2909; x_wconf 86' lang='lat' dir='ltr'><strong>typicis</strong></span> <span class='ocrx_word' id='word_1_342' title='bbox 1596 2837 1770 2907; x_wconf 57' lang='lat' dir='ltr'><strong>prtuli-</strong></span> 
     </span>
    </p>
   </div>
   <div class='ocr_carea' id='block_1_48' title="bbox 194 2928 1765 3006">
    <p class='ocr_par' dir='ltr' id='par_1_48' title="bbox 194 2928 1765 3006">
     <span class='ocr_line' id='line_1_48' title="bbox 194 2928 1765 3006; baseline -0.006 -15"><span class='ocrx_word' id='word_1_343' title='bbox 194 2936 474 3006; x_wconf 76' lang='lat' dir='ltr'><strong>guraverit</strong></span> <span class='ocrx_word' id='word_1_344' title='bbox 501 2934 852 2990; x_wconf 89' lang='lat' dir='ltr'><strong>sacramentis</strong></span> <span class='ocrx_word' id='word_1_345' title='bbox 885 2940 939 2987; x_wconf 90' lang='lat' dir='ltr'><strong>et</strong></span> <span class='ocrx_word' id='word_1_346' title='bbox 975 2932 1155 2987; x_wconf 85' lang='lat' dir='ltr'><strong>tacitis</strong></span> <span class='ocrx_word' id='word_1_347' title='bbox 1196 2930 1434 2986; x_wconf 90' lang='lat' dir='ltr'><strong>innuerit</strong></span> <span class='ocrx_word' id='word_1_348' title='bbox 1473 2928 1765 3001; x_wconf 80' lang='lat' dir='ltr'><strong>mysteriis,</strong></span> 
     </span>
    </p>
   </div>
   <div class='ocr_carea' id='block_1_49' title="bbox 193 3022 1768 3099">
    <p class='ocr_par' dir='ltr' id='par_1_49' title="bbox 193 3022 1768 3099">
     <span class='ocr_line' id='line_1_49' title="bbox 193 3022 1768 3099; baseline -0.006 -15"><span class='ocrx_word' id='word_1_349' title='bbox 193 3037 409 3099; x_wconf 87' lang='lat' dir='ltr'><strong>oportet</strong></span> <span class='ocrx_word' id='word_1_350' title='bbox 440 3036 499 3082; x_wconf 88' lang='lat' dir='ltr'><strong>ut</strong></span> <span class='ocrx_word' id='word_1_351' title='bbox 553 3026 789 3081; x_wconf 89' lang='lat' dir='ltr'><strong>breviter</strong></span> <span class='ocrx_word' id='word_1_352' title='bbox 851 3040 1225 3095; x_wconf 75' lang='lat' dir='ltr'><strong>exsequamur,</strong></span> <span class='ocrx_word' id='word_1_353' title='bbox 1291 3038 1398 3091; x_wconf 89' lang='lat' dir='ltr'><strong>quo</strong></span> <span class='ocrx_word' id='word_1_354' title='bbox 1440 3030 1494 3077; x_wconf 90' lang='lat' dir='ltr'><strong>et</strong></span> <span class='ocrx_word' id='word_1_355' title='bbox 1555 3022 1768 3077; x_wconf 86' lang='lat' dir='ltr'><strong>illorum</strong></span> 
     </span>
    </p>
   </div>
   <div class='ocr_carea' id='block_1_50' title="bbox 1861 1849 3435 1920">
    <p class='ocr_par' dir='ltr' id='par_1_50' title="bbox 1861 1849 3435 1920">
     <span class='ocr_line' id='line_1_50' title="bbox 1861 1849 3435 1920; baseline -0.001 -17"><span class='ocrx_word' id='word_1_356' title='bbox 1861 1866 2137 1904; x_wconf 75' lang='lat' dir='ltr'><strong>coiwersus</strong></span> <span class='ocrx_word' id='word_1_357' title='bbox 2174 1850 2243 1903; x_wconf 88' lang='lat' dir='ltr'><strong>ad</strong></span> <span class='ocrx_word' id='word_1_358' title='bbox 2272 1850 2449 1905; x_wconf 77' lang='lat' dir='ltr'><strong>lectuli</strong></span> <span class='ocrx_word' id='word_1_359' title='bbox 2504 1861 2680 1920; x_wconf 77' lang='lat' dir='ltr'><strong>caput.</strong></span> <span class='ocrx_word' id='word_1_360' title='bbox 2724 1849 2790 1905; x_wconf 85' lang='lat' dir='ltr'><strong>In</strong></span> <span class='ocrx_word' id='word_1_361' title='bbox 2817 1866 2919 1920; x_wconf 76' lang='lat' dir='ltr'><strong>quo</strong></span> <span class='ocrx_word' id='word_1_362' title='bbox 2980 1849 3185 1918; x_wconf 83' lang='lat' dir='ltr'><strong>utique,</strong></span> <span class='ocrx_word' id='word_1_363' title='bbox 3252 1858 3310 1904; x_wconf 89' lang='lat' dir='ltr'><strong>ut</strong></span> <span class='ocrx_word' id='word_1_364' title='bbox 3357 1849 3435 1903; x_wconf 88' lang='lat' dir='ltr'><strong>ait</strong></span> 
     </span>
    </p>
   </div>
   <div class='ocr_carea' id='block_1_51' title="bbox 1864 1939 3436 2011">
    <p class='ocr_par' dir='ltr' id='par_1_51' title="bbox 1864 1939 3436 2011">
     <span class='ocr_line' id='line_1_51' title="bbox 1864 1939 3436 2011; baseline -0.001 -17"><span class='ocrx_word' id='word_1_365' title='bbox 1864 1940 2053 2003; x_wconf 84' lang='lat' dir='ltr'><strong>beatus</strong></span> <span class='ocrx_word' id='word_1_366' title='bbox 2111 1941 2460 2010; x_wconf 75' lang='lat' dir='ltr'><strong>Augustinus,</strong></span> <span class='ocrx_word' id='word_1_367' title='bbox 2501 1957 2657 1996; x_wconf 72' lang='lat' dir='ltr'><strong>senex</strong></span> <span class='ocrx_word' id='word_1_368' title='bbox 2692 1942 2924 2011; x_wconf 84' lang='lat' dir='ltr'><strong>jacebat,</strong></span> <span class='ocrx_word' id='word_1_369' title='bbox 2984 1940 3139 1995; x_wconf 86' lang='lat' dir='ltr'><strong>ctsie</strong></span> <span class='ocrx_word' id='word_1_370' title='bbox 3200 1939 3436 2008; x_wconf 87' lang='lat' dir='ltr'><strong>positum</strong></span> 
     </span>
    </p>
   </div>
   <div class='ocr_carea' id='block_1_52' title="bbox 1863 2030 3434 2103">
    <p class='ocr_par' dir='ltr' id='par_1_52' title="bbox 1863 2030 3434 2103">
     <span class='ocr_line' id='line_1_52' title="bbox 1863 2030 3434 2103; baseline -0.003 -17"><span class='ocrx_word' id='word_1_371' title='bbox 1863 2031 2098 2087; x_wconf 83' lang='lat' dir='ltr'><strong>habebat</strong></span> <span class='ocrx_word' id='word_1_372' title='bbox 2142 2041 2203 2086; x_wconf 91' lang='lat' dir='ltr'><strong>ut</strong></span> <span class='ocrx_word' id='word_1_373' title='bbox 2242 2032 2388 2086; x_wconf 89' lang='lat' dir='ltr'><strong>ineo</strong></span> <span class='ocrx_word' id='word_1_374' title='bbox 2414 2033 2533 2100; x_wconf 47' lang='lat' dir='ltr'><strong>“we</strong></span> <span class='ocrx_word' id='word_1_375' title='bbox 2564 2033 2745 2087; x_wconf 80' lang='lat' dir='ltr'><strong>labore</strong></span> <span class='ocrx_word' id='word_1_376' title='bbox 2785 2032 3009 2103; x_wconf 4' lang='lat' dir='ltr'><strong>quando,</strong></span> <span class='ocrx_word' id='word_1_377' title='bbox 3032 2030 3191 2084; x_wconf 80' lang='lat' dir='ltr'><strong>vellet</strong></span> <span class='ocrx_word' id='word_1_378' title='bbox 3230 2037 3434 2094; x_wconf 83' lang='lat' dir='ltr'><strong>oraret.</strong></span> 
     </span>
    </p>
   </div>
   <div class='ocr_carea' id='block_1_53' title="bbox 1864 2116 3436 2194">
    <p class='ocr_par' dir='ltr' id='par_1_53' title="bbox 1864 2116 3436 2194">
     <span class='ocr_line' id='line_1_53' title="bbox 1864 2116 3436 2194; baseline -0.001 -17"><span class='ocrx_word' id='word_1_379' title='bbox 1864 2122 2000 2189; x_wconf 81' lang='lat' dir='ltr'><strong>Quia</strong></span> <span class='ocrx_word' id='word_1_380' title='bbox 2032 2139 2179 2193; x_wconf 82' lang='lat' dir='ltr'><strong>ergo,</strong></span> <span class='ocrx_word' id='word_1_381' title='bbox 2236 2132 2297 2180; x_wconf 84' lang='lat' dir='ltr'><strong>ut</strong></span> <span class='ocrx_word' id='word_1_382' title='bbox 2324 2124 2538 2194; x_wconf 73' lang='lat' dir='ltr'><strong>prmfati</strong></span> <span class='ocrx_word' id='word_1_383' title='bbox 2587 2140 2791 2187; x_wconf 83' lang='lat' dir='ltr'><strong>sumus,</strong></span> <span class='ocrx_word' id='word_1_384' title='bbox 2844 2124 3063 2193; x_wconf 87' lang='lat' dir='ltr'><strong>quidam</strong></span> <span class='ocrx_word' id='word_1_385' title='bbox 3121 2116 3436 2177; x_wconf 56' lang='lat' dir='ltr'><strong>Latinorum</strong></span> 
     </span>
    </p>
   </div>
   <div class='ocr_carea' id='block_1_54' title="bbox 1862 2214 3435 2284">
    <p class='ocr_par' dir='ltr' id='par_1_54' title="bbox 1862 2214 3435 2284">
     <span class='ocr_line' id='line_1_54' title="bbox 1862 2214 3435 2284; baseline -0.003 -13"><span class='ocrx_word' id='word_1_386' title='bbox 1862 2217 2119 2273; x_wconf 76' lang='lat' dir='ltr'><strong>codicmn-</strong></span> <span class='ocrx_word' id='word_1_387' title='bbox 2138 2217 2359 2280; x_wconf 74' lang='lat' dir='ltr'><strong>habent,</strong></span> <span class='ocrx_word' id='word_1_388' title='bbox 2404 2217 2642 2271; x_wconf 66' lang='lat' dir='ltr'><strong>adorauit</strong></span> <span class='ocrx_word' id='word_1_389' title='bbox 2690 2232 2847 2280; x_wconf 82' lang='lat' dir='ltr'><strong>super</strong></span> <span class='ocrx_word' id='word_1_390' title='bbox 2869 2216 3216 2269; x_wconf 80' lang='lat' dir='ltr'><strong>summitatem</strong></span> <span class='ocrx_word' id='word_1_391' title='bbox 3258 2214 3435 2284; x_wconf 61' lang='lat' dir='ltr'><strong>uirgae,</strong></span> 
     </span>
    </p>
   </div>
   <div class='ocr_carea' id='block_1_55' title="bbox 1866 2305 3440 2375">
    <p class='ocr_par' dir='ltr' id='par_1_55' title="bbox 1866 2305 3440 2375">
     <span class='ocr_line' id='line_1_55' title="bbox 1866 2305 3440 2375; baseline -0.002 -13"><span class='ocrx_word' id='word_1_392' title='bbox 1866 2321 2086 2362; x_wconf 81' lang='lat' dir='ltr'><strong>necesse</strong></span> <span class='ocrx_word' id='word_1_393' title='bbox 2108 2317 2194 2367; x_wconf 88' lang='lat' dir='ltr'><strong>est</strong></span> <span class='ocrx_word' id='word_1_394' title='bbox 2231 2316 2293 2362; x_wconf 87' lang='lat' dir='ltr'><strong>ut</strong></span> <span class='ocrx_word' id='word_1_395' title='bbox 2334 2307 2616 2363; x_wconf 77' lang='lat' dir='ltr'><strong>memorati</strong></span> <span class='ocrx_word' id='word_1_396' title='bbox 2668 2305 2905 2361; x_wconf 88' lang='lat' dir='ltr'><strong>doctoris</strong></span> <span class='ocrx_word' id='word_1_397' title='bbox 2937 2305 3272 2361; x_wconf 81' lang='lat' dir='ltr'><strong>documentis</strong></span> <span class='ocrx_word' id='word_1_398' title='bbox 3307 2319 3440 2375; x_wconf 85' lang='lat' dir='ltr'><strong>qua-</strong></span> 
     </span>
    </p>
   </div>
   <div class='ocr_carea' id='block_1_56' title="bbox 1866 2394 3440 2470">
    <p class='ocr_par' dir='ltr' id='par_1_56' title="bbox 1866 2394 3440 2470">
     <span class='ocr_line' id='line_1_56' title="bbox 1866 2394 3440 2470; baseline -0.001 -17"><span class='ocrx_word' id='word_1_399' title='bbox 1866 2400 1990 2455; x_wconf 89' lang='lat' dir='ltr'><strong>liter</strong></span> <span class='ocrx_word' id='word_1_400' title='bbox 2023 2398 2427 2470; x_wconf 87' lang='lat' dir='ltr'><strong>intelligendum</strong></span> <span class='ocrx_word' id='word_1_401' title='bbox 2469 2398 2542 2452; x_wconf 87' lang='lat' dir='ltr'><strong>sit</strong></span> <span class='ocrx_word' id='word_1_402' title='bbox 2574 2397 2921 2466; x_wconf 68' lang='lat' dir='ltr'><strong>explicemus,</strong></span> <span class='ocrx_word' id='word_1_403' title='bbox 2947 2396 3022 2451; x_wconf 87' lang='lat' dir='ltr'><strong>ait</strong></span> <span class='ocrx_word' id='word_1_404' title='bbox 3068 2395 3211 2450; x_wconf 83' lang='lat' dir='ltr'><strong>enim</strong></span> <span class='ocrx_word' id='word_1_405' title='bbox 3261 2394 3440 2465; x_wconf 70' lang='lat' dir='ltr'><strong>(quod</strong></span> 
     </span>
    </p>
   </div>
   <div class='ocr_carea' id='block_1_57' title="bbox 1868 2485 3441 2561">
    <p class='ocr_par' dir='ltr' id='par_1_57' title="bbox 1868 2485 3441 2561">
     <span class='ocr_line' id='line_1_57' title="bbox 1868 2485 3441 2561; baseline -0.006 -15"><span class='ocrx_word' id='word_1_406' title='bbox 1868 2491 2067 2547; x_wconf 82' lang='lat' dir='ltr'><strong>habent</strong></span> <span class='ocrx_word' id='word_1_407' title='bbox 2086 2490 2263 2546; x_wconf 87' lang='lat' dir='ltr'><strong>Latini</strong></span> <span class='ocrx_word' id='word_1_408' title='bbox 2292 2487 2525 2561; x_wconf 89' lang='lat' dir='ltr'><strong>codices)</strong></span> <span class='ocrx_word' id='word_1_409' title='bbox 2559 2505 2571 2539; x_wconf 90' lang='lat'><strong>:</strong></span> <span class='ocrx_word' id='word_1_410' title='bbox 2599 2488 2668 2542; x_wconf 83' lang='lat' dir='ltr'><strong>Et</strong></span> <span class='ocrx_word' id='word_1_411' title='bbox 2688 2486 2932 2543; x_wconf 84' lang='lat' dir='ltr'><strong>adoravit</strong></span> <span class='ocrx_word' id='word_1_412' title='bbox 2966 2499 3126 2555; x_wconf 86' lang='lat' dir='ltr'><strong>super</strong></span> <span class='ocrx_word' id='word_1_413' title='bbox 3148 2491 3308 2555; x_wconf 81' lang='lat' dir='ltr'><strong>caput</strong></span> <span class='ocrx_word' id='word_1_414' title='bbox 3332 2485 3441 2537; x_wconf 85' lang='lat' dir='ltr'><strong>vir-</strong></span> 
     </span>
    </p>
   </div>
   <div class='ocr_carea' id='block_1_58' title="bbox 1867 2575 3442 2655">
    <p class='ocr_par' dir='ltr' id='par_1_58' title="bbox 1867 2575 3442 2655">
     <span class='ocr_line' id='line_1_58' title="bbox 1867 2575 3442 2655; baseline -0.006 -17"><span class='ocrx_word' id='word_1_415' title='bbox 1867 2597 1947 2655; x_wconf 69' lang='lat' dir='ltr'><strong>gze</strong></span> <span class='ocrx_word' id='word_1_416' title='bbox 1964 2580 2097 2650; x_wconf 87' lang='lat' dir='ltr'><strong>ejus.</strong></span> <span class='ocrx_word' id='word_1_417' title='bbox 2118 2580 2367 2636; x_wconf 87' lang='lat' dir='ltr'><strong>Nonnulli</strong></span> <span class='ocrx_word' id='word_1_418' title='bbox 2388 2580 2738 2636; x_wconf 87' lang='lat' dir='ltr'><strong>emendantes</strong></span> <span class='ocrx_word' id='word_1_419' title='bbox 2762 2578 2987 2633; x_wconf 84' lang='lat' dir='ltr'><strong>habent:</strong></span> <span class='ocrx_word' id='word_1_420' title='bbox 3004 2575 3261 2630; x_wconf 79' lang='lat' dir='ltr'><strong>Adoravit</strong></span> <span class='ocrx_word' id='word_1_421' title='bbox 3282 2590 3442 2645; x_wconf 88' lang='lat' dir='ltr'><strong>super</strong></span> 
     </span>
    </p>
   </div>
   <div class='ocr_carea' id='block_1_59' title="bbox 1867 2665 3441 2745">
    <p class='ocr_par' dir='ltr' id='par_1_59' title="bbox 1867 2665 3441 2745">
     <span class='ocr_line' id='line_1_59' title="bbox 1867 2665 3441 2745; baseline -0.007 -15"><span class='ocrx_word' id='word_1_422' title='bbox 1867 2682 2029 2745; x_wconf 89' lang='lat' dir='ltr'><strong>caput</strong></span> <span class='ocrx_word' id='word_1_423' title='bbox 2075 2674 2240 2745; x_wconf 75' lang='lat' dir='ltr'><strong>virga:</strong></span> <span class='ocrx_word' id='word_1_424' title='bbox 2275 2689 2401 2736; x_wconf 60' lang='lat' dir='ltr'><strong>suae,</strong></span> <span class='ocrx_word' id='word_1_425' title='bbox 2439 2670 2515 2727; x_wconf 72' lang='lat' dir='ltr'><strong>vel</strong></span> <span class='ocrx_word' id='word_1_426' title='bbox 2540 2672 2594 2726; x_wconf 90' lang='lat' dir='ltr'><strong>in</strong></span> <span class='ocrx_word' id='word_1_427' title='bbox 2650 2670 2825 2740; x_wconf 85' lang='lat' dir='ltr'><strong>capite</strong></span> <span class='ocrx_word' id='word_1_428' title='bbox 2853 2669 3016 2740; x_wconf 67' lang='lat' dir='ltr'><strong>virga:</strong></span> <span class='ocrx_word' id='word_1_429' title='bbox 3078 2682 3207 2731; x_wconf 72' lang='lat' dir='ltr'><strong>sum,</strong></span> <span class='ocrx_word' id='word_1_430' title='bbox 3241 2666 3352 2722; x_wconf 88' lang='lat' dir='ltr'><strong>sive</strong></span> <span class='ocrx_word' id='word_1_431' title='bbox 3385 2665 3441 2719; x_wconf 91' lang='lat' dir='ltr'><strong>in</strong></span> 
     </span>
    </p>
   </div>
   <div class='ocr_carea' id='block_1_60' title="bbox 1868 2748 3444 2835">
    <p class='ocr_par' dir='ltr' id='par_1_60' title="bbox 1868 2748 3444 2835">
     <span class='ocr_line' id='line_1_60' title="bbox 1868 2748 3444 2835; baseline -0.006 -12"><span class='ocrx_word' id='word_1_432' title='bbox 1868 2783 2125 2823; x_wconf 88' lang='lat' dir='ltr'><strong>cacumen</strong></span> <span class='ocrx_word' id='word_1_433' title='bbox 2149 2764 2227 2820; x_wconf 84' lang='lat' dir='ltr'><strong>vel</strong></span> <span class='ocrx_word' id='word_1_434' title='bbox 2272 2748 2433 2835; x_wconf 84' lang='lat' dir='ltr'><strong>super</strong></span> <span class='ocrx_word' id='word_1_435' title='bbox 2478 2779 2757 2821; x_wconf 84' lang='lat' dir='ltr'><strong>cacumen,</strong></span> <span class='ocrx_word' id='word_1_436' title='bbox 2799 2760 2962 2816; x_wconf 83' lang='lat' dir='ltr'><strong>Fallit</strong></span> <span class='ocrx_word' id='word_1_437' title='bbox 2987 2762 3122 2817; x_wconf 85' lang='lat' dir='ltr'><strong>enim</strong></span> <span class='ocrx_word' id='word_1_438' title='bbox 3164 2777 3252 2815; x_wconf 84' lang='lat' dir='ltr'><strong>eos</strong></span> <span class='ocrx_word' id='word_1_439' title='bbox 3295 2758 3444 2814; x_wconf 76' lang='lat' dir='ltr'><strong>Crte—</strong></span> 
     </span>
    </p>
   </div>
   <div class='ocr_carea' id='block_1_61' title="bbox 1868 2851 3443 2929">
    <p class='ocr_par' dir='ltr' id='par_1_61' title="bbox 1868 2851 3443 2929">
     <span class='ocr_line' id='line_1_61' title="bbox 1868 2851 3443 2929; baseline -0.006 -15"><span class='ocrx_word' id='word_1_440' title='bbox 1868 2877 1987 2914; x_wconf 88' lang='lat' dir='ltr'><strong>cum</strong></span> <span class='ocrx_word' id='word_1_441' title='bbox 2007 2859 2234 2923; x_wconf 79' lang='lat' dir='ltr'><strong>verbum,</strong></span> <span class='ocrx_word' id='word_1_442' title='bbox 2278 2858 2417 2929; x_wconf 83' lang='lat' dir='ltr'><strong>quod</strong></span> <span class='ocrx_word' id='word_1_443' title='bbox 2464 2858 2659 2913; x_wconf 80' lang='lat' dir='ltr'><strong>eisdem</strong></span> <span class='ocrx_word' id='word_1_444' title='bbox 2683 2856 2869 2910; x_wconf 84' lang='lat' dir='ltr'><strong>litteris</strong></span> <span class='ocrx_word' id='word_1_445' title='bbox 2889 2855 3155 2918; x_wconf 80' lang='lat' dir='ltr'><strong>scribitur,</strong></span> <span class='ocrx_word' id='word_1_446' title='bbox 3181 2855 3287 2908; x_wconf 76' lang='lat' dir='ltr'><strong>sine</strong></span> <span class='ocrx_word' id='word_1_447' title='bbox 3307 2851 3443 2922; x_wconf 82' lang='lat' dir='ltr'><strong>ejus,</strong></span> 
     </span>
    </p>
   </div>
   <div class='ocr_carea' id='block_1_62' title="bbox 1866 2943 3447 3018">
    <p class='ocr_par' dir='ltr' id='par_1_62' title="bbox 1866 2943 3447 3018">
     <span class='ocr_line' id='line_1_62' title="bbox 1866 2943 3447 3018; baseline -0.004 -13"><span class='ocrx_word' id='word_1_448' title='bbox 1866 2952 1971 3006; x_wconf 76' lang='lat' dir='ltr'><strong>sive</strong></span> <span class='ocrx_word' id='word_1_449' title='bbox 1993 2950 2267 3006; x_wconf 62' lang='lat' dir='ltr'><strong>seru-sed</strong></span> <span class='ocrx_word' id='word_1_450' title='bbox 2299 2957 2542 3004; x_wconf 79' lang='lat' dir='ltr'><strong>accentus</strong></span> <span class='ocrx_word' id='word_1_451' title='bbox 2587 2947 2822 3018; x_wconf 79' lang='lat' dir='ltr'><strong>dispares</strong></span> <span class='ocrx_word' id='word_1_452' title='bbox 2868 2954 3010 3009; x_wconf 81' lang='lat' dir='ltr'><strong>sunt,</strong></span> <span class='ocrx_word' id='word_1_453' title='bbox 3051 2953 3099 2998; x_wconf 86' lang='lat' dir='ltr'><strong>et</strong></span> <span class='ocrx_word' id='word_1_454' title='bbox 3148 2944 3211 2998; x_wconf 85' lang='lat' dir='ltr'><strong>ab</strong></span> <span class='ocrx_word' id='word_1_455' title='bbox 3254 2943 3330 2997; x_wconf 85' lang='lat' dir='ltr'><strong>eis</strong></span> <span class='ocrx_word' id='word_1_456' title='bbox 3357 2944 3447 3013; x_wconf 83' lang='lat' dir='ltr'><strong>qui</strong></span> 
     </span>
    </p>
   </div>
   <div class='ocr_carea' id='block_1_63' title="bbox 1873 3030 3447 3098">
    <p class='ocr_par' dir='ltr' id='par_1_63' title="bbox 1873 3030 3447 3098">
     <span class='ocr_line' id='line_1_63' title="bbox 1873 3030 3447 3098; baseline -0.007 0"><span class='ocrx_word' id='word_1_457' title='bbox 1873 3045 1975 3098; x_wconf 77' lang='lat' dir='ltr'><strong>ista</strong></span> <span class='ocrx_word' id='word_1_458' title='bbox 2009 3051 2257 3097; x_wconf 76' lang='lat' dir='ltr'><strong>noverunt</strong></span> <span class='ocrx_word' id='word_1_459' title='bbox 2286 3042 2343 3095; x_wconf 87' lang='lat' dir='ltr'><strong>in</strong></span> <span class='ocrx_word' id='word_1_460' title='bbox 2367 3039 2629 3094; x_wconf 79' lang='lat' dir='ltr'><strong>codicibus</strong></span> <span class='ocrx_word' id='word_1_461' title='bbox 2667 3054 2772 3092; x_wconf 86' lang='lat' dir='ltr'><strong>non</strong></span> <span class='ocrx_word' id='word_1_462' title='bbox 2796 3043 3210 3091; x_wconf 83' lang='lat' dir='ltr'><strong>contemnuntur.</strong></span> <span class='ocrx_word' id='word_1_463' title='bbox 3268 3030 3447 3087; x_wconf 69' lang='lat' dir='ltr'><strong>Valent</strong></span> 
     </span>
    </p>
   </div>
   <div class='ocr_carea' id='block_1_64' title="bbox 195 3087 3446 3202">
    <p class='ocr_par' dir='ltr' id='par_1_64' title="bbox 195 3087 3446 3202">
     <span class='ocr_line' id='line_1_64' title="bbox 195 3087 3446 3202; baseline -0.005 -28"><span class='ocrx_word' id='word_1_464' title='bbox 195 3137 334 3175; x_wconf 89' lang='lat' dir='ltr'><strong>vana</strong></span> <span class='ocrx_word' id='word_1_465' title='bbox 361 3120 589 3175; x_wconf 87' lang='lat' dir='ltr'><strong>assertio</strong></span> <span class='ocrx_word' id='word_1_466' title='bbox 639 3118 981 3183; x_wconf 87' lang='lat' dir='ltr'><strong>destituatur,</strong></span> <span class='ocrx_word' id='word_1_467' title='bbox 1019 3124 1074 3172; x_wconf 86' lang='lat' dir='ltr'><strong>et</strong></span> <span class='ocrx_word' id='word_1_468' title='bbox 1121 3116 1339 3170; x_wconf 84' lang='lat' dir='ltr'><strong>lectoris</strong></span> <span class='ocrx_word' id='word_1_469' title='bbox 1383 3115 1595 3169; x_wconf 89' lang='lat' dir='ltr'><strong>animus</strong></span> <span class='ocrx_word' id='word_1_470' title='bbox 1638 3112 1772 3166; x_wconf 89' lang='lat' dir='ltr'><strong>mul—</strong></span> <span class='ocrx_word' id='word_1_471' title='bbox 1873 3134 2010 3189; x_wconf 66' lang='grc' dir='ltr'><strong>εηεη,</strong></span> <span class='ocrx_word' id='word_1_472' title='bbox 2063 3132 2133 3187; x_wconf 66' lang='grc' dir='ltr'><em>αδ</em></span> <span class='ocrx_word' id='word_1_473' title='bbox 2171 3146 2419 3202; x_wconf 59' lang='lat' dir='ltr'><strong>magna,&quot;</strong></span> <span class='ocrx_word' id='word_1_474' title='bbox 2472 3087 3141 3197; x_wconf 32' lang='grc' dir='ltr'><strong>ἀξεσνεοίοωηινψάξξάξηέε</strong></span> <span class='ocrx_word' id='word_1_475' title='bbox 3168 3087 3237 3178; x_wconf 39' lang='grc' dir='ltr'><strong>ἐι</strong></span> <span class='ocrx_word' id='word_1_476' title='bbox 3286 3138 3446 3179; x_wconf 58' lang='lat' dir='ltr'><strong>una“,</strong></span> 
     </span>
    </p>
   </div>
   <div class='ocr_carea' id='block_1_65' title="bbox 195 3208 1771 3283">
    <p class='ocr_par' dir='ltr' id='par_1_65' title="bbox 195 3208 1771 3283">
     <span class='ocr_line' id='line_1_65' title="bbox 195 3208 1771 3283; baseline -0.005 -15"><span class='ocrx_word' id='word_1_477' title='bbox 195 3222 404 3270; x_wconf 83' lang='lat' dir='ltr'><strong>ceatur.</strong></span> <span class='ocrx_word' id='word_1_478' title='bbox 446 3213 636 3283; x_wconf 74' lang='lat' dir='ltr'><strong>Ioseph</strong></span> <span class='ocrx_word' id='word_1_479' title='bbox 665 3227 915 3282; x_wconf 89' lang='lat' dir='ltr'><strong>namque,</strong></span> <span class='ocrx_word' id='word_1_480' title='bbox 954 3210 1044 3281; x_wconf 88' lang='lat' dir='ltr'><strong>qui</strong></span> <span class='ocrx_word' id='word_1_481' title='bbox 1071 3222 1403 3280; x_wconf 81' lang='lat' dir='ltr'><strong>augmentum</strong></span> <span class='ocrx_word' id='word_1_482' title='bbox 1450 3208 1771 3276; x_wconf 88' lang='lat' dir='ltr'><strong>interpreta-</strong></span> 
     </span>
    </p>
   </div>
   <div class='ocr_carea' id='block_1_66' title="bbox 196 3299 1771 3373">
    <p class='ocr_par' dir='ltr' id='par_1_66' title="bbox 196 3299 1771 3373">
     <span class='ocr_line' id='line_1_66' title="bbox 196 3299 1771 3373; baseline -0.008 -13"><span class='ocrx_word' id='word_1_483' title='bbox 196 3314 308 3369; x_wconf 87' lang='lat' dir='ltr'><strong>tur,</strong></span> <span class='ocrx_word' id='word_1_484' title='bbox 332 3312 391 3359; x_wconf 91' lang='lat' dir='ltr'><strong>et</strong></span> <span class='ocrx_word' id='word_1_485' title='bbox 416 3304 488 3357; x_wconf 88' lang='lat' dir='ltr'><strong>ab</strong></span> <span class='ocrx_word' id='word_1_486' title='bbox 528 3302 797 3373; x_wconf 64' lang='lat' dir='ltr'><strong>Egyptiis</strong></span> <span class='ocrx_word' id='word_1_487' title='bbox 823 3300 1068 3357; x_wconf 73' lang='lat' dir='ltr'><strong>Salvator</strong></span> <span class='ocrx_word' id='word_1_488' title='bbox 1090 3299 1272 3353; x_wconf 85' lang='lat' dir='ltr'><strong>mundi</strong></span> <span class='ocrx_word' id='word_1_489' title='bbox 1309 3306 1392 3354; x_wconf 88' lang='lat' dir='ltr'><strong>est</strong></span> <span class='ocrx_word' id='word_1_490' title='bbox 1418 3306 1771 3366; x_wconf 85' lang='lat' dir='ltr'><strong>nuncupatus,</strong></span> 
     </span>
    </p>
   </div>
   <div class='ocr_carea' id='block_1_67' title="bbox 194 3394 1778 3468">
    <p class='ocr_par' dir='ltr' id='par_1_67' title="bbox 194 3394 1778 3468">
     <span class='ocr_line' id='line_1_67' title="bbox 194 3394 1778 3468; baseline -0.006 -16"><span class='ocrx_word' id='word_1_491' title='bbox 194 3398 347 3452; x_wconf 86' lang='lat' dir='ltr'><strong>illius</strong></span> <span class='ocrx_word' id='word_1_492' title='bbox 374 3406 557 3468; x_wconf 78' lang='lat' dir='ltr'><strong>typum</strong></span> <span class='ocrx_word' id='word_1_493' title='bbox 590 3396 755 3467; x_wconf 81' lang='lat' dir='ltr'><strong>gessit</strong></span> <span class='ocrx_word' id='word_1_494' title='bbox 778 3395 870 3465; x_wconf 87' lang='lat' dir='ltr'><strong>qui</strong></span> <span class='ocrx_word' id='word_1_495' title='bbox 892 3402 946 3449; x_wconf 90' lang='lat' dir='ltr'><strong>et</strong></span> <span class='ocrx_word' id='word_1_496' title='bbox 974 3408 1142 3463; x_wconf 81' lang='lat' dir='ltr'><strong>genus</strong></span> <span class='ocrx_word' id='word_1_497' title='bbox 1174 3394 1467 3447; x_wconf 63' lang='lat' dir='ltr'><strong>humanum</strong></span> <span class='ocrx_word' id='word_1_498' title='bbox 1513 3408 1609 3445; x_wconf 79' lang='lat' dir='ltr'><strong>sua</strong></span> <span class='ocrx_word' id='word_1_499' title='bbox 1636 3406 1778 3444; x_wconf 88' lang='lat' dir='ltr'><strong>mor-</strong></span> 
     </span>
    </p>
   </div>
   <div class='ocr_carea' id='block_1_68' title="bbox 196 3481 1775 3556">
    <p class='ocr_par' dir='ltr' id='par_1_68' title="bbox 196 3481 1775 3556">
     <span class='ocr_line' id='line_1_68' title="bbox 196 3481 1775 3556; baseline -0.006 -12"><span class='ocrx_word' id='word_1_500' title='bbox 196 3498 253 3544; x_wconf 90' lang='lat' dir='ltr'><strong>te</strong></span> <span class='ocrx_word' id='word_1_501' title='bbox 291 3487 542 3552; x_wconf 86' lang='lat' dir='ltr'><strong>salvavit,</strong></span> <span class='ocrx_word' id='word_1_502' title='bbox 584 3494 638 3541; x_wconf 92' lang='lat' dir='ltr'><strong>et</strong></span> <span class='ocrx_word' id='word_1_503' title='bbox 686 3487 941 3542; x_wconf 89' lang='lat' dir='ltr'><strong>mundum</strong></span> <span class='ocrx_word' id='word_1_504' title='bbox 985 3485 1213 3556; x_wconf 85' lang='lat' dir='ltr'><strong>spiritali</strong></span> <span class='ocrx_word' id='word_1_505' title='bbox 1257 3481 1528 3539; x_wconf 84' lang='lat' dir='ltr'><strong>frumento</strong></span> <span class='ocrx_word' id='word_1_506' title='bbox 1569 3481 1775 3546; x_wconf 81' lang='lat' dir='ltr'><strong>refecit,</strong></span> 
     </span>
    </p>
   </div>
   <div class='ocr_carea' id='block_1_69' title="bbox 195 3573 1780 3646">
    <p class='ocr_par' dir='ltr' id='par_1_69' title="bbox 195 3573 1780 3646">
     <span class='ocr_line' id='line_1_69' title="bbox 195 3573 1780 3646; baseline -0.005 -13"><span class='ocrx_word' id='word_1_507' title='bbox 195 3586 255 3633; x_wconf 90' lang='lat' dir='ltr'><strong>et</strong></span> <span class='ocrx_word' id='word_1_508' title='bbox 298 3579 355 3632; x_wconf 91' lang='lat' dir='ltr'><strong>in</strong></span> <span class='ocrx_word' id='word_1_509' title='bbox 399 3584 607 3631; x_wconf 88' lang='lat' dir='ltr'><strong>tantum</strong></span> <span class='ocrx_word' id='word_1_510' title='bbox 640 3583 982 3646; x_wconf 81' lang='lat' dir='ltr'><strong>augmentum</strong></span> <span class='ocrx_word' id='word_1_511' title='bbox 1010 3590 1122 3630; x_wconf 66' lang='lat' dir='ltr'><strong>suae</strong></span> <span class='ocrx_word' id='word_1_512' title='bbox 1162 3573 1283 3628; x_wconf 85' lang='lat' dir='ltr'><strong>lidei</strong></span> <span class='ocrx_word' id='word_1_513' title='bbox 1330 3588 1510 3628; x_wconf 87' lang='lat' dir='ltr'><strong>semen</strong></span> <span class='ocrx_word' id='word_1_514' title='bbox 1536 3585 1780 3627; x_wconf 86' lang='lat' dir='ltr'><strong>crescere</strong></span> 
     </span>
    </p>
   </div>
   <div class='ocr_carea' id='block_1_70' title="bbox 196 3662 1780 3737">
    <p class='ocr_par' dir='ltr' id='par_1_70' title="bbox 196 3662 1780 3737">
     <span class='ocr_line' id='line_1_70' title="bbox 196 3662 1780 3737; baseline -0.006 -12"><span class='ocrx_word' id='word_1_515' title='bbox 196 3671 351 3735; x_wconf 75' lang='lat' dir='ltr'><strong>fecit,</strong></span> <span class='ocrx_word' id='word_1_516' title='bbox 387 3676 445 3722; x_wconf 92' lang='lat' dir='ltr'><strong>ut</strong></span> <span class='ocrx_word' id='word_1_517' title='bbox 467 3678 521 3722; x_wconf 92' lang='lat' dir='ltr'><strong>et</strong></span> <span class='ocrx_word' id='word_1_518' title='bbox 555 3676 723 3724; x_wconf 90' lang='lat' dir='ltr'><strong>totum</strong></span> <span class='ocrx_word' id='word_1_519' title='bbox 752 3668 1010 3723; x_wconf 85' lang='lat' dir='ltr'><strong>mundum</strong></span> <span class='ocrx_word' id='word_1_520' title='bbox 1042 3666 1305 3737; x_wconf 90' lang='lat' dir='ltr'><strong>impleret,</strong></span> <span class='ocrx_word' id='word_1_521' title='bbox 1338 3673 1391 3720; x_wconf 85' lang='lat' dir='ltr'><strong>et</strong></span> <span class='ocrx_word' id='word_1_522' title='bbox 1419 3681 1516 3736; x_wconf 88' lang='lat' dir='ltr'><strong>per</strong></span> <span class='ocrx_word' id='word_1_523' title='bbox 1537 3662 1780 3719; x_wconf 70' lang='lat' dir='ltr'><strong>eamdem</strong></span> 
     </span>
    </p>
   </div>
   <div class='ocr_carea' id='block_1_71' title="bbox 198 3755 1779 3831">
    <p class='ocr_par' dir='ltr' id='par_1_71' title="bbox 198 3755 1779 3831">
     <span class='ocr_line' id='line_1_71' title="bbox 198 3755 1779 3831; baseline -0.006 -11"><span class='ocrx_word' id='word_1_524' title='bbox 198 3764 367 3820; x_wconf 80' lang='lat' dir='ltr'><strong>ﬁdem</strong></span> <span class='ocrx_word' id='word_1_525' title='bbox 390 3772 604 3819; x_wconf 86' lang='lat' dir='ltr'><strong>terrena</strong></span> <span class='ocrx_word' id='word_1_526' title='bbox 625 3763 936 3818; x_wconf 75' lang='lat' dir='ltr'><strong>emlestibus</strong></span> <span class='ocrx_word' id='word_1_527' title='bbox 959 3761 1252 3831; x_wconf 87' lang='lat' dir='ltr'><strong>eopularet.</strong></span> <span class='ocrx_word' id='word_1_528' title='bbox 1292 3758 1425 3828; x_wconf 83' lang='lat' dir='ltr'><strong>Ejus</strong></span> <span class='ocrx_word' id='word_1_529' title='bbox 1452 3758 1616 3813; x_wconf 84' lang='lat' dir='ltr'><strong>vestis</strong></span> <span class='ocrx_word' id='word_1_530' title='bbox 1641 3755 1779 3811; x_wconf 67' lang='lat' dir='ltr'><strong>haedi</strong></span> 
     </span>
    </p>
   </div>
   <div class='ocr_carea' id='block_1_72' title="bbox 196 3848 1785 3925">
    <p class='ocr_par' dir='ltr' id='par_1_72' title="bbox 196 3848 1785 3925">
     <span class='ocr_line' id='line_1_72' title="bbox 196 3848 1785 3925; baseline -0.005 -16"><span class='ocrx_word' id='word_1_531' title='bbox 196 3854 471 3925; x_wconf 81' lang='lat' dir='ltr'><strong>sanguine</strong></span> <span class='ocrx_word' id='word_1_532' title='bbox 495 3853 660 3907; x_wconf 88' lang='lat' dir='ltr'><strong>tincta</strong></span> <span class='ocrx_word' id='word_1_533' title='bbox 697 3860 799 3915; x_wconf 89' lang='lat' dir='ltr'><strong>est,</strong></span> <span class='ocrx_word' id='word_1_534' title='bbox 829 3852 953 3922; x_wconf 85' lang='lat' dir='ltr'><strong>quia</strong></span> <span class='ocrx_word' id='word_1_535' title='bbox 990 3852 1046 3906; x_wconf 92' lang='lat' dir='ltr'><strong>in</strong></span> <span class='ocrx_word' id='word_1_536' title='bbox 1074 3850 1424 3906; x_wconf 89' lang='lat' dir='ltr'><strong>similitudine</strong></span> <span class='ocrx_word' id='word_1_537' title='bbox 1462 3848 1643 3904; x_wconf 89' lang='lat' dir='ltr'><strong>carnis</strong></span> <span class='ocrx_word' id='word_1_538' title='bbox 1665 3862 1785 3918; x_wconf 83' lang='lat' dir='ltr'><strong>pce-</strong></span> 
     </span>
    </p>
   </div>
   <div class='ocr_carea' id='block_1_73' title="bbox 201 3941 1784 4013">
    <p class='ocr_par' dir='ltr' id='par_1_73' title="bbox 201 3941 1784 4013">
     <span class='ocr_line' id='line_1_73' title="bbox 201 3941 1784 4013; baseline -0.004 -13"><span class='ocrx_word' id='word_1_539' title='bbox 201 3946 315 4000; x_wconf 84' lang='lat' dir='ltr'><strong>cati</strong></span> <span class='ocrx_word' id='word_1_540' title='bbox 361 3944 655 3999; x_wconf 85' lang='lat' dir='ltr'><strong>secundum</strong></span> <span class='ocrx_word' id='word_1_541' title='bbox 702 3942 1017 4013; x_wconf 79' lang='lat' dir='ltr'><strong>Apostolum</strong></span> <span class='ocrx_word' id='word_1_542' title='bbox 1066 3942 1335 4012; x_wconf 88' lang='lat' dir='ltr'><strong>apparuit,</strong></span> <span class='ocrx_word' id='word_1_543' title='bbox 1363 3941 1515 3995; x_wconf 89' lang='lat' dir='ltr'><strong>etde</strong></span> <span class='ocrx_word' id='word_1_544' title='bbox 1561 3949 1784 4010; x_wconf 87' lang='lat' dir='ltr'><strong>peccato</strong></span> 
     </span>
    </p>
   </div>
   <div class='ocr_carea' id='block_1_74' title="bbox 199 4030 1784 4103">
    <p class='ocr_par' dir='ltr' id='par_1_74' title="bbox 199 4030 1784 4103">
     <span class='ocr_line' id='line_1_74' title="bbox 199 4030 1784 4103; baseline -0.003 -14"><span class='ocrx_word' id='word_1_545' title='bbox 199 4035 486 4089; x_wconf 82' lang='lat' dir='ltr'><strong>damnavit</strong></span> <span class='ocrx_word' id='word_1_546' title='bbox 512 4041 829 4103; x_wconf 87' lang='lat' dir='ltr'><strong>peccatum:</strong></span> <span class='ocrx_word' id='word_1_547' title='bbox 871 4034 954 4087; x_wconf 85' lang='lat' dir='ltr'><strong>vel</strong></span> <span class='ocrx_word' id='word_1_548' title='bbox 999 4034 1159 4088; x_wconf 89' lang='lat' dir='ltr'><strong>etiam</strong></span> <span class='ocrx_word' id='word_1_549' title='bbox 1189 4032 1364 4088; x_wconf 87' lang='lat' dir='ltr'><strong>hostia</strong></span> <span class='ocrx_word' id='word_1_550' title='bbox 1413 4046 1512 4101; x_wconf 90' lang='lat' dir='ltr'><strong>pro</strong></span> <span class='ocrx_word' id='word_1_551' title='bbox 1547 4030 1784 4100; x_wconf 85' lang='lat' dir='ltr'><strong>peccatis</strong></span> 
     </span>
    </p>
   </div>
   <div class='ocr_carea' id='block_1_75' title="bbox 199 4125 1786 4194">
    <p class='ocr_par' dir='ltr' id='par_1_75' title="bbox 199 4125 1786 4194">
     <span class='ocr_line' id='line_1_75' title="bbox 199 4125 1786 4194; baseline -0.003 -13"><span class='ocrx_word' id='word_1_552' title='bbox 199 4126 456 4189; x_wconf 65' lang='lat' dir='ltr'><strong>enectus,</strong></span> <span class='ocrx_word' id='word_1_553' title='bbox 496 4133 718 4194; x_wconf 88' lang='lat' dir='ltr'><strong>peccata</strong></span> <span class='ocrx_word' id='word_1_554' title='bbox 750 4134 932 4180; x_wconf 87' lang='lat' dir='ltr'><strong>nostra</strong></span> <span class='ocrx_word' id='word_1_555' title='bbox 970 4125 1205 4194; x_wconf 87' lang='lat' dir='ltr'><strong>portavit</strong></span> <span class='ocrx_word' id='word_1_556' title='bbox 1228 4126 1282 4179; x_wconf 89' lang='lat' dir='ltr'><strong>in</strong></span> <span class='ocrx_word' id='word_1_557' title='bbox 1310 4138 1537 4193; x_wconf 87' lang='lat' dir='ltr'><strong>corpore</strong></span> <span class='ocrx_word' id='word_1_558' title='bbox 1561 4138 1660 4179; x_wconf 89' lang='lat' dir='ltr'><strong>suo</strong></span> <span class='ocrx_word' id='word_1_559' title='bbox 1697 4138 1786 4177; x_wconf 81' lang='lat' dir='ltr'><strong>su-</strong></span> 
     </span>
    </p>
   </div>
   <div class='ocr_carea' id='block_1_76' title="bbox 195 4214 1785 4290">
    <p class='ocr_par' dir='ltr' id='par_1_76' title="bbox 195 4214 1785 4290">
     <span class='ocr_line' id='line_1_76' title="bbox 195 4214 1785 4290; baseline -0.002 -17"><span class='ocrx_word' id='word_1_560' title='bbox 195 4236 299 4290; x_wconf 87' lang='lat' dir='ltr'><strong>per</strong></span> <span class='ocrx_word' id='word_1_561' title='bbox 337 4220 564 4290; x_wconf 83' lang='lat' dir='ltr'><strong>lignum,</strong></span> <span class='ocrx_word' id='word_1_562' title='bbox 613 4227 732 4273; x_wconf 90' lang='lat' dir='ltr'><strong>uta</strong></span> <span class='ocrx_word' id='word_1_563' title='bbox 778 4217 934 4273; x_wconf 88' lang='lat' dir='ltr'><strong>malis</strong></span> <span class='ocrx_word' id='word_1_564' title='bbox 965 4218 1178 4273; x_wconf 88' lang='lat' dir='ltr'><strong>liberati</strong></span> <span class='ocrx_word' id='word_1_565' title='bbox 1222 4232 1343 4272; x_wconf 89' lang='lat' dir='ltr'><strong>cum</strong></span> <span class='ocrx_word' id='word_1_566' title='bbox 1383 4214 1593 4284; x_wconf 85' lang='lat' dir='ltr'><strong>justitia</strong></span> <span class='ocrx_word' id='word_1_567' title='bbox 1620 4214 1785 4270; x_wconf 80' lang='lat' dir='ltr'><strong>viva-</strong></span> 
     </span>
    </p>
   </div>
   <div class='ocr_carea' id='block_1_77' title="bbox 197 4309 1787 4380">
    <p class='ocr_par' dir='ltr' id='par_1_77' title="bbox 197 4309 1787 4380">
     <span class='ocr_line' id='line_1_77' title="bbox 197 4309 1787 4380; baseline -0.001 -14"><span class='ocrx_word' id='word_1_568' title='bbox 197 4329 369 4379; x_wconf 89' lang='lat' dir='ltr'><strong>mus;</strong></span> <span class='ocrx_word' id='word_1_569' title='bbox 412 4310 565 4380; x_wconf 88' lang='lat' dir='ltr'><strong>eujus</strong></span> <span class='ocrx_word' id='word_1_570' title='bbox 602 4310 821 4365; x_wconf 86' lang='lat' dir='ltr'><strong>vulnere</strong></span> <span class='ocrx_word' id='word_1_571' title='bbox 857 4310 1030 4366; x_wconf 90' lang='lat' dir='ltr'><strong>sanati</strong></span> <span class='ocrx_word' id='word_1_572' title='bbox 1080 4325 1284 4375; x_wconf 88' lang='lat' dir='ltr'><strong>sumus,</strong></span> <span class='ocrx_word' id='word_1_573' title='bbox 1315 4311 1406 4379; x_wconf 92' lang='lat' dir='ltr'><strong>qui</strong></span> <span class='ocrx_word' id='word_1_574' title='bbox 1441 4309 1603 4364; x_wconf 89' lang='lat' dir='ltr'><strong>veluti</strong></span> <span class='ocrx_word' id='word_1_575' title='bbox 1658 4325 1787 4365; x_wconf 85' lang='lat' dir='ltr'><strong>oves</strong></span> 
     </span>
    </p>
   </div>
   <div class='ocr_carea' id='block_1_78' title="bbox 1872 3220 3450 3295">
    <p class='ocr_par' dir='ltr' id='par_1_78' title="bbox 1872 3220 3450 3295">
     <span class='ocr_line' id='line_1_78' title="bbox 1872 3220 3450 3295; baseline -0.006 -18"><span class='ocrx_word' id='word_1_576' title='bbox 1872 3224 1989 3295; x_wconf 85' lang='lat' dir='ltr'><strong>plus</strong></span> <span class='ocrx_word' id='word_1_577' title='bbox 2013 3223 2239 3278; x_wconf 83' lang='lat' dir='ltr'><strong>litteram</strong></span> <span class='ocrx_word' id='word_1_578' title='bbox 2260 3221 2449 3276; x_wconf 76' lang='lat' dir='ltr'><strong>habere</strong></span> <span class='ocrx_word' id='word_1_579' title='bbox 2472 3229 2661 3291; x_wconf 72' lang='lat' dir='ltr'><strong>posset,</strong></span> <span class='ocrx_word' id='word_1_580' title='bbox 2701 3220 2747 3273; x_wconf 83' lang='lat' dir='ltr'><strong>si</strong></span> <span class='ocrx_word' id='word_1_581' title='bbox 2770 3227 2900 3272; x_wconf 82' lang='lat' dir='ltr'><strong>esset</strong></span> <span class='ocrx_word' id='word_1_582' title='bbox 2948 3232 3056 3270; x_wconf 69' lang='lat' dir='ltr'><strong>sua:</strong></span> <span class='ocrx_word' id='word_1_583' title='bbox 3079 3223 3168 3269; x_wconf 84' lang='lat' dir='ltr'><strong>aut</strong></span> <span class='ocrx_word' id='word_1_584' title='bbox 3192 3230 3295 3269; x_wconf 83' lang='lat' dir='ltr'><strong>non</strong></span> <span class='ocrx_word' id='word_1_585' title='bbox 3314 3221 3450 3273; x_wconf 73' lang='lat' dir='ltr'><strong>esset</strong></span> 
     </span>
    </p>
   </div>
   <div class='ocr_carea' id='block_1_79' title="bbox 1873 3301 3449 3379">
    <p class='ocr_par' dir='ltr' id='par_1_79' title="bbox 1873 3301 3449 3379">
     <span class='ocr_line' id='line_1_79' title="bbox 1873 3301 3449 3379; baseline -0.012 -6"><span class='ocrx_word' id='word_1_586' title='bbox 1873 3319 2030 3373; x_wconf 66' lang='grc' dir='ltr'><strong>αὐτ-δῦ</strong></span> <span class='ocrx_word' id='word_1_587' title='bbox 2060 3313 2150 3370; x_wconf 85' lang='lat' dir='ltr'><strong>sed</strong></span> <span class='ocrx_word' id='word_1_588' title='bbox 2176 3314 2384 3370; x_wconf 70' lang='grc' dir='ltr'><strong>ἑαυτοῦ.</strong></span> <span class='ocrx_word' id='word_1_589' title='bbox 2436 3311 2513 3365; x_wconf 79' lang='lat' dir='ltr'><strong>Ac</strong></span> <span class='ocrx_word' id='word_1_590' title='bbox 2544 3325 2657 3379; x_wconf 84' lang='lat' dir='ltr'><strong>per.</strong></span> <span class='ocrx_word' id='word_1_591' title='bbox 2676 3308 2775 3362; x_wconf 84' lang='lat' dir='ltr'><strong>hoc</strong></span> <span class='ocrx_word' id='word_1_592' title='bbox 2797 3306 2980 3360; x_wconf 76' lang='lat' dir='ltr'><strong>merito</strong></span> <span class='ocrx_word' id='word_1_593' title='bbox 3029 3303 3281 3375; x_wconf 74' lang='lat' dir='ltr'><strong>qutrritur</strong></span> <span class='ocrx_word' id='word_1_594' title='bbox 3322 3301 3449 3371; x_wconf 83' lang='lat' dir='ltr'><strong>quid</strong></span> 
     </span>
    </p>
   </div>
   <div class='ocr_carea' id='block_1_80' title="bbox 1873 3393 3448 3475">
    <p class='ocr_par' dir='ltr' id='par_1_80' title="bbox 1873 3393 3448 3475">
     <span class='ocr_line' id='line_1_80' title="bbox 1873 3393 3448 3475; baseline -0.011 -15"><span class='ocrx_word' id='word_1_595' title='bbox 1873 3408 1941 3461; x_wconf 87' lang='lat' dir='ltr'><strong>sit</strong></span> <span class='ocrx_word' id='word_1_596' title='bbox 1977 3405 2115 3475; x_wconf 82' lang='lat' dir='ltr'><strong>quod</strong></span> <span class='ocrx_word' id='word_1_597' title='bbox 2136 3404 2335 3457; x_wconf 81' lang='lat' dir='ltr'><strong>dictum</strong></span> <span class='ocrx_word' id='word_1_598' title='bbox 2364 3410 2459 3455; x_wconf 84' lang='lat' dir='ltr'><strong>est.</strong></span> <span class='ocrx_word' id='word_1_599' title='bbox 2504 3398 2646 3453; x_wconf 67' lang='lat' dir='ltr'><strong>Nam</strong></span> <span class='ocrx_word' id='word_1_600' title='bbox 2669 3394 2824 3467; x_wconf 80' lang='lat' dir='ltr'><strong>facile</strong></span> <span class='ocrx_word' id='word_1_601' title='bbox 2857 3393 3249 3463; x_wconf 74' lang='lat' dir='ltr'><strong>intelligeretur,</strong></span> <span class='ocrx_word' id='word_1_602' title='bbox 3274 3407 3448 3445; x_wconf 81' lang='lat' dir='ltr'><strong>senem</strong></span> 
     </span>
    </p>
   </div>
   <div class='ocr_carea' id='block_1_81' title="bbox 1872 3480 3445 3566">
    <p class='ocr_par' dir='ltr' id='par_1_81' title="bbox 1872 3480 3445 3566">
     <span class='ocr_line' id='line_1_81' title="bbox 1872 3480 3445 3566; baseline -0.011 -17"><span class='ocrx_word' id='word_1_603' title='bbox 1872 3495 1963 3566; x_wconf 78' lang='lat' dir='ltr'><strong>qui</strong></span> <span class='ocrx_word' id='word_1_604' title='bbox 2001 3495 2199 3563; x_wconf 78' lang='lat' dir='ltr'><strong>virgam</strong></span> <span class='ocrx_word' id='word_1_605' title='bbox 2216 3491 2424 3561; x_wconf 78' lang='lat' dir='ltr'><strong>ferebat</strong></span> <span class='ocrx_word' id='word_1_606' title='bbox 2450 3506 2511 3542; x_wconf 90' lang='lat' dir='ltr'><strong>eo</strong></span> <span class='ocrx_word' id='word_1_607' title='bbox 2536 3503 2678 3543; x_wconf 84' lang='lat' dir='ltr'><strong>more</strong></span> <span class='ocrx_word' id='word_1_608' title='bbox 2698 3502 2800 3556; x_wconf 83' lang='lat' dir='ltr'><strong>quo</strong></span> <span class='ocrx_word' id='word_1_609' title='bbox 2826 3483 2919 3539; x_wconf 85' lang='lat' dir='ltr'><strong>i&#39;la</strong></span> <span class='ocrx_word' id='word_1_610' title='bbox 2944 3492 3074 3537; x_wconf 74' lang='lat' dir='ltr'><strong>tetas</strong></span> <span class='ocrx_word' id='word_1_611' title='bbox 3098 3480 3340 3537; x_wconf 79' lang='lat' dir='ltr'><strong>baculum</strong></span> <span class='ocrx_word' id='word_1_612' title='bbox 3359 3498 3445 3534; x_wconf 84' lang='lat' dir='ltr'><strong>so-</strong></span> 
     </span>
    </p>
   </div>
   <div class='ocr_carea' id='block_1_82' title="bbox 1877 3572 3450 3647">
    <p class='ocr_par' dir='ltr' id='par_1_82' title="bbox 1877 3572 3450 3647">
     <span class='ocr_line' id='line_1_82' title="bbox 1877 3572 3450 3647; baseline -0.006 -10"><span class='ocrx_word' id='word_1_613' title='bbox 1877 3584 1963 3647; x_wconf 87' lang='lat' dir='ltr'><strong>let,</strong></span> <span class='ocrx_word' id='word_1_614' title='bbox 1993 3592 2046 3637; x_wconf 84' lang='lat' dir='ltr'><strong>ut</strong></span> <span class='ocrx_word' id='word_1_615' title='bbox 2070 3600 2125 3635; x_wconf 88' lang='lat' dir='ltr'><strong>se</strong></span> <span class='ocrx_word' id='word_1_616' title='bbox 2165 3581 2430 3635; x_wconf 79' lang='lat' dir='ltr'><strong>inclinauit</strong></span> <span class='ocrx_word' id='word_1_617' title='bbox 2456 3578 2525 3633; x_wconf 89' lang='lat' dir='ltr'><strong>ad</strong></span> <span class='ocrx_word' id='word_1_618' title='bbox 2554 3577 2721 3632; x_wconf 83' lang='lat' dir='ltr'><strong>Deum</strong></span> <span class='ocrx_word' id='word_1_619' title='bbox 2745 3602 2759 3611; x_wconf 87' lang='lat'><strong>-</strong></span> <span class='ocrx_word' id='word_1_620' title='bbox 2786 3573 3133 3635; x_wconf 76' lang='lat' dir='ltr'><strong>adorandum,</strong></span> <span class='ocrx_word' id='word_1_621' title='bbox 3166 3572 3220 3626; x_wconf 89' lang='lat' dir='ltr'><strong>id</strong></span> <span class='ocrx_word' id='word_1_622' title='bbox 3276 3573 3450 3642; x_wconf 78' lang='lat' dir='ltr'><strong>utique</strong></span> 
     </span>
    </p>
   </div>
   <div class='ocr_carea' id='block_1_83' title="bbox 1879 3663 3449 3747">
    <p class='ocr_par' dir='ltr' id='par_1_83' title="bbox 1879 3663 3449 3747">
     <span class='ocr_line' id='line_1_83' title="bbox 1879 3663 3449 3747; baseline -0.008 -17"><span class='ocrx_word' id='word_1_623' title='bbox 1879 3675 2054 3747; x_wconf 78' lang='lat' dir='ltr'><strong>fecerit</strong></span> <span class='ocrx_word' id='word_1_624' title='bbox 2097 3688 2255 3744; x_wconf 86' lang='lat' dir='ltr'><strong>super</strong></span> <span class='ocrx_word' id='word_1_625' title='bbox 2283 3686 2534 3726; x_wconf 82' lang='lat' dir='ltr'><strong>cacumen</strong></span> <span class='ocrx_word' id='word_1_626' title='bbox 2577 3669 2732 3737; x_wconf 63' lang='lat' dir='ltr'><strong>virgis</strong></span> <span class='ocrx_word' id='word_1_627' title='bbox 2755 3682 2883 3729; x_wconf 65' lang='lat' dir='ltr'><strong>suae,</strong></span> <span class='ocrx_word' id='word_1_628' title='bbox 2922 3681 3087 3735; x_wconf 80' lang='lat' dir='ltr'><strong>quam</strong></span> <span class='ocrx_word' id='word_1_629' title='bbox 3140 3665 3214 3719; x_wconf 80' lang='lat' dir='ltr'><strong>sic</strong></span> <span class='ocrx_word' id='word_1_630' title='bbox 3252 3663 3449 3734; x_wconf 73' lang='lat' dir='ltr'><strong>ferebat</strong></span> 
     </span>
    </p>
   </div>
   <div class='ocr_carea' id='block_1_84' title="bbox 1879 3756 3451 3839">
    <p class='ocr_par' dir='ltr' id='par_1_84' title="bbox 1879 3756 3451 3839">
     <span class='ocr_line' id='line_1_84' title="bbox 1879 3756 3451 3839; baseline -0.01 -14"><span class='ocrx_word' id='word_1_631' title='bbox 1879 3779 1935 3825; x_wconf 92' lang='lat' dir='ltr'><strong>ut</strong></span> <span class='ocrx_word' id='word_1_632' title='bbox 1952 3785 2109 3839; x_wconf 84' lang='lat' dir='ltr'><strong>super</strong></span> <span class='ocrx_word' id='word_1_633' title='bbox 2130 3783 2245 3822; x_wconf 88' lang='lat' dir='ltr'><strong>eam</strong></span> <span class='ocrx_word' id='word_1_634' title='bbox 2273 3773 2428 3836; x_wconf 85' lang='lat' dir='ltr'><strong>caput</strong></span> <span class='ocrx_word' id='word_1_635' title='bbox 2466 3760 2769 3818; x_wconf 76' lang='lat' dir='ltr'><strong>inclinanda</strong></span> <span class='ocrx_word' id='word_1_636' title='bbox 2811 3758 3053 3815; x_wconf 83' lang='lat' dir='ltr'><strong>adoraret</strong></span> <span class='ocrx_word' id='word_1_637' title='bbox 3094 3756 3284 3817; x_wconf 76' lang='lat' dir='ltr'><strong>Deum.</strong></span> <span class='ocrx_word' id='word_1_638' title='bbox 3311 3756 3451 3822; x_wconf 76' lang='lat' dir='ltr'><strong>Quid</strong></span> 
     </span>
    </p>
   </div>
   <div class='ocr_carea' id='block_1_85' title="bbox 1878 3846 3450 3929">
    <p class='ocr_par' dir='ltr' id='par_1_85' title="bbox 1878 3846 3450 3929">
     <span class='ocr_line' id='line_1_85' title="bbox 1878 3846 3450 3929; baseline -0.01 -14"><span class='ocrx_word' id='word_1_639' title='bbox 1878 3870 1951 3915; x_wconf 83' lang='lat' dir='ltr'><strong>est</strong></span> <span class='ocrx_word' id='word_1_640' title='bbox 1978 3876 2121 3929; x_wconf 82' lang='lat' dir='ltr'><strong>ergo.</strong></span> <span class='ocrx_word' id='word_1_641' title='bbox 2144 3856 2402 3912; x_wconf 87' lang='lat' dir='ltr'><strong>Adoravit</strong></span> <span class='ocrx_word' id='word_1_642' title='bbox 2434 3868 2598 3923; x_wconf 84' lang='lat' dir='ltr'><strong>super</strong></span> <span class='ocrx_word' id='word_1_643' title='bbox 2624 3865 2880 3909; x_wconf 85' lang='lat' dir='ltr'><strong>cacumen</strong></span> <span class='ocrx_word' id='word_1_644' title='bbox 2910 3848 3076 3918; x_wconf 76' lang='lat' dir='ltr'><strong>virga:</strong></span> <span class='ocrx_word' id='word_1_645' title='bbox 3099 3846 3236 3915; x_wconf 84' lang='lat' dir='ltr'><strong>ejus,</strong></span> <span class='ocrx_word' id='word_1_646' title='bbox 3271 3848 3327 3901; x_wconf 85' lang='lat' dir='ltr'><strong>id</strong></span> <span class='ocrx_word' id='word_1_647' title='bbox 3353 3857 3450 3911; x_wconf 81' lang='lat' dir='ltr'><strong>est,</strong></span> 
     </span>
    </p>
   </div>
   <div class='ocr_carea' id='block_1_86' title="bbox 1879 3941 3449 4020">
    <p class='ocr_par' dir='ltr' id='par_1_86' title="bbox 1879 3941 3449 4020">
     <span class='ocr_line' id='line_1_86' title="bbox 1879 3941 3449 4020; baseline -0.004 -17"><span class='ocrx_word' id='word_1_648' title='bbox 1879 3950 1977 4020; x_wconf 70' lang='lat' dir='ltr'><strong>filii</strong></span> <span class='ocrx_word' id='word_1_649' title='bbox 1996 3951 2079 4005; x_wconf 84' lang='lat' dir='ltr'><strong>sui</strong></span> <span class='ocrx_word' id='word_1_650' title='bbox 2106 3948 2349 4019; x_wconf 72' lang='lat' dir='ltr'><strong>Ioseph?</strong></span> <span class='ocrx_word' id='word_1_651' title='bbox 2377 3947 2458 4000; x_wconf 80' lang='lat' dir='ltr'><strong>An</strong></span> <span class='ocrx_word' id='word_1_652' title='bbox 2482 3946 2616 4015; x_wconf 70' lang='lat' dir='ltr'><strong>forte</strong></span> <span class='ocrx_word' id='word_1_653' title='bbox 2638 3942 2829 3997; x_wconf 78' lang='lat' dir='ltr'><strong>tulerat</strong></span> <span class='ocrx_word' id='word_1_654' title='bbox 2851 3941 2915 3995; x_wconf 86' lang='lat' dir='ltr'><strong>ab</strong></span> <span class='ocrx_word' id='word_1_655' title='bbox 2941 3957 3002 3996; x_wconf 86' lang='lat' dir='ltr'><strong>eo</strong></span> <span class='ocrx_word' id='word_1_656' title='bbox 3026 3941 3221 4010; x_wconf 78' lang='lat' dir='ltr'><strong>virgam</strong></span> <span class='ocrx_word' id='word_1_657' title='bbox 3238 3942 3449 4011; x_wconf 77' lang='lat' dir='ltr'><strong>quando</strong></span> 
     </span>
    </p>
   </div>
   <div class='ocr_carea' id='block_1_87' title="bbox 1879 4034 3454 4114">
    <p class='ocr_par' dir='ltr' id='par_1_87' title="bbox 1879 4034 3454 4114">
     <span class='ocr_line' id='line_1_87' title="bbox 1879 4034 3454 4114; baseline -0.004 -16"><span class='ocrx_word' id='word_1_658' title='bbox 1879 4046 1927 4099; x_wconf 86' lang='lat' dir='ltr'><strong>ei</strong></span> <span class='ocrx_word' id='word_1_659' title='bbox 1950 4042 2168 4114; x_wconf 83' lang='lat' dir='ltr'><strong>jurabat</strong></span> <span class='ocrx_word' id='word_1_660' title='bbox 2205 4041 2345 4095; x_wconf 83' lang='lat' dir='ltr'><strong>idem</strong></span> <span class='ocrx_word' id='word_1_661' title='bbox 2395 4039 2555 4109; x_wconf 78' lang='lat' dir='ltr'><strong>ﬁlius,</strong></span> <span class='ocrx_word' id='word_1_662' title='bbox 2580 4047 2629 4092; x_wconf 87' lang='lat' dir='ltr'><strong>et</strong></span> <span class='ocrx_word' id='word_1_663' title='bbox 2655 4037 2781 4093; x_wconf 77' lang='lat' dir='ltr'><strong>dum</strong></span> <span class='ocrx_word' id='word_1_664' title='bbox 2828 4052 2945 4093; x_wconf 81' lang='lat' dir='ltr'><strong>eam</strong></span> <span class='ocrx_word' id='word_1_665' title='bbox 2982 4044 3119 4089; x_wconf 84' lang='lat' dir='ltr'><strong>tenet</strong></span> <span class='ocrx_word' id='word_1_666' title='bbox 3161 4044 3274 4105; x_wconf 75' lang='lat' dir='ltr'><strong>post</strong></span> <span class='ocrx_word' id='word_1_667' title='bbox 3303 4034 3454 4093; x_wconf 71' lang='lat' dir='ltr'><strong>verba</strong></span> 
     </span>
    </p>
   </div>
   <div class='ocr_carea' id='block_1_88' title="bbox 1873 4125 3454 4205">
    <p class='ocr_par' dir='ltr' id='par_1_88' title="bbox 1873 4125 3454 4205">
     <span class='ocr_line' id='line_1_88' title="bbox 1873 4125 3454 4205; baseline -0.004 -17"><span class='ocrx_word' id='word_1_668' title='bbox 1873 4134 2130 4205; x_wconf 82' lang='lat' dir='ltr'><strong>jurantis,</strong></span> <span class='ocrx_word' id='word_1_669' title='bbox 2169 4129 2515 4186; x_wconf 76' lang='lat' dir='ltr'><strong>noudumilla</strong></span> <span class='ocrx_word' id='word_1_670' title='bbox 2541 4128 2763 4190; x_wconf 75' lang='lat' dir='ltr'><strong>reddita,</strong></span> <span class='ocrx_word' id='word_1_671' title='bbox 2816 4142 2938 4181; x_wconf 67' lang='lat' dir='ltr'><strong>mox</strong></span> <span class='ocrx_word' id='word_1_672' title='bbox 2978 4125 3220 4180; x_wconf 70' lang='lat' dir='ltr'><strong>adorauit</strong></span> <span class='ocrx_word' id='word_1_673' title='bbox 3243 4125 3454 4181; x_wconf 72' lang='lat' dir='ltr'><strong>Desert?</strong></span> 
     </span>
    </p>
   </div>
   <div class='ocr_carea' id='block_1_89' title="bbox 1884 4217 3456 4294">
    <p class='ocr_par' dir='ltr' id='par_1_89' title="bbox 1884 4217 3456 4294">
     <span class='ocr_line' id='line_1_89' title="bbox 1884 4217 3456 4294; baseline -0.006 -15"><span class='ocrx_word' id='word_1_674' title='bbox 1884 4224 2008 4279; x_wconf 82' lang='lat' dir='ltr'><strong>Non</strong></span> <span class='ocrx_word' id='word_1_675' title='bbox 2040 4225 2177 4279; x_wconf 82' lang='lat' dir='ltr'><strong>enim</strong></span> <span class='ocrx_word' id='word_1_676' title='bbox 2201 4221 2423 4294; x_wconf 81' lang='lat' dir='ltr'><strong>pudebat</strong></span> <span class='ocrx_word' id='word_1_677' title='bbox 2448 4235 2566 4274; x_wconf 86' lang='lat' dir='ltr'><strong>eum</strong></span> <span class='ocrx_word' id='word_1_678' title='bbox 2610 4220 2746 4289; x_wconf 80' lang='lat' dir='ltr'><strong>ferre</strong></span> <span class='ocrx_word' id='word_1_679' title='bbox 2787 4217 3041 4287; x_wconf 80' lang='lat' dir='ltr'><strong>tantisper</strong></span> <span class='ocrx_word' id='word_1_680' title='bbox 3076 4217 3279 4287; x_wconf 81' lang='lat' dir='ltr'><strong>insigne</strong></span> <span class='ocrx_word' id='word_1_681' title='bbox 3314 4226 3456 4287; x_wconf 84' lang='lat' dir='ltr'><strong>pote-</strong></span> 
     </span>
    </p>
   </div>
   <div class='ocr_carea' id='block_1_90' title="bbox 1882 4306 3509 4383">
    <p class='ocr_par' dir='ltr' id='par_1_90' title="bbox 1882 4306 3509 4383">
     <span class='ocr_line' id='line_1_90' title="bbox 1882 4306 3509 4383; baseline -0.009 -11"><span class='ocrx_word' id='word_1_682' title='bbox 1882 4315 2033 4373; x_wconf 82' lang='lat' dir='ltr'><strong>statis</strong></span> <span class='ocrx_word' id='word_1_683' title='bbox 2061 4312 2160 4383; x_wconf 75' lang='lat' dir='ltr'><strong>filii</strong></span> <span class='ocrx_word' id='word_1_684' title='bbox 2187 4313 2291 4376; x_wconf 79' lang='lat' dir='ltr'><strong>sui,</strong></span> <span class='ocrx_word' id='word_1_685' title='bbox 2314 4310 2607 4381; x_wconf 73' lang='lat' dir='ltr'><strong>ubi-ﬁgura:</strong></span> <span class='ocrx_word' id='word_1_686' title='bbox 2624 4323 2828 4378; x_wconf 71' lang='lat' dir='ltr'><strong>&quot;togata</strong></span> <span class='ocrx_word' id='word_1_687' title='bbox 2852 4307 2926 4361; x_wconf 85' lang='lat' dir='ltr'><strong>rei</strong></span> <span class='ocrx_word' id='word_1_688' title='bbox 2948 4306 3141 4377; x_wconf 68' lang='lat' dir='ltr'><strong>factum</strong></span> <span class='ocrx_word' id='word_1_689' title='bbox 3168 4307 3459 4376; x_wconf 69' lang='lat' dir='ltr'><strong>prasigna-</strong></span> <span class='ocrx_word' id='word_1_690' title='bbox 3502 4352 3509 4381; x_wconf 32' lang='grc' dir='ltr'>ί</span> 
     </span>
    </p>
   </div>
   <div class='ocr_carea' id='block_1_91' title="bbox 192 4395 3457 4498">
    <p class='ocr_par' dir='ltr' id='par_1_91' title="bbox 192 4395 3457 4498">
     <span class='ocr_line' id='line_1_91' title="bbox 192 4395 3457 4498; baseline -0.003 -38"><span class='ocrx_word' id='word_1_691' title='bbox 192 4405 545 4460; x_wconf 87' lang='lat' dir='ltr'><strong>errabamus.</strong></span> <span class='ocrx_word' id='word_1_692' title='bbox 586 4401 682 4457; x_wconf 88' lang='lat' dir='ltr'><strong>Est</strong></span> <span class='ocrx_word' id='word_1_693' title='bbox 710 4403 871 4458; x_wconf 88' lang='lat' dir='ltr'><strong>etiam</strong></span> <span class='ocrx_word' id='word_1_694' title='bbox 903 4413 957 4458; x_wconf 89' lang='lat' dir='ltr'><strong>ct</strong></span> <span class='ocrx_word' id='word_1_695' title='bbox 984 4403 1149 4458; x_wconf 89' lang='lat' dir='ltr'><strong>vestis</strong></span> <span class='ocrx_word' id='word_1_696' title='bbox 1169 4400 1285 4470; x_wconf 87' lang='lat' dir='ltr'><strong>ejus</strong></span> <span class='ocrx_word' id='word_1_697' title='bbox 1308 4410 1493 4458; x_wconf 88' lang='lat' dir='ltr'><strong>sancta</strong></span> <span class='ocrx_word' id='word_1_698' title='bbox 1518 4402 1778 4468; x_wconf 86' lang='lat' dir='ltr'><strong>Ecclesia,</strong></span> <span class='ocrx_word' id='word_1_699' title='bbox 1811 4437 1860 4498; x_wconf 66' lang='grc' dir='ltr'><strong>θ</strong></span> <span class='ocrx_word' id='word_1_700' title='bbox 1885 4407 2093 4462; x_wconf 79' lang='lat' dir='ltr'><strong>bantur.</strong></span> <span class='ocrx_word' id='word_1_701' title='bbox 2155 4404 2348 4459; x_wconf 85' lang='lat' dir='ltr'><strong>Dicant</strong></span> <span class='ocrx_word' id='word_1_702' title='bbox 2396 4416 2549 4471; x_wconf 78' lang='lat' dir='ltr'><strong>ergo,</strong></span> <span class='ocrx_word' id='word_1_703' title='bbox 2588 4400 2770 4455; x_wconf 87' lang='lat' dir='ltr'><strong>dicant</strong></span> <span class='ocrx_word' id='word_1_704' title='bbox 2802 4398 2931 4469; x_wconf 85' lang='lat' dir='ltr'><strong>quid</strong></span> <span class='ocrx_word' id='word_1_705' title='bbox 2973 4404 3161 4454; x_wconf 84' lang='lat' dir='ltr'><strong>contra</strong></span> <span class='ocrx_word' id='word_1_706' title='bbox 3214 4396 3331 4450; x_wconf 74' lang='lat' dir='ltr'><strong>lucc</strong></span> <span class='ocrx_word' id='word_1_707' title='bbox 3374 4395 3457 4451; x_wconf 80' lang='lat' dir='ltr'><strong>di-</strong></span> 
     </span>
    </p>
   </div>
   <div class='ocr_carea' id='block_1_92' title="bbox 193 4493 1778 4566">
    <p class='ocr_par' dir='ltr' id='par_1_92' title="bbox 193 4493 1778 4566">
     <span class='ocr_line' id='line_1_92' title="bbox 193 4493 1778 4566; baseline -0.003 -15"><span class='ocrx_word' id='word_1_708' title='bbox 193 4512 326 4566; x_wconf 80' lang='lat' dir='ltr'><strong>qua:</strong></span> <span class='ocrx_word' id='word_1_709' title='bbox 364 4503 451 4550; x_wconf 89' lang='lat' dir='ltr'><strong>est</strong></span> <span class='ocrx_word' id='word_1_710' title='bbox 493 4493 950 4565; x_wconf 88' lang='lat' dir='ltr'><strong>corpus-Christi,</strong></span> <span class='ocrx_word' id='word_1_711' title='bbox 997 4493 1165 4549; x_wconf 88' lang='lat' dir='ltr'><strong>Paulo</strong></span> <span class='ocrx_word' id='word_1_712' title='bbox 1212 4501 1527 4558; x_wconf 88' lang='lat' dir='ltr'><strong>attestante,</strong></span> <span class='ocrx_word' id='word_1_713' title='bbox 1553 4494 1643 4563; x_wconf 91' lang='lat' dir='ltr'><strong>qui</strong></span> <span class='ocrx_word' id='word_1_714' title='bbox 1669 4494 1778 4549; x_wconf 89' lang='lat' dir='ltr'><strong>ait:</strong></span> 
     </span>
    </p>
   </div>
   <div class='ocr_carea' id='block_1_93' title="bbox 194 4581 1784 4655">
    <p class='ocr_par' dir='ltr' id='par_1_93' title="bbox 194 4581 1784 4655">
     <span class='ocr_line' id='line_1_93' title="bbox 194 4581 1784 4655; baseline -0.004 -13"><span class='ocrx_word' id='word_1_715' title='bbox 194 4586 432 4642; x_wconf 76' lang='lat' dir='ltr'><strong>Gaudeo</strong></span> <span class='ocrx_word' id='word_1_716' title='bbox 457 4586 513 4639; x_wconf 88' lang='lat' dir='ltr'><strong>in</strong></span> <span class='ocrx_word' id='word_1_717' title='bbox 536 4583 864 4655; x_wconf 83' lang='lat' dir='ltr'><strong>passionibus</strong></span> <span class='ocrx_word' id='word_1_718' title='bbox 894 4586 1042 4648; x_wconf 86' lang='lat' dir='ltr'><strong>meis,</strong></span> <span class='ocrx_word' id='word_1_719' title='bbox 1073 4584 1197 4655; x_wconf 87' lang='lat' dir='ltr'><strong>quia</strong></span> <span class='ocrx_word' id='word_1_720' title='bbox 1227 4581 1405 4654; x_wconf 72' lang='lat' dir='ltr'><strong>expleo</strong></span> <span class='ocrx_word' id='word_1_721' title='bbox 1454 4599 1514 4636; x_wconf 85' lang='lat' dir='ltr'><strong>ea</strong></span> <span class='ocrx_word' id='word_1_722' title='bbox 1552 4599 1668 4652; x_wconf 80' lang='lat' dir='ltr'><strong>qua:</strong></span> <span class='ocrx_word' id='word_1_723' title='bbox 1694 4582 1784 4635; x_wconf 73' lang='lat' dir='ltr'><strong>dc-</strong></span> 
     </span>
    </p>
   </div>
   <div class='ocr_carea' id='block_1_94' title="bbox 189 4671 1785 4743">
    <p class='ocr_par' dir='ltr' id='par_1_94' title="bbox 189 4671 1785 4743">
     <span class='ocr_line' id='line_1_94' title="bbox 189 4671 1785 4743; baseline -0.003 -15"><span class='ocrx_word' id='word_1_724' title='bbox 189 4684 325 4728; x_wconf 81' lang='lat' dir='ltr'><strong>sunt</strong></span> <span class='ocrx_word' id='word_1_725' title='bbox 362 4673 667 4743; x_wconf 84' lang='lat' dir='ltr'><strong>passionum</strong></span> <span class='ocrx_word' id='word_1_726' title='bbox 707 4671 903 4728; x_wconf 85' lang='lat' dir='ltr'><strong>Christi</strong></span> <span class='ocrx_word' id='word_1_727' title='bbox 930 4673 985 4726; x_wconf 89' lang='lat' dir='ltr'><strong>in</strong></span> <span class='ocrx_word' id='word_1_728' title='bbox 1009 4689 1164 4727; x_wconf 86' lang='lat' dir='ltr'><strong>carne</strong></span> <span class='ocrx_word' id='word_1_729' title='bbox 1214 4688 1328 4726; x_wconf 86' lang='lat' dir='ltr'><strong>mea</strong></span> <span class='ocrx_word' id='word_1_730' title='bbox 1359 4681 1569 4743; x_wconf 80' lang='lat' dir='ltr'><strong>prapter</strong></span> <span class='ocrx_word' id='word_1_731' title='bbox 1599 4687 1785 4741; x_wconf 85' lang='lat' dir='ltr'><strong>corpus</strong></span> 
     </span>
    </p>
   </div>
   <div class='ocr_carea' id='block_1_95' title="bbox 188 4761 1789 4836">
    <p class='ocr_par' dir='ltr' id='par_1_95' title="bbox 188 4761 1789 4836">
     <span class='ocr_line' id='line_1_95' title="bbox 188 4761 1789 4836; baseline -0.002 -17"><span class='ocrx_word' id='word_1_732' title='bbox 188 4766 340 4835; x_wconf 69' lang='lat' dir='ltr'><strong>ejus,</strong></span> <span class='ocrx_word' id='word_1_733' title='bbox 374 4764 516 4836; x_wconf 79' lang='lat' dir='ltr'><strong>quod</strong></span> <span class='ocrx_word' id='word_1_734' title='bbox 540 4773 614 4817; x_wconf 90' lang='lat' dir='ltr'><strong>est</strong></span> <span class='ocrx_word' id='word_1_735' title='bbox 666 4762 901 4817; x_wconf 85' lang='lat' dir='ltr'><strong>Ecclesia</strong></span> <span class='ocrx_word' id='word_1_736' title='bbox 964 4761 1184 4834; x_wconf 83' lang='lat' dir='ltr'><strong>(Coloss.</strong></span> <span class='ocrx_word' id='word_1_737' title='bbox 1215 4764 1296 4833; x_wconf 75' lang='lat'><strong>1);</strong></span> <span class='ocrx_word' id='word_1_738' title='bbox 1337 4777 1458 4832; x_wconf 64' lang='lat' dir='ltr'><strong>quas</strong></span> <span class='ocrx_word' id='word_1_739' title='bbox 1504 4761 1670 4817; x_wconf 88' lang='lat' dir='ltr'><strong>vestis</strong></span> <span class='ocrx_word' id='word_1_740' title='bbox 1700 4777 1789 4831; x_wconf 89' lang='lat' dir='ltr'><strong>po-</strong></span> 
     </span>
    </p>
   </div>
   <div class='ocr_carea' id='block_1_96' title="bbox 189 4853 1788 4928">
    <p class='ocr_par' dir='ltr' id='par_1_96' title="bbox 189 4853 1788 4928">
     <span class='ocr_line' id='line_1_96' title="bbox 189 4853 1788 4928; baseline -0.004 -16"><span class='ocrx_word' id='word_1_741' title='bbox 189 4854 399 4928; x_wconf 67' lang='lat' dir='ltr'><strong>ly’mita</strong></span> <span class='ocrx_word' id='word_1_742' title='bbox 433 4857 546 4911; x_wconf 86' lang='lat' dir='ltr'><strong>sive</strong></span> <span class='ocrx_word' id='word_1_743' title='bbox 592 4856 738 4911; x_wconf 87' lang='lat' dir='ltr'><strong>varia</strong></span> <span class='ocrx_word' id='word_1_744' title='bbox 766 4864 869 4918; x_wconf 85' lang='lat' dir='ltr'><strong>est,</strong></span> <span class='ocrx_word' id='word_1_745' title='bbox 909 4855 1036 4924; x_wconf 87' lang='lat' dir='ltr'><strong>quia</strong></span> <span class='ocrx_word' id='word_1_746' title='bbox 1078 4854 1328 4910; x_wconf 86' lang='lat' dir='ltr'><strong>videlicet</strong></span> <span class='ocrx_word' id='word_1_747' title='bbox 1383 4862 1569 4909; x_wconf 88' lang='lat' dir='ltr'><strong>sancta</strong></span> <span class='ocrx_word' id='word_1_748' title='bbox 1600 4853 1788 4909; x_wconf 83' lang='lat' dir='ltr'><strong>Eccle—</strong></span> 
     </span>
    </p>
   </div>
   <div class='ocr_carea' id='block_1_97' title="bbox 188 4945 1789 5016">
    <p class='ocr_par' dir='ltr' id='par_1_97' title="bbox 188 4945 1789 5016">
     <span class='ocr_line' id='line_1_97' title="bbox 188 4945 1789 5016; baseline -0.002 -15"><span class='ocrx_word' id='word_1_749' title='bbox 188 4948 281 5001; x_wconf 84' lang='lat' dir='ltr'><strong>sia</strong></span> <span class='ocrx_word' id='word_1_750' title='bbox 308 4946 384 5001; x_wconf 88' lang='lat' dir='ltr'><strong>de</strong></span> <span class='ocrx_word' id='word_1_751' title='bbox 416 4946 749 5003; x_wconf 87' lang='lat' dir='ltr'><strong>diversarum</strong></span> <span class='ocrx_word' id='word_1_752' title='bbox 785 4946 1024 5016; x_wconf 83' lang='lat' dir='ltr'><strong>gentium</strong></span> <span class='ocrx_word' id='word_1_753' title='bbox 1049 4945 1163 5001; x_wconf 86' lang='lat' dir='ltr'><strong>sive</strong></span> <span class='ocrx_word' id='word_1_754' title='bbox 1193 4946 1492 5016; x_wconf 78' lang='lat' dir='ltr'><strong>linguarum</strong></span> <span class='ocrx_word' id='word_1_755' title='bbox 1533 4945 1789 4999; x_wconf 81' lang='lat' dir='ltr'><strong>varietate</strong></span> 
     </span>
    </p>
   </div>
   <div class='ocr_carea' id='block_1_98' title="bbox 185 5032 1791 5107">
    <p class='ocr_par' dir='ltr' id='par_1_98' title="bbox 185 5032 1791 5107">
     <span class='ocr_line' id='line_1_98' title="bbox 185 5032 1791 5107; baseline -0.006 -14"><span class='ocrx_word' id='word_1_756' title='bbox 185 5036 500 5107; x_wconf 81' lang='lat' dir='ltr'><strong>colligitur,</strong></span> <span class='ocrx_word' id='word_1_757' title='bbox 552 5035 969 5106; x_wconf 84' lang='lat' dir='ltr'><strong>Psalmographo</strong></span> <span class='ocrx_word' id='word_1_758' title='bbox 1028 5034 1275 5100; x_wconf 89' lang='lat' dir='ltr'><strong>docente,</strong></span> <span class='ocrx_word' id='word_1_759' title='bbox 1318 5034 1412 5105; x_wconf 87' lang='lat' dir='ltr'><strong>qui</strong></span> <span class='ocrx_word' id='word_1_760' title='bbox 1469 5034 1577 5089; x_wconf 89' lang='lat' dir='ltr'><strong>ait:</strong></span> <span class='ocrx_word' id='word_1_761' title='bbox 1616 5032 1791 5085; x_wconf 76' lang='lat' dir='ltr'><strong>Astitit</strong></span> 
     </span>
    </p>
   </div>
   <div class='ocr_carea' id='block_1_99' title="bbox 189 5116 1795 5197">
    <p class='ocr_par' dir='ltr' id='par_1_99' title="bbox 189 5116 1795 5197">
     <span class='ocr_line' id='line_1_99' title="bbox 189 5116 1795 5197; baseline -0.004 -16"><span class='ocrx_word' id='word_1_762' title='bbox 189 5128 395 5197; x_wconf 80' lang='lat' dir='ltr'><strong>regina</strong></span> <span class='ocrx_word' id='word_1_763' title='bbox 430 5143 462 5179; x_wconf 89' lang='lat' dir='ltr'><strong>a</strong></span> <span class='ocrx_word' id='word_1_764' title='bbox 488 5126 684 5180; x_wconf 70' lang='lat' dir='ltr'><strong>dextris</strong></span> <span class='ocrx_word' id='word_1_765' title='bbox 726 5116 829 5181; x_wconf 86' lang='lat' dir='ltr'><strong>tuis</strong></span> <span class='ocrx_word' id='word_1_766' title='bbox 864 5126 919 5180; x_wconf 87' lang='lat' dir='ltr'><strong>in</strong></span> <span class='ocrx_word' id='word_1_767' title='bbox 946 5126 1128 5180; x_wconf 74' lang='lat' dir='ltr'><strong>uestitu</strong></span> <span class='ocrx_word' id='word_1_768' title='bbox 1174 5131 1425 5180; x_wconf 86' lang='lat' dir='ltr'><strong>deaurato</strong></span> <span class='ocrx_word' id='word_1_769' title='bbox 1459 5121 1795 5177; x_wconf 84' lang='lat' dir='ltr'><strong>circumami-</strong></span> 
     </span>
    </p>
   </div>
   <div class='ocr_carea' id='block_1_100' title="bbox 187 5212 1790 5286">
    <p class='ocr_par' dir='ltr' id='par_1_100' title="bbox 187 5212 1790 5286">
     <span class='ocr_line' id='line_1_100' title="bbox 187 5212 1790 5286; baseline -0.004 -16"><span class='ocrx_word' id='word_1_770' title='bbox 187 5227 289 5270; x_wconf 81' lang='lat' dir='ltr'><strong>cta</strong></span> <span class='ocrx_word' id='word_1_771' title='bbox 317 5216 571 5270; x_wconf 66' lang='lat' dir='ltr'><strong>varietate</strong></span> <span class='ocrx_word' id='word_1_772' title='bbox 617 5214 788 5286; x_wconf 86' lang='lat' dir='ltr'><strong>(Psal.</strong></span> <span class='ocrx_word' id='word_1_773' title='bbox 818 5212 963 5286; x_wconf 68' lang='lat' dir='ltr'><strong>xcv).</strong></span> <span class='ocrx_word' id='word_1_774' title='bbox 1019 5213 1167 5269; x_wconf 89' lang='lat' dir='ltr'><strong>Solet</strong></span> <span class='ocrx_word' id='word_1_775' title='bbox 1195 5214 1357 5269; x_wconf 88' lang='lat' dir='ltr'><strong>etiam</strong></span> <span class='ocrx_word' id='word_1_776' title='bbox 1383 5213 1571 5268; x_wconf 87' lang='lat' dir='ltr'><strong>eadem</strong></span> <span class='ocrx_word' id='word_1_777' title='bbox 1604 5212 1790 5274; x_wconf 80' lang='lat' dir='ltr'><strong>vestis,</strong></span> 
     </span>
    </p>
   </div>
   <div class='ocr_carea' id='block_1_101' title="bbox 188 5303 1789 5379">
    <p class='ocr_par' dir='ltr' id='par_1_101' title="bbox 188 5303 1789 5379">
     <span class='ocr_line' id='line_1_101' title="bbox 188 5303 1789 5379; baseline -0.005 -17"><span class='ocrx_word' id='word_1_778' title='bbox 188 5321 328 5379; x_wconf 75' lang='lat' dir='ltr'><strong>qua:</strong></span> <span class='ocrx_word' id='word_1_779' title='bbox 355 5306 547 5361; x_wconf 86' lang='lat' dir='ltr'><strong>talaris</strong></span> <span class='ocrx_word' id='word_1_780' title='bbox 579 5305 746 5361; x_wconf 78' lang='lat' dir='ltr'><strong>fuisse</strong></span> <span class='ocrx_word' id='word_1_781' title='bbox 772 5303 1115 5371; x_wconf 76' lang='lat' dir='ltr'><strong>describitur,</strong></span> <span class='ocrx_word' id='word_1_782' title='bbox 1173 5314 1484 5362; x_wconf 88' lang='lat' dir='ltr'><strong>sanctorum</strong></span> <span class='ocrx_word' id='word_1_783' title='bbox 1529 5306 1789 5373; x_wconf 80' lang='lat' dir='ltr'><strong>virorum,</strong></span> 
     </span>
    </p>
   </div>
   <div class='ocr_carea' id='block_1_102' title="bbox 190 5394 1793 5471">
    <p class='ocr_par' dir='ltr' id='par_1_102' title="bbox 190 5394 1793 5471">
     <span class='ocr_line' id='line_1_102' title="bbox 190 5394 1793 5471; baseline -0.006 -13"><span class='ocrx_word' id='word_1_784' title='bbox 190 5403 296 5471; x_wconf 83' lang='lat' dir='ltr'><strong>qui</strong></span> <span class='ocrx_word' id='word_1_785' title='bbox 326 5401 521 5471; x_wconf 87' lang='lat' dir='ltr'><strong>utique</strong></span> <span class='ocrx_word' id='word_1_786' title='bbox 552 5401 793 5456; x_wconf 87' lang='lat' dir='ltr'><strong>membra</strong></span> <span class='ocrx_word' id='word_1_787' title='bbox 816 5399 1014 5455; x_wconf 88' lang='lat' dir='ltr'><strong>Christi</strong></span> <span class='ocrx_word' id='word_1_788' title='bbox 1042 5405 1184 5464; x_wconf 91' lang='lat' dir='ltr'><strong>sunt,</strong></span> <span class='ocrx_word' id='word_1_789' title='bbox 1236 5395 1626 5469; x_wconf 82' lang='lat' dir='ltr'><strong>perfectionem</strong></span> <span class='ocrx_word' id='word_1_790' title='bbox 1647 5394 1793 5449; x_wconf 87' lang='lat' dir='ltr'><strong>desi-</strong></span> 
     </span>
    </p>
   </div>
   <div class='ocr_carea' id='block_1_103' title="bbox 187 5487 1796 5565">
    <p class='ocr_par' dir='ltr' id='par_1_103' title="bbox 187 5487 1796 5565">
     <span class='ocr_line' id='line_1_103' title="bbox 187 5487 1796 5565; baseline -0.005 -16"><span class='ocrx_word' id='word_1_791' title='bbox 187 5511 403 5565; x_wconf 75' lang='lat' dir='ltr'><strong>gnare,</strong></span> <span class='ocrx_word' id='word_1_792' title='bbox 441 5494 532 5564; x_wconf 92' lang='lat' dir='ltr'><strong>qui</strong></span> <span class='ocrx_word' id='word_1_793' title='bbox 560 5504 871 5564; x_wconf 84' lang='lat' dir='ltr'><strong>perceptum</strong></span> <span class='ocrx_word' id='word_1_794' title='bbox 918 5492 1047 5549; x_wconf 86' lang='lat' dir='ltr'><strong>boni</strong></span> <span class='ocrx_word' id='word_1_795' title='bbox 1103 5491 1283 5560; x_wconf 86' lang='lat' dir='ltr'><strong>operis</strong></span> <span class='ocrx_word' id='word_1_796' title='bbox 1316 5488 1687 5545; x_wconf 86' lang='lat' dir='ltr'><strong>indumentum</strong></span> <span class='ocrx_word' id='word_1_797' title='bbox 1727 5487 1796 5542; x_wconf 89' lang='lat' dir='ltr'><strong>ad</strong></span> 
     </span>
    </p>
   </div>
   <div class='ocr_carea' id='block_1_104' title="bbox 193 5585 1438 5656">
    <p class='ocr_par' dir='ltr' id='par_1_104' title="bbox 193 5585 1438 5656">
     <span class='ocr_line' id='line_1_104' title="bbox 193 5585 1438 5656; baseline -0.007 -12"><span class='ocrx_word' id='word_1_798' title='bbox 193 5590 372 5655; x_wconf 64' lang='lat' dir='ltr'><strong>ullos,</strong></span> <span class='ocrx_word' id='word_1_799' title='bbox 406 5589 456 5642; x_wconf 88' lang='lat' dir='ltr'><strong>id</strong></span> <span class='ocrx_word' id='word_1_800' title='bbox 488 5596 573 5643; x_wconf 87' lang='lat' dir='ltr'><strong>est</strong></span> <span class='ocrx_word' id='word_1_801' title='bbox 610 5589 683 5644; x_wconf 85' lang='lat' dir='ltr'><strong>ad</strong></span> <span class='ocrx_word' id='word_1_802' title='bbox 721 5588 880 5643; x_wconf 85' lang='lat' dir='ltr'><strong>linem</strong></span> <span class='ocrx_word' id='word_1_803' title='bbox 913 5599 1082 5656; x_wconf 77' lang='lat' dir='ltr'><strong>usque</strong></span> <span class='ocrx_word' id='word_1_804' title='bbox 1121 5585 1438 5652; x_wconf 84' lang='lat' dir='ltr'><strong>perducunt.</strong></span> 
     </span>
    </p>
   </div>
   <div class='ocr_carea' id='block_1_105' title="bbox 664 5809 1265 5875">
    <p class='ocr_par' dir='ltr' id='par_1_105' title="bbox 664 5809 1265 5875">
     <span class='ocr_line' id='line_1_105' title="bbox 664 5809 1265 5875; baseline -0.007 0"><span class='ocrx_word' id='word_1_805' title='bbox 664 5815 936 5875; x_wconf 65' lang='grc' dir='ltr'><strong>Ρλτιιοι.</strong></span> <span class='ocrx_word' id='word_1_806' title='bbox 983 5809 1265 5871; x_wconf 63' lang='grc' dir='ltr'><strong>Χεγξιι.</strong></span> 
     </span>
    </p>
   </div>
   <div class='ocr_carea' id='block_1_106' title="bbox 1883 4487 3457 4563">
    <p class='ocr_par' dir='ltr' id='par_1_106' title="bbox 1883 4487 3457 4563">
     <span class='ocr_line' id='line_1_106' title="bbox 1883 4487 3457 4563; baseline -0.006 -11"><span class='ocrx_word' id='word_1_807' title='bbox 1883 4498 2025 4554; x_wconf 82' lang='lat' dir='ltr'><strong>cturi</strong></span> <span class='ocrx_word' id='word_1_808' title='bbox 2079 4503 2224 4559; x_wconf 88' lang='lat' dir='ltr'><strong>sunt,</strong></span> <span class='ocrx_word' id='word_1_809' title='bbox 2287 4494 2381 4563; x_wconf 84' lang='lat' dir='ltr'><strong>qui</strong></span> <span class='ocrx_word' id='word_1_810' title='bbox 2434 4494 2504 4549; x_wconf 80' lang='lat' dir='ltr'><strong>ob</strong></span> <span class='ocrx_word' id='word_1_811' title='bbox 2566 4489 2868 4547; x_wconf 76' lang='lat' dir='ltr'><strong>adorandae</strong></span> <span class='ocrx_word' id='word_1_812' title='bbox 2929 4487 3188 4558; x_wconf 72' lang='lat' dir='ltr'><strong>imagines</strong></span> <span class='ocrx_word' id='word_1_813' title='bbox 3250 4496 3457 4542; x_wconf 86' lang='lat' dir='ltr'><strong>tantum</strong></span> 
     </span>
    </p>
   </div>
   <div class='ocr_carea' id='block_1_107' title="bbox 1883 4579 3460 4663">
    <p class='ocr_par' dir='ltr' id='par_1_107' title="bbox 1883 4579 3460 4663">
     <span class='ocr_line' id='line_1_107' title="bbox 1883 4579 3460 4663; baseline -0.009 -15"><span class='ocrx_word' id='word_1_814' title='bbox 1883 4591 2247 4663; x_wconf 83' lang='lat' dir='ltr'><strong>patriarcham</strong></span> <span class='ocrx_word' id='word_1_815' title='bbox 2268 4586 2549 4647; x_wconf 82' lang='lat' dir='ltr'><strong>criminari</strong></span> <span class='ocrx_word' id='word_1_816' title='bbox 2577 4600 2687 4641; x_wconf 83' lang='lat' dir='ltr'><strong>non</strong></span> <span class='ocrx_word' id='word_1_817' title='bbox 2734 4582 3053 4643; x_wconf 70' lang='lat' dir='ltr'><strong>formidant,</strong></span> <span class='ocrx_word' id='word_1_818' title='bbox 3078 4590 3134 4635; x_wconf 86' lang='lat' dir='ltr'><strong>et</strong></span> <span class='ocrx_word' id='word_1_819' title='bbox 3153 4579 3460 4650; x_wconf 85' lang='lat' dir='ltr'><strong>Scripturas</strong></span> 
     </span>
    </p>
   </div>
   <div class='ocr_carea' id='block_1_108' title="bbox 1885 4669 3461 4745">
    <p class='ocr_par' dir='ltr' id='par_1_108' title="bbox 1885 4669 3461 4745">
     <span class='ocr_line' id='line_1_108' title="bbox 1885 4669 3461 4745; baseline -0.011 -3"><span class='ocrx_word' id='word_1_820' title='bbox 1885 4693 2101 4741; x_wconf 80' lang='lat' dir='ltr'><strong>sanctas</strong></span> <span class='ocrx_word' id='word_1_821' title='bbox 2147 4695 2345 4737; x_wconf 80' lang='lat' dir='ltr'><strong>vesana</strong></span> <span class='ocrx_word' id='word_1_822' title='bbox 2399 4686 2579 4735; x_wconf 83' lang='lat' dir='ltr'><strong>mente</strong></span> <span class='ocrx_word' id='word_1_823' title='bbox 2637 4681 2948 4745; x_wconf 80' lang='lat' dir='ltr'><strong>permutare</strong></span> <span class='ocrx_word' id='word_1_824' title='bbox 2995 4669 3265 4725; x_wconf 79' lang='lat' dir='ltr'><strong>atl‘eetant.</strong></span> <span class='ocrx_word' id='word_1_825' title='bbox 3320 4669 3461 4725; x_wconf 83' lang='lat' dir='ltr'><strong>Ecce</strong></span> 
     </span>
    </p>
   </div>
   <div class='ocr_carea' id='block_1_109' title="bbox 1888 4760 3460 4834">
    <p class='ocr_par' dir='ltr' id='par_1_109' title="bbox 1888 4760 3460 4834">
     <span class='ocr_line' id='line_1_109' title="bbox 1888 4760 3460 4834; baseline -0.01 -5"><span class='ocrx_word' id='word_1_826' title='bbox 1888 4773 2150 4830; x_wconf 81' lang='lat' dir='ltr'><strong>llebraiea</strong></span> <span class='ocrx_word' id='word_1_827' title='bbox 2207 4770 2409 4827; x_wconf 84' lang='lat' dir='ltr'><strong>veritas</strong></span> <span class='ocrx_word' id='word_1_828' title='bbox 2448 4766 2696 4825; x_wconf 83' lang='lat' dir='ltr'><strong>eumdem</strong></span> <span class='ocrx_word' id='word_1_829' title='bbox 2742 4763 3107 4834; x_wconf 62' lang='lat' dir='ltr'><strong>patriarchas</strong></span> <span class='ocrx_word' id='word_1_830' title='bbox 3153 4760 3319 4816; x_wconf 76' lang='lat' dir='ltr'><strong>Deum</strong></span> <span class='ocrx_word' id='word_1_831' title='bbox 3365 4760 3460 4814; x_wconf 79' lang='lat' dir='ltr'><strong>ad-</strong></span> 
     </span>
    </p>
   </div>
   <div class='ocr_carea' id='block_1_110' title="bbox 1887 4852 3456 4931">
    <p class='ocr_par' dir='ltr' id='par_1_110' title="bbox 1887 4852 3456 4931">
     <span class='ocr_line' id='line_1_110' title="bbox 1887 4852 3456 4931; baseline -0.011 -10"><span class='ocrx_word' id='word_1_832' title='bbox 1887 4880 2074 4921; x_wconf 84' lang='lat' dir='ltr'><strong>orasse</strong></span> <span class='ocrx_word' id='word_1_833' title='bbox 2108 4863 2175 4918; x_wconf 87' lang='lat' dir='ltr'><strong>ad</strong></span> <span class='ocrx_word' id='word_1_834' title='bbox 2213 4867 2372 4931; x_wconf 78' lang='lat' dir='ltr'><strong>caput</strong></span> <span class='ocrx_word' id='word_1_835' title='bbox 2396 4858 2575 4915; x_wconf 87' lang='lat' dir='ltr'><strong>lectuli</strong></span> <span class='ocrx_word' id='word_1_836' title='bbox 2604 4856 2839 4912; x_wconf 85' lang='lat' dir='ltr'><strong>clamat:</strong></span> <span class='ocrx_word' id='word_1_837' title='bbox 2880 4868 3006 4908; x_wconf 84' lang='lat' dir='ltr'><strong>ecce</strong></span> <span class='ocrx_word' id='word_1_838' title='bbox 3036 4852 3348 4913; x_wconf 82' lang='lat' dir='ltr'><strong>Latinorum</strong></span> <span class='ocrx_word' id='word_1_839' title='bbox 3375 4853 3456 4906; x_wconf 71' lang='lat' dir='ltr'><strong>bi~</strong></span> 
     </span>
    </p>
   </div>
   <div class='ocr_carea' id='block_1_111' title="bbox 1888 4941 3457 5019">
    <p class='ocr_par' dir='ltr' id='par_1_111' title="bbox 1888 4941 3457 5019">
     <span class='ocr_line' id='line_1_111' title="bbox 1888 4941 3457 5019; baseline -0.011 -8"><span class='ocrx_word' id='word_1_840' title='bbox 1888 4955 2155 5011; x_wconf 82' lang='lat' dir='ltr'><strong>hliotheca</strong></span> <span class='ocrx_word' id='word_1_841' title='bbox 2183 4968 2307 5008; x_wconf 84' lang='lat' dir='ltr'><strong>eum</strong></span> <span class='ocrx_word' id='word_1_842' title='bbox 2330 4960 2424 5006; x_wconf 87' lang='lat' dir='ltr'><strong>aut</strong></span> <span class='ocrx_word' id='word_1_843' title='bbox 2440 4963 2610 5019; x_wconf 80' lang='lat' dir='ltr'><strong>super</strong></span> <span class='ocrx_word' id='word_1_844' title='bbox 2631 4954 2793 5016; x_wconf 86' lang='lat' dir='ltr'><strong>caput</strong></span> <span class='ocrx_word' id='word_1_845' title='bbox 2826 4944 3008 5014; x_wconf 67' lang='lat' dir='ltr'><strong>virgas,</strong></span> <span class='ocrx_word' id='word_1_846' title='bbox 3042 4951 3133 4997; x_wconf 90' lang='lat' dir='ltr'><strong>aut</strong></span> <span class='ocrx_word' id='word_1_847' title='bbox 3182 4941 3237 4997; x_wconf 88' lang='lat' dir='ltr'><strong>iu</strong></span> <span class='ocrx_word' id='word_1_848' title='bbox 3261 4941 3457 5011; x_wconf 70' lang='lat' dir='ltr'><strong>capite,</strong></span> 
     </span>
    </p>
   </div>
   <div class='ocr_carea' id='block_1_112' title="bbox 1890 5031 3461 5107">
    <p class='ocr_par' dir='ltr' id='par_1_112' title="bbox 1890 5031 3461 5107">
     <span class='ocr_line' id='line_1_112' title="bbox 1890 5031 3461 5107; baseline -0.011 -6"><span class='ocrx_word' id='word_1_849' title='bbox 1890 5045 2066 5102; x_wconf 90' lang='lat' dir='ltr'><strong>autin</strong></span> <span class='ocrx_word' id='word_1_850' title='bbox 2092 5042 2386 5105; x_wconf 84' lang='lat' dir='ltr'><strong>cacumine,</strong></span> <span class='ocrx_word' id='word_1_851' title='bbox 2442 5037 2528 5094; x_wconf 85' lang='lat' dir='ltr'><strong>vel</strong></span> <span class='ocrx_word' id='word_1_852' title='bbox 2565 5050 2728 5107; x_wconf 74' lang='lat' dir='ltr'><strong>super</strong></span> <span class='ocrx_word' id='word_1_853' title='bbox 2775 5048 3036 5095; x_wconf 83' lang='lat' dir='ltr'><strong>cacumen</strong></span> <span class='ocrx_word' id='word_1_854' title='bbox 3079 5031 3333 5087; x_wconf 86' lang='lat' dir='ltr'><strong>adorasse</strong></span> <span class='ocrx_word' id='word_1_855' title='bbox 3369 5031 3461 5085; x_wconf 85' lang='lat' dir='ltr'><strong>de-</strong></span> 
     </span>
    </p>
   </div>
   <div class='ocr_carea' id='block_1_113' title="bbox 1891 5122 3552 5195">
    <p class='ocr_par' dir='ltr' id='par_1_113' title="bbox 1891 5122 3552 5195">
     <span class='ocr_line' id='line_1_113' title="bbox 1891 5122 3552 5195; baseline -0.012 -2"><span class='ocrx_word' id='word_1_856' title='bbox 1891 5136 2144 5193; x_wconf 87' lang='lat' dir='ltr'><strong>nuntiat:</strong></span> <span class='ocrx_word' id='word_1_857' title='bbox 2180 5147 2307 5189; x_wconf 89' lang='lat' dir='ltr'><strong>ecee</strong></span> <span class='ocrx_word' id='word_1_858' title='bbox 2352 5130 2438 5185; x_wconf 91' lang='lat' dir='ltr'><strong>vir</strong></span> <span class='ocrx_word' id='word_1_859' title='bbox 2471 5126 2869 5193; x_wconf 76' lang='lat' dir='ltr'><strong>eruditissimus</strong></span> <span class='ocrx_word' id='word_1_860' title='bbox 2921 5123 3274 5194; x_wconf 79' lang='lat' dir='ltr'><strong>Augustinus,</strong></span> <span class='ocrx_word' id='word_1_861' title='bbox 3296 5131 3352 5177; x_wconf 83' lang='lat' dir='ltr'><strong>et</strong></span> <span class='ocrx_word' id='word_1_862' title='bbox 3383 5122 3464 5176; x_wconf 80' lang='lat' dir='ltr'><strong>di-</strong></span> <span class='ocrx_word' id='word_1_863' title='bbox 3544 5185 3552 5195; x_wconf 33' lang='grc' dir='ltr'><strong><em>ε</em></strong></span> 
     </span>
    </p>
   </div>
   <div class='ocr_carea' id='block_1_114' title="bbox 1892 5215 3462 5286">
    <p class='ocr_par' dir='ltr' id='par_1_114' title="bbox 1892 5215 3462 5286">
     <span class='ocr_line' id='line_1_114' title="bbox 1892 5215 3462 5286; baseline -0.009 -2"><span class='ocrx_word' id='word_1_864' title='bbox 1892 5229 2005 5285; x_wconf 88' lang='lat' dir='ltr'><strong>vini</strong></span> <span class='ocrx_word' id='word_1_865' title='bbox 2060 5224 2302 5283; x_wconf 86' lang='lat' dir='ltr'><strong>muneris</strong></span> <span class='ocrx_word' id='word_1_866' title='bbox 2330 5221 2546 5283; x_wconf 80' lang='lat' dir='ltr'><strong>ﬂamine</strong></span> <span class='ocrx_word' id='word_1_867' title='bbox 2585 5219 2817 5283; x_wconf 75' lang='lat' dir='ltr'><strong>amatus,</strong></span> <span class='ocrx_word' id='word_1_868' title='bbox 2880 5216 3067 5275; x_wconf 84' lang='lat' dir='ltr'><strong>solerti</strong></span> <span class='ocrx_word' id='word_1_869' title='bbox 3122 5215 3462 5286; x_wconf 77' lang='lat' dir='ltr'><strong>indagatione</strong></span> 
     </span>
    </p>
   </div>
   <div class='ocr_carea' id='block_1_115' title="bbox 1893 5308 3459 5382">
    <p class='ocr_par' dir='ltr' id='par_1_115' title="bbox 1893 5308 3459 5382">
     <span class='ocr_line' id='line_1_115' title="bbox 1893 5308 3459 5382; baseline -0.011 -3"><span class='ocrx_word' id='word_1_870' title='bbox 1893 5337 2017 5379; x_wconf 89' lang='lat' dir='ltr'><strong>eum</strong></span> <span class='ocrx_word' id='word_1_871' title='bbox 2057 5319 2231 5375; x_wconf 85' lang='lat' dir='ltr'><strong>autin</strong></span> <span class='ocrx_word' id='word_1_872' title='bbox 2250 5332 2386 5381; x_wconf 64' lang='lat' dir='ltr'><strong>suae,</strong></span> <span class='ocrx_word' id='word_1_873' title='bbox 2412 5322 2506 5370; x_wconf 87' lang='lat' dir='ltr'><strong>aut</strong></span> <span class='ocrx_word' id='word_1_874' title='bbox 2539 5315 2596 5368; x_wconf 87' lang='lat' dir='ltr'><strong>in</strong></span> <span class='ocrx_word' id='word_1_875' title='bbox 2629 5312 2729 5375; x_wconf 78' lang='lat' dir='ltr'><strong>lilii</strong></span> <span class='ocrx_word' id='word_1_876' title='bbox 2749 5308 3459 5382; x_wconf 55' lang='lat' dir='ltr'><strong>virgasummitatebrum,</strong></span> 
     </span>
    </p>
   </div>
   <div class='ocr_carea' id='block_1_116' title="bbox 1893 5400 3466 5477">
    <p class='ocr_par' dir='ltr' id='par_1_116' title="bbox 1893 5400 3466 5477">
     <span class='ocr_line' id='line_1_116' title="bbox 1893 5400 3466 5477; baseline -0.008 -8"><span class='ocrx_word' id='word_1_877' title='bbox 1893 5428 2001 5469; x_wconf 91' lang='lat' dir='ltr'><strong>non</strong></span> <span class='ocrx_word' id='word_1_878' title='bbox 2034 5411 2278 5466; x_wconf 83' lang='lat' dir='ltr'><strong>eamdem</strong></span> <span class='ocrx_word' id='word_1_879' title='bbox 2326 5407 2534 5477; x_wconf 82' lang='lat' dir='ltr'><strong>virgam</strong></span> <span class='ocrx_word' id='word_1_880' title='bbox 2577 5404 2944 5477; x_wconf 71' lang='lat' dir='ltr'><strong>meeumdem</strong></span> <span class='ocrx_word' id='word_1_881' title='bbox 2991 5401 3157 5456; x_wconf 82' lang='lat' dir='ltr'><strong>tilium</strong></span> <span class='ocrx_word' id='word_1_882' title='bbox 3210 5400 3466 5456; x_wconf 41' lang='lat' dir='ltr'><strong>adorasse</strong></span> 
     </span>
    </p>
   </div>
   <div class='ocr_carea' id='block_1_117' title="bbox 1963 5512 2165 5560">
    <p class='ocr_par' dir='ltr' id='par_1_117' title="bbox 1963 5512 2165 5560">
     <span class='ocr_line' id='line_1_117' title="bbox 1963 5512 2165 5560; baseline -0.03 0"><span class='ocrx_word' id='word_1_883' title='bbox 1963 5512 2165 5560; x_wconf 82' lang='lat' dir='ltr'><strong>rsonat.</strong></span> 
     </span>
    </p>
   </div>
   <div class='ocr_carea' id='block_1_118' title="bbox 1895 5521 3464 5661">
    <p class='ocr_par' dir='ltr' id='par_1_118' title="bbox 1895 5521 3464 5661">
     <span class='ocr_line' id='line_1_118' title="bbox 1963 5521 2165 5560; baseline -0.035 1"><span class='ocrx_word' id='word_1_884' title='bbox 1963 5521 2165 5560; x_wconf 76' lang='lat' dir='ltr'><strong>rsonar.</strong></span> 
     </span>
     <span class='ocr_line' id='line_1_119' title="bbox 1895 5521 3464 5661; baseline -0.014 -8"><span class='ocrx_word' id='word_1_885' title='bbox 1895 5521 2154 5652; x_wconf 72' lang='lat' dir='ltr'><strong>peDicant</strong></span> <span class='ocrx_word' id='word_1_886' title='bbox 2177 5590 2299 5661; x_wconf 84' lang='lat' dir='ltr'><strong>quis</strong></span> <span class='ocrx_word' id='word_1_887' title='bbox 2321 5596 2519 5644; x_wconf 73' lang='lat' dir='ltr'><strong>saneta:</strong></span> <span class='ocrx_word' id='word_1_888' title='bbox 2561 5585 2692 5657; x_wconf 83' lang='lat' dir='ltr'><strong>legis</strong></span> <span class='ocrx_word' id='word_1_889' title='bbox 2714 5584 3004 5643; x_wconf 85' lang='lat' dir='ltr'><strong>translator</strong></span> <span class='ocrx_word' id='word_1_890' title='bbox 3032 5598 3154 5638; x_wconf 85' lang='lat' dir='ltr'><strong>eum</strong></span> <span class='ocrx_word' id='word_1_891' title='bbox 3180 5580 3464 5636; x_wconf 81' lang='lat' dir='ltr'><strong>summita-</strong></span> 
     </span>
    </p>
   </div>
   <div class='ocr_carea' id='block_1_119' title="bbox 1899 5673 3467 5764">
    <p class='ocr_par' dir='ltr' id='par_1_119' title="bbox 1899 5673 3467 5764">
     <span class='ocr_line' id='line_1_120' title="bbox 1899 5673 3467 5764; baseline -0.013 -17"><span class='ocrx_word' id='word_1_892' title='bbox 1899 5688 2005 5747; x_wconf 85' lang='lat' dir='ltr'><strong>tem</strong></span> <span class='ocrx_word' id='word_1_893' title='bbox 2033 5686 2196 5764; x_wconf 57' lang='lat' dir='ltr'><strong>virgge</strong></span> <span class='ocrx_word' id='word_1_894' title='bbox 2242 5683 2355 5749; x_wconf 81' lang='lat' dir='ltr'><strong>lilii,</strong></span> <span class='ocrx_word' id='word_1_895' title='bbox 2395 5690 2447 5738; x_wconf 91' lang='lat' dir='ltr'><strong>et</strong></span> <span class='ocrx_word' id='word_1_896' title='bbox 2484 5682 2536 5736; x_wconf 91' lang='lat' dir='ltr'><strong>in</strong></span> <span class='ocrx_word' id='word_1_897' title='bbox 2564 5678 2753 5736; x_wconf 87' lang='lat' dir='ltr'><strong>eadem</strong></span> <span class='ocrx_word' id='word_1_898' title='bbox 2797 5679 2947 5750; x_wconf 81' lang='lat' dir='ltr'><strong>virga</strong></span> <span class='ocrx_word' id='word_1_899' title='bbox 3003 5678 3171 5735; x_wconf 82' lang='lat' dir='ltr'><strong>lilium</strong></span> <span class='ocrx_word' id='word_1_900' title='bbox 3214 5673 3467 5731; x_wconf 84' lang='lat' dir='ltr'><strong>adorasse</strong></span> 
     </span>
    </p>
   </div>
   <div class='ocr_carea' id='block_1_120' title="bbox 2953 5794 3030 5854">
    <p class='ocr_par' dir='ltr' id='par_1_120' title="bbox 2953 5794 3030 5854">
     <span class='ocr_line' id='line_1_121' title="bbox 2953 5794 3030 5854; baseline 0.013 -1"><span class='ocrx_word' id='word_1_901' title='bbox 2953 5794 3030 5854; x_wconf 80' lang='lat'><strong>33</strong></span> 
     </span>
    </p>
   </div>
  </div>
