3990 6302
201 234 225 289 Ι
236 234 337 301 057

983 240 1158 299 LlBRl
1198 241 1538 301 CAROIJNL
1581 276 1648 286 ~—
1688 248 1908 304 (ZAPIT.
1953 250 2040 307 DE
2081 251 2270 307 IMAG.
2309 282 2378 294 -ο
2416 252 2547 309 LIB.
2589 254 2629 308 1.

3312 262 3448 321 1058

194 361 420 401 aureum
458 347 509 399 iu
528 346 749 401 modum
800 349 1012 417 tabulae,
1062 356 1203 423 quod
1225 358 1764 428 superimponebatur
1794 369 1837 431 Α
1867 375 1949 419 est
1983 367 2216 422 Verbum
2248 369 2442 434 Patris,
2476 387 2570 441 per
2586 387 2736 440 quem
2758 372 2898 444 facta
2918 384 3039 429 sunt
3062 377 3235 432 omnia
3264 378 3445 447 (Joan.

192 449 359 499 arar,
416 432 763 505 ejusdemque
786 437 1134 510 longitudinis
1154 454 1208 499 et
1236 445 1558 511 latitudinis,
1590 459 1774 506 tantat-

190 537 301 592 qne
342 524 526 579 fornice
564 525 678 582 ﬁeri
707 529 774 582 sit
794 527 1025 598 jussum,
1089 550 1194 604 qua
1224 545 1276 591 et
1302 553 1448 613 arca,
1497 547 1554 593 ut
1587 541 1773 597 eodem

184 616 568 686 propitiatorio
617 633 742 673 arca
770 627 1062 692 tegeretur,
1095 634 1149 680 et
1187 628 1292 681 duo
1336 629 1616 687 cherubim
1678 648 1774 688 au-

188 705 269 759 rei
296 704 524 761 ductiles
548 722 711 776 super
736 708 910 779 ipsmn
941 714 1365 783 propitiatorium
1390 727 1589 785 essent,
1647 721 1773 779 hinc

187 806 354 868 atque
398 798 524 852 inde
576 800 893 856 al:erutrum
949 807 1316 872 attendentes,
1368 811 1439 864 ita
1489 823 1547 866 ut
1597 814 1774 868 vultus

185 897 378 939 eorum
428 887 482 941 in
556 889 989 958 propitiatorium
1048 904 1262 960 essent,
1314 906 1368 953 et
1419 898 1601 969 pinnis
1649 905 1762 959 suis

184 976 1058 1051 obumbrarentpropitiatorium,
1115 995 1169 1041 et
1195 987 1317 1043 inde
1343 989 1484 1045 Deus
1526 992 1772 1063 loquere-

184 1078 279 1122 tur
305 1068 374 1123 ad
431 1068 670 1140 Moysen,
719 1072 785 1127 de
829 1074 1204 1144 propitiatorio
1244 1079 1492 1136 videlicet
1545 1084 1658 1139 sive
1703 1086 1769 1140 de

180 1159 365 1215 medio
387 1160 690 1227 cherubim,
739 1164 861 1233 quis
911 1162 1026 1219 tam
1067 1165 1232 1223 hebes
1272 1177 1492 1240 tamque
1539 1183 1623 1228 est
1672 1175 1767 1229 de-

184 1266 362 1314 mens,
402 1259 463 1305 ut
506 1267 612 1307 non
656 1253 829 1309 solum
877 1255 1265 1325 habendorum,
1328 1265 1424 1319 sed
1462 1265 1625 1320 etiam
1671 1267 1767 1321 ad-

182 1340 519 1396 orandarum
572 1343 868 1415 imaginum
923 1344 1405 1408 insolentissimum
1447 1371 1623 1422 usum,
1674 1358 1770 1413 ho-

183 1448 304 1487 rum
352 1444 463 1488 tam
489 1436 811 1492 terribilium
864 1447 1083 1509 tamque
1134 1443 1426 1516 insignium
1483 1452 1770 1521 mysterio-

180 1540 304 1580 rum
367 1528 769 1597 comparatione
838 1542 1064 1587 conetur
1110 1539 1394 1592 astruere?
1455 1538 1589 1594 Nam
1633 1542 1759 1597 dum

178 1611 300 1669 iste
338 1615 478 1671 nihil
511 1617 654 1672 aliud
696 1619 943 1685 innuant,
996 1623 1099 1679 nisi
1143 1624 1413 1681 interdum
1440 1642 1622 1685 rerum
1647 1648 1768 1701 ges-

179 1711 362 1761 tarum
391 1708 659 1774 ordinem,
704 1709 973 1766 interdum
996 1729 1102 1768 non
1153 1724 1448 1786 gestarum,
1491 1721 1585 1775 sed
1617 1721 1764 1777 ﬁcta—
1797 1710 1837 1767 Β

178 1810 300 1850 rum
322 1798 657 1853 mentiantur
683 1813 920 1856 errorem
951 1844 967 1868 ,
1014 1804 1103 1858 illa
1129 1820 1258 1861 vero
1300 1823 1514 1878 semper
1560 1814 1765 1869 sanctis

178 1893 235 1940 et
260 1886 649 1945 excellentibus
671 1891 881 1948 radiant
909 1897 1182 1966 mysteriis
1219 1908 1274 1954 et
1323 1902 1545 1957 rutilant
1582 1920 1765 1961 sacra-

177 1981 399 2036 mentis.
458 1981 596 2038 Arca
632 2000 864 2055 namque
907 1986 1124 2044 hederis
1155 1992 1451 2049 secundum
1501 1999 1760 2065 quosdam

179 2069 474 2127 Dominum
518 2082 573 2128 et
602 2073 937 2158 SalvatOrem
966 2089 1233 2147 nostrum,
1275 2083 1330 2138 in
1363 2101 1472 2158 quo
1509 2088 1625 2142 solo
1669 2088 1765 2145 fm-

176 2162 279 2217 dns
348 2164 497 2235 pacis
557 2167 698 2235 apud
756 2155 974 2223 Patrem
1020 2171 1302 2238 habemus,
1354 2155 1617 2247 designat,
1663 2181 1755 2249 qui

170 2261 298 2321 post
325 2256 781 2312 resurrectionem
815 2273 968 2313 suam
1014 2265 1314 2319 ascendens
1339 2266 1392 2319 in
1419 2267 1614 2323 coelum
1644 2287 1763 2324 car-

172 2361 299 2400 nem
357 2363 520 2417 quam
562 2362 928 2420 assumpserat
956 2370 1020 2409 ex
1061 2356 1285 2427 virgine,
1312 2359 1365 2413 in
1408 2359 1585 2417 Patris
1620 2363 1756 2417 dex-

172 2447 323 2491 tera
367 2438 675 2493 collocavit.
723 2442 778 2495 In
836 2458 942 2512 quo
992 2453 1120 2499 sunt
1167 2448 1283 2503 duae
1344 2451 1538 2507 tabula:
1600 2452 1756 2524 legis,

171 2527 280 2581 duo
327 2526 583 2583 videlicet
612 2531 989 2599 Testamenta;
1038 2539 1090 2589 in
1115 2553 1222 2608 quo
1247 2548 1328 2594 est
1373 2541 1519 2614 virga
1557 2542 1752 2607 Aaron,

167 2634 292 2688 qua:
337 2617 655 2675 fronduerat
683 2622 752 2685 ei,
800 2626 925 2693 quia
970 2626 1082 2698 ipse
1112 2637 1196 2683 est
1223 2645 1315 2685 rex
1354 2642 1408 2686 et
1461 2634 1752 2689 sacerdos:

172 2724 288 2772 rex,
336 2713 466 2781 quia
494 2712 560 2767 de
587 2728 655 2767 eo
699 2726 960 2784 scriptum
987 2726 1105 2772 est:
1145 2717 1357 2791 Virgam
1397 2723 1602 2778 virtutis
1648 2742 1757 2780 sum

160 2801 368 2855 emittet
414 2798 672 2857 Dominus
717 2821 782 2858 ea:
840 2805 993 2875 Sion,
1024 2818 1073 2862 et
1111 2810 1469 2866 dominabitur
1494 2816 1548 2867 in
1585 2817 1755 2888 medio
1814 2822 1823 2827 ‘

166 2916 502 2970 inimicorum
544 2934 760 2972 suorum
790 2917 961 2990 (Prol.
985 2914 1116 2992 cx),
1147 2924 1401 2981 sacerdos
1431 2941 1575 2991 vero,
1631 2928 1754 2998 quia

168 3006 236 3064 de
279 3023 347 3063 eo
388 3009 648 3078 scriptum
695 3019 778 3065 est
821 3028 833 3064 :
893 3011 970 3065 Tu
1014 3030 1068 3068 es
1112 3016 1357 3070 sacerdos
1397 3019 1451 3071 in
1501 3028 1750 3074 ceternum

165 3094 457 3153 secundum
482 3100 715 3154 ordinem
746 3100 1121 3159 Melchisedech
1146 3092 1323 3177 (Paul:
1348 3124 1416 3163 cx
1442 3116 1497 3161 el
1509 3108 1652 3164 Heb.
1670 3118 1747 3179 v);

165 3189 222 3243 in
264 3205 375 3261 quo
422 3201 505 3245 est
540 3207 756 3258 manna,
799 3194 1036 3249 cmlestis
1063 3186 1313 3253 videlicet
1367 3184 1567 3269 paluli
1612 3186 1747 3280 eduf

164 3279 319 3343 lium,
355 3279 420 3335 de
478 3295 584 3349 quo
618 3281 795 3338 edulio
817 3281 984 3339 David
1021 3287 1272 3355 egregius
1288 3290 1548 3358 propheta
1585 3292 1747 3347 dicit:

156 3373 376 3429 Panem
410 3373 472 3428 de
497 3374 621 3429 coelo
644 3374 785 3430 dedit
830 3379 925 3442 eis,
948 3396 1133 3448 panem
1177 3381 1480 3451 angelorum
1525 3387 1749 3442 mandu-

161 3467 301 3520 cauit
327 3467 484 3519 homo
517 3465 689 3537 (Psal.
717 3483 920 3523 Lxxvm
943 3479 989 3523 et
1019 3486 1093 3535 Iv,
1131 3471 1264 3525 Esd.
1314 3474 1383 3545 l);
1411 3476 1551 3529 sicut
1570 3480 1750 3546 etipse

160 3559 220 3611 in
242 3555 537 3626 Evangelio
566 3556 714 3621 dicit,
766 3556 879 3628 Ego
907 3576 1023 3614 sum
1057 3561 1209 3631 panis
1229 3561 1368 3617 rivus
1394 3566 1480 3634 qui
1522 3566 1585 3619 de
1624 3568 1747 3621 caelo

156 3649 412 3704 descendi
462 3650 644 3721 (Joan.
674 3650 770 3721 γι).
802 3651 900 3708 Cui
952 3653 1384 3723 propitiatorium
1433 3660 1748 3729 superponi-

159 3754 273 3808 tur,
305 3744 434 3815 qnia
488 3743 699 3799 scilicet
740 3743 998 3815 legalibus
1040 3745 1152 3800 sive
1180 3748 1504 3817 evangelicis
1547 3765 1747 3818 przece-

154 3836 287 3907 ptis,
308 3853 433 3907 qua:
462 3836 514 3890 in
538 3853 604 3891 eo
634 3835 851 3892 fundata
880 3846 1024 3901 sunt,
1052 3840 1413 3907 supereminet
1438 3841 1745 3899 misericor-

155 3926 248 3980 dia
271 3924 518 3995 ejusdem
559 3926 894 3994 mediatoris,
924 3943 1021 3997 per
1048 3944 1210 3999 quam
1238 3946 1344 3985 non
1375 3945 1439 3985 ex
1490 3934 1741 4002 operibus

154 4016 295 4091 legis
314 4035 439 4090 qua:
467 4018 691 4075 fecimus
718 4037 835 4085 nos,
871 4037 1043 4092 neque
1071 4023 1332 4088 volentes,
1382 4042 1558 4097 neque
1611 4045 1739 4085 cur-

157 4118 370 4173 rentes,
433 4110 527 4165 sed
570 4108 685 4180 ejus
745 4112 1095 4168 miseratione
1151 4115 1458 4182 salvamur;
1512 4120 1579 4173 de
1633 4134 1740 4188 quo

150 4199 327 4254 etiam
372 4215 506 4255 voce
532 4210 758 4270 paterna
781 4202 996 4267 dicitur,
1054 4201 1255 4259 Veritas
1286 4194 1410 4261 mea
1440 4218 1487 4261 et
1533 4211 1737 4266 miseri-

147 4290 343 4345 cordia
370 4288 487 4345 mea
512 4308 631 4344 cum
666 4293 799 4362 ipso,
841 4303 888 4347 et
911 4295 965 4347 in
1010 4296 1217 4349 nomine
1263 4314 1376 4350 meo
1416 4298 1737 4355 era/labitur

1874 454 1947 526 1);
1990 466 2194 514 etcum
2243 461 2313 514 sit
2341 461 2501 517 unius
2544 478 2668 516 cum
2718 463 2879 519 Patre
2919 466 3257 530 substantiae,
3309 469 3446 527 sicut

1873 550 1987 619 ipse
2031 550 2082 603 in
2124 551 2412 622 Evangelia
2444 554 2538 617 ait,
2580 555 2693 627 Ego
2754 567 2801 612 et
2857 556 3018 613 Pater
3059 577 3220 614 unum
3264 579 3445 619 sumus

1866 640 2054 715 '(Joan.
2102 643 2180 715 χ),
2211 644 2325 700 sive
2352 654 2412 700 ut
2442 645 2688 717 Philippo
2714 648 2823 743 ait,
2861 648 2965 743 Qui
2987 642 3121 705 videt
3162 668 3260 716 me,
3307 654 3443 706 uidet

1872 740 1919 786 et
1968 731 2181 787 Patrem
2232 733 2413 805 (Joan.
2460 736 2597 808 ων),
2647 738 2742 797 Dei
2789 731 2966 794 Patris
3020 741 3074 797 in
3117 757 3184 798 eo
3224 758 3445 813 semper

1870 821 1936 874 de
1961 822 2137 877 medio
2158 824 2384 878 duorum
2417 825 2886 883 Testamentorum
2922 844 3022 885 vox
3056 830 3309 888 auditur:
3348 833 3444 889 Se-

1870 911 2100 969 cundum
2138 913 2422 984 plerosque
2480 930 2608 971 vero
2647 918 2840 997 divinae
2884 919 3017 991 legis
3051 921 3303 980 doctores
3347 925 3442 996 qui

1871 1003 1986 1057 lucc
2009 1004 2285 1061 moraliter
2304 1014 2558 1073 tractant,
2586 1026 2775 1065 aurum
2804 1012 3119 1081 sapientiam
3152 1015 3442 1087 signiﬁcat,

1869 1110 1993 1147 arca
2039 1107 2312 1151 secretum
2340 1096 2452 1151 Dei.
2486 1099 2542 1152 ln
2588 1115 2714 1155 arca
2754 1100 2907 1173 jussa
2953 1090 3077 1158 sunt
3109 1107 3235 1175 poni
3265 1108 3351 1163 lex
3387 1119 3443 1165 et

1868 1200 2064 1242 manna
2086 1196 2140 1243 et
2188 1188 2335 1259 virga
2361 1188 2560 1245 Aaron.
2613 1191 2717 1247 Per
2755 1194 2951 1264 virgam
2993 1205 3244 1285 potestas
3274 1201 3440 1272 signi-

1870 1280 2078 1344 ﬁcatur,
2115 1296 2224 1349 per
2264 1299 2456 1337 manna
2502 1285 2697 1352 gratia,
2765 1287 2893 1355 quia
2946 1280 3050 1347 nisi
3096 1307 3217 1347 cum
3266 1293 3441 1367 gratia

1868 1388 1974 1427 non
2033 1380 2115 1428 est
2160 1382 2398 1442 potestas
2445 1385 2710 1445 praecepta
2754 1377 3005 1435 faciendi.
3059 1381 3441 1457 Verumtamen

1869 1462 1992 1532 quia
2019 1461 2102 1516 lex
2140 1478 2172 1516 a
2230 1464 2420 1532 quovis
2468 1465 2780 1534 proficiente
2832 1485 2939 1524 non
2990 1485 3055 1526 ex
3105 1473 3250 1529 omni
3288 1484 3441 1543 parte

1870 1553 2190 1622 completur,
2225 1556 2656 1626 prepitiatorium
2678 1567 2761 1613 est
2788 1561 3016 1631 desuper
3044 1580 3057 1615 :
3081 1564 3148 1619 ad
3175 1566 3279 1621 hoc
3297 1568 3440 1623 enim

1870 1660 2007 1714 opus
2035 1656 2137 1712 est,
2192 1657 2250 1701 ut
2284 1649 2569 1727 propitius
2604 1650 2675 1713 sit
2725 1651 2894 1718 Deus;
2942 1662 2998 1715 et
3041 1654 3161 1709 ideo
3211 1657 3442 1727 desuper

1862 1738 2102 1806 ponitur,
2131 1737 2257 1806 quia
2283 1721 2646 1809 superexaltat
2674 1741 3042 1798 misericordia
3073 1742 3296 1813 iudicio.
3325 1748 3440 1804 Due

1865 1842 1994 1882 vero
2025 1828 2308 1883 cherubim
2351 1829 2530 1898 pinnis
2572 1832 2686 1885 suis
2749 1832 3074 1893 obumbrant
3123 1837 3437 1906 propitiato-

1865 1919 2023 1983 rium,
2060 1918 2240 1982 idest,
2287 1920 2553 1985 honorant
2583 1921 2823 1985 velanda,
2866 1924 3116 1993 quoniam
3143 1925 3441 2003 ministeria

1864 2009 1965 2063 ista
1991 2019 2136 2075 sunt,
2176 2020 2231 2066 et
2260 2013 2487 2071 invicem
2524 2029 2581 2067 se
2623 2016 2925 2081 attendunt,
2954 2018 3078 2086 quia
3115 2029 3433 2085 consonant.

1864 2100 1977 2155 Duo
2018 2102 2213 2187 quippe
2264 2103 2338 2158 ibi
2386 2103 2729 2161 Testamenta
2760 2180 2765 2185 Ι
2791 2106 3111 2178 ﬁgurantur,
3146 2118 3202 2164 et
3260 2112 3440 2171 vultus

1863 2208 2051 2255 eorum
2086 2180 2210 2249 sunt
2243 2195 2296 2250 in
2338 2180 2787 2266 propitiatorium,
2843 2199 2970 2269 quia
3013 2201 3439 2262 misericordiam

1860 2285 1979 2348 Dei,
2026 2286 2079 2339 in
2122 2302 2226 2355 qua
2258 2302 2362 2340 una
2402 2301 2524 2359 spes
2547 2297 2650 2352 est,
2706 2287 2857 2343 valde
2909 2292 3308 2367 commendant.
3340 2294 3437 2351 De-

1860 2375 2022 2445 niquc
2063 2376 2186 2431 hinc
2217 2392 2274 2431 se
2304 2377 2552 2446 promisit
2588 2378 2888 2435 locuturum
2927 2380 3067 2435 Deus
3095 2381 3162 2436 ad
3192 2382 3433 2454 Moysen,

1857 2461 1924 2517 de
1968 2463 2145 2519 medio
2187 2465 2485 2529 cherubim,
2530 2465 2809 2541 desursum
2842 2468 3221 2539 propitiatorii.
3266 2472 3435 2531 Porro

1859 2556 1903 2610 si
1940 2566 2186 2613 creatura
2224 2559 2500 2639 rationalis
2538 2561 2591 2615 in
2629 2560 2974 2619 multitudine
3008 2565 3266 2631 scientiae,
3299 2583 3432 2637 quo-

1859 2650 2002 2704 niam
2033 2652 2171 2707 hanc
2197 2653 2692 2729 interpretationem
2726 2655 2925 2729 habent
2954 2657 3250 2722 cherubim,
3304 2660 3434 2715 duo-

1859 2743 1958 2797 bus
2019 2743 2149 2813 ipsis
2166 2744 2486 2801 animalibus
2510 2746 2863 2821 significatur,
2901 2748 3019 2804 ideo
3057 2750 3163 2815 duo
3199 2762 3324 2807 sunt
3374 2764 3433 2806 ut

1858 2833 2169 2891 societatem
2218 2835 2497 2912 charitatis
2531 2837 2934 2915 commendent;
2964 2839 3086 2911 ideo
3117 2841 3298 2915 pinnis
3318 2843 3435 2899 suis

1856 2924 2291 2993 propitiatorium
2324 2912 2669 2990 obumbrant,
2701 2928 2825 2998 quia
2850 2928 2980 2993 Deo,
3030 2946 3137 2985 non
3171 2914 3295 2997 sibi,
3338 2934 3435 2986 tri-

1860 3004 2029 3070 buunt
2053 3017 2245 3086 pinnas
2277 3034 2423 3083 suas,
2458 3019 2511 3074 id
2538 3029 2623 3074 est
2657 3020 2825 3076 Deum
2850 3021 3117 3079 honorant
3148 3025 3435 3101 virtutibus

1855 3107 2050 3176 quibus
2074 3117 2350 3178 praestant.
2379 3110 2445 3164 Et
2485 3111 2661 3167 vultus
2689 3127 2878 3191 eorum
2905 3128 3013 3179 non
3062 3124 3189 3171 sunt
3227 3117 3331 3173 nisi
3376 3119 3435 3175 in

1854 3202 2303 3271 propitiatorium,
2327 3205 2449 3273 quia
2483 3208 2783 3277 cuicunque
2817 3207 3081 3281 profectui
3121 3211 3189 3264 ad
3246 3211 3429 3265 multi-

1855 3294 2091 3349 tudinem
2117 3296 2355 3353 scientite
2386 3313 2510 3366 spes
2542 3314 2648 3355 non
2673 3309 2776 3364 est,
2799 3300 2905 3354 nisi
2935 3301 2985 3355 in
3004 3301 3096 3356 Dei
3125 3302 3431 3357 misericor-

1851 3383 1958 3437 dia.
1994 3382 2127 3449 Quia
2173 3384 2338 3455 igitur
2374 3386 2566 3443 tabula:
2607 3402 2704 3457 per
2756 3404 2891 3459 quas
2940 3390 3044 3443 duo
3083 3389 3427 3449 Testamenta

1850 3475 2141 3546 signiﬁcari
2173 3460 2420 3546 superius
2464 3478 2718 3544 diximus,
2766 3480 2913 3535 nullo
2941 3488 3147 3535 terrore
3180 3482 3421 3557 dantur,

1850 3567 1996 3623 nullo
2037 3569 2263 3639 strepitu
2309 3570 2531 3640 ignium,
2584 3571 2727 3625 nulla
2773 3572 3133 3629 commotione
3177 3574 3427 3638 nubium.

1849 3658 1995 3713 nullo
2026 3658 2229 3730 mugitu
2259 3662 2530 3727 tubarum,
2590 3661 2729 3717 sicut
2778 3661 2882 3717 illa:
2923 3677 3043 3731 quae
3082 3664 3231 3733 prius
3255 3681 3285 3717 a
3316 3666 3421 3723 Do-

1853 3748 2000 3804 mino
2020 3748 2157 3805 datin
2183 3759 2238 3803 et
2263 3765 2294 3804 a
2323 3749 2503 3823 Moyse
2543 3752 2886 3808 comminuta}
2929 3754 3096 3809 fuisse
3148 3755 3421 3825 leguntur,

1847 3854 1966 3909 quae
2015 3841 2142 3894 dum
2184 3841 2445 3897 darentur
2492 3841 2683 3913 Moysi,
2736 3860 2767 3897 a
2812 3844 3006 3913 populo
3050 3846 3252 3901 dictum
3304 3857 3420 3901 est:

1848 3916 2078 4002 Loquere
2129 3944 2183 3986 tu
2233 3933 2520 3995 nobiscum,
2561 3944 2608 3987 et
2637 3951 2738 3988 non
2766 3934 3012 4005 loquatur
3043 3938 3110 3993 ad
3142 3955 3234 3992 nos
3260 3937 3427 4001 Deus,

1846 4040 1908 4095 ne
1934 4022 2067 4093 forte
2104 4024 2392 4077 moriamur
2414 4022 2609 4095 (Exod.
2639 4024 2752 4097 xx),
2780 4026 2880 4081 hoc
2924 4026 3200 4083 evidenter
3246 4029 3425 4087 inuui-

1846 4121 1950 4191 tur,
1989 4114 2132 4183 quod
2150 4115 2358 4182 priores
2390 4123 2547 4171 vetus
2576 4104 2979 4173 Testamentum
3016 4120 3069 4173 in
3099 4135 3204 4190 quo
3246 4132 3421 4179 terror

1843 4213 1981 4268 erat,
2003 4203 2441 4274 signiﬁcaverim,
2474 4207 2801 4276 posteriores
2823 4225 2953 4264 vero
2975 4225 3192 4276 novum,
3238 4213 3290 4266 in
3313 4229 3424 4286 quo

1843 4296 2079 4351 dilectio.
2109 4296 2261 4363 Quod
2276 4313 2402 4353 vero
2422 4299 2632 4367 priores
2652 4314 2787 4368 opus
2806 4298 2905 4355 Dei
2923 4300 3142 4364 fuerint,
3168 4306 3416 4358 secundae

146 4396 319 4432 cornu
336 4379 640 4451 eju(Psal.
660 4385 983 4454 Lxxnx);et
1002 4385 1091 4453 qui
1121 4401 1216 4455 per
1236 4389 1553 4457 prophetam
1578 4392 1736 4453 dicit:
1773 4401 1816 4458 υ
1843 4404 1978 4457 opus
2004 4388 2324 4451 hominis,et
2350 4389 2452 4444 ill-.e
2478 4391 2796 4459 conscripta:
2819 4391 2988 4460 digito
3012 4391 3126 4454 Dei,
3144 4393 3259 4445 istm
3285 4395 3425 4449 seri.

148 4468 579 4527 liscn'cordiam
625 4472 736 4527 volo
784 4485 833 4529 et
884 4494 987 4529 non
1030 4478 1353 4547 sacriﬁcium
1402 4481 1565 4555 (Ore,
1608 4489 1684 4555 VI)
1720 4502 1733 4540 :

142 4569 205 4614 et
258 4561 349 4616 cui
412 4576 510 4633 per
558 4562 898 4621 Psalmistam
949 4568 1176 4634 dicitur,
1230 4568 1592 4630 Miserationes
1634 4586 1740 4633 tut!

146 4648 361 4715 mitte,
401 4652 625 4707 Domine
650 4652 822 4724 (Psal.
859 4658 1049 4729 csvm)
1087 4677 1100 4713 :
1137 4660 1228 4730 qui
1263 4663 1557 4719 secundum
1589 4664 1736 4735 Apo-

142 4743 353 4799 stolum
390 4746 689 4816 propitiatio
718 4757 790 4801 est
813 4766 908 4820 pro
938 4753 1161 4821 peccatis
1184 4756 1374 4809 nostris
1422 4755 1603 4827 (Joan.
1646 4774 1683 4811 ιι
1691 4764 1730 4828 ).

140 4834 202 4888 in
247 4832 363 4904 duo
387 4843 512 4889 sunt
538 4836 642 4892 duo
695 4838 998 4913 cherubim,
1042 4843 1281 4899 scientia:
1322 4847 1569 4905 videlicet
1628 4849 1739 4918 ple-
1774 4848 1777 4851 λ

139 4923 365 4988 nitudo,
393 4938 512 4992 quae
542 4923 595 4979 in
617 4926 827 4983 duobus
855 4928 1233 5000 Testamentis,
1250 4934 1365 5002 ejus
1388 4939 1732 5004 revelatione,

136 5022 458 5069 monstrata
506 5025 624 5080 est;
660 5020 770 5087 -qui
804 5020 1035 5078 invicem
1071 5040 1129 5079 se
1160 5029 1462 5097 attendunt,
1496 5032 1620 5100 quia
1652 5033 1735 5087 lex

135 5112 197 5157 et
226 5106 576 5174 evangelium
620 5122 871 5180 magnam
908 5114 1048 5169 inter
1080 5114 1139 5173 Se
1180 5112 1587 5179 consonantiam
1638 5126 1736 5181 ha-

137 5197 304 5262 bent,
338 5197 551 5254 dicente
594 5200 842 5270 Domino,
900 5205 1024 5261 Non
1052 5209 1164 5263 veni
1190 5208 1351 5284 legem
1389 5213 1605 5281 solvere,
1646 5218 1735 5273 sed

134 5285 444 5345 adimplere
473 5287 687 5358 (Matth.
720 5292 796 5362 v).
822 5292 924 5362 Qui
955 5297 1237 5356 cherubim
1263 5301 1381 5357 ideo
1410 5320 1595 5360 versos
1621 5307 1736 5360 vul-

133 5384 235 5431 tus
284 5376 489 5433 habent
514 5381 565 5434 in
594 5385 1047 5455 propitiatorium,
1076 5391 1203 5460 quia
1242 5392 1347 5448 duo
1388 5392 1733 5453 Testamenta

133 5478 335 5547 Qem‘
351 5476 569 5540 semper
610 5471 666 5528 in
702 5474 796 5530 Dei
862 5478 1228 5537 misericordia
1283 5486 1580 5553 ponendam
1619 5503 1735 5543 om-

134 5557 285 5613 nino
308 5560 710 5619 commendant.
746 5566 986 5638 Desuper
1006 5587 1112 5640 quo
1135 5575 1527 5645 propitiatorio,
1558 5578 1611 5636 id
1630 5591 1730 5648 est,

132 5647 215 5704 de
236 5650 424 5707 medio
456 5653 732 5713 cherubim
779 5658 1015 5731 loquitur
1054 5664 1211 5731 Deus,
1247 5668 1369 5736 quia
1403 5669 1543 5726 idem
1570 5647 1734 5728 Filius

1839 4488 1943 4551 per.
1959 4479 2027 4533 ab
2044 4480 2258 4535 homine
2283 4488 2586 4544 narrentur,
2610 4481 2712 4537 hoc
2732 4483 3069 4551 apertissime
3091 4482 3416 4547 declaratur,

1840 4571 1979 4638 quod
2006 4570 2059 4624 in
2082 4570 2188 4627 illis
2210 4580 2361 4627 vetus
2375 4571 2799 4637 Testamentum,
2814 4584 2871 4628 ut
2890 4573 3098 4643 praefati
3121 4591 3324 4639 sumus,
3351 4576 3418 4631 si-

1839 4661 2150 4731 guilicatum
2185 4668 2299 4725 est,
2328 4664 2451 4732 quia
2506 4664 2646 4718 Deus
2686 4664 2755 4718 ibi
2804 4664 3087 4734 prmcepit,
3129 4666 3220 4719 sed
3253 4666 3417 4721 homo

1840 4771 1946 4809 non
1976 4754 2121 4811 fecit.
2145 4755 2252 4810 Lex
2285 4759 2432 4811 enim
2448 4752 2620 4828 posita
2651 4767 2732 4813 est
2760 4759 2811 4813 in
2849 4760 3013 4813 veteri
3047 4760 3411 4823 Testamento,

1839 4860 1959 4914 «pne
1991 4846 2333 4902 convinceret
2373 4857 2836 4917 transgressores:
2880 4851 3023 4905 unde
3067 4860 3122 4906 et
3166 4853 3415 4924 egregius

1839 4937 2162 5008 praedicator
2215 4941 2309 5004 ait,
2365 4939 2472 4994 Lex:
2501 4950 2674 4995 autem
2704 4941 3034 5006 subintrarit,
3072 4953 3126 4997 ut
3173 4944 3413 5000 abunda-

1838 5040 1915 5087 ret
1941 5040 2208 5100 peccatum
2226 5031 2403 5100 (Rom.
2428 5032 2505 5101 v).
2540 5032 2653 5087 Non
2679 5035 2823 5088 enim
2850 5033 3176 5103 implcbatur
3195 5037 3408 5102 timore,

1839 5134 1965 5188 quae
2020 5136 2133 5175 non
2172 5121 2426 5192 impletur
2466 5122 2572 5177 nisi
2618 5123 2924 5179 cbaritate:
2968 5135 3019 5179 et
3048 5128 3165 5181 idm
3214 5128 3414 5182 dicitur

1838 5228 1974 5283 opus
2021 5215 2135 5279 Dei,
2190 5216 2316 5285 quia
2348 5215 2489 5271 Deus
2538 5216 2705 5285 legem
2746 5219 3045 5280 constituit,
3096 5220 3237 5274 Deus
3284 5236 3412 5276 con-

1838 5306 2052 5375 scripsit
2071 5324 2084 5372 ;
2110 5306 2315 5362 nullum
2325 5323 2458 5377 opus
2471 5302 2720 5372 hominis,
2742 5310 2866 5380 quia
2881 5311 3042 5366 homo
3057 5312 3165 5367 Deo
3184 5328 3290 5367 non
3311 5315 3411 5370 ob-

1840 5400 2176 5471 temperavit,
2210 5392 2403 5455 etcum
2431 5402 2610 5471 potius
2630 5417 2783 5458 reum
2803 5404 2887 5459 lex
2906 5403 3050 5459 fecit.
3074 5405 3130 5460 ln
3162 5410 3413 5463 secundis

1838 5492 2275 5546 antem'tabulis
2323 5491 2617 5564 homo'per
2676 5492 2999 5564 adiutorium
3048 5497 3143 5552 Dei
3202 5499 3410 5551 tabulas

1839 5579 1967 5635 facit
1991 5589 2151 5649 atque
2179 5582 2490 5648 conscribit,
2519 5586 2644 5653 quia
2669 5587 2789 5639 nmi
2816 5586 3146 5642 Testamcuti
3179 5586 3414 5642 Charitas

1838 5673 2010 5744 legem
2041 5673 2186 5728 facit.
2226 5675 2378 5731 Unde
2407 5678 2668 5733 mediator
2710 5680 2802 5735 Dei
2837 5690 2887 5735 et
2924 5682 3198 5736 hominum
3241 5682 3414 5751 legem
