3990 6302
482 303 619 361 1οοιὸ

1334 286 1417 363 ’8.
1458 305 1705 361 CAROLI
1746 306 1960 361 MAGNI
1999 283 2370 362 oremus
2409 304 2470 362 ιι.
2512 272 2754 366 Semo
2779 271 2855 365 'tt.

2934 258 2944 289 δ

3597 312 3751 370 10“

476 426 829 495 propositum,
864 442 930 480 ex
960 426 1138 481 multis
1186 436 1361 482 tamen
1411 428 1778 499 particulatim
1806 432 1890 481 est
1919 443 2068 481 erro-
2098 423 2147 480 Δ
2175 422 2355 474 vocari
2406 414 2486 478 ab
2541 422 2850 479 hominibus
2914 416 3106 490 Rabbi,
3140 434 3191 480 et
3253 435 3500 496 quzenmt
3546 429 3763 500 primas

479 516 630 572 ribus
667 506 1113 588 compaginatum.
1165 519 1347 574 Primo
1396 539 1627 593 namque
1665 521 2072 577 discutiendum

467 613 578 669 est.
620 625 718 665 cur
743 625 1033 679 purpuram
1060 611 1464 681 hyacinthinam
1508 614 1564 669 in
1601 616 1788 670 eodem
1825 612 2061 683 capitulo

466 698 731 765 dixerint,-
764 700 1176 763 cum“videlicet’
1201 703 1339 757 alius
1378 703 1526 759 color
1566 705 1636 759 sit
1677 720 1981 774 purpureus
2010 710 2070 759 et

479 789 619 845 a'lius
644 778 1066 860 hyacinthinus;
1101 802 1155 847 et
1199 805 1223 833 ο
1252 793 1391 848 sicut
1435 810 1540 849 non
1581 804 1757 863 potest
1795 804 1936 848 recte
1963 790 2071 867 diri

477 869 680 935 rubens
713 880 917 936 candor
944 891 997 938 et
1022 884 1255 938 candens
1298 885 1480 948 rubor,
1520 886 1665 940 velut
1696 886 1741 939 si
1777 886 1895 954 quis
1924 886 2067 941 dicat

480 976 795 1043 argenteum
854 986 1044 1029 uarum
1100 975 1183 1030 vel
1227 991 1451 1030 aureum
1493 985 1794 1047 argentum,
1850 977 1922 1031 ita
1968 992 2068 1032 nec

481 1073 629 1120 recte
676 1065 779 1120 dici
824 1074 1000 1136 potest
1047 1076 1282 1136 purpura
1321 1067 1690 1138 hyacinthina,
1722 1077 1781 1122 ut
1807 1084 2066 1147 converso

480 1151 668 1210 ordine
697 1155 800 1210 diei
825 1164 985 1227 queat
1009 1170 1275 1226 purpurea
1299 1156 1639 1228 hyacinthus,
1663 1158 1929 1227 quoniam,
1946 1158 2068 1213 talis

481 1243 743 1300 derivatio
790 1247 1120 1317 reciprocata
1162 1247 1356 1303 nullius
1397 1263 1587 1302 sensus
1620 1250 1801 1316 vigore
1852 1265 2068 1305 manere

480 1335 679 1403 poterit
700 1336 1031 1392 inconvulsa.
1055 1334 1316 1403 Quoniam
1346 1338 1581 1406 quidem,
1631 1348 1690 1391 ut
1740 1339 1944 1408 μηιῶιί
1973 1357 2065 1393 su-

484 1440 624 1489 mus,
652 1426 786 1481 alius
817 1427 966 1481 color
994 1435 1076 1482 est
1103 1426 1482 1498 hyacinthinus
1501 1436 1555 1480 et
1581 1427 1716 1483 alius
1744 1447 2063 1512 purpureus,

483 1523 637 1576 testis
671 1532 753 1577 est
780 1524 893 1593 ipsa
924 1526 1009 1579 lex
1057 1542 1088 1579 a
1134 1526 1360 1581 Domino
1399 1543 1496 1597 per
1525 1526 1738 1597 Moysen
1774 1525 1918 1589 data,
1948 1542 2067 1594 qua:

484 1610 795 1682 singillatim
836 1615 949 1669 lucc
977 1623 1226 1684 quatuor,
1255 1615 1600 1687 hyacinthum
1639 1617 1904 1678 videlicet,
1938 1632 2065 1685 pur--

482 1713 677 1773 puram
703 1712 757 1758 et
789 1720 1010 1760 coccum
1056 1720 1151 1761 seu
1198 1708 1361 1761 etiam
1392 1708 1610 1778 hyssum
1653 1708 1719 1761 ad
1757 1706 2065 1761 in:lumenta

483 1782 756 1861 pontiﬁcis
779 1795 1127 1860 conﬁcienda,
1161 1797 1241 1850 vel
1272 1807 1466 1853 caetera
1508 1815 1627 1867 quae
1663 1797 1728 1851 ad
1767 1796 2066 1852 sacrarium

487 1890 895 1955 prteparaudum
944 1896 1123 1944 essent
1174 1889 1481 1953 offerenda,
1537 1890 1798 1961 designat.
1861 1889 2067 1955 Quibus

485 1982 717 2043 quatuor
746 1979 986 2032 materiis
1014 1977 1242 2046 majores
1288 1981 1455 2034 nostri
1508 1988 1738 2047 quatuor
1784 1978 2068 2033 elemento.

485 2081 605 2121 rum
635 2067 877 2139 ﬁguram,
907 2086 972 2124 ex
996 2072 1188 2140 quibus
1224 2072 1452 2127 mundus
1478 2073 1590 2127 sive
1618 2072 1909 2126 humanum
1939 2086 2055 2126 cor-

483 2158 583 2228 pus
615 2168 843 2225 constat,
885 2162 1174 2232 signiﬁcari
1199 2163 1469 2229 dixerunt,
1514 2171 1566 2217 et
1604 2163 1842 2231 singulas
1884 2174 2065 2234 tropo-

484 2249 658 2321 iogice
698 2251 927 2308 virtutes
968 2254 1189 2308 innuere
1211 2253 1527 2309 docuerunt.
1557 2255 1911 2324 llyacinthum
1935 2272 2064 2327 ergo

488 2345 555 2400 ad
599 2361 780 2401 aerem
825 2345 1082 2413 referunt,
1114 2348 1254 2417 quod
1282 2358 1335 2403 et
1362 2349 1473 2418 ipse
1498 2349 1699 2403 indicat
1732 2348 1898 2414 color,
1927 2349 2065 2403 sicut

486 2443 541 2491 et
556 2424 780 2494 coccum
799 2440 864 2493 ad
880 2440 1056 2510 ignem
1070 2458 1363 2512 purpuram
1389 2458 1540 2512 aquae
1560 2444 1986 2507 accommodant,
2000 2460 2064 2499 eo
2104 2494 2110 2504 ,

483 2531 627 2600 quod
652 2531 716 2585 de
743 2532 897 2601 aquis
937 2533 1165 2602 accipiat
1212 2531 1423 2598 fucum;
1462 2535 1682 2604 byssum
1730 2542 1908 2597 terrae,
1940 2534 2064 2602 quia

484 2623 762 2676 oriturex
792 2632 952 2677 terra.
1004 2623 1244 2692 Denique
1289 2633 1343 2679 et
1388 2624 1516 2679 illud
1554 2625 1955 2680 discutiendum
1983 2633 2066 2679 est

483 2713 625 2781 quod
655 2712 945 2784 imaginum
971 2728 1126 2767 usum
1171 2709 1415 2785 exemplo
1473 2714 1804 2769 ﬁmbriarum
1837 2713 2063 2785 hyacin-

482 2803 781 2858 thinarum‘
818 2804 1026 2857 munire
1068 2804 1350 2871 nituntur,
1409 2822 1531 2861 cum
1585 2807 1883 2879 praesertim
1945 2808 2065 2863 illas

481 2894 677 2962 prisca:
710 2895 841 2964 legis
881 2898 933 2949 in
969 2899 1280 2967 mysterium
1326 2900 1495 2955 series
1521 2901 1574 2954 in
1605 2902 1863 2956 extremis
1903 2904 2065 2956 vesti-

485 2986 588 3040 bus
615 2985 738 3054 poni
758 2985 962 3051 jnbeat,
998 2987 1131 3043 istas
1176 3005 1301 3044 vero
1332 3001 1390 3044 ut
1414 2984 1707 3048 adorentur
1743 3007 1842 3047 nec
1868 2994 2064 3048 veteris

486 3089 585 3130 nec
621 3075 742 3128 novi
771 3072 1097 3132 Testamenti
1121 3081 1309 3149 pagina
1339 3083 1545 3151 uspiam
1580 3070 1635 3137 in
1663 3085 1915 3140 sacrariis
1937 3086 2063 3155 poni

485 3165 782 3235 prmcipiat.
828 3166 1009 3237 Neque
1038 3171 1182 3224 enim
1231 3174 1359 3226 tanti
1414 3175 1616 3227 erroris
1673 3175 1773 3230 hoc
1820 3177 2064 3245 exemplo

438 3327 444 3333 _
487 3255 628 3308 valet
675 3257 842 3310 astrui
873 3257 1079 3312 insania
1109 3279 1122 3314 :
1152 3263 1292 3329 quod
1324 3277 1420 3332 per
1463 3263 1825 3332 legislatorem
1868 3265 2067 3321 idcirco

487 3346 736 3400 collatam
763 3356 863 3412 est,
894 3359 949 3402 ut
974 3351 1215 3419 qumlam
1259 3353 1438 3407 arcani
1469 3368 1658 3410 sensus
1694 3355 1941 3409 innueret
1989 3357 2070 3409 in-

486 3422 646 3498 dicia,
677 3450 776 3489 nec
802 3452 889 3491 res
916 3438 1052 3492 bene
1091 3437 1241 3507 jussa
1292 3441 1536 3512 beneque
1570 3453 1720 3513 gesta
1750 3452 1900 3500 tanto
1938 3444 2070 3498 deli-

491 3532 733 3578 ramento
761 3527 960 3595 poterit
997 3530 1283 3586 convenire
1325 3533 1537 3588 collata.
1569 3533 1735 3590 Illatis
1772 3534 1938 3606 igitur
1965 3537 2070 3592 Do-

492 3613 671 3669 minus
722 3623 819 3685 per
871 3613 1088 3691 Moysen
1139 3623 1404 3678 mandatis
1455 3625 1590 3697 legis
1651 3627 1719 3683 ad
1766 3638 2069 3686 extremum

490 3702 671 3758 intulit
701 3720 715 3757 :
747 3704 954 3778 Ligabis
981 3725 1041 3763 ea
1070 3709 1124 3763 in
1157 3728 1315 3766 manu
1342 3723 1432 3768 tua
1454 3724 1500 3769 et
1521 3726 1671 3769 erunt
1697 3717 1911 3772 immota
1951 3730 2071 3774 ante

489 3796 667 3850 oculos
713 3807 831 3851 tuos
877 3799 1053 3869 (Deut.
1115 3803 1211 3870 vi).
1265 3802 1538 3878 Qutenos
1578 3806 1893 3876 spiritaliter
1942 3810 2069 3867 dum

489 3902 650 3955 opere
675 3888 1002 3958 Complemus
1045 3892 1375 3951 inmanibus
1421 3898 1638 3954 immota
1686 3909 1963 3971 tenemus;
2016 3916 2071 3961 et

490 3992 611 4030 cum
637 3974 724 4031 die
759 3993 822 4032 ac
852 3988 1008 4036 nocte
1034 3984 1355 4041 meditantur
1383 3989 1437 4042 in
1461 3990 1556 4052 eis,
1596 4002 1719 4047 ante
1746 3994 1931 4050 oculos
1959 3998 2070 4052 col-

492 4056 665 4157 iocata
688 4076 980 4138 gestamus.
1004 4071 1169 4128 Jussit
1197 4092 1408 4147 quoque
1434 4081 1672 4141 ﬁmbrias
1697 4079 2073 4157 byacinthinas

490 4155 606 4210 ﬁeri
639 4157 690 4212 in
723 4162 955 4228 quatuor
976 4164 1184 4233 angulis
1210 4167 1511 4235 palliorum,
1534 4173 1646 4229 sive
1668 4155 2070 4247 adidiguosceu-

491 4248 617 4301 dum
642 4249 897 4318 populum
922 4249 1100 4316 Israel,
1125 4262 1184 4308 ut
1210 4266 1392 4312 essent
1419 4260 1628 4331 signum
1654 4263 1710 4318 in
1736 4277 1899 4333 veste,
1930 4270 2068 4326 sicut

490 4338 830 4396 circumcisio
850 4340 1061 4412 signum
1083 4343 1137 4398 in
1174 4360 1426 4415 corpore;
1460 4349 1571 4408 sive
1604 4361 1661 4408 ut
1687 4372 1807 4422 nos,
1833 4360 1924 4430 qui
1955 4362 2064 4431 spi-

493 4428 858 4487 ritalislsrael
901 4449 1102 4500 sumus,
1143 4435 1434 4495 habeamus
1459 4457 1557 4512 pro
1578 4428 1889 4506 indumento
1906 4428 2067 4519 jitsti-
2100 4476 2148 4537 ι)

492 4521 620 4575 tiam
658 4529 713 4576 et
750 4533 991 4580 sanctam
1031 4530 1535 4587 conversationem:
1570 4535 1727 4605 hujus
1771 4540 2064 4597 indumenti

490 4613 807 4668 extremitas
851 4614 1076 4672 ﬁmbriis
1110 4618 1478 4690 hyacinthinis
1519 4625 1590 4679 sit
1631 4637 1843 4696 ornata,
1874 4641 2063 4699 quate-

492 4720 592 4759 nus
621 4706 731 4761 vlta
761 4716 943 4762 nostra
972 4718 1279 4766 sanctarum
1301 4712 1699 4785 Scripturarum
1726 4723 1796 4775 sit
1825 4723 2067 4779 testimo-

492 4795 596 4851 niis
616 4796 844 4852 erudita.
872 4796 969 4853 Hic
993 4800 1135 4861 enim
1163 4800 1492 4860 ﬁmbriarum
1513 4808 1685 4864 bonus
1705 4807 1832 4866 usus
1855 4821 1909 4867 et
1934 4815 2065 4871 bene

490 4904 588 4959 per
614 4890 972 4960 legislatorem
1007 4892 1119 4947 sive
1152 4894 1228 4947 illi
1263 4898 1467 4952 carnali
1499 4880 1700 4965 Israeli,
1754 4903 1867 4959 sive
1912 4908 2066 4962 nobis

493 4980 718 5049 spiritali
749 4980 884 5035 bene
912 4994 1218 5047 concessus,
1250 4987 1389 5041 male
1432 4990 1500 5044 ab
1536 4989 1641 5047 illis
1669 4995 1869 5052 abusus
1893 4998 2071 5067 potius

494 5082 656 5153 quam
685 5069 899 5159 habitus
927 5078 1030 5126 est.
1066 5072 1153 5159 _De
1193 5075 1386 5144 quibus
1434 5078 1646 5138 Veritas
1687 5085 1741 5138 in
1787 5082 2073 5159 Evangelio

494 5160 624 5213 dicit
651 5178 663 5212 :
699 5158 932 5215 Dilatant
975 5155 1111 5217 cuii»
1148 5166 1468 5236 phylacteria
1495 5182 1543 5226 et
1572 5176 1911 5244 magnificam
1941 5155 2077 5248 ‘ﬁm_

497 5251 636 5303 brius
668 5248 880 5321 (Matth.
907 5254 1059 5323 'xm).
1096 5255 1279 5324 Cujus,
1326 5275 1526 5328 qumso,
1560 5262 1669 5325 isti,
1708 5266 1860 5336 cujus
1889 5283 2075 5324 exem-

497 5340 640 5411 plum
696 5345 914 5400 tenent?
969 5348 1070 5404 nisi
1126 5348 1522 5410 Pharisaeorum
1581 5358 1672 5426 qui
1727 5359 1853 5414 dum
1890 5362 2074 5419 volunt

518 5520 532 5572 -_
569 5506 594 5536 ⁸
629 5495 777 5572 Sicut
804 5516 909 5555 non
930 5500 1103 5572 potest
1140 5516 1274 5560 recte
1297 5508 1403 5562 diri
1434 5510 1621 5564 rubens
1660 5512 1859 5566 candor
1883 5523 1929 5566 et
1954 5531 2076 5568 can-

499 5566 598 5619 dor
636 5568 837 5631 rubetis,
867 5566 1000 5651 velut
1041 5576 1231 5651 siquia
1265 5577 1417 5651 dicat;
1440 5592 1741 5651 argenteum
1780 5566 1969 5636 aurum
2000 5566 2074 5639 re!

501 5651 718 5721 aureum
747 5650 1036 5721 argentarii.
1083 5643 1137 5721 ιη
1182 5646 1265 5699 his
1308 5643 1673 5721 verbisfuulla
1715 5660 1798 5705 est
1839 5653 2074 5721 recipro-

506 5707 666 5772 catio,
706 5707 816 5763 seu
841 5718 923 5780 (ut
948 5711 1121 5781 inquit
1152 5716 1357 5784 auctor)
1400 5717 1663 5774 derivatio
1710 5707 2067 5788 reciprocam;

2173 514 2225 569 in
2272 512 2388 570 foro
2440 516 2811 582 salutationes,
2850 518 3052 587 primas
3088 519 3139 572 in
3192 520 3540 574 conventibus
3568 523 3767 576 σαώθη

2172 606 2313 671 dras,
2342 606 2574 675 dumque
2614 623 2711 677 per
2733 608 3028 678 appetitum
3070 625 3223 665 vana:
3267 609 3437 666 laudis
3478 627 3573 666 sua
3614 612 3767 671 dicta

2170 696 2254 750 vel
2301 695 2441 751 iacta
2489 701 2710 768 cupiunt
2764 699 3020 757 mandare
3070 704 3343 758 memoria:
3396 706 3769 774 posteritatis,

2170 785 2428 856 imagines
2449 786 2567 856 quae
2592 776 2781 845 bene'a
2805 791 3125 858 quibusdam
3150 791 3204 845 in
3229 792 3571 848 basilicarum
3598 811 3770 849 orna-

2168 881 2365 934 mentis
2408 882 2713 938 constituue
2757 880 2990 949 fuerunt,
3039 899 3137 955 per
3180 886 3390 957 ineptas
3434 895 3487 942 et
3533 888 3771 945 inutiles

2168 971 2399 1040 syno’dos
2440 968 2580 1026 male
2606 981 2662 1027 et
2702 974 2804 1044 ipsi
2833 975 3061 1030 adorant
3096 985 3150 1031 et
3184 977 3317 1031 alios
3346 979 3568 1034 adorare
3613 996 3771 1034 como

2168 1063 2390 1132 pellunt.
2416 1062 2492 1117 llli
2518 1078 2614 1133 per
2633 1065 2848 1133 inanem
2871 1066 3096 1139 gloriam
3121 1068 3361 1124 ﬁmbrias
3382 1070 3771 1141 magniﬁcam,

2170 1154 2256 1209 isti
2288 1155 2636 1213 nihilominus
2689 1173 2784 1229 per
2804 1157 3126 1227 jactantiam
3173 1161 3432 1233 imagines
3489 1164 3772 1230 adorant;

2168 1245 2241 1300 illi
2270 1247 2405 1302 bene
2447 1247 2724 1303 institutas
2766 1250 2904 1304 male
2948 1251 3339 1321 magniﬁcaudo
3368 1254 3627 1320 dilatant,
3679 1256 3773 1310 isti

2166 1338 2302 1392 bene
2338 1339 2583 1395 conditas
2627 1341 3067 1418 maleadorando
3114 1345 3381 1412 exaltant;
3432 1348 3506 1402 illi
3558 1357 3774 1418 putant

2170 1425 2334 1498 Moysi
2377 1430 2659 1499 praeceptis
2702 1416 2893 1501 parere
2929 1432 3172 1488 ﬁmbrias
3210 1416 3625 1504 magniﬁcando,
3679 1439 3776 1493 isti

2167 1515 2356 1588 putant
2404 1536 2462 1574 se
2508 1522 2710 1577 sanctis
2758 1522 3007 1579 omnibus
3055 1525 3267 1595 placere
3332 1527 3593 1598 imagines
3667 1530 3775 1583 ad-

2166 1612 2402 1676 Orando;
2429 1627 2493 1667 ac
2520 1628 2618 1696 per
2638 1611 2741 1668 hoc
2767 1627 3073 1685 quanquam
3100 1630 3196 1684 per
3214 1615 3419 1672 diversa
3443 1619 3779 1674 discurrant

2169 1710 2222 1753 et
2251 1700 2461 1755 diversa
2498 1701 2724 1757 diversis
2750 1702 2924 1757 modis
2951 1713 3263 1772 sequantur,
3307 1707 3374 1760 ad
3418 1708 3573 1763 unius
3604 1726 3779 1765 erro-

2100 1763 2145 1824 B
2172 1792 2246 1847 ris
2283 1792 2602 1846 destinatam
2651 1792 2926 1847 vesaniam
2983 1794 3203 1851 tendere
3254 1807 3544 1852 noscuntur
3574 1818 3597 1853 :
3666 1815 3779 1857 nec

2170 1885 2460 1947 immerito,
2492 1900 2613 1940 cum
2655 1885 2846 1941 horum
2882 1885 3165 1941 eﬂ‘cctuum
3190 1903 3368 1942 cause
3390 1882 3495 1945 sive
3508 1889 3779 1947 efﬁcien—

2170 1975 2240 2029 tia
2272 1975 2346 2028 nil
2371 1974 2515 2030 aliud
2548 1975 2654 2029 sint
2698 1977 2800 2030 nisi
2833 1984 3067 2033 ventosa:
3094 1977 3268 2032 laudis
3298 1978 3459 2048 gloria
3504 1983 3623 2038 sive
3667 1998 3778 2036 ar-

2167 2068 2429 2138 rOgantia.
2463 2067 2532 2123 Ut
2558 2082 2688 2136 ergo
2713 2066 2871 2141 istius
2907 2068 3182 2123 vanissimi
3210 2069 3424 2139 capituli
3456 2075 3599 2142 quod
3636 2077 3768 2131 dis-

2166 2166 2350 2213 cutere
2410 2148 2724 2214 commatice
2780 2158 3185 2226 proposuimus,
3227 2176 3390 2231 error
3431 2166 3769 2232 expressius

2167 2249 2505 2313 discutiatur,
2554 2262 2773 2303 necesse
2806 2256 2889 2302 est
2931 2256 2988 2301 ut
3035 2249 3175 2304 illius
3218 2260 3395 2306 textus
3437 2268 3504 2307 ex
3552 2257 3770 2313 ordine

2168 2347 2458 2408 repetatur.
2485 2336 2741 2394 Garriunt
2761 2339 2903 2392 enim
2930 2357 2941 2392 :
2970 2357 2988 2387 ι
3025 2338 3080 2394 Si
3111 2342 3401 2396 secundum
3422 2341 3586 2414 Moysi
3624 2345 3777 2417 legi-

2167 2430 2353 2484 timam
2382 2427 2724 2482 traditionem
2752 2427 3059 2497 prazeipitur
3100 2428 3298 2500 populo
3343 2445 3600 2501 purpura
3626 2433 3776 2504 hyao

2117 2525 2124 2531 '
2166 2518 2406 2573 cinthina
2446 2518 2499 2571 in
2535 2516 2760 2571 ﬁmbriis
2791 2516 2844 2570 in
2868 2516 3124 2572 extremis
3159 2518 3491 2573 vestimentis
3520 2521 3663 2591 poni
3703 2523 3775 2576 ad

2167 2608 2480 2664 memoriam
2509 2614 2562 2662 et
2589 2606 2889 2662 custodiam
2929 2594 3340 2676 praeceptorum,
3382 2608 3551 2669 multo
3578 2612 3776 2682 magis

2166 2699 2323 2756 nobis
2364 2707 2447 2754 est
2470 2713 2567 2768 per
2605 2696 2957 2753 assimilatam
2983 2698 3245 2766 pieturam
3277 2707 3583 2753 sanctorum
3616 2702 3776 2755 viro-

2166 2800 2288 2846 rum
2311 2789 2497 2844 videre
2519 2772 2723 2844 exitum
2746 2788 3172 2842 conversationis
3188 2803 3394 2843 eorum.
3426 2809 3444 2840 ι
3471 2789 3592 2865 Hoc
3610 2794 3777 2860 quod

2164 2880 2372 2947 dicunt,
2401 2878 2565 2934 'multo
2601 2879 2788 2949 magis,
2817 2879 2958 2947 quod
2986 2878 3221 2948 pertinet
3246 2878 3312 2932 ad
3339 2880 3679 2951 pra-cipit”,
3716 2891 3777 2936 ut

2166 2963 2533 3036 subaudiatur,
2557 2970 2601 3025 si
2621 2969 2815 3039 populo
2839 2969 3168 3040 przecipitur,
3188 2968 3358 3026 multo
3381 2970 3552 3039 magis
3571 2972 3770 3036 nobis,

2168 3065 2368 3119 nullum
2385 3079 2483 3119 nec
2496 3063 2892 3119 levemlseusum
2906 3060 3118 3131 quidem
3135 3062 3332 3116 habere
3343 3049 3537 3130 potest,
3554 3063 3778 3132 quippe

2167 3170 2288 3209 cum
2328 3169 2434 3207 non
2459 3152 2632 3207 solum
2678 3151 2849 3206 multo
2897 3153 3067 3222 magis
3113 3164 3221 3206 non
3264 3153 3624 3221 pnecipiatur,
3666 3155 3777 3210 sed

2167 3263 2264 3303 nec
2291 3262 2443 3316 atque
2468 3246 2683 3316 quidem
2730 3263 2828 3303 nec
2853 3247 3032 3301 minus
3054 3249 3260 3317 uspiam
3296 3249 3384 3303 hic
3428 3266 3573 3303 error
3609 3266 3774 3319 pra-

2165 3337 2269 3408 cipi
2299 3334 2563 3391 videatur.
2591 3335 2745 3403 Quod
2770 3352 2897 3392 vero
2926 3338 3130 3402 dicunt,
3160 3355 3254 3408 per
3277 3339 3620 3393 assimilatam
3672 3343 3770 3411 pi-

2165 3441 2369 3484 cturam
2403 3428 2568 3482 videre
2592 3429 2786 3482 exitum
2816 3429 3214 3482 conversationis
3260 3441 3564 3483 sanctorum
3616 3432 3775 3486 circ-

2167 3534 2301 3581 rum,
2348 3524 2561 3586 quantae
2606 3517 2676 3572 sit
2728 3517 3092 3582 absurditatis,
3153 3528 3472 3588 quantaeque
3532 3521 3775 3576 demen-

2166 3609 2273 3674 tias,
2317 3623 2453 3678 pene
2495 3607 2761 3662 inﬁnitum
2804 3616 2887 3662 est
2928 3608 3195 3677 persequi,
3234 3612 3359 3663 cum
3402 3610 3660 3666 videlicet
3713 3614 3772 3667 in

2167 3702 2491 3773 imaginibus
2537 3716 2643 3756 non
2688 3700 2858 3771 possit
2891 3707 3091 3755 sancta:
3122 3701 3552 3755 conversationis
3585 3702 3774 3758 virtus

2169 3795 2362 3860 videri,
2390 3795 2484 3849 sed
2507 3792 2839 3848 solummodo
2862 3792 2967 3847 illae
2992 3791 3231 3847 materia:
3255 3793 3449 3862 quibus
3472 3792 3606 3862 ipsa:
3626 3794 3773 3848 ima-

2169 3884 2323 3955 gines
2353 3883 2596 3939 formata;
2616 3868 2765 3938 Sunt.
2796 3878 3199 3951 Numquidnam
3226 3883 3454 3938 virtutes
3497 3892 3555 3938 et
3596 3886 3772 3940 meti-

2170 3986 2347 4030 torum
2374 3974 2625 4044 insignia,
2659 3987 2778 4043 quae
2805 3970 2910 4027 illis
2935 3973 3121 4043 utique
3145 3973 3200 4027 in
3232 3972 3476 4042 subjecto
3504 3975 3765 4040 fuerunt;

2170 4068 2275 4122 hoc
2300 4074 2384 4122 est
2416 4065 2470 4120 in
2498 4064 2699 4131 animo,
2728 4064 2782 4119 in
2820 4064 2903 4119 his
2944 4063 3090 4119 velut
3134 4064 3191 4119 in
3240 4063 3486 4132 subjecto
3528 4068 3770 4136 quodam

2167 4157 2339 4213 videri
2360 4166 2606 4228 possunt,
2636 4168 2758 4211 cum
2785 4164 2965 4211 tamen
2992 4156 3047 4211 in
3076 4156 3163 4213 his
3190 4171 3296 4213 non
3324 4158 3394 4212 sit
3438 4155 3623 4214 anima
3643 4174 3772 4229 qua:

2140 4238 2456 4315 ‘subjacens
2488 4260 2609 4302 esse
2647 4245 2820 4315 possit
2861 4245 3173 4312 virtutibus,
3215 4246 3271 4301 in
3304 4246 3550 4314 subjecto
3581 4258 3767 4304 autem

2168 4337 2307 4402 istis,
2330 4338 2435 4393 hoc
2460 4344 2543 4392 est
2572 4337 2625 4391 in
2656 4335 2918 4391 materiali
2946 4350 3172 4407 corpore
3195 4339 3599 4407 quodammodo
3618 4339 3769 4395 colo—

2168 4442 2257 4485 res
2281 4437 2422 4492 sunt,
2459 4429 2686 4484 virtutes
2714 4437 2894 4483 autem
2924 4426 3011 4483 his
3051 4444 3153 4484 nec
3180 4430 3247 4485 de
3272 4429 3546 4498 subjecto,
3580 4445 3679 4487 nec
3700 4432 3767 4485 in

2169 4518 2412 4588 subjecto
2437 4533 2557 4574 esse
2580 4518 2842 4587 possunt?
2861 4517 3133 4589 Numquid
3169 4519 3332 4590 igitur
3352 4521 3675 4591 sapientiam
3701 4530 3765 4575 et

2170 4608 2532 4678 eloQuentiam
2576 4607 2631 4662 in
2661 4607 2779 4663 istis
2805 4622 3027 4663 cernere
3067 4623 3371 4680 possumus,
3403 4625 3569 4680 quam
3598 4611 3761 4682 pleri-

2171 4716 2277 4770 que
2323 4699 2535 4755 illorum
2589 4700 2930 4755 habuerunt?
2972 4700 3368 4771 Numquidnam
3414 4704 3757 4771 prudentiam

2170 4791 2410 4862 aspiwre
2435 4791 2490 4845 in
2513 4792 2632 4848 istis
2653 4792 2913 4857 valemus,
2938 4805 3037 4863 per
3056 4807 3218 4862 quam
3243 4792 3447 4866 agnitio
3470 4810 3614 4851 vera:
3635 4795 3755 4850 ﬁdei

2170 4891 2225 4937 et
2262 4880 2485 4938 scientia
2532 4882 2835 4938 divinorum
2865 4884 3075 4954 apicum
3104 4872 3167 4937 in
3198 4882 3304 4939 illis
3331 4883 3433 4938 fuit
3465 4900 3566 4956 per
3598 4901 3759 4955 quam

2167 4972 2459 5028 trimodum
2479 4970 2607 5027 ἰηιιὰ
2634 4972 3000 5044 intelligentia:
3026 4987 3194 5045 genus
3223 4975 3277 5028 in
3312 4976 3514 5031 divinis
3547 4977 3690 5033 libris
3719 4993 3753 5031 a

2167 5061 2521 5134 prudentibus
2566 5062 2926 5134 intelligitur?
2961 5062 3200 5131 Quorum
3249 5065 3488 5134 primum
3534 5074 3616 5122 est
3657 5083 3760 5136 per

2172 5151 2314 5222 quod
2337 5151 2581 5222 quadam
2604 5153 2678 5207 ita
2717 5154 3054 5224 accipiuntur
3085 5154 3463 5221 historialiter,
3507 5156 3754 5228 sepositis

2174 5249 2525 5320 amigmaticis
2566 5247 2652 5301 vel
2690 5238 3225 5321 allegdricis'ﬁguris,
3265 5260 3325 5305 ut
3355 5260 3440 5307 est
3469 5252 3757 5321 decalogus

2173 5341 2327 5411 legis.
2374 5338 2699 5404 Secundum,
2736 5353 2835 5408 per
2878 5341 3019 5410 quod
3065 5342 3309 5410 quaedam
3356 5344 3413 5398 in
3458 5343 3755 5415 Scripturis

2176 5514 2440 5592 ad__cujus
2484 5526 2717 5592 mentem
2763 5518 2929 5592 probe
2966 5519 3142 5592 locum
3186 5523 3272 5589 (ut
3317 5525 3473 5579 nobis
3517 5522 3751 5592 videtur)

2177 5586 2687 5659 redintegravimus,
2735 5586 2805 5659 ad
2833 5590 2973 5647 hanc
3011 5586 3238 5659 faciem;
3282 5611 3301 5644 ι
3344 5602 3492 5650 recte
3521 5594 3624 5648 dici
3650 5586 3751 5646 rui-

2176 5655 2308 5711 bens
2349 5655 2551 5712 candor
2586 5666 2641 5712 et
2677 5658 2911 5714 candens
2950 5662 3134 5728 rubor,
3173 5655 3316 5718 velut
3360 5664 3405 5719 si
3441 5664 3565 5734 quis
3598 5663 3747 5719 dicat

2179 5736 2486 5795 argenteum
2516 5741 2724 5791 aurmu,
2759 5736 2860 5784 etc.
2899 5752 2920 5780 ι
3304 5734 3307 5737 ‘
