3990 6302
199 312 347 373 1045

992 307 1171 375 LIBRI
1209 304 1553 391 CAROLINI.
1595 334 1664 344 ——
1701 299 1926 358 CAPIT.
1972 301 2058 355 DE
2098 301 2284 359 IMAG.
2324 331 2397 343 --
2433 303 2564 361 LIB.
2607 304 2691 357 ΙΙ.

3331 308 3531 367 ιοιεπι.

192 432 425 503 mystice
448 426 806 496 accipiuntur,
833 431 940 477 tam
970 422 1263 479 secundum
1300 420 1463 477 tidem
1492 433 1675 474 rerum
1694 431 1791 487 ge—
1821 414 1870 473 Δ
1896 424 2013 468 sunt
2039 430 2199 487 super
2216 426 2440 482 terram;
2468 416 2585 471 sive
2616 431 2743 473 cum
2766 418 2897 473 dicit
2923 436 2936 471 :
2978 418 3161 474 Sancti
3189 437 3280 491 per
3312 422 3471 490 ﬁdem

191 534 402 579 starum
424 560 441 584 ,
491 531 654 589 quam
706 516 871 572 etiam
907 513 1062 583 juxta
1095 512 1321 583 figuram
1375 509 1781 580 allegoricorum

191 626 454 669 sensuum
476 624 493 663 :
517 610 656 663 sicut
676 613 829 677 petra
857 619 924 659 ex
960 602 1365 675 qua‘legislator
1387 600 1575 673 latices
1598 598 1784 654 elicuit

190 714 253 767 et
288 700 839 775 bistorialiterpautis
860 698 961 754 fuit
991 706 1049 754 et
1085 712 1254 767 aquas
1287 693 1539 757 evomuit,
1568 690 1801 747 et.alle—.

191 800 379 871 gorice
418 794 622 852 Christi
654 793 883 864 ﬁguram
921 790 1104 862 gessit,
1141 789 1234 859 qui
1279 803 1404 843 cum
1431 784 1678 855 sitlapis
1728 782 1787 839 in

195 892 549 950 fundamento
582 886 735 943 Sion.
752 884 1021 946 fundatus,
1062 880 1317 937 mellilluo
1362 877 1619 949 spiritalis
1664 875 1787 931 vitm

196 984 391 1056 poculo
415 980 753 1037 credentium
775 985 985 1034 mentes
1012 974 1194 1029 satiat.
1220 973 1462 1029 Tertium
1484 984 1654 1041 genus
1682 975 1797 1033 est,

196 1075 351 1145 quod
370 1081 579 1129 tantum
625 1068 940 1141 spiritaliter
966 1065 1247 1135 accipitur,
1289 1065 1429 1120 sicut
1461 1062 1528 1117 de
1553 1059 1789 1116 Cunticis

197 1167 572 1227 Canticorum,
599 1162 657 1216 in
680 1160 876 1230 quibus
901 1156 976 1212 nil
1020 1152 1545 1218 bistorialiterhsed
1581 1159 1789 1207 tantum

195 1255 538 1328 spiritaliter,
576 1249 947 1320 aec'mimdum
972 1256 1076 1303 est.
1116 1246 1198 1302 An
1235 1244 1442 1314 justitia
1468 1244 1522 1298 in
1564 1242 1684 1297 istis
1711 1241 1793 1296 in-

197 1348 339 1404 tueri
367 1353 564 1416 potest,
596 1357 693 1413 per
719 1357 883 1411 quam
913 1338 1085 1395 sancti
1132 1338 1301 1393 Deum
1344 1336 1623 1397 timebant,
1661 1333 1790 1389 reli-

196 1440 417 1511 gionem
452 1435 872 1497 venerabantur,
894 1431 1103 1487 (ametis
1132 1428 1411 1499 prodesse,
1440 1426 1572 1483 nulli
1596 1439 1796 1481 nocere

198 1532 486 1589 curabant.
530 1527 782 1585 fraterna:
810 1525 1093 1581 cbaritatis
1130 1523 1343 1579 vincula
1373 1520 1641 1590 amplecti.
1682 1519 1829 1577 sive»

197 1623 378 1678 aliena
422 1618 661 1690 pericula
689 1617 980 1685 suscipere,
1011 1614 1096 1669 vel
1124 1614 1288 1668 etiam
1332 1627 1495 1683 opem
1530 1609 1674 1666 ferre
1702 1609 1798 1665 mi-

198 1714 363 1777 seris,
394 1727 498 1767 nec
522 1725 629 1766 non
652 1707 865 1765 et'boni
894 1706 1102 1776 accepti
1139 1703 1567 1761 vicissitudinem
1606 1716 1805 1772 repenr

199 1767 363 1869 dere;
376 1819 471 1859 seu
492 1801 805 1871 aequitatem
828 1797 881 1853 in
897 1767 1122 1869 iudiciis
1135 1810 1460 1853 conservare
1477 1767 1800 1850 studebant?
1834 1767 1877 1827 Β

200 1895 286 1951 An
328 1893 545 1949 illorum
588 1888 958 1945 fortitudinem
997 1888 1052 1943 in
1081 1887 1350 1958 pictorum
1377 1884 1806 1954 coloribusper-

200 1987 415 2057 spicere
462 1996 750 2054 possumus
787 1995 887 2050 per
943 1994 1109 2050 quam
1156 1977 1526 2048 magnanimos
1574 1975 1803 2030 adversa
1836 1966 1851 1983 '

201 2076 584 2148 aequanimiter
613 2075 931 2139 toleravere,
962 2081 1019 2129 et
1048 2072 1139 2131 his
1174 2072 1442 2142 patienter
1485 2082 1719 2131 cessere,
1749 2077 1815 2139 et,

201 2170 407 2240 spretis
428 2168 699 2223 illecebris
725 2165 939 2221 fortiter
965 2164 1235 2229 restitere,
1274 2178 1373 2233 per
1395 2177 1559 2231 quam
1582 2161 1805 2217 morda-

202 2275 301 2315 ces
322 2273 489 2331 gazas
526 2265 584 2312 et
617 2255 802 2327 gloria:
849 2253 1117 2324 appetitus
1150 2251 1475 2323 ell‘ugerunt,
1505 2266 1605 2320 per
1643 2265 1807 2320 quam

204 2354 377 2413 etiam
404 2366 527 2407 nec
568 2347 815 2405 adversis
858 2344 1268 2416 frangebantur,
1307 2358 1408 2399 nec
1456 2342 1809 2398 elevabantur

204 2443 488 2508 secundis,
523 2438 677 2509 cujus
706 2438 873 2493 lorica
921 2436 1098 2492 induti
1130 2434 1299 2491 fortes
1339 2434 1408 2510 ad
1453 2433 1668 2489 labores
1694 2432 1827 2488 exi-t

206 2543 437 2599 stentes,
468 2533 538 2589 ad
570 2529 811 2602 pericula
845 2536 1032 2587 contra
1065 2527 1338 2599 improbos
1364 2525 1623 2581 molestiis
1645 2524 1811 2580 nullis

120 2662 125 2665 -
208 2627 474 2683 cedentes
491 2623 702 2679 animos
733 2620 1030 2691 paravere?
1068 2617 1152 2675 Au
1198 2618 1414 2674 illorum
1456 2615 1810 2685 temperantia

210 2720 273 2774 in
316 2718 405 2773 bis
441 2716 765 2786 imaginibus
809 2713 1071 2775 cernitur,
1120 2725 1218 2781 per
1260 2724 1421 2779 quam
1470 2708 1811 2764 aliéctionem

212 2808 402 2865 carnis
453 2805 795 2862 moderantes
838 2802 1235 2873 restringebaut
1279 2799 1619 2869 appetitum?
1660 2798 1815 2862 .Cunt

212 2917 355 2972 ergo
372 2900 459 2955 nil
476 2900 674 2959 borum
697 2912 819 2967 quae
840 2895 1188 2966 pmdiximus
1212 2894 1265 2950 in
1292 2893 1411 2947 istis
1433 2890 1602 2946 videri
1620 2889 1811 2960 possit,

214 3008 431 3063 magna:
445 2988 869 3055 esttemeritatis
888 2986 1089 3051 dicere,
1102 2987 1160 3040 in
1197 2983 1495 3041 assimilatas
1506 2984 1718 3053 pictura
1738 2982 1815 3037 ri-

205 3083 344 3141 dere
362 3077 1320 3139 exitumcunoersationissanctorum.
1352 3072 1608 3142 Sequitur
1632 3071 1690 3126 in
1715 3084 1809 3126 eo-
1831 3116 1881 3180 Ο

217 3174 348 3230 dem
363 3172 658 3229 vanissimo
683 3169 938 3252 capitulo,
959 3178 1009 3222 et
1026 3182 1209 3223 eorum
1230 3165 1429 3221 diritati
1447 3163 1607 3233 ﬁdem
1623 3178 1810 3217 secun-

219 3267 353 3321 dum
392 3263 733 3335 apostolicam
771 3261 1129 3316 traditionem.
1177 3257 1577 3327 Numquian
1618 3268 1819 3309 eorum.

220 3358 498 3425 Μεειιιιω
516 3355 809 3411 semiudum
829 3352 1143 3422 Apostolum
1161 3362 1259 3419 per
1278 3348 1618 3405 dilectionem
1626 3361 1830 3416 operam

222 3455 320 3501 tur
342 3446 395 3499 in
435 3444 759 3515 imaginibus
783 3442 984 3498 imitari
1005 3440 1211 3511 potest?
1245 3438 1399 3494 Sicut
1419 3452 1549 3507 ergo
1575 3450 1810 3505 nonpo-

222 3549 340 3597 test
361 3538 529 3593 videri
553 3538 606 3591 in
625 3537 710 3592 bis
730 3537 909 3590 exitus
932 3532 1367 3590 conversationis.
1378 3538 1706 3591 sanctorum,
1733 3527 1812 3582 sic

222 3647 333 3688 nec
344 3631 478 3687 ﬁdes
487 3629 707 3691 imitari,
722 3628 979 3698 quoniam
991 3641 1111 3696 qua:
1123 3625 1227 3680 illis
1244 3623 1443 3679 desunt
1458 3622 1512 3677 in
1526 3621 1611 3676 bis
1625 3619 1816 3675 necvi-

222 3720 349 3776 deri
361 3735 462 3775 nec
474 3732 570 3788 per
589 3718 695 3774 has
710 3715 910 3773 imitari
922 3722 1167 3785 possunt.
1182 3713 1353 3769 Omne
1365 3709 1509 3781 quod
1518 3718 1670 3766 caret
1680 3708 1815 3770 vita;

225 3821 384 3868 caret
403 3826 595 3874 sensu;
614 3823 778 3866 omne
797 3808 943 3879 quod
962 3815 1114 3865 caret
1134 3820 1317 3868 sensu,
1332 3810 1479 3862 caret
1492 3801 1628 3866 ﬁde;
1654 3814 1817 3863 omne

224 3903 400 3973 igitur
417 3902 561 3971 quod
582 3908 733 3956 caret
755 3900 888 3963 vita,
911 3906 1065 3954 caret
1084 3897 1211 3954 fide.
1234 3895 1373 3951 Nam
1392 3910 1517 3951 cum
1538 3893 1649 3949 sint
1669 3906 1825 3960 spes,

224 3994 370 4051 ﬁdes
392 4001 450 4048 et
474 3991 713 4047 charitas
751 3989 1049 4057 invisibiles
1083 3997 1140 4046 et
1164 3987 1522 4058 incorporalis
1542 3983 1821 4056 qualitatis

226 4084 537 4141 secundum
559 4082 941 4154 proprietatem
967 4094 1079 4135 sua:
1115 4078 1449 4143 substantiae,
1494 4077 1547 4133 in
1569 4091 1697 4132 vero
1721 4075 1823 4131 ho-

228 4176 383 4233 mine
409 4175 503 4245 qui
532 4175 631 4230 bas
654 4175 839 4237 habet,
862 4172 1030 4228 videri
1058 4186 1165 4226 non
1186 4179 1435 4240 possunt,
1462 4168 1570 4227 nisi
1598 4167 1737 4224 forte
1763 4168 1831 4222 in-

225 4263 492 4335 opertbus
515 4261 991 4327 demonstrentur;
1020 4259 1191 4316 .sedes
1214 4260 1575 4315 enim'earum
1598 4257 1740 4314 sicut
1764 4264 1820 4311 et

227 4360 558 4411 ceterarum
580 4350 863 4413 virtutum,
888 4349 945 4403 in
967 4349 1147 4404 anima
1159 4357 1261 4413 est,
1284 4362 1448 4417 quam
1471 4354 1684 4404 constat
1700 4361 1821 4402 esse

1883 506 2109 569 vicerunt
2171 522 2351 576 regna,
2395 508 2595 577 operati
2626 516 2747 563 sunt
2790 506 3083 578 justitiam,
3130 509 3305 580 adepti
3349 520 3474 567 sunt
3510 536 3529 565 .-

1884 598 2321 667 repromissimm.
2353 600 2709 655 exstinxerat
2739 601 2985 670 impetum
3010 601 3166 672 ignis,
3199 601 3476 661 convolate,

1885 697 2005 743 runt
2037 690 2102 744 de
2143 691 2468 761 inﬁrmitate,
2504 692 2667 762 fortes
2701 691 2827 763 facti
2853 700 2976 746 sunt
3002 693 3059 746 in
3083 692 3238 758 bello,
3264 692 3350 750 vel
3371 679 3479 749 ὀων
3520 732 3527 735 ν

1885 796 2000 844 tera
2047 804 2168 859 quae
2214 797 2529 858 sequuntur.
2577 789 2716 857 Quid
2760 803 2890 859 ergo
2938 788 3237 846 debeamus
3274 789 3479 845 imitati

1886 880 2283 936 evidentissime
2304 880 2443 947 idem
2473 878 2748 948 apostolus
2766 879 3121 941 demonstrat.
3147 894 3273 934 cum
3300 878 3433 934 dicit
3458 896 3474 931 :

1888 973 2069 1028 Estote
2090 973 2377 1027 imitatores
2396 971 2516 1035 Dei,
2544 972 2678 1043 sicut
2702 970 2802 1040 ﬁlii
2829 971 3123 1026 charissinii
3148 969 3366 1042 (Ephes.
3386 972 3479 1039 v);

1887 1072 1943 1117 et
1968 1062 2023 1117 in
2047 1061 2155 1117 alio
2184 1061 2301 1117 loco
2322 1061 2486 1117 dicit:
2517 1060 2818 1115 Imitatores
2833 1060 2935 1114 mei
2958 1069 3141 1124 estote,
3157 1060 3293 1114 sicut
3312 1069 3361 1113 et
3382 1075 3478 1130 ego

1890 1155 2085 1211 Clu'isti
2114 1155 2164 1225 (Ι
2190 1154 2314 1209 Cor.
2352 1154 2434 1225 ιι).
2462 1154 2612 1209 Unde
2636 1152 2839 1223 liquido
2866 1161 3015 1223 patet
3042 1154 3184 1208 hanc
3206 1168 3328 1208 esse
3351 1167 3482 1222 apo-

1891 1247 2138 1303 stOlicam
2160 1246 2519 1310 traditionem,
2543 1257 2749 1300 utnon
2782 1246 2839 1301 in
2881 1245 3130 1315 picturis,
3155 1246 3249 1301 sed
3294 1247 3348 1301 in
3372 1246 3482 1300 vir—

1894 1339 2097 1394 tutibus
2122 1337 2292 1393 videri
2312 1338 2485 1406 possit
2506 1345 2815 1392 sanctorum
2837 1337 3016 1392 exitus
3033 1337 3480 1397 conversationis,
3502 1386 3513 1391 ,ν

1892 1439 1949 1485 et
1973 1445 2160 1485 eorum
2196 1429 2396 1483 imitari
2440 1428 2593 1491 fides,
2625 1443 2733 1482 non
2769 1427 3061 1495 imaginum
3100 1427 3257 1493 fucis,
3288 1427 3384 1482 sed
3427 1427 3483 1481 in

1894 1523 2152 1594 operibus
2175 1522 2350 1577 bouis.

2460 1634 2689 1693 CAPUT
2728 1634 2909 1691 XVIII.

1905 1748 2056 1816 Quod
2095 1765 2227 1803 vana
2263 1749 2330 1802 sit
2355 1764 2468 1817 spes
2492 1762 2670 1819 eorum
2705 1744 3043 1819 quisalutem
3077 1758 3227 1819 suam
3266 1743 3323 1796 in
3345 1743 3485 1796 ima-

1972 1819 2176 1944 ?inibus
2200 1813 2428 1901 ponunt,
2469 1813 2740 1900 dicentes:
2773 1815 2925 1868 Sicut
2966 1813 3486 1895 lsraeliticusapupu-

1994 1905 2059 1944 us
2082 1897 2351 1944 sementis
2372 1902 2507 1943 tenet
2533 1885 2868 1944 inspectione
2884 1892 3133 1939 servatus
3156 1892 3258 1944 est,
3281 1899 3367 1939 sic
3388 1892 3486 1939 nos

1922 1922 1931 1929 ι
1972 1883 2059 1945 lus
2082 1883 2351 1959 serpentis
2372 1889 2507 1959 niuei
2533 1885 2868 1959 inspectione
2884 1892 3133 1959 servatus
3156 1892 3258 1947 est,
3281 1883 3367 1939 sic
3388 1892 3489 1939 nos

1975 1954 2289 2017 sanctorum
2317 1958 2519 2029 eliigies
2543 1954 2869 2026 aspicientes
2898 1954 3249 2011 salvabimur.

1976 2052 2113 2122 Spes
2134 2045 2426 2121 eorumqui
2448 2049 2673 2106 salutem
2695 2064 2850 2102 suam
2874 2048 2927 2101 in
2946 2046 3270 2117 imaginibus
3283 2054 3491 2118 ponunt

1905 2145 1973 2199 ab
2000 2141 2259 2213 Apostolo
2278 2142 2616 2212 roprobatur,
2638 2139 2731 2209 qui
2754 2152 2904 2208 spem
2926 2153 3034 2192 non
3063 2137 3120 2192 in
3153 2135 3239 2191 bis
3262 2150 3383 2205 qua:
3405 2135 3495 2189 vi:i

1908 2238 2118 2299 dentur,
2140 2234 2234 2289 sed
2256 2234 2309 2289 in
2338 2235 2423 2289 his
2450 2249 2570 2303 quae
2596 2248 2699 2287 non
2719 2232 2965 2287 videntur
2989 2243 3111 2286 esse
3133 2229 3378 2293 disserit;
3412 2228 3491 2283 ait

1906 2324 2085 2381 enim:
2116 2322 2245 2394 Spes
2269 2339 2386 2394 qua:
2402 2322 2601 2376 videtur
2626 2338 2728 2377 non
2750 2329 2825 2375 est
2851 2337 2965 2391 spes
2981 2318 3327 2391 (Romam);
3348 2319 3493 2387 quod

1907 2419 2053 2483 enim
2080 2416 2227 2472 videt
2242 2416 2389 2487 quis,
2407 2415 2536 2485 quid
2564 2414 2777 2484 sperat?
2803 2412 2860 2468 Si
2893 2420 3071 2467 autem
3099 2411 3244 2481 quod
3276 2425 3383 2465 non
3410 2412 3492 2463 vi-

1910 2510 2100 2565 demus
2132 2522 2434 2577 speramus,
2456 2521 2553 2575 per
2571 2504 2889 2575 patientiam
2930 2511 3331 2571 exspectamus.
3355 2499 3493 2554 Nam

1910 2602 2036 2656 dum
2058 2614 2239 2656 sexiens
2264 2612 2485 2667 serpens
2502 2596 2848 2666 prrccipiente
2863 2595 3093 2649 Domino
3113 2608 3144 2647 a
3168 2591 3349 2662 Moyse
3360 2607 3510 2647 conv.

1912 2692 2073 2753 ditus,
2102 2697 2158 2745 et
2185 2689 2237 2744 in
2265 2688 2478 2744 sublimi
2503 2687 2681 2750 fuerit,
2700 2701 2804 2741 non
2828 2694 2887 2739 ut
2909 2682 3491 2751 aduraretur,positns,

1912 2783 2007 2839 sed
2033 2789 2091 2836 ut
2117 2781 2184 2836 ad
2211 2790 2420 2849 tempus
2455 2779 2748 2849 ignitorum
2777 2777 3107 2847 serpentium
3132 2773 3329 2831 virosis
3349 2771 3496 2828 obsi-

1912 2882 2079 2928 steret
2099 2872 2385 2936 morsibus,
2414 2870 2565 2927 falsa:
2600 2870 2713 2939 spei
2747 2868 3110 2923 ludificatioue
3147 2865 3492 2927 deluduntur,

1914 2966 2005 3035 qui
2029 2965 2105 3019 ita
2128 2979 2189 3020 se
2214 2976 2377 3019 manu
2409 2962 2671 3019 factarum
2710 2960 3002 3031 imaginum
3038 2956 3375 3025 inspectione
3407 2970 3496 3009 sa-

1916 3058 2123 3115 candos
2160 3056 2513 3120 arbitrantur,
2539 3055 2681 3110 sicut
2719 3051 3048 3108 lsracliticus
3082 3047 3311 3119 populus
3351 3046 3498 3103 illius

1912 3150 2047 3205 :nnei
2072 3144 3069 3218 serpentisinspectioneabignitarum
3095 3140 3323 3210 pestium
3344 3153 3511 3197 mor--

1912 3244 2087 3300 tiferis
2127 3244 2324 3301 ictibus
2348 3243 2655 3309 sanabatur,
2692 3238 2989 3308 praesertim
3036 3251 3161 3291 cum
3187 3234 3276 3291 ille
3302 3241 3363 3286 ut
3402 3232 3536 3287 lien

1912 3345 2012 3401 rel,
2035 3336 2202 3407 Moysi
2224 3352 2256 3389 a
2273 3335 2498 3391 Domino
2524 3333 2845 3401 imperatum
2872 3337 2955 3384 est
2985 3346 2997 3381 :
3025 3328 3109 3382 hze
3134 3342 3261 3380 vero
3285 3333 3345 3379 ut
3366 3324 3498 3381 fiant

1912 3427 2113 3480 nullius
2150 3424 2444 3492 Scriptura:
2495 3430 2648 3477 textu
2701 3422 2772 3475 sit
2823 3418 3149 3475 institutum.
3192 3412 3332 3481 Quid
3367 3428 3533 3482 ergo-

1912 3531 2136 3586 serpens
2163 3516 2273 3577 ille,
2303 3514 2455 3582 cujus
2493 3511 2844 3581 inspectione
2865 3526 2898 3564 ιι
2934 3506 3275 3576 serpentibus
3310 3504 3500 3559 vulne-

1914 3609 2018 3663 rati
2055 3608 2402 3667 sanabantur,
2433 3599 2974 3674 signiﬁcaverit,ipso
2997 3597 3358 3664 Redemptore
3400 3610 3499 3650 no-

1914 3708 2028 3756 stro
2056 3699 2281 3755 docente
2314 3696 2680 3767 cognovimus,
2720 3691 2823 3761 qni-
2840 3691 2921 3744 ait
2949 3703 2964 3742 :
2995 3687 3143 3744 Sicut
3176 3685 3383 3755 Moyses
3413 3701 3498 3739 ex-

1915 3793 2096 3847 ultauit
2124 3792 2411 3861 serpentem
2431 3789 2489 3841 in
2508 3786 2733 3845 deserto,
2757 3785 2833 3837 ita
2856 3778 3080 3836 exaltari
3107 3786 3305 3848 oportet
3326 3774 3497 3844 ﬁlium

1915 3866 2140 3939 hominis
2164 3881 2344 3953 (Joan.
2364 3879 2481 3951 m);
2508 3892 2676 3948 quem
2690 3874 2941 3952 videlicet
2955 3873 3082 3927 dum
3105 3868 3291 3925 sedula
3317 3874 3505 3927 mente

1918 3976 2148 4032 internis
2210 3974 2382 4030 oculis
2432 3973 2740 4043 aspicimus,
2802 3968 3161 4038 malignorum
3210 3964 3528 4034 spirituum-

1918 4066 2213 4125 mortiferis
2255 4065 2613 4121 tentationum
2648 4060 2920 4117 morsibus
2958 4056 3245 4127 superatis,
3285 4061 3533 4110 aeterna»

1919 4161 2111 4215 mortis
2138 4156 2377 4229 pericula
2409 4157 2692 4211 evitamus.
2726 4151 2992 4207 Praeterea
3028 4149 3168 4204 sicut
3190 4144 3522 4205 ,iu_divinu:;

1921 4249 2271 4323 legis-verbis
2302 4264 2366 4304 ea
2407 4262 2530 4317 quae
2561 4262 2592 4299 a
2621 4251 2810 4301 sancto
2845 4241 3053 4313 Spiritu
3098 4240 3232 4295 bene
3269 4237 3324 4292 in
3361 4235 3497 4305 lege,

1921 4335 2537 4412 pmpbetis,.Evangelio
2565 4335 2677 4390 sive
2717 4331 2973 4404 apostolis
3011 4330 3154 4384 dicta
3184 4324 3502 4412 sunt,.ple-

228 4441 585 4499 ibvisibilem.
615 4440 685 4497 Et
714 4439 759 4494 si
788 4411 1021 4502 iuvero,
1064 4438 1157 4508 qui
1181 4411 1280 4493 has
1303 4411 1488 4507 utique
1524 4437 1704 4500 habet,
1743 4436 1821 4490 vi-
1852 4463 1903 4523 η
1926 4446 2151 4503 rumque
2175 4443 2428 4500 perversa
2458 4425 2760 4483 intentione
2779 4424 2846 4477 ab
2869 4416 3229 4476 schismaticis
3253 4411 3525 4468 maletiu-»

228 4534 483 4591 derinon
516 4540 765 4602 possunt;
793 4532 983 4588 multo.
1006 4529 1279 4587 minusin
1312 4530 1457 4603 picto
1494 4528 1665 4585 videri
1706 4535 1827 4598 pot:

230 4631 425 4687 erunt,
469 4622 562 4693 qui
601 4636 707 4679 non
735 4621 908 4678 solum
960 4621 1061 4684 his,
1114 4628 1173 4675 ut
1218 4620 1426 4689 praefati
1477 4634 1684 4683 sumus,
1731 4619 1825 4672 sed

230 4716 401 4773 etiam
448 4714 558 4769 vita
596 4722 776 4778 caret;
822 4722 878 4768 et
921 4713 969 4767 si
1011 4712 1065 4767 in
1113 4713 1199 4769 bis
1235 4711 1535 4767 videriuou
1577 4716 1846 4779 possunt,

231 4804 406 4861 multo
432 4804 597 4874 igitur
623 4804 803 4860 minus
822 4803 1032 4880 imitari
1059 4809 1349 4871 poterunt:
1382 4802 1525 4857 unde
1544 4800 1703 4855 datur
1740 4800 1824 4854 in-

232 4895 421 4964 telligi.
457 4907 655 4951 vanam
695 4907 819 4948 esse
863 4907 1053 4948 eorum
1099 4892 1258 4947 iidem
1301 4891 1393 4961 qui
1424 4906 1520 4961 per
1566 4891 1829 4962 imagines

231 4990 551 5042 sanctorum
573 4985 734 5041 ﬁdem
756 4983 1060 5039 imitaturus
1083 4998 1145 5038 se
1166 4982 1368 5040 dicunt.
1394 4980 1515 5037 iam
1545 4998 1673 5039 vero
1698 4982 1825 5050 quia

232 5078 446 5157 dicunt,
486 5074 793 5132 Secundum
842 5074 1193 5145 apostolicam
1232 5074 1607 5137 traditionem,
1646 5074 1827 5130 dicant

234 5174 332 5230 ubi
353 5174 424 5229 ab
455 5172 714 5242 apostolis
738 5181 833 5228 aut
864 5172 1124 5243 exemplis
1142 5181 1235 5227 aut
1260 5171 1728 5227 verbistraditum
1754 5171 1837 5226 sit

235 5274 340 5337 per
382 5266 648 5335 imagines
688 5266 873 5322 videre
903 5264 1571 5321 exituunconversationis
1613 5272 1828 5319 sancto—

238 5373 365 5414 rum
395 5367 455 5413 et
488 5374 677 5414 eorum
708 5358 1118 5414 imitari-tidem.
1145 5357 1361 5412 Exitum
1390 5370 1523 5424 ergo
1542 5369 1828 5419 conversa-

237 5452 409 5508 tionis
439 5459 751 5505 sanctorum
797 5451 925 5504 hoc.
948 5449 1109 5502 modo
1153 5449 1487 5502 demonstrat
1519 5443 1824 5514 Apostolus,

240 5558 372 5600 cum
396 5542 530 5598 dicit
554 5559 585 5596 :-
608 5540 791 5597 Sancti
813 5558 989 5595 omnes
1026 5540 1187 5610 juxta
1230 5537 1405 5607 ﬁdem.
1432 5536 1665 5606 defuncti
1705 5544 1825 5591 sunt

219 5649 355 5689 ,ηοω
386 5634 610 5702 “septis
648 5630 1147 5702 repromissionibus,
1175 5628 1265 5682 sed
1294 5645 1329 5681 α
1354 5628 1504 5699 longe
1525 5626 1837 5697 aspicientes.

240 5742 292 5785 et
329 5729 619 5784 salutantes
648 5737 695 5781 et
717 5726 1012 5782 confitentes
1049 5723 1173 5791 quia
1213 5720 1469 5791 peregrini
1512 5728 1561 5773 et
1606 5719 1827 5787 hospites

1926 4524 2259 4594 tclliguutur,
2292 4521 2366 4575 ita
2400 4519 2563 4575 etiam
2591 4516 2844 4586 pleraque
2870 4527 2991 4582 quae
3026 4509 3241 4566 idcirco.
3260 4523 3291 4560 a
3319 4506 3499 4563 Patri-

1922 4616 2025 4670 bus
2048 4622 2109 4668 ut
2143 4613 2459 4683 prodessent
2494 4609 2740 4665 instituta
2770 4604 2854 4659 vel
2892 4603 3034 4658 facta
3071 4608 3216 4666 sunt,
3259 4599 3523 4663 decussis,

1923 4703 2253 4777 prolixorum
2297 4709 2595 4769 temporum
2638 4694 2951 4757 curriculis,
3006 4707 3036 4746 a
3090 4688 3322 4761 posteris
3359 4687 3501 4743 male

1924 4797 2109 4852 habita
2134 4803 2190 4850 et
2212 4795 2269 4848 in
2288 4805 2601 4864 perversum
2631 4795 2837 4843 mutata
2857 4786 3022 4840 fuisse
3048 4782 3361 4844 creduntur,
3395 4779 3502 4834 sic-

1925 4897 1986 4944 ut
2018 4887 2083 4943 de
2118 4883 2467 4957 phylacteriis
2497 4890 2553 4938 et
2586 4879 2835 4943 ﬁmbriis,
2870 4878 2934 4931 de
2982 4875 3176 4945 quibus
3194 4871 3372 4944 opaulo
3414 4886 3505 4923 su-

1923 4982 2107 5052 perius
2139 4981 2342 5037 dictum
2377 4986 2481 5043 est,
2519 4974 2603 5031 vel
2638 4974 2801 5028 etiam
2830 4974 2897 5029 de
2931 4985 3082 5025 aeneo
3118 4973 3386 5037 serpente,
3436 4963 3504 5017 de

1925 5088 2032 5142 quo
2059 5088 2204 5127 nuto
2235 5070 2414 5126 dicere
2446 5064 2798 5128 instituimus,
2826 5062 2938 5133 qui,
2969 5069 3028 5116 ut
3054 5057 3261 5131 pnefati
3293 5069 3507 5117 sumus,

1925 5164 1992 5222 ad
2052 5172 2269 5233 tempus
2310 5169 2371 5216 ut
2411 5158 2709 5213 vulneratis
2744 5172 2775 5209 a
2812 5153 3150 5225 serpentibus
3200 5148 3516 5220 prodesset,

1926 5255 2028 5311 fuit
2055 5251 2409 5313 necessarius,
2445 5263 2542 5318 per
2577 5261 2740 5316 quem
2774 5244 3132 5315 postmodum.
3155 5239 3374 5300 inolevit
3409 5253 3501 5294 ex:

1927 5346 2192 5401 celsorum
2249 5338 2703 5396 insolentissimus
2756 5350 2886 5390 usus
2921 5332 3074 5391 :_cui
3112 5347 3234 5386 cum
3277 5329 3501 5383 vidisset

1926 5434 2188 5493 Ezechias
2215 5447 2307 5487 rex
2332 5429 2513 5500 justus
2540 5428 2758 5482 incensa
2778 5425 2995 5480 adolere
3019 5430 3081 5477 et
3098 5421 3353 5493 quaslam
3382 5416 3509 5473 ωιν-

1927 5536 2079 5583 turas
2097 5522 2370 5584 exhibere,
2399 5533 2702 5590 magnaque
2723 5532 2790 5573 ex
2820 5524 2974 5587 parte
3004 5514 3258 5586 populum
3286 5508 3512 5581 pericli—

1928 5617 2054 5694 tari,
2078 5624 2229 5669 tanto
2262 5626 2579 5684 persuasum
2598 5624 2953 5673 errore,.eum
2981 5623 3085 5662 non
3118 5603 3326 5660 distulit
3357 5600 3502 5657 fratr

1928 5684 2078 5781 gere,
2104 5724 2266 5778 quem
2289 5715 2341 5761 et
2368 5721 2461 5775 per
2485 5704 2848 5775 lcgislatonem
2870 5702 2939 5757 ad
2960 5700 3257 5772 profectum
3281 5700 3507 5751 noverat,
3561 5672 3580 5741 δ
