3990 6302
518 306 654 367 {057

1343 315 1441 371 ει).
1495 299 1747 374 ‘caaou
1787 316 2000 374 MAGN!
2048 318 2199 375 ora.
2238 322 2416 380 mus
2456 322 2519 381 ιι.
2574 322 2917 382 summa;
2984 358 2996 371 -

3622 336 3762 394 ποις

519 418 790 479 conditum
818 422 1002 489 fuisse,
1024 433 1078 479 et
1105 438 1135 478 a
1164 425 1359 495 populo
1383 428 1637 483 cernebat
1659 428 1919 483 celebrari
1939 443 2080 483 vano
2105 429 2157 487 Δ
2182 434 2461 502 sequimur
2495 437 2693 492 habere
2720 454 2881 508 opera
2905 444 3267 510 quorumlibet
3302 445 3609 503 artiﬁcum:
3640 451 3766 506 illos

513 514 662 568 enim
694 524 752 569 ct
782 517 1151 585 superstitiosa
1187 518 1460 587 religione.
1502 517 1645 574 Laus
1679 534 1810 588 ergo
1846 515 2083 587 ejusdem

517 606 762 663 Ezechiae
785 608 1109 663 sanctissimi
1137 609 1277 679 regis
1302 623 1367 663 eo
1386 608 1532 677 quod
1553 623 1720 664 vanas
1747 609 2084 679 superstitio-

512 712 609 753 nes
645 700 943 765 abstulerit,
991 700 1343 769 eamdemque
1397 708 1698 770 serpentem
1736 699 2078 769 confregerit,

513 786 619 844 hoc
650 785 808 844 modo
847 789 899 843 in
927 788 1123 843 divinis
1156 789 1354 844 litteris
1380 790 1650 845 habetur:
1679 788 1848 853 Fecit,
1884 789 2097 857 inquit,

512 878 765 934 Ezechias
784 881 922 951 quod
944 881 1133 934 bonum
1163 891 1275 934 erat
1304 897 1479 936 coram
1505 881 1750 945 Domino,
1777 881 1938 951 juxta
1969 897 2095 934 om»

504 970 601 1024 nia
620 985 736 1039 qua
759 971 952 1039 fecerat
980 970 1147 1025 Dauid
1182 979 1330 1041 pater
1358 968 1525 1025 suus:
1561 976 1668 1041 ipse
1695 971 1964 1041 dissipavit
1990 985 2083 1024 ca:-

509 1057 644 1114 celsa
672 1068 721 1112 et
744 1060 985 1113 contrivit
1009 1070 1228 1123 statuas,
1269 1069 1317 1114 et
1353 1060 1572 1115 succidit
1605 1058 1770 1123 lucos,
1805 1058 2083 1129 confregit.

506 1160 604 1217 que
623 1159 907 1219 serpentem
930 1166 1132 1205 teneam
1160 1166 1309 1219 quem
1336 1150 1526 1218 fecerat
1554 1148 1758 1219 Moyses
1780 1168 1797 1203 :
1824 1148 2081 1225 siquidem

505 1254 666 1309 usque
698 1238 769 1292 ad
803 1238 934 1294 illud
960 1250 1161 1309 tempus
1191 1239 1291 1307 ﬁlii
1330 1237 1499 1299 Israel
1516 1236 1799 1293 .adolebant
1818 1238 1872 1290 ei
1907 1239 2080 1291 iacet»

503 1329 963 1397 sum,.vocaritque
989 1344 1105 1382 eum
1132 1326 1401 1387 Naustatt.
1432 1326 1754 1383 In’Domino
1778 1325 1887 1381 Deo
1909 1325 2077 1381 Israel

500 1417 744 1488 speravit,
766 1418 941 1487 itaque
965 1426 1078 1488 post
1101 1433 1219 1471 eum
1242 1433 1345 1470 non
1374 1416 1474 1485 fuit
1508 1415 1695 1470 similis
1714 1417 1762 1470 ei
1791 1414 1856 1471 de
1878 1418 2079 1471 cunctis

502 1508 705 1579 regibus
730 1508 891 1569 Iuda,
916 1508 1006 1562 sed
1042 1523 1204 1579 neque
1238 1509 1294 1563 in
1317 1507 1399 1563 his
1418 1508 1515 1578 qui
1539 1515 1660 1563 ante
1678 1523 1797 1559 eum
1831 1506 2071 1575 fuerunt:

498 1608 547 1651 et
572 1597 791 1652 adltirsit
816 1598 1058 1662 Domino,
1076 1608 1133 1676 et
1167 1615 1271 1652 non
1292 1598 1497 1652 recessit
1527 1614 1558 1650 a
1584 1598 1808 1667 vestigiis
1840 1596 1975 1667 ejus,
2005 1598 2078 1667 fe-

498 1694 668 1766 citque
692 1693 942 1763 mandata
967 1692 1082 1763 ejus
1113 1708 1229 1764 qua:
1258 1699 1571 1762 prmceperat
1599 1690 1851 1744 Dominus
1881 1689 2071 1762 Moysi,

2180 525 2270 593 qui
2301 527 2553 595 spiritum
2597 531 2873 587 servitutis
2913 546 3234 605 acceperunt
3269 538 3324 593 in
3359 540 3559 595 timore
3577 540 3764 601 dicant

2181 616 2433 672 habuisse
2452 632 2513 673 ea
2529 632 2649 690 qua
2668 621 2877 693 Moyses
2903 624 3149 692 faciebat,
3165 629 3395 686 Domino
3421 633 3764 697 insinuante;

2180 719 2278 758 nos
2304 706 2395 774 qui
2423 708 2671 777 spiritum
2693 712 2996 781 adoptionis
3024 718 3348 786 accepimus,
3366 721 3426 775 in
3444 738 3543 793 quo
3562 724 3766 777 clama-

2179 809 2294 848 mus
2327 796 2472 850 Abba
2509 807 2675 868 pater,
2716 801 2916 857 habere
2952 805 3214 876 imagines
3240 823 3375 877 quas
3407 811 3637 881 quilibet
3683 814 3770 883 pi-

2179 890 2305 938 ctor
2319 887 2503 943 condit
2526 892 2810 946 mundanae
2825 900 3035 949 tantum
3059 897 3193 952 artis
3210 902 3535 967 experientia
3558 905 3771 973 perdo-

2177 982 2351 1029 cente.
2382 975 2490 1032 Nos
2511 980 2677 1044 enim,
2707 983 2800 1051 qui
2828 998 2935 1038 non
2976 987 3254 1054 sequimur
3286 989 3517 1046 litteram
3553 992 3765 1047 morti-

2177 1064 2448 1130 licantem,
2476 1068 2570 1124 sed
2596 1070 2845 1137 spiritum
2874 1074 3264 1141 viviﬁcantem;
3297 1080 3386 1148 qui
3418 1096 3521 1135 non
3556 1098 3769 1138 urna-

2176 1152 2265 1217 lis,
2297 1155 2393 1210 sed
2435 1157 2696 1225 spiritalis
2720 1161 2884 1219 lsrael
2912 1179 3132 1234 sumus;
3173 1169 3264 1237 qui
3298 1171 3490 1240 spretis
3524 1173 3770 1229 risibili~

2175 1244 2276 1335 bus
2303 1246 2590 1304 invisibilia
2615 1255 3058 1323 contemplemur,
3088 1273 3196 1313 non
3224 1261 3392 1314 solum
3421 1262 3768 1335 imaginibus

2175 1333 2377 1427 minima
2404 1341 2681 1408 mysteria,
2703 1358 2825 1412 quas
2842 1347 2989 1400 omni
3027 1350 3285 1418 mysterio
3311 1360 3513 1419 carent,
3538 1333 3659 1409 sed
3680 1356 3773 1427 ip-

2175 1426 2251 1480 sis
2277 1428 2474 1484 tabulis
2502 1445 2597 1486 seu
2634 1435 2846 1492 duobus
2885 1439 3165 1495 cherubim
3192 1442 3392 1511 majora
3421 1453 3473 1499 et
3504 1426 3770 1503 eminus

2174 1517 2311 1574 tiora
2339 1525 2716 1592 mysteriorum
2755 1528 2986 1601 insignia
3022 1547 3054 1587 a
3090 1533 3316 1591 Domino
3341 1539 3610 1609 accepisse
3646 1556 3766 1597 nos

2174 1612 2528 1680 gratulamur,
2570 1631 2694 1672 eam
2721 1618 2970 1676 videlicet
3014 1624 3209 1681 tabulae
3242 1634 3299 1681 et
3336 1629 3438 1684 duo
3463 1631 3767 1686 cherubim

2174 1704 2501 1774 exemplaria
2528 1705 2735 1763 fuerint
2764 1710 3099 1781 futurorum;
3127 1722 3183 1771 et
3207 1731 3330 1772 cum
3347 1718 3509 1776 Judzei
3538 1723 3769 1778 habue-

497 1792 546 1836 et
564 1792 675 1837 erat
702 1780 956 1836 Dominus
983 1798 1101 1835 cum
1121 1789 1268 1885 emet
1292 1781 1347 1834 in
1377 1779 1670 1885 cunctis-ad
1691 1796 1808 1852 qua:
1832 1780 2071 1851 procede-
2101 1775 2147 1837 Β
2174 1794 2284 1849 rint
2317 1799 2625 1864 carnaliter,
2659 1805 2851 1872 resque
2882 1775 3303 1879 typicisyopertte
3342 1813 3520 1883 ﬁguris
3542 1775 3769 1885 pure—ﬁ-

496 1874 586 1928 bat
607 1874 867 1943 sapienter
891 1873 1073 1943 agebat
1097 1870 1183 1943 (II
1207 1870 1336 1942 Reg.
1363 1870 1541 1940 xvtn).
1571 1871 1699 1928 Haec
1723 1879 2070 1941 praetereaet

495 1964 799 2033 huiusmodi
832 1964 1259 2034 superstitiones,
1292 1979 1431 2033 quas
1451 1979 1511 2019 se
1540 1965 1757 2033 quidam
1791 1973 1981 2034 putant
1998 1968 2070 2023 ob
2131 1959 2149 1976 ’

494 2070 734 2111 amorem
763 2056 858 2110 Dei
887 2055 1084 2121 facere,
1110 2056 1251 2111 sicut
1275 2057 1330 2111 hi
1356 2056 1452 2126 qui
1478 2057 1548 2110 ob
1571 2064 1884 2112 sanctorum
1913 2073 2067 2113 amo-

494 2159 609 2202 rem
648 2147 973 2218 imaginibus
1004 2147 1289 2204 luminaria
1336 2147 1654 2213 accendunt,
1706 2163 1907 2219 easque
1941 2150 2073 2205 ado-

492 2242 636 2301 rant,
665 2238 765 2292 lioc
795 2238 955 2294 modo
976 2239 1167 2293 beatus
1196 2237 1556 2309 Hieronymus
1585 2240 1712 2294 dum
1735 2239 1804 2294 de
1838 2240 2073 2296 fimbriis

490 2335 548 2382 et
576 2327 923 2399 phylactcriis
959 2328 1352 2388 Phariseor‘um
1380 2330 1552 2384 sancti
1580 2329 1845 2398 evangelii
1882 2330 2069 2399 lectio-

491 2432 615 2473 nem
635 2426 946 2488 exponeret,
970 2420 1314 2488 reprehendit
1341 2419 1554 2474 dieens:
1587 2437 1607 2470 ί
1632 2418 1745 2475 Hoc
1777 2421 1919 2490 apud
1945 2436 2073 2487 nos,

489 2510 684 2581 inquit,
712 2510 1101 2581 superstitiosa:
1127 2510 1453 2566 muiierculae
1491 2511 1545 2564 in
1578 2510 1817 2580 parvulis
1839 2519 2069 2582 evange-

488 2600 578 2655 liis
612 2611 668 2654 et
707 2600 764 2654 in
800 2601 978 2656 crucis
1013 2599 1159 2671 ligno
1193 2608 1249 2655 et
1297 2599 1352 2654 in
1392 2599 1911 2665 istiusmodi-rebus,
1947 2616 2067 2670 qum

488 2693 685 2747 habent
721 2693 936 2762 quidem
967 2693 1141 2747 zelum
1172 2693 1289 2758 Dei,
1319 2694 1411 2747 sed
1442 2709 1547 2747 non
1574 2691 1727 2761 juxta
1755 2694 2061 2759 scientiam,

486 2796 659 2852 usque
684 2781 844 2837 hodie
870 2781 1134 2847 factitant,
1161 2782 1387 2838 culicem
1411 2782 1701 2853 liquantes,
1724 2791 1780 2837 et
1799 2784 2064 2845 cometam

486 2873 794 2942 glutie‘ntes.
828 2891 847 2925 ι
874 2873 992 2927 iam
1017 2889 1147 2929 vero
1169 2875 1293 2944 quia
1320 2889 1379 2929 se
1400 2874 1700 2945 imaginum
1729 2875 2091 2946 inspectione:

486 2963 771 3017 salvandos
795 2962 1042 3027 credunt,
1082 2963 1222 3018 sicut
1246 2956 1512 3032 serpentis
1536 2964 1869 3034 inspectione
1890 2963 2063 3020 Israe-

487 3052 668 3106 liticus
692 3052 920 3121 populus
954 3068 984 3106 a
1024 3053 1353 3121 serpentium
1381 3054 1652 3110 morsibus
1676 3056 1987 3120 sanabatur,
2013 3055 2077 3111 si.

485 3159 589 3213 qua
627 3144 766 3199 forte
787 3145 868 3199 eis
893 3145 1138 3214 quasdam
1176 3146 1418 3215 corporis
1450 3146 1786 3202 inclementia
1813 3162 2057 3206 accesse-
2081 3124 2127 3187 θ

485 3236 577 3298 rit,
611 3246 892 3291 recurrant
919 3236 985 3290 ad
1015 3237 1285 3306 imagines.
1302 3251 1503 3308 easque
1534 3239 1827 3308 aspiciant,
1866 3247 2057 3310 quate-

485 3341 586 3381 nus
610 3328 736 3381 dum
765 3327 974 3382 illarum
1007 3326 1337 3399 inspectione
1362 3328 1587 3383 minime
1613 3329 1787 3384 sanati
1816 3329 2050 3395 fuerunt,

484 3425 824 3472 revertantur
863 3418 931 3471 ad
969 3419 1279 3482 Dominum,
1314 3426 1369 3473 et
1400 3433 1498 3488 per
1533 3429 1839 3475 sanctorum
1890 3421 2057 3479 inter.

483 3508 754 3563 cessiones
780 3511 848 3563 ab
868 3524 932 3564 eo
957 3512 1245 3565 sanitatem
1266 3525 1327 3565 se
1364 3518 1681 3581 accepturos
1715 3511 1939 3568 credant
1962 3512 2055 3583 qui

482 3600 646 3655 totius
670 3601 918 3657 sanitatis
936 3609 991 3656 et
1013 3602 1141 3657 vita:
1163 3610 1247 3657 est
1274 3612 1486 3659 auctor.

486 3710 498 3716 ·
1062 3690 1291 3749 CAPUT
1329 3692 1471 3747 XIX.

481 3779 634 3852 Quod
663 3796 869 3852 magnis
895 3782 963 3836 sit
1003 3782 1307 3837 temeritatis
1340 3782 1533 3850 dicere,
1566 3781 1719 3842 Sicut
1744 3782 1944 3841 Iudaeis
1971 3793 2054 3841 ta-

483 3891 487 3896 -
546 3851 687 3907 bulas
730 3851 787 3906 et
832 3851 938 3906 duo
980 3852 1279 3916 cherubim,
1311 3853 1390 3908 sic
1418 3856 1573 3910 nobis
1602 3853 1922 3911 Christianis
1960 3857 2056 3911 do-

548 3928 672 3997 nata
708 3929 790 3973 est
817 3936 947 3997 crux
976 3930 1031 3997 et
1065 3931 1370 3977 sanctorum
1390 3923 1681 3997 imagines,
1711 3926 1778 3981 ad
1814 3926 2054 3981 scriben-

549 3988 676 4043 dum
711 3997 765 4044 et
796 3991 1148 4045 adorandum.
1512 3988 1540 3997 ⁷
1603 4012 1607 4017 δ
1670 3988 1676 3990 ⁷
1757 4004 1764 4013 ’

549 4077 703 4148 Stepc
727 4079 780 4133 in
808 4080 909 4135 hoc
937 4096 1099 4150 opere
1127 4082 1305 4137 dicere
1331 4084 1852 4154 compellimurquod
1879 4100 2052 4154 neque

478 4168 674 4225 tabula:
697 4184 871 4238 neque
899 4169 1004 4224 duo
1025 4170 1320 4234 cherubim,
1345 4186 1445 4228 nec
1465 4181 1658 4228 caetera
1685 4172 2052 4241 hujuscemodi

476 4262 543 4317 ad
580 4262 907 4317 adurendum
927 4260 1173 4317 inVeteri
1195 4261 1541 4320 Testamento
1562 4265 1703 4320 facta
1741 4265 1903 4322 fuisse
1924 4280 2054 4326 cre-

476 4354 705 4406 dantur:
729 4367 847 4421 quas
858 4352 1072 4422 quidem
1095 4352 1372 4409 istiomnia
1398 4355 1584 4411 relicto
1606 4358 2054 4417 mediocritatiset

476 4434 815 4496 rectitudinis
845 4441 977 4497 calle
1007 4442 1061 4495 in
1081 4457 1145 4496 eo
1166 4441 1303 4495 ultra
1326 4457 1485 4512 quam
1516 4445 1648 4499 ordo
1667 4447 1928 4514 exposcit,
1956 4462 2049 4504 ex-

474 4530 687 4596 tollunt,
718 4532 860 4599 quod
880 4547 943 4586 ea
971 4532 1037 4586 ad
1052 4531 1392 4588 adorandum
1415 4534 1577 4590 fuisse
1612 4537 1804 4591 collata
1840 4540 2052 4607 procla-

474 4629 645 4686 mant,
672 4621 729 4676 in
757 4637 822 4677 eo
854 4624 981 4678 vero
1008 4623 1149 4678 ultra
1180 4638 1340 4693 quam
1382 4636 1468 4680 res
1504 4627 1670 4696 exigit
1707 4629 2048 4696 submittunt,

480 4708 622 4783 quod
663 4713 769 4768 illis
797 4712 1054 4784 imagines
1081 4715 1412 4784 aequiparare
1449 4714 1722 4771 affectant.
1759 4717 1893 4772 Cum
1922 4734 2051 4791 ergo

477 4805 681 4869 dicunt,
717 4823 734 4854 ‹
767 4803 918 4859 Sicut
957 4803 1153 4861 Iudaeis
1182 4806 1378 4861 tabulzc
1417 4815 1473 4862 et
1504 4807 1607 4861 duo
1634 4808 1934 4874 cherubim,
1973 4809 2049 4864 ita

472 4894 629 4951 nobis
652 4890 972 4950 Christianis
995 4896 1117 4950 data
1144 4903 1228 4949 est
1256 4910 1386 4950 crux
1425 4908 1480 4951 et
1518 4903 1827 4951 sanctorum
1860 4898 2052 4966 imagi-

470 5002 570 5043 nes
591 4984 659 5042 ad
684 4986 1014 5043 adorandum
1049 4993 1104 5039 et
1148 4987 1214 5039 ad
1252 4989 1627 5052 scribendum,
1666 5009 1685 5040 ι
1728 4989 1856 5058 quid
1903 4990 2053 5046 aliud

472 5077 697 5142 faciunt,
724 5077 828 5132 nisi
853 5084 913 5130 ut
938 5076 1198 5145 imagines
1223 5078 1477 5142 exultent,
1500 5078 1931 5134 Christianorum
1957 5094 2046 5135 res

469 5169 796 5222 extenuant?
832 5167 1131 5236 praesertim
1170 5182 1293 5221 cum
1330 5166 1451 5222 illos
1483 5168 1572 5236 qui
1609 5169 1711 5222 sub
1750 5168 1869 5237 lege
1891 5178 2051 5225 erant

472 5257 656 5312 dicant
676 5259 927 5313 habuisse
957 5258 1101 5313 duos-
1118 5258 1393 5313 cherubim
1422 5275 1451 5313 a
1479 5259 1662 5329 Moyse
1681 5260 1946 5324 conditos,
1978 5263 2045 5317 de

469 5358 699 5416 quorum
727 5347 903 5403 medio
928 5347 1070 5403 Deus
1105 5348 1440 5419 loquebatur,
1474 5364 1574 5401 nos
1603 5359 1781 5404 autem
1816 5351 1907 5420 qui
1941 5352 2043 5407 sub

469 5438 641 5513 gratia
670 5455 857 5495 sumus
896 5442 1078 5497 dicant
1127 5445 1327 5497 habere
1374 5447 1577 5510 cruces,
1612 5460 1732 5514 qua:
1759 5462 1788 5498 a
1819 5445 2043 5515 quibus-

468 5530 599 5590 libet
629 5532 928 5588 artificibus
952 5532 1242 5588 ellic’trntm
1280 5554 1289 5591 ξ
1331 5535 1453 5590 illos
1487 5537 1579 5603 qui
1619 5537 1863 5591 umbram
1906 5536 2041 5607 legis

467 5612 829 5694 sequebantur
862 5622 1114 5678 habuiSse
1159 5624 1378 5679 fmderis
1420 5625 1651 5688 tabulas,
1700 5626 2039 5685 continentes

465 5714 599 5788 legis
619 5714 951 5784 decalogum,
979 5728 1078 5768 nos
1104 5713 1194 5783 qui
1222 5713 1502 5769 veritatem
1534 5729 1654 5783 qua:
1686 5715 1934 5770 Christus
1952 5724 2035 5770 est

2170 1887 2481 1955 gurationes
2509 1890 2708 1947 fuerint
2747 1893 3070 1968 futurorum,
3099 1916 3196 1956 nos
3234 1902 3481 1961 habemus
3504 1908 3551 1961 in
3583 1910 3761 1964 reri-

2168 1983 2280 2032 tate
2300 1979 2617 2049 spiritaliter
2638 1998 2701 2039 ea
2728 2000 2848 2055 qum
2870 1987 2977 2044 illis
3001 1992 3392 2062 exemplaribus
3420 1997 3523 2052 sive
3551 2001 3762 2067 μετεϐ-

2167 2069 2535 2137 gurationibus
2569 2075 2878 2132 carnalibus
2921 2080 3415 2151 praeﬁgurabantur.
3461 2086 3762 2153 Quantum

2167 2174 2296 2229 ergo
2319 2162 2518 2219 eminet
2543 2166 2749 2222 umbra:
2782 2183 3007 2238 corpus,
3040 2173 3257 2244 imagini
3291 2177 3501 2241 veritas,
3540 2177 3762 2248 figura

2168 2263 2255 2303 res
2274 2260 2444 2320 gesta,
2468 2261 2675 2311 tantum
2703 2258 2906 2314 eminet
2931 2262 3110 2318 Veteri
3134 2264 3468 2323 Testamento
3490 2268 3725 2325 Novum
3743 2290 3761 2326 :

2165 2342 2361 2411 quippe
2394 2357 2516 2398 cum
2546 2345 2675 2403 illud
2704 2349 3007 2406 dedicatum
3047 2353 3117 2407 sit
3155 2370 3187 2409 a
3220 2355 3397 2428 Moyse
3433 2373 3552 2414 cum
3591 2360 3764 2418 lecto

2164 2433 2310 2487 omni
2332 2435 2587 2491 mandato
2620 2436 2753 2506 legis
2788 2442 3040 2497 universo
3068 2446 3281 2515 populo,
3313 2449 3571 2519 accipiens
3600 2467 3759 2508 san-

2164 2522 2378 2590 guinem
2417 2524 2705 2582 vitulorum
2755 2537 2812 2584 et
2868 2530 3140 2610 hircorum
3179 2549 3301 2592 cum
3337 2553 3464 2608 aqua
3504 2549 3563 2595 et
3607 2544 3759 2600 lana

2164 2615 2411 2673 coccinea
2434 2625 2490 2672 et
2515 2618 2769 2690 byssopo,
2793 2623 2968 2692 ipsum
2987 2640 3200 2696 quoque
3223 2627 3415 2685 librum
3438 2641 3490 2687 et
3511 2648 3759 2691 omnem

2161 2706 2416 2796 populum
2436 2711 2667 2778 aspersit
2693 2712 2896 2778 dicens,
2917 2714 3029 2770 llic
3045 2720 3260 2788 sanguis
3282 2727 3566 2777 testamenti
3587 2730 3761 2796 quod

2160 2795 2426 2852 mandauit
2447 2798 2517 2853 ad
2540 2816 2631 2857 vos
2651 2801 2797 2856 Deus
2823 2803 3021 2874 (Exod.
3042 2807 3226 2878 ntv);
3257 2809 3394 2866 istud
3417 2826 3547 2868 vero
3568 2795 3758 2871 dedi-

2160 2896 2339 2942 catum
2376 2889 2451 2943 sit
2471 2905 2503 2945 a
2528 2892 2709 2949 mundi
2750 2895 3107 2969 Redemptum
3135 2900 3360 2956 Domino
3391 2912 3576 2960 nostro
3596 2906 3756 2963 Iesu

2158 2975 2393 3043 Chr'Bto,
2420 2981 2514 3051 qui
2544 2982 2599 3036 in
2629 2999 2737 3053 qua
2772 2997 2921 3040 nocte
2954 2988 3276 3056 tradebatur,
3309 2995 3514 3069 accepit.
3540 3013 3755 3065 pm

2157 3080 2206 3123 et
2239 3071 2497 3128 benediatit
2521 3090 2589 3129 ac
2602 3074 2776 3146 fregit,
2811 3078 3052 3145 deditque
3082 3082 3351 3153 discipulis
3382 3088 3485 3140 suis
3511 3088 3710 3144 diem
3730 3109 3761 3146 τ

2160 3163 2276 3218 Hoc
2315 3174 2392 3220 est
2419 3172 2808 3237 corpssmeitm
2844 3174 2985 3243 quod
3023 3192 3120 3244 pro
3146 3176 3285 3246 uobis
3328 3180 3560 3233 tradetur
3585 3199 3605 3236 :
3627 3185 3771 3239 koc-

2156 3253 2311 3323 facite
2349 3257 2405 3310 in
2435 3273 2603 3311 meum
2633 3265 3176 3321 commemorationem
3208 3282 3227 3320 :
3263 3269 3562 3323 similiter"
3594 3275 3748 3327 caii-

2155 3361 2265 3398 σενι
2296 3362 2567 3418 postquam
2595 3353 2814 3406 coenavit
2847 3354 3044 3421 dicens,
3086 3355 3188 3410 Hic
3224 3359 3367 3414 calix
3389 3360 3585 3415 Notum
3614 3362 3728 3416 Te-

2153 3452 2178 3488 s
2200 3447 2463 3490 omentum
2486 3448 2566 3495 est
2592 3440 2647 3493 in
2678 3457 2790 3497 meo
2820 3446 3093 3514 sanguine,
3113 3447 3204 3518 qui
3234 3464 3326 3519 pro
3354 3451 3489 3503 nobis
3532 3460 3583 3504 et
3628 3471 3747 3523 pro

2154 3527 2330 3581 multis
2361 3530 2657 3598 (fundatur
2686 3533 2745 3586 in
2776 3535 3128 3591 remissionem
3155 3548 3476 3607 peccatorum
3502 3541 3559 3609 (Ι
3599 3542 3741 3599 Cor.

2152 3617 2252 3687 χι).
2281 3619 2337 3672 ln
2379 3619 2470 3673 illo
2502 3622 2728 3692 sanguis.
2756 3624 3031 3683 hircorum
3064 3635 3119 3680 et
3150 3636 3447 3693 taurorum,
3484 3640 3543 3685 et
3590 3634 3750 3691 ciuis

2154 3709 2334 3767 vitulte
2355 3727 2608 3782 aspersus
2630 3716 3004 3785 coinquinatos
3027 3721 3414 3785 sanctiﬁcabat,
3442 3722 3506 3777 ad
3539 3740 3749 3782 emun—

2152 3801 2429 3859 dationem
2464 3806 2676 3871 carnis;
2733 3808 2785 3862 in
2832 3809 2940 3865 isto
2988 3813 3203 3882 sanguis
3244 3814 3451 3869 Christi
3487 3818 3584 3886 qui
3633 3833 3747 3889 per

2154 3891 2416 3962 Spiritum
2436 3905 2684 3953 sanctum
2721 3902 3066 3971 semetipsum
3094 3904 3289 3958 obtulit
3324 3906 3741 3965 immaculatum

2153 3984 2290 4049 Deo,
2327 3994 2383 4041 et
2416 3989 2641 4043 mundat
2683 3992 3040 4051 conscientias
3080 4003 3306 4051 nostras
3359 3998 3429 4052 ab
3472 4002 3739 4069 operibus

2152 4075 2411 4139 mortuis,
2440 4077 2518 4133 ad
2557 4080 2895 4136 serviendum
2932 4083 3040 4139 Deo
3072 4085 3197 4139 vivo
3218 4094 3285 4140 .et
3333 4101 3484 4145 vero.
3526 4089 3589 4143 in
3636 4090 3738 4147 illo

2151 4180 2321 4234 agnus
2367 4182 2467 4237 per
2512 4168 2742 4226 familias
2787 4173 3155 4238 occidebatur,
3202 4174 3427 4246 ejusque
3469 4180 3737 4237 cartliblts

2150 4256 2347 4323 pascha
2369 4257 2770 4338 celebrabatur;
2796 4260 2850 4317 in
2880 4261 2987 4317 isto
3012 4262 3191 4332 Agnus
3218 4263 3314 4318 Dei
3333 4266 3425 4336 qui
3448 4267 3591 4321 tollit
3616 4284 3736 4338 pec-

2150 4359 2268 4403 cata
2290 4351 2474 4407 mundi
2495 4351 2679 4422 (locu.
2711 4334 2773 4424 ι),
2797 4355 2890 4423 qui
2916 4363 3000 4411 est
3033 4370 3193 4411 verus
3217 4334 3391 4427 agnus
3411 4334 3734 4415 immacula-

2152 4447 2266 4503 tus,
2309 4441 2422 4497 Deo
2454 4443 2617 4497 etiam
2653 4451 2739 4499 est
2775 4444 2830 4499 in
2862 4445 3184 4502 sacrificium
3237 4446 3471 4511 oblatus,
3511 4448 3747 4505 dieeute.

2150 4528 2443 4598 Apostolo,
2472 4530 2681 4588 Pascha
2740 4544 2974 4589 nostrum
3028 4535 3330 4592 irnmalatus
3373 4547 3451 4592 est
3489 4537 3730 4596 Christus

2152 4619 2204 4690 (Ι
2231 4619 2354 4675 Cor.
2370 4620 2443 4691 v).
2472 4620 2529 4676 in
2552 4622 2653 4679 illo
2676 4623 3049 4683 Chananitidis
3072 4628 3247 4694 gentis
3270 4643 3498 4699 regnum
3522 4646 3729 4686 rerum.

2149 4722 2253 4775 que
2308 4711 2668 4779 corporalium
2704 4709 2972 4769 amoenus
3018 4714 3320 4785 pollicetur,
3368 4716 3421 4770 in
3468 4718 3579 4773 isto
3615 4721 3722 4775 vita

2145 4808 2346 4855 aeterna
2385 4816 2714 4872 regnumque
2738 4803 2999 4860 caelorum
3030 4807 3363 4873 conceditur.
3387 4808 3447 4863 in
3478 4810 3574 4866 illo
3601 4828 3720 4882 pro—

2146 4889 2379 4944 mittitur
2402 4898 2549 4944 terra
2572 4906 2693 4960 qua:
2720 4891 2859 4947 lacte
2884 4899 2941 4945 et
2970 4892 3131 4949 melle
3153 4895 3299 4962 fluit;
3335 4897 3392 4951 in
3414 4897 3526 4953 isto
3561 4900 3720 4969 polli-

2144 4988 2298 5034 cetur
2316 4981 2494 5049 patria
2523 4982 2778 5047 audeatis,
2802 4982 2863 5045 in
2882 4998 2990 5054 qua
3026 4985 3183 5040 datur
3215 4989 3360 5056 quod
3392 5003 3501 5045 nec
3532 4991 3723 5046 oculos

2143 5072 2294 5136 vidit,
2319 5087 2418 5127 nec
2440 5073 2589 5128 auris
2617 5075 2837 5139 audivit,
2868 5090 2968 5132 nec
2992 5076 3045 5131 in
3073 5091 3168 5133 cor
3188 5078 3427 5135 hominis
3448 5083 3709 5138 ascendit.

2143 5164 2198 5235 lu
2225 5165 2318 5221 illo
2357 5166 2673 5231 neomeniae,
2696 5166 2751 5221 id
2777 5175 2861 5221 est
2894 5184 3047 5225 nove
3089 5167 3227 5227 luna:
3263 5171 3550 5241 principia,
3573 5173 3716 5229 eote-

2141 5257 2368 5323 baatur;
2407 5257 2460 5311 in
2501 5257 2605 5312 isto
2645 5274 2785 5315 nova
2816 5267 3065 5315 cresim
3105 5261 3159 5316 in
3185 5260 3405 5317 Christo
3428 5265 3703 5334 accipitur,
3746 5308 3755 5317 .

2140 5361 2267 5401 vase
2290 5347 2569 5417 electionis
2595 5347 2761 5404 Paulo
2793 5356 3099 5417 attestante,
3126 5351 3216 5421 qui
3238 5353 3346 5405 ait:
3364 5352 3427 5408 Si
3455 5371 3561 5419 qua
3580 5370 3706 5407 non

2139 5439 2194 5492 in
2219 5437 2423 5493 Christo
2451 5447 2710 5503 creatura,
2739 5450 2909 5494 cetera
2928 5441 3269 5506 transierunt,
3292 5458 3409 5496 ecce
3432 5444 3570 5513 facta
3590 5452 3705 5498 sunt

2139 5546 2270 5583 noua
2300 5528 2387 5600 (II
2412 5528 2535 5584 Cor.
2562 5530 2639 5601 v).
2668 5530 2725 5585 in
2750 5530 2842 5586 illo
2864 5531 3075 5599 sabbati
3096 5533 3269 5588 otium
3300 5542 3355 5588 et
3391 5535 3707 5605 requiesce-

2137 5622 2466 5685 lcbrabatur,
2494 5622 2546 5677 in
2576 5623 2681 5678 isto
2706 5624 2911 5679 sabbati
2948 5625 3164 5694 requies
3201 5626 3255 5679 in
3290 5626 3510 5681 Christo
3545 5625 3704 5680 habe—

2137 5723 2226 5767 tur
2257 5714 2348 5782 qui
2386 5713 2540 5777 dixit,
2579 5711 2758 5768 Venite
2794 5715 2862 5769 ad
2898 5731 2996 5779 me,
3034 5731 3213 5770 omnes
3242 5717 3349 5770 ’σαὶ
3373 5715 3620 5771 laboratis
3646 5725 3725 5771 ct.
