3990 6302
228 302 367 362 1046

1005 307 1183 361 uani
1219 305 1558 367 caecum.
1598 336 1668 347 -
1701 284 1920 364 CAPIT.
1962 309 2270 403 nutum.
2310 310 2381 356 έ-
2416 316 2544 370 me.
2586 315 2627 371 ι.

216 419 422 472 onerati
442 419 584 481 estis,
611 426 659 471 et
694 432 786 488 ego
812 432 899 473 vos
929 404 1181 487 reﬁciam,
1202 427 1252 472 et
1278 418 1539 473 invenietis
1563 419 1786 489 requiem
1815 404 1869 480 Ᾰί
1890 412 1975 476 cet
2007 427 2129 492 quia
2160 441 2258 481 nec
2283 434 2443 493 recte,
2471 435 2529 481 ut
2558 408 2746 488 fertur.
2776 430 3064 485 sacerdotii
3088 431 3298 486 culmen
3326 450 3456 488 con-

212 506 492 563 uiutabu's
517 509 695 563 vestris
715 507 927 579 (Matth.
962 510 1060 579 xi).
1089 510 1145 563 lu
1176 508 1268 563 illo
1288 510 1572 579 pecoribus
1597 510 1790 563 immo-

212 597 343 652 lat’s
364 597 546 653 carnis
567 604 622 650 et
657 598 936 667 sanguinis
970 598 1158 655 hostia:
1186 597 1567 663 offerebantur,
1595 599 1648 653 in
1684 588 1815 653 isto‘

209 688 542 744 sacriﬁcium
566 688 747 742 carnis
772 695 826 740 ct
849 687 1127 756 sanguinis
1150 687 1354 762 Christi
1379 688 1616 751 oﬁertur,
1646 687 1791 758 quod

207 794 315 850 per
361 779 450 833 illa
488 779 739 833 animalia
779 768 1131 849 ﬁgurabatur.
1170 778 1228 832 in
1268 779 1359 833 illo
1390 777 1577 849 jugum
1628 794 1789 849 grave

206 870 353 939 legis
385 862 688 925 cervicibus
722 869 1031 939 impositum
1070 869 1305 924 faciebat
1344 884 1545 932 servos,
1586 870 1640 923 in
1686 870 1788 923 isto

204 958 398 1031 iugum
428 958 628 1015 Christi
670 959 782 1013 leve
807 967 861 1012 et
881 974 1019 1013 onus
1049 973 1212 1014 suave
1250 974 1348 1028 per
1375 959 1623 1027 spiritum
1653 958 1784 1013 ado-
1816 956 1819 959 ’

201 1051 412 1122 ptiouis
438 1048 569 1106 facit
602 1048 759 1104 ﬁlios.
790 1049 885 1103 His
911 1048 986 1103 ita
1011 1063 1069 1103 se
1104 1049 1426 1104 habentibus
1450 1064 1783 1118 perversum,

1892 516 2178 580 sccnderit,
2206 526 2258 571 et
2284 518 2408 586 quia
2440 518 2594 584 dixit,
2641 538 2659 570 ‹
2702 516 2808 574 Pro
2843 521 3123 575 cherubim
3165 523 3460 580 habeamus

1892 606 2150 679 imagines
2181 631 2199 661 ι
2237 610 2556 679 quibusdam
2602 628 2698 681 per
2727 613 2977 668 eumdem
3018 598 3302 670 locutionis
3346 634 3459 673 mo-

1890 700 2034 763 dum,
2064 700 2155 768 qui
2189 715 2219 755 a
2253 702 2570 770 quibusdam
2608 705 2859 760 astismos
2896 716 3252 776 nuncupatur,
3288 709 3463 778 prola-

1890 791 1978 854 tis,
2012 807 2152 847 nunc
2179 793 2410 862 qualiter
2440 796 2579 850 intra
2617 806 2856 852 sanctam
2886 798 3168 852 ecclesiam
3204 800 3473 871 propitia:

1890 883 2087 938 torium
2111 884 2318 939 duobus
2343 888 2617 941 cherubim
2641 890 3010 954 obumbretur,
3032 892 3142 944 sive
3167 893 3458 946 secundmn

1888 973 2220 1028 tabernaculi
2258 976 2693 1031 constitutionem
2720 979 2862 1049 quod
2902 980 2954 1034 in
2992 996 3175 1036 eremo
3215 998 3245 1036 a
3281 982 3489 1054 Moyse-

1888 1065 2236 1120 constitutum
2260 1075 2362 1131 est,
2391 1068 2503 1123 sive
2528 1071 2818 1124 secundum
2843 1071 3024 1140 templi
3052 1071 3457 1128 mdiﬁcationem

3323 320 3461 376 1050
3492 298 3493 301 γ

201 1149 262 1197 et
300 1142 449 1196 ultra
470 1156 629 1211 quam
651 1154 961 1211 perversum
984 1148 1084 1203 est,
1113 1149 1175 1194 ut
1197 1140 1503 1195 alternatim
1529 1157 1788 1196 converso
1818 1212 1823 1221 ι

200 1231 401 1286 ordine
422 1230 888 1300 praestantioribus
912 1229 1197 1291 deteriora,
1216 1230 1636 1285 deterioribusve
1658 1246 1791 1300 pra:-

197 1322 471 1377 stantiora
515 1320 728 1384 dentur,
778 1328 835 1374 et
880 1319 1014 1374 adeo
1066 1318 1355 1388 imaginum
1381 1334 1512 1373 usus
1545 1320 1791 1389 magniﬁ-

198 1418 369 1465 cetur
412 1418 475 1464 ut
521 1408 952 1464 Christianorum
1000 1423 1090 1463 res
1148 1408 1377 1478 quodam
1427 1411 1586 1465 modo
1638 1402 1822 1466 este?

198 1513 467 1559 nuentur.

1888 1158 2029 1225 quod
2063 1171 2091 1209 a
2120 1156 2407 1212 Salomone
2436 1158 2822 1230 Hierosolymis
2861 1170 3126 1217 structum
3149 1172 3249 1227 est,
3280 1165 3463 1220 Domi-

1889 1260 1959 1300 no
1986 1245 2296 1312 auxiliante,
2322 1236 2653 1316 spiritalibus
2676 1250 2938 1319 spiritalia
2968 1263 3340 1326 comparantes
3366 1271 3462 1310 ex-

1887 1335 2184 1405 pediamus.
2215 1350 2281 1390 ne
2302 1337 2371 1391 ab
2401 1337 2779 1407 insipientibus
2807 1342 3060 1410 quiddam
3085 1342 3286 1398 sanctis
3313 1343 3461 1400 Scri-

1886 1426 2063 1496 pturis
2105 1425 2364 1495 derogare
2397 1426 2695 1492 videamur,
2749 1444 2814 1484 eo
2857 1422 2997 1500 quod
3041 1433 3304 1504 imagines
3352 1450 3459 1490 non

1889 1517 2195 1571 adoramus.
2226 1517 2409 1571 Primo
2442 1514 2786 1587 quaerendum
2832 1529 2914 1576 est
2957 1539 3057 1578 cur
3095 1525 3302 1596 Moyses
3337 1543 3457 1582 cum

805 1594 1034 1651 CAPUT
1072 1595 1194 1652 XX.
1668 1642 1669 1647 η
1889 1606 2293 1662 tabernaculum
2327 1607 2528 1664 faceret
2553 1609 2684 1665 duos
2719 1613 2994 1667 cherubim
3032 1594 3223 1670 aureos
3250 1615 3455 1680 fecerit,

197 1690 696 1783 Quolnon‘minus
726 1708 983 1783 omnibus,
1010 1709 1100 1763 sed
1132 1726 1261 1783 pene
1295 1711 1495 1783 eunetis
1529 1680 1665 1783 plus
1690 1711 1788 1767 Ta-

1892 1705 1944 1753 et
1970 1697 2024 1751 in
2050 1687 2424 1768 propitiatorio
2447 1702 2586 1770 quod
2620 1692 2737 1757 erat
2781 1719 2944 1773 super
2978 1722 3158 1761 arcam
3197 1711 3456 1778 posuerit,
3534 1712 3537 1715 ’

276 1781 455 1865 (agili!
487 1778 1089 1865 ἀείξιξίξεξςμίριοξςὶιαζν
1132 1773 1333 1865 Ηίςεηδν
1383 1773 1539 1865 Sicut
1566 1792 1784 1865 veteres
1820 1773 1862 1830 Β
1889 1790 2143 1846 Salomon
2176 1806 2301 1846 vero
2335 1792 2468 1848 alios
2507 1792 2640 1849 duos
2678 1796 2846 1850 multo
2900 1796 3133 1865 majores
3176 1773 3455 1863 addiderit,

274 1850 582 1921 habuerunt
600 1848 879 1921 cherubim
896 1849 1308 1921 obumbrantem
1330 1852 1781 1921 propitiatorium,

272 1929 330 1974 et
387 1935 485 1973 nos
535 1918 795 1987 imagines
845 1918 1054 1973 Domini
1104 1921 1275 1974 nostri
1325 1918 1451 1975 Iesu
1489 1920 1692 1979 Christi
1729 1918 1785 1979 et

272 1999 478 2043 sancta:
502 1989 593 2042 Dei
616 1988 891 2058 genitricis
923 1996 979 2043 et
1008 1999 1317 2046 sanctorum
1343 1988 1460 2059 ejus
1491 1993 1785 2051 habeamus

272 2059 665 2129 obumbraan
698 2059 886 2113 altare.

272 2149 398 2204 Non
429 2156 512 2205 est
550 2149 943 2218 inconsequens
970 2158 1030 2203 ut
1055 2149 1329 2217 Tarasius,
1362 2153 1473 2223 qui,
1502 2164 1562 2208 ut
1591 2154 1782 2221 fertur,

192 2256 229 2295 a
268 2240 519 2310 populari
551 2240 959 2294 conversatione
998 2240 1064 2294 ad
1105 2243 1438 2299 sacerdotale
1483 2248 1712 2311 culmen,
1753 2263 1784 2302 a

192 2332 427 2386 militari
466 2330 649 2385 habitu
680 2332 747 2386 ad
786 2331 1119 2402 religiosum,
1148 2349 1178 2387 a
1216 2334 1365 2391 circo
1399 2337 1465 2391 ad
1511 2338 1781 2405 altarium,

192 2438 229 2477 ει
271 2421 479 2477 forensi
514 2423 745 2476 tumultu
781 2421 849 2476 ad
892 2423 1351 2492 prmdicationem,
1397 2429 1464 2482 ab
1513 2445 1785 2484 armorum

191 2516 431 2585 strepitu
459 2514 525 2569 ad
549 2524 735 2583 sancta
757 2517 1013 2586 mysteria
1041 2519 1342 2589 peragenda
1362 2522 1788 2599 extraordinaria

192 2616 492 2679 provectus
522 2616 637 2672 est,
681 2608 1018 2663 subditarum
1058 2608 1160 2663 sibi
1195 2609 1430 2679 plebium
1464 2620 1674 2668 mentes
1720 2612 1788 2667 ab

192 2699 538 2770 spiritalibus
562 2699 628 2754 ad
661 2700 920 2767 carnalia,
954 2701 1021 2756 ab
1061 2701 1420 2758 invisibilibus
1444 2703 1513 2757 ad
1548 2701 1791 2758 invisibi-

193 2792 292 2856 lia,
323 2805 357 2845 a
392 2791 622 2846 veritate
652 2792 723 2846 ad
754 2792 1062 2862 imaginem,
1091 2809 1120 2847 a
1156 2809 1385 2863 corpore
1421 2794 1488 2849 ad
1516 2797 1784 2862 umbram,

195 2885 273 2937 ab
299 2881 507 2953 Spiritu
538 2882 844 2938 viviﬁcante
875 2884 941 2937 ad
971 2883 1206 2940 litteram
1241 2885 1677 2950 mortiﬁcantem,
1720 2888 1788 2942 ab

195 2975 394 3045 spiritu
426 2973 728 3044 adoptionis
756 2974 823 3030 ad
849 2975 1097 3045 spiritum
1145 2976 1376 3040 timoris,
1403 2977 1580 3033 denuo
1610 2978 1788 3034 redire

196 3064 533 3134 compellat:
563 3072 622 3119 ut
660 3064 915 3134 quoniam
954 3064 1041 3120 ille
1078 3065 1278 3137 spretis
1319 3067 1403 3121 his
1435 3060 1556 3137 quae
1592 3068 1642 3121 ei
1678 3066 1793 3122 for?

197 3164 354 3211 tasse
382 3155 568 3210 illicita
602 3171 709 3209 non
740 3164 895 3231 erant
935 3157 988 3210 in
1028 3156 1206 3212 laicali
1240 3160 1680 3223 conversatione,
1720 3158 1788 3215 ad

198 3246 559 3302 sacerdotalis
592 3245 843 3300 culminis
873 3246 1096 3316 gradum
1123 3247 1444 3314 convolavit,
1476 3249 1618 3318 quod
1646 3249 1695 3304 ei
1726 3247 1789 3302 ξι-

196 3339 418 3394 licitum
447 3346 564 3393 erat
588 3340 657 3393 ob
680 3338 1018 3403 subitaneam
1041 3341 1530 3404 conversationem,
1552 3342 1602 3395 ei
1623 3340 1789 3395 etiam

197 3431 438 3487 subdita
474 3431 656 3500 plebes
699 3447 727 3485 a
769 3431 934 3486 licitis
980 3431 1300 3501 spiritalium
1351 3432 1789 3487 Observationum

198 3521 484 3592 mysteriis
507 3520 573 3575 ad
595 3520 812 3575 illicitas
835 3521 1199 3591 corporalium
1214 3537 1393 3576 rerum
1413 3522 1787 3577 observantius

199 3613 498 3669 convoient
524 3627 623 3682 per
644 3604 762 3679 ejus
787 3613 1243 3682 praedicationem.
1269 3612 1405 3679 Quia
1439 3628 1568 3683 ergo
1597 3612 1791 3667 melioo

203 3709 364 3764 ribus
393 3707 733 3777 contempris,
767 3705 1038 3777 pejoribus
1070 3706 1150 3762 uti
1182 3707 1449 3769 hortatur,
1478 3715 1532 3761 et
1557 3706 1682 3776 quia
1706 3720 1792 3760 ve-

202 3809 358 3855 teres
382 3800 689 3854 habuerunt
710 3799 987 3854 cherubim
1007 3798 1101 3868 qui
1128 3814 1228 3869 per
1252 3797 1473 3869 Moysen
1496 3795 1621 3851 facti
1645 3805 1789 3861 sunt,

202 3897 279 3952 de
315 3910 549 3964 quorum
592 3895 771 3950 medio
824 3894 1144 3964 loquebatur
1190 3895 1362 3959 Deus,
1409 3895 1817 3951 obumbrantes"

203 3989 667 4061 propitiatorium,
720 3989 841 4043 ideo
873 3987 1057 4042 fideles
1088 3988 1337 4042 hortatur
1379 3988 1581 4042 habere
1604 3986 1796 4057 imagi-

202 4096 328 4147 nes,
361 4096 482 4151 qua:
513 4097 543 4134 a
571 4080 899 4149 quibuslibet
928 4079 1211 4150 opiﬁcihus
1250 4080 1574 4144 conduntur,
1609 4080 1794 4134 obum-

202 4170 439 4228 litantes
469 4170 657 4224 altare.
689 4168 874 4224 Faciat
909 4182 1091 4224 arcam
1127 4186 1246 4240 quae
1291 4185 1399 4226 non
1424 4170 1493 4225 sit
1524 4168 1591 4224 de
1635 4168 1795 4238 lignis

206 4262 472 4319 Setthim.
503 4262 598 4316 scd
627 4260 885 4326 salicum;
913 4276 1015 4315 nec
1037 4261 1108 4315 sit
1140 4276 1273 4316 auro
1305 4269 1468 4326 tecta,
1493 4263 1587 4317 sed
1621 4263 1797 4330 plum—

1887 1883 2084 1952 quibus
2117 1883 2171 1938 in
2213 1883 2410 1952 templo
2444 1883 2635 1953 positis
2679 1886 2779 1940 sub
2816 1900 3000 1966 garum
3048 1888 3148 1943 alis
3184 1903 3363 1943 arcam
3404 1890 3457 1944 in

1886 1973 2063 2028 medio
2105 1970 2449 2045 collocaverit
2496 1991 2617 2031 cum
2664 1976 3039 2045 propitiatorio
3081 1978 3137 2033 et
3179 1978 3460 2034 cherubim

1883 2065 2174 2135 prioribus,
2207 2073 2259 2119 et
2295 2065 2351 2119 in
2397 2065 2744 2121 tabernaculo
2769 2066 2875 2122 duo
2906 2068 3205 2133 cherubim,
3237 2071 3290 2123 in
3322 2077 3459 2124 tem-

1884 2155 1973 2224 pio
1999 2170 2126 2209 vero
2159 2163 2391 2224 quatuor
2422 2154 2662 2210 fuerint?
2695 2155 2775 2210 Ad
2814 2172 2974 2210 unam
3004 2158 3168 2227 igitur
3193 2159 3462 2214 eamdem-
3500 2158 3503 2165 “

1885 2258 1990 2315 que
2041 2245 2485 2314 signiﬁcationem
2528 2246 2749 2314 utrique
2779 2248 3067 2315 pertinent,
3101 2248 3206 2301 nisi
3254 2256 3457 2302 tantum

1886 2338 2028 2408 quod
2048 2335 2303 2392 Salomon
2326 2337 2417 2408 qui
2444 2336 2695 2408 paciﬁcus
2724 2337 3127 2407 interpretatur,
3152 2347 3210 2394 et
3234 2339 3459 2410 ﬁguram
3498 2336 3507 2347 “

1887 2426 2089 2482 Christi
2118 2428 2303 2497 gessit,
2329 2427 2538 2481 auctius
2581 2420 2696 2483 sive
2724 2422 2886 2483 latius
2909 2428 3137 2483 duorum
3177 2431 3458 2485 cherubim
3488 2432 3493 2441 '

1888 2521 2308 2590 magnitudinem
2341 2521 2668 2575 sublimavit.
2713 2518 2828 2587 Quo
2864 2521 2918 2576 in
2948 2520 3090 2576 facto
3132 2523 3373 2577 innuitur
3396 2538 3462 2578 eo

1892 2612 2036 2681 quod
2076 2620 2197 2682 post
2224 2612 2647 2668 incarnationem
2677 2610 3010 2667 Dominicam
3033 2612 3272 2669 Ecclesia
3300 2613 3462 2668 latius

1852 2714 2030 2777 esset
2076 2721 2143 2759 ex
2186 2706 2517 2760 diversarum
2562 2707 2802 2775 gentium
2842 2706 3257 2777 congregatione
3296 2707 3463 2763 subli-

1889 2801 2083 2855 manda
2108 2808 2163 2855 et
2197 2802 2440 2872 supernis
2476 2803 2683 2858 civibus
2733 2802 3030 2874 copulanda
3060 2821 3073 2856 :
3106 2803 3197 2873 qui
3228 2804 3305 2859 sic
3334 2819 3463 2857 eon-

1888 2890 2117 2946 ditorem
2145 2890 2212 2946 de
2238 2893 2434 2946 collato
2471 2892 2572 2947 sibi
2617 2909 2839 2948 munere
2867 2893 3216 2948 beatitudinis
3246 2893 3465 2947 conlauv

1888 2981 2039 3047 dant,
2067 2988 2126 3035 ut
2149 2982 2216 3037 de
2242 2992 2427 3037 nostra
2458 2984 2688 3052 quodam
2720 2983 2881 3037 modo
2915 2984 3189 3054 ereptione
3213 2991 3371 3054 atque
3396 2983 3464 3040 ad

1889 3072 2132 3143 eamdem
2188 3072 2572 3127 beatitudinem
2636 3073 3038 3128 rntroductione
3077 3060 3501 3143 congaudcant.‘

1892 3157 2179 3215 Cberubim
2204 3162 2453 3233 namque,
2486 3165 2624 3218 sicut
2670 3165 2929 3234 propheta
2969 3149 3218 3220 Ezechiel
3248 3164 3467 3221 eviden-
3502 3167 3506 3170 ⁴

1893 3254 2100 3309 tissime
2128 3254 2487 3320 demonstrat,
2535 3256 2788 3327 angelch
2827 3257 3107 3326 dignitatis
3146 3259 3463 3314 vocabulum

1890 3356 1990 3410 εει,
2024 3340 2355 3416 numeroque
2401 3347 2658 3417 singulari
2707 3350 2931 3414 cherub,
2966 3350 3160 3420 plurali
3190 3367 3317 3407 vero
3345 3342 3493 3406 ohe?

1890 3436 2067 3492 rubim
2093 3436 2308 3492 dicitur.
2333 3436 2485 3494 Unde
2512 3446 2565 3492 et
2592 3454 2697 3493 non
2731 3441 3023 3510 ineongruc
3054 3440 3106 3495 in
3138 3441 3320 3511 ﬁguris
3340 3444 3466 3497 che—
3502 3444 3506 3449 ’

1891 3525 2066 3582 rubim
2111 3538 2230 3597 qua:
2258 3527 2313 3582 in
2355 3528 2572 3584 oraculo
2607 3540 2760 3584 erant
2792 3520 2930 3586 facta
2967 3534 3273 3602 evangelica
3305 3533 3463 3587 mini-

1890 3619 2054 3674 stcria
2114 3618 2504 3690 intelliguntur,
2561 3618 2677 3691 'qui‘
2721 3619 2995 3677 conditori
3056 3638 3153 3677 suo
3200 3624 3257 3705 in
3312 3610 3503 3677 cmlis‘

1891 3708 2207 3765 assistentcs
2257 3708 2323 3764 de
2371 3724 2467 3763 sua
2500 3719 2756 3780 perpetua
2815 3704 3149 3765 beatitudine
3192 3710 3462 3767 hutantur.

1889 3799 2018 3853 Alas
2051 3798 2193 3854 ’enim
2223 3799 2291 3853 ad
2336 3798 2567 3855 invicem
2596 3815 2759 3870 super
2782 3816 2962 3856 arcam
2992 3803 3305 3865 extendunt,
3341 3816 3464 3857 cum

1891 3891 1958 3946 ad
1996 3890 2205 3946 laudem
2236 3891 2449 3946 Domini
2490 3892 2790 3949 Salvatoris
2816 3892 3058 3949 referunt
3082 3895 3284 3950 bonum
3308 3909 3468 3949 omne
3488 3904 3507 3909 "

1892 3984 2035 4050 quod
2078 3990 2419 4054 acceperunt.
2466 3984 2681 4041 Alteras
2726 3986 2838 4041 alas
2876 3987 2941 4043 ad
2988 3988 3192 4043 oraculi
3234 3991 3469 4059 parietes

1891 4075 2204 4141 extendunt,
2231 4089 2353 4131 cum
2382 4087 2598 4133 sanctos
2624 4078 2789 4133 etiam
2815 4069 3061 4135 homines
3089 4080 3144 4135 in
3174 4096 3268 4135 sua
3299 4080 3469 4136 socie—

1897 4174 2005 4221 tate
2026 4165 2272 4222 videntes
2312 4158 2584 4234 laetantur,
2608 4183 2808 4239 eosque
2830 4169 2977 4225 velut
3005 4169 3210 4226 alarum
3250 4186 3467 4226 suarum

1893 4256 2293 4313 summitatibus
2320 4266 2568 4328 tangunt,
2595 4275 2733 4329 quos
2749 4259 2992 4330 profecto
3013 4271 3291 4317 consortes
3309 4271 3470 4331 atque

206 4354 313 4417 bo;
350 4366 471 4421 qum
504 4366 613 4405 non
644 4352 841 4406 haheat
866 4351 1096 4406 circulos
1118 4366 1331 4418 aureos,
1359 4353 1452 4408 sed
1487 4369 1700 4420 amcos;
1739 4355 1793 4410 in
1893 4362 2150 4418 sequaces
2177 4350 2450 4404 exstitisse
2491 4350 2547 4404 in
2584 4351 2687 4406 hac
2715 4354 2824 4406 vita
2868 4367 2979 4408 sum
3009 4352 3261 4422 puritatis
3286 4352 3468 4406 exsul-

205 4445 414 4514 quibus
439 4458 547 4498 non
586 4444 695 4498 sint
727 4452 907 4498 vectes
939 4442 1005 4498 de
1036 4442 1193 4514 lignis
1227 4444 1479 4507 Setthim,
1514 4446 1607 4500 sed
1643 4444 1794 4515 fago~
1820 4446 2031 4525 Diam.
2070 4436 2217 4493 Duos
2265 4446 2444 4494 autem
2495 4455 2649 4512 aeque
2693 4443 2925 4513 parietes
2955 4443 3067 4498 suis
3092 4452 3317 4514 tangunt
3346 4444 3467 4508 alis,

206 4548 368 4597 mm;
402 4533 463 4586 in
500 4547 606 4602 qua
638 4548 743 4587 non
789 4534 896 4588 sint
936 4535 1133 4590 tabula}
1179 4550 1297 4605 qum
1342 4536 1579 4590 habeant
1610 4536 1793 4591 decem
1896 4530 2023 4598 quia
2048 4530 2239 4585 ﬁdeles
2280 4533 2561 4601 utriusque
2605 4536 2805 4605 populi,
2834 4532 3140 4591 Iudaeorum
3185 4538 3389 4592 scilicet
3417 4547 3471 4594 (³1

210 4627 384 4683 verba
416 4625 568 4696 legis.
608 4626 700 4680 sed
745 4628 996 4682 undecim
1035 4627 1230 4697 quibus
1268 4629 1624 4700 transgressio
1660 4628 1796 4700 legis
1894 4624 2164 4695 gentium,
2214 4635 2487 4695 compotes
2542 4634 2727 4682 Secum
2779 4629 2981 4683 habent
3028 4630 3165 4685 aulae
3211 4630 3468 4693 caelestis,

207 4718 585 4792 signiﬁcetur;
627 4720 680 4773 in
709 4734 814 4790 qua
852 4735 957 4774 non
987 4720 1058 4775 sit
1091 4721 1242 4789 virga
1264 4720 1463 4787 Aaron,
1492 4722 1583 4776 sed
1619 4722 1797 4792 cujus-

209 4813 352 4868 libet
374 4810 600 4866 baculus
635 4809 775 4864 illius
810 4810 1263 4879 praedecessorum
1307 4810 1398 4879 qui
1436 4812 1505 4865 ab
1538 4808 1629 4865 illo
1667 4810 1825 4865 ana-'

210 4903 661 4963 thematizantnr,
683 4900 763 4955 vel
791 4916 820 4955 a
844 4902 1040 4970 quibus
1061 4902 1149 4956 ille
1172 4903 1656 4957 anathematizatus
1683 4910 1791 4968 est;
1820 4904 1825 4911 ’

212 4996 270 5050 in
294 5010 404 5064 qua
430 4994 502 5048 sit
531 5009 685 5056 urna,
722 5009 827 5047 non
854 5009 974 5062 qua:
1002 4992 1196 5048 habeat
1221 5009 1437 5055 manna,
1467 4993 1560 5048 sed
1582 4994 1800 5063 cujusli-

211 5089 310 5144 bet
340 5084 600 5149 germinis
622 5100 807 5154 grana.
837 5084 1021 5139 Faciat
1048 5092 1101 5138 et
1129 5084 1510 5138 candelabrum
1534 5100 1599 5137 ex
1625 5083 1825 5153 plum-’

212 5181 289 5233 ho
312 5176 627 5248 purissimo,
660 5183 713 5229 et
751 5188 990 5243 mensam
1021 5175 1402 5244 propositionis
1433 5188 1652 5243 panum,
1680 5164 1800 5243 qua:

213 5285 328 5325 non
376 5262 676 5337 appeilctur
711 5276 918 5321 saneta.
959 5265 1173 5320 Scribat
1202 5274 1257 5320 et
1289 5264 1486 5319 librum
1527 5265 1679 5336 legis,
1708 5267 1799 5335 qui

213 5356 445 5418 cuilibet
474 5374 668 5413 manus
711 5358 822 5413 cito
861 5358 1137 5427 imponere
1165 5355 1367 5424 jubeat,
1404 5363 1459 5411 et
1506 5354 1825 5428 ncopbytos‘

215 5454 290 5509 ad
313 5450 685 5522 episcopatum
714 5448 1020 5519 promoveri
1044 5450 1389 5517 percenseat;
1419 5446 1509 5516 qui
1536 5447 1696 5503 etiam
1729 5446 1807 5503 si;

218 5542 556 5600 militudines
579 5542 773 5597 horum
793 5552 913 5612 quae
933 5540 990 5596 in
1015 5537 1154 5594 caelo
1177 5546 1235 5593 ct
1258 5553 1379 5606 qua:
1403 5537 1455 5592 in
1484 5545 1626 5592 terra
1653 5546 1819 5603 sunt,

221 5635 376 5699 ﬁeri,
421 5634 601 5689 colere
636 5641 691 5688 et
733 5634 960 5689 adorare
1007 5630 1313 5701 perdoceat.
1356 5630 1607 5686 Decursis
1640 5630 1823 5700 igitur

220 5728 467 5786 breviter
504 5727 606 5789 bis,
638 5726 833 5796 quibus
866 5722 1123 5779 Tarasius
1148 5721 1267 5776 ideo
1292 5734 1397 5776 non
1431 5728 1576 5777 recte
1601 5721 1801 5791 pradi-

1895 4808 2141 4876 quaedam
2172 4808 2447 4865 distinctio
2474 4809 2681 4870 locatis,
2711 4810 2805 4864 sed
2834 4812 2960 4881 quia
2986 4811 3157 4880 major
3193 4812 3285 4866 ﬁat
3322 4810 3472 4867 festi-

1895 4898 2036 4953 vitas
2067 4898 2293 4954 internte
2318 4899 2670 4955 beatitudinis
2694 4901 2759 4955 de
2790 4902 3066 4957 consortio
3091 4903 3334 4956 adunata:
3363 4901 3471 4955 fra-

1898 4989 2188 5045 ternitatis.
2238 4989 2547 5046 Extendunt
2578 5005 2707 5062 ergo
2732 4992 3020 5049 Cberubim
3069 4995 3137 5051 ad
3186 5002 3472 5063 utrumque

1897 5082 2158 5152 parietem
2189 5083 2393 5137 oraculi
2432 5083 2546 5139 alas
2573 5098 2718 5150 suas,
2748 5087 2872 5154 quia
2902 5076 3153 5141 laetantes
3180 5086 3233 5141 in
3263 5087 3471 5144 caelesti

1898 5172 2090 5241 patria,
2141 5173 2317 5241 justos
2364 5174 2645 5243 utriusque
2671 5176 2846 5245 plebis
2882 5175 3324 5249 vis’iOnequoquc
3363 5193 3472 5234 sum

1900 5264 2085 5334 gloria:
2112 5265 2178 5319 ad
2208 5264 2419 5319 laudem
2448 5262 2721 5321 Creatoris
2750 5268 3006 5323 excitant.
3338 5272 3348 5283 ‘

1970 5356 2081 5413 Nec
2122 5358 2294 5412 solum
2351 5358 2416 5411 de
2464 5357 2677 5413 illorum
2724 5352 2858 5430 quos
2893 5375 3074 5416 secum
3101 5361 3243 5417 intus
3269 5362 3469 5417 habent

1903 5540 2026 5600 stia,
2058 5553 2242 5593 verum
2266 5538 2432 5595 etiam
2458 5540 2649 5605 nostri,
2693 5541 2786 5609 qui
2832 5539 2964 5598 foris
2985 5543 3159 5599 adhuc
3202 5542 3361 5612 positi
3408 5543 3471 5596 de

1903 5628 2182 5700 profundis
2200 5628 2265 5683 ad
2291 5629 2576 5684 Dominum
2616 5632 2930 5697 clamamus,
2953 5635 3264 5688 continuam
3290 5646 3472 5688 curam

1905 5728 2116 5792 gerunt.
2150 5718 2433 5790 Dequibus
2458 5719 2734 5777 cherubim
2765 5724 2900 5779 bene
2927 5724 3088 5778 etiam
3126 5724 3179 5777 in
3213 5722 3349 5777 libro
3376 5720 3468 5775 Pa-

1895 4717 2171 4786 ncn’quod
2200 4716 2254 4771 in
2281 4716 2371 4771 illa
2397 4718 2571 4787 patria
2604 4704 2746 4775 inier
2781 4729 3069 4790 utrumque
3105 4722 3357 4792 populum
3376 4701 3502 4778 ’ω’

1904 5449 2180 5504 hominum
2203 5446 2471 5515 justormn
2499 5450 2751 5505 felicitate
2798 5451 3046 5506 laetantur
3070 5451 3280 5523 agmina
3305 5452 3468 5508 coele-
3488 5442 3505 5469 ⁵
3536 5504 3540 5509 .
