3990 6302
492 283 621 347 ipsi

1356 281 1430 365 ιι.
1471 264 1729 339 (λιιιοιλι
1758 279 1970 341 ntust
2007 279 2158 333 ore.
2201 281 2379 338 rans
2418 285 2481 339 ιι.
2524 284 2767 343 saeuo
2803 288 2867 343 ιι.
2964 312 2971 319 -

486 391 855 460 ralipumenon
896 389 1155 460 scriptum
1191 398 1274 445 est
1304 406 1322 444 :
1351 389 1462 461 Ipsi
1499 399 1689 453 autem,
1718 390 1915 461 inquit,
1955 397 2063 443 δια·
2091 387 2468 449 ιιιυςικοωω
2494 395 2833 464 expulsione,
2874 399 3191 481 multimoda
3218 403 3475 461 Ecclesiae
3512 408 3767 466 tribula—

485 482 611 536 bant
634 482 815 535 erectis
842 482 1057 551 pedibus
1086 490 1132 535 et
1182 483 1344 551 [acies
1389 498 1568 535 eorum
1607 498 1765 536 νει-διε
1802 489 1949 535 erant
1992 481 2062 537 ad

481 562 789 627 exteriorem
840 572 1051 626 domum
1093 571 1179 642 (11
1218 571 1401 626 Paral.
1442 572 1547 643 ιιι).
1581 572 1809 627 Stabant
1861 573 2071 628 etenim

483 664 680 724 erectis
701 663 925 732 pedibus
948 646 1245 727 cherubim,
1276 665 1401 732 quia
1435 680 1710 735 nunquam
1742 681 1773 719 a
1795 665 1883 719 via
1923 665 2062 719 veri-

484 753 637 817 tatis,
686 753 743 807 in
790 768 894 822 qua
948 768 1072 823 mox
1120 761 1181 817 nt
1227 744 1425 820 conditi
1449 742 1575 811 sunt
1616 759 1780 827 positi
1816 759 2059 841 fuerunt,

482 844 878 915 quodammodo
929 845 1211 901 aberrasse
1260 848 1583 904 creduntur-
1627 850 1816 908 Facies
1868 867 2071 909 eorum.

479 943 814 989 erantversze
836 937 903 989 ad
923 935 1247 990 exteriorem
1273 938 1510 1004 domum,
1538 941 1664 1010 quia
1687 957 1787 996 nos
1809 942 1877 997 ab
1900 942 2065 1021 hujus

477 1024 923 1094 peregrinationis
967 1024 1207 1083 mrnmna
1231 1039 1446 1100 ereptos
1476 1032 1545 1088 ad
1567 1049 1724 1088 suum
1750 1034 2067 1107 desiderant.

476 1102 759 1182 pervenire
792 1119 1142 1174 consortium.
1175 1120 1400 1178 Stabant
1430 1139 1560 1195 ergo
1580 1128 1778 1182 erectis
1803 1104 2067 1199 pedibus,

476 1206 591 1261 alas
620 1206 688 1263 ad
724 1224 857 1266 anru
913 1218 1090 1267 textos
1133 1215 1336 1269 oraculi
1402 1216 1635 1285 parietes
1675 1227 1943 1297 extentas.
1998 1232 2053 1278 et

478 1296 643 1379 facies
669 1302 939 1359 habebant
964 1322 1147 1361 versas
1173 1307 1240 1362 ad
1277 1308 1494 1364 domum
1535 1296 1880 1378 exteriorem,
1923 1316 2052 1383 quia

475 1374 724 1447 videlicet
749 1394 822 1447 ita
848 1396 1020 1466 angeli
1060 1412 1211 1452 suam
1248 1407 1508 1468 perpetuo
1540 1400 1904 1458 innocentiam
1921 1420 2053 1460 con-

387 1544 390 1547 ν
475 1493 733 1539 servant:
763 1487 841 1542 sic
870 1490 936 1548 de
964 1490 1265 1546 animarum
1292 1501 1600 1548 sanctarum
1628 1495 1687 1548 in
1729 1496 1881 1563 cmlis
1927 1498 2050 1553 bea-

478 1574 706 1631 titudine
745 1581 1103 1649 congaudent,
1138 1589 1198 1636 ut
1238 1583 1319 1638 eis
1344 1599 1559 1653 quoque
1595 1601 1732 1655 quos
1780 1587 1834 1641 in
1887 1588 2085 1646 terris-

474 1659 645 1719 adhuc
668 1667 998 1735 peregrinari
1024 1671 1358 1739 conspiciunt
1383 1673 1571 1729 electis
1588 1690 1744 1744 opem
1768 1675 1910 1731 terre
1935 1692 2046 1732 non

2164 480 2308 537 tione
2351 481 2491 537 facta
2544 495 2749 550 narrat,
2812 489 2926 543 hazc
2981 491 3170 546 eadem
3222 493 3387 549 Vetus
3420 496 3769 555 Testamen-

2164 580 2296 638 tum,
2336 574 2383 631 si
2427 584 2575 630 recte
2604 575 2946 647 intelligitur,
2975 583 3246 641 veraciter
3274 582 3519 659 facienda
3543 591 3770 659 pradi-

2159 666 2349 723 cebat-

2226 753 2528 810 Adventum
2546 771 2676 813 vero
2696 755 3039 827 Antichristi,
3068 762 3231 821 linem
3264 768 3450 823 saeculi
3478 772 3768 838 extremi,

2142 846 2445 903 discrimen
2466 846 2657 916 judicii
2696 859 2752 905 et
2774 859 3033 908 aeternam
3055 855 3318 912 bonorum
3340 859 3587 928 gloriam,
3625 878 3771 932 pte-

2154 950 2388 1006 namque
2413 939 2786 1006 reproborum,
2811 944 3067 998 concordi
3112 953 3401 1017 utrumque
3422 949 3771 1007 Testamen-

2156 1033 2270 1080 tum
2304 1026 2531 1081 veritate
2568 1028 2842 1097 profatur.
2869 1032 2983 1088 Ala:
3012 1033 3177 1105 igitur
3204 1038 3478 1095 cherubim
3504 1041 3769 1101 interio-

2155 1130 2243 1169 res
2284 1130 2447 1186 super
2509 1133 2693 1174 arcam
2743 1135 2804 1176 se
2860 1122 3089 1179 invicem
3137 1128 3557 1199 contingebant”
3599 1134 3765 1202 quia

2155 1207 2499 1264 Testamenta
2520 1212 2638 1281 pari
2662 1214 2728 1269 de
2747 1215 2975 1285 Domino
2995 1221 3343 1277 attestatione
3363 1226 3765 1296 consentiunt.

2150 1295 2285 1351 ltem
2306 1298 2411 1355 alis
2429 1301 2793 1359 exterioribus
2820 1305 2926 1362 iste
2952 1323 3119 1364 unum
3150 1312 3558 1380 parieutm,’.ille
3586 1315 3785 1370 altam

2150 1399 2270 1440 rum
2301 1391 2650 1460 contingebat
2687 1394 2815 1462 quia
2855 1395 3022 1451 Vetus
3061 1397 3463 1461 Testamentum
3514 1406 3767 1474 proprie

2148 1477 2369 1547 antiquo
2413 1480 2507 1535 Dei
2535 1483 2734 1554 populo
2772 1485 3030 1555 scriptum
3069 1490 3404 1553 est,,Novnm
3426 1509 3555 1548 vero
3578 1497 3779 1553 nobis

2149 1565 2241 1634 qui
2256 1567 3173 1635 pustincarnationemDominicam
3195 1581 3263 1635 ad
3284 1582 3439 1640 ﬁdem
3463 1587 3772 1654 venimus,

2147 1668 2203 1713 ct
2244 1662 2478 1717 secundo
2520 1666 2747 1734 parieti,
2804 1667 2907 1723 huc
2947 1678 3031 1723 est
3088 1675 3519 1741 septentrionali,
3588 1688 3766 1734 recte

473 1754 740 1821 desinant,
765 1760 934 1814 donec
961 1769 1015 1815 et
1041 1760 1160 1816 illos
1186 1764 1256 1819 ad
1290 1765 1567 1820 cmlestem
1596 1742 1825 1837 patriam
1871 1769 2042 1826 intro-

2149 1766 2542 1822 cumparamur,
2582 1758 3176 1833 quibuspostt‘tgnram
3203 1780 3268 1820 ac
3294 1769 3545 1824 tenebras
3566 1770 3781 1827 idolo-.-

474 1845 688 1900 (lncant.
737 1846 969 1904 Possunt
1005 1852 1188 1916 etiam,
1225 1855 1363 1909 sicut
1383 1854 1493 1923 jam
1524 1857 1580 1911 iu
1631 1859 1896 1927 superiori
1953 1876 2048 1915 ca-
2079 1901 2083 1907 .

472 1935 638 2004 pitulo
660 1941 896 1995 exsecuti
933 1947 1262 2014 sumus,iper
1298 1946 1430 2001 duos
1468 1946 1745 2003 cherubim
1785 1949 1893 2004 duo
1944 1950 2048 2005 Te-

472 2037 738 2084 stamenta
759 2030 1072 2102 signiﬁcari.
1096 2034 1219 2089 Ideo
1241 2034 1405 2106 igitur
1428 2038 1483 2091 in
1503 2038 1723 2093 oraculo
1744 2048 1870 2094 sunt
1893 2041 2050 2107 facti,

471 2121 597 2189 quia
642 2122 697 2176 in
749 2124 976 2179 consilio
1019 2126 1213 2181 divina:
1256 2129 1617 2196 provisionis,‘
1656 2131 1811 2187 nobis
1860 2133 2051 2202 utique

471 2211 830 2269 inaccessibili
868 2223 1029 2285 atque
1078 2218 1643 2289 incomprehensibili,
1676 2231 1802 2278 ante
1847 2225 2051 2281 smcula

469 2304 785 2374 dispositum
801 2316 883 2362 est
903 2312 1118 2379 quando
1136 2314 1434 2383 ctqualiter
1451 2316 1714 2385 quibusve
1729 2319 2047 2375 auctoribus

468 2408 622 2448 sacra
647 2395 924 2466 Scriptura
951 2400 1292 2455 conderetur.
1327 2402 1400 2457 De
1434 2403 1592 2473 lignis
1626 2407 2043 2464 veruolivarum
2082 2454 2087 2461 .

468 2492 593 2537 sunt
615 2483 762 2551 facti,
796 2487 909 2542 sive
930 2490 1177 2560 quiaper
1205 2492 1354 2547 viros
1377 2495 1758 2553 misericordiae
1786 2499 2043 2555 unctione

469 2574 703 2643 Spiritus
736 2578 913 2633 sancti
934 2579 1434 2637 illustratusdiviui
1482 2586 1775 2657 conscripti
1820 2596 1947 2643 sunt
1973 2589 2043 2643 li-

467 2665 580 2732 bri;
639 2666 931 2746 sivc‘qnia
974 2669 1147 2725 lucem
1182 2674 1444 2729 scientiae
1501 2675 1762 2743 tribuunt,
1818 2676 2045 2754 juvante

467 2757 680 2815 flamma
727 2762 1011 2817 charitatis
1045 2764 1154 2829 Dei,
1200 2781 1320 2835 qua!
1368 2781 1467 2835 per
1493 2767 1755 2837 Spiritum
1794 2780 2042 2827 sanctum

466 2846 783 2906 dili'mtditur
814 2852 866 2906 in
911 2855 1164 2910 cordibus
1189 2858 1407 2912 nostris.
1441 2859 1637 2915 Decem
1680 2862 1881 2918 cubitis
1917 2871 2045 2918 sunt

467 2941 579 3007 alti,
614 2943 741 3025 quia
780 2958 878 3012 per
909 2946 1306 3002 observantiam
1336 2950 1573 3020 dccal‘ogi
1616 2951 1750 3025 legis
1789 2953 1899 3009 Deo
1929 2970 2044 3009 ser-

467 3022 717 3113 viendum
767 3037 1087 3105 prmdicant,
1114 3026 1253 3108 quia.
1293 3041 1403 3096 Deo
1443 3042 1675 3099 ﬁdeliter
1703 3022 2041 3115 servientes,

466 3110 686 3178 denario
716 3140 776 3179 se
805 3128 1225 3184 remunerandus
1250 3144 1371 3186 esse
1408 3134 1558 3202 regni
1583 3135 1837 3192 caelestis.
1859 3145 2043 3194 osteno

467 3212 618 3267 dunt.
657 3211 913 3271 Geminus
960 3218 1161 3274 habent
1201 3221 1344 3287 alas,
1399 3225 1526 3294 quia
1574 3234 1895 3283 testamenta
1944 3245 2043 3301 per

467 3318 652 3383 aspera
688 3322 839 3376 teque
865 3317 918 3361 et
947 3325 1200 3381 prospera
1230 3312 1503 3371 indefesso
1532 3320 1810 3388 praposito
1827 3336 2043 3392 semper

466 3400 532 3454 ad
563 3400 802 3456 coelestia
838 3402 1126 3461 tetendisse
1154 3411 1560 3485 acpervenisse
1596 3411 1893 3485 declarant,
1915 3417 2049 3485 quia.

466 3491 569 3547 huc
621 3493 761 3546 idem
792 3494 904 3548 suis
936 3497 1249 3569 auctoribus
1299 3497 1615 3556 faciendum.
1656 3518 1778 3559 esse
1813 3505 2045 3562 demon-

466 3590 658 3637 strant.
686 3582 932 3653 Quinque
957 3588 1260 3643 cubitorum
1294 3589 1380 3646 ala
1407 3592 1611 3649 cherub
1648 3610 1774 3659 una,
1807 3605 1862 3650 et
1885 3597 2046 3665 quin-

465 3687 569 3741 que
598 3675 904 3730 cubitorum
957 3678 1040 3732 ala
1075 3681 1279 3737 cherub
1300 3682 1491 3749 altera,
1517 3686 1643 3755 quia
1671 3685 1723 3740 in
1768 3688 1918 3757 omni
1962 3688 2045 3743 la-

464 3755 704 3822 béntium
750 3785 930 3824 rerum
969 3772 1229 3828 varietate
1268 3775 1440 3830 sancti
1491 3777 1771 3836 universos
1797 3782 2043 3850 corporis

464 3859 548 3914 sui
592 3874 780 3916 sensus
828 3863 880 3917 in
911 3866 1227 3937 obsequium
1266 3871 1346 3924 sui
1382 3870 1687 3929 Conditoris
1719 3874 2040 3941 extendunt,

465 3954 650 4006 oculos
691 3954 950 4011 habentes
978 3972 1190 4029 semper
1218 3959 1285 4014 ad
1327 3962 1633 4027 Dominum,
1662 3968 1858 4023 audire
1891 3969 2040 4024 desi-

466 4043 719 4096 derantes
765 4058 951 4100 vocem
994 4048 1167 4105 laudis
1215 4050 1351 4119 ejus,
1392 4064 1448 4110 et
1500 4070 1759 4115 enarrare
1788 4059 2039 4115 universa

465 4132 731 4187 mirabilia
760 4134 894 4202 ejus,
921 4138 1095 4197 dulcia
1121 4142 1366 4201 faucibus
1396 4149 1511 4203 suis
1537 4149 1798 4205 habentes
1824 4152 2038 4221 eloquia

464 4222 610 4279 illius
625 4241 786 4296 super
812 4228 917 4287 mel
938 4240 995 4285 et
1020 4229 1201 4288 favum
1232 4235 1315 4291 uri
1333 4250 1455 4303 suo,
1479 4247 1758 4295 currentes
1788 4241 1843 4297 in
1871 4244 2040 4303 odore

464 4325 860 4385 unguentorum
900 4318 1016 4390 eius
1061 4333 1116 4378 et
1150 4326 1319 4382 donec
1352 4337 1600 4398 superest
1638 4330 1839 4390 halitus
1862 4334 1915 4388 in
1937 4335 2038 4400 eis,

2146 1844 2316 1900 latria:
2346 1845 2520 1902 lucem
2542 1850 2790 1906 veritatis
2824 1867 3153 1923 cognoscere
3174 1856 3360 1911 datum
3392 1869 3490 1913 est.

2216 1939 2351 1994 Nam
2396 1943 2497 1997 etsi
2540 1944 2816 2012 primitiva
2867 1947 3106 2002 Ecclesia
3150 1951 3381 2006 maxime
3429 1953 3488 2007 de
3525 1950 3757 2009 Iudaeis

2145 2031 2398 2097 diloruit,
2430 2037 2686 2091 etsomnis
2715 2037 2879 2094 Israel
2907 2041 3052 2096 circa
3092 2041 3259 2105 ﬁnem
3304 2044 3483 2099 sznculi
3514 2046 3754 2102 salvan:

2146 2124 2245 2180 dus
2295 2140 2415 2180 esse
2455 2127 2738 2193 credatur,
2798 2129 3016 2199 plurimi
3062 2139 3242 2187 tamen
3286 2132 3522 2191 ﬁdelium
3561 2134 3748 2203 hujus

2147 2216 2406 2284 temporis
2429 2218 2495 2273 de
2526 2219 2776 2291 gentibus
2797 2233 3195 2293 congregantur
3221 2226 3289 2279 ad
3311 2225 3589 2296 Evangelii
3612 2244 3757 2283 sns-

2144 2307 2811 2376 cipicnda.sacramcnta.-
2868 2314 3074 2381 Quibus
3108 2316 3210 2371 huc
3247 2318 3410 2372 etiam
3461 2319 3773 2379 divinitus.

2146 2397 2405 2454 donatum
2440 2412 2524 2456 est
2549 2410 2607 2456 ut
2632 2404 2907 2477 revelatis.
2920 2406 3090 2463 oculis
3115 2410 3201 2465 sui
3227 2410 3411 2465 cordis
3439 2411 3777 2469 manifeste

2146 2502 2476 2561 cognoscant
2520 2493 2754 2551 litteram
2787 2498 2996 2563 Veteris
3031 2499 3362 2556 Testamenti
3401 2504 3757 2574 evangelia

2146 2584 2334 2654 gratiae
2354 2584 2564 2654 plenam
2588 2601 2709 2641 esse
2728 2589 3246 2658 mysteriis..sz
3269 2593 3532 2650 habentes
3558 2596 3751 2653 facies

2146 2674 2425 2749 cherubim
2453 2677 2522 2733 ad
2546 2679 2871 2737 exteriorem
2900 2676 3286 2755 domum,,quia
3308 2701 3409 2741 nos
3435 2687 3532 2756 qui
3546 2690 3773 2751 adhuc;

2145 2763 2281 2845 furis
2306 2775 2654 2826 stamusnon
2687 2786 2747 2835 re
2781 2772 2915 2840 ipsa,
2948 2773 3042 2828 sed
3078 2789 3173 2845 spe
3200 2776 3337 2832 salvi
3360 2776 3488 2833 facti
3516 2796 3777 2838 sumus.

2110 2904 2111 2907 χ
2146 2842 2326 2911 Divini
2356 2865 2482 2912 sunt
2508 2857 2635 2914 ιιιηί
2657 2862 2880 2929 conditi,
2912 2864 3037 2932 quia
3066 2842 3359 2936 scriptores
3385 2884 3576 2924 eorum
3615 2871 3773 2940 jam

2146 2957 2439 3017 regnantes
2489 2965 2611 3005 cum
2666 2950 2894 3025 Domino
2943 2952 3203 3026 illumque
3232 2956 3627 3015 conlaudantes
3684 2962 3750 3016 in

2148 3040 2300 3096 caelis
2340 3055 2527 3097 curam
2554 3049 2758 3097 nostrae
2802 3051 2997 3111 gerunt
3015 3044 3205 3101 salutis
3229 3058 3255 3087 ι
3280 3063 3485 3119 proque
3532 3052 3782 3108 nostris.

2127 3114 2413 3185 erratibus
2433 3130 2574 3200 apud
2617 3130 2732 3200 ejus
2765 3132 3023 3203 pietatem
3073 3114 3442 3207 interpellant.
3486 3138 3766 3197 Cit-cm

2146 3222 2256 3277 dati
2283 3231 2409 3278 sunt
2429 3239 2564 3278 auro
2582 3224 2882 3289 cherubim,
2920 3227 3048 3296 quia
3076 3230 3352 3299 praeclaris
3395 3234 3755 3303 scriptorum-

2146 3332 2368 3371 suornm
2402 3317 2658 3386 operibus
2696 3319 3050 3376 conﬁrmatur
3073 3323 3368 3379 auctoritas
3417 3326 3751 3382 Tectum

2146 3414 2344 3470 torum,
2396 3407 2757 3473 manifestata.
2794 3418 2983 3483 autem
3030 3426 3128 3481 per
3173 3414 3360 3481 urbem
3418 3416 3741 3487 cognitione

2144 3496 2446 3567 divinarum
2488 3497 2924 3569 Scripturarum,
2953 3503 3069 3558 sive
3109 3504 3322 3559 interna
3366 3506 3541 3576 gloria
3571 3509 3751 3567 coelo-

2145 3586 2309 3640 stium
2339 3588 2635 3657 agminum.
2686 3590 2924 3660 Uterque
2955 3594 3100 3649 enim
3133 3595 3357 3661 cherub,
3385 3599 3747 3667 utdiximna,

2142 3686 2199 3733 et
2229 3679 2449 3750 angelos
2483 3688 2537 3735 et
2574 3680 2917 3738 Testamenta
2957 3684 3253 3756 designant.

2726 3814 2956 3871 CAPUT
2994 3818 3135 3873 XXI.

2146 3897 2300 3977 Quod
2323 3916 2427 3955 non
2458 3901 2584 3977 (geste
2610 3903 2843 3977 Joannes
2863 3907 3128 3977 presbyter
3145 3920 3363 3966 senserit
3389 3915 3486 3977 qui
3514 3926 3576 3969 ut
3598 3917 3755 3972 ints--~

2145 4019 2168 4037 η,
2212 3971 2392 4045 ainant
2417 3971 3080 4045 redemtionem-astrum,
3113 3979 3266 4045 dixit,
3294 3982 3367 4036 Et
3389 3971 3560 4042 Iesus
3583 3971 3725 4044 Nare

2214 4040 2495 4097 duodecim
2520 4041 2723 4113 lapides
2747 4047 2936 4100 stawit
2954 4048 3010 4102 in
3036 4040 3131 4104 Dei
3151 4040 3439 4109 memoria.

2213 4152 2349 4241 Cum
2379 4154 2435 4209 in
2454 4156 2643 4211 eadem
2673 4158 3029 4229 synodo-qna:
3051 4177 3152 4231 pro
3197 4165 3495 4223 adorandis
3537 4168 3721 4241 imagi-

2142 4241 2307 4297 nibus
2322 4240 2467 4297 facta
2495 4252 2599 4309 est,
2629 4243 2786 4313 cujus
2814 4262 2914 4303 nos
2959 4263 3174 4307 errores
3201 4255 3521 4311 summatim
3544 4257 3723 4315 discn-

2142 4330 2356 4387 tiendus
2392 4332 2739 4403 arripuimus,
2791 4337 2999 4393 nullum
3034 4343 3402 4400 testimonium
3430 4362 3505 4403 ex

464 4410 520 4457 et
547 4405 768 4475 spiritus
812 4409 907 4464 Dei
946 4410 1000 4466 in
1044 4412 1267 4470 naribus
1309 4415 1570 4485 ipsorum,
1620 4436 1725 4474 non
1758 4420 2040 4492 loquentes

2149 4422 2386 4490 apicibus
2406 4424 2677 4494 prolatum
2700 4426 2771 4482 ad
2794 4429 3039 4485 eamdem
3064 4446 3177 4489 rem
3195 4434 3475 4502 pertinere
3490 4449 3715 4503 constet.

465 4486 622 4551 labiis
644 4497 1002 4569 iniquitatem,
1044 4520 1144 4560 nec
1165 4505 1220 4560 in
1252 4506 1434 4577 lingua
1468 4526 1565 4566 sua
1591 4486 1873 4570 stultitiam
1920 4531 2046 4586 per-

464 4596 750 4655 sonantes;
795 4592 979 4663 sicque
1022 4609 1120 4664 per
1156 4612 1307 4652 arma
1348 4597 1577 4669 justitiaa
1605 4606 1865 4664 adextris
1907 4616 1964 4663 et
2009 4623 2043 4664 a

465 4679 700 4739 sinistris
730 4685 1037 4743 incedentes
1084 4690 1150 4744 ad
1185 4693 1584 4762 perceptionem
1613 4696 1851 4767 emicatis
1879 4698 2044 4753 dena-

466 4779 550 4843 rii,
591 4794 750 4848 quem
795 4794 1038 4834 summus
1063 4782 1450 4851 paterfamilias
1479 4786 1773 4844 cultoribus
1792 4806 1904 4845 sua:
1962 4791 2041 4844 vi-

466 4885 581 4926 ncte
608 4868 938 4940 repromisit,
984 4872 1320 4938 perveniunt.
1354 4875 1488 4943 Quia
1534 4893 1661 4949 ergo
1709 4895 1845 4949 opus
1872 4897 2040 4935 unum

466 4968 583 5012 erat
611 4959 664 5012 in
688 4959 895 5037 duobus
918 4961 1218 5028 cherubim,
1248 4964 1350 5021 hoc
1385 4967 1641 5026 innuehat
1670 4972 1796 5041 quia
1841 4974 2065 5029 utrius-_

465 5065 571 5117 que
603 5050 943 5105 instrumenti
986 5052 1275 5122 scriptores
1305 5073 1409 5112 una
1442 5062 1736 5132 eademque
1789 5067 2044 5122 castitate

468 5140 646 5215 aperis
670 5148 725 5198 et
760 5141 1341 5213 charitatissdevotione
1372 5150 1479 5205 Deo
1505 5154 1830 5217 serviebant,
1858 5172 1965 5209 una
1987 5165 2043 5211 et

471 5245 705 5284 consona
736 5230 903 5284 Deum
932 5248 1058 5289 voce
1083 5251 1147 5290 ac
1173 5235 1287 5311 fide
1309 5241 1622 5308 praedicant.
1641 5243 1892 5312 Quasque
1937 5244 2044 5300 No-

468 5333 595 5373 vum
640 5319 1043 5379 Testamentum
1081 5327 1147 5382 de
1186 5328 1460 5386 Damiuica
1486 5331 1880 5399 incarnatione,
1914 5351 2041 5405 pas-

471 5412 640 5478 sione,
671 5417 1082 5483 resurrectione,
1106 5421 1440 5485 ascensione,
1480 5423 1717 5492 gentium
1742 5426 2043 5494 vocatione,

542 5557 575 5625 ll.
605 5543 808 5625 Proque
836 5545 1303 5625 nostris'erratibus
1330 5554 1471 5625 apud
1491 5555 1606 5624 ejus
1624 5557 1863 5625 pietatm
1884 5558 2043 5616 inter-

472 5614 687 5691 pellant.
722 5614 888 5672 Errat
925 5622 1258 5684 emendatur,
1297 5614 1387 5691 qui
1425 5614 1661 5679 erratum
1702 5628 1754 5682 in
1784 5614 2042 5687 erratibus

473 5684 683 5754 qumrit,
723 5702 818 5756 pro
851 5704 1019 5759 cuque
1050 5692 1258 5761 reponit
1295 5684 1502 5748 erratis.
1537 5694 1809 5765 Siquidem
1849 5708 1903 5754 et

2146 4528 2245 4569 nec
2272 4514 2374 4569 hoc
2394 4529 2606 4584 quoque
2625 4518 2899 4585 pertinere
2922 4530 3136 4577 constat
3157 4524 3301 4593 quod
3310 4524 3557 4585 Joannes
3574 4546 3718 4601 pres-

2142 4606 2302 4675 byter
2344 4615 2400 4661 et
2446 4606 2655 4679 legatus
2685 4608 3040 4669 Orientalium
3073 4616 3297 4684 protulit
3326 4617 3541 4687 dicens,
3570 4621 3714 4677 Iesus

2144 4695 2293 4751 Nave
2318 4695 2595 4752 duodecim
2626 4698 2826 4770 lapides
2852 4703 3036 4756 statuit
3060 4704 3117 4758 in
3144 4703 3567 4766 Mnemon-ica
3586 4711 3714 4780 Qus-

2143 4800 2267 4838 rum
2292 4785 2339 4839 si
2362 4786 2715 4843 histurialitcr
2750 4806 2848 4846 cur
2871 4792 2940 4846 ab
2982 4794 3158 4849 amnis
3179 4795 3332 4852 alveo
3360 4798 3559 4858 educti
3580 4814 3633 4860 et
3661 4806 3709 4860 in

2143 4874 2396 4945 Galgadis
2429 4875 2647 4932 fuerunt
2674 4881 2855 4949 positi,
2882 4897 3055 4938 causa.
3083 4894 3387 4955 quaeratur,
3422 4894 3500 4948 ab
3529 4896 3709 4951 eodem

2141 4963 2303 5029 Iosue
2328 4967 2568 5035 aperitur
2597 4985 2612 5021 :
2650 4970 2743 5038 qui
2766 4970 2851 5025 his
2874 4987 2981 5027 non
3006 4974 3076 5029 ad
3113 4975 3425 5035 adorandus
3456 4981 3709 5055 imagines

2144 5058 2513 5121 instruendam
2548 5058 2666 5116 fore
2698 5061 3061 5119 Israelitarum
3088 5070 3463 5135 posteritatem
3482 5075 3702 5138 edocuit.

2142 5151 2237 5207 sed
2278 5166 2568 5207 memorem
2617 5156 2881 5223 stupendo
2916 5157 3183 5216 miraculo
3226 5162 3453 5219 arefacti
3482 5165 3702 5222 ﬂuminis

2141 5261 2262 5302 esse
2303 5245 2499 5302 debere
2540 5249 2864 5316 permonuit,
2890 5251 2982 5318 qui
3010 5237 3079 5306 ad
3120 5261 3367 5321 posteros
3414 5258 3560 5314 hanc
3598 5261 3700 5314 sine

2141 5350 2276 5391 voce
2319 5335 2643 5405 legationem
2694 5337 3092 5406 proclamantes
3142 5342 3415 5405 deferrent
3459 5365 3481 5401 :
3535 5368 3555 5399 ι
3606 5350 3699 5403 Nos

2143 5442 2283 5497 quos
2326 5428 2547 5483 cernitis
2600 5428 2854 5497 liquentis
2898 5433 3168 5501 quondam
3214 5434 3469 5491 elementi
3517 5438 3705 5494 fuimus

2110 5601 2125 5615 .
2144 5559 2199 5615 in
2223 5572 2321 5615 usu
2349 5558 2467 5638 fuit.
2490 5542 3004 5638 Balbusmonachns
3021 5563 3335 5638 catholico:
3365 5589 3387 5620 ο
3416 5568 3620 5638 Errare,
3647 5575 3695 5629 id

2142 5640 2228 5686 est
2242 5630 2565 5709 exorbitare,
2582 5638 2639 5709 et
2659 5631 3056 5709 hincdverhalia,
3073 5636 3156 5690 hic
3176 5649 3403 5707 enatus,
3424 5654 3526 5709 tus,
3544 5653 3590 5698 et
3604 5630 3692 5697 irae

2143 5708 2391 5764 erratum,
2422 5700 2493 5760 ti;
2527 5701 2685 5758 ambo
2713 5716 2813 5771 pro
2837 5703 3049 5759 delicto.
3080 5725 3104 5756 ν
3387 5700 3400 5707 ’
3514 5700 3525 5709 '
3608 5731 3639 5749 ..
