3990 6302
220 374 355 430 ιοειι
972 338 1167 423 item
1200 363 1541 422 cauom].
1580 392 1651 403 —
1686 361 1809 416 car

1953 360 2039 414 DE
2077 358 2267 414 IMAG.
2305 388 2377 401 -—-
2414 359 2543 415 LIB.
2583 354 2623 415 Ι.
3302 362 3440 422 1054

215 482 552 550 habitatores,
595 484 687 554 qui
727 481 891 537 aridas
938 489 1098 535 terra:
1124 493 1269 534 nunc
1311 491 1498 531 sumus
1526 473 1762 536 exsules,
1792 477 1842 531 Α
1868 471 2056 526 Deoin
2099 472 2247 543 regni
2279 471 2433 541 apice
2479 472 2822 529 sublimatam
2864 483 3204 546 potestatem.
3235 476 3442 549 Quippe

215 582 403 651 quiquo
439 583 520 632 tot
543 573 755 630 smculis
798 570 1049 627 Jordunis
1078 568 1280 623 fuimus
1325 566 1606 636 indigenae,
1650 561 1768 630 ejus
1868 560 2219 633 qui‘ejusdem
2238 563 2364 619 doni
2392 563 2628 619 Caelestis
2653 580 2875 620 munere
2898 566 3301 651 satiatus‘erat,
3336 584 3444 639 quo

214 650 439 739 exempti
453 664 753 736 gurgitibus
774 661 980 717 telluris
998 672 1142 714 nunc
1163 671 1350 714 sumtis
1370 657 1605 711 advenat.
1627 652 1771 720 Quo-
1869 652 1961 707 ille
1979 653 2252 708 satiandus
2290 652 2430 708 foret
2459 654 2551 723 qui
2589 654 2830 710 dicturus
2872 664 2991 711 erat
3018 674 3032 711 :
3067 650 3322 713 Omnibus
3353 677 3445 732 po—

216 763 349 817 niatn
373 772 498 815 cum
522 764 648 811 ante
670 752 865 808 faciem
882 764 1029 806 arae
1051 748 1283 812 Domini,
1307 748 1416 801 imo
1440 752 1564 799 ante
1579 743 1770 797 faciem
1871 741 2539 796 testatibItssublimioribus
2561 743 2756 797 subditi
2770 754 2952 799 estote.
2984 743 3107 800 Non
3117 756 3192 801 est
3208 748 3345 802 enim
3361 765 3447 821 po-

215 854 304 910 Dei
336 849 521 915 Iacob,
568 845 910 903 sacerdotum
936 838 1400 913 perstrepentibus
1426 835 1676 899 catervis,
1717 840 1775 888 et
1872 840 2029 885 testas
2042 832 2145 886 nisi
2166 849 2197 886 a
2220 832 2350 900 Deo,
2366 848 2484 904 quae
2503 843 2677 887 autem
2701 844 2822 888 sunt
2842 853 2874 889 a
2906 835 3015 891 Deo
3029 838 3290 893 ordinata!
3303 852 3446 897 sunt.

213 944 385 1015 populi
406 955 529 996 cum
548 951 737 1008 magna
765 934 1122 992 exsultatione
1137 929 1548 1006 admirantibus
1567 924 1772 989 cuneis,
1876 920 2060 992 Itaque
2076 923 2166 1015 qui
2188 925 2379 978 resistit
2398 925 2655 994 potestati,
2672 923 2770 978 Dei
2789 928 3109 985 ordinationt
3123 932 3346 988 resistit:
3361 932 3451 1005 qui
3482 944 3485 951 ‘

217 1014 405 1090 novum
449 1030 540 1086 ille
570 1035 846 1100 pateretur
883 1024 1184 1085 dissidium,
1212 1020 1521 1077 inferiorem
1564 1023 1775 1088 partem
1876 1021 2050 1066 autem
2070 1014 2332 1079 resistunt,
2346 1016 2444 1086 ipsi
2460 1015 2560 1069 sibi
2578 1016 2966 1073 damnationem
2980 1023 3277 1092 acquirunt.
3309 1022 3453 1078 Nam

214 1124 330 1197 fuga
380 1123 587 1193 lapsam
616 1116 881 1188 aequoreis
933 1113 1092 1170 undis
1121 1113 1486 1181 immergeret,
1532 1105 1778 1177 superio-
1874 1105 2130 1177 principes
2152 1121 2256 1159 non
2275 1115 2396 1159 sunt
2441 1107 2617 1161 timori
2658 1108 2777 1163 boni
2804 1112 2994 1180 operis,
3033 1112 3125 1167 sed
3159 1115 3307 1168 mali.
3368 1115 3454 1170 vi,

216 1230 433 1286 reusque
450 1215 508 1269 in
529 1226 654 1267 aera
674 1208 989 1279 fastigiaret,
1026 1202 1631 1275 obetupescentibusque
1680 1212 1779 1269 p0-
1876 1211 2051 1256 autem
2096 1217 2200 1255 non
2226 1202 2406 1255 timere
2431 1205 2773 1272 potestatem?
2797 1205 2985 1262 bonum
3016 1208 3139 1286 fac,
3167 1220 3217 1264 et
3244 1212 3455 1268 habebis

214 1311 350 1383 polis
365 1306 719 1379 lymphaticus
740 1302 808 1357 ad
820 1300 935 1355 alta
956 1305 1165 1354 montes
1185 1294 1490 1352 sustolleret
1509 1302 1566 1348 et
1582 1291 1779 1362 plantis
1877 1294 2086 1349 laudem
2108 1309 2173 1347 ea:
2192 1292 2306 1347 illa.
2338 1293 2437 1347 Dei
2459 1295 2597 1349 enim
2617 1297 2852 1350 minister
2871 1308 2947 1352 est
2969 1299 3063 1383 tibi
3089 1300 3144 1355 in
3165 1302 3389 1368 bonum;
3409 1304 3456 1358 si

216 1382 495 1458 insolitum
515 1395 821 1453 meliticis
850 1392 1138 1449 transitum
1175 1388 1350 1443 arenti
1382 1385 1534 1440 alveo
1556 1391 1781 1453 praesta-
1878 1394 2051 1443 autem
2070 1383 2268 1438 malum
2292 1383 2493 1454 feceris,
2515 1387 2658 1439 time.
2693 1386 2816 1441 Non
2834 1389 2971 1443 enim
2991 1382 3104 1445 sine
3136 1408 3296 1447 causa
3344 1393 3457 1465 gla-

218 1500 294 1547 ret
321 1491 391 1544 ab
416 1486 652 1556 antiquis
675 1498 863 1539 sumus
889 1481 1109 1538 sedibus
1130 1477 1329 1541 educti.
1359 1483 1415 1530 ει
1442 1476 1565 1531 istic
1610 1474 1783 1529 181⁸³6·-
1878 1483 2024 1538 dium
2048 1490 2239 1553 portat.
2270 1477 2369 1535 Dei
2393 1481 2530 1534 enim
2555 1481 2788 1535 minister
2825 1486 2921 1547 est,
2947 1483 3136 1539 uindex
3160 1485 3216 1540 in
3242 1484 3378 1540 iram
3410 1488 3459 1540 ei

216 1581 430 1636 litarum
476 1575 716 1632 humeris
760 1572 906 1627 allati
955 1571 1183 1639 isticque
1227 1567 1433 1638 positi,
1470 1578 1498 1608 α
1554 1566 1783 1634 isticque
1879 1576 1969 1645 qui
1991 1573 2189 1627 malum
2218 1572 2346 1642 agit.
2377 1570 2606 1641 Ideoque
2643 1573 2933 1628 necessitati
2953 1574 3148 1629 subditi
3176 1584 3338 1630 estote
3353 1592 3459 1631 non

216 1684 400 1725 sumus
437 1667 531 1723 diu
574 1661 935 1735 permanenti.
977 1680 997 1713 ι
1033 1659 1091 1715 Si
1122 1673 1251 1713 vero
1284 1658 1461 1728 typice
1513 1654 1644 1725 (Illid
1692 1653 1783 1708 is“
1880 1664 2048 1719 solum
2078 1673 2288 1734 propter
2308 1663 2465 1727 iram,
2497 1663 2587 1716 sed
2626 1672 2836 1733 propter
2878 1666 3270 1719 conscientiam.
3330 1664 3471 1720 Ideo

200 1760 422 1831 lapides
437 1753 898 1828 pmﬁsumverint
920 1759 1210 1821 quem".
1241 1762 1382 1803 novo
1400 1745 1585 1811 Iosue.
1607 1744 1785 1800 Domi-
1816 1820 1859 1831 _
1882 1758 2020 1811 enim
2071 1766 2120 1811 et
2148 1755 2342 1810 tributa
2373 1756 2633 1826 praestatis
2669 1771 2687 1809 .-
2722 1756 2951 1811 ministri
3008 1758 3146 1812 enim
3193 1757 3287 1812 Dei
3315 1768 3460 1823 sunt,

217 1820 286 1907 ut;
315 1820 569 1905 videlicet
591 1820 657 1902 et
703 1820 981 1900 Salvatore
1022 1848 1207 1896 nostro
1243 1838 1368 1895 1'88“
1405 1836 1640 1902 Christo,
1688 1835 1782 1905 qui
1812 1820 1860 1881 Β
1884 1847 1939 1899 in
1955 1847 2052 1899 hoc
2075 1847 2246 1915 ipsum
2271 1820 2573 1901 seruientes.
2606 1845 2825 1900 Reddite
2850 1863 2971 1918 ergo
2998 1849 3236 1903 omnibus
3254 1820 3462 1904 debita.‘

217 1950 432 1997 aeterne
463 1938 620 1995 nobis
666 1935 855 2007 patria;
908 1932 1301 1987 habitationem
1350 1926 1642 1991 distribuit,
1692 1926 1787 1981 do-

1910 1940 1970 1992 ‘ui
2014 1939 2284 2002 tributum,
2320 1938 2603 2001 tributum;
2653 1940 2753 1995 cui.
2784 1940 3017 2010 vectigal,
3077 1941 3337 2011 uectigal;
3378 1942 3469 1996 cui

218 2041 391 2097 cente,
414 2029 686 2099 panditur,
723 2027 816 2096 qui
855 2034 915 2081 ut
949 2023 1205 2093 baptismi
1252 2027 1647 2077 sacramentum
1690 2032 1788 2087 per

1910 2030 2142 2092 imorem,
2186 2028 2457 2093 timorem;
2487 2029 2585 2082 cui
2623 2028 2889 2093 honorem,
2935 2030 3218 2094 honorem;
3264 2030 3460 2084 neutini

218 2124 365 2194 quod
415 2123 483 2177 ad
525 2129 782 2176 aeternam
824 2117 1053 2187 patriam
1112 2113 1442 2185 pervenitur,
1494 2109 1785 2173 stabiliret,
1885 2118 2171 2189 quidquam
2191 2117 2419 2172 debeatis
2441 2118 2615 2171 nisiut
2629 2118 2845 2173 inuicem
2866 2118 3099 2191 diligatis
3119 2119 3297 2191 (Rom.
3320 2123 3463 2193 xm).

218 2213 502 2271 duodecim
559 2209 829 2281 apostolos
875 2207 1052 2276 elegit,
1103 2206 1298 2275 quibus
1346 2211 1403 2259 et
1452 2202 1604 2265 dixit.
1642 2200 1790 2256 Eun-
1887 2209 1963 2264 De
2007 2209 2110 2263 hac
2141 2208 2303 2263 etiam
2351 2222 2412 2262 re
2444 2208 2586 2264 idem
2617 2209 2726 2265 Vas
2746 2209 3023 2265 electionis
3054 2226 3153 2280 per
3200 2211 3463 2280 Spiritum

218 2316 296 2360 tes
348 2304 525 2358 docete
581 2316 789 2363 omnes,
838 2299 1157 2368 baptizantes
1203 2312 1291 2350 eos
1339 2296 1394 2348 in
1441 2293 1646 2347 nomine
1683 2290 1791 2346 Pa-
1889 2306 2135 2354 sanctum
2201 2298 2528 2366 discipulum
2572 2298 2752 2357 Titum
2800 2300 2881 2354 sic
2922 2300 3183 2356 instruit:
3236 2302 3479 2358 Admone

219 2398 335 2461 tris,
372 2406 422 2450 et
458 2393 609 2459 Filii,
628 2404 684 2449 et
718 2392 949 2464 Spiritus
986 2391 1154 2445 sancti
1189 2387 1403 2461 (Matth.
1433 2386 1651 2456 xxviii),
1700 2384 1819 2453 qui-
1890 2389 2027 2454 illos,
2056 2390 2375 2459 principibus
2401 2399 2449 2444 et
2482 2391 2820 2461 potestatibus
2858 2392 3095 2448 subditos
3146 2410 3277 2458 esse,
3331 2396 3475 2449 dicto

220 2506 391 2559 usque
415 2490 472 2544 in
504 2496 820 2558 perpetuum
848 2492 1048 2541 sancta:
1071 2483 1323 2539 Ecclesia:
1344 2479 1648 2551 posteritati
1672 2492 1794 2547 per-

222 2583 411 2639 hibent
457 2580 840 2641 testimonium,
904 2579 1029 2635 dum
1057 2591 1177 2632 eam
1230 2574 1299 2630 ad
1344 2573 1583 2630 coelestia
1632 2586 1793 2641 regna

221 2682 519 2745 provocant
535 2688 631 2741 per
654 2671 905 2741 baptismi
931 2669 1355 2725 sacratissimum
1377 2671 1793 2721 sacramentum.

222 2768 493 2827 Per‘alios
535 2782 668 2839 ergo
703 2766 985 2822 duodecim
1032 2763 1382 2819 nihilominus
1405 2755 1610 2829 la'pides
1627 2755 1720 2826 qui
1742 2754 1796 2809 in

221 2865 476 2922 Iordanis
500 2863 651 2918 alveo
675 2861 835 2932 positi
864 2868 1007 2925 sunt,
1033 2867 1342 2915 sanctorum
1368 2855 1797 2926 patriarcharum

220 2967 282 3013 et
323 2956 708 3028 prophetarum
745 2951 984 3022 profecto
1009 2952 1176 3022 figura
1199 2948 1572 3020 praetenditur,
1594 2942 1694 3016 qui
1712 2944 1803 3001 ni-

226 3046 574 3109 mirumdum
604 3044 855 3114 baptismi
897 3049 1294 3099 sacramentum
1328 3040 1428 3095 sub
1450 3038 1638 3092 umbra
1666 3035 1802 3106 legis

222 3138 388 3210 positi
428 3151 537 3191 non
582 3142 765 3205 aperte
810 3131 1237 3203 praedicaverint,
1275 3130 1371 3185 sed
1394 3143 1491 3199 per
1540 3126 1799 3197 quasdam

222 3228 484 3298 mysticas
519 3234 575 3281 et
619 3224 966 3280 obumbratas
1016 3221 1214 3290 ﬁguras
1284 3217 1587 3282 innuerint,
1648 3214 1803 3286 quasi

224 3317 498 3375 ﬂumineis
522 3315 768 3373 ﬂuctibus
800 3313 979 3369 obruti
1008 3320 1164 3376 sunt;
1193 3311 1319 3379 quia
1343 3307 1591 3363 videlicet
1633 3321 1807 3375 quan-

220 3425 391 3479 quam
411 3415 594 3477 aperte
628 3421 731 3461 non
780 3405 1064 3459 videantur
1110 3401 1433 3470 baptismum
1484 3397 1803 3459 instituisse,

222 3517 343 3557 non
386 3508 563 3554 tamen
610 3498 901 3553 creduntur
941 3494 1060 3563 ejus
1096 3492 1352 3564 mysterio
1397 3489 1657 3546 caruisse.
1702 3489 1806 3542 Pro

220 3591 426 3659 quibus
466 3588 709 3657 patribus
745 3592 946 3642 sanctae
985 3584 1240 3640 Ecclesia:
1286 3582 1396 3637 nati
1426 3590 1552 3637 sunt
1592 3579 1708 3641 lilii,
1752 3578 1808 3633 id

220 3691 315 3738 est
339 3678 590 3750 apostoli,
617 3693 753 3748 quos
779 3675 1061 3732 constituit
1093 3674 1370 3744 principes
1393 3686 1554 3743 super
1591 3682 1806 3726 omnem

223 3782 436 3827 terram
461 3771 553 3839 qui
574 3782 841 3823 memores
885 3773 1011 3822 sunt
1037 3764 1271 3820 nominis
1298 3762 1510 3818 Domini
1558 3761 1611 3816 in
1660 3758 1807 3814 omni

223 3860 493 3932 progenie
512 3868 568 3913 et
592 3858 940 3928 generatione
959 3864 1024 3910 ut
1047 3864 1156 3910 tam
1179 3870 1275 3926 per
1294 3853 1416 3909 illos
1451 3866 1615 3922 quam
1642 3850 1808 3905 etiam

219 3968 327 4024 per
356 3952 489 4009 istos
513 3949 870 4006 sacrosanctis
912 3947 1330 4005 charismatibus
1363 3943 1559 4000 referta
1608 3950 1663 3998 et
1717 3942 1809 4001 do-

221 4044 505 4115 gmatibus
522 4043 731 4107 edocto,
759 4056 867 4096 non
891 4040 1187 4112 imag‘mum
1214 4038 1353 4093 fucis
1373 4036 1458 4091 vel
1482 4035 1813 4116 quibuslibet

222 4130 624 4203 superstitiosis
648 4130 830 4194 rebus,
865 4131 963 4187 sed
988 4130 1093 4186 ﬁde
1132 4139 1188 4187 et
1223 4128 1479 4201 operibus
1524 4127 1810 4184 Dominum

221 4236 481 4293 quaerere
506 4236 615 4277 non
639 4221 886 4277 desistat.

809 4332 1039 4390 CAPUT
1068 4332 1232 4387 XXII.

224 4445 392 4511 Quod
431 4462 535 4499 non
561 4447 629 4500 sit
655 4442 873 4516 a'quaiis
894 4446 1156 4516 adoratio,
1182 4454 1239 4498 ut
1259 4442 1341 4516 illi
1357 4444 1554 4510 dicunt,
1571 4444 1811 4516 rNatham

1892 2480 2116 2544 obedire,
2146 2479 2366 2535 admone
2393 2482 2463 2539 ad
2506 2499 2635 2552 opus
2679 2483 2874 2538 bonum
2902 2493 3114 2554 paratos
3151 2501 3280 2551 esse,
3313 2489 3475 2540 nem-

1895 2588 2009 2627 nem
2047 2570 2417 2642 blasphemare,
2447 2572 2700 2645 litigiosos
2744 2592 2850 2631 non
2893 2593 3021 2640 esse,
3052 2576 3143 2631 sed
3189 2577 3473 2642 modestos,

1895 2677 2097 2715 omnem
2132 2661 2454 2725 ostendentes
2506 2665 2959 2720 mansuetudinem
2991 2666 3060 2720 ad
3084 2683 3263 2722 omnes
3307 2667 3478 2722 homi-

1896 2770 1987 2808 nes
2008 2752 2140 2825 (Tit.
2173 2755 2277 2827 ιιι).
2304 2750 2773 2827 Adoravititaque
2805 2759 3067 2828 propheta
3098 2774 3278 2830 regem
3307 2777 3321 2814 :
3359 2759 3481 2830 Spi-o

1897 2846 2005 2901 ritu
2025 2855 2211 2903 sancto
2239 2847 2491 2918 repletus,
2534 2848 2740 2919 Spiritu
2773 2860 2963 2906 sancto
3005 2853 3301 2922 repletum;
3345 2854 3479 2909 vati-

1899 2937 2024 2994 cinii
2046 2952 2266 2997 munere
2286 2938 2473 3002 fretus,
2504 2941 2741 2996 vaticinii
2768 2956 2992 2997 munere
3013 2941 3234 3008 fretum,
3260 2944 3507 2999 moritor

1900 3045 2021 3086 rum
2074 3030 2374 3101 insignibus
2431 3046 2743 3096 coruscans,
2793 3032 3111 3087 meritorum
3177 3033 3509 3104 insignibus

1902 3129 2305 3178 coruscantem.
2324 3120 2443 3178 Non
2463 3122 2611 3179 enim
2648 3122 2703 3177 in
2737 3138 2803 3178 eo
2838 3124 3128 3192 quamdam
3154 3124 3485 3181 inscnsatam

1907 3230 2021 3269 rem
2046 3214 2431 3283 superstitiosa:
2459 3215 2715 3271 vanitatis
2728 3216 2883 3271 cultu
2912 3215 3175 3282 adoravit,
3193 3221 3489 3274 sed-virum

1904 3304 2183 3360 inventum
2221 3306 2515 3373 secundum
2540 3322 2636 3361 cor
2668 3307 2899 3370 Domini,
2927 3310 3104 3364 virum
3128 3311 3271 3365 sacri
3284 3314 3489 3383 ungui-

1906 3398 1989 3452 nis
2018 3397 2224 3466 liquore
2253 3399 2569 3466 delibutum,
2594 3400 2623 3439 1³
2647 3401 2827 3454 virum
2848 3400 2901 3454 in
2930 3401 3023 3454 Dei
3049 3399 3300 3458 laudibus
3321 3408 3515 3473 supra'

1904 3503 2093 3542 omnes
2117 3490 2431 3555 excitatum,
2452 3491 2629 3546 virum
2654 3491 2745 3561 qui
2770 3492 2836 3547 de
2856 3490 3059 3546 Christi
3090 3492 3482 3561 incarnatione,

1904 3577 2173 3647 passione,
2195 3593 2226 3631 ει
2264 3580 2492 3634 mortuis
2519 3581 2936 3644 resurrectione,
2976 3583 3031 3636 in
3057 3584 3253 3637 cmlum
3294 3600 3485 3640 ascen-

1906 3669 2076 3735 sione,
2116 3670 2325 3724 cunctis
2362 3671 2756 3739 praecellentius
2788 3674 3157 3743 prophetavit;
3186 3676 3360 3730 virum
3394 3677 3485 3746 qui

1907 3761 2218 3817 non‘solum
2249 3761 2342 3817 Dei
2366 3761 2558 3817 Filium
2588 3771 2872 3818 venturum
2888 3766 3373 3835 prophetavit,scd
3394 3767 3483 3836 rju

1908 3853 2071 3907 etiam
2106 3860 2292 3923 typum
2334 3852 2533 3923 gessit;
2573 3854 2749 3908 virum
2792 3856 2884 3925 qui
2915 3871 3019 3911 non
3050 3856 3223 3911 solum
3257 3856 3374 3926 ejus
3407 3868 3490 3931 ty-

1906 3959 2037 4013 pum
2061 3945 2246 4014 gessit,
2278 3944 2371 3998 sed
2396 3944 2559 3999 etiam
2581 3945 2876 4000 secundum
2915 3944 3146 4000 formam
3193 3950 3334 4002 servi
3373 3962 3491 4019 ger-

1908 4035 2069 4093 minis
2122 4037 2431 4106 prosapiam
2491 4038 2840 4094 ministravit.
2903 4040 3217 4096 Dilectionis
3262 4036 3487 4110 allecto,

1906 4126 2226 4183 humilitatis
2278 4128 2566 4198 obsequio,
2621 4130 2955 4200 pratlationis
2998 4133 3207 4197 debito,
3254 4134 3491 4190 olllciosn

1909 4218 2224 4275 adcretione
2250 4220 2647 4287 honoriﬁcavit,
2678 4234 2838 4291 quem
2854 4223 2900 4278 si
2922 4239 3030 4279 non
3057 4224 3107 4280 ei
3130 4238 3188 4279 se
3212 4224 3497 4282 subdendo

1832 4348 1837 4355 .
1909 4308 2134 4380 ejusque
2180 4312 2399 4367 monitis
2434 4314 2674 4382 parendo
2707 4314 3107 4379 honoriﬁcamt,
3150 4317 3225 4370 illi
3265 4317 3492 4387 Spiritui

1911 4406 2184 4460 contraire
2243 4405 2537 4469 videretur,
2571 4408 2663 4477 qui
2686 4423 2784 4479 per
2815 4416 3086 4479 pastorem
3117 4408 3372 4466 Ecclesiae
3412 4411 3495 4465 di-

1842 4525 1894 4586 D
1911 4508 2101 4553 cturus
2128 4504 2265 4562 erat,
2296 4495 2507 4551 Subditi
2534 4506 2697 4552 estote
2733 4500 2877 4552 omni
2902 4500 3146 4553 humana:
3171 4499 3494 4553 ordinationi
3534 4559 3539 4564 ,

296 4601 437 4641 num
446 4624 460 4637 .
700 4632 703 4635 λ

298 4676 423 4731 Non
446 4691 569 4732 esse
591 4676 853 4747 aequalem
874 4675 1244 4733 adorationem
1272 4692 1432 4748 quam
1458 4677 1667 4732 Natlian
1689 4691 1814 4746 pro-

216 4771 399 4840 pheta
456 4769 623 4841 David
675 4785 829 4839 saque
877 4770 1151 4840 propheta:
1204 4771 1426 4841 regique
1472 4769 1813 4825 sanctissimo

217 4860 484 4917 exhibuit
534 4859 623 4932 (11
669 4859 797 4931 Reg.
844 4861 975 4933 xu),
1038 4861 1337 4917 adorationi
1387 4876 1549 4932 quam
1594 4859 1813 4931 quidam

215 4950 563 5020 imaginibus
602 4950 875 5017 exhibent,
922 4965 1033 5007 non
1059 4963 1281 5007 necesse
1307 4959 1392 5006 est
1414 4951 1598 5005 multis
1624 4964 1817 5020 appro-

213 5047 368 5102 bare
396 5046 755 5110 documentis,
783 5047 1036 5116 quoniam
1057 5046 1474 5103 evidentissimis
1501 5054 1584 5101 est
1625 5060 1817 5116 appro.

213 5138 423 5193 butum
460 5137 694 5203 indiciis,
744 5152 845 5193 nec
878 5145 1063 5195 nostra
1095 5136 1298 5209 indiget
1333 5137 1694 5206 disputatione
1731 5152 1819 5193 res

211 5242 357 5296 quae
385 5235 497 5282 tam
521 5237 704 5298 aperta
730 5235 948 5297 tamque
966 5227 1111 5298 clara
1146 5228 1324 5284 elucet
1348 5227 1574 5283 ratione.
1609 5225 1717 5283 Sed
1748 5241 1818 5282 ne

213 5319 339 5373 hoc
367 5317 958 5390 silentio.pr:eteriisse
990 5319 1289 5385 vidcantur,
1331 5324 1543 5389 oportet
1566 5324 1624 5372 ut
1663 5317 1820 5387 quid-

213 5407 361 5463 dam
388 5405 517 5461 inde
537 5407 771 5462 strictim
809 5406 1153 5477 breviterque
1191 5422 1571 5476 exsequamur.
1613 5405 1821 5463 Adoraa

216 5496 327 5555 vit,
361 5495 603 5567 inquam,
632 5492 864 5552 Natbam
895 5499 1155 5569 propheta
1191 5499 1358 5555 David
1382 5513 1582 5569 regem,
1624 5514 1731 5555 non
1762 5506 1849 5565 ut,

215 5584 482 5639 colorum
527 5584 666 5640 fucis
712 5587 1141 5660 compaginatam
1186 5588 1495 5658 imaginem,
1552 5591 1647 5647 sed
1687 5598 1747 5645 ut
1788 5607 1819 5647 a

301 5733 332 5760 ⁸
368 5718 598 5799 Ιιιίᾳηῳ
637 5738 817 5778 sumus
845 5724 962 5799 dius
997 5729 1346 5795 permanenti.
1378 5722 1684 5799 Legendum
1712 5728 1819 5786 for-

220 5800 390 5855 tcan,
417 5790 607 5845 subdiu
634 5797 982 5862 permansuri.

1911 4597 2119 4660 propter
2169 4587 2455 4643 Dominum
2500 4587 2552 4660 (Ι
2592 4587 2739 4643 Petr.
2784 4592 2870 4653 ιι),
2936 4590 3052 4643 sive
3075 4589 3186 4659 regi
3237 4598 3492 4659 tanquam

1912 4680 2261 4751 praecellenti,
2280 4680 2395 4737 sive
2413 4682 2641 4738 ducibus
2664 4690 2919 4752 tanquam
2937 4684 3006 4737 ab
3030 4698 3095 4739 eo
3120 4684 3172 4738 in
3194 4685 3295 4740 hoc
3318 4686 3495 4757 ipsum

1915 4775 2098 4831 missis
2131 4774 2199 4830 ad
2239 4774 2532 4830 vindictam
2561 4775 2849 4841 malorum,
2902 4775 3113 4830 laudem
3146 4790 3276 4831 vero
3324 4778 3517 4832 bono-'

1915 4882 2036 4931 rum
2068 4881 2084 4921 ι
2132 4866 2260 4936 quia
2306 4867 2387 4923 sic
2427 4872 2514 4921 est
2564 4867 2813 4921 voluntas
2855 4866 2950 4921 Dei
2997 4874 3059 4920 ut
3095 4866 3496 4923 benefacientes

1915 4958 2285 5017 obmutescere
2298 4957 2510 5021 (sciatis
2523 4957 2807 5019 stultorum
2820 4956 3095 5013 hominum
3112 4952 3492 5029 ignorantiam,

1918 5057 1979 5107 ut
2012 5049 2192 5112 liberi,
2230 5064 2337 5102 non
2370 5057 2430 5103 ut
2468 5048 2711 5103 velamen
2738 5048 2957 5103 malitiae
2985 5048 3246 5104 habentes
3272 5049 3497 5104 liberta-

1920 5148 2049 5206 tem,
2072 5140 2167 5195 sed
2192 5139 2332 5194 sicut
2354 5138 2500 5193 servi
2545 5139 2660 5193 Dei.
2687 5137 2889 5194 Omnes
2918 5139 3198 5213 honorato,
3240 5138 3498 5194 fraterni-

1919 5238 2084 5289 tatem
2107 5229 2331 5299 diligite,
2371 5229 2540 5285 Deum
2576 5228 2782 5293 timete,
2812 5243 2993 5300 regem
3021 5240 3201 5285 autem
3236 5230 3497 5285 honoriﬁ-

1919 5329 2057 5376 cate.
2105 5320 2241 5375 Cum
2278 5334 2411 5393 ergo
2449 5328 2529 5376 tot
2553 5319 2766 5376 indiciis
2812 5321 3081 5391 tantisque
3129 5321 3497 5391 apostolorum

1919 5410 2391 5482 prmdicationibus
2416 5425 2571 5481 reges
2605 5411 2996 5466 honoriﬁcandi
3023 5412 3149 5478 sint,
3172 5412 3499 5468 absurdissi-

1925 5519 2072 5558 mum
2095 5512 2182 5559 est
2223 5503 2595 5559 adoratiouem
2630 5521 2752 5574 quin
2792 5504 3115 5574 imaginibus
3163 5505 3378 5560 aniliter
3412 5504 3492 5569 ﬁt,

1922 5595 2220 5652 adorationi
2240 5611 2359 5666 qua:
2379 5597 2721 5655 salictissimo
2741 5597 2962 5668 regiper
2980 5599 3293 5669 prophetam
3315 5597 3496 5664 (lebat,

1995 5730 2022 5770 ιι
2049 5725 2231 5782 Virum
2270 5727 2323 5782 in
2359 5725 2456 5781 Dei
2502 5726 2745 5782 laudibus
2783 5744 2943 5799 supra
2980 5745 3155 5784 omnes
3195 5728 3495 5784 excitatum.

1926 5801 2058 5856 Fors
2084 5808 2185 5864 est,
2210 5808 2268 5853 ut
2296 5799 2499 5854 rectius
2526 5798 2617 5863 sit,
2652 5798 3008 5853 exercitatum.
