3990 6302
581 316 759 389 mss.

1461 315 1515 365 Β.
1556 309 1808 368 (λθ-ηοω
1848 309 2060 365 usam
2098 302 2265 364 ora.
2292 307 2468 365 mus
2504 311 2566 365 n.
2609 297 2850 371 seem
2888 315 2975 370 in
3057 334 3068 391 ς

3619 328 3730 390 lilii

577 414 914 503 mquiparare
941 424 1120 490 velle;
1149 424 1546 499 cum.videlicet
1566 425 1656 491 ille
1676 424 1771 507 Dei
1796 423 2060 479 famulum
2080 431 2152 487 et,
2184 424 2505 490 A.qu;erere
2526 426 2858 509 hortabatur,
2891 446 3011 485 cum
3033 432 3257 499 dicebat,
3282 435 3489 502 Quaerite
3512 442 3721 505 Dentium

578 498 741 576 ιιιίίιᾶ
765 498 1206 591 ἀίχὲτίωγεεηοῑὶ
1237 498 1467 584 Spiritus
1493 498 1857 571 habitaculum
1882 524 1938 570 et
1959 515 2156 571 divinm

583 609 971 666 incarnationis
1017 607 1323 669 ministrum
1373 606 1656 662 salutando
1682 606 2018 671 adoraverit;
2066 605 2154 659 isti

581 714 713 754 vero
742 700 799 755 in
836 698 1159 769 imaginibus
1182 696 1258 751 nil
1296 697 1444 752 aliud
1500 698 1606 752 nisi
1635 698 1852 754 easdem
1898 698 2157 753 materias

583 793 650 847 de
672 793 867 862 quibus
905 790 1011 845 illa:
1034 790 1199 844 lianta
1228 789 1439 845 dorent.
1474 788 1612 843 Nam
1639 788 1683 844 si
1711 789 1935 858 mqualis
1957 794 2041 844 est
2069 790 2159 844 ad—

582 885 756 941 oratio
780 899 898 952 qua:
928 879 1096 938 David
1125 898 1155 935 a
1177 882 1436 953 propheta
1463 882 1708 941 exhibita
1728 881 2151 945 est,.adorationi

583 991 704 1046 qua:
728 974 1050 1051 imaginibus
1096 974 1401 1038 exhibetur,
1445 974 1560 1046 ipse
1584 988 1797 1045 quoque
1828 973 1994 1028 David
2022 974 2157 1056 ima-5
2188 1030 2193 1035 ,

580 1066 794 1139 ginibus
818 1066 1040 1135 aequalis
1085 1074 1195 1131 est;
1235 1075 1292 1120 et
1338 1066 1383 1120 si
1433 1066 1754 1136 imaginibus
1790 1067 2012 1135 aequalis
2053 1077 2193 1141 est,._

580 1173 689 1211 non
716 1157 888 1211 solum
919 1167 998 1211 tot
1022 1158 1340 1213 meritorum
1370 1159 1693 1229 insignibus,
1720 1160 1813 1215 sed
1852 1160 2014 1214 etiam
2043 1161 2159 1240 ipsa

580 1250 815 1328 humana
841 1252 1049 1306 ratione
1071 1251 1312 1307 caruisse
1330 1318 1333 1321 ι
1350 1251 1652 1308 credendus
1669 1262 1767 1307 est
1790 1267 1819 1307 :A.
1831 1268 1955 1309 non.
1978 1262 2157 1309 autem

580 1350 662 1397 tot
684 1343 999 1397 meritorum
1028 1344 1344 1414 insignibus,
1385 1359 1489 1399 nec
1520 1344 1635 1413 ipsa
1672 1345 1903 1399 humana
1950 1345 2187 1419 ratione.

579 1433 819 1488 caruisse
842 1432 1139 1489 credendus
1165 1442 1269 1499 est,
1294 1450 1403 1489 non
1431 1435 1592 1504 igitur
1611 1435 1835 1504 aequalis
1864 1444 1949 1490 est
1966 1436 2161 1491 adora—

578 1524 656 1579 tio
685 1539 806 1594 qua:
850 1524 925 1579 illi
953 1541 984 1580 a
1009 1526 1271 1596 propheta
1296 1527 1534 1582 exhibita
1572 1535 1693 1592 θείη
1712 1528 2011 1583 adorationi
2035 1544 2157 1598 qum

577 1613 900 1695 imaginibus
920 1617 1225 1687 exhibetur.

1146 1749 1373 1805 CAPUT
1399 1750 1587 1805 XXIII!

578 1858 747 1927 Quod‘
759 1861 812 1935 in
834 1877 895 1915 eo
919 1856 1069 1935 quod
1092 1862 1341 1935 scriptum
1378 1856 1453 1916 est
1484 1881 1504 1917 :
1543 1846 1823 1933 Signatum
1851 1873 1933 1920 est
1990 1880 2154 1935 super

620 1952 621 1955 η
645 1932 947 1988 nos~lumen
972 1933 1150 1988 vultus
1172 1935 1269 1996 tui,
1295 1933 1538 1998 Domine,
1569 1932 1707 1989 site:
1735 1935 1950 1989 Vultum
1975 1932 2155 2000 tuum,

644 2002 888 2076 Domine,
928 2002 1385 2076 requiram,gn_ihi_l
1418 2020 1578 2058 manu
1602 2005 1759 2075 [acte
1802 2006 2046 2076 imaginis
2070 2008 2154 2061 in-

621 2072 979 2147 telligendum
1010 2085 1084 2127 est
1103 2114 1118 2139 ,
1152 2083 1209 2141 ut
1231 2073 1310 2127 illi
1332 2073 1533 2139 dicunt.

619 2183 731 2241 .Nil
765 2184 834 2240 ad
870 2185 1301 2240 manufaetarum
1353 2187 1649 2255 imaginum
1701 2187 1880 2243 vultus
1919 2190 2154 2259 pertinet

572 2277 719 2344 quod
739 2276 1191 2357 Rsalmographus
1233 2277 1383 2342 dicit,
1420 2278 1698 2349 Signatum
1732 2291 1809 2337 est
1859 2300 2017 2355 super
2059 2301 2167 2339 nos

572 2365 749 2421 lumen
771 2367 941 2422 vultus
972 2370 1071 2434 tui,
1108 2369 1332 2424 Domine
1361 2369 1533 2443 (Psal.
1569 2372 1680 2443 tv);
1712 2388 1811 2428 nec
1834 2374 1984 2439 illud,
2025 2374 2154 2429 Vul-

572 2466 685 2512 tum
705 2467 886 2524 tuum,
911 2458 1134 2515 Domine
1154 2501 1170 2521 ,
1204 2463 1487 2532 requiram,
1534 2471 1594 2517 ut
1622 2464 1676 2517 in
1715 2462 2154 2532 ejusdem-vanis-

574 2547 725 2605 simas
760 2549 949 2620 synodi
1003 2550 1233 2606 lectione
1281 2553 1527 2617 habetur,
1575 2569 1696 2623 qua:
1720 2568 1818 2624 pro
1865 2556 2153 2612 aderandis

573 2636 899 2709 imaginibus
932 2638 1073 2694 facta
1101 2651 1215 2706 est;
1278 2641 1432 2710 cujus
1476 2651 1655 2698 textus
1687 2644 1760 2699 nil
1800 2644 1944 2701 aliud
1989 2662 2150 2717 quam

575 2730 802 2784 materia
815 2739 899 2787 est
912 2731 1000 2785 ubi
1018 2731 1248 2786 stultitia
1268 2734 1695 2803 magnitudinem
1707 2752 1865 2792 suam
1886 2739 2148 2793 exercuit.

570 2818 709 2877 Nam
756 2821 802 2876 si
831 2822 920 2877 hic
953 2821 1135 2879 vultus
1160 2821 1313 2891 cujus
1339 2839 1506 2894 super
1529 2841 1629 2881 nos
1657 2826 1839 2883 lumen
1880 2829 2150 2899 signatum

570 2925 691 2967 esse
730 2912 999 2983 Pmpbeta
1041 2914 1315 2981 decantat,
1362 2926 1418 2971 et
1463 2933 1631 2987 quem
1669 2934 1728 2974 se
1762 2922 2148 2990 requisiturum

570 3017 692 3059 esse
714 3005 1021 3069 denuntiat,
1046 3006 1100 3061 in
1127 3007 1559 3065 manufactarum
1583 3011 1877 3081 imaginum
1916 3012 2174 3069 vultibus-

2255 522 2303 565 et
2320 514 2708 583 confortamini,
2723 521 2940 580 quaerite
2961 521 3142 590 faciem
3166 524 3274 593 ejus
3297 543 3474 600 semper
3489 530 3627 602 (Ptol.
3643 544 3721 613 cr).

2257 602 2409 669 Quod
2428 606 2643 674 quidem
2668 610 3088 669 emolumentum
3118 615 3347 686 adepturi
3378 621 3474 677 sint
3494 602 3740 693 querentis

2258 694 2541 753 Dominum
2568 699 2623 754 in
2656 701 2761 757 alio
2784 704 2992 774 psalmo
3021 706 3286 765 evidenter
3310 716 3534 782 ostendit,
3559 736 3656 777 eum
3670 726 3737 780 di--

2257 790 2349 854 cit,
2401 790 2731 861 ]nquirentes
2758 796 3038 854 Dominum
3086 817 3187 857 non
3228 804 3449 873 deﬁcient
3479 802 3594 866 outni
3633 816 3731 873 bona

2259 880 2431 950 (Psal.
2457 887 2663 957 xxxiv).
2720 887 2821 954 Qui
2848 890 3004 959 quasi
3028 906 3377 960 quaereremus
3394 900 3457 952 ab
3484 913 3540 956 eo
3560 905 3741 971 qualiter

2260 973 2543 1033 Dominum
2596 977 2869 1048 inquirere
2911 982 3262 1049 deberemus,.
3286 987 3547 1056 subiunxit,
3587 992 3726 1060 Venite,

2256 1062 2376 1135 ﬁlii,
2400 1067 2577 1123 audite
2602 1085 2702 1132 me,
2731 1070 2969 1126 timorem
2984 1072 3197 1129 Domini
3215 1077 3393 1132 docebo
3411 1097 3506 1133 ros.
3537 1082 3644 1137 Eum
3677 1097 3725 1140 ct-

2258 1156 2400 1211 enim
2440 1158 2814 1229 inquirendum
2843 1164 3027 1219 docuit
3065 1181 3161 1235 per
3187 1166 3389 1223 Domini
3416 1170 3638 1237 timorem,
3657 1192 3743 1232 non.

2257 1263 2355 1317 per
2386 1248 2677 1321 imaginum
2701 1246 3103 1323 adorationem;
3142 1267 3197 1312 et
3236 1274 3353 1314 eum
3385 1262 3467 1329 qui
3485 1263 3579 1317 vult
3596 1267 3729 1333 vitam,

2257 1350 2313 1395 et
2344 1343 2718 1417 cupitgvidere
2754 1347 3087 1416 dies'bonos,
3137 1367 3240 1408 non
3289 1352 3524 1424 imagines
3553 1360 3728 1423 adorare,

2259 1433 2352 1487 sed
2379 1432 2517 1491 labia
2547 1450 2576 1492 a
2604 1438 2729 1495 dolo
2746 1448 2803 1495 et
2828 1441 3067 1510 linguam
3091 1458 3121 1496 a
3140 1445 3280 1499 malo
3300 1445 3512 1501 instituit
3529 1449 3738 1506 cohibete.-

2256 1523 2375 1582 Nec
2418 1529 2681 1598 picturam
2733 1531 2913 1586 colere
2942 1533 3145 1600 docuit,
3177 1536 3270 1590 sed
3294 1535 3593 1594 declinare‘a
3617 1543 3737 1607 male,

2257 1620 2517 1677 etfacere
2563 1622 2878 1688 bonitatem,
2939 1624 3213 1695 inquirere
3237 1642 3412 1697 pacem
3435 1638 3485 1683 et
3511 1634 3630 1701 sequi
3649 1649 3746 1688 ean'

2257 1729 2639 1785 usquequaque
2657 1715 3005 1786 permonuit..
3026 1714 3234 1772 Lumen
3250 1733 3386 1788 ergo
3411 1718 3562 1775 vultus
3581 1721 3767 1778 Domini.

2255 1807 2396 1879 quod
2432 1821 2594 1875 super
2616 1828 2619 1833 ·
2639 1821 2739 1861 nos
2769 1807 3051 1877 signatum-
3069 1816 3172 1872 est,
3194 1856 3199 1859 .
3225 1810 3427 1864 homin.
3455 1812 3746 1869 materialibus-

2255 1900 2581 1972 imaginibus
2597 1909 2679 1956 est
2705 1902 3099 1972 accipiendum,
3122 1921 3241 1973 quae
3274 1906 3447 1977 utique
3471 1908 3582 1963 sicut
3600 1918 3727 1964 etce-

2257 1993 2387 2048 teris
2427 1993 2803 2063 dignitatibus,
2846 1995 2921 2049 ita
2955 1995 3121 2049 etiam
3162 1994 3358 2050 lumine
3394 2009 3571 2065 carent,
3604 2000 3746 2055 sedin'

2256 2084 2451 2141 vexillo
2470 2086 2670 2151 crucis,
2697 2086 2839 2155 quod
2868 2094 3092 2156 accepto
3120 2087 3447 2157 baptismatis
3483 2100 3734 2146 sacramento

2254 2191 2353 2247 per
2372 2186 2772 2233 sacrosanctum
2814 2179 3072 2249 unguinis
3102 2179 3365 2249 liquorem
3406 2183 3576 2237 nostris
3599 2182 3747 2237 frontir

2254 2271 2356 2326 bus
2375 2271 2735 2340 imprimitur,
2771 2278 2839 2326 et
2849 2287 2947 2342 per
2972 2273 3024 2326 id
3049 2282 3243 2328 sancto
3265 2260 3492 2343 Spiritui,
3512 2276 3667 2344 qui‘est
3682 2274 3739 2330 lu-

2255 2375 2379 2416 men
2401 2361 2781 2427 inenarrabile,
2812 2364 2903 2433 qui
2924 2363 3093 2418 etiam
3121 2380 3284 2435 super
3309 2364 3570 2435 discipulos
3598 2368 3638 2427 in
3655 2367 3737 2437 igne

2255 2454 2522 2524 apparuit,
2549 2455 2616 2510 ad
2640 2469 2738 2509 nos
2762 2455 3013 2510 veniendi
3040 2456 3225 2513 aditus
3248 2459 3487 2528 aperitur.
3544 2458 3591 2513 In
3615 2458 3739 2514 crucis

2254 2546 2451 2602 etenim
2466 2547 2816 2617 impressione
2830 2549 3021 2604 lumen
3037 2561 3125 2605 est
3147 2551 3326 2606 vultus
3346 2552 3450 2617 Dei,
3471 2553 3517 2608 id
3536 2563 3601 2607 est
3623 2551 3749 2622 Spiri-

2255 2645 2361 2702 tus,
2397 2637 2542 2706 quia
2574 2637 2735 2692 Patre
2784 2636 3028 2709 Filioque
3052 2641 3319 2711 procedit,
3346 2642 3462 2713 quia
3504 2657 3672 2712 semper
3702 2642 3751 2696 im

2253 2729 2333 2784 eis
2355 2728 2598 2785 noscitur
2615 2718 2861 2794 .radiare,
2898 2731 2990 2800 qui
3013 2747 3168 2786 suam
3200 2733 3534 2789 innocentiam
3556 2733 3621 2787 vel
3658 2747 3742 2785 ssn-

2254 2820 2496 2875 etitatem
2537 2822 2717 2890 pravis
2757 2822 3012 2890 operibus
3044 2839 3176 2878 non-
3193 2826 3458 2894 patiuntur
3485 2818 3752 2878 violat-ehi

2255 2925 2383 2980 ergo
2410 2909 2526 2979 ejus
2547 2911 2602 2964 in
2639 2912 2796 2966 nobis
2819 2911 3190 2968 habitaculum
3216 2930 3319 2969 non
3342 2914 3585 2973 violemus,
3610 2913 3751 2967 admo—

2254 3009 2346 3054 net
2369 3016 2468 3055 nos
2490 3000 2777 3072 Apostolus
2803 3000 3009 3067 dicens,
3039 3000 3221 3057 Nolite
3246 3005 3531 3058 contristare
3554 3001 3740 3072 Spiritu

571 3091 949 3163 inteligendus
975 3104 1082 3160 est,
1127 3100 1478 3167 qumrendum
1509 3116 1839 3173 magnopere
1861 3114 1945 3158 est
1991 3105 2150 3175 quale
2176 3140 2224 3203 Ο
2257 3099 2352 3154 Dei
2383 3109 2642 3166 sanctum,
2666 3100 2722 3152 in
2741 3116 2843 3169 quo
2867 3101 3058 3173 signati
3078 3101 3207 3154 estis
3232 3102 3287 3155 in
3311 3101 3442 3155 diem
3462 3086 3745 3169 redemptionis

571 3181 1003 3203 ,__#__LAL_LJ
1070 3197 1147 3203 ί,
1452 3193 1465 3203 ,
2259 3187 2381 3203 ,...
2557 3187 2570 3203 .
2680 3188 2774 3203 η.
3055 3190 3086 3203 ..
3208 3189 3335 3203 ,,,,
3442 3201 3449 3203 Α
3600 3198 3609 3203 ,
3734 3201 3741 3203 λ

568 3181 751 3239 lumen
778 3183 1030 3251 habeant,
1061 3197 1154 3242 aut
1187 3204 1295 3258 quo
1343 3193 1502 3246 modo
1539 3193 1593 3247 id
1618 3193 1797 3249 lumen
1843 3210 2006 3265 super
2052 3212 2150 3252 nos
2176 3181 2223 3203 ’⁸
2254 3187 2468 3262 (Ep/m-
2500 3187 2596 3259 w).
2675 3188 2812 3256 Qﬂia
2853 3190 3016 3260 igitur
3036 3190 3242 3254 dicunt,
3276 3189 3531 3261 Signata"!
3553 3198 3610 3243 εει
3629 3201 3752 3257 “‘W‘

573 3274 845 3345 signatum
868 3276 959 3342 sit,
996 3286 1091 3332 aut
1114 3280 1202 3334 ubi
1234 3280 1373 3335 idem
1409 3282 1670 3354 propheta
1696 3284 1856 3340 talem
1882 3288 2148 3357 requisie—

568 3366 642 3420 rit
662 3367 890 3422 vultum.
920 3369 976 3437 in
1007 3373 1169 3426 corde
1194 3374 1396 3427 etenim
1426 3372 1567 3430 idem
1599 3387 1821 3432 sanctus
1865 3380 1948 3433 vir
1980 3381 2147 3434 Deum

572 3472 682 3512 non
723 3457 778 3512 in
801 3459 1124 3542 manufactis
1150 3463 1385 3521 vultibus
1409 3468 1709 3536 quaerebat,
1738 3484 1862 3524 cum
1904 3470 2145 3542 dicebatj:

570 3553 639 3610 In
665 3566 770 3610 toto
786 3557 943 3612 corde
966 3575 1085 3614 meo.
1101 3562 1350 3631 exquisivi
1374 3572 1443 3628 te,
1473 3563 1634 3631 Deus,
1675 3582 1738 3620 ne
1762 3566 1979 3637 repellas
2010 3585 2091 3623 me
2116 3586 2149 3622 a

569 3646 834 3721 mandatis
856 3647 960 3702 tuis
990 3647 1163 3719 (Psal.
1188 3650 1358 3720 CXIX).
1386 3652 1579 3708 Vultus
1616 3669 1747 3724 ergo
1780 3655 1874 3711 Dei
1910 3657 2148 3728 cognitio

569 3735 664 3790 Dei
682 3745 784 3801 est,
819 3738 874 3793 id
903 3748 986 3794 est
1011 3739 1196 3806 Filius,
1222 3756 1320 3811 per
1339 3758 1498 3812 quem
1527 3744 1593 3799 ad
1616 3746 1978 3817 cognitionem
2004 3748 2151 3802 Divi-

558 3822 755 3882 nitatis
790 3831 1162 3898 pervenimus.
1214 3832 1309 3888 Est
1355 3835 1517 3890 etiam
1566 3837 1743 3906 imago
1790 3837 1906 3900 Dei,
1938 3838 2149 3894 dicente

567 3919 839 3989 Apostolo,
884 3921 986 3986 Qui
1037 3933 1112 3978 est
1137 3925 1310 3994 imago
1340 3925 1437 3980 Dei
1465 3928 1736 3982 invisibilis
1799 3928 2025 4001 (Coloss.
2051 3931 2092 4003 ι)
2123 3949 2139 3995 ;

2250 3298 2343 3336 nos
2370 3281 2545 3335 lumen
2570 3281 2741 3336 vultus
2769 3283 2868 3345 tui,
2890 3281 3115 3338 Domine
3145 3282 3341 3355 (Psal..
3358 3282 3448 3355 tv),
3473 3284 3531 3338 ad
3547 3280 3735 3350 iungim-

2250 3375 2388 3428 rium
2435 3374 2640 3429 vultum
2691 3374 2942 3439 attinere,
3000 3376 3189 3431 dicant
3237 3393 3343 3447 quo
3384 3370 3739 3443 attinetquotlin

2250 3466 2434 3521 eadem
2455 3465 2981 3534 periodoscribitur,
3017 3466 3179 3523 Multi
3205 3468 3382 3523 dicunt
3407 3485 3424 3522 :
3449 3466 3560 3533 Quis
3582 3460 3755 3518 ostendi!

2252 3557 2554 3612 nobisbona
2571 3558 2597 3611 .9
2619 3572 2743 3612 cum
2771 3559 3021 3615 videlicet
3047 3560 3168 3616 haec
3201 3562 3306 3617 duo
3339 3548 3577 3616 commata
3598 3558 3655 3609 ita
3671 3551 3757 3629 sibi

2250 3645 2477 3701 invicem
2507 3653 2562 3699 et
2580 3661 2742 3701 sensu
2774 3656 2830 3702 et
2854 3640 3382 3716 verbis-cohaereant,
3430 3658 3483 3703 ut
3507 3661 3638 3702 unum
3664 3642 3759 3697 sine"

2249 3737 2355 3792 alio
2381 3738 2471 3792 vix
2495 3738 2719 3810 intelligi
2744 3740 2934 3809 possit.
2996 3740 3088 3795 Est
3139 3743 3283 3797 enim
3332 3742 3491 3811 ﬁgura
3532 3732 3757 3794 locutionis]

2249 3840 2369 3896 quae
2398 3843 2428 3881 a
2458 3828 2764 3883 rhetoribus
2789 3826 2995 3890 πεὸσες.
3022 3829 3074 3887 id
3100 3842 3188 3887 est
3214 3831 3549 3903 percontatio,
3572 3827 3641 3884 cui
3657 3838 3747 3880 con-

2249 3918 2427 3974 festim
2456 3920 2579 3976 sine
2607 3922 3005 3979 introductione
3027 3937 3381 3993 personarum
3402 3921 3641 3995 responsio
3658 3914 3759 3974 sub»

569 4009 691 4063 ideo
722 4009 973 4069 videlicet
994 4012 1191 4082 imago,
1215 4015 1341 4082 quia
1372 4017 1439 4072 de
1471 4016 1564 4072 illo
1591 4028 1694 4073 est.
1728 4019 1825 4075 Est
1846 4021 2010 4086 enim,
2063 4038 2151 4078 se-
2242 4011 2506 4085 jungitur.
2539 4029 2660 4084 quae
2688 4015 2850 4069 ﬁliam
2881 4031 2912 4069 a
2933 4016 3260 4086 quibusdam
3289 4015 3599 4088 soliloquium

568 4099 804 4155 cundum
829 4101 1077 4155 eumdem
1106 4102 1421 4171 Apostolum
1439 4147 1455 4170 ,
1492 4107 1738 4178 splendor
1763 4109 1965 4181 gloriae,
2007 4122 2055 4167 et
2080 4114 2155 4183 ﬁ-

567 4207 703 4261 gura
726 4190 1034 4261 substantiae
1060 4194 1176 4263 ejus
1199 4193 1388 4264 (Hebr.
1433 4197 1497 4267 ι).
1543 4197 1668 4254 Ideo
1714 4201 1987 4270 splendor,
2018 4206 2145 4273 quia

567 4278 696 4334 dum
719 4279 791 4335 sit
824 4280 983 4336 Pater
1029 4282 1153 4349 lux,
1185 4283 1261 4338 ita
1289 4285 1461 4341 Filius
1504 4289 1572 4342 ab
1602 4303 1668 4344 eo
1714 4290 2148 4361 inseparabiliter

567 4371 722 4440 quasi
759 4373 1014 4443 splendor
1045 4390 1114 4430 ex
1153 4375 1272 4432 luce
1319 4379 1598 4447 procedit;
1637 4380 1758 4438 ideo
1788 4381 1977 4454 ﬁgura,
2018 4387 2143 4456 quia

2249 4113 2438 4161 natur:
2477 4121 2599 4162 cum
2622 4107 2690 4161 ad
2718 4106 3047 4179 interrogata
3072 4109 3178 4165 sibi
3206 4126 3239 4165 a
3274 4126 3334 4166 se
3357 4109 3535 4178 cuique
3576 4114 3747 4173 respoi‘

2248 4199 2424 4263 detur,
2453 4212 2575 4252 eum
2598 4197 2753 4268 quasi
2798 4199 3117 4270 imputative
3164 4199 3613 4273 interrogantibus,
3656 4188 3761 4257 θεῖν

2248 4289 2469 4345 ostendit
2503 4290 2651 4345 nobis
2674 4291 2809 4346 bona
2832 4293 2872 4346 ?.
2890 4308 2925 4349 a
2953 4292 3150 4363 seipsis
3200 4293 3583 4364 respondeatur,
3612 4286 3749 4355 Sign-

2247 4391 2356 4437 tum
2376 4392 2451 4439 est
2473 4400 2735 4455 supernos
2758 4383 2933 4439 lumen
2952 4384 3123 4439 vultus
3140 4385 3242 4449 tui,
3257 4384 3502 4449 Domine;
3521 4389 3572 4434 ut
3591 4377 3647 4433 sit
3662 4388 3750 4429 seu?

568 4463 868 4533 suscipiens
902 4463 1133 4522 formam
1157 4469 1319 4533 servi,
1352 4484 1575 4540 operum
1600 4473 1968 4547 virtutumque
1994 4479 2170 4555 simi-‘

2250 4488 2374 4539 sus,
2409 4472 2561 4527 Multi
2594 4474 2739 4528 enim
2773 4473 2950 4529 adhuc
3001 4474 3300 4529 carnaliter
3342 4474 3590 4543 sapientes
3615 4467 3749 4521 meum

568 4554 794 4611 litudine
825 4558 1004 4615 Patris
1033 4560 1088 4614 in
1117 4575 1177 4616 se
1221 4561 1508 4634 imaginem
1538 4572 1701 4634 atque
1733 4568 2145 4627 similitudinem

567 4647 889 4719 designavit.
921 4650 1017 4705 Est
1041 4656 1185 4707 enim
1221 4660 1277 4708 et
1318 4652 1486 4709 facies
1508 4654 1624 4722 Dei,
1651 4658 1778 4728 quia
1804 4674 1903 4729 per
1937 4676 2060 4716 eum
2088 4677 2146 4718 se

569 4738 731 4795 Pater
743 4740 1048 4798 hominibus
1061 4743 1446 4811 manifestavit,
1474 4747 1685 4805 dicente
1706 4752 1893 4807 eodem
1918 4753 2146 4810 Domino

567 4829 697 4888 Iesu
708 4831 943 4899 Christo,
968 4832 1071 4901 Qui
1088 4835 1223 4890 videt
1236 4853 1338 4902 me,
1352 4838 1487 4892 videt
1507 4849 1555 4894 et
1570 4840 1785 4897 Patrem
1809 4845 1991 4917 (Joan.
2006 4847 2142 4919 xw).

570 4922 726 4979 Hunc
746 4940 879 4995 ergo
904 4923 1110 4979 vultum
1133 4940 1192 4980 se
1216 4927 1386 4984 David
1410 4933 1781 5002 quaesiturum,
1817 4954 1928 4994 non
1956 4956 2148 4996 manu-

569 5014 740 5071 factas
768 5016 1030 5086 imagines
1056 5016 1429 5085 pollicebatur,
1460 5038 1585 5078 eum
1630 5026 1844 5083 dicebat
1880 5044 1894 5083 :
1937 5028 2146 5085 Vultum

568 5119 737 5171 tuum,
757 5108 999 5172 Domine,
1016 5107 1298 5178 requiram,
1314 5111 1453 5167 hanc
1475 5114 1667 5172 divinte
1692 5119 2018 5189 cognitionis
2038 5122 2149 5176 ela-

569 5198 787 5253 ritatem
823 5200 1122 5263 exorabat,
1179 5215 1302 5255 cum
1347 5203 1595 5261 dicebat:
1655 5208 1909 5265 Illumina
1955 5211 2147 5280 faciem

570 5300 716 5347 tuam
736 5305 893 5358 super
915 5305 1119 5351 seruant
1143 5300 1311 5358 tuum,
1354 5305 1403 5350 et
1443 5296 1570 5354 doce
1611 5317 1692 5356 me
1733 5303 2145 5374 justiﬁcationes

569 5389 688 5431 tuas
710 5375 883 5447 (Psal.
909 5378 1056 5451 cxv).
1102 5380 1186 5439 Ad
1211 5383 1372 5454 hujus
1403 5391 1765 5460 cognitionem
1805 5409 1905 5464 per
1951 5395 2140 5468 legem,

569 5482 677 5522 non
702 5482 799 5537 per
816 5469 1097 5541 imagines,
1128 5479 1409 5544 pervenire
1444 5481 1750 5549 anhelabat,
1776 5501 1899 5541 cum
1922 5488 2098 5543 aiebat
2127 5505 2141 5542 :

573 5559 763 5655 Revelu
789 5562 966 5655 oculos
988 5582 1125 5622 meos
1149 5608 1164 5632 ,
1200 5580 1246 5624 et
1277 5573 1618 5630 considerabo
1646 5579 1912 5635 mirabilia
1940 5583 2005 5637 de
2037 5582 2146 5655 lege

569 5662 661 5707 tua
686 5651 857 5723 (Psal.
880 5657 1024 5727 cxv).
1047 5658 1196 5715 Hanc
1221 5663 1416 5721 divinae
1438 5666 1738 5737 majestatis
1756 5651 2147 5731 manifestatio—

574 5757 719 5807 nem,
749 5757 853 5799 non
881 5744 1165 5823 cujuslibet
1206 5752 1431 5822 pictura:
1475 5760 2007 5829 compaginationem.
2044 5779 2143 5821 nos

2247 4569 2389 4636 quod
2410 4581 2509 4621 nec
2528 4567 2685 4636 pauci
2711 4567 2929 4638 quidem
2948 4566 3129 4622 dicere
3153 4569 3476 4631 debuissent,
3498 4563 3609 4630 Quis
3627 4566 3749 4613 osum

2247 4659 2324 4712 dit
2347 4658 2494 4712 nobis
2522 4658 2694 4713 bona?
2715 4657 2802 4712 illa
2826 4657 3032 4713 scilicet
3051 4672 3175 4728 qum
3202 4658 3457 4728 praedicat
3482 4666 3662 4723 semper
3679 4645 3751 4701 Ec-

2247 4748 2438 4811 clesia,
2476 4749 2925 4803 resurrectionem
2968 4760 3420 4819 esseventuram,
3465 4747 3515 4802 in
3553 4758 3639 4814 qua
3655 4735 3763 4808 justi-

2246 4855 2435 4896 omnes
2455 4848 2657 4896 aeterna
2676 4839 3272 4911 praemia-consecuturi
3307 4847 3448 4896 sunt.
3481 4832 3750 4893 Promittitur

2247 4931 2392 4987 enim
2417 4931 2572 4986 nobis
2598 4932 2742 5002 quod
2762 4933 2975 5002 penitus
2994 4946 3103 4987 non
3129 4932 3377 4988 videmus
3404 4949 3418 4984 :
3449 4927 3751 4985 desideramus

2246 5038 2367 5093 quae
2400 5021 2489 5078 hic
2520 5024 2776 5091 consequi
2802 5039 2910 5077 non
2942 5022 3201 5078 valemus.
3232 5022 3434 5089 Quibus
3450 5010 3751 5089 respondendo

2245 5113 2565 5169 beneficium
2593 5114 2877 5179 indicatur,
2912 5114 3055 5185 quod
3076 5113 3239 5169 etiam
3267 5115 3331 5170 in-
3352 5100 3751 5184 prmsentisatculo

2245 5206 2571 5275 possidetur,
2597 5206 2878 5276 Signatum
2905 5217 3019 5272 est,
3062 5207 3270 5277 inquit,
3310 5221 3461 5277 super
3502 5219 3584 5258 nos
3622 5197 3757 5251 lutum

2246 5298 2417 5354 vultus
2450 5297 2568 5362 tui,
2609 5296 2850 5351 Domine.
2892 5296 3025 5364 Quia
3064 5313 3165 5369 per
3191 5298 3441 5353 vexillum
3465 5292 3621 5349 crucis
3638 5285 3750 5382 etlt'l:

2245 5405 2369 5446 men
2414 5389 2650 5459 Spiritus
2707 5389 2991 5472 sancti‘ita
3031 5405 3216 5445 sumus
3264 5388 3475 5451 muniti,
3506 5393 3558 5439 ut
3592 5378 3744 5472 antiqui

2243 5479 2416 5535 hostis
2440 5477 2780 5534 fraudulenta
2799 5466 3126 5536 machinatio
3143 5489 3198 5536 et
3214 5488 3550 5550 portentuosa
3568 5466 3749 5563 versuti:

2243 5588 2350 5630 non
2367 5571 2543 5628 valeat
2564 5586 2820 5641 superare
2837 5581 2923 5629 ten
2931 5580 3071 5631 tates
3085 5589 3219 5647 quos
3233 5572 3459 5630 habebat
3469 5563 3612 5640 primi
3624 5562 3747 5619 110mb

2244 5665 2329 5722 nis
2359 5663 2611 5721 suasione
2635 5664 2898 5736 captivos.
