  <div class='ocr_page' id='page_1' title='image "/cluster/home/n/w/nwhite01/storage/ocr_20150623/98/hvd.32044015466782/534.png"; bbox 0 0 3990 6302; ppageno 0'>
   <div class='ocr_carea' id='block_1_1' title="bbox 1064 253 2727 323">
    <p class='ocr_par' dir='ltr' id='par_1_1' title="bbox 1064 253 2727 323">
     <span class='ocr_line' id='line_1_1' title="bbox 1064 253 2727 323; baseline -0.006 -4"><span class='ocrx_word' id='word_1_1' title='bbox 1064 262 1256 321; x_wconf 73' lang='lat' dir='ltr'><strong>LIBRI</strong></span> <span class='ocrx_word' id='word_1_2' title='bbox 1293 257 1634 323; x_wconf 67' lang='lat' dir='ltr'><strong>CAROLINL</strong></span> <span class='ocrx_word' id='word_1_3' title='bbox 1674 288 1744 300; x_wconf 85' lang='lat'><strong>-—-</strong></span> <span class='ocrx_word' id='word_1_4' title='bbox 1778 255 2002 318; x_wconf 58' lang='lat' dir='ltr'><strong>CAPIT,</strong></span> <span class='ocrx_word' id='word_1_5' title='bbox 2028 253 2135 311; x_wconf 80' lang='lat' dir='ltr'><strong>DE</strong></span> <span class='ocrx_word' id='word_1_6' title='bbox 2173 254 2361 309; x_wconf 63' lang='lat' dir='ltr'><strong>ISIA‘G.</strong></span> <span class='ocrx_word' id='word_1_7' title='bbox 2403 284 2472 295; x_wconf 89' lang='lat'><strong>--</strong></span> <span class='ocrx_word' id='word_1_8' title='bbox 2509 254 2643 310; x_wconf 82' lang='lat' dir='ltr'><strong>LIB.</strong></span> <span class='ocrx_word' id='word_1_9' title='bbox 2688 255 2727 309; x_wconf 90' lang='lat' dir='ltr'><strong>I.</strong></span> 
     </span>
    </p>
   </div>
   <div class='ocr_carea' id='block_1_2' title="bbox 818 367 3546 442">
    <p class='ocr_par' dir='ltr' id='par_1_2' title="bbox 818 367 3546 442">
     <span class='ocr_line' id='line_1_2' title="bbox 818 367 3546 442; baseline -0.001 -9"><span class='ocrx_word' id='word_1_10' title='bbox 818 379 1069 435; x_wconf 32' lang='lat' dir='ltr'><strong>(CAPUT</strong></span> <span class='ocrx_word' id='word_1_11' title='bbox 1107 378 1297 434; x_wconf 75' lang='lat' dir='ltr'><strong>XXIV.</strong></span> <span class='ocrx_word' id='word_1_12' title='bbox 1796 412 1799 415; x_wconf 53' lang='grc' dir='ltr'>μ</span> <span class='ocrx_word' id='word_1_13' title='bbox 1888 376 1935 433; x_wconf 76' lang='grc' dir='ltr'><strong>Α</strong></span> <span class='ocrx_word' id='word_1_14' title='bbox 1965 370 2253 440; x_wconf 74' lang='lat' dir='ltr'><strong>imaginem</strong></span> <span class='ocrx_word' id='word_1_15' title='bbox 2280 369 2731 439; x_wconf 87' lang='lat' dir='ltr'><strong>deprecabantur.</strong></span> <span class='ocrx_word' id='word_1_16' title='bbox 2770 367 2847 424; x_wconf 81' lang='lat' dir='ltr'><strong>De</strong></span> <span class='ocrx_word' id='word_1_17' title='bbox 2875 369 3071 438; x_wconf 81' lang='lat' dir='ltr'><strong>quibus</strong></span> <span class='ocrx_word' id='word_1_18' title='bbox 3122 369 3391 441; x_wconf 73' lang='lat' dir='ltr'><strong>scriptum</strong></span> <span class='ocrx_word' id='word_1_19' title='bbox 3438 384 3546 442; x_wconf 79' lang='lat' dir='ltr'><strong>est,</strong></span> 
     </span>
    </p>
   </div>
   <div class='ocr_carea' id='block_1_3' title="bbox 269 457 1880 567">
    <p class='ocr_par' dir='ltr' id='par_1_3' title="bbox 269 488 1865 567">
     <span class='ocr_line' id='line_1_3' title="bbox 269 488 1865 567; baseline -0.009 -12"><span class='ocrx_word' id='word_1_20' title='bbox 269 499 443 567; x_wconf 71' lang='lat' dir='ltr'><strong>Quod</strong></span> <span class='ocrx_word' id='word_1_21' title='bbox 464 513 569 553; x_wconf 88' lang='lat' dir='ltr'><strong>non</strong></span> <span class='ocrx_word' id='word_1_22' title='bbox 597 496 666 550; x_wconf 92' lang='lat' dir='ltr'><strong>ad</strong></span> <span class='ocrx_word' id='word_1_23' title='bbox 684 494 859 550; x_wconf 84' lang='lat' dir='ltr'><strong>ullam</strong></span> <span class='ocrx_word' id='word_1_24' title='bbox 899 511 1071 567; x_wconf 54' lang='lat' dir='ltr'><strong>manu</strong></span> <span class='ocrx_word' id='word_1_25' title='bbox 1090 494 1285 562; x_wconf 79' lang='lat' dir='ltr'><strong>{actam</strong></span> <span class='ocrx_word' id='word_1_26' title='bbox 1304 493 1586 567; x_wconf 81' lang='lat' dir='ltr'><strong>imaginem</strong></span> <span class='ocrx_word' id='word_1_27' title='bbox 1609 488 1865 567; x_wconf 56' lang='lat' dir='ltr'><strong>pertineat</strong></span> 
     </span>
    </p>
   </div>
   <div class='ocr_carea' id='block_1_4' title="bbox 1990 457 3547 567">
    <p class='ocr_par' dir='ltr' id='par_1_4' title="bbox 1990 457 3547 534">
     <span class='ocr_line' id='line_1_4' title="bbox 1990 457 3547 534; baseline 0.004 -22"><span class='ocrx_word' id='word_1_28' title='bbox 1990 457 2299 513; x_wconf 82' lang='lat' dir='ltr'><strong>llultitudini</strong></span> <span class='ocrx_word' id='word_1_29' title='bbox 2338 475 2457 513; x_wconf 85' lang='lat' dir='ltr'><strong>vero</strong></span> <span class='ocrx_word' id='word_1_30' title='bbox 2484 458 2803 513; x_wconf 74' lang='lat' dir='ltr'><strong>credentium</strong></span> <span class='ocrx_word' id='word_1_31' title='bbox 2829 467 2943 513; x_wconf 86' lang='lat' dir='ltr'><strong>erat</strong></span> <span class='ocrx_word' id='word_1_32' title='bbox 2986 470 3168 521; x_wconf 43' lang='lat' dir='ltr'><strong>cernet</strong></span> <span class='ocrx_word' id='word_1_33' title='bbox 3201 463 3389 517; x_wconf 82' lang='lat' dir='ltr'><strong>anima</strong></span> <span class='ocrx_word' id='word_1_34' title='bbox 3404 481 3547 534; x_wconf 75' lang='lat' dir='ltr'><strong>una,</strong></span> 
     </span>
    </p>
   </div>
   <div class='ocr_carea' id='block_1_5' title="bbox 354 549 3575 643">
    <p class='ocr_par' dir='ltr' id='par_1_5' title="bbox 354 549 3575 643">
     <span class='ocr_line' id='line_1_5' title="bbox 354 549 3575 643; baseline -0.001 -21"><span class='ocrx_word' id='word_1_35' title='bbox 354 549 778 643; x_wconf 32' lang='lat' dir='ltr'><strong>qu—odvseriptum</strong></span> <span class='ocrx_word' id='word_1_36' title='bbox 821 575 935 643; x_wconf 67' lang='lat' dir='ltr'><strong>est,</strong></span> <span class='ocrx_word' id='word_1_37' title='bbox 976 549 1868 643; x_wconf 44' lang='lat' dir='ltr'><strong>vulturumtuum&quot;deprecabuntur</strong></span> <span class='ocrx_word' id='word_1_38' title='bbox 1966 560 2014 605; x_wconf 77' lang='grc' dir='ltr'><strong>ει</strong></span> <span class='ocrx_word' id='word_1_39' title='bbox 2039 567 2187 643; x_wconf 62' lang='grc' dir='ltr'><strong><em>ηεηιυ</em></strong></span> <span class='ocrx_word' id='word_1_40' title='bbox 2216 566 2394 643; x_wconf 55' lang='grc' dir='ltr'><strong>εονωῖξ</strong></span> <span class='ocrx_word' id='word_1_41' title='bbox 2437 566 2555 643; x_wconf 59' lang='lat' dir='ltr'><strong>(tua?</strong></span> <span class='ocrx_word' id='word_1_42' title='bbox 2594 549 2887 643; x_wconf 54' lang='lat' dir='ltr'><strong>Posfidfv’bal</strong></span> <span class='ocrx_word' id='word_1_43' title='bbox 2932 552 3218 623; x_wconf 72' lang='lat' dir='ltr'><strong>quidquam</strong></span> <span class='ocrx_word' id='word_1_44' title='bbox 3245 570 3399 608; x_wconf 71' lang='grc' dir='ltr'><strong>αηιιι</strong></span> <span class='ocrx_word' id='word_1_45' title='bbox 3425 572 3521 626; x_wconf 73' lang='grc' dir='ltr'><strong>μω</strong></span> <span class='ocrx_word' id='word_1_46' title='bbox 3545 589 3575 643; x_wconf 40' lang='grc' dir='ltr'><strong>-η</strong></span> 
     </span>
    </p>
   </div>
   <div class='ocr_carea' id='block_1_6' title="bbox 356 632 3573 712">
    <p class='ocr_par' dir='ltr' id='par_1_6' title="bbox 356 632 3573 712">
     <span class='ocr_line' id='line_1_6' title="bbox 356 632 3573 712; baseline -0.003 -2"><span class='ocrx_word' id='word_1_47' title='bbox 356 632 547 695; x_wconf 65' lang='grc' dir='ltr'><strong>διυπεθ</strong></span> <span class='ocrx_word' id='word_1_48' title='bbox 572 632 764 692; x_wconf 58' lang='lat' dir='ltr'><strong>“mm</strong></span> <span class='ocrx_word' id='word_1_49' title='bbox 791 634 979 706; x_wconf 57' lang='lat' dir='ltr'><strong>Plebis,</strong></span> <span class='ocrx_word' id='word_1_50' title='bbox 1003 632 1242 689; x_wconf 60' lang='grc' dir='ltr'><strong>άειιεῖηί</strong></span> <span class='ocrx_word' id='word_1_51' title='bbox 1262 642 1558 687; x_wconf 55' lang='lat' dir='ltr'><strong>autumat!“</strong></span> <span class='ocrx_word' id='word_1_52' title='bbox 1947 642 2140 712; x_wconf 50' lang='lat' dir='ltr'><strong>:prium</strong></span> <span class='ocrx_word' id='word_1_53' title='bbox 2179 658 2288 696; x_wconf 86' lang='lat' dir='ltr'><strong>esse</strong></span> <span class='ocrx_word' id='word_1_54' title='bbox 2333 641 2568 704; x_wconf 87' lang='lat' dir='ltr'><strong>dicebat,</strong></span> <span class='ocrx_word' id='word_1_55' title='bbox 2604 639 2704 694; x_wconf 85' lang='lat' dir='ltr'><strong>sed</strong></span> <span class='ocrx_word' id='word_1_56' title='bbox 2752 636 2901 696; x_wconf 85' lang='lat' dir='ltr'><strong>erant</strong></span> <span class='ocrx_word' id='word_1_57' title='bbox 2932 643 3007 696; x_wconf 77' lang='lat' dir='ltr'><strong>eis</strong></span> <span class='ocrx_word' id='word_1_58' title='bbox 3043 646 3345 700; x_wconf 83' lang='lat' dir='ltr'><strong>communia</strong></span> <span class='ocrx_word' id='word_1_59' title='bbox 3372 632 3573 702; x_wconf 45' lang='lat' dir='ltr'><strong>omnia&quot;</strong></span> 
     </span>
    </p>
   </div>
   <div class='ocr_carea' id='block_1_7' title="bbox 359 730 3557 817">
    <p class='ocr_par' dir='ltr' id='par_1_7' title="bbox 359 730 3557 817">
     <span class='ocr_line' id='line_1_7' title="bbox 359 730 3557 817; baseline 0.003 -31"><span class='ocrx_word' id='word_1_60' title='bbox 359 752 467 808; x_wconf 65' lang='lat' dir='ltr'><strong>Sed</strong></span> <span class='ocrx_word' id='word_1_61' title='bbox 521 765 621 805; x_wconf 60' lang='lat' dir='ltr'><strong>nec</strong></span> <span class='ocrx_word' id='word_1_62' title='bbox 645 745 775 804; x_wconf 55' lang='lat' dir='ltr'><strong>illud</strong></span> <span class='ocrx_word' id='word_1_63' title='bbox 803 746 952 817; x_wconf 65' lang='lat' dir='ltr'><strong>quod</strong></span> <span class='ocrx_word' id='word_1_64' title='bbox 1001 745 1261 814; x_wconf 51' lang='lat' dir='ltr'><strong>scriptum</strong></span> <span class='ocrx_word' id='word_1_65' title='bbox 1293 751 1393 807; x_wconf 66' lang='grc' dir='ltr'><strong>εει,</strong></span> <span class='ocrx_word' id='word_1_66' title='bbox 1457 738 1669 796; x_wconf 65' lang='lat' dir='ltr'><strong>Vultum</strong></span> <span class='ocrx_word' id='word_1_67' title='bbox 1717 749 1866 794; x_wconf 72' lang='lat' dir='ltr'><strong>mum</strong></span> <span class='ocrx_word' id='word_1_68' title='bbox 1966 731 2201 804; x_wconf 59' lang='lat' dir='ltr'><strong>(Aean).</strong></span> <span class='ocrx_word' id='word_1_69' title='bbox 2226 730 2397 800; x_wconf 82' lang='lat' dir='ltr'><strong>Hujus</strong></span> <span class='ocrx_word' id='word_1_70' title='bbox 2413 732 2851 801; x_wconf 67' lang='lat' dir='ltr'><strong>reginasvultum,</strong></span> <span class='ocrx_word' id='word_1_71' title='bbox 2876 748 2983 788; x_wconf 84' lang='lat' dir='ltr'><strong>non</strong></span> <span class='ocrx_word' id='word_1_72' title='bbox 3000 733 3227 803; x_wconf 76' lang='lat' dir='ltr'><strong>alicujus</strong></span> <span class='ocrx_word' id='word_1_73' title='bbox 3242 737 3439 792; x_wconf 69' lang='lat' dir='ltr'><strong>tabulae</strong></span> <span class='ocrx_word' id='word_1_74' title='bbox 3460 754 3557 794; x_wconf 83' lang='lat' dir='ltr'><strong>eo-</strong></span> 
     </span>
    </p>
   </div>
   <div class='ocr_carea' id='block_1_8' title="bbox 277 825 3557 916">
    <p class='ocr_par' dir='ltr' id='par_1_8' title="bbox 277 825 3557 916">
     <span class='ocr_line' id='line_1_8' title="bbox 277 825 3557 916; baseline -0.008 -16"><span class='ocrx_word' id='word_1_75' title='bbox 277 841 704 916; x_wconf 80' lang='lat' dir='ltr'><strong>deprecabuntur</strong></span> <span class='ocrx_word' id='word_1_76' title='bbox 735 854 910 892; x_wconf 87' lang='lat' dir='ltr'><strong>omnes</strong></span> <span class='ocrx_word' id='word_1_77' title='bbox 955 836 1136 890; x_wconf 75' lang='lat' dir='ltr'><strong>divites</strong></span> <span class='ocrx_word' id='word_1_78' title='bbox 1182 833 1344 906; x_wconf 81' lang='lat' dir='ltr'><strong>plebis</strong></span> <span class='ocrx_word' id='word_1_79' title='bbox 1376 832 1558 905; x_wconf 81' lang='lat' dir='ltr'><strong>,(Psal.</strong></span> <span class='ocrx_word' id='word_1_80' title='bbox 1610 832 1759 903; x_wconf 68' lang='lat' dir='ltr'><strong>xcv),</strong></span> <span class='ocrx_word' id='word_1_81' title='bbox 1804 830 1870 885; x_wconf 90' lang='lat' dir='ltr'><strong>de</strong></span> <span class='ocrx_word' id='word_1_82' title='bbox 1952 825 2130 916; x_wconf 52' lang='lat' dir='ltr'><strong>«iores,</strong></span> <span class='ocrx_word' id='word_1_83' title='bbox 2156 825 2597 916; x_wconf 77' lang='lat' dir='ltr'><strong>divitumopibus</strong></span> <span class='ocrx_word' id='word_1_84' title='bbox 2634 825 2895 916; x_wconf 83' lang='lat' dir='ltr'><strong>decorare</strong></span> <span class='ocrx_word' id='word_1_85' title='bbox 2923 825 3138 916; x_wconf 87' lang='lat' dir='ltr'><strong>volebat</strong></span> <span class='ocrx_word' id='word_1_86' title='bbox 3161 842 3411 896; x_wconf 82' lang='lat' dir='ltr'><strong>sponsus,</strong></span> <span class='ocrx_word' id='word_1_87' title='bbox 3428 845 3557 887; x_wconf 75' lang='lat' dir='ltr'><strong>cum</strong></span> 
     </span>
    </p>
   </div>
   <div class='ocr_carea' id='block_1_9' title="bbox 279 913 3554 1005">
    <p class='ocr_par' dir='ltr' id='par_1_9' title="bbox 279 913 3554 1005">
     <span class='ocr_line' id='line_1_9' title="bbox 279 913 3554 1005; baseline -0.005 -15"><span class='ocrx_word' id='word_1_88' title='bbox 279 913 518 1005; x_wconf 84' lang='lat' dir='ltr'><strong>quodam</strong></span> <span class='ocrx_word' id='word_1_89' title='bbox 548 928 858 985; x_wconf 77' lang='lat' dir='ltr'><strong>manuiacto</strong></span> <span class='ocrx_word' id='word_1_90' title='bbox 883 927 1032 982; x_wconf 80' lang='lat' dir='ltr'><strong>vultu</strong></span> <span class='ocrx_word' id='word_1_91' title='bbox 1061 925 1471 997; x_wconf 84' lang='lat' dir='ltr'><strong>intelligendum</strong></span> <span class='ocrx_word' id='word_1_92' title='bbox 1503 930 1603 988; x_wconf 86' lang='lat' dir='ltr'><strong>est,</strong></span> <span class='ocrx_word' id='word_1_93' title='bbox 1636 936 1868 993; x_wconf 69' lang='lat' dir='ltr'><strong>praeser-</strong></span> <span class='ocrx_word' id='word_1_94' title='bbox 1925 968 1931 973; x_wconf 85' lang='lat'><strong>.</strong></span> <span class='ocrx_word' id='word_1_95' title='bbox 1972 914 2221 1005; x_wconf 75' lang='lat' dir='ltr'><strong>dicebat:</strong></span> <span class='ocrx_word' id='word_1_96' title='bbox 2256 913 2598 1005; x_wconf 69' lang='lat' dir='ltr'><strong>Venditequar</strong></span> <span class='ocrx_word' id='word_1_97' title='bbox 2617 913 2979 985; x_wconf 78' lang='lat' dir='ltr'><strong>possidetis,et</strong></span> <span class='ocrx_word' id='word_1_98' title='bbox 3000 914 3124 971; x_wconf 80' lang='lat' dir='ltr'><strong>date</strong></span> <span class='ocrx_word' id='word_1_99' title='bbox 3141 916 3554 989; x_wconf 79' lang='lat' dir='ltr'><strong>eleemosynom:</strong></span> 
     </span>
    </p>
   </div>
   <div class='ocr_carea' id='block_1_10' title="bbox 262 258 1880 327">
    <p class='ocr_par' dir='ltr' id='par_1_10' title="bbox 262 258 1880 327">
     <span class='ocr_line' id='line_1_10' title="bbox 262 258 1880 327; baseline -0.008 -3"><span class='ocrx_word' id='word_1_100' title='bbox 262 269 425 327; x_wconf 65' lang='lat'><strong>-1057</strong></span> <span class='ocrx_word' id='word_1_101' title='bbox 1064 262 1256 321; x_wconf 73' lang='lat' dir='ltr'><strong>LIBRI</strong></span> <span class='ocrx_word' id='word_1_102' title='bbox 1293 258 1634 323; x_wconf 69' lang='lat' dir='ltr'><strong>CAROLINI.</strong></span> <span class='ocrx_word' id='word_1_103' title='bbox 1674 288 1744 300; x_wconf 85' lang='lat'><strong>-—-</strong></span> <span class='ocrx_word' id='word_1_104' title='bbox 1778 258 1880 315; x_wconf 68' lang='lat' dir='ltr'><strong>CM</strong></span> 
     </span>
    </p>
   </div>
   <div class='ocr_carea' id='block_1_11' title="bbox 1990 258 3547 327">
    <p class='ocr_par' dir='ltr' id='par_1_11' title="bbox 1990 258 3547 318">
     <span class='ocr_line' id='line_1_11' title="bbox 1990 258 3547 318; baseline 0.003 -8"><span class='ocrx_word' id='word_1_105' title='bbox 1990 297 2002 318; x_wconf 64' lang='grc' dir='ltr'><strong>τ</strong></span> <span class='ocrx_word' id='word_1_106' title='bbox 2048 258 2135 311; x_wconf 81' lang='lat' dir='ltr'><strong>DE</strong></span> <span class='ocrx_word' id='word_1_107' title='bbox 2173 258 2361 309; x_wconf 64' lang='lat' dir='ltr'><strong>IBIA&#39;J.</strong></span> <span class='ocrx_word' id='word_1_108' title='bbox 2403 284 2472 295; x_wconf 88' lang='lat'><strong>--</strong></span> <span class='ocrx_word' id='word_1_109' title='bbox 2509 258 2643 310; x_wconf 82' lang='lat' dir='ltr'><strong>LIB.</strong></span> <span class='ocrx_word' id='word_1_110' title='bbox 2688 258 2727 309; x_wconf 90' lang='lat' dir='ltr'><strong>I.</strong></span> <span class='ocrx_word' id='word_1_111' title='bbox 3348 265 3356 281; x_wconf 79' lang='lat'><em>‘</em></span> <span class='ocrx_word' id='word_1_112' title='bbox 3404 258 3547 315; x_wconf 68' lang='grc'><strong>1058</strong></span> 
     </span>
    </p>
   </div>
   <div class='ocr_carea' id='block_1_12' title="bbox 281 1012 1866 1087">
    <p class='ocr_par' dir='ltr' id='par_1_12' title="bbox 281 1012 1866 1087">
     <span class='ocr_line' id='line_1_12' title="bbox 281 1012 1866 1087; baseline -0.009 -7"><span class='ocrx_word' id='word_1_113' title='bbox 281 1026 383 1080; x_wconf 88' lang='lat' dir='ltr'><strong>tim</strong></span> <span class='ocrx_word' id='word_1_114' title='bbox 404 1039 526 1080; x_wconf 90' lang='lat' dir='ltr'><strong>cum</strong></span> <span class='ocrx_word' id='word_1_115' title='bbox 562 1018 854 1076; x_wconf 82' lang='lat' dir='ltr'><strong>manulacti</strong></span> <span class='ocrx_word' id='word_1_116' title='bbox 893 1018 1075 1074; x_wconf 80' lang='lat' dir='ltr'><strong>vultus</strong></span> <span class='ocrx_word' id='word_1_117' title='bbox 1110 1019 1231 1073; x_wconf 88' lang='lat' dir='ltr'><strong>ideo</strong></span> <span class='ocrx_word' id='word_1_118' title='bbox 1260 1033 1368 1072; x_wconf 89' lang='lat' dir='ltr'><strong>non</strong></span> <span class='ocrx_word' id='word_1_119' title='bbox 1393 1012 1716 1087; x_wconf 75' lang='lat' dir='ltr'><strong>deprecandi</strong></span> <span class='ocrx_word' id='word_1_120' title='bbox 1738 1013 1866 1076; x_wconf 88' lang='lat' dir='ltr'><strong>sint,</strong></span> 
     </span>
    </p>
   </div>
   <div class='ocr_carea' id='block_1_13' title="bbox 279 1108 1875 1189">
    <p class='ocr_par' dir='ltr' id='par_1_13' title="bbox 279 1108 1875 1189">
     <span class='ocr_line' id='line_1_13' title="bbox 279 1108 1875 1189; baseline -0.009 -15"><span class='ocrx_word' id='word_1_121' title='bbox 279 1119 415 1189; x_wconf 83' lang='lat' dir='ltr'><strong>quia</strong></span> <span class='ocrx_word' id='word_1_122' title='bbox 466 1130 565 1171; x_wconf 90' lang='lat' dir='ltr'><strong>nec</strong></span> <span class='ocrx_word' id='word_1_123' title='bbox 588 1113 847 1170; x_wconf 78' lang='lat' dir='ltr'><strong>exaudire</strong></span> <span class='ocrx_word' id='word_1_124' title='bbox 873 1120 1078 1183; x_wconf 88' lang='lat' dir='ltr'><strong>queunt</strong></span> <span class='ocrx_word' id='word_1_125' title='bbox 1107 1125 1123 1165; x_wconf 87' lang='lat'><strong>:</strong></span> <span class='ocrx_word' id='word_1_126' title='bbox 1152 1124 1311 1166; x_wconf 89' lang='lat' dir='ltr'><strong>omne</strong></span> <span class='ocrx_word' id='word_1_127' title='bbox 1360 1108 1505 1180; x_wconf 89' lang='lat' dir='ltr'><strong>quod</strong></span> <span class='ocrx_word' id='word_1_128' title='bbox 1554 1109 1875 1178; x_wconf 71' lang='lat' dir='ltr'><strong>deprecatur</strong></span> 
     </span>
    </p>
   </div>
   <div class='ocr_carea' id='block_1_14' title="bbox 246 1196 1875 1276">
    <p class='ocr_par' dir='ltr' id='par_1_14' title="bbox 246 1196 1875 1276">
     <span class='ocr_line' id='line_1_14' title="bbox 246 1196 1875 1276; baseline -0.008 -13"><span class='ocrx_word' id='word_1_129' title='bbox 246 1200 409 1263; x_wconf 30' lang='lat' dir='ltr'><strong>’ideo</strong></span> <span class='ocrx_word' id='word_1_130' title='bbox 434 1207 754 1276; x_wconf 75' lang='lat' dir='ltr'><strong>deprecatur</strong></span> <span class='ocrx_word' id='word_1_131' title='bbox 780 1201 1134 1266; x_wconf 83' lang='lat' dir='ltr'><strong>utexaudiat,</strong></span> <span class='ocrx_word' id='word_1_132' title='bbox 1167 1207 1222 1257; x_wconf 91' lang='lat' dir='ltr'><strong>et</strong></span> <span class='ocrx_word' id='word_1_133' title='bbox 1264 1214 1425 1255; x_wconf 90' lang='lat' dir='ltr'><strong>omne</strong></span> <span class='ocrx_word' id='word_1_134' title='bbox 1464 1198 1607 1269; x_wconf 88' lang='lat' dir='ltr'><strong>quod</strong></span> <span class='ocrx_word' id='word_1_135' title='bbox 1654 1196 1875 1252; x_wconf 75' lang='lat' dir='ltr'><strong>exaudit</strong></span> 
     </span>
    </p>
   </div>
   <div class='ocr_carea' id='block_1_15' title="bbox 280 1287 1871 1361">
    <p class='ocr_par' dir='ltr' id='par_1_15' title="bbox 280 1287 1871 1361">
     <span class='ocr_line' id='line_1_15' title="bbox 280 1287 1871 1361; baseline -0.008 -7"><span class='ocrx_word' id='word_1_136' title='bbox 280 1296 598 1355; x_wconf 74' lang='lat' dir='ltr'><strong>irrationale</strong></span> <span class='ocrx_word' id='word_1_137' title='bbox 612 1309 732 1350; x_wconf 86' lang='lat' dir='ltr'><strong>esse</strong></span> <span class='ocrx_word' id='word_1_138' title='bbox 755 1309 863 1348; x_wconf 88' lang='lat' dir='ltr'><strong>non</strong></span> <span class='ocrx_word' id='word_1_139' title='bbox 881 1292 1075 1348; x_wconf 84' lang='lat' dir='ltr'><strong>debet:</strong></span> <span class='ocrx_word' id='word_1_140' title='bbox 1094 1305 1253 1347; x_wconf 86' lang='lat' dir='ltr'><strong>omne</strong></span> <span class='ocrx_word' id='word_1_141' title='bbox 1275 1290 1436 1361; x_wconf 85' lang='lat' dir='ltr'><strong>igitur</strong></span> <span class='ocrx_word' id='word_1_142' title='bbox 1449 1289 1594 1357; x_wconf 83' lang='lat' dir='ltr'><strong>quod</strong></span> <span class='ocrx_word' id='word_1_143' title='bbox 1610 1287 1871 1357; x_wconf 85' lang='lat' dir='ltr'><strong>depreca-</strong></span> 
     </span>
    </p>
   </div>
   <div class='ocr_carea' id='block_1_16' title="bbox 252 1380 1874 1454">
    <p class='ocr_par' dir='ltr' id='par_1_16' title="bbox 252 1380 1874 1454">
     <span class='ocr_line' id='line_1_16' title="bbox 252 1380 1874 1454; baseline -0.008 -6"><span class='ocrx_word' id='word_1_144' title='bbox 252 1403 375 1448; x_wconf 90' lang='lat' dir='ltr'><strong>-tur</strong></span> <span class='ocrx_word' id='word_1_145' title='bbox 396 1388 713 1446; x_wconf 83' lang='lat' dir='ltr'><strong>irrationale</strong></span> <span class='ocrx_word' id='word_1_146' title='bbox 738 1402 857 1443; x_wconf 87' lang='lat' dir='ltr'><strong>esse</strong></span> <span class='ocrx_word' id='word_1_147' title='bbox 878 1400 983 1443; x_wconf 88' lang='lat' dir='ltr'><strong>non</strong></span> <span class='ocrx_word' id='word_1_148' title='bbox 1004 1385 1163 1441; x_wconf 82' lang='lat' dir='ltr'><strong>debet</strong></span> <span class='ocrx_word' id='word_1_149' title='bbox 1184 1399 1198 1438; x_wconf 89' lang='lat'><strong>:</strong></span> <span class='ocrx_word' id='word_1_150' title='bbox 1217 1380 1360 1454; x_wconf 89' lang='lat' dir='ltr'><strong>quod</strong></span> <span class='ocrx_word' id='word_1_151' title='bbox 1388 1384 1432 1438; x_wconf 91' lang='lat' dir='ltr'><strong>si</strong></span> <span class='ocrx_word' id='word_1_152' title='bbox 1464 1382 1740 1454; x_wconf 87' lang='lat' dir='ltr'><strong>deprecari</strong></span> <span class='ocrx_word' id='word_1_153' title='bbox 1768 1395 1874 1436; x_wconf 90' lang='lat' dir='ltr'><strong>non</strong></span> 
     </span>
    </p>
   </div>
   <div class='ocr_carea' id='block_1_17' title="bbox 252 1472 1876 1545">
    <p class='ocr_par' dir='ltr' id='par_1_17' title="bbox 252 1472 1876 1545">
     <span class='ocr_line' id='line_1_17' title="bbox 252 1472 1876 1545; baseline -0.007 -6"><span class='ocrx_word' id='word_1_154' title='bbox 252 1483 464 1545; x_wconf 84' lang='lat' dir='ltr'><strong>~debet,</strong></span> <span class='ocrx_word' id='word_1_155' title='bbox 492 1478 659 1535; x_wconf 90' lang='lat' dir='ltr'><strong>multo</strong></span> <span class='ocrx_word' id='word_1_156' title='bbox 690 1479 868 1532; x_wconf 88' lang='lat' dir='ltr'><strong>minus</strong></span> <span class='ocrx_word' id='word_1_157' title='bbox 914 1475 1146 1533; x_wconf 89' lang='lat' dir='ltr'><strong>adorari.</strong></span> <span class='ocrx_word' id='word_1_158' title='bbox 1176 1490 1299 1530; x_wconf 91' lang='lat' dir='ltr'><strong>cum</strong></span> <span class='ocrx_word' id='word_1_159' title='bbox 1347 1472 1599 1529; x_wconf 88' lang='lat' dir='ltr'><strong>videlicet</strong></span> <span class='ocrx_word' id='word_1_160' title='bbox 1629 1473 1876 1529; x_wconf 80' lang='lat' dir='ltr'><strong>adoratio</strong></span> 
     </span>
    </p>
   </div>
   <div class='ocr_carea' id='block_1_18' title="bbox 270 1560 1875 1645">
    <p class='ocr_par' dir='ltr' id='par_1_18' title="bbox 270 1560 1875 1645">
     <span class='ocr_line' id='line_1_18' title="bbox 270 1560 1875 1645; baseline -0.006 -14"><span class='ocrx_word' id='word_1_161' title='bbox 270 1572 652 1645; x_wconf 84' lang='lat' dir='ltr'><strong>deprecationi</strong></span> <span class='ocrx_word' id='word_1_162' title='bbox 674 1564 927 1626; x_wconf 76' lang='lat' dir='ltr'><strong>emineat.</strong></span> <span class='ocrx_word' id='word_1_163' title='bbox 949 1566 1083 1623; x_wconf 84' lang='lat' dir='ltr'><strong>Nam</strong></span> <span class='ocrx_word' id='word_1_164' title='bbox 1104 1570 1149 1622; x_wconf 97' lang='lat' dir='ltr'><strong>si</strong></span> <span class='ocrx_word' id='word_1_165' title='bbox 1168 1567 1461 1623; x_wconf 82' lang='lat' dir='ltr'><strong>manufacti</strong></span> <span class='ocrx_word' id='word_1_166' title='bbox 1486 1560 1674 1624; x_wconf 63' lang='lat' dir='ltr'><strong>vultus&#39;</strong></span> <span class='ocrx_word' id='word_1_167' title='bbox 1685 1567 1875 1637; x_wconf 80' lang='lat' dir='ltr'><strong>depre-</strong></span> 
     </span>
    </p>
   </div>
   <div class='ocr_carea' id='block_1_19' title="bbox 244 1658 1874 1735">
    <p class='ocr_par' dir='ltr' id='par_1_19' title="bbox 244 1658 1874 1735">
     <span class='ocr_line' id='line_1_19' title="bbox 244 1658 1874 1735; baseline -0.008 -9"><span class='ocrx_word' id='word_1_168' title='bbox 244 1658 247 1661; x_wconf 47' lang='grc'><em>’</em></span> <span class='ocrx_word' id='word_1_169' title='bbox 276 1668 445 1727; x_wconf 88' lang='lat' dir='ltr'><strong>candi</strong></span> <span class='ocrx_word' id='word_1_170' title='bbox 474 1677 531 1724; x_wconf 91' lang='lat' dir='ltr'><strong>et</strong></span> <span class='ocrx_word' id='word_1_171' title='bbox 556 1665 816 1723; x_wconf 86' lang='lat' dir='ltr'><strong>adorandi</strong></span> <span class='ocrx_word' id='word_1_172' title='bbox 844 1673 987 1727; x_wconf 87' lang='lat' dir='ltr'><strong>sunt,</strong></span> <span class='ocrx_word' id='word_1_173' title='bbox 1017 1673 1078 1718; x_wconf 88' lang='lat' dir='ltr'><strong>ut</strong></span> <span class='ocrx_word' id='word_1_174' title='bbox 1108 1664 1187 1718; x_wconf 88' lang='lat' dir='ltr'><strong>illi</strong></span> <span class='ocrx_word' id='word_1_175' title='bbox 1217 1662 1480 1735; x_wconf 85' lang='lat' dir='ltr'><strong>garriunt,</strong></span> <span class='ocrx_word' id='word_1_176' title='bbox 1518 1677 1745 1719; x_wconf 87' lang='lat' dir='ltr'><strong>necesse</strong></span> <span class='ocrx_word' id='word_1_177' title='bbox 1788 1666 1874 1717; x_wconf 86' lang='lat' dir='ltr'><strong>est</strong></span> 
     </span>
    </p>
   </div>
   <div class='ocr_carea' id='block_1_20' title="bbox 1953 1003 3552 1075">
    <p class='ocr_par' dir='ltr' id='par_1_20' title="bbox 1953 1003 3552 1075">
     <span class='ocr_line' id='line_1_20' title="bbox 1953 1003 3552 1075; baseline 0.004 -17"><span class='ocrx_word' id='word_1_178' title='bbox 1953 1003 2129 1074; x_wconf 64' lang='lat' dir='ltr'><strong>,facite</strong></span> <span class='ocrx_word' id='word_1_179' title='bbox 2172 1005 2314 1059; x_wconf 81' lang='lat' dir='ltr'><strong>vobis</strong></span> <span class='ocrx_word' id='word_1_180' title='bbox 2343 1004 2580 1059; x_wconf 74' lang='lat' dir='ltr'><strong>sacculos</strong></span> <span class='ocrx_word' id='word_1_181' title='bbox 2604 1004 2693 1075; x_wconf 81' lang='lat' dir='ltr'><strong>qui</strong></span> <span class='ocrx_word' id='word_1_182' title='bbox 2725 1020 2828 1059; x_wconf 83' lang='lat' dir='ltr'><strong>non</strong></span> <span class='ocrx_word' id='word_1_183' title='bbox 2867 1014 3212 1072; x_wconf 78' lang='lat' dir='ltr'><strong>veterascunt,</strong></span> <span class='ocrx_word' id='word_1_184' title='bbox 3245 1008 3552 1065; x_wconf 73' lang='lat' dir='ltr'><strong>thesaurum</strong></span> 
     </span>
    </p>
   </div>
   <div class='ocr_carea' id='block_1_21' title="bbox 1973 1095 3559 1170">
    <p class='ocr_par' dir='ltr' id='par_1_21' title="bbox 1973 1095 3559 1170">
     <span class='ocr_line' id='line_1_21' title="bbox 1973 1095 3559 1170; baseline 0.005 -21"><span class='ocrx_word' id='word_1_185' title='bbox 1973 1111 2077 1150; x_wconf 85' lang='lat' dir='ltr'><strong>non</strong></span> <span class='ocrx_word' id='word_1_186' title='bbox 2103 1095 2425 1164; x_wconf 78' lang='lat' dir='ltr'><strong>deﬁcientem</strong></span> <span class='ocrx_word' id='word_1_187' title='bbox 2455 1095 2512 1150; x_wconf 88' lang='lat' dir='ltr'><strong>in</strong></span> <span class='ocrx_word' id='word_1_188' title='bbox 2537 1095 2697 1159; x_wconf 72' lang='lat' dir='ltr'><strong>caelis,</strong></span> <span class='ocrx_word' id='word_1_189' title='bbox 2727 1113 2830 1167; x_wconf 79' lang='lat' dir='ltr'><strong>quo</strong></span> <span class='ocrx_word' id='word_1_190' title='bbox 2864 1097 3087 1167; x_wconf 81' lang='lat' dir='ltr'><strong>furnon</strong></span> <span class='ocrx_word' id='word_1_191' title='bbox 3113 1100 3420 1170; x_wconf 63' lang='lat' dir='ltr'><strong>appropiat‘,</strong></span> <span class='ocrx_word' id='word_1_192' title='bbox 3464 1118 3559 1157; x_wconf 80' lang='lat' dir='ltr'><strong>nc-</strong></span> 
     </span>
    </p>
   </div>
   <div class='ocr_carea' id='block_1_22' title="bbox 1960 1177 3559 1259">
    <p class='ocr_par' dir='ltr' id='par_1_22' title="bbox 1960 1177 3559 1259">
     <span class='ocr_line' id='line_1_22' title="bbox 1960 1177 3559 1259; baseline 0.004 -17"><span class='ocrx_word' id='word_1_193' title='bbox 1960 1203 2074 1258; x_wconf 73' lang='lat' dir='ltr'><strong>que</strong></span> <span class='ocrx_word' id='word_1_194' title='bbox 2097 1188 2241 1243; x_wconf 82' lang='lat' dir='ltr'><strong>tinea</strong></span> <span class='ocrx_word' id='word_1_195' title='bbox 2268 1188 2557 1258; x_wconf 83' lang='lat' dir='ltr'><strong>corrumpit</strong></span> <span class='ocrx_word' id='word_1_196' title='bbox 2588 1177 2729 1242; x_wconf 6' lang='lat' dir='ltr'><strong>:iubi</strong></span> <span class='ocrx_word' id='word_1_197' title='bbox 2756 1190 2893 1243; x_wconf 78' lang='lat' dir='ltr'><strong>enim</strong></span> <span class='ocrx_word' id='word_1_198' title='bbox 2932 1189 3089 1259; x_wconf 77' lang='lat' dir='ltr'><strong>fuerit</strong></span> <span class='ocrx_word' id='word_1_199' title='bbox 3112 1192 3392 1247; x_wconf 76' lang='lat' dir='ltr'><strong>thesaurus</strong></span> <span class='ocrx_word' id='word_1_200' title='bbox 3413 1204 3559 1259; x_wconf 74' lang='lat' dir='ltr'><strong>tuas,</strong></span> 
     </span>
    </p>
   </div>
   <div class='ocr_carea' id='block_1_23' title="bbox 1972 1276 3557 1350">
    <p class='ocr_par' dir='ltr' id='par_1_23' title="bbox 1972 1276 3557 1350">
     <span class='ocr_line' id='line_1_23' title="bbox 1972 1276 3557 1350; baseline 0.004 -18"><span class='ocrx_word' id='word_1_201' title='bbox 1972 1277 2084 1332; x_wconf 90' lang='lat' dir='ltr'><strong>illic</strong></span> <span class='ocrx_word' id='word_1_202' title='bbox 2110 1280 2209 1333; x_wconf 88' lang='lat' dir='ltr'><strong>erit</strong></span> <span class='ocrx_word' id='word_1_203' title='bbox 2224 1287 2277 1332; x_wconf 82' lang='lat' dir='ltr'><strong>et</strong></span> <span class='ocrx_word' id='word_1_204' title='bbox 2304 1293 2397 1332; x_wconf 86' lang='lat' dir='ltr'><strong>cor</strong></span> <span class='ocrx_word' id='word_1_205' title='bbox 2428 1288 2576 1341; x_wconf 81' lang='lat' dir='ltr'><strong>tuum</strong></span> <span class='ocrx_word' id='word_1_206' title='bbox 2605 1276 2757 1350; x_wconf 84' lang='lat' dir='ltr'><strong>(Luc.</strong></span> <span class='ocrx_word' id='word_1_207' title='bbox 2805 1278 2938 1350; x_wconf 85' lang='lat' dir='ltr'><strong>xu);</strong></span> <span class='ocrx_word' id='word_1_208' title='bbox 2989 1280 3101 1335; x_wconf 88' lang='lat' dir='ltr'><strong>sive</strong></span> <span class='ocrx_word' id='word_1_209' title='bbox 3128 1297 3251 1336; x_wconf 88' lang='lat' dir='ltr'><strong>cum</strong></span> <span class='ocrx_word' id='word_1_210' title='bbox 3301 1282 3557 1341; x_wconf 79' lang='lat' dir='ltr'><strong>dicebat:</strong></span> 
     </span>
    </p>
   </div>
   <div class='ocr_carea' id='block_1_24' title="bbox 1990 1365 3561 1444">
    <p class='ocr_par' dir='ltr' id='par_1_24' title="bbox 1990 1365 3561 1444">
     <span class='ocr_line' id='line_1_24' title="bbox 1990 1365 3561 1444; baseline 0.006 -24"><span class='ocrx_word' id='word_1_211' title='bbox 1990 1365 2359 1422; x_wconf 78' lang='lat' dir='ltr'><strong>Verumtamen</strong></span> <span class='ocrx_word' id='word_1_212' title='bbox 2398 1368 2521 1422; x_wconf 85' lang='lat' dir='ltr'><strong>date</strong></span> <span class='ocrx_word' id='word_1_213' title='bbox 2546 1367 2948 1439; x_wconf 75' lang='lat' dir='ltr'><strong>eleemosynam;</strong></span> <span class='ocrx_word' id='word_1_214' title='bbox 2969 1381 3017 1424; x_wconf 88' lang='lat' dir='ltr'><strong>et</strong></span> <span class='ocrx_word' id='word_1_215' title='bbox 3031 1388 3149 1444; x_wconf 62' lang='lat' dir='ltr'><strong>cepe</strong></span> <span class='ocrx_word' id='word_1_216' title='bbox 3161 1373 3336 1428; x_wconf 81' lang='lat' dir='ltr'><strong>omnia</strong></span> <span class='ocrx_word' id='word_1_217' title='bbox 3363 1377 3561 1430; x_wconf 73' lang='lat' dir='ltr'><strong>munda</strong></span> 
     </span>
    </p>
   </div>
   <div class='ocr_carea' id='block_1_25' title="bbox 1974 1456 3562 1535">
    <p class='ocr_par' dir='ltr' id='par_1_25' title="bbox 1974 1456 3562 1535">
     <span class='ocr_line' id='line_1_25' title="bbox 1974 1456 3562 1535; baseline 0.005 -23"><span class='ocrx_word' id='word_1_218' title='bbox 1974 1467 2096 1535; x_wconf 69' lang='lat' dir='ltr'><strong>sunt</strong></span> <span class='ocrx_word' id='word_1_219' title='bbox 2124 1458 2265 1512; x_wconf 73' lang='lat' dir='ltr'><strong>vobis</strong></span> <span class='ocrx_word' id='word_1_220' title='bbox 2295 1456 2433 1528; x_wconf 84' lang='lat' dir='ltr'><strong>(Luc</strong></span> <span class='ocrx_word' id='word_1_221' title='bbox 2454 1461 2558 1527; x_wconf 72' lang='grc' dir='ltr'><strong>ιι).</strong></span> <span class='ocrx_word' id='word_1_222' title='bbox 2588 1457 2725 1524; x_wconf 84' lang='lat' dir='ltr'><strong>Quia</strong></span> <span class='ocrx_word' id='word_1_223' title='bbox 2751 1475 2884 1533; x_wconf 79' lang='lat' dir='ltr'><strong>ergo</strong></span> <span class='ocrx_word' id='word_1_224' title='bbox 2938 1461 3005 1516; x_wconf 89' lang='lat' dir='ltr'><strong>ad</strong></span> <span class='ocrx_word' id='word_1_225' title='bbox 3025 1462 3272 1518; x_wconf 85' lang='lat' dir='ltr'><strong>eamdem</strong></span> <span class='ocrx_word' id='word_1_226' title='bbox 3302 1466 3562 1535; x_wconf 77' lang='lat' dir='ltr'><strong>reginam</strong></span> 
     </span>
    </p>
   </div>
   <div class='ocr_carea' id='block_1_26' title="bbox 1977 1537 3563 1625">
    <p class='ocr_par' dir='ltr' id='par_1_26' title="bbox 1977 1537 3563 1625">
     <span class='ocr_line' id='line_1_26' title="bbox 1977 1537 3563 1625; baseline 0.004 -22"><span class='ocrx_word' id='word_1_227' title='bbox 1977 1537 2172 1603; x_wconf 83' lang='lat' dir='ltr'><strong>divites</strong></span> <span class='ocrx_word' id='word_1_228' title='bbox 2200 1549 2255 1602; x_wconf 90' lang='lat' dir='ltr'><strong>in</strong></span> <span class='ocrx_word' id='word_1_229' title='bbox 2288 1548 2560 1618; x_wconf 81' lang='lat' dir='ltr'><strong>hypocrisi</strong></span> <span class='ocrx_word' id='word_1_230' title='bbox 2584 1565 2707 1604; x_wconf 88' lang='lat' dir='ltr'><strong>cum</strong></span> <span class='ocrx_word' id='word_1_231' title='bbox 2731 1549 2882 1606; x_wconf 85' lang='lat' dir='ltr'><strong>falsis</strong></span> <span class='ocrx_word' id='word_1_232' title='bbox 2917 1553 3231 1609; x_wconf 78' lang='lat' dir='ltr'><strong>muneribus</strong></span> <span class='ocrx_word' id='word_1_233' title='bbox 3271 1557 3423 1625; x_wconf 84' lang='lat' dir='ltr'><strong>quasi</strong></span> <span class='ocrx_word' id='word_1_234' title='bbox 3451 1557 3563 1611; x_wconf 67' lang='grc' dir='ltr'><strong>γυι-</strong></span> 
     </span>
    </p>
   </div>
   <div class='ocr_carea' id='block_1_27' title="bbox 1982 1641 3563 1717">
    <p class='ocr_par' dir='ltr' id='par_1_27' title="bbox 1982 1641 3563 1717">
     <span class='ocr_line' id='line_1_27' title="bbox 1982 1641 3563 1717; baseline 0.004 -19"><span class='ocrx_word' id='word_1_235' title='bbox 1982 1653 2096 1698; x_wconf 90' lang='lat' dir='ltr'><strong>tum</strong></span> <span class='ocrx_word' id='word_1_236' title='bbox 2121 1641 2241 1711; x_wconf 91' lang='lat' dir='ltr'><strong>ejus</strong></span> <span class='ocrx_word' id='word_1_237' title='bbox 2270 1642 2609 1712; x_wconf 83' lang='lat' dir='ltr'><strong>deprecaturi</strong></span> <span class='ocrx_word' id='word_1_238' title='bbox 2637 1643 2827 1699; x_wconf 89' lang='lat' dir='ltr'><strong>venire</strong></span> <span class='ocrx_word' id='word_1_239' title='bbox 2848 1658 2954 1698; x_wconf 89' lang='lat' dir='ltr'><strong>non</strong></span> <span class='ocrx_word' id='word_1_240' title='bbox 2974 1645 3187 1710; x_wconf 86' lang='lat' dir='ltr'><strong>debent,</strong></span> <span class='ocrx_word' id='word_1_241' title='bbox 3213 1648 3328 1717; x_wconf 83' lang='lat' dir='ltr'><strong>ipsa</strong></span> <span class='ocrx_word' id='word_1_242' title='bbox 3354 1649 3563 1705; x_wconf 70' lang='lat' dir='ltr'><strong>Veritas</strong></span> 
     </span>
    </p>
   </div>
   <div class='ocr_carea' id='block_1_28' title="bbox 277 1730 1880 1832">
    <p class='ocr_par' dir='ltr' id='par_1_28' title="bbox 277 1754 1873 1832">
     <span class='ocr_line' id='line_1_28' title="bbox 277 1754 1873 1832; baseline -0.007 -14"><span class='ocrx_word' id='word_1_243' title='bbox 277 1772 345 1818; x_wconf 88' lang='lat' dir='ltr'><strong>ut</strong></span> <span class='ocrx_word' id='word_1_244' title='bbox 367 1754 719 1832; x_wconf 76' lang='lat' dir='ltr'><strong>deprecantes</strong></span> <span class='ocrx_word' id='word_1_245' title='bbox 746 1757 1005 1811; x_wconf 79' lang='lat' dir='ltr'><strong>exaudire</strong></span> <span class='ocrx_word' id='word_1_246' title='bbox 1044 1765 1101 1810; x_wconf 90' lang='lat' dir='ltr'><strong>et</strong></span> <span class='ocrx_word' id='word_1_247' title='bbox 1146 1755 1499 1811; x_wconf 88' lang='lat' dir='ltr'><strong>adorantibus</strong></span> <span class='ocrx_word' id='word_1_248' title='bbox 1530 1754 1715 1810; x_wconf 84' lang='lat' dir='ltr'><strong>favere</strong></span> <span class='ocrx_word' id='word_1_249' title='bbox 1746 1768 1873 1809; x_wconf 90' lang='lat' dir='ltr'><strong>cre-</strong></span> 
     </span>
    </p>
   </div>
   <div class='ocr_carea' id='block_1_29' title="bbox 1990 1730 3558 1832">
    <p class='ocr_par' dir='ltr' id='par_1_29' title="bbox 1990 1733 3558 1807">
     <span class='ocr_line' id='line_1_29' title="bbox 1990 1733 3558 1807; baseline 0.004 -20"><span class='ocrx_word' id='word_1_250' title='bbox 1990 1733 2187 1789; x_wconf 86' lang='lat' dir='ltr'><strong>inbibet</strong></span> <span class='ocrx_word' id='word_1_251' title='bbox 2209 1774 2225 1799; x_wconf 96' lang='lat'><strong>,</strong></span> <span class='ocrx_word' id='word_1_252' title='bbox 2266 1749 2389 1789; x_wconf 87' lang='lat' dir='ltr'><strong>cum</strong></span> <span class='ocrx_word' id='word_1_253' title='bbox 2416 1734 2587 1800; x_wconf 88' lang='lat' dir='ltr'><strong>dicit,</strong></span> <span class='ocrx_word' id='word_1_254' title='bbox 2629 1734 2817 1790; x_wconf 85' lang='lat' dir='ltr'><strong>Cavete</strong></span> <span class='ocrx_word' id='word_1_255' title='bbox 2852 1736 3026 1805; x_wconf 81' lang='lat' dir='ltr'><strong>facere</strong></span> <span class='ocrx_word' id='word_1_256' title='bbox 3038 1737 3306 1807; x_wconf 79' lang='lat' dir='ltr'><strong>justitiam</strong></span> <span class='ocrx_word' id='word_1_257' title='bbox 3334 1750 3558 1794; x_wconf 82' lang='lat' dir='ltr'><strong>vestram</strong></span> 
     </span>
    </p>
   </div>
   <div class='ocr_carea' id='block_1_30' title="bbox 277 1840 1876 1922">
    <p class='ocr_par' dir='ltr' id='par_1_30' title="bbox 277 1840 1876 1922">
     <span class='ocr_line' id='line_1_30' title="bbox 277 1840 1876 1922; baseline -0.003 -13"><span class='ocrx_word' id='word_1_258' title='bbox 277 1853 486 1909; x_wconf 88' lang='lat' dir='ltr'><strong>dantur</strong></span> <span class='ocrx_word' id='word_1_259' title='bbox 519 1871 533 1908; x_wconf 90' lang='lat'><strong>:</strong></span> <span class='ocrx_word' id='word_1_260' title='bbox 565 1861 621 1908; x_wconf 89' lang='lat' dir='ltr'><strong>et</strong></span> <span class='ocrx_word' id='word_1_261' title='bbox 652 1846 699 1907; x_wconf 69' lang='lat' dir='ltr'><strong>Si</strong></span> <span class='ocrx_word' id='word_1_262' title='bbox 728 1852 1079 1922; x_wconf 83' lang='lat' dir='ltr'><strong>deprecantes</strong></span> <span class='ocrx_word' id='word_1_263' title='bbox 1112 1851 1370 1905; x_wconf 74' lang='lat' dir='ltr'><strong>exaudire</strong></span> <span class='ocrx_word' id='word_1_264' title='bbox 1415 1840 1876 1918; x_wconf 82' lang='lat' dir='ltr'><strong>adorantibusque</strong></span> 
     </span>
    </p>
   </div>
   <div class='ocr_carea' id='block_1_31' title="bbox 279 1940 1874 2017">
    <p class='ocr_par' dir='ltr' id='par_1_31' title="bbox 279 1940 1874 2017">
     <span class='ocr_line' id='line_1_31' title="bbox 279 1940 1874 2017; baseline -0.002 -19"><span class='ocrx_word' id='word_1_265' title='bbox 279 1943 470 1999; x_wconf 80' lang='lat' dir='ltr'><strong>favere</strong></span> <span class='ocrx_word' id='word_1_266' title='bbox 492 1941 805 2017; x_wconf 88' lang='lat' dir='ltr'><strong>creduntur,</strong></span> <span class='ocrx_word' id='word_1_267' title='bbox 837 1950 1061 1996; x_wconf 88' lang='lat' dir='ltr'><strong>necesse</strong></span> <span class='ocrx_word' id='word_1_268' title='bbox 1082 1949 1247 1995; x_wconf 89' lang='lat' dir='ltr'><strong>estut</strong></span> <span class='ocrx_word' id='word_1_269' title='bbox 1274 1940 1383 1995; x_wconf 85' lang='lat' dir='ltr'><strong>vita</strong></span> <span class='ocrx_word' id='word_1_270' title='bbox 1399 1940 1481 1996; x_wconf 90' lang='lat' dir='ltr'><strong>eis</strong></span> <span class='ocrx_word' id='word_1_271' title='bbox 1502 1948 1757 1997; x_wconf 86' lang='lat' dir='ltr'><strong>sensuum</strong></span> <span class='ocrx_word' id='word_1_272' title='bbox 1782 1957 1874 1995; x_wconf 89' lang='lat' dir='ltr'><strong>ca-</strong></span> 
     </span>
    </p>
   </div>
   <div class='ocr_carea' id='block_1_32' title="bbox 234 2018 1872 2107">
    <p class='ocr_par' dir='ltr' id='par_1_32' title="bbox 234 2018 1872 2107">
     <span class='ocr_line' id='line_1_32' title="bbox 234 2018 1872 2107; baseline -0.002 -17"><span class='ocrx_word' id='word_1_273' title='bbox 234 2042 258 2097; x_wconf 84' lang='lat'><strong>&#39;_</strong></span> <span class='ocrx_word' id='word_1_274' title='bbox 281 2051 398 2107; x_wconf 84' lang='lat' dir='ltr'><strong>pax</strong></span> <span class='ocrx_word' id='word_1_275' title='bbox 439 2034 618 2089; x_wconf 88' lang='lat' dir='ltr'><strong>inesse</strong></span> <span class='ocrx_word' id='word_1_276' title='bbox 636 2018 906 2089; x_wconf 68' lang='lat' dir='ltr'><strong>credatur.</strong></span> <span class='ocrx_word' id='word_1_277' title='bbox 943 2031 1060 2088; x_wconf 86' lang='lat' dir='ltr'><strong>Non</strong></span> <span class='ocrx_word' id='word_1_278' title='bbox 1088 2041 1267 2087; x_wconf 88' lang='lat' dir='ltr'><strong>autem</strong></span> <span class='ocrx_word' id='word_1_279' title='bbox 1303 2032 1446 2089; x_wconf 89' lang='lat' dir='ltr'><strong>inest</strong></span> <span class='ocrx_word' id='word_1_280' title='bbox 1491 2032 1573 2088; x_wconf 90' lang='lat' dir='ltr'><strong>eis</strong></span> <span class='ocrx_word' id='word_1_281' title='bbox 1616 2032 1725 2086; x_wconf 87' lang='lat' dir='ltr'><strong>vita</strong></span> <span class='ocrx_word' id='word_1_282' title='bbox 1754 2047 1872 2087; x_wconf 88' lang='lat' dir='ltr'><strong>sen-</strong></span> 
     </span>
    </p>
   </div>
   <div class='ocr_carea' id='block_1_33' title="bbox 279 2120 1876 2192">
    <p class='ocr_par' dir='ltr' id='par_1_33' title="bbox 279 2120 1876 2192">
     <span class='ocr_line' id='line_1_33' title="bbox 279 2120 1876 2192; baseline 0 -13"><span class='ocrx_word' id='word_1_283' title='bbox 279 2139 448 2179; x_wconf 87' lang='lat' dir='ltr'><strong>suum</strong></span> <span class='ocrx_word' id='word_1_284' title='bbox 475 2138 667 2191; x_wconf 88' lang='lat' dir='ltr'><strong>capax,</strong></span> <span class='ocrx_word' id='word_1_285' title='bbox 694 2136 801 2176; x_wconf 89' lang='lat' dir='ltr'><strong>non</strong></span> <span class='ocrx_word' id='word_1_286' title='bbox 822 2120 1005 2192; x_wconf 80' lang='lat' dir='ltr'><strong>igitur,</strong></span> <span class='ocrx_word' id='word_1_287' title='bbox 1032 2131 1090 2176; x_wconf 88' lang='lat' dir='ltr'><strong>ut</strong></span> <span class='ocrx_word' id='word_1_288' title='bbox 1118 2122 1193 2177; x_wconf 91' lang='lat' dir='ltr'><strong>illi</strong></span> <span class='ocrx_word' id='word_1_289' title='bbox 1215 2122 1479 2192; x_wconf 82' lang='lat' dir='ltr'><strong>garriunt,</strong></span> <span class='ocrx_word' id='word_1_290' title='bbox 1507 2123 1766 2179; x_wconf 76' lang='lat' dir='ltr'><strong>adorandi</strong></span> <span class='ocrx_word' id='word_1_291' title='bbox 1791 2124 1876 2179; x_wconf 88' lang='lat' dir='ltr'><strong>vel</strong></span> 
     </span>
    </p>
   </div>
   <div class='ocr_carea' id='block_1_34' title="bbox 275 2209 1876 2287">
    <p class='ocr_par' dir='ltr' id='par_1_34' title="bbox 275 2209 1876 2287">
     <span class='ocr_line' id='line_1_34' title="bbox 275 2209 1876 2287; baseline 0 -17"><span class='ocrx_word' id='word_1_292' title='bbox 275 2210 613 2283; x_wconf 83' lang='lat' dir='ltr'><strong>deprecandi</strong></span> <span class='ocrx_word' id='word_1_293' title='bbox 634 2219 781 2266; x_wconf 88' lang='lat' dir='ltr'><strong>sunt.</strong></span> <span class='ocrx_word' id='word_1_294' title='bbox 794 2209 938 2265; x_wconf 33' lang='lat' dir='ltr'><strong>Nam.</strong></span> <span class='ocrx_word' id='word_1_295' title='bbox 957 2211 1072 2265; x_wconf 71' lang='lat' dir='ltr'><strong>haec</strong></span> <span class='ocrx_word' id='word_1_296' title='bbox 1093 2211 1730 2287; x_wconf 75' lang='lat' dir='ltr'><strong>duorum-membrorum,</strong></span> <span class='ocrx_word' id='word_1_297' title='bbox 1755 2224 1876 2284; x_wconf 70' lang='lat' dir='ltr'><strong>qua:</strong></span> 
     </span>
    </p>
   </div>
   <div class='ocr_carea' id='block_1_35' title="bbox 276 2300 1874 2372">
    <p class='ocr_par' dir='ltr' id='par_1_35' title="bbox 276 2300 1874 2372">
     <span class='ocr_line' id='line_1_35' title="bbox 276 2300 1874 2372; baseline 0.001 -18"><span class='ocrx_word' id='word_1_298' title='bbox 276 2302 509 2372; x_wconf 85' lang='lat' dir='ltr'><strong>quidem</strong></span> <span class='ocrx_word' id='word_1_299' title='bbox 535 2308 802 2356; x_wconf 84' lang='lat' dir='ltr'><strong>commata</strong></span> <span class='ocrx_word' id='word_1_300' title='bbox 824 2310 1151 2371; x_wconf 86' lang='lat' dir='ltr'><strong>nuncupant,</strong></span> <span class='ocrx_word' id='word_1_301' title='bbox 1208 2302 1497 2366; x_wconf 89' lang='lat' dir='ltr'><strong>sententia,</strong></span> <span class='ocrx_word' id='word_1_302' title='bbox 1531 2300 1584 2357; x_wconf 89' lang='lat' dir='ltr'><strong>id</strong></span> <span class='ocrx_word' id='word_1_303' title='bbox 1606 2311 1710 2367; x_wconf 89' lang='lat' dir='ltr'><strong>cst,</strong></span> <span class='ocrx_word' id='word_1_304' title='bbox 1744 2300 1874 2357; x_wconf 85' lang='lat' dir='ltr'><strong>Vul-</strong></span> 
     </span>
    </p>
   </div>
   <div class='ocr_carea' id='block_1_36' title="bbox 279 2395 1873 2472">
    <p class='ocr_par' dir='ltr' id='par_1_36' title="bbox 279 2395 1873 2472">
     <span class='ocr_line' id='line_1_36' title="bbox 279 2395 1873 2472; baseline 0.002 -22"><span class='ocrx_word' id='word_1_305' title='bbox 279 2408 399 2451; x_wconf 85' lang='lat' dir='ltr'><strong>tum</strong></span> <span class='ocrx_word' id='word_1_306' title='bbox 429 2406 577 2451; x_wconf 85' lang='lat' dir='ltr'><strong>tuum</strong></span> <span class='ocrx_word' id='word_1_307' title='bbox 599 2395 1017 2468; x_wconf 83' lang='lat' dir='ltr'><strong>deprecabuntur</strong></span> <span class='ocrx_word' id='word_1_308' title='bbox 1046 2413 1223 2452; x_wconf 87' lang='lat' dir='ltr'><strong>omnes</strong></span> <span class='ocrx_word' id='word_1_309' title='bbox 1249 2397 1432 2453; x_wconf 79' lang='lat' dir='ltr'><strong>divites</strong></span> <span class='ocrx_word' id='word_1_310' title='bbox 1469 2398 1631 2470; x_wconf 84' lang='lat' dir='ltr'><strong>plebis</strong></span> <span class='ocrx_word' id='word_1_311' title='bbox 1662 2399 1873 2472; x_wconf 87' lang='lat' dir='ltr'><strong>(Ibid.),</strong></span> 
     </span>
    </p>
   </div>
   <div class='ocr_carea' id='block_1_37' title="bbox 253 2488 1879 2560">
    <p class='ocr_par' dir='ltr' id='par_1_37' title="bbox 253 2488 1879 2560">
     <span class='ocr_line' id='line_1_37' title="bbox 253 2488 1879 2560; baseline 0.001 -16"><span class='ocrx_word' id='word_1_312' title='bbox 253 2504 399 2544; x_wconf 64' lang='lat' dir='ltr'><strong>non</strong></span> <span class='ocrx_word' id='word_1_313' title='bbox 427 2488 538 2543; x_wconf 91' lang='lat' dir='ltr'><strong>Deo</strong></span> <span class='ocrx_word' id='word_1_314' title='bbox 566 2488 718 2558; x_wconf 88' lang='lat' dir='ltr'><strong>cujus</strong></span> <span class='ocrx_word' id='word_1_315' title='bbox 743 2489 924 2560; x_wconf 79' lang='lat' dir='ltr'><strong>imago</strong></span> <span class='ocrx_word' id='word_1_316' title='bbox 950 2496 1006 2543; x_wconf 92' lang='lat' dir='ltr'><strong>et</strong></span> <span class='ocrx_word' id='word_1_317' title='bbox 1039 2489 1219 2543; x_wconf 92' lang='lat' dir='ltr'><strong>vultus</strong></span> <span class='ocrx_word' id='word_1_318' title='bbox 1244 2488 1412 2544; x_wconf 88' lang='lat' dir='ltr'><strong>Filius</strong></span> <span class='ocrx_word' id='word_1_319' title='bbox 1443 2498 1546 2556; x_wconf 87' lang='lat' dir='ltr'><strong>est,</strong></span> <span class='ocrx_word' id='word_1_320' title='bbox 1574 2491 1667 2546; x_wconf 87' lang='lat' dir='ltr'><strong>sed</strong></span> <span class='ocrx_word' id='word_1_321' title='bbox 1696 2490 1879 2545; x_wconf 81' lang='lat' dir='ltr'><strong>Eccle-</strong></span> 
     </span>
    </p>
   </div>
   <div class='ocr_carea' id='block_1_38' title="bbox 254 2567 1875 2651">
    <p class='ocr_par' dir='ltr' id='par_1_38' title="bbox 254 2567 1875 2651">
     <span class='ocr_line' id='line_1_38' title="bbox 254 2567 1875 2651; baseline -0.001 -13"><span class='ocrx_word' id='word_1_322' title='bbox 254 2584 409 2648; x_wconf 54' lang='lat' dir='ltr'><strong>sia,</strong></span> <span class='ocrx_word' id='word_1_323' title='bbox 434 2597 553 2651; x_wconf 72' lang='lat' dir='ltr'><strong>qua:</strong></span> <span class='ocrx_word' id='word_1_324' title='bbox 579 2594 776 2651; x_wconf 91' lang='lat' dir='ltr'><strong>corpus</strong></span> <span class='ocrx_word' id='word_1_325' title='bbox 808 2578 1009 2636; x_wconf 82' lang='lat' dir='ltr'><strong>Christi</strong></span> <span class='ocrx_word' id='word_1_326' title='bbox 1030 2588 1143 2643; x_wconf 84' lang='lat' dir='ltr'><strong>est,</strong></span> <span class='ocrx_word' id='word_1_327' title='bbox 1168 2596 1266 2650; x_wconf 80' lang='lat' dir='ltr'><strong>per</strong></span> <span class='ocrx_word' id='word_1_328' title='bbox 1288 2567 1613 2651; x_wconf 84' lang='lat' dir='ltr'><strong>Prophetam</strong></span> <span class='ocrx_word' id='word_1_329' title='bbox 1658 2582 1875 2637; x_wconf 85' lang='lat' dir='ltr'><strong>dicitur.</strong></span> 
     </span>
    </p>
   </div>
   <div class='ocr_carea' id='block_1_39' title="bbox 259 2676 1878 2748">
    <p class='ocr_par' dir='ltr' id='par_1_39' title="bbox 259 2676 1878 2748">
     <span class='ocr_line' id='line_1_39' title="bbox 259 2676 1878 2748; baseline -0.002 -15"><span class='ocrx_word' id='word_1_330' title='bbox 259 2679 513 2733; x_wconf 69' lang='lat' dir='ltr'><strong>.Dixerat</strong></span> <span class='ocrx_word' id='word_1_331' title='bbox 539 2679 682 2732; x_wconf 86' lang='lat' dir='ltr'><strong>enim</strong></span> <span class='ocrx_word' id='word_1_332' title='bbox 733 2678 1000 2748; x_wconf 85' lang='lat' dir='ltr'><strong>superius,</strong></span> <span class='ocrx_word' id='word_1_333' title='bbox 1036 2693 1133 2748; x_wconf 85' lang='lat' dir='ltr'><strong>per</strong></span> <span class='ocrx_word' id='word_1_334' title='bbox 1155 2676 1430 2747; x_wconf 80' lang='lat' dir='ltr'><strong>energian,</strong></span> <span class='ocrx_word' id='word_1_335' title='bbox 1455 2676 1617 2742; x_wconf 80' lang='lat' dir='ltr'><strong>Audi,</strong></span> <span class='ocrx_word' id='word_1_336' title='bbox 1662 2677 1801 2745; x_wconf 75' lang='lat' dir='ltr'><strong>filia,</strong></span> <span class='ocrx_word' id='word_1_337' title='bbox 1829 2687 1878 2730; x_wconf 90' lang='lat' dir='ltr'><strong>et</strong></span> 
     </span>
    </p>
   </div>
   <div class='ocr_carea' id='block_1_40' title="bbox 282 2752 1877 2839">
    <p class='ocr_par' dir='ltr' id='par_1_40' title="bbox 282 2752 1877 2839">
     <span class='ocr_line' id='line_1_40' title="bbox 282 2752 1877 2839; baseline -0.003 -14"><span class='ocrx_word' id='word_1_338' title='bbox 282 2769 429 2835; x_wconf 79' lang='lat' dir='ltr'><strong>ride,</strong></span> <span class='ocrx_word' id='word_1_339' title='bbox 472 2778 521 2825; x_wconf 87' lang='lat' dir='ltr'><strong>et</strong></span> <span class='ocrx_word' id='word_1_340' title='bbox 565 2769 762 2824; x_wconf 87' lang='lat' dir='ltr'><strong>inclina</strong></span> <span class='ocrx_word' id='word_1_341' title='bbox 793 2752 974 2824; x_wconf 86' lang='lat' dir='ltr'><strong>aurem</strong></span> <span class='ocrx_word' id='word_1_342' title='bbox 1006 2778 1181 2830; x_wconf 82' lang='lat' dir='ltr'><strong>luant,</strong></span> <span class='ocrx_word' id='word_1_343' title='bbox 1212 2778 1260 2823; x_wconf 88' lang='lat' dir='ltr'><strong>et</strong></span> <span class='ocrx_word' id='word_1_344' title='bbox 1286 2767 1583 2822; x_wconf 82' lang='lat' dir='ltr'><strong>obliriscerc</strong></span> <span class='ocrx_word' id='word_1_345' title='bbox 1627 2768 1877 2839; x_wconf 78' lang='lat' dir='ltr'><strong>populant</strong></span> 
     </span>
    </p>
   </div>
   <div class='ocr_carea' id='block_1_41' title="bbox 258 2856 1880 2941">
    <p class='ocr_par' dir='ltr' id='par_1_41' title="bbox 258 2856 1880 2941">
     <span class='ocr_line' id='line_1_41' title="bbox 258 2856 1880 2941; baseline -0.002 -24"><span class='ocrx_word' id='word_1_346' title='bbox 258 2873 445 2917; x_wconf 65' lang='lat' dir='ltr'><strong>.tuum</strong></span> <span class='ocrx_word' id='word_1_347' title='bbox 464 2903 479 2927; x_wconf 93' lang='lat'><strong>,</strong></span> <span class='ocrx_word' id='word_1_348' title='bbox 507 2870 556 2916; x_wconf 86' lang='lat' dir='ltr'><strong>et</strong></span> <span class='ocrx_word' id='word_1_349' title='bbox 587 2863 799 2916; x_wconf 73' lang='lat' dir='ltr'><strong>domum</strong></span> <span class='ocrx_word' id='word_1_350' title='bbox 824 2864 991 2934; x_wconf 84' lang='lat' dir='ltr'><strong>patris</strong></span> <span class='ocrx_word' id='word_1_351' title='bbox 1014 2856 1091 2916; x_wconf 87' lang='lat' dir='ltr'><strong>tui</strong></span> <span class='ocrx_word' id='word_1_352' title='bbox 1121 2878 1138 2915; x_wconf 90' lang='lat'><em>:</em></span> <span class='ocrx_word' id='word_1_353' title='bbox 1169 2862 1419 2941; x_wconf 79' lang='lat' dir='ltr'><strong>quoniam</strong></span> <span class='ocrx_word' id='word_1_354' title='bbox 1451 2861 1741 2931; x_wconf 77' lang='lat' dir='ltr'><strong>concupivit</strong></span> <span class='ocrx_word' id='word_1_355' title='bbox 1790 2876 1880 2913; x_wconf 66' lang='lat' dir='ltr'><strong>res:</strong></span> 
     </span>
    </p>
   </div>
   <div class='ocr_carea' id='block_1_42' title="bbox 258 2951 1872 3026">
    <p class='ocr_par' dir='ltr' id='par_1_42' title="bbox 258 2951 1872 3026">
     <span class='ocr_line' id='line_1_42' title="bbox 258 2951 1872 3026; baseline -0.003 -17"><span class='ocrx_word' id='word_1_356' title='bbox 258 2954 518 3026; x_wconf 77' lang='lat' dir='ltr'><strong>-speciem</strong></span> <span class='ocrx_word' id='word_1_357' title='bbox 544 2963 689 3007; x_wconf 76' lang='lat' dir='ltr'><strong>tuam</strong></span> <span class='ocrx_word' id='word_1_358' title='bbox 714 2994 730 3021; x_wconf 90' lang='lat'><strong>,</strong></span> <span class='ocrx_word' id='word_1_359' title='bbox 756 2954 882 3024; x_wconf 82' lang='lat' dir='ltr'><strong>quia</strong></span> <span class='ocrx_word' id='word_1_360' title='bbox 915 2955 1022 3025; x_wconf 74' lang='lat' dir='ltr'><strong>ipse</strong></span> <span class='ocrx_word' id='word_1_361' title='bbox 1049 2963 1122 3006; x_wconf 85' lang='lat' dir='ltr'><strong>est</strong></span> <span class='ocrx_word' id='word_1_362' title='bbox 1162 2952 1420 3007; x_wconf 76' lang='lat' dir='ltr'><strong>Dominus</strong></span> <span class='ocrx_word' id='word_1_363' title='bbox 1469 2968 1617 3006; x_wconf 79' lang='lat' dir='ltr'><strong>meus</strong></span> <span class='ocrx_word' id='word_1_364' title='bbox 1650 2968 1670 3005; x_wconf 91' lang='lat'><strong><em>:</em></strong></span> <span class='ocrx_word' id='word_1_365' title='bbox 1696 2960 1745 3005; x_wconf 89' lang='lat' dir='ltr'><strong>et</strong></span> <span class='ocrx_word' id='word_1_366' title='bbox 1783 2951 1872 3004; x_wconf 86' lang='lat' dir='ltr'><strong>ad-</strong></span> 
     </span>
    </p>
   </div>
   <div class='ocr_carea' id='block_1_43' title="bbox 282 3042 1882 3118">
    <p class='ocr_par' dir='ltr' id='par_1_43' title="bbox 282 3042 1882 3118">
     <span class='ocr_line' id='line_1_43' title="bbox 282 3042 1882 3118; baseline -0.004 -16"><span class='ocrx_word' id='word_1_367' title='bbox 282 3047 520 3118; x_wconf 81' lang='lat' dir='ltr'><strong>orabunt</strong></span> <span class='ocrx_word' id='word_1_368' title='bbox 545 3064 663 3100; x_wconf 82' lang='lat' dir='ltr'><strong>eum</strong></span> <span class='ocrx_word' id='word_1_369' title='bbox 691 3045 967 3116; x_wconf 63' lang='lat' dir='ltr'><strong>ﬁlimTyri</strong></span> <span class='ocrx_word' id='word_1_370' title='bbox 991 3046 1048 3099; x_wconf 87' lang='lat' dir='ltr'><strong>in</strong></span> <span class='ocrx_word' id='word_1_371' title='bbox 1070 3044 1374 3099; x_wconf 85' lang='lat' dir='ltr'><strong>muneribus</strong></span> <span class='ocrx_word' id='word_1_372' title='bbox 1391 3042 1603 3115; x_wconf 81' lang='lat' dir='ltr'><strong>(Ibid.),</strong></span> <span class='ocrx_word' id='word_1_373' title='bbox 1635 3052 1690 3098; x_wconf 89' lang='lat' dir='ltr'><strong>ct</strong></span> <span class='ocrx_word' id='word_1_374' title='bbox 1711 3042 1765 3097; x_wconf 89' lang='lat' dir='ltr'><strong>in</strong></span> <span class='ocrx_word' id='word_1_375' title='bbox 1789 3059 1882 3096; x_wconf 86' lang='lat' dir='ltr'><strong>ea-</strong></span> 
     </span>
    </p>
   </div>
   <div class='ocr_carea' id='block_1_44' title="bbox 289 3132 1881 3207">
    <p class='ocr_par' dir='ltr' id='par_1_44' title="bbox 289 3132 1881 3207">
     <span class='ocr_line' id='line_1_44' title="bbox 289 3132 1881 3207; baseline -0.003 -16"><span class='ocrx_word' id='word_1_376' title='bbox 289 3140 421 3192; x_wconf 89' lang='lat' dir='ltr'><strong>dem</strong></span> <span class='ocrx_word' id='word_1_377' title='bbox 449 3136 668 3207; x_wconf 81' lang='lat' dir='ltr'><strong>encrgia</strong></span> <span class='ocrx_word' id='word_1_378' title='bbox 697 3151 1053 3206; x_wconf 85' lang='lat' dir='ltr'><strong>perseverans</strong></span> <span class='ocrx_word' id='word_1_379' title='bbox 1075 3132 1354 3203; x_wconf 82' lang='lat' dir='ltr'><strong>subjunxit</strong></span> <span class='ocrx_word' id='word_1_380' title='bbox 1377 3133 1550 3189; x_wconf 87' lang='lat' dir='ltr'><strong>eidem</strong></span> <span class='ocrx_word' id='word_1_381' title='bbox 1590 3133 1742 3202; x_wconf 83' lang='lat' dir='ltr'><strong>cujus</strong></span> <span class='ocrx_word' id='word_1_382' title='bbox 1764 3148 1881 3203; x_wconf 86' lang='lat' dir='ltr'><strong>spe—</strong></span> 
     </span>
    </p>
   </div>
   <div class='ocr_carea' id='block_1_45' title="bbox 278 3227 1880 3305">
    <p class='ocr_par' dir='ltr' id='par_1_45' title="bbox 278 3227 1880 3305">
     <span class='ocr_line' id='line_1_45' title="bbox 278 3227 1880 3305; baseline -0.004 -21"><span class='ocrx_word' id='word_1_383' title='bbox 278 3231 434 3284; x_wconf 74' lang='lat' dir='ltr'><strong>ciem</strong></span> <span class='ocrx_word' id='word_1_384' title='bbox 458 3230 775 3299; x_wconf 88' lang='lat' dir='ltr'><strong>concupisse</strong></span> <span class='ocrx_word' id='word_1_385' title='bbox 800 3244 980 3305; x_wconf 82' lang='lat' dir='ltr'><strong>regem</strong></span> <span class='ocrx_word' id='word_1_386' title='bbox 999 3229 1226 3293; x_wconf 76' lang='lat' dir='ltr'><strong>dixerat,</strong></span> <span class='ocrx_word' id='word_1_387' title='bbox 1250 3231 1456 3293; x_wconf 83' lang='lat' dir='ltr'><strong>dicens,</strong></span> <span class='ocrx_word' id='word_1_388' title='bbox 1500 3227 1707 3280; x_wconf 76' lang='lat' dir='ltr'><strong>Vultum</strong></span> <span class='ocrx_word' id='word_1_389' title='bbox 1733 3236 1880 3279; x_wconf 86' lang='lat' dir='ltr'><strong>tuum</strong></span> 
     </span>
    </p>
   </div>
   <div class='ocr_carea' id='block_1_46' title="bbox 284 3318 1879 3393">
    <p class='ocr_par' dir='ltr' id='par_1_46' title="bbox 284 3318 1879 3393">
     <span class='ocr_line' id='line_1_46' title="bbox 284 3318 1879 3393; baseline -0.001 -19"><span class='ocrx_word' id='word_1_390' title='bbox 284 3321 715 3392; x_wconf 80' lang='lat' dir='ltr'><strong>deprecabuntur</strong></span> <span class='ocrx_word' id='word_1_391' title='bbox 744 3338 920 3376; x_wconf 86' lang='lat' dir='ltr'><strong>omnes</strong></span> <span class='ocrx_word' id='word_1_392' title='bbox 950 3322 1136 3376; x_wconf 74' lang='lat' dir='ltr'><strong>divites</strong></span> <span class='ocrx_word' id='word_1_393' title='bbox 1170 3323 1353 3393; x_wconf 86' lang='lat' dir='ltr'><strong>plebis.</strong></span> <span class='ocrx_word' id='word_1_394' title='bbox 1393 3320 1582 3376; x_wconf 75' lang='lat' dir='ltr'><strong>Vultus</strong></span> <span class='ocrx_word' id='word_1_395' title='bbox 1612 3334 1742 3390; x_wconf 82' lang='lat' dir='ltr'><strong>ergo</strong></span> <span class='ocrx_word' id='word_1_396' title='bbox 1774 3318 1879 3372; x_wconf 84' lang='lat' dir='ltr'><strong>Ec-</strong></span> 
     </span>
    </p>
   </div>
   <div class='ocr_carea' id='block_1_47' title="bbox 266 3409 1881 3483">
    <p class='ocr_par' dir='ltr' id='par_1_47' title="bbox 266 3409 1881 3483">
     <span class='ocr_line' id='line_1_47' title="bbox 266 3409 1881 3483; baseline -0.004 -15"><span class='ocrx_word' id='word_1_397' title='bbox 266 3412 477 3468; x_wconf 62' lang='lat' dir='ltr'><strong>~ClCSi£B</strong></span> <span class='ocrx_word' id='word_1_398' title='bbox 501 3412 763 3467; x_wconf 63' lang='lat' dir='ltr'><strong>doctrinas</strong></span> <span class='ocrx_word' id='word_1_399' title='bbox 808 3413 1072 3483; x_wconf 83' lang='lat' dir='ltr'><strong>spiritalis</strong></span> <span class='ocrx_word' id='word_1_400' title='bbox 1102 3413 1334 3469; x_wconf 80' lang='lat' dir='ltr'><strong>eruditio</strong></span> <span class='ocrx_word' id='word_1_401' title='bbox 1368 3421 1481 3474; x_wconf 89' lang='lat' dir='ltr'><strong>est,</strong></span> <span class='ocrx_word' id='word_1_402' title='bbox 1526 3427 1654 3480; x_wconf 77' lang='lat' dir='ltr'><strong>qua:</strong></span> <span class='ocrx_word' id='word_1_403' title='bbox 1700 3409 1822 3463; x_wconf 85' lang='lat' dir='ltr'><strong>ideo</strong></span> <span class='ocrx_word' id='word_1_404' title='bbox 1851 3424 1881 3462; x_wconf 88' lang='lat' dir='ltr'><strong>a</strong></span> 
     </span>
    </p>
   </div>
   <div class='ocr_carea' id='block_1_48' title="bbox 288 3503 1880 3573">
    <p class='ocr_par' dir='ltr' id='par_1_48' title="bbox 288 3503 1880 3573">
     <span class='ocr_line' id='line_1_48' title="bbox 288 3503 1880 3573; baseline -0.002 -16"><span class='ocrx_word' id='word_1_405' title='bbox 288 3503 556 3558; x_wconf 81' lang='lat' dir='ltr'><strong>divitibus</strong></span> <span class='ocrx_word' id='word_1_406' title='bbox 590 3503 873 3571; x_wconf 81' lang='lat' dir='ltr'><strong>deprecari</strong></span> <span class='ocrx_word' id='word_1_407' title='bbox 901 3503 1132 3568; x_wconf 82' lang='lat' dir='ltr'><strong>dicitur,</strong></span> <span class='ocrx_word' id='word_1_408' title='bbox 1174 3505 1300 3573; x_wconf 87' lang='lat' dir='ltr'><strong>quia</strong></span> <span class='ocrx_word' id='word_1_409' title='bbox 1327 3503 1479 3558; x_wconf 87' lang='lat' dir='ltr'><strong>multi</strong></span> <span class='ocrx_word' id='word_1_410' title='bbox 1507 3509 1726 3573; x_wconf 85' lang='lat' dir='ltr'><strong>propter</strong></span> <span class='ocrx_word' id='word_1_411' title='bbox 1760 3516 1880 3556; x_wconf 90' lang='lat' dir='ltr'><strong>eam</strong></span> 
     </span>
    </p>
   </div>
   <div class='ocr_carea' id='block_1_49' title="bbox 285 3594 1878 3667">
    <p class='ocr_par' dir='ltr' id='par_1_49' title="bbox 285 3594 1878 3667">
     <span class='ocr_line' id='line_1_49' title="bbox 285 3594 1878 3667; baseline -0.004 -15"><span class='ocrx_word' id='word_1_412' title='bbox 285 3595 548 3652; x_wconf 76' lang='lat' dir='ltr'><strong>omnibus</strong></span> <span class='ocrx_word' id='word_1_413' title='bbox 573 3596 785 3667; x_wconf 90' lang='lat' dir='ltr'><strong>pompis</strong></span> <span class='ocrx_word' id='word_1_414' title='bbox 840 3596 1021 3650; x_wconf 72' lang='lat' dir='ltr'><strong>smcnli</strong></span> <span class='ocrx_word' id='word_1_415' title='bbox 1063 3604 1118 3651; x_wconf 91' lang='lat' dir='ltr'><strong>et</strong></span> <span class='ocrx_word' id='word_1_416' title='bbox 1173 3595 1376 3650; x_wconf 73' lang='lat' dir='ltr'><strong>divitiis</strong></span> <span class='ocrx_word' id='word_1_417' title='bbox 1414 3594 1878 3657; x_wconf 84' lang='lat' dir='ltr'><strong>renuntiaverunt,</strong></span> 
     </span>
    </p>
   </div>
   <div class='ocr_carea' id='block_1_50' title="bbox 290 3672 1879 3759">
    <p class='ocr_par' dir='ltr' id='par_1_50' title="bbox 290 3672 1879 3759">
     <span class='ocr_line' id='line_1_50' title="bbox 290 3672 1879 3759; baseline -0.003 -18"><span class='ocrx_word' id='word_1_418' title='bbox 290 3686 539 3758; x_wconf 80' lang='lat' dir='ltr'><strong>qualiter</strong></span> <span class='ocrx_word' id='word_1_419' title='bbox 589 3686 656 3740; x_wconf 91' lang='lat' dir='ltr'><strong>ad</strong></span> <span class='ocrx_word' id='word_1_420' title='bbox 682 3701 803 3745; x_wconf 88' lang='lat' dir='ltr'><strong>eam</strong></span> <span class='ocrx_word' id='word_1_421' title='bbox 831 3688 1116 3759; x_wconf 83' lang='lat' dir='ltr'><strong>pervenire</strong></span> <span class='ocrx_word' id='word_1_422' title='bbox 1150 3695 1198 3742; x_wconf 88' lang='lat' dir='ltr'><strong>et</strong></span> <span class='ocrx_word' id='word_1_423' title='bbox 1230 3672 1327 3757; x_wconf 90' lang='lat' dir='ltr'><strong>per</strong></span> <span class='ocrx_word' id='word_1_424' title='bbox 1360 3704 1480 3741; x_wconf 87' lang='lat' dir='ltr'><strong>eam</strong></span> <span class='ocrx_word' id='word_1_425' title='bbox 1525 3685 1593 3739; x_wconf 86' lang='lat' dir='ltr'><strong>ad</strong></span> <span class='ocrx_word' id='word_1_426' title='bbox 1608 3693 1879 3739; x_wconf 64' lang='lat' dir='ltr'><strong>aeternam</strong></span> 
     </span>
    </p>
   </div>
   <div class='ocr_carea' id='block_1_51' title="bbox 267 3774 1880 3851">
    <p class='ocr_par' dir='ltr' id='par_1_51' title="bbox 267 3774 1880 3851">
     <span class='ocr_line' id='line_1_51' title="bbox 267 3774 1880 3851; baseline -0.002 -19"><span class='ocrx_word' id='word_1_427' title='bbox 267 3778 530 3851; x_wconf 85' lang='lat' dir='ltr'><strong>_patriam</strong></span> <span class='ocrx_word' id='word_1_428' title='bbox 561 3777 849 3833; x_wconf 85' lang='lat' dir='ltr'><strong>convolare</strong></span> <span class='ocrx_word' id='word_1_429' title='bbox 870 3779 1114 3834; x_wconf 80' lang='lat' dir='ltr'><strong>valerent</strong></span> <span class='ocrx_word' id='word_1_430' title='bbox 1141 3779 1260 3834; x_wconf 68' lang='lat' dir='ltr'><strong>:hae</strong></span> <span class='ocrx_word' id='word_1_431' title='bbox 1281 3789 1408 3833; x_wconf 88' lang='lat' dir='ltr'><strong>sunt</strong></span> <span class='ocrx_word' id='word_1_432' title='bbox 1426 3777 1572 3832; x_wconf 89' lang='lat' dir='ltr'><strong>enim</strong></span> <span class='ocrx_word' id='word_1_433' title='bbox 1603 3776 1726 3830; x_wconf 65' lang='lat' dir='ltr'><strong>lilia:</strong></span> <span class='ocrx_word' id='word_1_434' title='bbox 1749 3774 1880 3846; x_wconf 78' lang='lat' dir='ltr'><strong>Tyri</strong></span> 
     </span>
    </p>
   </div>
   <div class='ocr_carea' id='block_1_52' title="bbox 287 3867 1882 3943">
    <p class='ocr_par' dir='ltr' id='par_1_52' title="bbox 287 3867 1882 3943">
     <span class='ocr_line' id='line_1_52' title="bbox 287 3867 1882 3943; baseline -0.001 -19"><span class='ocrx_word' id='word_1_435' title='bbox 287 3871 586 3926; x_wconf 87' lang='lat' dir='ltr'><strong>adorantes</strong></span> <span class='ocrx_word' id='word_1_436' title='bbox 606 3872 658 3925; x_wconf 90' lang='lat' dir='ltr'><strong>in</strong></span> <span class='ocrx_word' id='word_1_437' title='bbox 688 3871 1035 3943; x_wconf 85' lang='lat' dir='ltr'><strong>muneribus,</strong></span> <span class='ocrx_word' id='word_1_438' title='bbox 1082 3871 1138 3925; x_wconf 88' lang='lat' dir='ltr'><strong>hi</strong></span> <span class='ocrx_word' id='word_1_439' title='bbox 1189 3871 1383 3926; x_wconf 87' lang='lat' dir='ltr'><strong>divites</strong></span> <span class='ocrx_word' id='word_1_440' title='bbox 1411 3869 1583 3941; x_wconf 88' lang='lat' dir='ltr'><strong>plebis</strong></span> <span class='ocrx_word' id='word_1_441' title='bbox 1626 3869 1716 3939; x_wconf 91' lang='lat' dir='ltr'><strong>qui</strong></span> <span class='ocrx_word' id='word_1_442' title='bbox 1764 3867 1882 3938; x_wconf 86' lang='lat' dir='ltr'><strong>ejus</strong></span> 
     </span>
    </p>
   </div>
   <div class='ocr_carea' id='block_1_53' title="bbox 287 3959 1883 4031">
    <p class='ocr_par' dir='ltr' id='par_1_53' title="bbox 287 3959 1883 4031">
     <span class='ocr_line' id='line_1_53' title="bbox 287 3959 1883 4031; baseline 0 -17"><span class='ocrx_word' id='word_1_443' title='bbox 287 3961 503 4017; x_wconf 67' lang='lat' dir='ltr'><strong>vultum</strong></span> <span class='ocrx_word' id='word_1_444' title='bbox 542 3963 918 4031; x_wconf 83' lang='lat' dir='ltr'><strong>deprecantur.</strong></span> <span class='ocrx_word' id='word_1_445' title='bbox 962 3960 1081 4017; x_wconf 88' lang='lat' dir='ltr'><strong>Una</strong></span> <span class='ocrx_word' id='word_1_446' title='bbox 1132 3963 1275 4016; x_wconf 82' lang='lat' dir='ltr'><strong>enim</strong></span> <span class='ocrx_word' id='word_1_447' title='bbox 1324 3971 1409 4015; x_wconf 88' lang='lat' dir='ltr'><strong>est</strong></span> <span class='ocrx_word' id='word_1_448' title='bbox 1445 3961 1703 4027; x_wconf 21' lang='lat' dir='ltr'><strong>Ecclesia,</strong></span> <span class='ocrx_word' id='word_1_449' title='bbox 1729 3959 1883 4028; x_wconf 85' lang='lat' dir='ltr'><strong>cujus</strong></span> 
     </span>
    </p>
   </div>
   <div class='ocr_carea' id='block_1_54' title="bbox 280 4036 1884 4131">
    <p class='ocr_par' dir='ltr' id='par_1_54' title="bbox 280 4036 1884 4131">
     <span class='ocr_line' id='line_1_54' title="bbox 280 4036 1884 4131; baseline -0.002 -22"><span class='ocrx_word' id='word_1_450' title='bbox 280 4055 476 4109; x_wconf 47' lang='lat' dir='ltr'><strong>.vultus</strong></span> <span class='ocrx_word' id='word_1_451' title='bbox 530 4054 884 4124; x_wconf 83' lang='lat' dir='ltr'><strong>deprecatur,</strong></span> <span class='ocrx_word' id='word_1_452' title='bbox 939 4062 1049 4108; x_wconf 90' lang='lat' dir='ltr'><strong>eta</strong></span> <span class='ocrx_word' id='word_1_453' title='bbox 1078 4053 1275 4123; x_wconf 82' lang='lat' dir='ltr'><strong>quibus</strong></span> <span class='ocrx_word' id='word_1_454' title='bbox 1320 4036 1671 4131; x_wconf 80' lang='lat' dir='ltr'><strong>deprecatur,</strong></span> <span class='ocrx_word' id='word_1_455' title='bbox 1709 4060 1884 4106; x_wconf 84' lang='lat' dir='ltr'><strong>mater</strong></span> 
     </span>
    </p>
   </div>
   <div class='ocr_carea' id='block_1_55' title="bbox 290 4132 1883 4215">
    <p class='ocr_par' dir='ltr' id='par_1_55' title="bbox 290 4132 1883 4215">
     <span class='ocr_line' id='line_1_55' title="bbox 290 4132 1883 4215; baseline 0.002 -18"><span class='ocrx_word' id='word_1_456' title='bbox 290 4146 551 4203; x_wconf 68' lang='lat' dir='ltr'><strong>videlicet</strong></span> <span class='ocrx_word' id='word_1_457' title='bbox 577 4162 700 4201; x_wconf 91' lang='lat' dir='ltr'><strong>cum</strong></span> <span class='ocrx_word' id='word_1_458' title='bbox 725 4145 866 4209; x_wconf 86' lang='lat' dir='ltr'><strong>liliis,</strong></span> <span class='ocrx_word' id='word_1_459' title='bbox 902 4162 1008 4200; x_wconf 87' lang='lat' dir='ltr'><strong>una</strong></span> <span class='ocrx_word' id='word_1_460' title='bbox 1048 4132 1263 4215; x_wconf 83' lang='lat' dir='ltr'><strong>sponsa,</strong></span> <span class='ocrx_word' id='word_1_461' title='bbox 1291 4161 1396 4199; x_wconf 85' lang='lat' dir='ltr'><strong>una</strong></span> <span class='ocrx_word' id='word_1_462' title='bbox 1443 4145 1661 4215; x_wconf 82' lang='lat' dir='ltr'><strong>regina,</strong></span> <span class='ocrx_word' id='word_1_463' title='bbox 1693 4158 1883 4200; x_wconf 89' lang='lat' dir='ltr'><strong>omnes</strong></span> 
     </span>
    </p>
   </div>
   <div class='ocr_carea' id='block_1_56' title="bbox 288 4238 1883 4307">
    <p class='ocr_par' dir='ltr' id='par_1_56' title="bbox 288 4238 1883 4307">
     <span class='ocr_line' id='line_1_56' title="bbox 288 4238 1883 4307; baseline -0.001 -14"><span class='ocrx_word' id='word_1_464' title='bbox 288 4240 369 4293; x_wconf 83' lang='lat' dir='ltr'><strong>ad</strong></span> <span class='ocrx_word' id='word_1_465' title='bbox 385 4238 669 4294; x_wconf 82' lang='lat' dir='ltr'><strong>Christum</strong></span> <span class='ocrx_word' id='word_1_466' title='bbox 693 4255 855 4293; x_wconf 85' lang='lat' dir='ltr'><strong>unum</strong></span> <span class='ocrx_word' id='word_1_467' title='bbox 885 4238 1415 4307; x_wconf 83' lang='lat' dir='ltr'><strong>eaputpertinentes,</strong></span> <span class='ocrx_word' id='word_1_468' title='bbox 1439 4240 1531 4306; x_wconf 86' lang='lat' dir='ltr'><strong>qui</strong></span> <span class='ocrx_word' id='word_1_469' title='bbox 1543 4246 1628 4292; x_wconf 86' lang='lat' dir='ltr'><strong>cst</strong></span> <span class='ocrx_word' id='word_1_470' title='bbox 1647 4245 1883 4293; x_wconf 65' lang='lat' dir='ltr'><strong>aeternus</strong></span> 
     </span>
    </p>
   </div>
   <div class='ocr_carea' id='block_1_57' title="bbox 289 4329 1883 4400">
    <p class='ocr_par' dir='ltr' id='par_1_57' title="bbox 289 4329 1883 4400">
     <span class='ocr_line' id='line_1_57' title="bbox 289 4329 1883 4400; baseline -0.003 -12"><span class='ocrx_word' id='word_1_471' title='bbox 289 4340 351 4388; x_wconf 87' lang='lat' dir='ltr'><strong>et</strong></span> <span class='ocrx_word' id='word_1_472' title='bbox 365 4329 687 4385; x_wconf 85' lang='lat' dir='ltr'><strong>immortalis</strong></span> <span class='ocrx_word' id='word_1_473' title='bbox 706 4345 936 4400; x_wconf 73' lang='lat' dir='ltr'><strong>sponsus</strong></span> <span class='ocrx_word' id='word_1_474' title='bbox 954 4348 966 4383; x_wconf 91' lang='lat'><strong>:</strong></span> <span class='ocrx_word' id='word_1_475' title='bbox 992 4329 1147 4399; x_wconf 81' lang='lat' dir='ltr'><strong>cujus</strong></span> <span class='ocrx_word' id='word_1_476' title='bbox 1167 4329 1374 4383; x_wconf 87' lang='lat' dir='ltr'><strong>amicus</strong></span> <span class='ocrx_word' id='word_1_477' title='bbox 1397 4338 1516 4383; x_wconf 87' lang='lat' dir='ltr'><strong>erat</strong></span> <span class='ocrx_word' id='word_1_478' title='bbox 1533 4329 1623 4383; x_wconf 79' lang='lat' dir='ltr'><strong>ille</strong></span> <span class='ocrx_word' id='word_1_479' title='bbox 1643 4329 1734 4398; x_wconf 89' lang='lat' dir='ltr'><strong>qui</strong></span> <span class='ocrx_word' id='word_1_480' title='bbox 1758 4343 1883 4384; x_wconf 84' lang='lat' dir='ltr'><strong>eos-</strong></span> 
     </span>
    </p>
   </div>
   <div class='ocr_carea' id='block_1_58' title="bbox 1906 3092 1955 3157">
    <p class='ocr_par' dir='ltr' id='par_1_58' title="bbox 1906 3092 1955 3157">
     <span class='ocr_line' id='line_1_58' title="bbox 1906 3092 1955 3157; baseline 0 -4"><span class='ocrx_word' id='word_1_481' title='bbox 1906 3092 1955 3157; x_wconf 86' lang='lat' dir='ltr'><strong>C</strong></span> 
     </span>
    </p>
   </div>
   <div class='ocr_carea' id='block_1_59' title="bbox 1982 1825 3562 1902">
    <p class='ocr_par' dir='ltr' id='par_1_59' title="bbox 1982 1825 3562 1902">
     <span class='ocr_line' id='line_1_59' title="bbox 1982 1825 3562 1902; baseline 0.004 -24"><span class='ocrx_word' id='word_1_482' title='bbox 1982 1842 2160 1881; x_wconf 86' lang='lat' dir='ltr'><strong>coram</strong></span> <span class='ocrx_word' id='word_1_483' title='bbox 2193 1825 2614 1892; x_wconf 73' lang='lat' dir='ltr'><strong>hominibus,.ut</strong></span> <span class='ocrx_word' id='word_1_484' title='bbox 2662 1827 2943 1882; x_wconf 81' lang='lat' dir='ltr'><strong>videamini</strong></span> <span class='ocrx_word' id='word_1_485' title='bbox 2972 1828 3038 1882; x_wconf 90' lang='lat' dir='ltr'><strong>ab</strong></span> <span class='ocrx_word' id='word_1_486' title='bbox 3085 1830 3163 1883; x_wconf 79' lang='lat' dir='ltr'><strong>eis</strong></span> <span class='ocrx_word' id='word_1_487' title='bbox 3210 1829 3423 1899; x_wconf 65' lang='lat' dir='ltr'><strong>(Matth.</strong></span> <span class='ocrx_word' id='word_1_488' title='bbox 3462 1840 3562 1902; x_wconf 76' lang='lat' dir='ltr'><strong>vr).</strong></span> 
     </span>
    </p>
   </div>
   <div class='ocr_carea' id='block_1_60' title="bbox 1976 1919 3566 1993">
    <p class='ocr_par' dir='ltr' id='par_1_60' title="bbox 1976 1919 3566 1993">
     <span class='ocr_line' id='line_1_60' title="bbox 1976 1919 3566 1993; baseline 0.006 -24"><span class='ocrx_word' id='word_1_489' title='bbox 1976 1919 2117 1988; x_wconf 79' lang='lat' dir='ltr'><strong>Quia</strong></span> <span class='ocrx_word' id='word_1_490' title='bbox 2156 1936 2287 1976; x_wconf 87' lang='lat' dir='ltr'><strong>vero</strong></span> <span class='ocrx_word' id='word_1_491' title='bbox 2313 1919 2429 1988; x_wconf 80' lang='lat' dir='ltr'><strong>ejus</strong></span> <span class='ocrx_word' id='word_1_492' title='bbox 2454 1920 2661 1977; x_wconf 85' lang='lat' dir='ltr'><strong>vultum</strong></span> <span class='ocrx_word' id='word_1_493' title='bbox 2695 1936 2911 1990; x_wconf 80' lang='lat' dir='ltr'><strong>semper</strong></span> <span class='ocrx_word' id='word_1_494' title='bbox 2929 1921 3216 1977; x_wconf 82' lang='lat' dir='ltr'><strong>clariorem</strong></span> <span class='ocrx_word' id='word_1_495' title='bbox 3251 1932 3311 1978; x_wconf 84' lang='lat' dir='ltr'><strong>et</strong></span> <span class='ocrx_word' id='word_1_496' title='bbox 3348 1924 3403 1978; x_wconf 89' lang='lat' dir='ltr'><strong>in</strong></span> <span class='ocrx_word' id='word_1_497' title='bbox 3444 1939 3566 1993; x_wconf 78' lang='lat' dir='ltr'><strong>pro-</strong></span> 
     </span>
    </p>
   </div>
   <div class='ocr_carea' id='block_1_61' title="bbox 1979 2011 3566 2083">
    <p class='ocr_par' dir='ltr' id='par_1_61' title="bbox 1979 2011 3566 2083">
     <span class='ocr_line' id='line_1_61' title="bbox 1979 2011 3566 2083; baseline 0.003 -17"><span class='ocrx_word' id='word_1_498' title='bbox 1979 2011 2165 2081; x_wconf 86' lang='lat' dir='ltr'><strong>patulo</strong></span> <span class='ocrx_word' id='word_1_499' title='bbox 2196 2012 2621 2083; x_wconf 77' lang='lat' dir='ltr'><strong>splendidiorem</strong></span> <span class='ocrx_word' id='word_1_500' title='bbox 2651 2011 2768 2067; x_wconf 72' lang='lat' dir='ltr'><strong>tieri</strong></span> <span class='ocrx_word' id='word_1_501' title='bbox 2794 2012 3044 2079; x_wconf 82' lang='lat' dir='ltr'><strong>delectet,</strong></span> <span class='ocrx_word' id='word_1_502' title='bbox 3094 2013 3372 2069; x_wconf 83' lang='lat' dir='ltr'><strong>evidenter</strong></span> <span class='ocrx_word' id='word_1_503' title='bbox 3395 2024 3566 2071; x_wconf 82' lang='lat' dir='ltr'><strong>osten-</strong></span> 
     </span>
    </p>
   </div>
   <div class='ocr_carea' id='block_1_62' title="bbox 1979 2102 3567 2174">
    <p class='ocr_par' dir='ltr' id='par_1_62' title="bbox 1979 2102 3567 2174">
     <span class='ocr_line' id='line_1_62' title="bbox 1979 2102 3567 2174; baseline 0.002 -17"><span class='ocrx_word' id='word_1_504' title='bbox 1979 2102 2078 2167; x_wconf 85' lang='lat' dir='ltr'><strong>dit,</strong></span> <span class='ocrx_word' id='word_1_505' title='bbox 2092 2117 2229 2157; x_wconf 79' lang='lat' dir='ltr'><strong>cum</strong></span> <span class='ocrx_word' id='word_1_506' title='bbox 2249 2102 2399 2167; x_wconf 81' lang='lat' dir='ltr'><strong>dicit,</strong></span> <span class='ocrx_word' id='word_1_507' title='bbox 2417 2102 2649 2157; x_wconf 75' lang='lat' dir='ltr'><strong>Lusca-at</strong></span> <span class='ocrx_word' id='word_1_508' title='bbox 2670 2120 2830 2174; x_wconf 79' lang='lat' dir='ltr'><strong>Opera</strong></span> <span class='ocrx_word' id='word_1_509' title='bbox 2856 2111 3025 2158; x_wconf 74' lang='lat' dir='ltr'><strong>vestra</strong></span> <span class='ocrx_word' id='word_1_510' title='bbox 3051 2120 3229 2158; x_wconf 84' lang='lat' dir='ltr'><strong>coram</strong></span> <span class='ocrx_word' id='word_1_511' title='bbox 3249 2104 3567 2172; x_wconf 72' lang='lat' dir='ltr'><strong>bantinibas,</strong></span> 
     </span>
    </p>
   </div>
   <div class='ocr_carea' id='block_1_63' title="bbox 1979 2192 3568 2265">
    <p class='ocr_par' dir='ltr' id='par_1_63' title="bbox 1979 2192 3568 2265">
     <span class='ocr_line' id='line_1_63' title="bbox 1979 2192 3568 2265; baseline 0.001 -16"><span class='ocrx_word' id='word_1_512' title='bbox 1979 2203 2037 2249; x_wconf 83' lang='lat' dir='ltr'><strong>ut</strong></span> <span class='ocrx_word' id='word_1_513' title='bbox 2059 2193 2268 2248; x_wconf 78' lang='lat' dir='ltr'><strong>videant</strong></span> <span class='ocrx_word' id='word_1_514' title='bbox 2302 2194 2437 2249; x_wconf 80' lang='lat' dir='ltr'><strong>bona</strong></span> <span class='ocrx_word' id='word_1_515' title='bbox 2459 2204 2649 2259; x_wconf 70' lang='lat' dir='ltr'><strong>uestra,</strong></span> <span class='ocrx_word' id='word_1_516' title='bbox 2686 2205 2733 2249; x_wconf 84' lang='lat' dir='ltr'><strong>et</strong></span> <span class='ocrx_word' id='word_1_517' title='bbox 2762 2192 3059 2265; x_wconf 73' lang='lat' dir='ltr'><strong>gloriﬁcent</strong></span> <span class='ocrx_word' id='word_1_518' title='bbox 3095 2194 3308 2248; x_wconf 82' lang='lat' dir='ltr'><strong>Patrem</strong></span> <span class='ocrx_word' id='word_1_519' title='bbox 3343 2206 3568 2250; x_wconf 76' lang='lat' dir='ltr'><strong>vestrum</strong></span> 
     </span>
    </p>
   </div>
   <div class='ocr_carea' id='block_1_64' title="bbox 1970 2283 3566 2357">
    <p class='ocr_par' dir='ltr' id='par_1_64' title="bbox 1970 2283 3566 2357">
     <span class='ocr_line' id='line_1_64' title="bbox 1970 2283 3566 2357; baseline 0.004 -20"><span class='ocrx_word' id='word_1_520' title='bbox 1970 2284 2068 2355; x_wconf 78' lang='lat' dir='ltr'><strong>qui</strong></span> <span class='ocrx_word' id='word_1_521' title='bbox 2100 2285 2259 2338; x_wconf 82' lang='lat' dir='ltr'><strong>estin</strong></span> <span class='ocrx_word' id='word_1_522' title='bbox 2283 2283 2427 2338; x_wconf 70' lang='lat' dir='ltr'><strong>catis</strong></span> <span class='ocrx_word' id='word_1_523' title='bbox 2465 2283 2683 2355; x_wconf 80' lang='lat' dir='ltr'><strong>(Matth.</strong></span> <span class='ocrx_word' id='word_1_524' title='bbox 2711 2286 2788 2357; x_wconf 89' lang='lat' dir='ltr'><strong>v).</strong></span> <span class='ocrx_word' id='word_1_525' title='bbox 2844 2286 2899 2340; x_wconf 87' lang='lat' dir='ltr'><strong>In</strong></span> <span class='ocrx_word' id='word_1_526' title='bbox 2935 2287 3135 2355; x_wconf 83' lang='lat' dir='ltr'><strong>quibus</strong></span> <span class='ocrx_word' id='word_1_527' title='bbox 3169 2289 3425 2343; x_wconf 87' lang='lat' dir='ltr'><strong>onmibus</strong></span> <span class='ocrx_word' id='word_1_528' title='bbox 3460 2304 3566 2344; x_wconf 78' lang='lat' dir='ltr'><strong>non</strong></span> 
     </span>
    </p>
   </div>
   <div class='ocr_carea' id='block_1_65' title="bbox 1974 2375 3569 2453">
    <p class='ocr_par' dir='ltr' id='par_1_65' title="bbox 1974 2375 3569 2453">
     <span class='ocr_line' id='line_1_65' title="bbox 1974 2375 3569 2453; baseline 0.006 -24"><span class='ocrx_word' id='word_1_529' title='bbox 1974 2375 2276 2445; x_wconf 73' lang='lat' dir='ltr'><strong>imaginum</strong></span> <span class='ocrx_word' id='word_1_530' title='bbox 2300 2377 2563 2441; x_wconf 74' lang='lat' dir='ltr'><strong>adoratis,</strong></span> <span class='ocrx_word' id='word_1_531' title='bbox 2604 2393 2705 2432; x_wconf 88' lang='lat' dir='ltr'><strong>nec</strong></span> <span class='ocrx_word' id='word_1_532' title='bbox 2726 2378 3054 2448; x_wconf 85' lang='lat' dir='ltr'><strong>deprecatio,</strong></span> <span class='ocrx_word' id='word_1_533' title='bbox 3088 2395 3189 2435; x_wconf 86' lang='lat' dir='ltr'><strong>nec</strong></span> <span class='ocrx_word' id='word_1_534' title='bbox 3234 2386 3421 2437; x_wconf 80' lang='lat' dir='ltr'><strong>earum</strong></span> <span class='ocrx_word' id='word_1_535' title='bbox 3454 2383 3569 2453; x_wconf 80' lang='lat' dir='ltr'><strong>glo-</strong></span> 
     </span>
    </p>
   </div>
   <div class='ocr_carea' id='block_1_66' title="bbox 1982 2466 3569 2542">
    <p class='ocr_par' dir='ltr' id='par_1_66' title="bbox 1982 2466 3569 2542">
     <span class='ocr_line' id='line_1_66' title="bbox 1982 2466 3569 2542; baseline 0.004 -21"><span class='ocrx_word' id='word_1_536' title='bbox 1982 2482 2088 2533; x_wconf 78' lang='lat' dir='ltr'><strong>ria,</strong></span> <span class='ocrx_word' id='word_1_537' title='bbox 2124 2466 2217 2522; x_wconf 84' lang='lat' dir='ltr'><strong>sed</strong></span> <span class='ocrx_word' id='word_1_538' title='bbox 2246 2476 2340 2522; x_wconf 85' lang='lat' dir='ltr'><strong>aut</strong></span> <span class='ocrx_word' id='word_1_539' title='bbox 2378 2467 2561 2536; x_wconf 84' lang='lat' dir='ltr'><strong>sponsi</strong></span> <span class='ocrx_word' id='word_1_540' title='bbox 2598 2469 2690 2538; x_wconf 75' lang='lat' dir='ltr'><strong>qui</strong></span> <span class='ocrx_word' id='word_1_541' title='bbox 2722 2477 2884 2537; x_wconf 84' lang='lat' dir='ltr'><strong>caput</strong></span> <span class='ocrx_word' id='word_1_542' title='bbox 2910 2478 3021 2534; x_wconf 88' lang='lat' dir='ltr'><strong>est,</strong></span> <span class='ocrx_word' id='word_1_543' title='bbox 3053 2479 3151 2525; x_wconf 87' lang='lat' dir='ltr'><strong>aut</strong></span> <span class='ocrx_word' id='word_1_544' title='bbox 3188 2485 3408 2540; x_wconf 60' lang='lat' dir='ltr'><strong>sponsa</strong></span> <span class='ocrx_word' id='word_1_545' title='bbox 3448 2487 3569 2542; x_wconf 79' lang='lat' dir='ltr'><strong>qua:</strong></span> 
     </span>
    </p>
   </div>
   <div class='ocr_carea' id='block_1_67' title="bbox 1978 2560 3569 2632">
    <p class='ocr_par' dir='ltr' id='par_1_67' title="bbox 1978 2560 3569 2632">
     <span class='ocr_line' id='line_1_67' title="bbox 1978 2560 3569 2632; baseline 0.001 -16"><span class='ocrx_word' id='word_1_546' title='bbox 1978 2575 2180 2630; x_wconf 88' lang='lat' dir='ltr'><strong>corpus</strong></span> <span class='ocrx_word' id='word_1_547' title='bbox 2206 2570 2309 2623; x_wconf 86' lang='lat' dir='ltr'><strong>est,</strong></span> <span class='ocrx_word' id='word_1_548' title='bbox 2340 2560 2708 2615; x_wconf 80' lang='lat' dir='ltr'><strong>indubitanter</strong></span> <span class='ocrx_word' id='word_1_549' title='bbox 2726 2561 3050 2617; x_wconf 83' lang='lat' dir='ltr'><strong>ostenditur.</strong></span> <span class='ocrx_word' id='word_1_550' title='bbox 3079 2561 3123 2615; x_wconf 87' lang='lat' dir='ltr'><strong>A</strong></span> <span class='ocrx_word' id='word_1_551' title='bbox 3169 2563 3366 2632; x_wconf 83' lang='lat' dir='ltr'><strong>quibus</strong></span> <span class='ocrx_word' id='word_1_552' title='bbox 3391 2565 3569 2618; x_wconf 85' lang='lat' dir='ltr'><strong>sensi-</strong></span> 
     </span>
    </p>
   </div>
   <div class='ocr_carea' id='block_1_68' title="bbox 1981 2652 3570 2726">
    <p class='ocr_par' dir='ltr' id='par_1_68' title="bbox 1981 2652 3570 2726">
     <span class='ocr_line' id='line_1_68' title="bbox 1981 2652 3570 2726; baseline 0.003 -19"><span class='ocrx_word' id='word_1_553' title='bbox 1981 2652 2087 2707; x_wconf 91' lang='lat' dir='ltr'><strong>bus</strong></span> <span class='ocrx_word' id='word_1_554' title='bbox 2130 2660 2187 2707; x_wconf 91' lang='lat' dir='ltr'><strong>et</strong></span> <span class='ocrx_word' id='word_1_555' title='bbox 2218 2668 2249 2706; x_wconf 89' lang='lat' dir='ltr'><strong>a</strong></span> <span class='ocrx_word' id='word_1_556' title='bbox 2294 2667 2525 2722; x_wconf 86' lang='lat' dir='ltr'><strong>quorum</strong></span> <span class='ocrx_word' id='word_1_557' title='bbox 2575 2661 3015 2708; x_wconf 85' lang='lat' dir='ltr'><strong>ornamentorum</strong></span> <span class='ocrx_word' id='word_1_558' title='bbox 3070 2655 3570 2726; x_wconf 74' lang='lat' dir='ltr'><strong>insignibusquam</strong></span> 
     </span>
    </p>
   </div>
   <div class='ocr_carea' id='block_1_69' title="bbox 1981 2740 3572 2815">
    <p class='ocr_par' dir='ltr' id='par_1_69' title="bbox 1981 2740 3572 2815">
     <span class='ocr_line' id='line_1_69' title="bbox 1981 2740 3572 2815; baseline 0.002 -19"><span class='ocrx_word' id='word_1_559' title='bbox 1981 2751 2234 2812; x_wconf 74' lang='lat' dir='ltr'><strong>expertes</strong></span> <span class='ocrx_word' id='word_1_560' title='bbox 2249 2743 2363 2797; x_wconf 84' lang='lat' dir='ltr'><strong>sint</strong></span> <span class='ocrx_word' id='word_1_561' title='bbox 2379 2742 2495 2812; x_wconf 89' lang='lat' dir='ltr'><strong>qui,</strong></span> <span class='ocrx_word' id='word_1_562' title='bbox 2541 2740 2755 2798; x_wconf 80' lang='lat' dir='ltr'><strong>Vultum</strong></span> <span class='ocrx_word' id='word_1_563' title='bbox 2781 2752 2930 2797; x_wconf 75' lang='lat' dir='ltr'><strong>tuam</strong></span> <span class='ocrx_word' id='word_1_564' title='bbox 2953 2743 3374 2815; x_wconf 81' lang='lat' dir='ltr'><strong>deprecabuntur</strong></span> <span class='ocrx_word' id='word_1_565' title='bbox 3394 2761 3572 2800; x_wconf 83' lang='lat' dir='ltr'><strong>omnes</strong></span> 
     </span>
    </p>
   </div>
   <div class='ocr_carea' id='block_1_70' title="bbox 1983 2832 3571 2908">
    <p class='ocr_par' dir='ltr' id='par_1_70' title="bbox 1983 2832 3571 2908">
     <span class='ocr_line' id='line_1_70' title="bbox 1983 2832 3571 2908; baseline 0.002 -21"><span class='ocrx_word' id='word_1_566' title='bbox 1983 2833 2165 2889; x_wconf 67' lang='lat' dir='ltr'><strong>tiivites</strong></span> <span class='ocrx_word' id='word_1_567' title='bbox 2180 2832 2344 2905; x_wconf 87' lang='lat' dir='ltr'><strong>plebis</strong></span> <span class='ocrx_word' id='word_1_568' title='bbox 2368 2833 2540 2906; x_wconf 85' lang='lat' dir='ltr'><strong>(Psal.</strong></span> <span class='ocrx_word' id='word_1_569' title='bbox 2559 2833 2706 2907; x_wconf 61' lang='lat' dir='ltr'><strong>xcv),</strong></span> <span class='ocrx_word' id='word_1_570' title='bbox 2731 2836 2798 2890; x_wconf 91' lang='lat' dir='ltr'><strong>ad</strong></span> <span class='ocrx_word' id='word_1_571' title='bbox 2823 2835 3253 2890; x_wconf 84' lang='lat' dir='ltr'><strong>manufactarum</strong></span> <span class='ocrx_word' id='word_1_572' title='bbox 3276 2835 3571 2908; x_wconf 69' lang='lat' dir='ltr'><strong>inaagintnn</strong></span> 
     </span>
    </p>
   </div>
   <div class='ocr_carea' id='block_1_71' title="bbox 1984 2922 3572 2996">
    <p class='ocr_par' dir='ltr' id='par_1_71' title="bbox 1984 2922 3572 2996">
     <span class='ocr_line' id='line_1_71' title="bbox 1984 2922 3572 2996; baseline 0.002 -19"><span class='ocrx_word' id='word_1_573' title='bbox 1984 2923 2164 2978; x_wconf 84' lang='lat' dir='ltr'><strong>vultus</strong></span> <span class='ocrx_word' id='word_1_574' title='bbox 2190 2924 2433 2979; x_wconf 79' lang='lat' dir='ltr'><strong>referunt</strong></span> <span class='ocrx_word' id='word_1_575' title='bbox 2458 2940 2562 2978; x_wconf 90' lang='lat' dir='ltr'><strong>non</strong></span> <span class='ocrx_word' id='word_1_576' title='bbox 2595 2924 2749 2979; x_wconf 85' lang='lat' dir='ltr'><strong>nobis</strong></span> <span class='ocrx_word' id='word_1_577' title='bbox 2778 2931 2861 2979; x_wconf 91' lang='lat' dir='ltr'><strong>est</strong></span> <span class='ocrx_word' id='word_1_578' title='bbox 2876 2922 3256 2992; x_wconf 83' lang='lat' dir='ltr'><strong>judicandum,</strong></span> <span class='ocrx_word' id='word_1_579' title='bbox 3288 2926 3382 2996; x_wconf 86' lang='lat' dir='ltr'><strong>sed</strong></span> <span class='ocrx_word' id='word_1_580' title='bbox 3407 2925 3572 2980; x_wconf 87' lang='lat' dir='ltr'><strong>lecto-</strong></span> 
     </span>
    </p>
   </div>
   <div class='ocr_carea' id='block_1_72' title="bbox 1987 3022 2752 3119">
    <p class='ocr_par' dir='ltr' id='par_1_72' title="bbox 1987 3022 2752 3115">
     <span class='ocr_line' id='line_1_72' title="bbox 1987 3022 2752 3115; baseline -0.004 -38"><span class='ocrx_word' id='word_1_581' title='bbox 1987 3022 2065 3078; x_wconf 77' lang='lat' dir='ltr'><strong>ris</strong></span> <span class='ocrx_word' id='word_1_582' title='bbox 2087 3022 2314 3077; x_wconf 84' lang='lat' dir='ltr'><strong>arbitrio</strong></span> <span class='ocrx_word' id='word_1_583' title='bbox 2343 3022 2752 3115; x_wconf 50' lang='lat' dir='ltr'><strong>resenfandu‘gi.</strong></span> 
     </span>
    </p>
   </div>
   <div class='ocr_carea' id='block_1_73' title="bbox 2567 3129 2997 3189">
    <p class='ocr_par' dir='ltr' id='par_1_73' title="bbox 2567 3129 2997 3189">
     <span class='ocr_line' id='line_1_73' title="bbox 2567 3129 2997 3189; baseline -0.005 -2"><span class='ocrx_word' id='word_1_584' title='bbox 2567 3130 2795 3189; x_wconf 78' lang='lat' dir='ltr'><strong>CAPUT</strong></span> <span class='ocrx_word' id='word_1_585' title='bbox 2831 3129 2997 3186; x_wconf 71' lang='lat' dir='ltr'><strong>XXV.</strong></span> 
     </span>
    </p>
   </div>
   <div class='ocr_carea' id='block_1_74' title="bbox 1985 3221 3577 3295">
    <p class='ocr_par' dir='ltr' id='par_1_74' title="bbox 1985 3221 3577 3295">
     <span class='ocr_line' id='line_1_74' title="bbox 1985 3221 3577 3295; baseline 0.001 -19"><span class='ocrx_word' id='word_1_586' title='bbox 1985 3222 2312 3295; x_wconf 84' lang='lat' dir='ltr'><strong>Inopertuna</strong></span> <span class='ocrx_word' id='word_1_587' title='bbox 2326 3233 2372 3276; x_wconf 85' lang='lat' dir='ltr'><strong>et</strong></span> <span class='ocrx_word' id='word_1_588' title='bbox 2384 3221 2891 3295; x_wconf 79' lang='lat' dir='ltr'><strong>deliramentoplemt</strong></span> <span class='ocrx_word' id='word_1_589' title='bbox 2908 3223 3069 3295; x_wconf 80' lang='lat' dir='ltr'><strong>dictio</strong></span> <span class='ocrx_word' id='word_1_590' title='bbox 3084 3221 3270 3295; x_wconf 84' lang='lat' dir='ltr'><strong>Leonis</strong></span> <span class='ocrx_word' id='word_1_591' title='bbox 3287 3221 3464 3277; x_wconf 62' lang='lat' dir='ltr'><strong>Facite</strong></span> <span class='ocrx_word' id='word_1_592' title='bbox 3476 3225 3577 3295; x_wconf 79' lang='lat' dir='ltr'><strong>epi-</strong></span> 
     </span>
    </p>
   </div>
   <div class='ocr_carea' id='block_1_75' title="bbox 2054 3292 3577 3364">
    <p class='ocr_par' dir='ltr' id='par_1_75' title="bbox 2054 3292 3577 3364">
     <span class='ocr_line' id='line_1_75' title="bbox 2054 3292 3577 3364; baseline 0.001 -17"><span class='ocrx_word' id='word_1_593' title='bbox 2054 3292 2218 3364; x_wconf 81' lang='lat' dir='ltr'><strong>scopi,</strong></span> <span class='ocrx_word' id='word_1_594' title='bbox 2240 3296 2328 3363; x_wconf 66' lang='grc' dir='ltr'><strong>(μή</strong></span> <span class='ocrx_word' id='word_1_595' title='bbox 2348 3295 2403 3347; x_wconf 81' lang='lat' dir='ltr'><strong>in</strong></span> <span class='ocrx_word' id='word_1_596' title='bbox 2421 3309 2480 3346; x_wconf 89' lang='lat' dir='ltr'><strong>eo</strong></span> <span class='ocrx_word' id='word_1_597' title='bbox 2504 3292 2645 3363; x_wconf 83' lang='lat' dir='ltr'><strong>quod</strong></span> <span class='ocrx_word' id='word_1_598' title='bbox 2672 3292 2743 3364; x_wconf 85' lang='lat' dir='ltr'><strong>ad</strong></span> <span class='ocrx_word' id='word_1_599' title='bbox 2767 3293 3056 3364; x_wconf 59' lang='lat' dir='ltr'><strong>imaginum</strong></span> <span class='ocrx_word' id='word_1_600' title='bbox 3075 3294 3437 3347; x_wconf 80' lang='lat' dir='ltr'><strong>adoratiouem</strong></span> <span class='ocrx_word' id='word_1_601' title='bbox 3458 3292 3577 3351; x_wconf 82' lang='lat' dir='ltr'><strong>con-</strong></span> 
     </span>
    </p>
   </div>
   <div class='ocr_carea' id='block_1_76' title="bbox 2055 3362 3576 3429">
    <p class='ocr_par' dir='ltr' id='par_1_76' title="bbox 2055 3362 3576 3429">
     <span class='ocr_line' id='line_1_76' title="bbox 2055 3362 3576 3429; baseline -0.001 -11"><span class='ocrx_word' id='word_1_602' title='bbox 2055 3362 2230 3418; x_wconf 77' lang='lat' dir='ltr'><strong>rei&#39;sus</strong></span> <span class='ocrx_word' id='word_1_603' title='bbox 2252 3362 2347 3429; x_wconf 87' lang='lat' dir='ltr'><strong>est,</strong></span> <span class='ocrx_word' id='word_1_604' title='bbox 2370 3364 2469 3419; x_wconf 85' lang='lat' dir='ltr'><strong>sibi</strong></span> <span class='ocrx_word' id='word_1_605' title='bbox 2485 3362 2794 3418; x_wconf 81' lang='lat' dir='ltr'><strong>versiculum</strong></span> <span class='ocrx_word' id='word_1_606' title='bbox 2811 3362 3109 3417; x_wconf 77' lang='lat' dir='ltr'><strong>Psalmista:</strong></span> <span class='ocrx_word' id='word_1_607' title='bbox 3121 3363 3576 3417; x_wconf 81' lang='lat' dir='ltr'><strong>accommodatdi-</strong></span> 
     </span>
    </p>
   </div>
   <div class='ocr_carea' id='block_1_77' title="bbox 2055 3432 3572 3502">
    <p class='ocr_par' dir='ltr' id='par_1_77' title="bbox 2055 3432 3572 3502">
     <span class='ocr_line' id='line_1_77' title="bbox 2055 3432 3572 3502; baseline 0.001 -14"><span class='ocrx_word' id='word_1_608' title='bbox 2055 3435 2218 3488; x_wconf 75' lang='lat' dir='ltr'><strong>oculis</strong></span> <span class='ocrx_word' id='word_1_609' title='bbox 2236 3433 2580 3490; x_wconf 76' lang='lat' dir='ltr'><strong>:Convcrtisti</strong></span> <span class='ocrx_word' id='word_1_610' title='bbox 2594 3435 2870 3502; x_wconf 82' lang='lat' dir='ltr'><strong>planctum</strong></span> <span class='ocrx_word' id='word_1_611' title='bbox 2888 3449 3064 3488; x_wconf 84' lang='lat' dir='ltr'><strong>meum</strong></span> <span class='ocrx_word' id='word_1_612' title='bbox 3082 3432 3135 3487; x_wconf 91' lang='lat' dir='ltr'><strong>in</strong></span> <span class='ocrx_word' id='word_1_613' title='bbox 3151 3435 3401 3502; x_wconf 75' lang='lat' dir='ltr'><strong>gaunlium</strong></span> <span class='ocrx_word' id='word_1_614' title='bbox 3418 3434 3572 3499; x_wconf 87' lang='lat' dir='ltr'><strong>mihi,</strong></span> 
     </span>
    </p>
   </div>
   <div class='ocr_carea' id='block_1_78' title="bbox 2054 3473 3571 3566">
    <p class='ocr_par' dir='ltr' id='par_1_78' title="bbox 2054 3473 3571 3566">
     <span class='ocr_line' id='line_1_78' title="bbox 2054 3473 3571 3566; baseline -0.001 -7"><span class='ocrx_word' id='word_1_615' title='bbox 2054 3473 2367 3559; x_wconf 61' lang='lat' dir='ltr'><strong>wliscitiisti</strong></span> <span class='ocrx_word' id='word_1_616' title='bbox 2394 3473 2836 3566; x_wconf 49' lang='lat' dir='ltr'><strong>saccuni&#39;meum,</strong></span> <span class='ocrx_word' id='word_1_617' title='bbox 2861 3512 2915 3557; x_wconf 88' lang='lat' dir='ltr'><strong>et</strong></span> <span class='ocrx_word' id='word_1_618' title='bbox 2940 3473 3341 3558; x_wconf 57' lang='lat' dir='ltr'><strong>circumdedisti</strong></span> <span class='ocrx_word' id='word_1_619' title='bbox 3365 3476 3571 3561; x_wconf 60' lang='lat' dir='ltr'><strong>lmtitiu:</strong></span> 
     </span>
    </p>
   </div>
   <div class='ocr_carea' id='block_1_79' title="bbox 2057 3594 3570 3675">
    <p class='ocr_par' dir='ltr' id='par_1_79' title="bbox 2057 3594 3570 3675">
     <span class='ocr_line' id='line_1_79' title="bbox 2057 3594 3570 3675; baseline -0.001 -22"><span class='ocrx_word' id='word_1_620' title='bbox 2057 3596 2190 3653; x_wconf 88' lang='lat' dir='ltr'><strong>Cum</strong></span> <span class='ocrx_word' id='word_1_621' title='bbox 2216 3612 2354 3667; x_wconf 85' lang='lat' dir='ltr'><strong>pene</strong></span> <span class='ocrx_word' id='word_1_622' title='bbox 2385 3597 2591 3651; x_wconf 87' lang='lat' dir='ltr'><strong>nullmn</strong></span> <span class='ocrx_word' id='word_1_623' title='bbox 2623 3596 2927 3651; x_wconf 87' lang='lat' dir='ltr'><strong>divinormu</strong></span> <span class='ocrx_word' id='word_1_624' title='bbox 2955 3595 3167 3665; x_wconf 85' lang='lat' dir='ltr'><strong>apicum</strong></span> <span class='ocrx_word' id='word_1_625' title='bbox 3205 3594 3570 3675; x_wconf 79' lang='lat' dir='ltr'><strong>testimonium</strong></span> 
     </span>
    </p>
   </div>
   <div class='ocr_carea' id='block_1_80' title="bbox 1986 3689 3575 3760">
    <p class='ocr_par' dir='ltr' id='par_1_80' title="bbox 1986 3689 3575 3760">
     <span class='ocr_line' id='line_1_80' title="bbox 1986 3689 3575 3760; baseline -0.001 -13"><span class='ocrx_word' id='word_1_626' title='bbox 1986 3697 2354 3760; x_wconf 85' lang='lat' dir='ltr'><strong>competenter</strong></span> <span class='ocrx_word' id='word_1_627' title='bbox 2394 3689 2446 3743; x_wconf 90' lang='lat' dir='ltr'><strong>in</strong></span> <span class='ocrx_word' id='word_1_628' title='bbox 2495 3690 2793 3759; x_wconf 61' lang='lat' dir='ltr'><strong>saepissime</strong></span> <span class='ocrx_word' id='word_1_629' title='bbox 2834 3698 3130 3746; x_wconf 83' lang='lat' dir='ltr'><strong>memorata</strong></span> <span class='ocrx_word' id='word_1_630' title='bbox 3167 3690 3371 3760; x_wconf 78' lang='lat' dir='ltr'><strong>synodo</strong></span> <span class='ocrx_word' id='word_1_631' title='bbox 3413 3689 3575 3745; x_wconf 82' lang='lat' dir='ltr'><strong>fuerit</strong></span> 
     </span>
    </p>
   </div>
   <div class='ocr_carea' id='block_1_81' title="bbox 1984 3777 3575 3852">
    <p class='ocr_par' dir='ltr' id='par_1_81' title="bbox 1984 3777 3575 3852">
     <span class='ocr_line' id='line_1_81' title="bbox 1984 3777 3575 3852; baseline -0.001 -17"><span class='ocrx_word' id='word_1_632' title='bbox 1984 3780 2239 3852; x_wconf 87' lang='lat' dir='ltr'><strong>positum,</strong></span> <span class='ocrx_word' id='word_1_633' title='bbox 2263 3796 2362 3835; x_wconf 86' lang='lat' dir='ltr'><strong>nec</strong></span> <span class='ocrx_word' id='word_1_634' title='bbox 2384 3779 2485 3835; x_wconf 88' lang='lat' dir='ltr'><strong>hoc</strong></span> <span class='ocrx_word' id='word_1_635' title='bbox 2508 3793 2718 3848; x_wconf 89' lang='lat' dir='ltr'><strong>quoque</strong></span> <span class='ocrx_word' id='word_1_636' title='bbox 2739 3788 3110 3850; x_wconf 86' lang='lat' dir='ltr'><strong>competenter</strong></span> <span class='ocrx_word' id='word_1_637' title='bbox 3139 3795 3168 3833; x_wconf 90' lang='lat' dir='ltr'><strong>a</strong></span> <span class='ocrx_word' id='word_1_638' title='bbox 3193 3779 3370 3833; x_wconf 89' lang='lat' dir='ltr'><strong>Leone</strong></span> <span class='ocrx_word' id='word_1_639' title='bbox 3399 3777 3575 3834; x_wconf 70' lang='lat' dir='ltr'><strong>Focize</strong></span> 
     </span>
    </p>
   </div>
   <div class='ocr_carea' id='block_1_82' title="bbox 1986 3852 3578 3941">
    <p class='ocr_par' dir='ltr' id='par_1_82' title="bbox 1986 3852 3578 3941">
     <span class='ocr_line' id='line_1_82' title="bbox 1986 3852 3578 3941; baseline -0.003 -14"><span class='ocrx_word' id='word_1_640' title='bbox 1986 3852 2240 3941; x_wconf 84' lang='lat' dir='ltr'><strong>episcopo</strong></span> <span class='ocrx_word' id='word_1_641' title='bbox 2259 3878 2473 3927; x_wconf 90' lang='lat' dir='ltr'><strong>constat</strong></span> <span class='ocrx_word' id='word_1_642' title='bbox 2497 3886 2616 3926; x_wconf 88' lang='lat' dir='ltr'><strong>esse</strong></span> <span class='ocrx_word' id='word_1_643' title='bbox 2641 3869 2931 3940; x_wconf 83' lang='lat' dir='ltr'><strong>prolatum,</strong></span> <span class='ocrx_word' id='word_1_644' title='bbox 2959 3871 3048 3940; x_wconf 90' lang='lat' dir='ltr'><strong>qui</strong></span> <span class='ocrx_word' id='word_1_645' title='bbox 3076 3868 3324 3924; x_wconf 81' lang='lat' dir='ltr'><strong>videlicet</strong></span> <span class='ocrx_word' id='word_1_646' title='bbox 3352 3869 3395 3924; x_wconf 90' lang='lat' dir='ltr'><strong>si</strong></span> <span class='ocrx_word' id='word_1_647' title='bbox 3424 3868 3578 3938; x_wconf 87' lang='lat' dir='ltr'><strong>quid-</strong></span> 
     </span>
    </p>
   </div>
   <div class='ocr_carea' id='block_1_83' title="bbox 1988 3946 3573 4032">
    <p class='ocr_par' dir='ltr' id='par_1_83' title="bbox 1988 3946 3573 4032">
     <span class='ocr_line' id='line_1_83' title="bbox 1988 3946 3573 4032; baseline -0.003 -13"><span class='ocrx_word' id='word_1_648' title='bbox 1988 3964 2111 4019; x_wconf 87' lang='lat' dir='ltr'><strong>dam</strong></span> <span class='ocrx_word' id='word_1_649' title='bbox 2144 3964 2254 4019; x_wconf 88' lang='lat' dir='ltr'><strong>sale</strong></span> <span class='ocrx_word' id='word_1_650' title='bbox 2278 3964 2554 4020; x_wconf 84' lang='lat' dir='ltr'><strong>conditum</strong></span> <span class='ocrx_word' id='word_1_651' title='bbox 2593 3971 2685 4017; x_wconf 88' lang='lat' dir='ltr'><strong>aut</strong></span> <span class='ocrx_word' id='word_1_652' title='bbox 2724 3963 2791 4018; x_wconf 90' lang='lat' dir='ltr'><strong>ad</strong></span> <span class='ocrx_word' id='word_1_653' title='bbox 2832 3978 2945 4017; x_wconf 87' lang='lat' dir='ltr'><strong>rem</strong></span> <span class='ocrx_word' id='word_1_654' title='bbox 2977 3951 3256 4032; x_wconf 81' lang='lat' dir='ltr'><strong>pertinens</strong></span> <span class='ocrx_word' id='word_1_655' title='bbox 3287 3946 3573 4032; x_wconf 67' lang='lat' dir='ltr'><strong>proferret,</strong></span> 
     </span>
    </p>
   </div>
   <div class='ocr_carea' id='block_1_84' title="bbox 1985 4054 3578 4127">
    <p class='ocr_par' dir='ltr' id='par_1_84' title="bbox 1985 4054 3578 4127">
     <span class='ocr_line' id='line_1_84' title="bbox 1985 4054 3578 4127; baseline -0.003 -16"><span class='ocrx_word' id='word_1_656' title='bbox 1985 4055 2198 4111; x_wconf 59' lang='lat' dir='ltr'><strong>caeteris</strong></span> <span class='ocrx_word' id='word_1_657' title='bbox 2243 4064 2530 4127; x_wconf 87' lang='lat' dir='ltr'><strong>appareret</strong></span> <span class='ocrx_word' id='word_1_658' title='bbox 2563 4054 2866 4117; x_wconf 80' lang='lat' dir='ltr'><strong>dissimilis,</strong></span> <span class='ocrx_word' id='word_1_659' title='bbox 2897 4064 3325 4123; x_wconf 85' lang='lat' dir='ltr'><strong>cunctorumque</strong></span> <span class='ocrx_word' id='word_1_660' title='bbox 3360 4062 3578 4109; x_wconf 78' lang='lat' dir='ltr'><strong>sentcn-</strong></span> 
     </span>
    </p>
   </div>
   <div class='ocr_carea' id='block_1_85' title="bbox 1989 4136 3578 4219">
    <p class='ocr_par' dir='ltr' id='par_1_85' title="bbox 1989 4136 3578 4219">
     <span class='ocr_line' id='line_1_85' title="bbox 1989 4136 3578 4219; baseline -0.001 -19"><span class='ocrx_word' id='word_1_661' title='bbox 1989 4147 2081 4201; x_wconf 88' lang='lat' dir='ltr'><strong>tiis</strong></span> <span class='ocrx_word' id='word_1_662' title='bbox 2106 4146 2407 4219; x_wconf 82' lang='lat' dir='ltr'><strong>reiragator</strong></span> <span class='ocrx_word' id='word_1_663' title='bbox 2432 4147 2722 4219; x_wconf 81' lang='lat' dir='ltr'><strong>exis‘crct;</strong></span> <span class='ocrx_word' id='word_1_664' title='bbox 2748 4145 2841 4200; x_wconf 87' lang='lat' dir='ltr'><strong>sed</strong></span> <span class='ocrx_word' id='word_1_665' title='bbox 2865 4146 2992 4200; x_wconf 88' lang='lat' dir='ltr'><strong>dum</strong></span> <span class='ocrx_word' id='word_1_666' title='bbox 3022 4161 3079 4199; x_wconf 88' lang='lat' dir='ltr'><strong>se</strong></span> <span class='ocrx_word' id='word_1_667' title='bbox 3107 4136 3339 4199; x_wconf 82' lang='lat' dir='ltr'><strong>inaniter</strong></span> <span class='ocrx_word' id='word_1_668' title='bbox 3368 4144 3578 4200; x_wconf 80' lang='lat' dir='ltr'><strong>ﬂevisse</strong></span> 
     </span>
    </p>
   </div>
   <div class='ocr_carea' id='block_1_86' title="bbox 1989 4235 3578 4313">
    <p class='ocr_par' dir='ltr' id='par_1_86' title="bbox 1989 4235 3578 4313">
     <span class='ocr_line' id='line_1_86' title="bbox 1989 4235 3578 4313; baseline -0.005 -16"><span class='ocrx_word' id='word_1_669' title='bbox 1989 4243 2169 4301; x_wconf 81' lang='lat' dir='ltr'><strong>fassus</strong></span> <span class='ocrx_word' id='word_1_670' title='bbox 2211 4247 2295 4295; x_wconf 90' lang='lat' dir='ltr'><strong>est</strong></span> <span class='ocrx_word' id='word_1_671' title='bbox 2321 4254 2387 4295; x_wconf 91' lang='lat' dir='ltr'><strong>eo</strong></span> <span class='ocrx_word' id='word_1_672' title='bbox 2418 4238 2562 4309; x_wconf 85' lang='lat' dir='ltr'><strong>quod</strong></span> <span class='ocrx_word' id='word_1_673' title='bbox 2592 4237 2860 4311; x_wconf 82' lang='lat' dir='ltr'><strong>imagines</strong></span> <span class='ocrx_word' id='word_1_674' title='bbox 2906 4254 3012 4291; x_wconf 89' lang='lat' dir='ltr'><strong>non</strong></span> <span class='ocrx_word' id='word_1_675' title='bbox 3039 4237 3366 4313; x_wconf 82' lang='lat' dir='ltr'><strong>adoraverit,</strong></span> <span class='ocrx_word' id='word_1_676' title='bbox 3398 4244 3452 4289; x_wconf 91' lang='lat' dir='ltr'><strong>ct</strong></span> <span class='ocrx_word' id='word_1_677' title='bbox 3491 4235 3578 4290; x_wconf 80' lang='lat' dir='ltr'><strong>bc-</strong></span> 
     </span>
    </p>
   </div>
   <div class='ocr_carea' id='block_1_87' title="bbox 1988 4324 3583 4404">
    <p class='ocr_par' dir='ltr' id='par_1_87' title="bbox 1988 4324 3583 4404">
     <span class='ocr_line' id='line_1_87' title="bbox 1988 4324 3583 4404; baseline -0.009 -13"><span class='ocrx_word' id='word_1_678' title='bbox 1988 4335 2092 4392; x_wconf 89' lang='lat' dir='ltr'><strong>tari</strong></span> <span class='ocrx_word' id='word_1_679' title='bbox 2133 4348 2199 4399; x_wconf 86' lang='lat' dir='ltr'><strong>eo</strong></span> <span class='ocrx_word' id='word_1_680' title='bbox 2229 4332 2371 4404; x_wconf 90' lang='lat' dir='ltr'><strong>quod</strong></span> <span class='ocrx_word' id='word_1_681' title='bbox 2401 4331 2613 4386; x_wconf 88' lang='lat' dir='ltr'><strong>inanius</strong></span> <span class='ocrx_word' id='word_1_682' title='bbox 2649 4345 2708 4384; x_wconf 90' lang='lat' dir='ltr'><strong>se</strong></span> <span class='ocrx_word' id='word_1_683' title='bbox 2748 4330 2815 4383; x_wconf 85' lang='lat' dir='ltr'><strong>ad</strong></span> <span class='ocrx_word' id='word_1_684' title='bbox 2862 4343 3048 4383; x_wconf 88' lang='lat' dir='ltr'><strong>carum</strong></span> <span class='ocrx_word' id='word_1_685' title='bbox 3094 4327 3459 4381; x_wconf 86' lang='lat' dir='ltr'><strong>adorationem</strong></span> <span class='ocrx_word' id='word_1_686' title='bbox 3502 4324 3583 4378; x_wconf 89' lang='lat' dir='ltr'><strong>di-</strong></span> 
     </span>
    </p>
   </div>
   <div class='ocr_carea' id='block_1_88' title="bbox 294 4420 3581 4519">
    <p class='ocr_par' dir='ltr' id='par_1_88' title="bbox 294 4420 3581 4519">
     <span class='ocr_line' id='line_1_88' title="bbox 294 4420 3581 4519; baseline -0.004 -34"><span class='ocrx_word' id='word_1_687' title='bbox 294 4424 426 4478; x_wconf 81' lang='lat' dir='ltr'><strong>dcm</strong></span> <span class='ocrx_word' id='word_1_688' title='bbox 457 4422 652 4477; x_wconf 74' lang='lat' dir='ltr'><strong>diVileS</strong></span> <span class='ocrx_word' id='word_1_689' title='bbox 685 4423 857 4493; x_wconf 78' lang='lat' dir='ltr'><strong>plebis</strong></span> <span class='ocrx_word' id='word_1_690' title='bbox 888 4424 967 4478; x_wconf 81' lang='lat' dir='ltr'><strong>sic</strong></span> <span class='ocrx_word' id='word_1_691' title='bbox 992 4421 1396 4491; x_wconf 65' lang='lat' dir='ltr'><strong>alloquebatur:</strong></span> <span class='ocrx_word' id='word_1_692' title='bbox 1429 4420 1667 4493; x_wconf 71' lang='lat' dir='ltr'><strong>Prwcipe</strong></span> <span class='ocrx_word' id='word_1_693' title='bbox 1703 4422 1881 4476; x_wconf 70' lang='lat' dir='ltr'><strong>dtvili-</strong></span> <span class='ocrx_word' id='word_1_694' title='bbox 1914 4461 1962 4519; x_wconf 62' lang='grc' dir='ltr'><strong>Β</strong></span> <span class='ocrx_word' id='word_1_695' title='bbox 1986 4427 2240 4491; x_wconf 89' lang='lat' dir='ltr'><strong>verterit,</strong></span> <span class='ocrx_word' id='word_1_696' title='bbox 2272 4440 2433 4494; x_wconf 87' lang='lat' dir='ltr'><strong>quam</strong></span> <span class='ocrx_word' id='word_1_697' title='bbox 2460 4423 2531 4476; x_wconf 85' lang='lat' dir='ltr'><strong>sit</strong></span> <span class='ocrx_word' id='word_1_698' title='bbox 2557 4420 2779 4487; x_wconf 76' lang='lat' dir='ltr'><strong>delirus,</strong></span> <span class='ocrx_word' id='word_1_699' title='bbox 2806 4434 3073 4493; x_wconf 89' lang='lat' dir='ltr'><strong>quamque</strong></span> <span class='ocrx_word' id='word_1_700' title='bbox 3094 4428 3411 4473; x_wconf 80' lang='lat' dir='ltr'><strong>c:rtcrorum</strong></span> <span class='ocrx_word' id='word_1_701' title='bbox 3451 4432 3581 4471; x_wconf 85' lang='lat' dir='ltr'><strong>con-</strong></span> 
     </span>
    </p>
   </div>
   <div class='ocr_carea' id='block_1_89' title="bbox 293 4512 1883 4591">
    <p class='ocr_par' dir='ltr' id='par_1_89' title="bbox 293 4512 1883 4591">
     <span class='ocr_line' id='line_1_89' title="bbox 293 4512 1883 4591; baseline -0.001 -23"><span class='ocrx_word' id='word_1_702' title='bbox 293 4513 395 4568; x_wconf 84' lang='lat' dir='ltr'><strong>bus</strong></span> <span class='ocrx_word' id='word_1_703' title='bbox 420 4512 583 4584; x_wconf 83' lang='lat' dir='ltr'><strong>hujus</strong></span> <span class='ocrx_word' id='word_1_704' title='bbox 610 4513 932 4591; x_wconf 84' lang='lat' dir='ltr'><strong>mundinou</strong></span> <span class='ocrx_word' id='word_1_705' title='bbox 955 4513 1172 4580; x_wconf 81' lang='lat' dir='ltr'><strong>superbe</strong></span> <span class='ocrx_word' id='word_1_706' title='bbox 1214 4530 1414 4585; x_wconf 87' lang='lat' dir='ltr'><strong>sapere,</strong></span> <span class='ocrx_word' id='word_1_707' title='bbox 1472 4529 1633 4583; x_wconf 86' lang='lat' dir='ltr'><strong>neque</strong></span> <span class='ocrx_word' id='word_1_708' title='bbox 1670 4528 1883 4582; x_wconf 86' lang='lat' dir='ltr'><strong>sperare</strong></span> 
     </span>
    </p>
   </div>
   <div class='ocr_carea' id='block_1_90' title="bbox 278 4605 1886 4678">
    <p class='ocr_par' dir='ltr' id='par_1_90' title="bbox 278 4605 1886 4678">
     <span class='ocr_line' id='line_1_90' title="bbox 278 4605 1886 4678; baseline -0.001 -17"><span class='ocrx_word' id='word_1_709' title='bbox 278 4608 354 4661; x_wconf 70' lang='lat' dir='ltr'><strong>in</strong></span> <span class='ocrx_word' id='word_1_710' title='bbox 378 4605 573 4661; x_wconf 87' lang='lat' dir='ltr'><strong>incerto</strong></span> <span class='ocrx_word' id='word_1_711' title='bbox 609 4607 933 4672; x_wconf 80' lang='lat' dir='ltr'><strong>divitiarum,</strong></span> <span class='ocrx_word' id='word_1_712' title='bbox 960 4607 1050 4661; x_wconf 86' lang='lat' dir='ltr'><strong>sed</strong></span> <span class='ocrx_word' id='word_1_713' title='bbox 1080 4608 1137 4662; x_wconf 83' lang='lat' dir='ltr'><strong>in</strong></span> <span class='ocrx_word' id='word_1_714' title='bbox 1158 4607 1267 4663; x_wconf 86' lang='lat' dir='ltr'><strong>Deo</strong></span> <span class='ocrx_word' id='word_1_715' title='bbox 1292 4608 1402 4662; x_wconf 84' lang='lat' dir='ltr'><strong>rivo</strong></span> <span class='ocrx_word' id='word_1_716' title='bbox 1429 4609 1523 4678; x_wconf 84' lang='lat' dir='ltr'><strong>qui</strong></span> <span class='ocrx_word' id='word_1_717' title='bbox 1547 4615 1761 4677; x_wconf 80' lang='lat' dir='ltr'><strong>prrestat</strong></span> <span class='ocrx_word' id='word_1_718' title='bbox 1790 4624 1886 4661; x_wconf 88' lang='lat' dir='ltr'><strong>no-</strong></span> 
     </span>
    </p>
   </div>
   <div class='ocr_carea' id='block_1_91' title="bbox 290 4695 1882 4769">
    <p class='ocr_par' dir='ltr' id='par_1_91' title="bbox 290 4695 1882 4769">
     <span class='ocr_line' id='line_1_91' title="bbox 290 4695 1882 4769; baseline 0.001 -20"><span class='ocrx_word' id='word_1_719' title='bbox 290 4696 393 4750; x_wconf 84' lang='lat' dir='ltr'><strong>bis‘</strong></span> <span class='ocrx_word' id='word_1_720' title='bbox 412 4698 590 4749; x_wconf 84' lang='lat' dir='ltr'><strong>omnia</strong></span> <span class='ocrx_word' id='word_1_721' title='bbox 617 4696 949 4750; x_wconf 83' lang='lat' dir='ltr'><strong>abundanter</strong></span> <span class='ocrx_word' id='word_1_722' title='bbox 973 4696 1043 4748; x_wconf 89' lang='lat' dir='ltr'><strong>ad</strong></span> <span class='ocrx_word' id='word_1_723' title='bbox 1070 4696 1350 4765; x_wconf 56' lang='lat' dir='ltr'><strong>[latendum</strong></span> <span class='ocrx_word' id='word_1_724' title='bbox 1398 4695 1449 4769; x_wconf 84' lang='lat' dir='ltr'><strong>(l</strong></span> <span class='ocrx_word' id='word_1_725' title='bbox 1484 4696 1617 4750; x_wconf 88' lang='lat' dir='ltr'><strong>Tim.</strong></span> <span class='ocrx_word' id='word_1_726' title='bbox 1661 4697 1773 4769; x_wconf 76' lang='lat' dir='ltr'><strong>vr);</strong></span> <span class='ocrx_word' id='word_1_727' title='bbox 1829 4696 1882 4751; x_wconf 87' lang='lat' dir='ltr'><strong>hi</strong></span> 
     </span>
    </p>
   </div>
   <div class='ocr_carea' id='block_1_92' title="bbox 297 4788 1889 4869">
    <p class='ocr_par' dir='ltr' id='par_1_92' title="bbox 297 4788 1889 4869">
     <span class='ocr_line' id='line_1_92' title="bbox 297 4788 1889 4869; baseline 0.001 -27"><span class='ocrx_word' id='word_1_728' title='bbox 297 4803 520 4858; x_wconf 83' lang='lat' dir='ltr'><strong>semper</strong></span> <span class='ocrx_word' id='word_1_729' title='bbox 562 4803 602 4869; x_wconf 49' lang='lat' dir='ltr'><strong>.a</strong></span> <span class='ocrx_word' id='word_1_730' title='bbox 656 4789 858 4843; x_wconf 87' lang='lat' dir='ltr'><strong>sanctis</strong></span> <span class='ocrx_word' id='word_1_731' title='bbox 884 4788 1365 4857; x_wconf 70' lang='lat' dir='ltr'><strong>prmdicatiouibus</strong></span> <span class='ocrx_word' id='word_1_732' title='bbox 1421 4789 1780 4844; x_wconf 85' lang='lat' dir='ltr'><strong>exhortantur</strong></span> <span class='ocrx_word' id='word_1_733' title='bbox 1829 4798 1889 4844; x_wconf 92' lang='lat' dir='ltr'><strong>ut</strong></span> 
     </span>
    </p>
   </div>
   <div class='ocr_carea' id='block_1_93' title="bbox 299 4876 1889 4947">
    <p class='ocr_par' dir='ltr' id='par_1_93' title="bbox 299 4876 1889 4947">
     <span class='ocr_line' id='line_1_93' title="bbox 299 4876 1889 4947; baseline 0.001 -14"><span class='ocrx_word' id='word_1_734' title='bbox 299 4879 674 4935; x_wconf 86' lang='lat' dir='ltr'><strong>thesaurizent</strong></span> <span class='ocrx_word' id='word_1_735' title='bbox 692 4876 794 4934; x_wconf 86' lang='lat' dir='ltr'><strong>sibi</strong></span> <span class='ocrx_word' id='word_1_736' title='bbox 818 4876 1226 4947; x_wconf 79' lang='lat' dir='ltr'><strong>fundamentum</strong></span> <span class='ocrx_word' id='word_1_737' title='bbox 1248 4880 1447 4935; x_wconf 87' lang='lat' dir='ltr'><strong>bonum</strong></span> <span class='ocrx_word' id='word_1_738' title='bbox 1465 4879 1518 4932; x_wconf 89' lang='lat' dir='ltr'><strong>in</strong></span> <span class='ocrx_word' id='word_1_739' title='bbox 1540 4878 1798 4943; x_wconf 80' lang='lat' dir='ltr'><strong>futurum,</strong></span> <span class='ocrx_word' id='word_1_740' title='bbox 1829 4890 1889 4934; x_wconf 91' lang='lat' dir='ltr'><strong>ut</strong></span> 
     </span>
    </p>
   </div>
   <div class='ocr_carea' id='block_1_94' title="bbox 292 4970 1885 5041">
    <p class='ocr_par' dir='ltr' id='par_1_94' title="bbox 292 4970 1885 5041">
     <span class='ocr_line' id='line_1_94' title="bbox 292 4970 1885 5041; baseline 0.001 -18"><span class='ocrx_word' id='word_1_741' title='bbox 292 4971 712 5041; x_wconf 82' lang='lat' dir='ltr'><strong>apprehendant</strong></span> <span class='ocrx_word' id='word_1_742' title='bbox 734 4985 920 5024; x_wconf 85' lang='lat' dir='ltr'><strong>veram</strong></span> <span class='ocrx_word' id='word_1_743' title='bbox 941 4970 1110 5027; x_wconf 86' lang='lat' dir='ltr'><strong>vitam</strong></span> <span class='ocrx_word' id='word_1_744' title='bbox 1144 4971 1420 5027; x_wconf 76' lang='lat' dir='ltr'><strong>adulando</strong></span> <span class='ocrx_word' id='word_1_745' title='bbox 1465 4971 1520 5026; x_wconf 89' lang='lat' dir='ltr'><strong>in</strong></span> <span class='ocrx_word' id='word_1_746' title='bbox 1551 4973 1885 5026; x_wconf 87' lang='lat' dir='ltr'><strong>muneribus.</strong></span> 
     </span>
    </p>
   </div>
   <div class='ocr_carea' id='block_1_95' title="bbox 300 5060 1885 5135">
    <p class='ocr_par' dir='ltr' id='par_1_95' title="bbox 300 5060 1885 5135">
     <span class='ocr_line' id='line_1_95' title="bbox 300 5060 1885 5135; baseline -0.001 -16"><span class='ocrx_word' id='word_1_747' title='bbox 300 5062 526 5119; x_wconf 55' lang='lat' dir='ltr'><strong>Vultum</strong></span> <span class='ocrx_word' id='word_1_748' title='bbox 540 5077 670 5132; x_wconf 87' lang='lat' dir='ltr'><strong>ergo</strong></span> <span class='ocrx_word' id='word_1_749' title='bbox 691 5060 849 5131; x_wconf 80' lang='lat' dir='ltr'><strong>hujus</strong></span> <span class='ocrx_word' id='word_1_750' title='bbox 872 5063 1072 5133; x_wconf 75' lang='lat' dir='ltr'><strong>regina:</strong></span> <span class='ocrx_word' id='word_1_751' title='bbox 1096 5063 1454 5133; x_wconf 84' lang='lat' dir='ltr'><strong>deprecantur</strong></span> <span class='ocrx_word' id='word_1_752' title='bbox 1472 5061 1668 5118; x_wconf 88' lang='lat' dir='ltr'><strong>divites</strong></span> <span class='ocrx_word' id='word_1_753' title='bbox 1692 5064 1885 5135; x_wconf 88' lang='lat' dir='ltr'><strong>plebis,</strong></span> 
     </span>
    </p>
   </div>
   <div class='ocr_carea' id='block_1_96' title="bbox 300 5150 1887 5227">
    <p class='ocr_par' dir='ltr' id='par_1_96' title="bbox 300 5150 1887 5227">
     <span class='ocr_line' id='line_1_96' title="bbox 300 5150 1887 5227; baseline 0.003 -19"><span class='ocrx_word' id='word_1_754' title='bbox 300 5168 432 5209; x_wconf 89' lang='lat' dir='ltr'><strong>cum</strong></span> <span class='ocrx_word' id='word_1_755' title='bbox 458 5150 526 5207; x_wconf 84' lang='lat' dir='ltr'><strong>ad</strong></span> <span class='ocrx_word' id='word_1_756' title='bbox 546 5168 668 5208; x_wconf 87' lang='lat' dir='ltr'><strong>eam</strong></span> <span class='ocrx_word' id='word_1_757' title='bbox 692 5162 1043 5220; x_wconf 88' lang='lat' dir='ltr'><strong>concurrunt,</strong></span> <span class='ocrx_word' id='word_1_758' title='bbox 1067 5155 1195 5208; x_wconf 89' lang='lat' dir='ltr'><strong>etin</strong></span> <span class='ocrx_word' id='word_1_759' title='bbox 1216 5154 1333 5225; x_wconf 89' lang='lat' dir='ltr'><strong>ejus</strong></span> <span class='ocrx_word' id='word_1_760' title='bbox 1367 5156 1490 5211; x_wconf 91' lang='lat' dir='ltr'><strong>sinu</strong></span> <span class='ocrx_word' id='word_1_761' title='bbox 1515 5156 1887 5227; x_wconf 84' lang='lat' dir='ltr'><strong>eleemosynas</strong></span> 
     </span>
    </p>
   </div>
   <div class='ocr_carea' id='block_1_97' title="bbox 299 5241 1907 5323">
    <p class='ocr_par' dir='ltr' id='par_1_97' title="bbox 299 5241 1907 5323">
     <span class='ocr_line' id='line_1_97' title="bbox 299 5241 1907 5323; baseline 0.002 -26"><span class='ocrx_word' id='word_1_762' title='bbox 299 5242 515 5305; x_wconf 72' lang='lat' dir='ltr'><strong>faciunt</strong></span> <span class='ocrx_word' id='word_1_763' title='bbox 534 5284 551 5309; x_wconf 97' lang='lat'><strong>,</strong></span> <span class='ocrx_word' id='word_1_764' title='bbox 592 5259 660 5300; x_wconf 90' lang='lat' dir='ltr'><strong>ne</strong></span> <span class='ocrx_word' id='word_1_765' title='bbox 684 5252 840 5299; x_wconf 84' lang='lat' dir='ltr'><strong>extra</strong></span> <span class='ocrx_word' id='word_1_766' title='bbox 866 5241 982 5312; x_wconf 87' lang='lat' dir='ltr'><strong>ejus</strong></span> <span class='ocrx_word' id='word_1_767' title='bbox 1013 5245 1304 5315; x_wconf 83' lang='lat' dir='ltr'><strong>collegium</strong></span> <span class='ocrx_word' id='word_1_768' title='bbox 1328 5246 1478 5300; x_wconf 84' lang='lat' dir='ltr'><strong>ﬁant.</strong></span> <span class='ocrx_word' id='word_1_769' title='bbox 1510 5245 1680 5315; x_wconf 84' lang='lat' dir='ltr'><strong>Hujus</strong></span> <span class='ocrx_word' id='word_1_770' title='bbox 1707 5249 1907 5323; x_wconf 20' lang='lat' dir='ltr'><strong>itaque,</strong></span> 
     </span>
    </p>
   </div>
   <div class='ocr_carea' id='block_1_98' title="bbox 302 5332 1887 5408">
    <p class='ocr_par' dir='ltr' id='par_1_98' title="bbox 302 5332 1887 5408">
     <span class='ocr_line' id='line_1_98' title="bbox 302 5332 1887 5408; baseline 0.002 -17"><span class='ocrx_word' id='word_1_771' title='bbox 302 5336 511 5408; x_wconf 71' lang='lat' dir='ltr'><strong>regina:</strong></span> <span class='ocrx_word' id='word_1_772' title='bbox 532 5335 761 5401; x_wconf 85' lang='lat' dir='ltr'><strong>vultum,</strong></span> <span class='ocrx_word' id='word_1_773' title='bbox 790 5351 897 5391; x_wconf 90' lang='lat' dir='ltr'><strong>non</strong></span> <span class='ocrx_word' id='word_1_774' title='bbox 925 5336 1218 5406; x_wconf 80' lang='lat' dir='ltr'><strong>imaginum</strong></span> <span class='ocrx_word' id='word_1_775' title='bbox 1240 5336 1413 5403; x_wconf 78' lang='lat' dir='ltr'><strong>fucos,</strong></span> <span class='ocrx_word' id='word_1_776' title='bbox 1437 5332 1887 5408; x_wconf 84' lang='lat' dir='ltr'><strong>deprecabantur,</strong></span> 
     </span>
    </p>
   </div>
   <div class='ocr_carea' id='block_1_99' title="bbox 301 5428 1894 5503">
    <p class='ocr_par' dir='ltr' id='par_1_99' title="bbox 301 5428 1894 5503">
     <span class='ocr_line' id='line_1_99' title="bbox 301 5428 1894 5503; baseline 0.001 -19"><span class='ocrx_word' id='word_1_777' title='bbox 301 5428 402 5501; x_wconf 80' lang='lat' dir='ltr'><strong>qui</strong></span> <span class='ocrx_word' id='word_1_778' title='bbox 427 5428 496 5484; x_wconf 89' lang='lat' dir='ltr'><strong>ad</strong></span> <span class='ocrx_word' id='word_1_779' title='bbox 520 5444 642 5483; x_wconf 88' lang='lat' dir='ltr'><strong>eam</strong></span> <span class='ocrx_word' id='word_1_780' title='bbox 668 5428 724 5483; x_wconf 91' lang='lat' dir='ltr'><strong>in</strong></span> <span class='ocrx_word' id='word_1_781' title='bbox 750 5429 1070 5501; x_wconf 82' lang='lat' dir='ltr'><strong>muneribus</strong></span> <span class='ocrx_word' id='word_1_782' title='bbox 1116 5429 1423 5497; x_wconf 81' lang='lat' dir='ltr'><strong>veniebant,</strong></span> <span class='ocrx_word' id='word_1_783' title='bbox 1453 5439 1509 5487; x_wconf 91' lang='lat' dir='ltr'><strong>et</strong></span> <span class='ocrx_word' id='word_1_784' title='bbox 1531 5447 1596 5488; x_wconf 88' lang='lat' dir='ltr'><strong>ea</strong></span> <span class='ocrx_word' id='word_1_785' title='bbox 1619 5446 1740 5503; x_wconf 66' lang='lat' dir='ltr'><strong>quae</strong></span> <span class='ocrx_word' id='word_1_786' title='bbox 1768 5444 1894 5502; x_wconf 86' lang='lat' dir='ltr'><strong>por-</strong></span> 
     </span>
    </p>
   </div>
   <div class='ocr_carea' id='block_1_100' title="bbox 302 5522 1893 5597">
    <p class='ocr_par' dir='ltr' id='par_1_100' title="bbox 302 5522 1893 5597">
     <span class='ocr_line' id='line_1_100' title="bbox 302 5522 1893 5597; baseline 0.001 -18"><span class='ocrx_word' id='word_1_787' title='bbox 302 5523 578 5581; x_wconf 79' lang='lat' dir='ltr'><strong>tabantad</strong></span> <span class='ocrx_word' id='word_1_788' title='bbox 604 5522 769 5593; x_wconf 88' lang='lat' dir='ltr'><strong>pedes</strong></span> <span class='ocrx_word' id='word_1_789' title='bbox 797 5523 1162 5592; x_wconf 86' lang='lat' dir='ltr'><strong>apostolorum</strong></span> <span class='ocrx_word' id='word_1_790' title='bbox 1182 5524 1480 5595; x_wconf 74' lang='lat' dir='ltr'><strong>ponebant;</strong></span> <span class='ocrx_word' id='word_1_791' title='bbox 1511 5525 1671 5595; x_wconf 90' lang='lat' dir='ltr'><strong>hujus</strong></span> <span class='ocrx_word' id='word_1_792' title='bbox 1694 5527 1893 5597; x_wconf 76' lang='lat' dir='ltr'><strong>regina:</strong></span> 
     </span>
    </p>
   </div>
   <div class='ocr_carea' id='block_1_101' title="bbox 303 5612 1895 5686">
    <p class='ocr_par' dir='ltr' id='par_1_101' title="bbox 303 5612 1895 5686">
     <span class='ocr_line' id='line_1_101' title="bbox 303 5612 1895 5686; baseline 0.002 -18"><span class='ocrx_word' id='word_1_793' title='bbox 303 5614 493 5668; x_wconf 81' lang='lat' dir='ltr'><strong>vultus</strong></span> <span class='ocrx_word' id='word_1_794' title='bbox 527 5612 818 5679; x_wconf 87' lang='lat' dir='ltr'><strong>desiderio,</strong></span> <span class='ocrx_word' id='word_1_795' title='bbox 863 5630 971 5670; x_wconf 90' lang='lat' dir='ltr'><strong>non</strong></span> <span class='ocrx_word' id='word_1_796' title='bbox 1006 5614 1236 5684; x_wconf 85' lang='lat' dir='ltr'><strong>alicujus</strong></span> <span class='ocrx_word' id='word_1_797' title='bbox 1268 5615 1494 5686; x_wconf 72' lang='lat' dir='ltr'><strong>pictum</strong></span> <span class='ocrx_word' id='word_1_798' title='bbox 1518 5659 1532 5683; x_wconf 93' lang='lat'><strong>,</strong></span> <span class='ocrx_word' id='word_1_799' title='bbox 1592 5619 1895 5673; x_wconf 63' lang='lat' dir='ltr'><strong>aestuabant</strong></span> 
     </span>
    </p>
   </div>
   <div class='ocr_carea' id='block_1_102' title="bbox 305 5706 1893 5785">
    <p class='ocr_par' dir='ltr' id='par_1_102' title="bbox 305 5706 1893 5785">
     <span class='ocr_line' id='line_1_102' title="bbox 305 5706 1893 5785; baseline 0.001 -22"><span class='ocrx_word' id='word_1_800' title='bbox 305 5706 408 5772; x_wconf 88' lang='lat' dir='ltr'><strong>illi,</strong></span> <span class='ocrx_word' id='word_1_801' title='bbox 435 5720 666 5769; x_wconf 83' lang='lat' dir='ltr'><strong>eamque</strong></span> <span class='ocrx_word' id='word_1_802' title='bbox 693 5706 747 5763; x_wconf 89' lang='lat' dir='ltr'><strong>in</strong></span> <span class='ocrx_word' id='word_1_803' title='bbox 778 5706 1096 5765; x_wconf 84' lang='lat' dir='ltr'><strong>muneribus</strong></span> <span class='ocrx_word' id='word_1_804' title='bbox 1135 5723 1242 5763; x_wconf 88' lang='lat' dir='ltr'><strong>non</strong></span> <span class='ocrx_word' id='word_1_805' title='bbox 1294 5708 1529 5785; x_wconf 82' lang='lat' dir='ltr'><strong>aliquam</strong></span> <span class='ocrx_word' id='word_1_806' title='bbox 1562 5708 1893 5765; x_wconf 79' lang='lat' dir='ltr'><strong>insensatani</strong></span> 
     </span>
    </p>
   </div>
   <div class='ocr_carea' id='block_1_103' title="bbox 1989 4507 3576 4587">
    <p class='ocr_par' dir='ltr' id='par_1_103' title="bbox 1989 4507 3576 4587">
     <span class='ocr_line' id='line_1_103' title="bbox 1989 4507 3576 4587; baseline -0.008 -13"><span class='ocrx_word' id='word_1_807' title='bbox 1989 4519 2159 4575; x_wconf 87' lang='lat' dir='ltr'><strong>sortio</strong></span> <span class='ocrx_word' id='word_1_808' title='bbox 2203 4531 2374 4571; x_wconf 84' lang='lat' dir='ltr'><strong>nexus</strong></span> <span class='ocrx_word' id='word_1_809' title='bbox 2409 4513 2814 4587; x_wconf 87' lang='lat' dir='ltr'><strong>evidentissime</strong></span> <span class='ocrx_word' id='word_1_810' title='bbox 2852 4511 3118 4582; x_wconf 87' lang='lat' dir='ltr'><strong>apparuit.</strong></span> <span class='ocrx_word' id='word_1_811' title='bbox 3162 4508 3361 4563; x_wconf 73' lang='lat' dir='ltr'><strong>llabuit</strong></span> <span class='ocrx_word' id='word_1_812' title='bbox 3409 4507 3576 4571; x_wconf 83' lang='lat' dir='ltr'><strong>enim,</strong></span> 
     </span>
    </p>
   </div>
   <div class='ocr_carea' id='block_1_104' title="bbox 1990 4601 3579 4679">
    <p class='ocr_par' dir='ltr' id='par_1_104' title="bbox 1990 4601 3579 4679">
     <span class='ocr_line' id='line_1_104' title="bbox 1990 4601 3579 4679; baseline -0.008 -13"><span class='ocrx_word' id='word_1_813' title='bbox 1990 4620 2049 4666; x_wconf 89' lang='lat' dir='ltr'><strong>ut</strong></span> <span class='ocrx_word' id='word_1_814' title='bbox 2093 4611 2233 4665; x_wconf 85' lang='lat' dir='ltr'><strong>idem</strong></span> <span class='ocrx_word' id='word_1_815' title='bbox 2282 4607 2537 4679; x_wconf 61' lang='lat' dir='ltr'><strong>peclatus</strong></span> <span class='ocrx_word' id='word_1_816' title='bbox 2580 4614 2683 4670; x_wconf 89' lang='lat' dir='ltr'><strong>est,</strong></span> <span class='ocrx_word' id='word_1_817' title='bbox 2730 4607 2845 4661; x_wconf 86' lang='lat' dir='ltr'><strong>sine</strong></span> <span class='ocrx_word' id='word_1_818' title='bbox 2892 4606 3086 4659; x_wconf 86' lang='lat' dir='ltr'><strong>damno</strong></span> <span class='ocrx_word' id='word_1_819' title='bbox 3126 4601 3418 4664; x_wconf 85' lang='lat' dir='ltr'><strong>tristitiam,</strong></span> <span class='ocrx_word' id='word_1_820' title='bbox 3464 4601 3579 4655; x_wconf 86' lang='lat' dir='ltr'><strong>sine</strong></span> 
     </span>
    </p>
   </div>
   <div class='ocr_carea' id='block_1_105' title="bbox 1988 4694 3581 4773">
    <p class='ocr_par' dir='ltr' id='par_1_105' title="bbox 1988 4694 3581 4773">
     <span class='ocr_line' id='line_1_105' title="bbox 1988 4694 3581 4773; baseline -0.006 -16"><span class='ocrx_word' id='word_1_821' title='bbox 1988 4701 2231 4773; x_wconf 86' lang='lat' dir='ltr'><strong>profectu</strong></span> <span class='ocrx_word' id='word_1_822' title='bbox 2273 4701 2535 4764; x_wconf 73' lang='lat' dir='ltr'><strong>laetitiam,</strong></span> <span class='ocrx_word' id='word_1_823' title='bbox 2582 4699 2699 4755; x_wconf 88' lang='lat' dir='ltr'><strong>sine</strong></span> <span class='ocrx_word' id='word_1_824' title='bbox 2752 4697 3059 4768; x_wconf 86' lang='lat' dir='ltr'><strong>perditione</strong></span> <span class='ocrx_word' id='word_1_825' title='bbox 3092 4695 3453 4766; x_wconf 81' lang='lat' dir='ltr'><strong>lacrymarum</strong></span> <span class='ocrx_word' id='word_1_826' title='bbox 3490 4694 3581 4749; x_wconf 89' lang='lat' dir='ltr'><strong>de-</strong></span> 
     </span>
    </p>
   </div>
   <div class='ocr_carea' id='block_1_106' title="bbox 1991 4775 3580 4863">
    <p class='ocr_par' dir='ltr' id='par_1_106' title="bbox 1991 4775 3580 4863">
     <span class='ocr_line' id='line_1_106' title="bbox 1991 4775 3580 4863; baseline -0.007 -13"><span class='ocrx_word' id='word_1_827' title='bbox 1991 4810 2202 4859; x_wconf 88' lang='lat' dir='ltr'><strong>cursus,</strong></span> <span class='ocrx_word' id='word_1_828' title='bbox 2240 4794 2357 4849; x_wconf 89' lang='lat' dir='ltr'><strong>sine</strong></span> <span class='ocrx_word' id='word_1_829' title='bbox 2396 4775 2753 4863; x_wconf 83' lang='lat' dir='ltr'><strong>acquisitione</strong></span> <span class='ocrx_word' id='word_1_830' title='bbox 2800 4787 3201 4845; x_wconf 79' lang='lat' dir='ltr'><strong>cachinnabiles</strong></span> <span class='ocrx_word' id='word_1_831' title='bbox 3251 4786 3413 4848; x_wconf 88' lang='lat' dir='ltr'><strong>risus,</strong></span> <span class='ocrx_word' id='word_1_832' title='bbox 3469 4786 3580 4840; x_wconf 86' lang='lat' dir='ltr'><strong>iras</strong></span> 
     </span>
    </p>
   </div>
   <div class='ocr_carea' id='block_1_107' title="bbox 1991 4879 3581 4956">
    <p class='ocr_par' dir='ltr' id='par_1_107' title="bbox 1991 4879 3581 4956">
     <span class='ocr_line' id='line_1_107' title="bbox 1991 4879 3581 4956; baseline -0.008 -13"><span class='ocrx_word' id='word_1_833' title='bbox 1991 4888 2108 4943; x_wconf 90' lang='lat' dir='ltr'><strong>sine</strong></span> <span class='ocrx_word' id='word_1_834' title='bbox 2143 4886 2447 4952; x_wconf 82' lang='lat' dir='ltr'><strong>calumniis,</strong></span> <span class='ocrx_word' id='word_1_835' title='bbox 2484 4883 2816 4956; x_wconf 84' lang='lat' dir='ltr'><strong>placationes</strong></span> <span class='ocrx_word' id='word_1_836' title='bbox 2863 4882 2978 4936; x_wconf 88' lang='lat' dir='ltr'><strong>sine</strong></span> <span class='ocrx_word' id='word_1_837' title='bbox 3025 4879 3473 4953; x_wconf 80' lang='lat' dir='ltr'><strong>honoriﬁcentiis,</strong></span> <span class='ocrx_word' id='word_1_838' title='bbox 3500 4885 3581 4933; x_wconf 87' lang='lat' dir='ltr'><strong>ut-</strong></span> 
     </span>
    </p>
   </div>
   <div class='ocr_carea' id='block_1_108' title="bbox 1990 4971 3579 5052">
    <p class='ocr_par' dir='ltr' id='par_1_108' title="bbox 1990 4971 3579 5052">
     <span class='ocr_line' id='line_1_108' title="bbox 1990 4971 3579 5052; baseline -0.006 -17"><span class='ocrx_word' id='word_1_839' title='bbox 1990 4989 2116 5052; x_wconf 87' lang='lat' dir='ltr'><strong>pote</strong></span> <span class='ocrx_word' id='word_1_840' title='bbox 2140 4994 2276 5050; x_wconf 91' lang='lat' dir='ltr'><strong>puer</strong></span> <span class='ocrx_word' id='word_1_841' title='bbox 2300 4979 2353 5033; x_wconf 90' lang='lat' dir='ltr'><strong>in</strong></span> <span class='ocrx_word' id='word_1_842' title='bbox 2376 4976 2621 5047; x_wconf 73' lang='lat' dir='ltr'><strong>qumdam</strong></span> <span class='ocrx_word' id='word_1_843' title='bbox 2654 4974 2858 5030; x_wconf 87' lang='lat' dir='ltr'><strong>ludicra</strong></span> <span class='ocrx_word' id='word_1_844' title='bbox 2888 4973 3190 5044; x_wconf 80' lang='lat' dir='ltr'><strong>peragenda</strong></span> <span class='ocrx_word' id='word_1_845' title='bbox 3216 4972 3448 5036; x_wconf 89' lang='lat' dir='ltr'><strong>inhians,</strong></span> <span class='ocrx_word' id='word_1_846' title='bbox 3476 4971 3521 5025; x_wconf 91' lang='lat' dir='ltr'><strong>si</strong></span> <span class='ocrx_word' id='word_1_847' title='bbox 3547 4988 3579 5025; x_wconf 88' lang='lat' dir='ltr'><strong>a</strong></span> 
     </span>
    </p>
   </div>
   <div class='ocr_carea' id='block_1_109' title="bbox 1994 5063 3584 5138">
    <p class='ocr_par' dir='ltr' id='par_1_109' title="bbox 1994 5063 3584 5138">
     <span class='ocr_line' id='line_1_109' title="bbox 1994 5063 3584 5138; baseline -0.005 -11"><span class='ocrx_word' id='word_1_848' title='bbox 1994 5074 2203 5127; x_wconf 85' lang='lat' dir='ltr'><strong>nutrice</strong></span> <span class='ocrx_word' id='word_1_849' title='bbox 2256 5078 2557 5131; x_wconf 86' lang='lat' dir='ltr'><strong>coercetur,</strong></span> <span class='ocrx_word' id='word_1_850' title='bbox 2608 5067 2934 5138; x_wconf 70' lang='lat' dir='ltr'><strong>singultibus</strong></span> <span class='ocrx_word' id='word_1_851' title='bbox 2989 5066 3151 5125; x_wconf 86' lang='lat' dir='ltr'><strong>verba</strong></span> <span class='ocrx_word' id='word_1_852' title='bbox 3197 5063 3584 5133; x_wconf 83' lang='lat' dir='ltr'><strong>intercipienti-</strong></span> 
     </span>
    </p>
   </div>
   <div class='ocr_carea' id='block_1_110' title="bbox 1993 5153 3583 5233">
    <p class='ocr_par' dir='ltr' id='par_1_110' title="bbox 1993 5153 3583 5233">
     <span class='ocr_line' id='line_1_110' title="bbox 1993 5153 3583 5233; baseline -0.004 -16"><span class='ocrx_word' id='word_1_853' title='bbox 1993 5164 2093 5218; x_wconf 88' lang='lat' dir='ltr'><strong>bus</strong></span> <span class='ocrx_word' id='word_1_854' title='bbox 2120 5161 2305 5232; x_wconf 81' lang='lat' dir='ltr'><strong>ejnlat,</strong></span> <span class='ocrx_word' id='word_1_855' title='bbox 2336 5160 2402 5214; x_wconf 90' lang='lat' dir='ltr'><strong>ad</strong></span> <span class='ocrx_word' id='word_1_856' title='bbox 2440 5174 2560 5229; x_wconf 67' lang='lat' dir='ltr'><strong>qua:</strong></span> <span class='ocrx_word' id='word_1_857' title='bbox 2594 5158 2948 5228; x_wconf 80' lang='lat' dir='ltr'><strong>perpetranda</strong></span> <span class='ocrx_word' id='word_1_858' title='bbox 2975 5156 3019 5211; x_wconf 90' lang='lat' dir='ltr'><strong>si</strong></span> <span class='ocrx_word' id='word_1_859' title='bbox 3046 5157 3093 5209; x_wconf 86' lang='lat' dir='ltr'><strong>ei</strong></span> <span class='ocrx_word' id='word_1_860' title='bbox 3126 5154 3288 5210; x_wconf 84' lang='lat' dir='ltr'><strong>fuerit</strong></span> <span class='ocrx_word' id='word_1_861' title='bbox 3314 5169 3344 5209; x_wconf 89' lang='lat' dir='ltr'><strong>a</strong></span> <span class='ocrx_word' id='word_1_862' title='bbox 3372 5153 3583 5233; x_wconf 86' lang='lat' dir='ltr'><strong>nutrice</strong></span> 
     </span>
    </p>
   </div>
   <div class='ocr_carea' id='block_1_111' title="bbox 1995 5246 3583 5321">
    <p class='ocr_par' dir='ltr' id='par_1_111' title="bbox 1995 5246 3583 5321">
     <span class='ocr_line' id='line_1_111' title="bbox 1995 5246 3583 5321; baseline -0.006 -11"><span class='ocrx_word' id='word_1_863' title='bbox 1995 5269 2252 5311; x_wconf 74' lang='lat' dir='ltr'><strong>concessa</strong></span> <span class='ocrx_word' id='word_1_864' title='bbox 2295 5252 2540 5313; x_wconf 80' lang='lat' dir='ltr'><strong>facultas,</strong></span> <span class='ocrx_word' id='word_1_865' title='bbox 2586 5250 2897 5321; x_wconf 75' lang='lat' dir='ltr'><strong>semiplenis</strong></span> <span class='ocrx_word' id='word_1_866' title='bbox 2933 5247 3277 5304; x_wconf 82' lang='lat' dir='ltr'><strong>vociferando</strong></span> <span class='ocrx_word' id='word_1_867' title='bbox 3318 5246 3583 5302; x_wconf 85' lang='lat' dir='ltr'><strong>sermoni-</strong></span> 
     </span>
    </p>
   </div>
   <div class='ocr_carea' id='block_1_112' title="bbox 1993 5336 3603 5419">
    <p class='ocr_par' dir='ltr' id='par_1_112' title="bbox 1993 5336 3603 5419">
     <span class='ocr_line' id='line_1_112' title="bbox 1993 5336 3603 5419; baseline -0.005 -19"><span class='ocrx_word' id='word_1_868' title='bbox 1993 5346 2094 5401; x_wconf 90' lang='lat' dir='ltr'><strong>bus</strong></span> <span class='ocrx_word' id='word_1_869' title='bbox 2124 5344 2359 5400; x_wconf 87' lang='lat' dir='ltr'><strong>cxsnltat</strong></span> <span class='ocrx_word' id='word_1_870' title='bbox 2393 5363 2405 5398; x_wconf 93' lang='lat'><em>:</em></span> <span class='ocrx_word' id='word_1_871' title='bbox 2449 5344 2634 5413; x_wconf 87' lang='lat' dir='ltr'><strong>sicque</strong></span> <span class='ocrx_word' id='word_1_872' title='bbox 2680 5342 2950 5396; x_wconf 90' lang='lat' dir='ltr'><strong>coercitus</strong></span> <span class='ocrx_word' id='word_1_873' title='bbox 2998 5340 3161 5395; x_wconf 87' lang='lat' dir='ltr'><strong>habet</strong></span> <span class='ocrx_word' id='word_1_874' title='bbox 3196 5354 3364 5419; x_wconf 85' lang='lat' dir='ltr'><strong>vanos</strong></span> <span class='ocrx_word' id='word_1_875' title='bbox 3401 5336 3603 5402; x_wconf 55' lang='grc' dir='ltr'><strong>ηιξκιε,-</strong></span> 
     </span>
    </p>
   </div>
   <div class='ocr_carea' id='block_1_113' title="bbox 1995 5428 3580 5505">
    <p class='ocr_par' dir='ltr' id='par_1_113' title="bbox 1995 5428 3580 5505">
     <span class='ocr_line' id='line_1_113' title="bbox 1995 5428 3580 5505; baseline -0.008 -12"><span class='ocrx_word' id='word_1_876' title='bbox 1995 5446 2051 5493; x_wconf 93' lang='lat' dir='ltr'><strong>et</strong></span> <span class='ocrx_word' id='word_1_877' title='bbox 2100 5451 2187 5493; x_wconf 87' lang='lat' dir='ltr'><strong>ea</strong></span> <span class='ocrx_word' id='word_1_878' title='bbox 2210 5449 2468 5505; x_wconf 81' lang='lat' dir='ltr'><strong>peragere</strong></span> <span class='ocrx_word' id='word_1_879' title='bbox 2497 5433 2796 5505; x_wconf 83' lang='lat' dir='ltr'><strong>permissus</strong></span> <span class='ocrx_word' id='word_1_880' title='bbox 2821 5447 2989 5488; x_wconf 90' lang='lat' dir='ltr'><strong>vanos</strong></span> <span class='ocrx_word' id='word_1_881' title='bbox 3023 5429 3376 5487; x_wconf 85' lang='lat' dir='ltr'><strong>nihilominus</strong></span> <span class='ocrx_word' id='word_1_882' title='bbox 3418 5428 3580 5488; x_wconf 87' lang='lat' dir='ltr'><strong>risus.</strong></span> 
     </span>
    </p>
   </div>
   <div class='ocr_carea' id='block_1_114' title="bbox 1984 5519 3581 5599">
    <p class='ocr_par' dir='ltr' id='par_1_114' title="bbox 1984 5519 3581 5599">
     <span class='ocr_line' id='line_1_114' title="bbox 1984 5519 3581 5599; baseline -0.008 -14"><span class='ocrx_word' id='word_1_883' title='bbox 1984 5534 2121 5585; x_wconf 84' lang='lat' dir='ltr'><strong>cum</strong></span> <span class='ocrx_word' id='word_1_884' title='bbox 2152 5528 2403 5585; x_wconf 84' lang='lat' dir='ltr'><strong>videlicet</strong></span> <span class='ocrx_word' id='word_1_885' title='bbox 2447 5543 2549 5583; x_wconf 90' lang='lat' dir='ltr'><strong>nec</strong></span> <span class='ocrx_word' id='word_1_886' title='bbox 2586 5528 2641 5582; x_wconf 90' lang='lat' dir='ltr'><strong>in</strong></span> <span class='ocrx_word' id='word_1_887' title='bbox 2680 5526 3044 5599; x_wconf 89' lang='lat' dir='ltr'><strong>prohibitione</strong></span> <span class='ocrx_word' id='word_1_888' title='bbox 3090 5522 3252 5579; x_wconf 82' lang='lat' dir='ltr'><strong>fuerit</strong></span> <span class='ocrx_word' id='word_1_889' title='bbox 3291 5535 3453 5578; x_wconf 89' lang='lat' dir='ltr'><strong>causa</strong></span> <span class='ocrx_word' id='word_1_890' title='bbox 3483 5519 3581 5575; x_wconf 89' lang='lat' dir='ltr'><strong>de-</strong></span> 
     </span>
    </p>
   </div>
   <div class='ocr_carea' id='block_1_115' title="bbox 1994 5608 3586 5695">
    <p class='ocr_par' dir='ltr' id='par_1_115' title="bbox 1994 5608 3586 5695">
     <span class='ocr_line' id='line_1_115' title="bbox 1994 5608 3586 5695; baseline -0.007 -20"><span class='ocrx_word' id='word_1_891' title='bbox 1994 5618 2179 5687; x_wconf 82' lang='lat' dir='ltr'><strong>ﬂendi,</strong></span> <span class='ocrx_word' id='word_1_892' title='bbox 2224 5635 2325 5676; x_wconf 90' lang='lat' dir='ltr'><strong>nec</strong></span> <span class='ocrx_word' id='word_1_893' title='bbox 2362 5620 2417 5695; x_wconf 88' lang='lat' dir='ltr'><strong>in</strong></span> <span class='ocrx_word' id='word_1_894' title='bbox 2457 5620 2582 5675; x_wconf 89' lang='lat' dir='ltr'><strong>data</strong></span> <span class='ocrx_word' id='word_1_895' title='bbox 2618 5618 2831 5674; x_wconf 88' lang='lat' dir='ltr'><strong>licentia</strong></span> <span class='ocrx_word' id='word_1_896' title='bbox 2868 5608 3032 5674; x_wconf 85' lang='lat' dir='ltr'><strong>causa</strong></span> <span class='ocrx_word' id='word_1_897' title='bbox 3072 5616 3302 5695; x_wconf 70' lang='lat' dir='ltr'><strong>ridendi.</strong></span> <span class='ocrx_word' id='word_1_898' title='bbox 3339 5610 3586 5669; x_wconf 76' lang='lat' dir='ltr'><strong>Versicu-</strong></span> 
     </span>
    </p>
   </div>
   <div class='ocr_carea' id='block_1_116' title="bbox 1987 5694 3584 5781">
    <p class='ocr_par' dir='ltr' id='par_1_116' title="bbox 1987 5694 3584 5781">
     <span class='ocr_line' id='line_1_116' title="bbox 1987 5694 3584 5781; baseline -0.005 -18"><span class='ocrx_word' id='word_1_899' title='bbox 1987 5709 2082 5767; x_wconf 87' lang='lat' dir='ltr'><strong>‘lus</strong></span> <span class='ocrx_word' id='word_1_900' title='bbox 2114 5704 2348 5781; x_wconf 77' lang='lat' dir='ltr'><strong>uanique</strong></span> <span class='ocrx_word' id='word_1_901' title='bbox 2385 5694 2506 5777; x_wconf 87' lang='lat' dir='ltr'><strong>iste,</strong></span> <span class='ocrx_word' id='word_1_902' title='bbox 2535 5725 2696 5781; x_wconf 90' lang='lat' dir='ltr'><strong>quem</strong></span> <span class='ocrx_word' id='word_1_903' title='bbox 2724 5708 2813 5766; x_wconf 89' lang='lat' dir='ltr'><strong>illc</strong></span> <span class='ocrx_word' id='word_1_904' title='bbox 2840 5700 2943 5765; x_wconf 83' lang='lat' dir='ltr'><strong>sibi</strong></span> <span class='ocrx_word' id='word_1_905' title='bbox 2986 5710 3037 5764; x_wconf 90' lang='lat' dir='ltr'><strong>in</strong></span> <span class='ocrx_word' id='word_1_906' title='bbox 3078 5700 3185 5764; x_wconf 86' lang='lat' dir='ltr'><strong>hac</strong></span> <span class='ocrx_word' id='word_1_907' title='bbox 3217 5715 3369 5780; x_wconf 83' lang='lat' dir='ltr'><strong>parte</strong></span> <span class='ocrx_word' id='word_1_908' title='bbox 3409 5705 3584 5759; x_wconf 86' lang='lat' dir='ltr'><strong>incas-</strong></span> 
     </span>
    </p>
   </div>
  </div>
