3990 6302
236 255 372 312 1061

1035 254 1213 310 LIBRl
1250 252 1591 309 CAROLINI.
1628 283 1697 295 -—-
1722 252 1951 309 CAPIT.
1993 255 2080 310 DE
2118 254 2307 311 MAG.
2347 286 2417 296 -—
2454 255 2584 311 LIB.
2629 257 2665 311 Ι.

3301 303 3309 315 .
3346 263 3484 320 ωδε

226 372 413 426 tantes
448 383 508 424 se
533 368 730 424 habere
754 367 925 422 zelum
952 367 1104 438 legis,
1134 367 1437 421 habuerunt
1457 365 1632 420 zelum
1666 365 1804 419 livo-
1836 379 1881 435 Α
1909 367 2151 437 plerique
2194 367 2543 432 arbitrantur,
2590 371 2685 425 sed
2710 372 2973 441 genitivus
2994 374 3286 446 singularis
3305 394 3409 449 est,
3437 385 3489 440 id

226 461 313 514 sis
360 465 416 512 et
461 454 917 526 perfidiosissimus
965 454 1303 524 iniquitatis,
1346 470 1468 508 cum
1524 455 1812 509 Dominum

222 548 473 619 patibulo
490 544 813 610 edixerunt;
839 545 931 621 isti
957 544 1306 603 ecclesiarum
1332 544 1629 598 indiscrete
1652 558 1814 607 orna-

196 647 415 697 .menta
458 650 815 707 quassavere,
866 635 943 690 illi
981 635 1248 689 malitiose
1279 634 1600 703 semetipsos
1633 633 1815 688 Domi-

230 744 364 786 num
389 734 795 782 contemnentes
820 724 1045 793 fregere.
1076 724 1242 780 Labia
1265 739 1394 795 ergo
1422 725 1606 780 dolosa
1627 734 1683 778 et
1715 725 1818 778 lin-

225 834 397 890 guam
450 818 853 887 magniloquam
896 816 1341 887 perlidiosissima
1379 814 1686 871 Judzeorum
1724 831 1816 870 co-

228 914 364 967 hors
409 911 677 973 habebat,
739 924 863 965 cum
907 909 1124 965 dicebat
1160 926 1176 962 :
1233 907 1442 963 Scimus
1481 909 1607 978 quia
1642 906 1816 977 logei

224 1002 438 1067 lautus
482 1010 557 1055 est
614 999 777 1063 Deus,
836 1015 972 1055 nunc
1022 1008 1199 1053 autem
1249 998 1387 1052 unde
1442 998 1510 1051 sit
1557 998 1816 1052 nescimus
1884 1012 1887 1015 ·

220 1093 416 1168 (Joan.
462 1092 560 1162 ιι).
596 1091 785 1146 Nonne
828 1090 1228 1159 magniloquam
1255 1099 1326 1152 et,
1356 1098 1417 1145 ut
1450 1091 1524 1144 ita
1561 1089 1813 1153 dixerim,

234 1186 639 1257 magniloquam
665 1185 901 1255 linguam
925 1184 1214 1248 habebant,
1242 1199 1366 1239 cum
1388 1184 1676 1241 dicebant:
1704 1182 1816 1237 Nos

227 1278 397 1348 legem
418 1277 690 1339 habemus,
731 1285 780 1343 et
818 1274 1102 1329 secundum
1124 1274 1287 1344 legem
1321 1275 1455 1328 mori
1497 1274 1662 1337 debet,
1691 1276 1815 1344 quia

227 1364 436 1420 Filius
482 1365 580 1419 Dei
613 1382 679 1420 se
727 1364 887 1434 fecit?
922 1363 1105 1433 (Joon.
1140 1365 1276 1434 XIX.)
1315 1363 1502 1419 Nonne
1556 1363 1815 1434 magnilo-

225 1470 395 1526 quzun
440 1455 677 1524 linguam
726 1454 1013 1518 habebant,
1071 1468 1192 1509 cum
1245 1453 1541 1508 dicebant:
1582 1453 1649 1508 Et
1677 1454 1816 1507 hunc

221 1546 444 1608 scimus,
472 1554 521 1598 et
556 1541 695 1598 unde
715 1545 782 1597 sit
809 1544 1001 1599 scimus
1028 1559 1048 1597 :
1072 1542 1315 1598 Christus
1336 1553 1511 1598 autem
1534 1559 1654 1597 cum
1677 1556 1819 1598 vene-

227 1638 320 1700 rit,
358 1651 509 1690 nemo
539 1636 635 1691 scit
674 1635 819 1689 unde
839 1634 949 1690 sit?
987 1634 1167 1705 (Joan.
1193 1633 1520 1705 vu.).Nonne
1554 1634 1817 1704 magnilo-

1910 464 2016 521 est,
2047 455 2249 511 inimici
2275 456 2473 511 diaboli
2499 457 2809 514 defecerunt
2836 460 3060 525 framea,
3092 474 3147 519 et
3170 477 3251 522 est
3272 470 3488 526 schema

1910 548 2055 618 quod
2084 549 2348 618 prolepsis
2376 560 2736 620 nuncupatur,
2761 554 2815 607 id
2845 563 2927 609 est
2968 554 3357 629 praeoccupatio
3379 565 3494 618 sive

1910 644 2277 712 prmsumptio,
2310 657 2411 713 per
2436 658 2598 712 quam
2624 660 2686 699 ea
2714 662 2833 716 qua:
2869 651 3020 718 sequi
3049 652 3243 707 debent
3272 638 3494 725 antepo-

1912 739 2132 786 nuntur.
2162 732 2305 800 Qua:-
2333 741 2388 787 et
2428 733 2482 787 in
2526 736 2748 791 exordio
2782 738 3078 795 Ezechielis
3101 744 3375 813 prophetae
3415 748 3497 801 in-

1910 823 2144 889 venitur,
2200 840 2321 879 cum
2352 824 2500 890 dicit,
2558 826 2621 879 Et
2647 826 2846 897 factum
2870 840 2943 884 est
2970 832 3025 884 in
3059 834 3319 889 tricesimo
3351 854 3492 892 anno

1910 911 2129 983 (Eucti.
2179 913 2241 984 ι).
2292 913 2359 967 Et
2407 915 2461 967 iu
2498 914 2719 971 ‘Psalmo
2773 919 3037 987 habetur,
3093 939 3213 977 cum
3273 914 3491 992 dicitur,

1913 1002 2283 1058 Fundamenta
2313 1004 2428 1074 ejus
2454 1006 2509 1059 in
2530 1008 2790 1063 montibus
2812 1013 3007 1066 sanctis
3033 1012 3205 1083 (Psal.
3224 1028 3489 1089 unm).

1911 1095 2171 1150 Civitates
2203 1096 2367 1167 igitur
2404 1098 2705 1155 destructas
2760 1118 2864 1158 non
2921 1107 2975 1160 in
3030 1106 3132 1163 hoc
3190 1107 3308 1165 loco
3337 1110 3491 1166 Psal-

1914 1187 2284 1257 mograpbos,
2346 1196 2407 1242 ut
2476 1189 2554 1244 illi
2614 1193 2985 1259 arbitrantur,
3038 1213 3224 1252 eorum
3288 1202 3495 1269 praede-

1900 1292 2155 1332 mm
2213 1278 2328 1334 sive
2388 1291 2643 1350 parentes
2696 1300 2794 1354 pro
2849 1287 3140 1358 imaginum
3199 1292 3493 1347 abolitione

1913 1386 2131 1425 eversos
2166 1372 2435 1439 decantat,
2467 1376 2563 1429 sed
2603 1376 2847 1433 infideles
2886 1382 3134 1449 populos,
3177 1383 3289 1437 sive
3327 1384 3495 1439 malo-

1915 1480 2035 1519 rum
2076 1482 2299 1535 operum
2351 1482 2594 1533 acervos,
2626 1484 2762 1539 quos
2805 1470 3048 1527 diabolus
3087 1481 3493 1544 tanquamsua:

1890 1558 2147 1614 ‘civitatis
2204 1560 2403 1615 inmnia
2460 1561 2748 1625 inhabitat,
2805 1561 3008 1618 Christi
3066 1565 3495 1622 manifestatione

1889 1649 2046 1705 'dicit
2081 1665 2202 1706 esse
2244 1652 2470 1707 dirutos.
2511 1652 2689 1708 Inanis
2724 1654 2887 1725 igitur
2919 1662 2973 1707 et
3007 1670 3176 1709 vanus
3201 1656 3492 1726 imaginum

208 1727 657 1798 ,quamlinguam
698 1726 992 1791 habebant,
1033 1741 1156 1782 cum
1194 1726 1446 1795 dicebant
1470 1742 1498 1779 .:
1534 1724 1662 1780 Noli
1683 1726 1814 1779 scri-

1916 1757 2071 1796 amor
2100 1741 2314 1796 illorum
2343 1751 2573 1812 pectora
2609 1724 2803 1798 invasit
2827 1745 2938 1812 qui,
2982 1752 3042 1798 ut
3070 1744 3277 1799 illarum
3305 1724 3496 1800 adora-

223 1821 349 1875 bere
377 1837 544 1891 regem
576 1836 594 1874 :
637 1837 731 1874 nos
764 1836 868 1874 non
900 1818 1155 1872 habemus
1178 1834 1348 1888 regem
1374 1819 1477 1895 nisi
1503 1817 1769 1873 ϐῶσαι-ειη
1792 1819 1817 1871 ?
1844 1828 1847 1831 ‘

226 1914 417 1987 (Joan.
448 1912 586 1984 xu.)
639 1912 789 1968 Unde
815 1912 1020 1982 liquido
1047 1919 1197 1980 patet
1219 1910 1362 1981 quod
1386 1912 1649 1980 probroso
1683 1912 1816 1965 ima-

224 2005 417 2077 ginum
461 2005 788 2072 instigantur
817 2011 1004 2059 amore
1024 2003 1115 2072 qui
1154 2004 1227 2058 ob
1252 2018 1440 2059 earum
1468 2003 1813 2063 abolitionem

223 2112 293 2151 ea
317 2112 438 2166 quae
463 2097 527 2151 de
551 2094 773 2164 perfidis
793 2093 993 2149 ludatis
1019 2108 1116 2163 per
1143 2094 1459 2163 prophetam
1491 2094 1636 2153 dicta
1667 2102 1811 2159 sunt,
1892 2116 1899 2122 -

224 2188 546 2257 [mirantibus
582 2186 696 2241 suis
726 2201 835 2241 non
878 2186 1204 2240 erubescunt
1240 2186 1557 2252 adnectere,
1610 2186 1667 2241 et
1709 2186 1816 2241 eis—

210 2279 356 2333 .dem
374 2276 574 2345 iaculis
610 2276 756 2331 cives
798 2275 1080 2346 perfodere
1118 2276 1316 2344 quibus
1338 2274 1605 2344 Propheta
1632 2275 1815 2331 Eccle-

218 2369 350 2434 sia,
382 2368 492 2424 imo
516 2367 740 2432 Christi,
765 2368 951 2423 hostes
975 2368 1217 2423 noscitur
1236 2365 1553 2436 perfodisse.

696 2496 706 2508 ’
784 2500 1012 2556 CAPUT
1049 2499 1286 2555 XXVIII.

230 2594 390 2663 Quod
422 2610 526 2647 non
558 2593 614 2646 in
638 2609 817 2646 eorum
843 2592 1163 2663 parentibus,
1191 2600 1273 2663 Aut
1301 2589 1392 2663 illi
1409 2590 1609 2663 dicunt,
1633 2588 1815 2663 unple-

302 2676 414 2719 tum
445 2666 511 2717 sit
546 2663 686 2734 quod
713 2659 962 2733 scriptum
988 2671 1093 2734 est,
1127 2661 1333 2716 inimici
1364 2659 1678 2734 defecerunt
1706 2659 1816 2734 frag

238 2748 245 2754 '
303 2750 427 2789 mea
482 2735 538 2788 in
561 2732 569 2734 ⁷
594 2735 757 2787 linem
780 2774 793 2796 ,
822 2732 904 2787 “et
953 2732 1201 2787 civitates
1250 2746 1449 2789 eorum
1502 2732 1815 2786 destruxisti

304 2804 482 2876 (Ρωι.
515 2803 617 2875 ιι).

304 2896 414 2951 Sed
445 2912 546 2951 nec
570 2892 728 2962 hujus
749 2892 1020 2958 versiculi,
1048 2900 1108 2948 ut
1135 2893 1210 2948 illi
1241 2893 1412 2957 aiunt,
1435 2891 1726 2963 prophetia
1752 2892 1814 2947 in

225 3000 423 3042 eorum
480 2984 983 3056 pmdecessoribus'
1018 2985 1133 3041 sive
1181 2986 1518 3055 parentibus,
1564 3000 1630 3040 eo
1676 2985 1817 3054 quod

227 3076 501 3148 imagines
529 3075 928 3140 abdicaverint,
960 3085 1045 3129 est
1076 3075 1343 3144 completa
1388 3093 1402 3129 :

230 3175 393 3222 caute
437 3166 796 3223 locadivinis
837 3165 1070 3222 cultibus
1121 3167 1428 3235 mancipata
1479 3165 1816 3223 ornamentis

230 3257 624 3327 cxspoliavere,
660 3256 816 3327 longe
846 3265 1025 3321 tamen
1069 3256 1137 3311 ab
1175 3256 1381 3326 antiqui
1424 3257 1595 3312 hostis
1625 3256 1815 3325 nequi-

233 3350 336 3415 tia,
367 3352 432 3404 de
455 3365 562 3420 quo
583 3350 700 3405 haec
724 3350 1007 3419 prophetia
1029 3359 1134 3413 est,
1154 3350 1454 3415 distavere;
1478 3349 1673 3418 quippe
1695 3364 1817 3403 cum

232 3440 480 3510 nequitia
531 3455 651 3510 qua:
694 3440 810 3509 eius
857 3440 1163 3496 suasionem
1209 3440 1404 3495 accidit
1437 3441 1673 3494 humano
1718 3454 1815 3508 ge-

234 3530 361 3586 neri
390 3531 569 3585 minor
589 3531 660 3585 sit
694 3531 933 3602 nequitia
958 3529 1194 3599 ejusdem
1225 3529 1316 3599 qui
1343 3536 1398 3584 et
1435 3545 1546 3584 sua:
1573 3529 1819 3606 humana:

206 3630 430 3693 (auctor
451 3630 506 3676 et
530 3620 755 3676 artiﬁcis
766 3620 1106 3685 fraudulenti,
1120 3622 1210 3689 qui
1226 3621 1365 3675 sicut
1384 3629 1468 3685 est
1486 3629 1677 3673 natura
1700 3612 1823 3675 sub-

236 3712 411 3776 tilior,
439 3711 513 3764 ita
545 3718 600 3766 et
636 3712 931 3782 sagacitate
953 3710 1215 3775 callidior,
1241 3718 1296 3763 et
1320 3724 1480 3778 quem
1506 3723 1610 3769 non
1635 3716 1823 3779 gravat

212 3803 487 3872 corporis
516 3801 810 3873 fragilitas,
844 3803 992 3859 acuit
1031 3801 1195 3858 vafra:
1210 3801 1591 3872 perversitatis
1627 3801 1824 3870 iniqui-

216 3908 346 3969 ‘tas.
377 3894 546 3964 Hujus
571 3910 699 3966 ergo
735 3895 936 3950 inimici
956 3894 1173 3949 framea
1214 3893 1523 3953 defecerunt
1543 3892 1602 3947 in
1636 3890 1820 3983 gnem,

219 3985 373 4055 quia
411 3992 738 4039 teutamenta
786 3984 1111 4053 nequissima
1151 3998 1276 4037 mox
1324 3991 1384 4037 ut
1434 3984 1502 4038 ad
1548 3983 1823 4045 Clitistum

216 4075 337 4155 ,ιιιιὶ
365 4084 449 4131 εει
475 4075 596 4130 linis
615 4074 748 4145 legis
770 4074 837 4129 ad
854 4073 1122 4143 justitiam
1150 4074 1297 4127 omni
1337 4074 1598 4138 credenti,
1623 4060 1715 4143 ξιιί
1741 4081 1826 4128 εει

222 4165 370 4237 διίοὶε
417 4163 534 4217 sine
569 4163 692 4225 fine,
725 4162 793 4216 ad
819 4177 980 4231 quem
994 4177 1127 4216 cum
1158 4161 1480 4224 venerimus,
1527 4161 1660 4217 nihil
1692 4161 1826 4216 ulte-

222 4256 361 4311 .rius
386 4254 534 4324 quod
579 4269 886 4323 quecramus
925 4254 1197 4315 habemus,
1228 4253 1425 4308 collata
1462 4254 1682 4328 fuerint,
1712 4269 1827 4308 om-

224 4349 375 4405 .nino
419 4347 693 4404 deficiunt.
744 4347 811 4401 Et
860 4347 979 4402 ideo
1015 4347 1282 4419 Propheta
1324 4347 1537 4400 beatum
1562 4346 1706 4409 dicit,
1738 4348 1827 4417 qui

1914 1830 2116 1885 tionem
2146 1840 2405 1899 statuant,
2445 1848 2509 1887 ea
2533 1848 2652 1903 qua:
2673 1835 2739 1889 de
2772 1835 2991 1904 antiquo
3014 1836 3168 1891 hoste
3204 1837 3287 1890 vel
3322 1838 3387 1891 de
3418 1839 3497 1892 in-

1916 1923 2153 1978 credulis
2182 1924 2384 1980 ludatis
2408 1927 2728 1996 prophetata
2763 1935 2907 1991 sunt,
2941 1928 3008 1982 de
3036 1929 3149 1983 suis
3187 1931 3500 1999 parentibus
3586 1970 3593 1977 ι

1915 2014 2028 2068 sive
2058 2014 2544 2084 praedecessoribus
2571 2017 2715 2071 dicta
2740 2015 2910 2071 fuisse
2929 2019 3262 2073 existimant.

2467 2107 2697 2165 CAPUT
2734 2108 2927 2164 XXIX.

1894 2190 2623 2274 'Quontodo__intelligendum
2656 2201 2722 2274 sit
2765 2202 2904 2271 quod
2948 2214 3196 2274 scriptum
3238 2215 3356 2260 est:
3394 2205 3500 2260 Do-

1984 2268 2146 2344 mine,
2173 2268 2335 2344 dilexi
2367 2268 2615 2344 decorem
2653 2268 2844 2327 domus
2893 2281 2997 2327 tua;
3021 2268 3213 2344 {quem
3260 2275 3497 2330 decorem

1985 2337 2071 2390 isti
2098 2339 2350 2408 imagines
2381 2339 2696 2410 intelligunt.

1896 2490 1901 2497 ι
1976 2426 2186 2481 Domus
2209 2428 2305 2483 Dei
2346 2436 2440 2513 aut
2483 2430 2779 2485 secundum
2803 2430 3113 2502 allegoriam
3140 2433 3366 2490 ecclesia
3393 2444 3495 2500 est,

1913 2524 2006 2570 aut
2034 2518 2327 2573 secundum
2354 2534 2632 2589 anagogen
2659 2520 2897 2577 ccelestis
2939 2524 3129 2592 patria,
3175 2533 3269 2580 aut
3308 2541 3500 2580 secun-

1898 2604 2040 2679 dum
2070 2606 2431 2677 'tropologiam
2457 2608 2634 2662 anima
2674 2610 2942 2665 hominis:
2984 2622 3041 2666 et
3078 2612 3278 2669 idcirco
3305 2615 3359 2669 in
3384 2617 3500 2684 plc-

1894 2698 2094 2771 _risque
2117 2696 2409 2768 Scriptum:
2434 2708 2634 2759 sanctae
2654 2700 2787 2758 locis
2808 2716 2927 2756 cum
2951 2702 3143 2759 domus
3168 2705 3260 2760 Dei
3285 2705 3493 2776 legitur.

1912 2797 2288 2856 nonparietes
2315 2805 2413 2843 nec
2461 2789 2705 2858 qumdam
2737 2791 3028 2846 materialis
3069 2793 3370 2856 aediﬁcatio,
3403 2798 3495 2849 sed

1914 2878 2682 2948 spiritalisetinexistimahilis
2694 2880 2790 2935 Dei
2816 2881 3162 2952 intelligenda
3189 2893 3269 2939 cst
3294 2885 3501 2945 habita—

1919 2969 2032 3034 tio;
2071 2984 2301 3038 quorum
2329 2985 2584 3050 sensuum
2613 2971 2827 3029 arcanis
2850 2972 3067 3027 illorum
3102 2989 3258 3031 mens
3287 2976 3503 3044 penitus

1455 3076 1547 3144 qui
1593 3075 1696 3130 ειςί
1732 3075 1810 3130 in.
1841 3076 1885 3135 (ζ
1909 3062 2121 3132 jejunat
2144 3064 2236 3132 qui
2267 3064 2516 3118 decorem
2541 3064 2729 3119 domus
2756 3065 2964 3119 Domini
2990 3081 3094 3119 non
3114 3066 3367 3122 Ecclesiae
3388 3067 3504 3122 exi-

1916 3155 2140 3210 stimant
2168 3156 2414 3221 virtutes,
2445 3156 2538 3210 sed
2564 3156 2870 3211 materiales
2904 3158 3185 3227 imagines.
3223 3158 3504 3228 Nunquid-

1908 3263 2040 3315 ,nam
2066 3249 2211 3304 idem
2236 3249 2467 3305 eximius
2501 3258 2650 3307 vates
2686 3251 2946 3318 quasdam
2971 3250 3233 3319 imagines
3252 3251 3333 3304 vel
3355 3261 3503 3305 certe

1917 3339 2179 3407 parietum
2200 3339 2645 3408 pulchritudines,
2668 3348 2762 3395 aut
2779 3340 3200 3393 ministeriorum
3226 3342 3505 3408 pretios:s-

1918 3430 2087 3484 simos
2104 3437 2395 3499 apparatus
2419 3430 2645 3492 viderat,
2666 3445 2789 3485 cum
2811 3428 3042 3492 dicebat,
3078 3430 3319 3495 Domine,
3343 3413 3509 3488 ditari

1919 3520 2156 3574 decorem
2190 3519 2376 3573 domus
2407 3530 2532 3582 tua',
2558 3530 2607 3572 ct
2642 3519 2811 3575 locum
2835 3521 3176 3574 habitationis
3194 3523 3378 3591 αισι-ίαν
3399 3534 3505 3575 tun-

1922 3608 2094 3682 (Psal.
2126 3611 2299 3680 xxvi).
2334 3609 2713 3678 Nunquidnam
2754 3609 2901 3663 locus
2944 3610 3292 3666 habitationis
3320 3614 3505 3681 gloria:

1920 3701 2133 3755 Domini
2160 3701 2212 3753 in
2241 3698 2561 3761 manufactis
2589 3715 2860 3768 quoquam
2890 3700 3188 3755 credendus
3214 3704 3368 3755 esse?
3394 3702 3504 3755 Ha-

1914 3791 2012 3859 Abct
2035 3805 2164 3860 ergo
2194 3798 2381 3847 sancta
2405 3790 2645 3845 Ecclesia
2674 3791 2911 3845 decorem
2944 3808 3111 3860 quem,
3129 3794 3394 3862 Propheta
3420 3796 3505 3849 di-

1920 3882 2141 3953 ligebat,
2163 3882 2220 3936 id
2241 3892 2326 3937 est
2348 3883 2619 3951 spiritales
2638 3883 2890 3937 virtutes:
2919 3883 3078 3939 habet
3097 3902 3307 3949 aurum,
3326 3887 3375 3941 id
3400 3896 3502 3952 est,

1922 3974 2083 4033 fidem
2121 3974 2233 4030 sive
2268 3975 2582 4031 interiorem
2626 3990 2880 4040 sensum;
2924 3977 3081 4031 habet
3109 3988 3414 4047 argentum,
3452 3981 3503 4033 i.l

1922 4077 2006 4123 est
2031 4066 2420 4123 confessionem
2460 4071 2574 4123 sive
2598 4067 2795 4137 eloquii
2825 4077 3196 4135 venustatem;
3236 4072 3398 4125 habet
3422 4089 3507 4124 co—

1923 4158 2133 4215 lumnas
2163 4172 2457 4231 argenteas,
2492 4161 2544 4216 id
2578 4170 2663 4216 est
2703 4172 2920 4218 sanctos
2953 4164 3096 4218 viros
3128 4165 3386 4234 patientia
3421 4182 3506 4219 ra-

1917 4253 2164 4319 tionabili
2204 4262 2259 4313 et
2284 4252 2622 4321 eloquiorum
2655 4252 3048 4322 pulchritudine
3079 4265 3350 4324 comptos:
3387 4271 3505 4323 qum

1925 4345 2187 4399 columna:
2212 4344 2411 4399 habent
2436 4344 2594 4399 bases
2616 4352 2920 4412 argenteas,
2957 4360 3077 4398 cum
3108 4359 3270 4412 supra
3296 4346 3502 4398 stabili-

220 4438 513 4518 ;pamlos,
542 4439 596 4495 id
629 4446 732 4505 est,
764 4438 1114 4511 cogitationes
1134 4438 1557 4505 irrationabiles,
1591 4439 1659 4493 ad
1687 4438 1822 4509 Iapi-
1847 4425 1898 4484 D
1928 4443 2090 4488 tatem
2112 4434 2263 4487 verbi
2284 4433 2379 4488 Dei
2394 4432 2536 4502 quod
2556 4448 2656 4503 per
2674 4434 2965 4503 prophetas
2984 4443 3038 4488 et
3054 4434 3326 4502 apostolos
3350 4436 3507 4491 nobis

226 4532 399 4611 dem,
427 4528 495 4583 ad
524 4528 795 4585 Christum
828 4529 1101 4595 videlicet,
1140 4530 1233 4599 qui
1258 4538 1341 4585 est
1371 4529 1507 4600 lapis
1529 4531 1821 4600 angularia,

240 4621 418 4675 allidit
446 4619 619 4690 (Paul,
648 4621 924 4692 cxxxvu);
957 4620 1070 4675 sive
1089 4621 1273 4687 etiam,
1299 4620 1592 4689 ut‘quidam
1620 4621 1824 4685 volunt,

232 4711 455 4768 inimici
485 4708 799 4777 defecerunt
827 4710 1030 4769 framea
1062 4712 1116 4768 in
1148 4712 1332 4779 tinem,
1372 4713 1588 4782 quando
1623 4712 1828 4784 gladius

227 4818 355 4873 quo
403 4803 661 4872 antiquus
700 4802 879 4875 hostis
926 4804 1224 4869 bacchatur
1273 4804 1326 4858 in
1369 4804 1828 4859 consummatione

230 4894 430 4951 surculi
450 4896 834 4963 omnpotentis
867 4895 962 4949 Dei
980 4895 1162 4964 gladio
1200 4895 1589 4965 interimeudns
1610 4905 1722 4960 rst;
1754 4896 1828 4951 de

228 5000 355 5056 Quo
386 4986 445 5040 in
473 4985 580 5041 alio
604 4985 815 5067 psalmo
843 4986 994 5050 dicit,
1025 4985 1147 5043 Nisi
1168 4988 1562 5049 convertamini,
1594 4987 1827 5057 gladium

234 5091 402 5133 suum
427 5075 645 5131 ribrabit
673 5073 846 5147 (Psal.
869 5074 1006 5145 vn);
1043 5084 1098 5130 et
1125 5076 1191 5149 de
1215 5090 1323 5145 quo
1347 5089 1372 5117 ι
1394 5090 1492 5144 per
1513 5076 1827 5145 prophetam

238 5164 584 5245 Ezechielem
630 5168 789 5232 dicit,
832 5165 955 5222 Viro
1003 5185 1116 5239 ego,
1162 5167 1286 5220 dicit
1334 5166 1610 5230 Dominus,
1641 5184 1827 5221 acuatu

232 5262 382 5317 sicut
413 5258 594 5329 fulgur
616 5258 850 5335 gladium
876 5273 1047 5312 meum
1068 5297 1085 5321 ,
1124 5268 1171 5311 et
1200 5257 1417 5312 reddata
1445 5257 1694 5313 ultionem
1721 5258 1826 5312 ini-

232 5355 398 5409 uicis
448 5354 595 5407 uicis.
634 5351 862 5406 b’rasuea
892 5367 1125 5421 namque
1168 5351 1463 5406 Hebraicus
1509 5363 1688 5404 sermo
1722 5356 1825 5415 est,

236 5461 355 5515 quo
392 5444 450 5499 in
478 5443 580 5499 hoc
608 5443 726 5499 loco
751 5442 957 5511 antiqui
984 5441 1156 5497 hostis
1181 5441 1390 5512 gladius
1415 5440 1674 5496 innuitur.
1716 5438 1829 5495 Ini-

230 5536 371 5595 mici
398 5534 569 5604 igitur
597 5536 650 5590 in
679 5536 783 5590 hoc
821 5533 942 5589 loco
965 5550 1070 5589 non
1098 5534 1460 5591 nominativus
1500 5532 1739 5603 pluralis,
1770 5540 1829 5587 ut

312 5684 342 5711 ει
376 5662 494 5724 imo
516 5685 614 5740 per
643 5668 876 5741 Moysen,
905 5669 1061 5723 Deut.
1091 5683 1263 5725 xxxii,
1300 5666 1360 5720 ιιι
1388 5707 1401 5721 .

1929 4524 2178 4588 traditur,
2206 4522 2555 4578 collocantur.
2589 4522 2683 4585 Ha:
2724 4525 2885 4579 etiam
2926 4525 3124 4578 habent
3158 4533 3321 4593 eaput
3344 4526 3508 4581 deau~

1914 4623 2125 4681 ratum,
2157 4614 2282 4683 quia
2310 4622 2471 4683 caput
2497 4630 2718 4669 aureum
2754 4616 2888 4672 lidcs
2908 4624 2992 4669 cst
3009 4615 3230 4680 Christi,
3250 4616 3506 4686 Apostolo

1927 4715 2216 4760 attestante
2239 4706 2331 4774 qui
2358 4707 2467 4760 ait:
2504 4706 2686 4761 Omnis
2710 4721 2934 4775 namque
2963 4706 3058 4759 viri
3083 4716 3237 4775 caput
3267 4707 3506 4762 CIuistus

1927 4812 2001 4856 est
2027 4800 2079 4873 (l
2111 4800 2233 4854 Cor.
2264 4802 2363 4873 ιιι).
2396 4801 2568 4865 liabet
2595 4802 2755 4855 etiam
2783 4816 2881 4870 pro
2902 4801 3061 4871 lignis
3091 4804 3508 4872 imputribilibus

1927 4893 2208 4953 scientiam
2231 4910 2351 4962 qua:
2375 4909 2475 4962 per
2498 4894 2699 4962 lignum
2721 4893 2886 4957 venit,
2913 4894 3027 4947 sive
3052 4894 3505 4965 incorruptionem

1928 4982 2195 5042 castitatis
2224 4998 2342 5052 quae
2374 4991 2694 5037 vetustatem
2723 4983 2913 5037 nescit.
2937 4982 3110 5038 Habet
3133 4994 3187 5038 et
3221 5000 3321 5053 pro
3346 4987 3507 5056 bys~o

1920 5074 2320 5143 virginitatem,
2365 5087 2465 5141 pro
2507 5088 2672 5129 cocco
2705 5072 3059 5129 confessionis
3104 5075 3360 5143 gloriam,
3411 5091 3508 5144 pro

1924 5182 2163 5237 purpura
2210 5166 2491 5221 cltaritatis
2540 5165 2819 5240 fulgorem,
2867 5181 2968 5234 pro
3013 5167 3304 5235 hyacintho
3355 5184 3505 5238 spem

1922 5259 2079 5328 regni
2104 5257 2383 5315 cmkirum.
2412 5255 2505 5310 llis
2528 5256 2769 5310 materiis
2800 5254 2915 5323 ejus
2948 5259 3257 5313 sacerdotes
3280 5261 3507 5314 indiuis—

1931 5358 2037 5413 tur,
2053 5347 2208 5416 juxta
2232 5348 2399 5407 David
2419 5362 2603 5402 vocem
2624 5348 2715 5416 qui
2734 5347 2831 5413 ait,
2856 5346 3162 5403 Sacerdotes
3183 5353 3260 5404 tm”
3282 5352 3506 5406 induan-

1924 5449 2017 5493 tur
2026 5436 2476 5509 justitiam.(Psal.
2495 5436 2729 5507 cxxxn);
2761 5452 2897 5506 quos
2916 5445 2971 5491 et
2994 5437 3191 5493 Paulus
3221 5440 3305 5496 bis
3330 5441 3508 5496 verbis

1928 5531 2195 5595 hortatur,
2226 5544 2348 5585 cum
2376 5529 2525 5594 dicit,
2553 5527 2765 5585 Induite
2799 5546 2886 5584 ros
2917 5529 3110 5584 viscera
3137 5532 3508 5586 misericordia
