3990 6302
550 252 557 255 ν
595 187 732 243 1065

1488 192 1546 248 n.
1588 191 1834 256 canora
1870 190 2084 249 mea:
2112 191 2259 248 orn.
2294 193 2474 250 mas
2508 155 2569 251 ιί
2598 194 2842 252 SECTlO
2870 196 2932 251 ιι.

3600 200 3727 270 uti
3806 276 3813 285 ,

589 301 811 371 (Coloss.
839 298 945 373 ιιι).
972 300 1181 381 Habent
1212 301 1371 357 etiam
1395 299 1513 370 ejus
1531 301 1838 359 sacerdotes
1873 301 1978 367 alia
2000 302 2159 357 nobi-
2189 310 2235 366 Α
2264 305 2569 374 sanguinem
2602 306 2864 359 hirconmt
2898 316 2945 359 et
2979 299 3273 370 vitulorum,
3320 309 3403 362 sed
3434 322 3728 386 perproprim

587 390 723 446 liora
748 392 1077 469 indumenta,
1126 408 1243 462 qua:
1281 392 1422 449 idem
1454 392 1560 446 Vas
1586 392 1870 447 electionis
1899 393 2161 462 designat,

532 510 535 529 ι
589 500 711 540 cum
758 484 926 547 dicit,
965 472 1175 538 lnduite
1218 499 1304 537 vos
1348 482 1629 555 Dominam;
1662 483 1845 541 Iesum
1881 483 2163 548 Christum,

589 586 635 629 et
665 576 838 629 carnis
867 591 1044 651 curam
1069 592 1131 628 ne
1159 574 1403 649 feceritis
1424 575 1480 628 in
1522 560 1945 645 concupiscentiis
1987 576 2166 631 vestris

552 658 555 663 ’
592 665 769 736 (Rom;
803 665 945 736 xm).
977 664 1149 719 Habet
1192 673 1247 719 et
1270 664 1672 729 bibliothecam,
1726 665 1778 719 id
1821 672 1905 720 est
1952 672 2167 720 sanctos

589 758 735 811 viros
758 757 947 810 divina:
973 755 1106 827 legis
1131 754 1466 811 documentis
1486 755 1747 819 eruditos,
1770 755 1836 811 de
1856 756 2053 833 quibus
2072 770 2168 829 per

588 843 911 915 Prophetam
938 845 1153 911 dicitur,
1178 836 1336 900 'Beati
1373 844 1697 901 immaculati
1732 846 1788 900 iu
1816 847 1899 913 via
1918 847 2022 917 qui
2054 861 2167 899 am-

592 934 772 988 bulant
793 935 847 988 in
872 934 980 1006 lege
1002 934 1213 990 Domini
1230 953 1248 990 :
1278 935 1412 1005 beati
1432 935 1521 1007 qui
1549 944 1850 1008 scrutantur
1868 937 2165 992 testimonia

589 1025 723 1095 ejus,
757 1027 813 1079 in
842 1035 945 1079 toto
972 1026 1124 1079 corde
1145 1027 1424 1096 exquirunt
1470 1042 1532 1080 ea
1574 1026 1745 1096 (Psal.
1770 1027 1949 1091 cxrxl;
1986 1034 2041 1081 et
2065 1026 2164 1081 ite-

590 1133 709 1170 rum
749 1117 935 1171 beatos
979 1115 1107 1171 dicit
1133 1132 1226 1171 eos
1253 1117 1346 1187 qui
1377 1117 1635 1172 memoria
1679 1125 1866 1195 tenent
1912 1117 2166 1173 mandata

588 1204 706 1275 ejus
733 1216 790 1259 ut
818 1206 1017 1260 faciant
1051 1222 1134 1261 ea.
1184 1206 1354 1261 llabet
1381 1208 1563 1261 decem
1593 1207 1730 1261 atria
1765 1208 2021 1273 distensa,
2043 1223 2163 1262 cum

589 1314 696 1351 non
726 1296 775 1352 in
806 1314 911 1352 uno
936 1306 1142 1351 tantum
1171 1300 1332 1353 verbo
1366 1298 1516 1369 legis,
1550 1313 1723 1368 neque
1758 1299 1810 1353 in
1836 1299 2043 1354 duobus
2073 1307 2166 1352 aut

590 1387 643 1441 in
670 1388 858 1449 tribus,
894 1387 987 1442 sed
1010 1388 1062 1441 in
1094 1395 1207 1442 toto
1237 1386 1489 1458 decalogo
1518 1387 1653 1456 legis
1693 1387 2166 1456 spiritalisintelli-

586 1480 779 1550 gentiac
811 1479 1159 1548 amplitudine
1181 1477 1457 1545 dilatatur,
1491 1466 1603 1534 sive
1630 1495 1753 1533 cum
1778 1477 2017 1533 fructum
2057 1477 2166 1549 spi-

590 1572 742 1633 ritus,
769 1568 818 1624 id
848 1579 954 1635 est,
987 1570 1258 1641 gaudium,
1299 1586 1506 1639 pacem,
1540 1554 1875 1640 patientiam,
1922 1570 2166 1640 benigni-

2228 399 2569 467 .sanguinem
2613 398 2842 452 introivit
2889 397 3046 451 scatet
3084 399 3137 451 in
3179 409 3355 452 sancta
3394 411 3560 457 (rtem
3590 409 3731 464 τιάρα.

2226 488 2664 557 λριίοηεὶηυεηια
2709 487 2894 558 (Hebr.
2942 488 3062 557 ix);
3103 489 3213 551 sive
3258 490 3340 544 cui
3366 505 3453 562 per
3475 491 3729 556 Psalmist

2263 577 2479 641 dicitur,
2507 576 2585 632 Tu
2602 595 2657 631 es
2672 578 2919 631 sacerdos
2944 578 2999 631 in
3027 572 3275 631 «uernum
3296 581 3547 635 exundant
3566 587 3731 643 ordinat

2265 664 2637 746 Melchisedech
2665 666 2836 738 (Paul.
2863 668 2980 738 cx);
3014 668 3212 737 quiest
3235 669 3444 723 vestitus
3472 672 3732 746 poderehys-

2263 755 2403 819 sino,
2429 771 2552 810 cum
2577 757 2747 810 sancti
2769 755 2885 824 ejus
2914 758 3004 827 qui
3038 758 3224 826 utique
3246 759 3294 811 ei
3320 759 3591 815 adbau'eant
3622 766 3735 820 cau-
3758 800 3763 805 ι

2265 847 2391 902 tatis
2434 846 2679 917 lampade
2716 849 3039 903 vestiuntur.
3079 846 3252 903 liabet
3282 856 3333 901 et
3372 848 3607 905 bumerale
3635 867 3733 923 gen-

2263 947 2488 1004 matum,
2511 941 2634 1008 quia
2655 939 2810 995 electi
2833 939 2948 1008 ejus
2966 955 3192 1009 operum
3217 939 3491 1008 fulgoribus
3509 955 3731 1008 coruscant,

2236 1045 2492 1099 quorum
2533 1046 2698 1102 opera
2726 1031 2967 1087 videntes
3012 1031 3258 1086 homines
3282 1031 3552 1100 gloriﬁcant
3584 1033 3731 1090 Patren

2263 1134 2449 1176 eorum
2472 1121 2561 1189 qui
2586 1121 2640 1174 in
2668 1121 2819 1176 caelis
2845 1129 2962 1176 est:
2996 1122 3091 1190 qui
3115 1121 3278 1176 habet
3298 1122 3350 1175 in
3376 1131 3563 1191 pectore
3583 1123 3733 1193 logica,

2264 1211 2405 1279 quod
2435 1211 2695 1265 rationale
2720 1212 2934 1275 dicitur,
2963 1220 3229 1280 quaterno
3255 1211 3471 1279 lapidum
3503 1211 3736 1268 ordinedit-

2264 1303 2510 1367 tinctura,
2534 1319 2641 1373 quo
2666 1316 2844 1359 sermo
2863 1303 3203 1373 evangelieus
3229 1303 3547 1374 signiﬁcatur,
3566 1307 3635 1373 qui
3649 1321 3736 1373 qut-

2266 1392 2564 1463 druplicato
2589 1394 2780 1469 ordine
2804 1395 3086 1450 veritatem
3118 1394 3240 1461 ﬁdei
3277 1395 3423 1449 nobis
3444 1394 3735 1449 etmanil‘esla-

2265 1487 2465 1540 tionem
2496 1486 2775 1542 Trinitatis
2796 1486 3037 1555 exponit.
3069 1484 3244 1539 Habet
3278 1493 3331 1539 et
3360 1485 3464 1538 auri
3489 1485 3735 1539 laminamin

2265 1574 2441 1631 frortte
2484 1576 2926 1645 resplendeutem,
2969 1576 3116 1644 quod
3159 1575 3385 1644 petalum
3428 1575 3672 1643 appellatur,
3702 1576 3736 1629 id

589 1670 774 1725 talem,
800 1662 1115 1727 bonitatem,
1149 1661 1486 1727 modestiam,
1530 1662 1685 1717 ﬁdem
1706 1703 1721 1727 ,
1758 1648 2164 1729 Continentiam,
2199 1646 2242 1706 Β
2268 1676 2366 1729 est,
2384 1667 2716 1723 divinitatem
2742 1667 2868 1737 quia
2894 1667 3058 1721 unius
3079 1682 3206 1723 cum
3236 1666 3386 1720 Patre
3410 1667 3736 1728 substantiam,

586 1752 795 1822 adjecta
844 1770 964 1822 qua:
1010 1761 1094 1808 est
1145 1748 1599 1821 major‘omnium
1645 1753 1909 1829 cbaritate
1942 1754 2164 1825 profert.

587 1842 761 1899 liabet
803 1845 965 1916 etiam
1014 1844 1202 1908 altare,
1246 1843 1298 1897 id
1340 1851 1422 1899 est
1454 1830 1762 1898 ﬁrmitatem
1800 1844 1945 1910 ﬁdei,
1978 1845 2032 1899 in
2061 1861 2168 1915 qua

586 1938 892 1991 orationum
943 1937 1147 1991 hostias
1195 1944 1250 1991 et
1298 1935 1677 2001 misericordim
1721 1936 1968 1993 victimas
2011 1936 2168 1992 oll‘ert

589 2031 735 2084 Deo:
768 2029 818 2083 in
849 2045 952 2098 qua
982 2029 1322 2084 continentiae
1346 2027 1517 2083 cultro
1544 2030 1849 2097 superbiam
1874 2029 2027 2099 quasi
2052 2038 2170 2085 tau—

588 2138 708 2176 rum
736 2121 997 2201 immolat,
1035 2104 1548 2188 iracunﬁiam’quasi
1577 2120 1797 2174 arietem
1816 2118 2047 2191 jugulat,
2087 2119 2169 2175 lu-

587 2216 799 2287 xuriam
830 2230 1153 2284 omnemque
1190 2214 1464 2268 libidinem
1498 2222 1751 2283 tanquam
1780 2213 1960 2269 hircos
1982 2222 2035 2267 et
2063 2213 2172 2267 bae-

591 2307 687 2361 dos
717 2306 870 2368 litat;
902 2320 969 2359 ex
997 2306 1191 2374 quibus
1216 2305 1465 2359 dextrum
1490 2305 1779 2359 brachium
1809 2314 1864 2358 et
1888 2311 2170 2374 pectuscu-

590 2398 701 2451 luin
726 2406 782 2451 et
819 2396 1065 2451 maxillas
1097 2396 1467 2450 sacerdotibus
1507 2403 1740 2463 separat,
1778 2396 1830 2448 id
1867 2403 1969 2457 est,
2009 2410 2170 2462 opera

593 2489 763 2548 horia,
800 2502 965 2556 opera
1002 2486 1210 2549 dextra,
1250 2487 1301 2539 in
1351 2486 1546 2554 quibus
1589 2485 1866 2538 sinistrum
1917 2484 2171 2552 quiddam

593 2580 894 2634 nullatenus
922 2577 1206 2647 reperitur.
1234 2576 1407 2631 Habet
1440 2583 1497 2629 et
1527 2574 1903 2630 candelabrum
1937 2572 2170 2636 luminis,

593 2672 707 2726 sive
725 2671 853 2739 quia
878 2669 1135 2723 Dominus
1171 2668 1347 2721 lumen
1389 2666 1507 2737 ejus
1529 2676 1628 2728 est,
1681 2668 1795 2721 sive
1836 2666 1959 2734 quia
2004 2665 2174 2720 sancti

592 2760 697 2815 viri
727 2775 955 2829 quorum
986 2760 1219 2813 lucerna:
1241 2767 1364 2812 sunt
1387 2759 1635 2812 ardentes
1656 2766 1711 2812 et
1739 2758 1903 2811 lumbi
1926 2755 2173 2819 accincti,

594 2850 684 2919 qui
735 2858 1051 2918 exspectant
1091 2849 1374 2901 Dominum
1417 2861 1572 2900 suum
1622 2848 1838 2916 quando
1877 2854 2177 2901 revertatur

592 2955 625 2992 a
676 2940 905 3007 nuptiis,
957 2940 1221 2992 lucivoma
1268 2938 1324 2990 in
1372 2952 1435 2991 ea
1487 2938 1883 3006 praedicationis
1928 2938 2175 3006 dogmata

596 3028 846 3083 fundunt.

668 3121 820 3188 Quod
852 3120 1227 3175 candelabrum
1252 3120 1589 3175 lucernarum
1638 3121 1688 3174 in
1730 3112 1971 3174 atistrum
2015 3120 2176 3175 habet

596 3212 912 3268 collocatum
938 3223 994 3264 ιιι
1017 3212 1083 3267 ad
1104 3210 1407 3280 aquilonem
1430 3211 1699 3280 respiciat,
1720 3210 1773 3263 id
1791 3218 1894 3273 est,
1922 3216 1983 3263 ut
2003 3212 2173 3265 sancti

598 3303 699 3357 viri
728 3302 1009 3371 vigilanter
1047 3310 1103 3356 et
1126 3301 1403 3357 sollicitius
1439 3302 1746 3357 intueantur
1785 3313 2000 3368 semper
2029 3310 2176 3355 astu-

599 3395 703 3449 tias
732 3393 949 3458 diaboli,
975 3402 1030 3447 et
1050 3394 1241 3463 pavida
1275 3403 1453 3449 mente
1490 3394 1752 3463 aspiciant
1782 3395 1921 3447 unde
1949 3394 2023 3447 sit
2049 3409 2177 3447 ven-

598 3495 720 3541 tura
742 3487 998 3540 tentalio:
1040 3485 1163 3555 quia
1202 3493 1259 3539 et
1279 3484 1542 3556 Propheta
1580 3486 1778 3540 vidisse
1812 3501 1871 3539 se
1893 3485 2023 3539 dicit
2049 3501 2173 3538 suc-

599 3594 820 3634 censum
840 3577 1066 3632 lebetem
1089 3578 1172 3631 vel
1196 3577 1358 3633 ollam
1378 3585 1434 3631 et
1458 3578 1648 3631 faciem
1675 3575 1792 3645 ejus
1812 3594 1841 3629 a
1866 3576 1893 3629 Γ
1890 3578 2004 3630 acie
2024 3576 2177 3643 aqui-

600 3670 777 3724 lonis:
816 3680 873 3724 et
926 3669 1130 3725 in-alio
1172 3669 1290 3724 loco
1333 3669 1561 3732 dicitur,
1609 3667 1686 3722 Ab
1731 3667 1986 3739 Aquilone
2037 3667 2175 3719 enim

582 3764 857 3835 pandetur
893 3762 1089 3819 malum
1115 3778 1270 3832 super
1307 3763 1596 3815 universam
1636 3770 1828 3815 terram
1853 3761 2070 3830 (Jerem.
2108 3758 2171 3830 1).

599 3854 669 3909 Et
712 3855 902 3908 Petrus
949 3855 1220 3922 apostolus
1267 3853 1424 3915 dicit,
1460 3853 1598 3919 Quia
1642 3853 1973 3907 adversarius
2016 3862 2177 3906 vester

600 3945 860 4009 diabolus,
888 3945 1020 4024 rigat
1050 3945 1129 3998 leo
1173 3946 1381 4015 rugiens
1405 3945 1590 3997 circuit
1612 3958 1849 4013 qua’rens
1892 3959 2042 4013 quem
2087 3943 2176 3995 de-

603 4045 740 4091 uoret
773 4035 823 4106 (I
858 4034 970 4087 Pet.
993 4034 1069 4105 v).
1112 4035 1283 4088 Habet
1307 4042 1362 4088 et
1392 4048 1632 4088 mensam
1663 4034 2040 4103 propositionis
2079 4034 2175 4088 ha—

603 4128 816 4182 bentem
834 4125 1112 4179 duodecim
1126 4140 1293 4193 panes
1314 4125 1626 4180 collocatam
1651 4127 1703 4179 in
1733 4134 1885 4194 parte
1911 4126 2177 4194 aquilonis

601 4234 724 4287 qua:
748 4216 969 4285 respicit
1000 4213 1066 4267 ad
1090 4223 1352 4280 austrum,
1381 4215 1434 4268 id
1455 4225 1539 4269 est
1571 4218 1848 4271 duodecim
1887 4215 2173 4284 apostolos,

602 4320 740 4376 quos
773 4304 1013 4373 quotidie
1045 4303 1406 4358 indesinenter
1432 4302 1650 4371 juletur
1668 4319 1936 4374 apponere
1956 4320 2080 4374 quae
2109 4305 2177 4358 ad

603 4405 843 4451 austrum
876 4394 1113 4464 respicit,
1146 4396 1273 4464 quia
1317 4395 1563 4453 videlicet
1608 4397 1843 4466 quotidie
1890 4398 2176 4451 adventura

605 4490 811 4544 Domini
838 4488 1194 4558 praesumitur.
1232 4488 1484 4542 Dominus
1504 4490 1659 4552 sitim,
1689 4491 1763 4543 ait
1804 4490 2088 4560 Propheta,
2115 4491 2178 4544 ab

604 4588 784 4632 austro
805 4579 965 4632 veniet
996 4576 1162 4650 (llab.
1190 4574 1494 4650 tn).Habet
1516 4580 1689 4634 altare
1713 4580 1935 4644 incensi,
1962 4581 2088 4651 quia
2115 4581 2181 4635 de

602 4671 719 4737 ejus
749 4668 867 4725 ﬁdei
896 4670 1149 4724 ﬁrmitate
1173 4686 1387 4739 semper
1421 4671 1724 4724 orationum
1762 4680 2069 4726 sanctarum
2100 4670 2181 4725 fu-

607 4776 727 4816 mus
753 4761 805 4815 in
843 4770 1131 4830 conspectu
1169 4761 1377 4816 Domini
1413 4761 1765 4826 ascendit,.et
1792 4761 2030 4831 quotidie
2059 4778 2181 4816 cum

608 4851 775 4908 David
803 4852 1021 4915 clamat,
1054 4851 1328 4921 Dirigutur
1348 4851 1518 4904 oratio
1535 4868 1651 4905 mea
1680 4853 1815 4905 sicut
1841 4853 2106 4906 incensum
2127 4853 2183 4906 in

604 4958 879 5019 conspectu
924 4957 1014 5000 tuo
1064 4945 1236 5017 (Prol.
1284 4946 1469 5017 cxu);
1520 4947 1634 5002 sive
1674 4947 1842 5016 quia,
1890 4946 2182 5002 secundum

604 5039 939 5109 Apostolum,
964 5036 1156 5091 Christi
1177 5038 1340 5091 bonus
1363 5039 1492 5092 odor
1512 5054 1691 5093 sumus
1711 5038 1823 5093 Deo
1846 5038 1899 5109 (1
1906 5038 1933 5092 1
1956 5036 2078 5092 Cor.
2095 5036 2178 5104 ιι).

609 5131 776 5186 [labet
800 5129 1228 5200 propitiatorium
1256 5138 1312 5185 et
1332 5145 1510 5186 arcam
1537 5140 1592 5185 et
1626 5132 1760 5186 duos
1786 5131 2084 5193 cherubim,
2119 5130 2185 5184 de

593 5220 804 5291 quibus
826 5219 1072 5289 superius
1098 5218 1151 5273 in
1176 5221 1409 5288 quodam
1451 5223 1685 5292 capitulo
1721 5222 2049 5291 disputatum
2079 5228 2181 5273 est.

608 5310 783 5365 Habet
806 5318 862 5364 et
886 5309 1193 5380 pontiﬁcem
1217 5327 1484 5368 summum
1513 5315 1578 5368 de
1602 5327 1711 5382 quo
1745 5312 1941 5367 Paulus
1973 5320 2186 5380 aposto-

607 5402 694 5456 lus
722 5401 871 5466 dicit,
898 5399 1132 5457 Christus
1162 5412 1334 5457 autem
1355 5405 1600 5458 assistens
1630 5403 1864 5473 pontifex
1885 5401 2183 5471 futurorum

606 5493 861 5549 bonorum
895 5511 986 5564 per
1009 5494 1234 5565 amplius
1258 5506 1306 5549 et
1331 5494 1606 5566 perfectius
1645 5491 2037 5547 tabernaculum
2082 5508 2183 5546 non

607 5601 765 5640 manu
795 5584 1012 5655 factum,
1043 5586 1096 5640 id
1126 5595 1219 5647 est,
1250 5604 1353 5642 non
1384 5586 1540 5647 huius
1569 5585 1865 5647 creationis,
1898 5601 2058 5652 neque
2094 5600 2187 5653 per

2268 1757 2522 1828 quoniam
2552 1757 2694 1811 sicut
2716 1757 2770 1810 in
2802 1755 3034 1811 metallis
3055 1755 3132 1810 nil
3155 1762 3482 1824 comparatur
3502 1770 3616 1815 auro,
3636 1754 3686 1807 ita
3700 1763 3739 1807 et

2264 1849 2321 1903 in
2348 1846 2610 1903 creaturis
2635 1846 2707 1901 nil
2730 1846 3033 1917 comparari
3058 1853 3237 1915 potest
3263 1844 3507 1900 Cteatori.
3528 1842 3601 1910 Qui
3621 1843 3736 1897 etiam

2266 1940 2505 2012 pontifex
2540 1941 2700 1996 habet
2736 1940 2791 1994 in
2834 1940 3188 1995 interioribus
3235 1937 3469 2008 partibus
3503 1936 3740 2005 operimenta

2267 2051 2381 2098 sua,
2417 2035 2542 2106 quia
2584 2034 2898 2104 mysterium
2945 2030 3337 2088 incarnationis
3378 2028 3485 2097 ejus
3518 2024 3739 2093 investigari

2268 2126 2485 2182 diﬁicile‘
2506 2134 2604 2183 est.
2635 2123 2841 2179 Joanne
2864 2130 3157 2178 attestante
3187 2121 3280 2191 qui
3308 2121 3397 2183 ait,
3426 2118 3565 2188 Cujus
3586 2133 3655 2184 ego
3674 2129 3741 2167 και

2270 2234 2383 2272 sum
2410 2217 2605 2286 dignus
2639 2215 2834 2269 solvere
2867 2215 3152 2284 corrigiam
3199 2210 3513 2274 calceameuti
3546 2206 3689 2278 (Mart.
3715 2220 3740 2267 ι,

2269 2309 2398 2364 Luc.
2428 2308 2535 2379 tu).
2568 2307 2736 2361 liabet
2764 2305 2926 2359 etiam
2957 2319 3058 2374 per
3085 2301 3379 2358 indumenti
3415 2299 3644 2356 circuitum
3676 2295 3744 2348 lin-

2270 2400 2545 2458 tiunabula
2572 2415 2691 2469 qum
2717 2400 2770 2453 in
2804 2406 3049 2453 extremo
3083 2395 3323 2464 ejusdem
3351 2390 3607 2447 vestimenti
3627 2387 3740 2457 posit:

2272 2499 2419 2556 sunt,
2445 2499 2501 2544 ut
2544 2504 2756 2559 semper
2785 2486 3016 2541 sonitum
3048 2482 3213 2541 dent:
3255 2485 3374 2554 quia
3398 2480 3606 2536 videlicet
3629 2474 3741 2530 sancti

2273 2580 2671 2652 pamdicatores,
2700 2579 2791 2648 qui
2817 2577 2935 2648 ejus
2964 2578 3157 2649 utique
3197 2576 3538 2631 indumentum
3570 2576 3675 2630 sunt,
3704 2566 3746 2620 de

2273 2672 2532 2727 extremis
2554 2670 2883 2739 temporibus
2903 2667 2959 2723 e't
2993 2670 3101 2723 line
3130 2666 3313 2722 mundi
3336 2665 3537 2719 reticere
3559 2659 3742 2714 uestiunt

2276 2764 2368 2817 sed
2389 2777 2601 2830 semper
2620 2776 2719 2815 nos
2740 2761 2805 2815 de
2829 2759 3023 2814 futuris
3045 2759 3353 2820 admonent,
3372 2745 3745 2809 attendentcsillud

2276 2853 2417 2922 quod
2467 2867 2562 2921 per
2586 2853 2871 2922 quemdam
2921 2851 3224 2920 sapientem
3254 2849 3455 2911 dicitur,
3497 2844 3550 2898 In
3583 2840 3745 2895 omnibus

2278 2944 2515 3014 aperibus
2541 2943 2643 2996 tuis
2663 2958 2950 2996 memorare
2987 2941 3269 2996 netiss‘inm
3296 2949 3401 3001 tua,
3435 2944 3479 2990 et
3500 2935 3547 2987 in
3574 2940 3746 2985 (rtem

2200 3002 2247 3065 Ω
2278 3002 2381 3088 non
2403 3034 2635 3105 peccabis
2674 3032 2884 3104 (Eccle.
2913 3032 3047 3105 vn).
3099 3029 3273 3087 Habet
3308 3030 3459 3084 etiam
3492 3027 3588 3080 lucc
3620 3021 3749 3074 domus

2277 3127 2392 3193 Dei,
2422 3126 2477 3181 id
2500 3134 2583 3181 est
2611 3126 2868 3187 Ecclesia,
2896 3125 3054 3194 cujus
3096 3126 3350 3179 decorem
3391 3116 3749 3175 brevissimum-

2276 3232 2565 3281 meramus,
2601 3216 2796 3272 Sancta
2823 3225 3137 3271 satietorum
3162 3232 3176 3269 :
3217 3214 3338 3284 quia
3369 3210 3573 3267 videlicet
3594 3206 3631 3258 in
3649 3213 3748 3270 prm-

2275 3308 2412 3361 senti
2436 3307 2637 3362 saeculo
2660 3322 2758 3376 pro
2790 3307 2993 3362 sanctis
3019 3308 3188 3373 habet
3227 3314 3458 3360 sanetam
3485 3291 3751 3376 conversatur

2274 3413 2432 3462 nem;
2486 3413 2584 3468 pro
2630 3396 2842 3452 Sanctis
2891 3413 3019 3453 vero
3056 3405 3405 3457 sanctorum,
3442 3392 3487 3445 in
3516 3402 3608 3458 qua:
3639 3375 3751 3436 εεωεί

2274 3491 2645 3556 tantummodo
2681 3490 2929 3551 intratur,
2960 3490 3252 3543 transitum
3282 3485 3347 3540 ad
3386 3483 3569 3543 uelum,
3604 3468 3752 3544 quando

2274 3598 2298 3633 \
2312 3581 2575 3635 isibilibus
2598 3579 2919 3647 contemptis
2940 3578 3004 3632 ad
3029 3576 3320 3631 invisibilia
3344 3572 3532 3628 transit.
3546 3568 3605 3622 De
3621 3562 3752 3633 quill“il

2274 3672 2559 3741 Apostolus
2596 3672 2757 3726 dicit:
2799 3669 3133 3735 Charissimi,
3187 3670 3410 3723 nonduin
3446 3648 3753 3749 apparut'l‘qlﬂl.

2275 3762 2502 3817 erimus:
2540 3763 2730 3817 scimus
2757 3761 3003 3833 quoniam
3045 3777 3168 3814 cum
3219 3756 3516 3831 apparuerit,
3551 3744 3753 3833 similest!

2266 3854 2487 3917 erimus,
2508 3853 2759 3922 quoniam
2770 3830 3060 3905 ridebimus
3082 3867 3204 3904 eum
3224 3848 3374 3904 sicuti
3394 3856 3461 3900 est
3479 3842 3525 3913 (1
3542 3841 3666 3895 lana.
3684 3830 3753 3897 ιη)-

2278 3942 2429 3996 llunc
2458 3941 2969 3996 excellentissimum
2995 3954 3125 4010 ergo
3151 3948 3209 3994 et
3230 3938 3457 3993 cmlestis
3480 3930 3634 4003 patria
3651 3926 3755 3979 deco-

2280 4046 2390 4084 rem
2417 4032 2677 4086 dilexerat
2697 4032 2780 4085 vir
2810 4031 3317 4092 ille-sanctissimus,
3345 4044 3442 4082 non
3480 4018 3755 4090 imaginnmel

2260 4126 2515 4184 celerum
2540 4126 2710 4192 fucos,
2736 4142 2844 4181 non
2874 4125 3236 4180 materialium
3257 4125 3561 4194 picturarum
3582 4107 3756 4168 similitu-

2262 4221 2452 4274 dines.
2484 4216 2564 4271 Οἱ)
2588 4218 2730 4271 hunc
2752 4218 3020 4280 decorem,
3064 4228 3172 4269 non
3201 4218 3269 4269 ob
3309 4209 3584 4267 matcriales
3602 4204 3754 4271 ﬁguras,

2212 4350 2255 4409 ο
2280 4311 2432 4382 quasi
2472 4311 2702 4381 quodam
2720 4324 2725 4329 ’
2731 4307 3071 4409 intolerabili
3114 4305 3377 4363 desiderio
3407 4294 3755 4409 restitutus:

2282 4417 2405 4456 cum
2428 4400 2679 4455 dicebat:
2723 4396 2852 4452 Haec
2875 4408 3194 4452 memoratus
3231 4410 3343 4451 sum
3384 4403 3428 4447 et
3463 4386 3602 4458 effudi
3636 4382 3675 4435 in
3706 4389 3757 4428 ut

2273 4492 2509 4544 animum
2533 4505 2721 4549 nteant,
2760 4489 3007 4559 quoniam
3041 4485 3487 4558 ingredior‘locum
3522 4463 3757 4532 talu'rtun‘llﬁ

2279 4579 2609 4634 admirabilis
2637 4594 2800 4649 usque
2822 4578 2889 4631 ad
2910 4578 3125 4632 domum
3151 4577 3250 4632 Dei
3273 4572 3435 4648 (Psal.
3461 4566 3596 4636 xui).
3620 4563 3676 4616 Dc
3692 4559 3757 4649 llic

2281 4672 2460 4733 domo,
2501 4684 2609 4723 non
2655 4646 2724 4722 de
2773 4669 2856 4722 his
2898 4667 3195 4722 visibilihus
3234 4646 3513 4735 parietibus
3553 4646 3758 4724 Apostolus

2282 4759 2453 4813 dixit:
2497 4758 2707 4813 Scimus
2749 4760 2997 4829 quoniam
3045 4759 3091 4811 si
3141 4757 3393 4812 terrestris
3438 4752 3597 4805 domus
3638 4746 3756 4796 natm

2282 4851 2443 4920 hujus
2468 4850 2808 4904 habitationis
2844 4850 3176 4914 dissolvatur,
3202 4848 3339 4921 quod
3367 4841 3757 4929 a‘dificationcmti

2285 4943 2393 4996 Deo
2426 4943 2696 5005 habemus,
2736 4943 2949 4996 domum
2975 4958 3080 4996 non
3107 4940 3474 5009 manufestum,
3514 4938 3703 4987 utentum
3722 4933 3756 4969 tl

2278 5034 2423 5088 castis
2454 5033 2539 5105 (ll
2568 5032 2691 5089 Cor.
2723 5036 2797 5103 v).
2823 5033 2975 5088 Hunc
2996 5033 3243 5088 decorem
3268 5031 3440 5090 Isaias,
3457 5040 3551 5081 non
3568 5018 3757 5114 pictorllnl

2283 5140 2445 5194 Opera
2474 5126 2803 5195 respicienda
2828 5126 3217 5187 considerabat,
3236 5136 3354 5177 cum
3375 5117 3589 5177 dicebat:
3609 5106 3757 5195 Rulli“

2286 5192 2418 5272 Sion
2463 5192 2716 5271 civitatem
2760 5216 3103 5271 solemnitatis
3145 5226 3283 5270 tuas:
3327 5208 3456 5266 oculi
3481 5205 3549 5259 tui
3588 5192 3756 5253 ridebam

2276 5307 2577 5362 Jerusalem
2604 5349 2618 5371 ,
2670 5307 3043 5362 habitationem
3098 5305 3412 5377 epulentam,
3457 5279 3758 5377 ισὺργηαςπίξξξ

2285 5400 2422 5471 quod
2458 5415 2782 5470 nequaquam
2825 5398 3103 5468 transferri
3130 5365 3299 5468 potest
3346 5391 3469 5463 (lca.
3500 5365 3759 5471 “still-gf

2286 5467 2387 5543 hac
2415 5489 2575 5542 domo
2614 5467 2711 5557 per
2750 5488 2917 5543 David
2944 5467 3178 5542 dicitur:
3219 5484 3361 5538 Beati
3400 5478 3482 5549 qui
3513 5467 3697 5557 *“W’i'
3721 5468 3756 5557 Τ

2287 5580 2439 5632 domo
2485 5542 2678 5641 tumin
2714 5577 2906 5633 sa‘cula
2941 5576 3248 5633 smculormn
3293 5566 3551 5651 laudabunt
3574 5542 3752 5615 Irim"
