3990 6302
216 276 359 335 1065

207 488 382 537 ceam,
416 471 633 538 Paulus,
653 474 940 541 Antonius,
975 476 1236 545 Hilarion,
1263 479 1346 535 vel
1366 480 1542 535 omnis
1566 479 1799 533 anacho-

206 570 452 617 retarum
476 563 591 617 sive
619 565 967 639 eremitarum
1007 575 1243 633 caterva,
1271 570 1362 631 qui
1384 569 1635 625 decorem
1656 569 1800 625 basi-

205 653 441 719 licarum
469 653 582 708 sive
629 656 922 725 imaginum
962 658 1296 730 depictamm
1339 676 1449 717 non
1470 661 1788 724 habuerunt,

205 745 309 801 sed
336 746 391 799 in
417 746 738 815 quibusdam
765 736 1046 818 tuguriolis
1071 766 1197 805 suas
1220 752 1329 807 Deo
1357 752 1562 807 animas
1584 752 1800 807 dedica-

206 846 429 903 verunt,
468 836 667 893 idcirco
693 841 864 895 sancti
894 857 1001 896 non
1029 844 1194 897 sunt?
1222 852 1278 899 et
1314 844 1433 900 ideo
1462 852 1556 898 aut
1592 859 1697 898 non
1722 843 1805 897 di—

126 984 137 989 _
209 929 452 999 ligebant
478 930 727 985 decorem
758 932 948 991 domus
975 934 1209 1001 Domini,
1251 943 1345 990 aut
1390 936 1564 991 locum
1591 930 1803 991 habita-

210 1018 379 1072 tionis
408 1018 591 1087 glorim
629 1020 724 1074 Dei
759 1019 1005 1101 flagranti
1041 1032 1257 1094 pectore
1302 1026 1651 1094 contemplari
1696 1040 1803 1081 non

212 1108 604 1164 desiderabant
625 1110 752 1179 quia
778 1112 1037 1181 imagines
1061 1128 1165 1169 non
1194 1116 1467 1172 habebant
1489 1132 1590 1172 nec
1615 1118 1804 1172 adora-

211 1199 390 1253 bant?
417 1200 561 1255 Intra
587 1216 644 1255 se
668 1203 873 1257 etenim
894 1205 1034 1260 sicut
1066 1214 1120 1261 et
1154 1216 1361 1263 cautem
1387 1216 1585 1263 sancta:
1615 1208 1806 1263 animae

216 1291 477 1359 templum
509 1291 602 1345 Dei
630 1300 684 1347 et
704 1291 879 1348 locum
915 1296 1262 1354 habitationis
1287 1300 1471 1371 gloria:
1494 1299 1611 1369 ejus
1633 1300 1803 1357 habe-

213 1378 367 1442 bant,
415 1378 627 1435 dicente
660 1382 800 1438 Vase
838 1384 1119 1442 electionis
1153 1376 1171 1442 εΔ
1212 1388 1479 1459 Templum
1526 1392 1664 1445 enim
1709 1389 1807 1444 Dei

210 1481 460 1525 sanctum
501 1482 573 1526 est
621 1475 761 1544 quod
793 1476 914 1530 estis
941 1495 1025 1531 vos
1060 1478 1112 1550 (I
1134 1478 1256 1533 Cor.
1286 1480 1392 1552 ιιι).
1424 1481 1644 1536 Plurimi
1671 1498 1807 1551 pra:-

217 1566 371 1612 terea
400 1567 469 1612 ex
498 1559 797 1615 divinarum
839 1561 1239 1633 Scripturarum
1271 1569 1451 1624 aureis
1500 1569 1670 1639 pratis
1696 1569 1803 1625 colo

216 1649 316 1720 iigi
363 1652 630 1708 ambrosei
678 1654 839 1711 liores
875 1666 1125 1727 poterant
1147 1701 1162 1726 ,
1203 1663 1398 1730 quibus
1426 1672 1481 1718 ct
1511 1665 1805 1721 secundum

1006 277 1187 335 LIBRI
1222 272 1566 335 CAROLINI.
1605 306 1677 319 -—-
1714 275 1937 333 CAPIT.
1977 277 2066 333 DE
2102 275 2292 333 IMAG.
2331 306 2403 319 --
2441 276 2570 331 LIB.
2612 277 2676 331 ll.
2846 348 2849 351 _

209 384 457 455 ιιιιιν).
489 381 868 454 Νωιηιιὶἐιιιιω
906 387 1076 442 sancti
1117 388 1334 454 Patres,
1366 396 1427 443 ut
1457 396 1681 444 caeteros
1709 397 1790 442 ta-
1822 397 1863 452 Α
1890 389 2155 459 imagines
2202 402 2310 443 non
2354 388 2528 444 solum
2559 389 2762 453 visuri,
2814 388 2910 443 sed
2958 388 3230 443 adoraturi
3271 401 3473 455 vorent,

3329 273 3468 331 1066

1898 476 2474 547 cujus'pollicitationis
2516 487 2807 547 compotes
2825 477 3000 534 ell'ecti
3038 480 3232 537 merito
3268 479 3474 546 ‘dicant,

1901 565 2050 622 Sicut
2069 568 2479 634 audirimus,jta
2502 578 2550 622 et
2573 569 2818 623 uidimus.
2831 569 2940 623 Nos
2967 578 3145 625 autem
3171 570 3284 637 qui,
3300 571 3478 638 opim-

1901 654 2043 711 lante
2064 656 2190 720 Deo,
2226 657 2556 725 psalmorum
2582 659 2917 728 prophetiam
2940 659 3253 728 spiritaliter
3275 672 3374 728 pro
3394 660 3482 714 vi-

1901 745 2052 800 ribus
2085 746 2458 817 intelligimus,
2504 762 2612 801 non
2661 748 2762 802 hoc
2803 763 3015 802 comma
3058 748 3126 803 de
3159 748 3485 804 manufactis

1902 834 2223 904 imaginibus
2247 837 2468 902 dictum,
2508 838 2601 892 sed
2632 839 2698 893 de
2726 838 3111 909 insignioribus
3139 850 3194 894 et
3235 841 3510 896 eminen-‘

1905 925 2131 980 tioribus
2164 926 2434 996 mysteriis
2454 926 2831 996 prophetatum
2872 926 3035 983 fuisse
3067 929 3358 984 sentimus:
3391 930 3483 999 qui

1905 1016 2153 1072 videlicet
2187 1016 2328 1071 sicut
2350 1017 2405 1071 in
2430 1017 2545 1087 lege
2572 1018 2638 1071 de
2663 1016 2862 1071 Christi
2897 1017 3129 1072 adventu
3160 1017 3485 1085 audivimus,

1905 1105 1961 1159 in
1989 1105 2277 1177 Evangeiio
2306 1106 2547 1161 videmus
2572 1123 2588 1173 ;
2629 1107 2769 1162 sicut
2798 1107 2851 1161 in
2877 1107 3150 1176 prophetis
3173 1108 3236 1162 de
3262 1107 3378 1177 ejus
3404 1107 3487 1189 in-

1905 1198 2220 1253 carnatione
2264 1197 2642 1266 comperimus,
2696 1196 2752 1252 in
2796 1198 2930 1254 Novi
2969 1200 3301 1253 Testamenti
3348 1215 3487 1256 nunc

1906 1287 2046 1345 serie
2074 1288 2348 1367 cernimus
2369 1332 2381 1350 .
2417 1288 2559 1344 sicut
2586 1288 2640 1342 in
2670 1288 3052 1360 hagiographis
3088 1298 3145 1344 et
3184 1290 3240 1343 in
3282 1292 3488 1344 cunctis

1906 1378 2077 1432 sacris
2115 1377 2308 1433 litteris
2348 1376 2415 1433 de
2446 1376 2564 1447 ejus
2608 1379 2924 1453 nativitate,
2978 1380 3231 1445 passione
3256 1420 3271 1446 ,
3308 1395 3486 1435 resur-
3512 1402 3521 1423 ·-

1907 1470 2185 1535 ι-θοιίοιιθ,”
2213 1471 2281 1525 ad
2318 1470 2517 1526 omium
2551 1472 2895 1538 ascensione,
2946 1473 3136 1544 typicis
3178 1472 3488 1528 videbamus

1905 1560 2306 1631 prmiiguratum
2333 1559 2502 1616 fuisse
2534 1561 2824 1632 mysteriis,
2873 1578 3015 1616 nunc
3042 1571 3260 1631 peracta
3297 1568 3490 1618 cuncta

1908 1650 2076 1708 fuisse
2116 1653 2169 1715 in
2199 1653 2402 1709 sanctis
2431 1653 2673 1708 videmus
2700 1653 3045 1724 Evangeliis:
3086 1656 3178 1724 qui
3224 1656 3388 1710 etiam
3428 1671 3491 1712 eo

218 1740 599 1811 tropologiam,
627 1752 680 1799 et
719 1748 1013 1803 secundum
1058 1751 1389 1821 allegoriam,
1419 1762 1473 1808 ει
1517 1757 1808 1811 secundum
1844 1734 1885 1794 Β
1911 1754 2182 1801 annuente
2206 1745 2551 1803 adteternam
2572 1747 2802 1816 patriam
2829 1748 3061 1813 venturi,
3086 1758 3141 1804 et
3164 1749 3220 1803 in
3240 1765 3305 1805 ea
3329 1750 3492 1806 visuri

218 1846 527 1905 anagogen,
568 1845 768 1892 sanctae
812 1839 1067 1897 Ecclesiae
1115 1844 1275 1899 decor
1301 1854 1713 1915 monstraretur,
1762 1846 1811 1902 si

220 1922 511 1979 brevitatis
552 1926 640 1981 cui
666 1928 945 1985 studemus
983 1943 1091 1986 non
1119 1935 1542 2005 praepediremur
1565 1936 1809 1994 habenis.

220 2010 292 2067 Ili
319 2028 453 2085 ergo
477 2017 633 2085 pauci
659 2034 757 2088 pro
782 2020 1027 2089 pluribus
1064 2025 1257 2095 prolati
1282 2027 1577 2093 sulliciant,
1619 2029 1813 2099 quibus

221 2105 462 2177 diligens
486 2108 653 2165 lector
683 2120 882 2167 cmtera
909 2129 1028 2184 qua:
1067 2115 1156 2170 hic
1188 2118 1394 2186 prolata
1439 2135 1545 2175 non
1573 2124 1699 2175 sunt
1734 2123 1815 2175 in-

220 2197 433 2268 dagare
466 2204 694 2269 curabit,
719 2213 771 2258 et
796 2205 988 2263 domus
1017 2207 1113 2263 Dei
1158 2209 1428 2276 decorem,
1469 2225 1577 2265 non
1600 2211 1657 2265 in
1682 2211 1815 2268 ima-

219 2291 446 2359 ginibus
492 2296 876 2361 materialibus,
924 2301 1017 2354 sed
1064 2300 1120 2355 in
1165 2301 1452 2358 virtutibus
1485 2304 1815 2373 spiritalibus

221 2379 587 2451 refulgentem
609 2400 729 2440 esse
756 2386 973 2441 videbit.

798 2519 1024 2578 CAPUT
1072 2522 1223 2579 XXX

222 2600 389 2688 Quod
405 2622 518 2688 non
551 2624 645 2688 pro
666 2612 983 2688 mastufactis
1004 2615 1318 2688 imaginibus
1338 2634 1431 2688 per
1456 2618 1815 2684 Psalmistam,

300 2675 480 2756 ut_illi
523 2675 929 2756 a'i'u‘nttdiet'um
957 2693 1053 2751 est,
1103 2675 1256 2741 Sicut
1297 2675 1619 2756 audivimus,
1652 2691 1725 2744 ita
1764 2675 1820 2745 et

305 2745 538 2801 vidimus
566 2747 737 2819 (Psal.
766 2757 978 2825 vaut).

302 2835 571 2905 Quoniam
622 2841 787 2910 igitur
829 2844 1165 2904 manufactas
1211 2850 1475 2919 imagines
1518 2866 1578 2906 se
1622 2852 1819 2907 vidisse

224 2929 488 2998 gratulati
530 2939 670 2996 sunt,
717 2932 1014 2991 Psalmistae
1041 2938 1141 2993 sibi
1170 2939 1495 2995 versiculum
1520 2957 1822 2998 accommo-

224 3017 500 3073 (laverunt
537 3020 797 3088 dicentes,
837 3022 985 3079 Sicut
1013 3027 1328 3094 audivimus,
1369 3031 1442 3084 ita
1488 3041 1535 3085 et
1577 3033 1818 3100 vidimus,

221 3107 671 3197 dicantnquatso,
722 3111 903 3169 dicant
945 3116 1036 3171 ubi
1077 3117 1179 3172 hoc
1205 3127 1330 3174 ante
1374 3120 1641 3176 audierint
1680 3123 1822 3191 quod

227 3200 396 3255 modo
431 3200 487 3255 in
514 3201 839 3273 imaginibus
873 3204 1088 3273 vident;
1131 3208 1315 3263 dicant
1351 3210 1472 3279 quis
1492 3212 1825 3280 patriarcha-

229 3306 358 3344 rum
410 3292 864 3361 prophetarumve
908 3286 1003 3350 aut
1047 3299 1415 3366 apostolorum
1461 3300 1565 3355 hoc
1608 3300 1824 3355 illorum

227 3382 444 3437 auditui
473 3384 730 3451 intulerit,
767 3389 910 3456 quod
951 3390 1111 3443 modo
1149 3390 1360 3444 illorum
1404 3391 1607 3447 visibus
1635 3398 1820 3462 patet:

227 3471 424 3527 dicant
465 3473 587 3543 quis
628 3474 731 3529 illis
760 3476 862 3531 hoc
904 3478 1242 3547 privilegium
1287 3479 1623 3548 praedixerit,
1680 3478 1823 3549 quod

238 3625 1487 3654 Μ...

1913 1850 2101 1891 sumus
2143 1851 2265 1905 qua:
2295 1836 2349 1890 in
2394 1835 2554 1904 hujus
2595 1837 2940 1893 mortalitatis
2985 1854 3227 1894 aerumna
3267 1840 3334 1895 de
3380 1840 3495 1909 ejus

1913 1921 2168 1981 felicitate
2190 1925 2526 1992 audivimus,
2558 1926 2861 1996 dicturique
2900 1944 3086 1985 sumus
3107 1971 3124 1995 ,
3160 1929 3309 1986 Sicut
3347 1933 3492 1985 audi-

1915 2014 2101 2081 vimus,
2130 2016 2204 2070 ita
2231 2025 2279 2070 et
2308 2016 2575 2082 vidimus;
2614 2017 2670 2072 id
2692 2025 2794 2083 est,
2825 2018 2978 2074 Sicut
3007 2021 3311 2077 audivimus
3355 2036 3495 2077 mor-

1915 2100 2080 2169 tales,
2127 2103 2371 2159 videmus
2411 2120 2556 2160 nunc
2597 2107 2967 2173 immortales;
3008 2109 3149 2164 si'cut
3196 2111 3498 2169 audivimus

1914 2194 2287 2264 eorruptibiles
2311 2234 2326 2260 ,
2365 2195 2612 2252 videmus
2654 2212 2802 2253 nunc
2849 2197 3323 2270 incorruptibiles;
3362 2204 3499 2259 sicut
3530 2220 3533 2225 '

1916 2287 2221 2342 audivimus
2274 2287 2330 2342 in
2383 2303 2687 2345 aerumnosa
2737 2291 3169 2361 peregrinatione
3190 2333 3205 2357 ,
3257 2294 3501 2350 videmus

1916 2377 2148 2443 nuncin
2185 2377 2429 2439 vivorum
2472 2376 2783 2434 felicissima
2814 2380 3068 2452 regione:
3106 2383 3250 2451 quod
3297 2385 3487 2440 audivi-

1832 2490 1839 2497 -
1916 2484 2038 2524 mus
2082 2484 2205 2523 cum
2248 2469 2586 2538 patiebamur
2631 2471 3111 2539 procellosissimas
3158 2482 3502 2544 tempestates

1917 2559 2117 2623 saeculi,
2148 2560 2391 2615 videmus
2415 2576 2559 2616 nunc
2585 2576 2709 2617 cum
2731 2563 2969 2639 potimur
2988 2566 3308 2621 suavissima
3346 2583 3500 2623 secu-

1918 2653 2078 2708 ritate
2104 2653 2340 2729 paradisi
2365 2669 2380 2718 ;
2421 2653 2671 2723 quodque
2699 2654 3006 2713 audivimus
3031 2672 3155 2711 cum
3181 2657 3503 2714 timebamus

1919 2745 2429 2814 periculosissimum
2465 2745 2807 2816 naufragium
2830 2786 2845 2814 ,
2894 2748 3139 2805 videmus
3188 2765 3333 2806 nunc
3378 2751 3504 2807 cum

1920 2837 2265 2905 pervenimus
2284 2838 2352 2894 ad
2376 2838 2747 2894 cautissimum
2769 2846 2827 2894 et
2848 2841 3004 2911 nobis
3032 2841 3191 2913 longe
3211 2851 3334 2898 ante
3363 2843 3506 2899 desi-

1923 2928 2321 3005 deratissimum
2370 2937 2606 2998 portum.
2657 2928 2716 2984 In
2767 2931 2872 2986 hoc
2924 2947 3053 2987 sane
3099 2933 3327 2989 articulo
3361 2935 3507 2992 hunc

1924 3022 2156 3091 primum
2185 3021 2383 3083 librum
2406 3021 2728 3077 cludendum
2755 3038 2878 3094 esse
2917 3026 3243 3094 putavimus,
3262 3026 3265 3031 ’
3285 3036 3346 3081 ut
3378 3041 3507 3096 quo-

1914 3114 2067 3170 niam
2100 3116 2166 3171 de
2196 3124 2350 3185 portu
2390 3116 2717 3172 mentionem
2744 3114 2991 3184 fecimus,
3017 3118 3165 3173 illum
3203 3133 3416 3189 quoque
3452 3120 3506 3175 in

1922 3207 2027 3267 hoc
2055 3207 2174 3264 loco
2198 3209 2267 3263 ad
2289 3216 2503 3277 portum
2542 3197 2888 3275 deducamus,
2919 3220 2979 3265 ut
3001 3221 3268 3268 retroacta
3297 3214 3508 3284 naviga-

1922 3299 2069 3353 tione
2090 3298 2299 3368 fatigati
2314 3299 2704 3369 aliquantisper
2723 3300 2776 3354 in
2799 3309 2956 3369 portu
2973 3303 3287 3371 spatiantes,
3305 3318 3509 3359 resum-

1920 3390 2135 3459 ptisque
2179 3390 2404 3452 viribus,
2452 3390 2519 3443 ad
2560 3389 2778 3444 secundi
2820 3390 2938 3445 libri
2967 3393 3380 3462 navigationem,
3406 3392 3510 3449 Do-

1922 3481 2070 3534 mino
2097 3480 2413 3546 auxiliante,
2450 3480 2567 3535 vela
2604 3482 2905 3536 tendamus.
3286 3482 3291 3485 ’

1490 3633 3499 3671 ——————————————J-——_—____‘

1409 3750 1712 3828 LIBER
1786 3747 2356 3830 SECUNDUS.

830 3982 1219 4074 I’RIEFATIO.

312 4120 587 4186 Tractatis
619 4129 674 4183 in
710 4131 986 4198 superiore
1021 4130 1159 4185 libro
1183 4144 1344 4198 quam
1389 4125 1707 4185 brevissime
1738 4127 1822 4185 di-

232 4221 389 4277 vine
412 4220 547 4292 legis
575 4219 891 4290 quibusdam
936 4221 1308 4285 commatibus,
1341 4236 1480 4291 quae,
1527 4230 1587 4277 ut
1634 4224 1827 4279 crebro

235 4310 687 4376 memoravimus,
717 4310 793 4365 illi
815 4320 1002 4367 contra
1026 4326 1163 4380 quos
1182 4312 1307 4367 huic
1327 4322 1516 4369 nostro
1539 4314 1679 4385 stylo
1702 4330 1828 4370 con-

1929 4021 2253 4089 ohnitentes,
2285 4024 2354 4080 ad
2382 4023 2600 4079 tertium
2619 4023 2675 4078 in
2694 4023 2848 4093 cujus
2869 4025 3136 4099 principio
3164 4036 3363 4086 nostra:
3386 4031 3511 4090 ildei

1931 4113 2338 4187 fundamentum
2368 4116 2502 4181 erit,
2534 4116 2757 4171 liberius
2784 4116 3134 4185 accedamus,
3162 4128 3222 4175 ut
3257 4123 3513 4191 quoniam

1934 4218 2135 4264 sanctae
2162 4209 2215 4264 in
2238 4223 2304 4265 eo
2323 4218 2378 4265 et
2411 4209 2585 4265 unica:
2603 4209 2896 4269 Trinitatis
2922 4209 3191 4269 confessio
3215 4208 3515 4271 continebi-

1937 4308 2043 4364 tur,
2074 4300 2221 4355 tertii
2243 4314 2458 4370 quoque
2482 4296 2605 4354 libri
2633 4314 2888 4355 numerus
2918 4300 3180 4356 habeatur
3200 4313 3518 4360 exornetur—
3552 4322 3555 4325 ·

235 4401 428 4456 ﬂictus
470 4408 583 4466 est,
614 4402 685 4457 ob
729 4416 839 4456 sua:
877 4377 1130 4456 vanitatis
1175 4403 1457 4477 mateﬂam
1505 4377 1819 4460 iniciendam

1932 4405 2037 4460 que
2063 4391 2432 4453 sacratissimo
2457 4406 2684 4446 numero
2713 4391 2804 4460 qui
2838 4391 3181 4447 exornandus
3203 4403 3286 4449 est
3316 4404 3517 4450 sancta:

235 4490 536 4560 protulisse
558 4500 872 4555 noscuntur,
913 4491 999 4546 vel
1023 4492 1184 4547 etiam
1208 4493 1526 4562 quibusdam
1557 4494 1611 4548 in
1639 4495 1828 4549 eodem

238 4583 390 4641 libro
432 4582 656 4652 prolatis
679 4583 927 4651 capitulis
950 4599 1072 4652 quae
1102 4584 1170 4639 de
1203 4598 1389 4639 eorum
1416 4586 1832 4654 reprehensione

238 4689 358 4735 non
399 4673 850 4742 inconsequenter
872 4672 1191 4742 proferenda
1212 4683 1388 4741 erant,
1421 4690 1643 4731 necesse
1667 4683 1750 4731 est
1774 4682 1834 4729 ut

239 4764 302 4818 in
329 4761 604 4832 praesenti,
641 4763 881 4819 secundo
920 4763 1168 4819 videlicet
1196 4764 1352 4828 libro,
1383 4773 1440 4820 et
1479 4765 1674 4819 divina:
1703 4764 1835 4834 legis

240 4868 382 4910 sane
414 4852 702 4922 sobrieque
728 4853 939 4908 residua
978 4863 1249 4909 commata
1286 4855 1592 4918 tractaturi,
1619 4862 1675 4909 et
1699 4869 1835 4923 quo-

242 4943 499 4999 rumdam
535 4952 845 4998 sanctorum
883 4943 1105 5000 Patrum
1147 4945 1288 5000 male
1318 4945 1669 5001 nihilominus
1712 4960 1837 5000 sen-

239 5035 453 5090 tentias
478 5034 546 5089 ab
572 5033 675 5089 illis
696 5042 981 5104 usurpatas
1008 5035 1243 5104 propriis
1278 5036 1527 5091 sensibus
1553 5035 1834 5102 reddituri,

241 5125 482 5181 Domino
515 5123 763 5190 favente,
811 5125 1208 5195 aggrediamur.
1248 5124 1307 5179 In
1352 5139 1460 5194 quo
1496 5125 1661 5178 etiam
1699 5124 1838 5179 libro

241 5216 502 5287 quaedam
531 5200 766 5285 capitula
808 5216 1114 5272 inserentur
1153 5231 1274 5289 qua:
1314 5231 1502 5272 eorum
1550 5214 1723 5271 errori
1768 5214 1837 5269 ad

243 5316 467 5364 mentes
491 5307 727 5365 ﬁdelium
762 5308 1072 5364 transeundi
1100 5307 1304 5363 aditum
1339 5306 1698 5375 intercipiant,
1729 5318 1838 5375 quo

244 5414 342 5465 res
364 5399 657 5454 sanctitate
684 5400 811 5461 sive,
831 5402 1155 5457 auctoritate
1182 5409 1430 5456 carentes
1456 5399 1839 5455 sacratissimis

244 5494 418 5548 rebus
444 5499 502 5546 et
525 5492 594 5548 ab
614 5491 732 5563 ipso
757 5493 985 5548 Domino
1012 5494 1277 5550 institutis
1299 5494 1632 5564 aequiparare
1652 5494 1836 5549 nitun-

247 5597 376 5653 tur;
409 5595 470 5641 ut
490 5587 546 5643 in
566 5586 651 5643 bis
670 5587 879 5647 duobus
899 5587 1263 5644 voluminibus
1280 5603 1377 5658 per
1404 5588 1632 5644 duorum
1653 5589 1840 5644 Testa-

247 5689 567 5736 mentorum
608 5679 862 5735 salutaria
903 5694 1053 5734 arma
1091 5694 1278 5767 eorum
1312 5681 1621 5752 vanissimis
1650 5682 1840 5738 naeniis

540 5773 811 5836 PATROL.
863 5768 1140 5836 XCVIII.-

1932 4480 2056 4537 ildei
2094 4482 2355 4559 mysterio
2386 4498 2399 4536 :
2428 4496 2642 4537 omnem
2679 4482 2943 4551 siquidem
2975 4490 3174 4537 nostra:
3197 4483 3519 4552 disputatio-

1932 4577 2019 4632 nis
2049 4576 2164 4631 sive
2206 4584 2526 4633 cteterorum
2554 4584 2772 4632 actuum
2799 4591 2949 4645 spem
2992 4591 3101 4630 non
3142 4576 3196 4630 in
3222 4578 3520 4632 mundana-

1934 4683 2052 4723 rum
2082 4667 2281 4722 artium
2326 4667 2727 4737 argumentosis
2770 4665 3196 4733 allegationibus,
3229 4664 3321 4721 sed
3363 4666 3418 4721 in
3452 4682 3518 4722 eo

1934 4760 2263 4817 collocantes
2305 4760 2398 4829 qui
2423 4768 2478 4814 et
2516 4773 2614 4829 per
2652 4757 2992 4827 praesentiam
3028 4757 3364 4827 corporalem
3401 4757 3517 4813 ait:

1938 4850 2062 4905 Non
2092 4851 2229 4905 enim
2253 4867 2342 4905 vos
2381 4851 2505 4904 estis
2529 4851 2618 4919 qui
2650 4848 2941 4919 loquimini,
2966 4848 3058 4901 sed
3083 4847 3313 4918 Spiritus
3338 4847 3520 4905 Patris

1934 4943 2088 4999 vestri
2130 4944 2221 5014 qui
2261 4932 2493 5023 loquitur
2519 4944 2576 4994 in
2610 4939 2751 4995 vobis
2780 4937 3004 5008 (Matth.
3034 4939 3134 5010 x);
3161 4947 3216 4993 et
3248 4939 3517 5008 quondam

1933 5047 2034 5102 per
2057 5032 2381 5101 Prophetam
2420 5032 2649 5095 dixerat,
2682 5027 2862 5082 Dilata
2888 5042 2946 5081 os
2968 5037 3116 5081 tuum
3156 5038 3207 5083 et
3229 5044 3323 5099 ego
3351 5030 3522 5084 adim-

1934 5124 2083 5196 plebo
2097 5123 2231 5178 illud
2248 5121 2420 5194 (Psali
2442 5119 2649 5191 Lxxxt).
2674 5120 2798 5175 ideo
2815 5119 2979 5190 igitur
2988 5134 3088 5189 per
3105 5120 3390 5189 quemdam
3405 5136 3523 5192 gra-

1936 5217 2114 5274 diendi
2150 5217 2394 5272 ordinem
2437 5213 2597 5284 hujus
2637 5220 2840 5269 nostra:
2881 5212 3263 5283 disputationis
3291 5214 3523 5285 quibus-

1937 5308 2061 5363 dam
2084 5309 2348 5363 librorum
2374 5305 2867 5375 intercapedinibus
2890 5304 3237 5360 distinximus
3253 5321 3517 5375 gressum,

1935 5416 2005 5456 ne
2027 5400 2327 5457 indistincti
2358 5398 2569 5453 itineris
2603 5397 2877 5455 tramitem
2904 5395 3208 5450 inordinata
3239 5397 3522 5465 prolixitas

1936 5492 2171 5548 elliceret
2194 5491 2551 5557 fastidiosum,
2578 5504 2681 5546 nec
2697 5490 2855 5545 libuit
2877 5489 3033 5545 nobis
3052 5490 3305 5559 quiddam
3329 5490 3523 5546 atl'erre

1938 5586 2356 5654 incompositum
2383 5584 2468 5639 vel
2496 5585 2843 5655 indigestum,
2877 5599 2949 5638 ne
2990 5583 3171 5653 operis
3216 5583 3521 5638 inordinata

1943 5677 2223 5747 congeries
2266 5676 2451 5732 lectori
2492 5676 2802 5747 perturbata
2834 5674 3217 5732 vociferatione
3259 5673 3521 5729 rusticum
