3990 6302
489 252 625 308 106⁸1

1358 250 1423 303 Β.
1459 249 1710 307 CAROLI
1748 245 1965 304 MAGNI
2001 242 2155 300 OPP.
2194 244 2376 302 PARS
2412 247 2477 302 ll.
2520 248 2764 308 SECTIO
2797 252 2863 307 ll.

3612 250 3753 309 {068

485 330 772 435 qhemdam
798 363 1065 432 praeberet
1094 361 1382 418 tumultum
1408 378 1421 414 :
1459 361 1585 430 quia
1608 368 1664 416 et
1699 360 1804 415 iter
1832 372 2062 429 carpen-
2087 359 2142 417 Δ
2166 371 2357 413 sanum
2397 361 2744 434 sobriumque
2779 363 3109 421 intellectum
3137 364 3341 421 habent
3362 365 3431 422 de
3457 363 3757 438 imaginum

485 463 570 512 tes
592 454 848 526 congruis
880 455 1201 525 quibusdam
1240 454 1573 523 temporibus
1600 450 1822 521 spatiari
1845 465 1956 505 non
1983 463 2069 504 re-

483 551 677 611 nuunt,
725 551 780 600 et
825 560 1098 615 agrorum,
1127 544 1407 600 vinearum
1441 543 1528 599 vel
1573 543 1738 613 gtiam
1784 542 2067 598 hortorum

483 635 719 692 cultores
742 650 840 705 per
865 637 1129 706 quasdam
1153 648 1465 704 camporum
1506 632 1954 702 intercapedines,
1981 628 2068 685 vel

484 729 651 784 etiam
674 742 774 801 per
796 742 1051 799 agrorum
1069 727 1432 783 dimensiones
1451 726 1652 782 limites
1676 732 1916 780 statuere
1935 737 2067 779 oon-

486 824 797 873 sueveruut.

994 885 1221 943 CAPUT
1260 885 1550 943 PRIMUM.

489 978 640 1047 Quod
678 995 782 1033 non
818 986 1029 1049 propter
1069 993 1157 1033 eos
1207 978 1457 1049 scriptum
1483 977 1549 1031 sit
1573 977 1666 1049 qui
1689 976 1944 1049 imagines
1970 975 2068 1029 ad-

552 1064 704 1102 orare
728 1045 1080 1112 contemnunt,
1111 1049 1245 1103 sicut
1274 1045 1353 1100 illi
1378 1047 1557 1100 dicunt
1578 1045 1667 1112 qui
1695 1062 1784 1101 eas
1805 1045 2063 1110 adorant,

548 1118 688 1187 quod
713 1118 769 1171 in
797 1116 998 1187 psalmo
1024 1116 1234 1188 legitur,
1262 1116 1471 1184 Quanta
1500 1114 1825 1187 malignatus
1849 1122 1934 1170 est
1962 1114 2065 1169 ini-

549 1187 724 1243 micus
752 1188 809 1241 in
836 1188 1042 1242 sanctis
1068 1187 1194 1241 tuis.

548 1279 646 1334 Est
664 1293 880 1349 quoque
903 1285 958 1333 et
983 1277 1114 1334 illud
1141 1292 1249 1333 non
1276 1266 1566 1334 mediocris
1590 1275 1814 1332 insania:
1836 1275 1980 1345 quod
2000 1287 2064 1329 ea

477 1383 599 1438 quae
627 1369 695 1424 de
715 1369 801 1424 his
831 1368 988 1439 longe
1009 1376 1136 1423 ante
1170 1368 1461 1438 praedicata
1484 1376 1609 1423 sunt
1642 1367 1733 1437 qui
1761 1367 1953 1421 urbem
1976 1362 2067 1419 Je-

476 1461 710 1516 rusalem
733 1468 1044 1517 everterunt
1081 1471 1136 1516 et
1167 1461 1424 1532 templum
1449 1460 1663 1517 Domini
1688 1448 2062 1523 incenderunt,

476 1552 567 1608 isti
599 1551 667 1608 de
690 1551 795 1608 illis
829 1552 1135 1622 intelligunt
1160 1553 1252 1622 qui
1275 1550 1535 1622 imagines
1568 1552 1794 1606 adorare
1821 1556 2065 1605 contem-

474 1648 612 1698 nunt
642 1659 656 1695 :
687 1642 989 1712 praesertim
1028 1657 1154 1697 cum
1198 1641 1345 1697 aliud
1380 1649 1436 1696 et
1474 1640 1632 1711 longe
1680 1639 1824 1694 aliud
1859 1638 1948 1702 sit,
1997 1637 2064 1691 de

474 1732 678 1804 templo
703 1748 853 1787 mare
879 1746 1087 1788 mneum
1115 1740 1171 1788 et
1201 1733 1334 1788 duos
1367 1732 1647 1787 cherubim
1674 1738 1729 1787 et
1753 1744 1880 1789 vasa
1903 1734 2063 1784 caete-

474 1837 642 1892 raque
675 1829 992 1878 ornamenta
1017 1820 1224 1884 tollere,
1248 1828 1302 1874 et
1332 1819 1477 1875 aliud
1502 1818 1840 1873 manufactas
1867 1815 2060 1884 imagi-

474 1929 574 1969 nes
611 1929 722 1969 non
768 1914 1033 1980 adorare;
1070 1912 1218 1967 aliud
1260 1911 1583 1967 urbicremis
1625 1911 1838 1981 ignibus
1879 1906 2063 1977 templi

473 2004 927 2074 pulchritudinem
953 2006 1281 2075 mancipare,
1310 2003 1455 2059 aliud
1476 2004 1770 2074 imaginum
1792 2001 2064 2057 adoratio—

474 2111 601 2152 nem
633 2095 836 2161 vitare;
877 2095 1025 2150 aliud
1068 2094 1361 2149 crudeliter
1408 2102 1598 2148 sancta
1633 2098 1942 2147 sanctorum
1987 2089 2065 2144 di-

473 2202 653 2251 ruere,
680 2185 823 2241 aliud
861 2186 1159 2255 prudenter
1182 2185 1410 2255 picturis
1443 2183 1578 2239 colla
1608 2182 1890 2261 deﬂectere
1916 2180 2061 2235 inhi-

471 2280 621 2335 bere.
654 2278 895 2349 Denique
919 2277 1168 2347 quisquis
1194 2289 1356 2331 nosse
1380 2276 1528 2345 cupit
1565 2275 1632 2330 de
1652 2289 1760 2344 quo
1777 2272 2062 2328 Psalmista

472 2370 711 2426 dixerit:
750 2368 962 2437 Quanta
994 2367 1318 2440 malignatus
1354 2376 1429 2421 est
1476 2366 1722 2420 inimicus
1765 2366 1821 2418 in
1864 2364 2060 2419 sanctis

470 2464 576 2518 tuis
604 2461 780 2534 (Psal.
805 2461 997 2533 vau),
1028 2477 1135 2517 non
1157 2461 1333 2517 solum
1356 2460 1482 2516 libri
1511 2459 1719 2529 Regum
1744 2458 1987 2514 historiis
2008 2465 2064 2512 et

471 2554 839 2610 Romanorum
861 2555 1030 2625 gestis
1053 2553 1395 2624 perdocetur,
1414 2567 1536 2622 quae
1553 2552 1891 2622 praeteritum
1912 2550 2064 2605 urbis

469 2645 770 2703 Jesusalem
814 2653 871 2701 et
916 2645 1101 2715 templi
1153 2643 1426 2700 excidium
1471 2650 1715 2709 narrant,
1758 2643 1853 2699 sed
1896 2642 2064 2696 etiam

469 2736 639 2808 ipsius
665 2736 836 2791 David
878 2735 1081 2807 egregii
1124 2735 1407 2805 prophetae
1455 2732 1712 2789 vaticinio
1754 2732 2061 2799 instruitur,

468 2828 563 2899 qui
607 2827 817 2883 futuras
858 2827 1038 2882 clades
1073 2826 1314 2897 praefatae
1342 2826 1496 2882 urbis
1518 2833 1574 2881 et
1602 2824 1938 2881 eversionem
1980 2840 2066 2880 sa-

469 2917 762 2973 cratissimi
806 2916 951 2971 illius
989 2916 1173 2985 templi
1203 2930 1301 2986 per
1348 2916 1587 2981 schema,
1616 2915 1759 2986 quod
1799 2915 2066 2986 prolepsis

469 3008 691 3074 dicitur,
734 3006 917 3062 futura
961 3007 1114 3077 quasi
1161 3007 1435 3077 praeterita
1483 3006 1780 3063 modulavit
1826 3007 2061 3062 dicens:

468 3100 633 3165 Deus,
656 3109 904 3155 venerunt
926 3109 1099 3170 gentes
1119 3100 1174 3155 in
1196 3099 1553 3154 hwreditatem
1574 3107 1738 3163 tuam,
1765 3098 2064 3170 polluerunt

469 3191 717 3262 templum
750 3202 991 3246 sanctum
1037 3200 1206 3256 tuum,
1255 3199 1538 3261 posuerunt
1583 3190 1879 3246 Jerusalem
1929 3191 2065 3247 velut

468 3297 742 3351 pomorum
783 3282 1070 3346 custodias,
1096 3289 1151 3337 et
1196 3289 1393 3339 caetera
1440 3280 1625 3352 (Psal.
1657 3282 1884 3353 uxrx);
1918 3289 1973 3338 et
2010 3283 2063 3337 in

468 3372 697 3442 psalmo,
726 3372 880 3442 cujus
923 3374 1013 3428 hic
1050 3373 1350 3430 versiculus
1389 3381 1492 3439 est,
1525 3377 1591 3430 de
1617 3390 1724 3445 quo
1761 3391 1904 3431 nunc
1947 3377 2064 3448 agi-

469 3480 612 3529 mus,
636 3464 768 3520 dicit
792 3479 806 3517 :
835 3464 1047 3530 Quanta
1075 3465 1396 3536 malignatus
1425 3474 1501 3519 est
1526 3465 1769 3520 inimicus
1790 3466 1846 3520 in
1868 3467 2064 3521 sanctis

468 3557 595 3620 tuis,
622 3563 671 3609 et
700 3553 910 3626 gloriati
949 3565 1071 3610 sunt
1095 3570 1272 3610 omnes
1314 3556 1403 3627 qui
1431 3564 1482 3610 te
1506 3556 1727 3611 oderunt
1754 3572 1771 3611 :
1799 3557 1855 3611 in
1892 3557 2062 3612 medio

470 3647 606 3700 atrio
647 3655 737 3701 tuo
765 3655 1049 3718 posuerunt
1084 3648 1235 3718 signa
1275 3663 1373 3711 sua
1397 3647 1570 3718 signa,
1598 3656 1648 3701 et
1683 3664 1785 3702 non
1816 3664 2065 3719 cognoue-

471 3745 594 3790 runt
621 3745 873 3807 tanquam
894 3737 949 3800 in
975 3736 1057 3790 via
1079 3753 1235 3807 super
1265 3752 1548 3803 summum,
1571 3746 1822 3808 tanquam
1843 3738 1898 3792 in
1917 3736 2064 3808 sylva

470 3827 733 3897 lignorum
769 3827 1038 3882 securibus
1062 3827 1363 3882 exciderunt
1376 3828 1579 3898 januas
1612 3829 1749 3899 ejus,
1774 3830 1989 3900 bipenne
2010 3840 2064 3895 et

470 3919 618 3973 ascia
666 3918 963 3987 dejecertmt
1010 3935 1109 3983 ea;
1151 3918 1491 3974 incenderunt
1541 3919 1651 3991 igni
1702 3922 2063 3975 sanetuarium

472 4018 644 4073 tuum,
667 4009 724 4061 in
745 4018 885 4061 terra
930 4007 1227 4077 polluerunt
1274 4009 1670 4064 tabernaculum
1712 4011 1938 4065 nominis
1986 4013 2064 4067 tui

473 4098 647 4172 (Psal.
672 4097 900 4169 LXXIII);
932 4100 1075 4168 quod
1115 4100 1279 4154 etiam
1310 4101 1364 4154 in
1390 4101 1496 4156 alio
1520 4101 1729 4170 psalmo
1753 4103 2064 4171 expressius

472 4189 619 4245 dicto
656 4186 789 4243 dicit
820 4204 832 4240 :
865 4186 1244 4243 Exterminaoit
1276 4204 1394 4243 eam
1423 4206 1549 4261 aper
1584 4190 1650 4245 de
1683 4189 1835 4256 silva,
1866 4200 1915 4246 et
1954 4194 2065 4247 sin-

470 4280 675 4354 gularis
703 4280 846 4351 ferus
875 4279 1122 4350 depastus
1149 4288 1224 4334 est
1248 4295 1385 4334 eam.
1416 4279 1523 4338 Sed
1551 4298 1621 4336 ne
1659 4296 1821 4352 quem
1851 4292 2064 4339 moveat

470 4372 615 4445 quod
644 4387 755 4428 non
791 4370 945 4435 dixit,
986 4367 1197 4445 Quanta
1236 4369 1511 4442 malignati
1543 4382 1664 4428 sunt
1707 4374 1937 4441 inimici,
1967 4375 2062 4431 sed

474 4439 685 4534 Quanta
716 4464 1036 4536 malignatus
1075 4444 1170 4530 εὲι,
1202 4439 1450 4520 advertat
1478 4466 1579 4522 hoc
1604 4482 1701 4537 per
1720 4439 1948 4539 ligugam
1972 4467 2056 4524 lo-
2086 4439 2136 4499 D

470 4557 704 4614 cutionis
726 4557 930 4613 dictum
958 4554 1146 4623 fuisse,
1164 4570 1287 4626 quae
1307 4556 1553 4627 syllepsis
1576 4570 1939 4629 nuncupatur,
1960 4575 2058 4630 per

368 4680 369 4683 η
470 4665 636 4722 quam
663 4655 718 4704 et
741 4663 842 4719 pro
862 4663 972 4704 uno
998 4647 1152 4702 multi
1177 4656 1471 4718 ponuntur,
1504 4656 1564 4703 ut
1585 4649 1639 4703 in
1652 4649 1965 4721 Evangelio,
1987 4651 2057 4705 Et

470 4741 701 4795 latrones
736 4737 827 4809 qui
856 4753 978 4791 cum
1006 4753 1067 4792 eo
1101 4735 1343 4806 cruciﬁxi
1373 4746 1522 4791 erant
1561 4737 1979 4808 improperabant
2010 4740 2059 4793 ei
2102 4754 2107 4761 '

473 4830 689 4903 (Matth.
729 4827 933 4901 xxvn);
962 4828 1095 4893 sive,
1137 4826 1385 4897 Defuncti
1416 4828 1539 4881 sunt
1572 4828 1708 4881 enim
1736 4828 1826 4898 qui
1862 4845 2060 4899 qurere-

472 4922 596 4976 bant
614 4920 861 4975 ‘animam
897 4918 1048 4990 pueri
1073 4916 1286 5014 (blank.
1325 4916 1424 4988 tt);
1453 4924 1506 4972 et
1548 4931 1647 5014 prp
1672 4918 1856 4974 multis
1895 4936 2056 4987 unus,

470 5020 532 5066 ut
562 5011 616 5066 in
643 5010 832 5067 Exodo
850 5008 1066 5079 legitur,
1085 5006 1195 5063 Ora
1207 5007 1277 5061 ad
1289 5007 1592 5075 Dominum,
1612 5006 1667 5062 ut
1684 5010 1890 5081 auferat
1915 5028 1946 5064 a
1968 5027 2060 5066 no-

472 5103 552 5157 bis
577 5109 865 5171 serpentem
898 5098 1090 5171 (Num.
1123 5101 1272 5172 xxi);
1298 5108 1355 5155 et
1392 5100 1447 5154 in
1468 5100 1699 5170 psalmo,
1728 5100 1875 5158 Misit
1903 5105 1957 5159 in
1985 5106 2061 5161 eis

474 5206 712 5247 muscam
739 5189 984 5245 caninam
1007 5199 1056 5244 et
1077 5191 1297 5244 comedit
1322 5207 1430 5256 eos,
1453 5201 1502 5245 et
1531 5208 1663 5247 rana
1704 5195 2065 5249 exterminavit

476 5297 564 5337 eos
595 5278 769 5352 (Psal.
800 5276 1048 5350 Lxxvut).
1079 5279 1235 5347 Quod
1262 5289 1318 5336 et
1345 5281 1391 5337 si
1419 5283 1541 5352 quis
1559 5284 1853 5339 secundum
1875 5285 2062 5356 mysti-

480 5386 600 5428 cam
615 5369 1024 5441 intelligentiam
1051 5371 1299 5428 subtilius
1321 5382 1615 5441 scrutetur,
1639 5390 1744 5430 non
1767 5376 2061 5446 incongrue

478 5471 722 5523 sanctam
755 5462 1052 5519 Ecclesium
1075 5465 1319 5521 advertet
1336 5474 1391 5521 et
1412 5467 1771 5538 malignanter
1794 5469 1848 5523 in
1870 5484 1930 5524 ea
1954 5471 2064 5525 ha:-

478 5551 680 5615 reticos
699 5551 990 5623 intelliget,
1014 5553 1109 5624 qui
1129 5569 1252 5609 eam
1280 5569 1492 5626 semper
1516 5558 1699 5627 pravis
1721 5558 2065 5629 dogmatibus

480 5640 738 5700 infestare
775 5639 1056 5712 nituntur;
1088 5654 1469 5716 verumtamen
1496 5661 1529 5704 a
1558 5647 1704 5707 nullo
1744 5665 1930 5708 eorum
1971 5653 2063 5722 qui

2168 447 2537 506 adorationem
2598 454 3067 510 contemnentibus
3127 453 3480 525 intelligetur.
3543 452 3762 521 Quanto

2166 555 2297 610 ergo
2315 541 2392 595 illi
2422 542 2537 597 sani
2567 558 2760 600 sensus
2787 553 3036 615 expertes
3058 555 3202 613 sunt,
3231 547 3325 617 qui
3350 547 3495 602 hunc
3517 547 3763 601 versicu-

2168 630 2277 686 lum
2301 633 2368 688 de
2391 634 2472 688 eis
2488 633 2691 689 dictum
2716 633 2884 690 fuisse
2911 643 3214 703 autumant,
3244 647 3396 692 tanto
3417 636 3677 691 nimirum
3707 635 3765 690 hi

2167 724 2222 779 in
2266 726 2348 780 sui
2392 740 2583 782 sensus
2632 726 2816 796 vigore
2848 736 3170 796 permanent
3212 729 3305 798 qui
3350 727 3619 798 imagines
3651 740 3767 779 non

2167 815 2416 871 adorant.

2783 903 3012 962 CAPUT
3050 907 3113 961 ll.

2168 994 2321 1061 Quod
2351 1012 2443 1068 nec
2470 996 2604 1050 illud
2632 997 2701 1051 ad
2734 997 2870 1068 hanc
2902 1013 3010 1050 rem
3049 999 3323 1068 pertineat,
3354 1009 3409 1051 ut
3440 998 3520 1051 illi
3547 998 3767 1061 dicunt,

2232 1066 2372 1137 quod
2394 1068 2644 1138 scriptum
2673 1076 2769 1131 est,
2796 1066 3059 1139 Quoniam
3092 1083 3197 1122 non
3231 1078 3317 1123 est
3333 1067 3443 1139 jam
3464 1070 3766 1139 propheta,

2235 1136 2290 1190 et
2313 1151 2413 1190 nos
2444 1136 2549 1191 non
2574 1145 2863 1208 cognoscet
2888 1136 3138 1206 amplius.

2234 1225 2369 1281 Nam
2406 1235 2462 1282 et
2501 1228 2591 1283 hic
2621 1243 2834 1299 quoque
2875 1228 3174 1283 versiculus
3200 1228 3254 1283 in
3295 1227 3531 1299 ejusdem
3558 1229 3772 1301 synodi

2134 1316 2393 1372 ‘lectione
2427 1317 2854 1387 incompetenter
2881 1318 3088 1388 positus
3115 1326 3215 1382 est,
3247 1320 3495 1388 quoniam
3531 1320 3772 1390 quidem

2164 1423 2265 1463 nec
2284 1417 2470 1463 nostra
2498 1424 2602 1463 vox
2635 1409 2832 1479 estqui
2857 1409 3073 1464 Patrem
3100 1410 3154 1465 in
3189 1410 3380 1480 spiritu
3424 1418 3478 1464 et
3518 1411 3775 1466 veritate

2165 1500 2474 1567 adoramus,
2503 1515 2603 1555 nec
2628 1500 2843 1556 illorum
2878 1502 2970 1570 qui
2996 1501 3165 1556 Deum
3208 1500 3430 1572 ejusque
3453 1510 3683 1558 sanctos
3711 1502 3775 1556 in

2166 1589 2494 1661 imaginibus
2524 1592 2750 1646 adorare
2780 1599 3044 1647 conantur
3074 1605 3090 1644 :
3118 1593 3247 1661 quia
3288 1592 3601 1661 prophetam
3634 1606 3775 1647 ma-

2093 1704 2142 1764 n
2167 1695 2330 1750 gnum
2355 1681 2616 1735 habemus
2654 1678 2838 1735 Jesum
2869 1680 3143 1736 Christum
3175 1680 3449 1736 dominum
3475 1691 3773 1752 nostrum,

2167 1774 2234 1828 de
2258 1789 2366 1843 quo
2392 1788 2490 1843 per
2515 1772 2732 1844 Moysen
2758 1774 2955 1829 dicitur
2976 1789 2992 1828 :
3018 1774 3302 1830 Suscitabit
3332 1775 3581 1830 Dominus
3601 1775 3772 1833 Deus
3830 1822 3838 1829 .

2164 1863 2467 1934 prophetam
2498 1863 2659 1929 vobis,
2692 1863 2862 1935 ipsum
2889 1863 3114 1918 audietis
3145 1863 3324 1936 (Deut.
3356 1880 3507 1929 xvnt,
3534 1864 3654 1918 Ατι.
3692 1881 3767 1922 ut

2165 1964 2213 2007 et
2234 1954 2366 2020 vn);
2396 1968 2554 2024 quem
2582 1954 2744 2011 etiam
2788 1956 3084 2011 secundum
3110 1956 3409 2026 apostolum
3438 1956 3765 2011 adimam

2165 2044 2415 2099 habemus
2462 2046 2604 2116 apud
2635 2045 2849 2101 Patrem
2890 2044 2953 2119 (I
2974 2047 3135 2101 loan.
3169 2046 3264 2117 li).
3317 2063 3473 2118 quem
3503 2050 3769 2118 quotidie

2165 2137 2501 2206 spiritalibus
2533 2138 2705 2193 oculis
2750 2139 3043 2204 intuemur,
3086 2146 3141 2193 et
3179 2139 3334 2208 cujus
3366 2141 3633 2201 vaticiniis
3671 2156 3770 2196 se-

2166 2216 2290 2282 dule
2314 2227 2669 2297 perdocemur
2698 2246 2709 2282 :
2735 2228 2828 2284 sed
2849 2227 3159 2284 Judaeorum
3181 2230 3446 2285 excidium
3464 2239 3517 2285 et
3540 2231 3774 2301 disper-

2166 2318 2345 2373 siones
2373 2326 2428 2372 et
2457 2318 2638 2374 clades
2661 2328 2715 2374 et
2746 2328 2945 2375 mortes
2975 2321 3151 2391 gentis
3175 2336 3305 2386 suae,
3326 2336 3425 2377 nec
3448 2337 3555 2377 non
3582 2324 3771 2377 etiam

2164 2410 2525 2481 diruptionem
2558 2411 2762 2480 templi,
2810 2412 3254 2467 caeremoniarum
3304 2412 3689 2479 abolitionem,
3741 2432 3772 2469 a

2163 2501 2445 2571 prophetia
2474 2509 2528 2556 et
2554 2517 2585 2555 a
2607 2501 2703 2555 Dei
2722 2501 3026 2572 cognitione
3050 2502 3411 2557 recessionem
3440 2502 3772 2558 deﬂentium

2164 2600 2220 2647 et
2248 2592 2564 2655 dicentium,
2619 2590 2885 2658 Quoniam
2928 2608 3032 2646 non
3057 2602 3132 2648 est
3150 2592 3270 2664 jam
3301 2594 3547 2665 propheta
3577 2605 3626 2648 et
3665 2612 3775 2651 nos

2165 2699 2269 2737 non
2317 2693 2586 2753 cognoscet
2628 2682 2853 2753 amplius
2908 2682 3091 2754 (Psal.
3122 2682 3350 2756 Lxxtv);
3400 2684 3544 2754 quod
3586 2686 3773 2740 etiam

2163 2789 2261 2843 per
2305 2771 2442 2829 Osee
2494 2776 2813 2844 prophetam
2859 2775 3177 2845 praedictum
3216 2784 3298 2830 est
3335 2774 3425 2844 qui
3459 2776 3579 2830 ait:
3610 2775 3772 2841 Quia

2165 2865 2345 2920 diebus
2397 2864 2575 2920 multis
2622 2866 2871 2920 sedebant
2915 2865 3015 2934 ﬁlii
3061 2866 3230 2921 Israel
3264 2868 3376 2921 sine
3413 2883 3526 2937 rege
3551 2876 3601 2920 et
3644 2869 3774 2923 sine

2166 2957 2418 3027 principe,
2446 2966 2492 3010 et
2520 2957 2631 3011 sine
2652 2957 2914 3025 sacriﬁcio
2941 2966 2988 3011 et
3010 2957 3123 3010 sine
3144 2957 3322 3021 altari,
3354 2967 3403 3011 et
3428 2959 3538 3011 sine
3561 2957 3769 3028 φᾶσέ,

2094 3060 2143 3126 c
2171 3056 2218 3101 et
2241 3047 2353 3102 sine
2373 3048 2633 3117 semp/tim
2656 3046 2811 3117 (Osee
2849 3064 2907 3103 ιιι
2917 3062 2955 3119 ).
2981 3048 3084 3114 Qui
3107 3049 3271 3103 etiam
3290 3062 3476 3102 eorum
3500 3047 3571 3101 ad
3592 3046 3768 3103 ﬁdem
3835 3070 3854 3091 ι

2167 3137 2575 3194 conversionem
2618 3152 2780 3207 quam
2827 3138 2970 3193 circa
3008 3136 3171 3192 linem
3219 3138 3401 3192 mundi
3429 3138 3541 3193 fore
3577 3138 3770 3192 credi-

2167 3244 2308 3293 mus,
2342 3228 2733 3297 subsequenter
2765 3227 3007 3297 adjunxit
3033 3246 3045 3282 :
3075 3227 3142 3283 Et
3172 3229 3398 3299 posthaec
3437 3237 3765 3282 reuertentur

2165 3319 2264 3389 ﬁlii
2288 3318 2457 3374 Israel
2487 3329 2534 3373 et
2559 3329 2791 3389 quwrent
2816 3318 3099 3373 Dominum
3122 3318 3289 3373 Deum
3319 3336 3487 3384 suum,
3505 3328 3550 3371 et
3572 3315 3759 3372 Dat-id

2167 3427 2336 3481 regem
2366 3426 2540 3477 suum,
2576 3420 2623 3465 et
2651 3411 2905 3481 parebunt
2941 3410 3009 3465 ad
3060 3410 3345 3466 Dominum
3370 3421 3418 3465 et
3462 3410 3527 3465 ad
3559 3410 3766 3464 bonum

2073 3545 2076 3548 .
2166 3504 2280 3572 ejus
2310 3503 2365 3556 in
2403 3502 2684 3556 novissimo
2706 3502 2929 3556 dierum.

2784 3600 3012 3658 CAPUT
3050 3602 3136 3657 Ill.

2168 3694 2441 3762 Quomodo
2482 3692 2878 3763 intelligendum
2917 3702 3010 3756 est,
3039 3692 3285 3763 Domine,
3320 3692 3374 3747 in
3400 3692 3627 3747 civitate
3667 3701 3765 3747 tua

2237 3766 2526 3835 imaginem
2563 3762 2776 3835 illorum
2810 3762 2877 3815 ad
2923 3762 3151 3817 nihilum
3184 3764 3434 3835 rediges:
3469 3762 3613 3832 quod
3640 3766 3764 3835 qui—

2236 3832 2372 3888 dem'
2388 3834 2676 3905 capitulum
2721 3834 2855 3887 sicut
2881 3842 2928 3886 et
2964 3842 3174 3901 cetera,
3203 3833 3283 3888 illi
3307 3832 3461 3888 aliter
3485 3832 3764 3903 quamdi-

2236 3916 2375 3959 ctum
2400 3903 2474 3959 est
2500 3903 2820 3974 intelligunt.

2235 3998 2441 4073 Civitas
2472 3997 2567 4053 Dei
2613 3997 2913 4067 ﬁguraliter
2954 3997 3010 4051 in
3045 3997 3214 4052 sacris
3259 3997 3458 4055 litteris
3488 3998 3760 4053 interdum

2166 4094 2347 4147 anima
2374 4092 2627 4157 heminis,
2651 4107 2772 4162 quae
2798 4106 2828 4145 a
2858 4091 2970 4147 Deo
2990 4091 3339 4156 inhabitatur,
3374 4090 3593 4147 dicente
3613 4091 3762 4146 Scri-

2164 4193 2323 4255 ptura
2352 4199 2367 4238 :
2401 4183 2662 4238 [habitabo
2685 4183 2741 4237 in
2765 4184 2861 4249 eis,
2899 4191 2955 4238 et
2981 4182 3198 4250 iterum,
3226 4183 3417 4237 Anima
3435 4184 3578 4252 justi
3610 4182 3757 4237 sedes

2165 4275 2434 4346 sapientia!
2480 4273 2655 4345 (Psal.
2702 4275 2780 4346 v),
2826 4273 3127 4346 accipitur;
3159 4274 3430 4330 interdum
3469 4275 3756 4344 praesemis

2165 4369 2428 4439 temporis
2456 4366 2718 4432 Ecclesia,
2763 4382 2927 4436 quam
2966 4365 3202 4422 fluminis
3226 4367 3463 4436 impetus
3492 4368 3752 4433 laetiﬁcat,

2163 4469 2218 4516 et
2254 4459 2341 4514 cui
2390 4472 2487 4526 per
2513 4457 2832 4527 prophetam
2872 4457 3070 4513 dicitur
3100 4474 3114 4511 :
3148 4456 3210 4512 Si
3239 4458 3433 4512 oblitus
3476 4458 3629 4528 [uero
3654 4458 3754 4525 tui,

2162 4548 2492 4614 Jerusalem,
2547 4547 2883 4603 obliviscatur
2944 4564 3027 4602 me
3080 4547 3295 4603 dextera
3352 4564 3472 4604 mea
3542 4550 3562 4619 (
3602 4547 3749 4603 Psal.

2163 4644 2413 4715 cxxxvi);
2438 4643 2756 4712 plerumque
2776 4641 3012 4698 cmlestis
3032 4641 3354 4709 Jerusalem,
3379 4659 3505 4713 quae
3524 4645 3753 4713 patriar.

2166 4736 2411 4799 charum,
2440 4736 2850 4803 prophetarum,
2879 4733 3605 4804 apostolorum,martyrnm,
3628 4748 3753 4788 oon—

2168 4825 2431 4881 fessorum
2456 4824 2539 4879 vel
2562 4831 2886 4880 caeterorum
2912 4823 3149 4878 ﬁdelium
3176 4824 3487 4894 agminibus
3510 4834 3752 4880 constru-

2162 4925 2248 4971 cta
2281 4913 2626 4984 intelligitur;
2661 4914 2729 4968 de
2766 4928 2871 4983 qua
2894 4928 2992 4983 per
3031 4913 3350 4983 Apostolum
3373 4915 3595 4980 dicitur,
3624 4914 3749 4982 Qui:

2163 5015 2337 5060 autem
2360 5021 2569 5060 sursum
2592 5013 2667 5059 est
2694 5003 3011 5068 Jerusalem,
3040 5004 3203 5059 libera
3222 5015 3319 5071 est,
3341 5021 3465 5075 quia
3483 5017 3561 5061 est
3590 5014 3751 5060 mater

2164 5097 2396 5151 omnium
2445 5103 2681 5150 nostrum
2732 5093 2875 5168 (Gal.
2914 5096 3024 5168 1v);
3056 5096 3144 5152 cui
3190 5098 3355 5151 etiam
3407 5112 3512 5167 per
3561 5097 3745 5152 lsaiam

2162 5189 2482 5258 prophetam
2503 5203 2534 5242 a
2550 5187 2777 5243 Domino
2791 5187 3094 5257 pollicetur,
3120 5189 3245 5243 Non
3269 5191 3408 5243 enim
3434 5191 3493 5244 in
3512 5202 3745 5243 occasu!!!

2164 5281 2374 5334 tertium
2400 5280 2561 5334 veniet
2592 5277 2692 5345 sol,
2719 5288 2767 5332 et
2791 5279 2921 5333 luna
2945 5280 3038 5333 tibi
3065 5295 3169 5334 non
3190 5279 3395 5348 deﬁciet
3418 5280 3474 5333 in
3502 5289 3745 5333 interm

2167 5384 2366 5444 tempus
2395 5372 2532 5445 (Isa.
2560 5374 2684 5445 1.x);
2709 5388 2872 5442 quam
2893 5373 3058 5428 etiam
3085 5372 3322 5428 Joannes
3350 5373 3405 5427 in
3431 5368 3743 5443 Apocalypsi

2167 5465 2368 5521 vidisse
2387 5481 2445 5521 se
2470 5466 2601 5521 dicit
2629 5464 3046 5520 descendentem
3079 5465 3148 5521 de
3173 5463 3331 5530 emlo,
3357 5473 3604 5519 ornatam
3632 5475 3747 5517 mo-

2169 5557 2368 5613 nilibus
2405 5557 2518 5613 suis
2542 5556 2904 5629 (Apoc.'xxi);
2939 5558 3006 5613 de
3045 5556 3199 5629 cujus
3238 5557 3570 5613 beatitudine
3608 5569 3749 5626 pene

2172 5653 2580 5710 innumerabilia
2626 5662 2874 5723 poterant
2917 5653 3055 5721 dici,
3107 5669 3227 5724 qua:
3273 5654 3433 5725 huius
3472 5650 3752 5710 brevitatis
