3990 6302
168 327 192 380 i
204 325 306 381 069

164 531 375 601 piorum
407 527 475 582 ad
502 525 730 581 nihilum
755 525 1082 596 redigentur,
1105 527 1230 595 quia
1254 526 1468 581 illorum
1492 537 1740 596 aspectus

164 617 362 674 divinis
392 630 498 670 non
522 616 723 686 poterit
762 629 1018 685 apparere
1041 618 1444 686 eonspectibus;
1484 619 1577 673 sed
1606 619 1746 673 sicut

161 706 473 778 polluerunt
494 706 548 760 in
569 721 627 760 se
656 707 942 776 imaginem
969 707 1194 767 Domini.
1213 708 1268 762 in
1303 709 1583 776 praesentis
1621 710 1743 763 vita:

161 797 451 861 curriculo,
488 796 563 851 ita
592 797 646 851 in
669 797 875 852 caelesti
896 796 1192 852 Jerusalem
1213 797 1424 851 illorum
1452 814 1559 852 non
1583 811 1744 868 appa-

162 889 306 944 rebit
333 888 531 957 imago,
571 887 663 956 qui
693 894 896 942 aeterno
930 887 1145 957 quidem
1174 889 1619 958 mancipabuntur
1661 890 1745 944 iu-

160 978 385 1041 cendio;
418 976 484 1030 de
517 977 712 1045 quibus
739 977 871 1032 alias
909 993 1005 1046 per
1034 977 1366 1046 psalmistam
1411 979 1644 1032 dicitur:
1674 978 1744 1031 Et

159 1070 316 1122 homo
337 1083 455 1120 cum
470 1067 525 1120 in
544 1067 740 1120 honore
761 1077 887 1120 esset
906 1084 1008 1120 non
1030 1065 1298 1132 intellexit,
1319 1077 1647 1136 comparatus
1670 1077 1743 1122 est

153 1159 407 1231 jumentis
437 1157 819 1227 insipientibus,
843 1167 892 1212 et
918 1157 1104 1211 similis
1133 1158 1303 1226 [actus
1335 1167 1408 1210 est
1436 1157 1540 1211 illis
1568 1157 1739 1229 (Psal.

159 1250 334 1320 nix),
359 1249 486 1318 quia
513 1248 760 1303 videlicet
797 1264 918 1303 cum
944 1253 998 1302 in
1021 1256 1169 1302 tanto
1203 1249 1416 1303 honore
1437 1257 1580 1303 esset
1600 1249 1744 1318 quod

158 1339 226 1392 ad
249 1339 540 1408 imaginem
565 1345 620 1392 et
644 1337 1050 1392 similitudinem
1083 1338 1174 1392 Dei
1209 1339 1454 1393 conditus
1475 1347 1610 1403 erat,
1634 1355 1740 1394 non

156 1427 525 1498 intelligendo,
540 1427 609 1480 ad
631 1435 832 1481 tantam
859 1427 1032 1481 labem
1055 1426 1305 1481 vitiorum
1329 1437 1412 1482 est
1435 1429 1731 1492 devolutus,

154 1525 216 1571 ut
241 1534 348 1572 non
373 1517 642 1571 immerito
661 1516 919 1585 jumentis
946 1516 1404 1571 irrationabilibus
1427 1526 1570 1571 esset
1593 1533 1742 1572 com-

159 1616 405 1675 paratus.
425 1605 505 1661 Ad
522 1606 750 1660 nihilum
775 1621 904 1676 ergo
921 1606 1204 1675 impiorum
1220 1606 1480 1676 imagines
1494 1607 1742 1676 redigun-

155 1706 266 1762 tur,
305 1697 522 1765 quando
553 1713 612 1752 se
645 1699 724 1752 eis
754 1699 868 1766 ipsa
910 1698 1123 1752 Veritas
1149 1699 1470 1754 subtrahens
1512 1701 1579 1755 ab
1623 1700 1738 1769 ejus

982 322 1160 378 LIBRI
1198 321 1540 380 CAROLINI.
1579 357 1649 367 ——
1687 326 1906 384 CAPIT.
1949 329 2260 387 DE.IMAG.
2302 361 2370 370 --
2401 331 2531 386 LIB.
2575 328 2639 387 ll.

165 440 304 512 stylo
325 454 431 493 non
466 438 643 492 valent
671 437 860 507 digeri.
889 438 946 492 In
980 439 1082 492 hac
1111 437 1325 494 civitate
1357 439 1614 507 imagines
1637 440 1738 494 im-
1765 453 1814 508 Α

3278 339 3416 393 1070

2439 427 2844 502 εΑΡυτιν.’

1848 533 2117 609 Quomodo
2131 535 2516 609 intelligendum
2536 546 2607 590 est
2619 537 2757 609 quod
2770 536 3199 608 psalmegraphus
3215 547 3418 609 cecinit,

1915 603 2280 659 Misericordia
2297 603 2360 678 et
2376 607 2574 659 veritas
2603 603 3104 678 obviaverunt'silii,
3125 610 3334 678 justitia
3367 603 3421 669 et

1912 688 2015 742 pax
2069 689 2128 728 se
2175 675 2465 750 complexa:
2511 685 2635 750 sunt
2672 676 2841 745 (Psal.
2891 679 3088 750 Lx-xxv)
3119 675 3140 732 τ’
3163 683 3300 750 quod
3346 695 3422 737 te-

1913 758 2050 822 mere
2075 744 2454 822 etnadulatorie
2498 763 2530 798 a
2559 744 2782 822 _J.oan.ne
2832 744 3215 822 presbyterum
3250 751 3418 822 legato

1916 810 2261 892 qrientaliurn
2326 810 2859 892 innparticipatione'.
2890 810 3192 872 venerabilis
3246 810 3419 892 phpre

1912 881 2134 935 Adriani
2147 891 2193 934 et
2218 883 2421 936 Tarasii
2431 881 2744 951 patriarcha:
2756 884 2948 937 dicitur
2967 902 3075 940 esse
3087 881 3416 958 completum.

1915 970 2334 1027 Misericordiam
2360 981 2414 1028 et
2453 974 2733 1028 veritatem
2770 975 2875 1030 sibi
2912 989 3097 1032 mutuo
3147 981 3416 1048 obviasse,

1837 1060 2100 1129 justitiam
2125 1070 2179 1116 et
2214 1078 2400 1132 pacem
2448 1063 2676 1119 invicem
2700 1079 2759 1118 se
2797 1066 3102 1134 complean
3121 1068 3288 1125 fuisse
3316 1072 3420 1126 Da-

1842 1152 1931 1205 vid
1957 1159 2139 1206 vatum
2177 1151 2630 1207 luculentissimus
2664 1153 2936 1224 eleganter
2960 1155 3208 1211 decantat
3233 1177 3246 1212 :
3276 1161 3421 1230 quod

1843 1244 2058 1298 tandem
2096 1251 2308 1298 constat
2329 1258 2447 1298 esse
2472 1245 2825 1315 completum,
2869 1261 2990 1301 cum
3017 1257 3140 1317 post
3174 1251 3422 1306 incarna-

1843 1334 2042 1387 tionem
2075 1333 2286 1388 Domini
2327 1335 2431 1389 duo
2457 1335 2797 1389 Testamenta
2823 1336 2878 1390 in
2915 1339 3074 1393 unius
3105 1355 3418 1412 compagem

1843 1421 2196 1490 copulationis
2221 1429 2346 1477 sunt
2378 1422 2622 1478 adducta.
2655 1423 2917 1489 Quoniam
2943 1443 3250 1498 quanquam
3278 1431 3421 1486 inter

1842 1527 1900 1566 se
1934 1513 2144 1567 diversa
2170 1513 2562 1581 quodammodo
2588 1524 2876 1569 cernantur
2893 1555 2908 1582 ,
2958 1518 3026 1572 ad
3049 1535 3212 1573 unum
3240 1531 3419 1576 tamen

1839 1603 2040 1656 bivium
2067 1603 2118 1656 in
2148 1602 2364 1658 Christo
2390 1604 2480 1673 qui
2501 1612 2584 1658 est
2616 1620 2719 1673 pax
2749 1613 2953 1671 nostra,
2993 1609 3083 1677 qui
3111 1609 3236 1665 fecit
3263 1621 3419 1666 utra-

1842 1707 1946 1762 que
1971 1707 2155 1756 unum,
2183 1694 2469 1748 convenire
2506 1704 2816 1749 noscuntur.
2845 1696 2900 1750 In
2923 1696 3072 1752 Novo
3093 1700 3235 1754 enim
3260 1703 3420 1757 mise-

155 1788 276 1842 luce
322 1788 647 1852 alienantur,
698 1803 797 1842 nec
827 1788 1230 1844 similitudinem
1273 1790 1452 1844 valent
1485 1791 1733 1852 retinere,
1770 1803 1814 1862 Β
1843 1784 2075 1839 riCOI'dia
2108 1792 2222 1849 εει,
2261 1785 2315 1838 in
2358 1801 2460 1854 qua
2491 1799 2588 1853 De?
2625 1787 2853 1856 gratiam
2908 1802 3077 1858 genus
3125 1790 3419 1847 humanum

154 1877 311 1946 cujus
341 1878 691 1932 beatitudinis
733 1887 982 1946 expertes
1029 1887 1324 1932 noscuntur
1360 1888 1740 1947 usquequailue

154 1982 400 2023 manere.
447 1967 672 2036 Propter
715 1967 1016 2022 dolositatis
1054 1968 1235 2036 itaque
1273 1983 1458 2022 eorum
1500 1969 1740 2038 apposita

153 2060 237 2114 eis
270 2058 328 2112 in
361 2059 726 2127 superioribus
769 2058 980 2113 dixerat
1026 2058 1194 2123 mala,
1233 2059 1356 2128 quia
1400 2059 1539 2113 Deus
1573 2059 1742 2129 judea:

152 2149 330 2221 iustus
356 2138 837 2218 reddit'unicuique
865 2148 1148 2202 secundum
1193 2165 1349 2218 Opera
1373 2167 1490 2203 sua.
1523 2150 1743 2203 Dixerat

156 2240 324 2296 etiam
349 2254 444 2294 eos
482 2238 738 2306 dejecisse
760 2253 882 2293 cum
917 2238 1296 2303 allevarentur,
1324 2240 1450 2309 quia
1481 2239 1619 2294 Deus
1648 2256 1741 2293 su-

153 2332 327 2402 perbis
358 2332 564 2394 resistit,
605 2329 889 2384 humilibus
924 2339 1095 2384 autem
1129 2330 1219 2384 dat
1249 2332 1491 2400 gratiam.
1526 2331 1742 2384 Dixerat

156 2436 254 2476 eos
307 2420 480 2474 subito
514 2419 762 2489 defecisse
806 2428 855 2473 et
898 2421 1110 2489 periisse
1161 2431 1370 2490 propter
1419 2421 1741 2491 iniquitatem

154 2527 308 2566 suam
339 2510 473 2565 velut
503 2512 761 2564 somnium
792 2512 1133 2580 exsurgentis,
1167 2512 1290 2580 quia
1339 2513 1477 2566 sicut
1524 2513 1744 2582 quihus-

156 2605 278 2659 dam
306 2605 592 2674 pmstigiis
623 2603 929 2658 mortalium
953 2611 1168 2671 pectora
1201 2604 1256 2657 in
1289 2604 1491 2660 somnis
1521 2604 1745 2660 eludun-

156 2701 264 2759 tur,
294 2701 349 2748 et
388 2702 573 2762 optata
615 2708 840 2762 quaeque
866 2693 1044 2748 subito
1070 2707 1128 2748 se
1161 2702 1348 2749 nactos
1368 2694 1532 2750 fuisse
1557 2705 1742 2766 gratu-

157 2781 358 2848 lantur,
405 2797 527 2836 cum
566 2791 658 2836 aut
701 2782 1002 2836 desiderato
1047 2783 1167 2851 quis
1195 2783 1398 2851 potitur
1439 2799 1623 2854 regno,
1652 2794 1746 2839 aut

154 2872 343 2942 cupito
367 2871 686 2926 sublimatur
719 2872 912 2941 aliquis
932 2873 1253 2938 ministerio,
1297 2882 1405 2938 aut,
1431 2884 1744 2944 paupertate

158 2961 364 3032 fugata,
395 2961 590 3031 aliquis
627 2963 804 3018 subito
826 2964 1042 3029 ditatur,
1071 2972 1363 3033 autoptato
1397 2966 1589 3034 aliquis
1617 2967 1745 3021 frui—

159 3063 248 3108 tur
270 3051 539 3122 conjugio,
573 3062 666 3108 aut
708 3053 903 3109 debilis
930 3055 1124 3125 aliquis
1147 3057 1374 3112 amissos
1404 3067 1555 3113 artus
1579 3074 1635 3114 se
1659 3075 1745 3114 re-

1841 1873 2136 1929 liberatur:
2167 1875 2221 1927 in
2239 1875 2419 1929 Veteri
2449 1876 2667 1940 veritas,
2690 1877 2781 1932 ubi
2804 1877 2937 1948 legis
2965 1886 3018 1932 et
3038 1881 3421 1948 prophetarum

1841 1967 2178 2021 annuntiatio
2205 1967 2527 2022 continetur.
2559 1967 2684 2023 Haec
2722 1979 2902 2023 autem
2932 1969 3038 2025 duo
3081 1971 3183 2025 sibi
3233 1981 3422 2028 mutuo

1840 2056 2084 2110 obviasse
2116 2057 2366 2112 dicuntur
2389 2099 2402 2120 ,
2459 2073 2566 2112 non
2611 2059 2677 2113 ad
2711 2060 3143 2115 contrarietatem
3169 2076 3424 2118 exercen-

1841 2146 1983 2211 dam,
2020 2147 2112 2200 sed
2143 2148 2211 2202 ad
2252 2149 2480 2217 gratiam
2513 2150 2789 2217 promissae
2816 2150 3165 2219 perfectionis
3198 2151 3425 2221 implen-

1841 2236 1992 2302 dam;
2039 2252 2206 2290 unum
2231 2239 2426 2307 quippe
2455 2246 2663 2293 constat
2685 2239 2884 2294 factum
2925 2241 3068 2310 quod
3091 2244 3424 2311 temporibus

1839 2327 2100 2394 probatur
2121 2343 2241 2382 esse
2267 2328 2496 2383 divisum
2521 2369 2535 2394 ,
2590 2335 2644 2381 et
2681 2337 2741 2383 ut
2781 2344 2947 2398 genus
2978 2330 3151 2398 ipsum
3202 2330 3424 2385 foederis

1841 2418 2180 2488 bymuidicus
2208 2419 2373 2474 David
2398 2418 2676 2473 evidenter
2720 2420 3063 2488 exprimeret,
3099 2422 3202 2476 hoc
3249 2423 3423 2490 ipsum

1841 2509 1989 2563 varia
2023 2509 2300 2564 nominum
2327 2509 2610 2563 iteratione
2634 2509 2951 2579 geminavit,
2981 2510 3226 2578 amplexu
3280 2512 3425 2566 scili—

1841 2606 1928 2654 cet
1951 2601 2180 2667 quodam
2202 2591 2504 2653 dilectionis
2531 2599 2664 2652 duas
2707 2612 2814 2663 res,
2840 2598 2893 2652 id
2930 2605 3032 2662 est,
3050 2597 3318 2666 justitiam
3370 2608 3426 2655 et

1840 2704 2062 2760 pacem,
2103 2691 2157 2744 in
2213 2698 2453 2744 mutuam
2487 2689 2738 2758 protinus
2777 2689 2988 2743 venisse
3037 2691 3418 2758 concordiam;

1841 2783 2240 2853 quem‘quidem
2265 2782 2588 2837 versiculum
2619 2790 2672 2836 et
2691 2783 2985 2836 secundum
3009 2785 3421 2854 somatopoziau,

1841 2875 1895 2928 id
1921 2883 2004 2929 est
2025 2875 2265 2944 corporis
2301 2873 2707 2928 attributionem
2729 2913 2744 2938 ,
2793 2886 2890 2940 per
2944 2886 3105 2936 quem
3141 2872 3426 2928 locutionis

1842 2964 2058 3019 modum
2095 2965 2255 3019 rebus
2300 2963 2633 3033 incorporeis
2666 2977 2892 3032 corpora
2937 2964 3246 3018 tribuuntur
3271 3004 3285 3028 ,
3343 2965 3425 3018 di-

1843 3063 1988 3108 ctum
2011 3068 2131 3108 esse
2156 3061 2388 3118 constat,
2416 3060 2471 3106 et
2504 3067 2599 3121 per
2623 3051 2992 3120 metaphoran,
3034 3053 3085 3106 id
3114 3060 3215 3117 est,
3241 3067 3425 3108 rerum

157 3145 367 3214 cepisse
395 3143 713 3213 gratulatur,
755 3152 848 3198 aut
887 3146 1210 3200 criminosus
1238 3147 1430 3217 aliquis
1461 3149 1742 3204 honorabi‘
1769 3146 1812 3207 C
1842 3145 2233 3214 verborumque
2275 3144 2697 3202 ῑτίιηειίιῐῖοηθῐην
2755 3158 2854 3211 Per
2893 3159 3054 3214 quam
3109 3145 3427 3214 plerumque

160 3237 264 3290 lem
291 3249 353 3289 se
372 3234 586 3304 gaudet,
616 3241 708 3288 aut
732 3235 926 3303 aliquis
948 3236 1196 3305 ignobilis
1222 3238 1474 3304 nubilem,
1499 3247 1590 3292 aut
1611 3239 1746 3294 insi-

158 3326 318 3396 piens
354 3323 650 3391 sapientem
679 3338 735 3378 se
764 3331 932 3394 putat,
959 3332 1014 3379 et
1039 3326 1216 3380 subito
1251 3327 1447 3380 amittit
1490 3328 1746 3397 evigilans

159 3418 306 3486 quod
330 3415 656 3484 acquisierat
675 3415 965 3480 dormiens,
1003 3424 1056 3470 et
1077 3414 1356 3486 patefactis
1392 3431 1449 3471 se
1477 3417 1618 3472 dolet
1640 3435 1745 3473 non

159 3507 347 3561 videre
369 3507 538 3561 oculis
559 3522 676 3574 qua:
693 3507 955 3575 gaudebat
974 3507 1156 3562 videre
1171 3507 1400 3563 clausis:
1421 3509 1499 3563 sic
1520 3508 1745 3563 felicitas

160 3597 456 3666 impiorum
482 3596 634 3664 quasi
659 3611 756 3664 per
785 3597 1052 3650 somnium
1092 3597 1483 3665 quodammodo
1514 3596 1742 3662 videtur,

159 3687 289 3756 quia
327 3693 448 3755 post
489 3685 757 3740 modicum
787 3693 996 3754 tempus
1028 3700 1135 3739 non
1177 3684 1476 3750 videbitur;
1511 3693 1564 3739 et
1605 3686 1744 3739 sicut

159 3776 482 3847 evigilantes
505 3791 568 3829 ea
593 3791 712 3844 quae
734 3776 910 3830 subito
949 3789 1047 3844 per
1089 3789 1336 3829 somnum
1381 3775 1744 3844 acquisierant
1771 3766 1776 3769 ‘

161 3869 416 3938 perdunt,
459 3867 538 3920 sic
563 3867 852 3920 morientes
890 3881 972 3930 ea,
997 3881 1116 3934 qua:
1155 3866 1352 3920 habere
1401 3866 1741 3930 videbantur,

161 3958 424 4010 amittunt
453 3974 464 4008 :
495 3956 746 4024 quoniam
777 3963 831 4009 et
877 3955 952 4009 illi
999 3955 1331 4024 prmstigiosa
1380 3955 1558 4008 latitia
1584 3970 1745 4024 quam

160 4052 473 4101 sternentes
514 4045 654 4099 nacti
706 4053 848 4109 sunt,
897 4045 953 4098 in
1004 4052 1276 4098 momento
1326 4052 1533 4109 carent,
1577 4054 1630 4098 et
1657 4045 1745 4099 isti

162 4151 325 4198 vana,
355 4141 408 4188 et
441 4141 501 4187 ut
531 4134 604 4187 ita
631 4134 879 4198 dixerim,
917 4132 1094 4188 fumea
1120 4134 1302 4189 mundi
1341 4132 1531 4203 gaudia
1557 4133 1646 4187 diu
1667 4142 1746 4188 te-

160 4242 297 4281 nere
337 4240 446 4280 non
490 4224 687 4280 valent.
717 4224 798 4280 Ob
836 4239 1065 4294 quorum
1107 4225 1408 4293 impietates
1437 4239 1588 4292 quasr
1615 4239 1746 4294 qua-

155 4318 290 4371 dam
332 4315 621 4371 severitate
669 4329 930 4370 accensus
975 4316 1234 4384 propheta
1285 4313 1557 4382 subjunxit
1588 4329 1603 4366 :
1639 4313 1744 4368 Do-

156 4409 326 4473 mine,
365 4409 421 4461 in
455 4408 659 4461 civitate
703 4417 794 4461 tua
833 4407 1113 4476 imaginem
1157 4405 1367 4459 illorum
1415 4406 1482 4458 ad
1526 4405 1744 4458 nihilum

1851 3249 1880 3288 a
1909 3237 2069 3292 rebus
2089 3234 2408 3289 animalibus
2430 3235 2497 3288 ad
2535 3234 2812 3298 animales,
2841 3235 2908 3288 ab
2939 3235 3314 3290 iuanimalihus
3357 3235 3426 3290 ad

1846 3325 2192 3390 inauimales,
2245 3327 2312 3381 ab
2353 3325 2733 3380 inanimalibus
2769 3324 2834 3377 ad
2863 3325 3122 3378 animales
3147 3325 3428 3380 translatio

1846 3419 1935 3484 fit;
1959 3433 2077 3487 quae
2103 3418 2220 3471 duae
2243 3417 2570 3471 locutionum
2598 3414 2781 3484 figurae
2805 3415 2877 3467 ita
2907 3414 3049 3468 inter
3071 3427 3130 3468 se
3153 3413 3424 3477 differunt,

1844 3509 1984 3578 quod
1998 3524 2103 3562 una
2116 3510 2275 3563 rebus
2289 3507 2618 3575 incorporeis
2631 3521 2855 3574 corpora
2866 3548 2878 3572 ,
2889 3506 3057 3559 altera
3069 3515 3123 3560 et
3137 3507 3297 3560 rebus
3312 3521 3426 3559 cor-

1843 3601 2021 3668 poreis
2037 3600 2272 3652 membra
2306 3606 2358 3652 et
2391 3605 2584 3656 motus,
2605 3597 3008 3663 etiucorporeis
3023 3597 3332 3649 etmembra
3369 3605 3424 3648 et

1846 3697 2088 3743 motuset
2111 3686 2312 3741 formas
2340 3670 2724 3740 tribuitCHunc
2748 3684 2977 3751 denique
2992 3683 3313 3737 versiculum
3347 3691 3427 3736 te-

1845 3781 2076 3837 merarie
2099 3789 2153 3834 et
2183 3778 2478 3833 adulatorie
2506 3775 2738 3831 Joannes
2750 3776 3032 3844 presbyter
3062 3775 3113 3827 in
3134 3774 3426 3843 participa-

1845 3874 1988 3928 tione
2009 3871 2330 3927 venerabilis
2358 3884 2508 3939 papae
2529 3867 2770 3930 Adriani,
2808 3866 3085 3922 etTarasii
3113 3865 3425 3920 Constanti-

1845 3961 2134 4031 nopolitani
2150 3960 2384 4030 episcopi
2396 3958 2634 4028 protulit,
2657 3958 2746 4026 qui
2764 3965 2938 4011 tamen
2960 3957 3244 4027 presbyter
3261 3972 3426 4026 quan.

1845 4068 2005 4123 quam
2036 4052 2300 4121 episcopis
2323 4050 2378 4104 in
2401 4049 2586 4104 eadem
2611 4047 2816 4120 synodo
2861 4048 3221 4102 residentibus
3248 4048 3427 4104 minor

1844 4141 2003 4196 fuerit
2023 4143 2245 4205 honore,
2270 4155 2376 4194 non
2403 4146 2580 4193 tamen
2604 4137 2798 4207 legitur
2817 4135 2994 4191 minor
3023 4135 3190 4192 fuisse
3212 4152 3420 4202 errore,

1845 4233 1935 4300 qui
1961 4227 2015 4286 et
2037 4231 2082 4286 si
2117 4230 2492 4300 praecedebant
2519 4243 2640 4283 eum
2665 4228 2861 4297 gradus
2886 4226 3234 4292 sublimitate,
3266 4242 3426 4295 supe-

1844 4323 2103 4376 rabantur
2141 4331 2318 4375 tamen
2350 4322 2418 4375 ab
2461 4335 2526 4374 eo
2555 4319 2871 4388 multiloqua
2901 4318 3286 4386 procacitate;
3317 4330 3420 4371 nec

1847 4413 2089 4482 superari
2103 4413 2276 4482 potuit
2287 4426 2315 4466 a
2332 4410 2568 4480 praelatis
2581 4408 2852 4476 subjectus
2867 4407 3225 4462 intemerariis
3237 4405 3425 4475 loqua-

157 4499 371 4569 rediges
414 4498 585 4566 (Psal.
630 4499 844 4568 Lxxm),
894 4505 954 4553 ut
979 4497 1226 4552 videlicet
1249 4499 1340 4566 qui
1369 4497 1425 4550 in
1451 4512 1508 4551 se
1531 4497 1608 4551 tui
1631 4497 1750 4552 cha-
1776 4490 1829 4552 Ι)
1852 4501 2126 4566 citatibus,
2155 4500 2246 4568 qui
2273 4498 2545 4566 subjectus
2566 4513 2596 4551 a
2620 4497 2852 4566 prtelatis
2872 4493 3422 4565 superabaturponti-

156 4591 399 4645 racteris
425 4591 588 4645 decus
615 4590 770 4645 malis
790 4590 1041 4660 operibus
1071 4590 1504 4658 inquinaveruut,
1533 4588 1743 4644 illorum

157 4680 338 4734 facies
360 4681 414 4733 in
441 4688 532 4734 tua
553 4681 768 4735 civitate
791 4696 895 4734 non
917 4680 1216 4744 videantur,
1238 4681 1292 4734 in
1317 4694 1421 4749 qua
1443 4687 1526 4734 est
1543 4689 1743 4734 mterna

159 4771 431 4835 felicitas,
462 4785 672 4824 summa
706 4769 1011 4834 beatitudo,
1039 4778 1352 4838 perpetuum
1381 4770 1659 4839 gaudium;
1689 4768 1744 4822 in

156 4861 324 4929 cujus
357 4859 570 4929 palatiis
610 4867 799 4929 regnat
844 4875 960 4924 rex,
989 4859 1139 4926 cujus
1168 4860 1316 4929 regni
1339 4875 1444 4913 non
1470 4859 1575 4914 erit
1602 4858 1742 4922 ﬁnis,

155 4969 320 5022 cujus
359 4952 610 5008 subsellia
667 4952 1096 5022 patriarcharum
1147 4961 1335 5006 senatu
1383 4951 1743 5020 resplendent,

155 5045 326 5114 cujus
349 5045 499 5099 curia
529 5044 909 5114 prophetarum
931 5042 1116 5096 rutilat
1143 5043 1343 5106 cuneis,
1373 5039 1524 5109 cujus
1549 5041 1746 5095 muenia

156 5145 474 5205 martyrum
497 5149 783 5188 numerosa
809 5132 998 5187 militia
1028 5140 1376 5196 exornantur,
1403 5131 1556 5198 cujus
1580 5138 1747 5200 porta:

156 5225 484 5296 apostolicis
506 5227 830 5281 decorantur
877 5223 1108 5278 ccetibus
1123 5262 1136 5285 ,
1162 5222 1314 5291 cujus
1337 5222 1527 5293 plateae
1552 5221 1748 5275 redun-

157 5321 305 5374 dant
342 5316 598 5387 virgineis
623 5315 822 5380 choris,
870 5311 1025 5383 cujus
1067 5313 1334 5369 domicilia
1381 5313 1746 5368 confessorum

158 5411 333 5480 plena
385 5417 512 5463 sunt
561 5407 875 5477 legionibus,
929 5420 1048 5475 quae
1093 5419 1199 5459 non
1227 5404 1427 5474 indiget
1460 5403 1588 5465 sole,
1621 5400 1745 5470 quia

159 5500 440 5555 Dominus
469 5499 556 5554 lux
582 5495 697 5566 ejus
725 5506 827 5565 est,
850 5511 947 5567 per
975 5493 1126 5566 cujus
1147 5509 1334 5551 omnes
1358 5495 1505 5551 vicos
1525 5492 1751 5548 Alleluia

161 5600 454 5647 cantatur.

1852 4587 2110 4643 ﬁcalibus'
2130 4587 2496 4657 dignitatibus.
2521 4585 2623 4652 Qui
2670 4583 2967 4654 praesertim
3001 4581 3195 4650 duplex
3227 4582 3280 4634 in
3324 4581 3427 4637 hac

1851 4685 2002 4746 parte
2020 4677 2258 4731 creditur
2279 4685 2522 4746 patrasse
2558 4675 2847 4743 deliquium
2871 4712 2886 4736 ,
2941 4673 3054 4726 sive
3099 4672 3225 4741 quia
3258 4671 3424 4725 verba

1852 4767 2231 4836 mysteriorum
2246 4767 2456 4820 arcanis
2469 4766 2622 4834 plena
2636 4765 2702 4818 ab
2716 4762 2917 4831 Spiritu
2931 4767 3120 4816 sancto
3138 4759 3344 4828 prolata
3359 4759 3427 4811 ad

1851 4872 1938 4911 res
1965 4857 2225 4910 humanas
2254 4855 2524 4910 inﬂectere
2563 4853 2714 4908 nisus
2743 4852 2813 4906 sit
2857 4850 3227 4920 superstitiosa
3254 4848 3429 4901 inten-

1853 4947 1998 5002 tione
2019 4946 2413 5001 adorandarum
2446 4943 2756 5013 imaginum,
2793 4942 2907 4994 sive
2939 4939 3062 5008 quia
3093 4939 3277 4992 eadem
3305 4951 3430 5004 per-

1853 5051 2006 5091 versa
2034 5036 2330 5090 intentione
2364 5039 2663 5089 excaecatus
2688 5030 2742 5084 in
2772 5028 3096 5084 adulationis
3123 5024 3430 5081 miserabile

1852 5127 2118 5182 corruerit
2149 5125 2377 5179 vitium:
2408 5122 2552 5192 quod
2601 5120 2792 5174 vitium
2851 5117 3172 5173 adulationis
3213 5114 3430 5183 expavit

1851 5219 2236 5288 prophetarum
2266 5215 2353 5270 ille
2393 5213 2792 5277 nobilissimus,
2840 5211 2930 5280 qui
2968 5210 3144 5266 dixit:
3172 5207 3430 5278 Corripiet

1853 5327 1934 5364 me
1952 5310 2131 5378 justus
2153 5308 2208 5360 in
2232 5303 2590 5360 misericordia
2617 5301 2961 5372 etincrepabit
2991 5316 3092 5364 me,
3137 5298 3309 5353 oleum
3337 5314 3426 5351 au-

1855 5410 1954 5454 tem
2009 5397 2292 5470 peccatoris
2339 5411 2443 5449 non
2481 5394 2766 5463 impinguet
2819 5401 2972 5461 caput
3010 5405 3181 5444 meum
3236 5386 3427 5459 (Psalo

1861 5489 2026 5559 cxu).
2053 5487 2202 5543 Unde
2223 5487 2360 5542 bene
2399 5485 2559 5538 etiam
2585 5491 2641 5537 et
2673 5483 2775 5538 alia
2811 5482 3089 5550 Scriptura
3129 5479 3295 5535 dicit:
3322 5476 3427 5531 Me-

1862 5580 1962 5633 lius
1985 5587 2057 5632 est
2078 5587 2247 5632 autem
2273 5574 2540 5644 objurgari
2567 5592 2597 5626 a
2617 5574 2764 5643 justo
2786 5589 2940 5642 quam
2965 5589 2996 5627 a
3024 5578 3292 5642 peccatore
3319 5566 3422 5620 lan-
