3990 6302
532 236 543 242 ’
630 259 762 310 1071

1368 224 1373 229 ’
1468 252 1542 316 Β.
1582 242 1830 307 CARDLI
1869 251 2081 308 unum
2118 250 2268 307 OPP.
2309 250 2487 306 ruas
2523 252 2586 305 ιι.
2630 250 2872 309 sacrm
2908 253 2970 308 ιι.

3653 271 3752 328 1073

629 368 786 432 dari;
830 373 885 421 et
908 365 1103 420 iterum
1131 375 1145 416 :
1175 360 1276 428 Qui
1302 377 1388 415 vos
1442 354 1615 433 felice!
1635 360 1854 427 dicunt,
1899 377 1952 413 in
1976 376 2213 414 errorem.
2233 365 2277 424 Α
2305 367 2499 430 praeter
2523 360 2693 414 Deum
2715 360 2961 431 legimus,
2986 364 3110 433 quia
3137 365 3375 435 scriptum
3423 378 3510 424 est.
3548 372 3749 439 Dominum

631 476 719 515 vos
747 457 988 518 mittunt;
1019 452 1271 523 quoniam
1294 450 1600 505 adulatores
1621 458 1681 504 ut
1702 450 1928 505 illiciant
1956 448 2204 516 laudant,

631 563 740 603 non
768 553 829 601 ut
857 545 924 599 ad
968 552 1223 598 aeternam
1253 538 1565 594 felicitatem
1595 547 1904 609 provocent,
1943 553 2062 608 qua:
2087 540 2226 610 qui;

630 637 753 693 dem
779 635 1008 691 felicitas
1032 632 1179 687 nullo
1211 631 1355 685 bono
1374 630 1598 700 indiget.

1251 740 1479 797 CAPUT
1516 741 1583 798 ν.

630 864 780 929 Quoa
812 877 915 915 non
942 857 1011 911 ad
1039 855 1399 929 adorationem
1422 852 1711 929 imaginum

696 935 892 992 dicunt,
921 925 1058 999 quod
1084 925 1335 999 scriptum
1348 921 1715 999 est,_Egi_altate
1743 921 2026 999 Dominum
2039 921 2206 975 Deum

696 990 958 1060 nostrum,
987 1007 1042 1051 et
1076 990 1300 1050 adorate
1355 992 1645 1062 scabellum
1672 991 1867 1062 pedum
1905 990 2038 1060 ejus,
2064 1004 2202 1059 quo-

697 1072 839 1125 niam
861 1074 1079 1122 sanctus
1107 1075 1190 1120 est
1217 1061 1388 1135 (Psal.
1414 1060 1620 1133 xcxrx).

1791 852 2026 915 emineat,
2050 858 2107 905 ut
2126 848 2207 904 illi

695 1200 807 1255 lloc
831 1198 1122 1269 psalmistae
1167 1195 1434 1251 versiculo
1484 1210 1639 1249 error
1664 1193 1756 1264 qui
1786 1195 1857 1251 ob
1905 1194 2206 1250 adorandus

622 1292 885 1363 imagines
923 1291 1057 1345 adeo
1100 1289 1155 1343 iu
1193 1287 1546 1359 quorumdam
1589 1287 1899 1356 pectoribus
1945 1287 2200 1351 inolevit,

621 1393 681 1439 ut
707 1383 776 1438 ad
796 1397 919 1437 eum
945 1380 1287 1450 statuendum
1315 1379 1548 1449 synodos
1596 1377 1836 1441 faciant,
1885 1386 1940 1433 et
1961 1379 2030 1433 ad
2078 1393 2202 1453 eum

622 1474 971 1548 muniendum
1002 1462 1407 1539 Scripturarum
1450 1478 1758 1525 sanctarum
1809 1469 1911 1525 sibi
1962 1470 2207 1524 testimo-

621 1566 709 1620 nia
734 1579 999 1633 usurpare
1054 1561 1401 1625 contendant,
1427 1559 1564 1615 tueri
1604 1575 1663 1614 se
1684 1573 1843 1629 posse
1864 1559 2057 1625 credit,
2081 1574 2205 1614 cum

619 1657 915 1715 scabellum
969 1655 1189 1726 pedum,
1215 1652 1427 1709 Domini
1477 1651 1810 1707 adorandum
1862 1652 2040 1716 audit;
2099 1653 2203 1708 hac

619 1749 827 1805 casside
875 1746 1082 1817 apicem
1133 1744 1377 1814 corporis
1420 1744 1684 1821 munitam
1724 1743 1926 1797 habere
1970 1742 2203 1798 arbitra-

512 1846 515 1855 '
619 1852 727 1907 tur,
760 1855 826 1896 ne
857 1838 1068 1918 corusci
1092 1836 1237 1892 ensis
1272 1835 1532 1891 illisiones
1554 1835 1880 1905 persentiat;
1909 1834 2011 1890 hac
2036 1835 2203 1890 lorica

569 1974 574 1978 .
619 1939 876 1986 czeterum
896 1912 1093 1997 corpus
1119 1925 1386 1981 munitum
1407 1926 1604 1980 habere
1625 1940 1683 1980 se
1701 1932 1871 1994 putat,
1895 1924 2204 1995 nepilorum
2230 1909 2242 1927 ’

621 2019 819 2073 ictibus
848 2032 961 2072 sum
974 2014 1281 2084 stabilitatis
1307 2012 1578 2081 iacturam
1605 2013 1873 2079 incurrat;
1905 2013 2206 2084 hocclypeo

622 2107 844 2163 tutelam
870 2116 929 2163 se
953 2114 1169 2161 nactum
1188 2118 1319 2173 esse
1341 2104 1533 2169 credit,
1568 2119 1666 2175 per
1688 2115 1851 2174 quam
1876 2104 2208 2174 spiculorum

623 2199 906 2254 missilium
930 2198 1140 2253 volatus
1168 2196 1452 2251 vulnificos
1479 2212 1588 2253 non
1620 2197 1982 2273 pertimescat,
2015 2197 2110 2255 sed
2132 2197 2206 2252 ita

622 2299 717 2344 aut
748 2287 1123 2345 obcumbendo
1157 2286 1398 2351 latescet,
1429 2294 1523 2341 aut
1555 2287 1923 2358 .delitescendo
1969 2286 2211 2359 aufugiet

620 2380 707 2434 his
731 2378 1118 2434 muniminibus
1152 2376 1504 2447 exspoliatus,
1529 2377 1671 2433 sicut
1717 2379 1802 2433 his
1825 2387 1908 2433 est
1934 2379 2206 2434 incassum

619 2482 674 2527 et
699 2471 962 2527 inutiliter
1003 2472 1225 2539 abusus,
1249 2456 1305 2525 et
1337 2476 1544 2523 tantum
1589 2470 1787 2537 sentiet
1810 2468 2068 2539 spiritalis
2096 2468 2207 2539 gla-

615 2563 690 2618 dii
722 2576 818 2633 per
841 2570 1057 2617 sanctos
1079 2562 1224 2617 viros
1248 2561 1380 2616 illati
1414 2562 1651 2632 rigorem
1677 2599 1693 2625 ,
1742 2568 1803 2613 ut
1841 2574 1943 2614 nec
1990 2566 2207 2614 tenuem

616 2655 833 2723 quidem
875 2654 978 2709 sibi
1004 2653 1194 2728 credat~
1227 2652 1405 2707 inesse
1455 2652 1716 2722 vigorem.
1773 2648 2026 2718 Nunquid
2082 2648 2208 2717 quia

618 2744 913 2815 scabellum
954 2744 1151 2814 pedum
1182 2742 1396 2797 Domini
1440 2741 1656 2798 adorari
1696 2740 2007 2810 praecipitur
2034 2754 2063 2793 a
2084 2754 2210 2809 pro-

617 2838 800 2906 pheta,
816 2835 937 2889 ideo
950 2834 1055 2888 erit
1076 2833 1368 2903 imaginum
1386 2831 1630 2887 adoratio
1643 2830 1958 2893 statuenda?
1979 2828 2109 2895 Quae
2127 2836 2212 2883 est

619 2946 747 3000 ergo
767 2927 1061 2983 similitudo
1084 2925 1302 2981 scabelli
1318 2924 1513 2993 pedum
1538 2922 1752 3000 Domini
1775 2920 2208 2987 etmaterialium

621 2996 947 3089 imaginum?
963 3025 1056 3078 aut
1076 3030 1195 3085 qua:
1216 2996 1632 3089 communicatio
1647 3008 2097 3075 inenarrabilibus
2109 3008 2205 3063 Dei

621 3109 875 3180 operibus
911 3114 966 3161 et
995 3104 1319 3175 imaginibus
1354 3119 1384 3157 a
1415 3102 1743 3172 quibuslibet
1764 3100 1995 3175 conditis
2038 3100 2202 3155 artifi-

621 3202 803 3259 cibus?
832 3208 927 3256 aut
949 3213 1068 3270 quae
1101 3197 1331 3254 societas
1360 3203 1470 3250 tam
1505 3193 1786 3250 excellenti
1824 3201 2203 3263 tamqqurae—

622 3297 771 3353 claro
796 3291 1058 3364 mysterio
1079 3288 1344 3361 et'figuris
1386 3287 1677 3343 insensatis
1702 3287 1939 3341 humano
1979 3286 2204 3356 patratis

620 3384 871 3458 ingenio?
900 3390 994 3438 aut
1024 3381 1117 3437 ubi
1152 3379 1460 3434 institutum
1493 3385 1577 3432 est
1603 3385 1664 3431 ut
1692 3376 1953 3445 imagines
1977 3376 2205 3430 adoren-

620 3487 727 3542 tur,
759 3477 900 3532 sicut
945 3473 1250 3528 institutum
1277 3478 1338 3524 ut
1391 3467 1684 3533 scabellum
1740 3467 1941 3537 pedum‘
1991 3466 2200 3522 Domini

621 3567 909 3624 adoretur?
948 3565 1064 3621 Non
1112 3563 1257 3618 enim
1305 3561 1382 3615 ait
1432 3558 1632 3614 David:
1661 3558 1896 3621 Adorate
1942 3557 2205 3631 imagines

541 3645 547 3652 ’
625 3660 981 3732 quorumdam
1004 3664 1333 3718 sanctorum,
1364 3652 1505 3709 sicut
1528 3643 1623 3714 ait,
1648 3649 1877 3703 Adorate
1922 3645 2205 3701 scabellum

560 3780 570 3790 ο
620 3753 807 3825 pedum
832 3749 1077 3812 Domini;
1106 3746 1201 3802 sed
1216 3759 1316 3800 nec
1328 3742 1585 3799 Dominus
1605 3741 1717 3795 ait:
1752 3740 1926 3810 Opera
1948 3754 2205 3803 manuum

620 3845 898 3899 hominum
924 3841 1079 3896 sedes
1101 3852 1220 3892 mea
1239 3842 1384 3899 sunt,
1412 3833 1675 3909 imagines
1701 3838 1883 3886 autem
1908 3828 2207 3885 scabellum

619 3934 813 4004 pedum
836 3944 1056 3993 eorum;
1101 3927 1195 3982 sed
1233 3926 1345 3979 ait:
1383 3922 1581 3978 Caelum
1608 3923 1737 3976 mihi
1764 3922 1910 3977 sedes
1937 3929 2034 3984 est,
2063 3928 2207 3973 terra

572 4062 573 4065 η
620 4032 793 4074 autem
819 4017 1102 4073 scabellum
1125 4015 1315 4085 pedum
1337 4029 1570 4067 meorum
1599 4012 1734 4083 (Isa.
1766 4027 1912 4088 vai,
1935 4011 2052 4064 Act.
2082 4010 2202 4080 vn).

622 4111 759 4167 Audi
785 4109 949 4180 igitur
970 4106 1370 4161 dementissime
1422 4105 1500 4157 vel
1546 4103 1725 4172 potius
1750 4101 2093 4157 insanissime
2121 4116 2208 4160 er-

623 4216 730 4265 ror,
762 4198 885 4254 audi
906 4195 1341 4265 incomparabilis
1384 4192 1654 4247 dementia
1677 4233 1692 4257 ,
1753 4192 1877 4246 audi
1920 4190 2208 4246 ricliculosa

621 4290 895 4363 segnities,
923 4287 1048 4343 audi
1090 4287 1310 4342 beatum
1348 4282 1695 4338 Ambrosium
1745 4281 2027 4337 docentem
2076 4281 2207 4351 quid

622 4384 694 4438 sit
712 4372 1008 4437 scabellum
1047 4376 1246 4448 pedum
1272 4374 1507 4439 Domini,
1536 4381 1629 4428 aut
1649 4371 1921 4447 quomodo
1946 4371 2204 4432 fadoran-
2237 4396 2285 4454 ι)

621 4474 749 4529 dum
764 4472 855 4528 sit.
880 4471 972 4525 Ait
995 4471 1139 4526 enim
1165 4483 1179 4523 :
1208 4486 1226 4519 ι
1255 4467 1631 4524 Adoraverunt
1649 4463 1875 4535 apostoli
1892 4463 2202 4525 Dominum,

623 4566 747 4638 quia
779 4564 1088 4620 detulerunt
1116 4561 1239 4617 fidei
1276 4558 1641 4615 testimonium
1663 4597 1678 4621 ,
1729 4553 2056 4626 acceperunt
2084 4553 2210 4610 ﬁdei

624 4655 1015 4727 magisterium;
1033 4655 1391 4710 adoraverunt
1401 4647 1641 4717 etangeli
1664 4647 1730 4702 de
1740 4646 1936 4716 quibus
1949 4644 2208 4713 scriptum

623 4755 707 4803 est
733 4765 745 4800 :
774 4746 842 4801 Et
860 4746 1076 4800 adorent
1090 4760 1207 4800 eum
1225 4758 1400 4797 omnes
1413 4740 1585 4811 angeli
1616 4739 1750 4810 ejus.
1767 4740 2006 4795 Adorant
2028 4745 2210 4793 autem

625 4856 732 4897 non
771 4839 945 4895 solum
993 4837 1352 4893 divinitatem,
1379 4832 1524 4902 ejus,
1557 4833 1651 4888 sed
1698 4832 1866 4887 etiam
1910 4831 2208 4887 scabellum

625 4930 820 5000 pedum
847 4927 984 4997 ejus,
1016 4925 1270 4997 quoniam
1314 4931 1532 4979 sanctus
1565 4930 1666 4979 est.
1702 4942 1720 4974 ι
1757 4923 1824 4977 Et
1844 4931 1969 4994 post
1994 4937 2204 4993 pauca:

631 5040 650 5074 ι
663 5021 769 5077 Sed
790 5035 858 5076 ne
877 5016 1015 5073 forte
1039 5017 1371 5089 propositum
1396 5016 1606 5087 aliquos
1624 5015 2012 5086 prmterfugere
2033 5016 2213 5071 videa-

625 5121 715 5166 tur
760 5107 1084 5177 exemplum,
1112 5121 1218 5176 qua
1256 5106 1461 5161 ratione
1489 5106 1556 5161 ad
1602 5105 1994 5162 incarnationis
2028 5104 2208 5159 Domi-

626 5202 766 5258 uicae
795 5207 1191 5257 sacramentum
1236 5206 1479 5268 spectare
1522 5197 1786 5264 videatur,
1819 5198 1964 5268 quod
1993 5197 2068 5250 ait
2086 5210 2211 5267 pro-

628 5293 808 5365 pheta,
834 5291 901 5345 Et
936 5290 1152 5344 adorata
1186 5288 1467 5344 scabellum
1494 5290 1683 5360 pedum
1727 5288 1865 5357 ejus,
1893 5274 2207 5342 considere-

625 5398 770 5441 mus.
808 5382 926 5439 Non
949 5382 1091 5438 enim
1114 5397 1182 5438 ex
1209 5397 1311 5437 usu
1355 5374 1633 5436 hominum
1658 5381 1928 5437 aestimare
1953 5381 2211 5436 debemus

631 5473 955 5541 scabellum;
985 5489 1157 5544 neque
1177 5474 1321 5530 enim
1343 5473 1645 5542 corporalis
1666 5474 1827 5539 Deus,
1853 5479 1947 5527 aut
1973 5487 2081 5526 non
2105 5471 2210 5526 im-

633 5572 871 5633 mensus,
893 5570 954 5623 ut
983 5576 1235 5638 tanquam
1267 5567 1499 5623 fulcrum
1525 5566 1754 5635 pedibus
1782 5566 1898 5636 ejus
1918 5565 2210 5621 seahellum

633 5657 932 5726 subiectum
989 5665 1266 5730 putemus;
1317 5671 1489 5729 neque
1532 5672 1558 5714 ε
1579 5655 1864 5714 .lorandum
1916 5655 2207 5727 quidquam

2307 450 2475 505 Deum
2503 461 2650 544 tuum
2685 451 2957 544 adorabis,
3003 464 3049 508 et
3077 455 3170 526 ipsi
3207 458 3299 512 soli
3325 462 3489 516 seruies
3525 464 3749 544 (Dentri):

2304 543 2573 611 quomodo
2601 557 2731 613 ergo
2763 542 3017 599 adversus
3055 545 3219 615 legem
3238 550 3471 619 propheta
3504 542 3751 630 praeciperet,

2306 633 2406 687 sub
2430 631 2544 702 lege
2570 632 2823 697 nutritus,
2847 640 2906 688 et
2939 636 3175 692 eruditus
3200 638 3251 691 iu
3272 639 3405 710 lege?
3431 641 3529 696 Non
3548 646 3755 705 mediocris

2304 718 2470 791 igitur
2494 723 2739 791 quaestio,
2771 730 2826 778 et
2844 721 2964 779 ideo
2993 725 3289 796 diligentius
3311 731 3756 809 consideremusquod

2305 809 2378 864 sit
2426 809 2738 865 scabellum.
2788 812 3041 884 Legimus
3089 816 3228 870 enim
3277 819 3429 874 alibi:
3476 822 3635 877 Culum
3673 832 3756 883 mihi

2304 892 2541 967 thronus,
2570 909 2711 954 terra
2749 912 2924 956 autem
2954 904 3229 959 scabellum
3249 909 3420 978 pedum
3446 926 3636 966 meorum
3664 914 3754 987 (ita.

2304 987 2473 1062 vai).
2506 990 2610 1046 Sed
2626 1007 2725 1047 nec
2744 1000 2886 1047 terra
2900 994 3165 1050 adoranda
3184 998 3347 1065 nobis,
3371 1001 3481 1070 quia
3497 1016 3689 1062 creatura
3706 1019 3757 1063 est

2304 1083 2422 1138 Dei.
2443 1084 2728 1139 Videamus
2743 1093 2923 1141 tamen
2944 1102 3009 1140 an
3037 1098 3231 1146 terram
3244 1089 3757 1153 illamdicatadorandam

2302 1173 2582 1242 propheta,
2598 1188 2757 1243 quam
2786 1174 3044 1231 Dominus
3072 1175 3225 1233 Jesus
3238 1178 3288 1232 in
3310 1182 3472 1236 carnis
3493 1187 3759 1254 assumptione

2305 1263 2556 1333 suscepit;
2594 1263 2779 1333 Itaque
2804 1278 2901 1333 per
2928 1266 3220 1321 scabellum
3246 1276 3379 1324 terra
3416 1270 3685 1341 intelligitur,
3700 1291 3759 1344 per

2304 1361 2507 1409 terram
2525 1363 2703 1409 autem
2731 1370 2860 1412 caro
2884 1356 3105 1423 Christi,
3131 1373 3287 1428 quam
3310 1360 3546 1431 hodieque
3564 1364 3607 1417 in
3627 1374 3761 1433 myste-

2304 1439 2402 1493 riis
2438 1438 2744 1505 adoramus,
2767 1448 2823 1493 et
2848 1456 3011 1510 quam
3036 1443 3260 1511 apostoli
3288 1444 3338 1497 in
3368 1444 3563 1500 Domino
3578 1445 3693 1511 lesu,
3724 1457 3760 1503 ut

2306 1546 2468 1601 supra
2491 1530 2745 1594 diximus,
2786 1532 3105 1587 adorarunt.
3135 1533 3312 1604 Neque
3341 1536 3470 1590 enim
3487 1537 3647 1603 divisus
3661 1537 3762 1593 Chii-

2305 1631 2436 1686 stus,
2476 1622 2571 1677 sed
2611 1637 2778 1688 unus;
2825 1638 2999 1692 neque
3047 1639 3170 1678 cum
3195 1623 3434 1680 adoretur
3477 1633 3676 1694 tanquam
3702 1626 3761 1680 Dei

2234 1709 2279 1769 Β
2304 1714 2490 1780 Filius,
2520 1723 2679 1769 natus
2702 1729 2769 1767 ex
2792 1714 3004 1785 virgine
3026 1716 3332 1785 negabatur.
3359 1712 3481 1770 Cum
3498 1716 3628 1783 igitur
3648 1717 3762 1773 incar-

2306 1806 2538 1859 nationis
2564 1804 2896 1859 adorandum
2926 1805 2997 1859 sit
3020 1814 3426 1870 sacramentum,
3448 1804 3761 1862 incarnation-

2305 1905 2414 1950 tem
2434 1911 2569 1965 opus
2592 1893 2827 1965 Spiritus
2848 1893 3019 1949 sancti
3046 1894 3135 1958 sit,
3166 1894 3301 1949 sicut
3320 1895 3550 1964 scriptum
3571 1903 3658 1949 est:
3682 1893 3763 1965 Spi-

2307 1991 2437 2042 ritus
2463 1997 2674 2043 sanctus
2727 1986 3049 2058 superveniet
3091 1987 3146 2041 in
3191 1995 3238 2040 te
3260 2025 3274 2052 ,
3325 1996 3371 2040 et
3409 1988 3550 2041 virtus
3591 1985 3763 2039 Alduini

2307 2078 2631 2132 obumbrabit
2665 2078 2798 2131 tibi:
2835 2086 2884 2131 et
2924 2077 3064 2147 quod
3094 2086 3330 2130 nascetur
3359 2093 3417 2129 ex
3456 2085 3498 2129 te
3517 2084 3693 2128 sanctum
3708 2091 3763 2126 m-

2306 2168 2509 2222 cabitur
2535 2166 2831 2242 FiliusDei
2853 2167 3002 2238 (Luc.
3035 2166 3077 2238 ι)
3104 2186 3116 2220 :
3148 2168 3249 2222 hoc
3270 2167 3420 2225 etiam
3447 2166 3684 2221 scabellum
3706 2179 3765 2232 pc-

2307 2262 2432 2316 dum
2455 2261 2666 2316 Domini
2710 2269 2930 2316 sanctus
2969 2260 3300 2332 Augustinus
3329 2259 3695 2333 diligentissimus
3711 2272 3753 2311 et

2307 2352 2554 2421 quisitor,
2571 2368 2765 2422 corpus
2793 2352 3025 2433 Domini,
3058 2353 3204 2422 quod
3230 2354 3293 2409 de
3315 2352 3469 2406 Maria
3485 2352 3648 2427 virgine
3672 2365 3765 2403 sum-

2308 2443 2430 2511 psit,
2450 2442 2741 2498 scabellum
2769 2440 3065 2496 divinitatis
3085 2441 3203 2510 ejus
3221 2436 3440 2496 asseruit
3453 2440 3608 2496 sentiri
3621 2439 3765 2509 debere,

2308 2541 2531 2602 propter
2552 2540 2801 2586 naturam
2830 2531 3185 2587 humanitatis
3222 2548 3376 2602 quam
3398 2539 3472 2586 est
3495 2531 3687 2600 dignatus
3711 2542 3765 2579 as-

2310 2638 2521 2678 sumere
2544 2637 2558 2675 :
2598 2622 2742 2692 quod
2758 2622 2944 2692 utique
2965 2621 3041 2675 illi
3071 2622 3256 2676 virtuti
3284 2622 3358 2676 sic
3377 2631 3452 2676 est
3473 2618 3703 2687 subjectum
3715 2623 3767 2667 at-

2309 2729 2414 2785 que
2437 2713 2668 2779 unitum,
2697 2722 2757 2768 ut
2780 2721 2988 2768 constet
3010 2712 3063 2768 id
3091 2714 3338 2769 omnibus
3372 2711 3596 2767 creaturis
3619 2722 3768 2764 esseex-

2311 2807 2541 2870 celsius,
2594 2806 2735 2861 sicut
2774 2805 2910 2860 dicit
2948 2803 3273 2874 Apostolus:
3307 2803 3449 2870 Quod
3489 2801 3694 2869 inﬁrmum
3722 2806 3768 2848 ut

2311 2896 2428 2962 Dei,
2456 2894 2646 2965 fortius
2667 2903 2741 2949 est
2770 2894 3068 2948 hominibus
3095 2894 3149 2967 (Ι
3175 2894 3296 2949 Cor.
3326 2893 3384 2965 ι).
3414 2892 3473 2946 Et
3507 2890 3609 2943 alibi
3641 2888 3687 2941 de
3713 2898 3769 2937 eo-

2310 2987 2433 3042 dem
2463 2985 2761 3042 mediatore
2790 2986 2884 3040 Dei
2910 2993 2965 3040 et
2988 2985 3270 3040 hominum
3284 2983 3482 3038 homine
3505 2978 3670 3034 Christo
3689 2971 3769 3025 lesu

2309 3062 2595 3144 Apostolus
2617 3074 2746 3148 dicit
2771 3092 2784 3127 :
2816 3073 3038 3145 Propter
3056 3076 3200 3145 quod
3225 3074 3363 3129 Deus
3392 3070 3597 3126 exultavit
3620 3067 3723 3120 illum
3738 3073 3770 3115 et

2300 3167 2508 3222 donavit
2535 3166 2615 3220 illi
2662 3183 2847 3222 nomen
2900 3167 3038 3237 quod
3087 3177 3168 3222 est
3189 3183 3343 3237 super
3384 3180 3516 3219 omne
3552 3174 3708 3221 nomen,
3735 3163 3770 3206 ιιι

2301 3258 2357 3310 in
2384 3257 2591 3312 nomine
2618 3257 2745 3312 Jesu
2774 3274 2925 3312 omne
2964 3274 3103 3328 genu
3134 3260 3372 3329 ﬂectatur
3398 3244 3639 3313 calentium,
3656 3257 3770 3301 terre-

2301 3348 2486 3401 strium
2500 3346 3124 3418 etinfernorum(Philip.
3154 3348 3238 3419 ιι).
3253 3347 3353 3402 Per
3376 3347 3544 3418 pedum
3562 3340 3678 3411 igitur
3694 3335 3770 3390 Do-

2301 3435 2434 3491 mini
2463 3435 2920 3506 magnificentiam
2946 3433 3000 3489 in
3037 3434 3145 3490 hoc
3171 3433 3428 3491 versiculo
3450 3427 3662 3487 stabilitas
3677 3420 3773 3476 divi-

2304 3526 2507 3593 uitatis,
2532 3542 2652 3597 qua:
2681 3526 2961 3596 scmperin
2984 3534 3193 3580 natura:
3214 3541 3323 3582 sua:
3333 3521 3632 3593 omnipotenti
3643 3513 3772 3586 gloria.

2304 3626 2558 3688 tanquam
2589 3619 2789 3693 pedum
2811 3617 3077 3673 indefessa
3121 3618 3348 3673 ﬁrmitas
3373 3618 3648 3688 perseverat.
3666 3601 3765 3659 inici

2304 3708 2503 3779 ligitur.
2536 3710 2769 3765 Possunt
2802 3709 2964 3765 etiam
2997 3704 3329 3781 tropologice
3360 3709 3506 3778 pedes
3529 3698 3690 3758 Domini
3716 3709 3775 3747 ex-

2307 3812 2476 3856 trema
2512 3808 2837 3871 temporum,
2865 3800 3079 3869 quando
3106 3802 3363 3856 Dominus
3392 3792 3621 3853 incarnari
3647 3788 3772 3856 digna-

2306 3900 2393 3946 tus
2414 3900 2516 3958 est,
2544 3891 2845 3962 designari;
2892 3891 3032 3947 unde
3065 3900 3124 3947 et
3168 3874 3398 3948 Joannes
3437 3882 3700 3955 evangelista
3725 3874 3775 3927 di-

2306 3983 2417 4037 cit:
2458 3981 2662 4047 Filioli,
2693 3983 2974 4057 novissima
3011 3966 3243 4037 hora‘est
3271 3983 3319 4054 (1
3346 3982 3492 4037 Joan.
3536 3976 3605 4047 ιι).
3644 3966 3775 4025 Palu“!

2307 4089 2518 4144 quoque
2537 4074 2810 4145 apostolus
2840 4074 2971 4130 dicit
2994 4091 3008 4128 :
3041 4073 3176 4129 Cum
3227 4074 3437 4128 venisset
3460 4063 3675 4140 plenitudo
3690 4068 3775 4111 tas-

2306 4178 2510 4237 porum,
2537 4165 2674 4229 misit
2695 4163 2837 4218 Deus
2858 4162 3059 4239 Filium
3086 4150 3242 4219 suum
3264 4172 3436 4217 natum
3454 4175 3511 4214 ea:
3532 4154 3713 4211 muliere,
3729 4145 3776 4214 ἶ*

2309 4270 2450 4314 ctum
2483 4263 2577 4314 sub
2607 4257 2716 4329 lege
2736 4256 2934 4331 (Galat.
2970 4257 3067 4329 Iv).
3121 4258 3423 4315 Notandum
3448 4266 3561 4309 sane
3597 4245 3691 4317 quia
3711 4252 3778 4292 non

2309 4351 2481 4406 dixit:
2514 4350 2781 4417 Quoniam
2816 4357 3062 4406 sanctum
3090 4359 3202 4415 est,
3253 4348 3346 4404 sed
3376 4346 3595 4417 quoniam
3636 4338 3778 4424 εαιιςῐιξε

2310 4451 2384 4497 est
2424 4442 2597 4514 (Psal.
2626 4440 2793 4514 xcrx),
2840 4441 3047 4497 scilicet
3068 4449 3130 4495 ut
3153 4454 3349 4511 corpus
3386 4431 3573 4506 Domini
3597 4443 3623 4482 a
3652 4419 3777 4518 ditilfl'

2310 4541 2419 4588 tate
2443 4548 2551 4587 non
2575 4532 2933 4606 discernatur,
2957 4530 3105 4587 salva
3131 4532 3405 4599 utriusque
3425 4534 3604 4581 natura:
3618 4520 3779 4606 prop-tif

2311 4630 2442 4688 me,
2471 4620 2568 4677 sed
2598 4601 2675 4676 ad
2714 4637 2880 4677 unam
2922 4635 3215 4691 personam
3261 4597 3529 4674 reieratur.
3558 4605 3676 4664 Unde

2310 4712 2658 4782 Evangelium
2687 4726 2703 4766 :
2741 4710 2965 4767 Verbum
2989 4728 3112 4770 caro
3144 4713 3341 4783 factum
3364 4716 3454 4773 est,
3477 4714 3520 4760 et
3540 4691 3728 4783 habitavit
3745 4691 3778 4738 ίι

2310 4801 2457 4856 nobis
2494 4802 2677 4873 (Joan.
2713 4802 2772 4874 i).
2801 4803 2928 4858 Haec
2949 4792 3016 4858 de
3046 4782 3278 4875 scabello
3301 4799 3486 4870 pedum
3505 4786 3677 4849 Domini
3698 4782 3777 4836 bre-

2309 4893 2449 4946 viter
2474 4894 2812 4965 promulgata
2859 4893 3167 4950 sufﬁciant:
3199 4907 3341 4963 nunc
3385 4889 3451 4945 ad
3477 4893 3639 4942 cetera
3660 4882 3777 4931 ιηιιε-

2311 5000 2521 5042 eamus.
3158 5028 3161 5033 .
3546 4990 3563 5000 ‘

2904 5028 3161 5136 clpur
3195 5076 3284 5135 vr.

2315 5213 2471 5295 Quod
2496 5230 2587 5295 nec
2608 5199 2672 5267 de
2699 5230 2758 5295 eo
2780 5214 3068 5295 imaginum
3090 5212 3328 5295 adoratio
3343 5205 3503 5295 asty-ni

2381 5292 2586 5365 putunt,
2612 5284 2751 5354 quod
2798 5273 3051 5354 scriptum
3073 5294 3167 5350 est,
3192 5282 3423 5339 Adorate
3462 5273 3781 5332 in'monle’san‘

2383 5356 2473 5410 cto
2499 5356 2634 5423 ejus.
3144 5430 3147 5435 θ
3774 5434 3777 5435 ν

2385 5465 2492 5523 Sed
2526 5482 2627 5523 nec
2649 5468 2705 5522 in
2752 5480 2818 5522 eo
2845 5482 3058 5537 quoque
3091 5465 3379 5536 imdginum
3428 5434 3781 5517 adoratio‘asuui

2311 5558 2504 5628 potést,
2534 5568 2594 5615 ut
2629 5560 2704 5616 illi
2731 5561 2988 5627 fatentur,
3016 5560 3159 5632 quod
3203 5573 3302 5629 per
3344 5552 3568 5611 eumdem

2312 5616 2665 5724 prophetam,
2718 5616 2946 5709 Adortus
2975 5616 3053 5707 Iin]
3087 5616 3260 5708 mon-te
3309 5653 3477 5705 sancto
3519 5639 3616 5710 ejus
3662 5616 3779 5699 (Ptol.
