3990 6302
176 336 318 393 1073

993 324 1168 381 unum
1205 320 1551 380 caucam.
1586 350 1656 361 --
1693 319 1913 377 CAPIT.
1955 319 2043 374 DE
2082 304 2271 373 mm.
2312 345 2382 355 —
2418 315 2547 370 LIB.
2591 315 2658 369 η.

3301 318 3435 373 10τᾶ

177 467 305 509 (Cl!
322 449 362 521 ),
394 452 658 510 cantatur,
700 458 824 501 cum
865 440 1070 496 scilicet
1114 420 1221 495 non
1258 446 1516 503 montem,
1551 435 1646 492 sed
1692 435 1747 491 in
1776 442 1823 499 Α
1849 436 2020 492 versis
2045 441 2302 498 macerat,
2328 433 2577 521 secundis
2602 447 2697 488 eos
2725 432 2903 489 denuo
2927 432 3283 489 diuturnitate
3307 442 3439 489 tem'

176 511 364 596 monte
399 543 586 593 sancto
612 530 944 588 adorandum
972 529 1257 584 Dominum
1284 570 1298 591 ,
1351 528 1489 583 idem
1538 534 1757 580 sanctus
1858 524 2004 597 poris
2029 528 2328 597 interrupta
2357 511 2621 589 sublevat,
2645 524 2876 595 qualiter
2902 538 3090 581 eorum
3135 524 3441 582 innocentia

176 614 263 684 vir
293 625 608 683 harmonica
634 620 999 678 modulatione
1028 616 1293 681 decantet.
1324 618 1426 686 Qui
1449 625 1504 672 et
1543 617 1588 672 si
1611 612 1760 671 mon-~

174 729 292 775 tem
319 714 649 772 adorandum
675 713 994 784 praeciperet
1015 752 1029 777 ,
1078 726 1186 766 non
1224 710 1424 765 idcirco
1467 708 1757 777 imaginum

174 806 442 869 adoratio,
472 803 566 860 sed
588 799 949 858 DominiJesu
974 799 1175 855 Christi
1220 814 1253 853 a
1302 798 1446 852 sanis
1492 795 1762 851 mentibus

177 896 595 966 intelligeretur,
626 892 718 963 qui
753 898 837 947 est
871 905 1025 946 mons
1050 889 1260 945 cunctis
1299 887 1572 943 montibus
1591 885 1760 941 subli-

179 986 345 1050 mior,
372 982 528 1052 cujus
552 982 805 1037 videlicet
846 978 1072 1034 altitudo
1089 986 1147 1033 et
1180 978 1353 1033 virtus
1378 976 1619 1034 omnium
1641 990 1765 1030 san-

178 1086 397 1133 ctorum
449 1073 823 1130 altitudinibus
860 1081 916 1126 et
958 1071 1245 1149 virtutibus
1285 1072 1516 1136 eminet;
1558 1069 1627 1124 de
1658 1083 1765 1137 quo
1839 1068 1843 1073 ”

179 1179 282 1234 per
304 1162 497 1218 Isaiam
522 1164 839 1232 prophetam
873 1160 1072 1215 dicitur
1098 1173 1113 1213 :
1145 1159 1213 1214 Et
1255 1160 1354 1214 erit
1391 1161 1447 1213 in
1476 1158 1766 1235 novissimis

178 1254 369 1308 diebus
427 1261 757 1323 praeparatus
812 1266 963 1305 mons
1013 1250 1198 1305 domus
1222 1248 1433 1304 Domini
1477 1250 1532 1303 in
1584 1248 1769 1303 uertice

177 1346 461 1407 montium,
491 1352 541 1398 et
577 1341 860 1397 elevabitur
888 1357 1042 1411 super
1079 1340 1254 1408 colles,
1285 1350 1335 1395 et
1361 1343 1522 1410 ﬂuent
1550 1339 1619 1393 ad
1650 1355 1768 1393 eum

183 1449 370 1487 omnes
393 1443 588 1503 gentes,
619 1442 666 1487 et
688 1431 834 1485 ibunt
876 1429 1053 1501 populi
1081 1430 1229 1484 multi
1251 1430 1387 1503 (Isa.
1425 1430 1511 1501 ιι).
1554 1429 1772 1484 Dicatur

182 1539 344 1594 ergo,
368 1523 599 1579 Adorate
645 1524 703 1576 in
741 1530 912 1575 monte
944 1530 1124 1575 sancto
1165 1522 1280 1591 ejus
1316 1519 1506 1592 (Psal.
1559 1518 1724 1588 XCIX)
1748 1526 1767 1582 ',

181 1617 321 1686 quia
352 1615 620 1679 videlicet,
642 1614 860 1669 non'hic
884 1621 1141 1678 montem,
1167 1614 1263 1669 sed
1300 1615 1354 1669 in
1383 1621 1565 1670 monte
1590 1624 1775 1669 sancto

186 1707 481 1762 Dominum
513 1707 775 1775 propheta
803 1699 1047 1775 praecipit
1089 1705 1335 1770 adorare,
1361 1706 1505 1776 quod
1526 1706 1594 1761 ad
1624 1721 1774 1760 mou-

190 1805 333 1862 tem,
355 1796 484 1851 Sion
512 1796 604 1865 qui
625 1806 709 1851 est
732 1795 991 1859 Ecclesia,
1022 1793 1213 1850 referri
1233 1810 1393 1865 posse
1417 1812 1523 1851 non
1552 1792 1771 1851 dubium
1807 1791 1848 1850 Β

191 1895 282 1943 est
310 1927 328 1952 ,
375 1902 495 1956 quae
519 1893 604 1941 est
648 1901 804 1941 mons
834 1886 1120 1952 montium,
1146 1894 1202 1940 et
1229 1893 1414 1941 sancta
1437 1893 1772 1949 sanctorum,

190 1980 357 2051 cujus
372 1980 483 2049 ipse
505 1980 776 2035 habitator
802 1987 885 2033 est
912 1978 1179 2035 Christus.
1198 1977 1350 2034 Unde
1371 1980 1506 2034 bene
1531 1985 1776 2033 sanctum

192 2072 486 2125 Dominum
512 2071 567 2124 in
590 2078 776 2149 sancto
798 2077 979 2125 monte
1005 2070 1248 2140 praecipit
1264 2071 1615 2136 adorandum,
1640 2086 1776 2140 quo-

190 2164 347 2217 niam
368 2163 507 2217 sicut
529 2162 645 2217 laus
670 2156 1192 2237 ejusnou'convenit
1225 2163 1307 2217 ori
1355 2177 1539 2232 pravo,
1570 2162 1646 2216 ita
1678 2177 1780 2217 nec

188 2251 317 2320 ejus
337 2252 559 2306 cultura:
589 2251 690 2306 loci
726 2260 904 2320 potest
931 2266 1227 2323 congruere
1256 2252 1548 2321 turpitudo.
1573 2250 1781 2307 Adora—

194 2353 325 2399 mus
348 2343 512 2414 igitur
549 2345 611 2398 in-
644 2351 825 2398 monte
874 2350 1062 2398 sancto
1085 2343 1221 2413 ejus,
1257 2359 1365 2398 non
1401 2343 1659 2413 imagines
1695 2340 1781 2398 vel

192 2434 464 2503 quasdam
492 2426 891 2502 superstitiosas
902 2447 1008 2498 res,
1025 2433 1117 2507 sed
1130 2433 1375 2488 eumdem
1394 2432 1675 2487 Dominum
1690 2432 1781 2500 qui

192 2524 349 2579 illius
369 2524 568 2578 montis
588 2528 747 2592 caput
797 2530 899 2586 est,
926 2529 982 2577 et
1006 2529 1066 2576 ut
1098 2522 1345 2577 eumdem
1397 2529 1635 2576 montem
1686 2536 1779 2575 ac-

195 2614 461 2684 quireret,
480 2629 586 2669 non
618 2613 790 2667 solum
810 2612 979 2677 nasci,
1005 2612 1100 2667 sed
1134 2612 1269 2667 mori
1298 2612 1547 2682 dignatus
1574 2620 1687 2677 est;
1717 2612 1783 2667 de

194 2718 313 2772 quo
338 2717 436 2773 per
458 2702 777 2771 prophetam
821 2701 1052 2756 dicitur:
1078 2701 1327 2755 Adduxit
1352 2718 1437 2755 eos
1462 2701 1533 2756 in-
1558 2709 1783 2755 montem

195 2793 634 2861 sanctiﬁcationis
663 2808 773 2846 sua:
797 2832 812 2858 ,
850 2802 1075 2848 montem
1129 2794 1267 2847 hunc
1322 2810 1473 2863 quem
1507 2788 1784 2863 acquisivit

196 2883 423 2938 dextera
444 2883 557 2953 ejus
587 2881 759 2955 (Psal.
790 2883 1047 2954 sxxvm);
1087 2890 1143 2937 ct
1168 2882 1235 2937 de
1264 2898 1371 2951 quo
1396 2898 1494 2952 per
1512 2882 1784 2952 legislatu-

198 2986 323 3027 rem
352 2970 549 3026 dicitur
575 2989 587 3024 :
616 2970 869 3026 Introduc
896 2982 944 3025 et
984 2970 1165 3041 planta
1190 2972 1277 3026 eos
1294 2973 1351 3027 in
1375 2981 1547 3026 monte
1566 2972 1788 3026 Incredi-

198 3060 331 3113 tatis
357 3046 484 3125 tum,
513 3060 569 3113 in
591 3062 888 3137 purpurata
927 3060 1246 3115 habitatione
1275 3069 1367 3115 tua
1400 3078 1557 3132 quam
1583 3078 1790 3133 μητρα-

202 3152 339 3207 rasti
364 3151 485 3217 tibi,
513 3151 762 3217 Domine;
800 3152 1155 3209 sanctuariunt
1181 3161 1351 3219 tuum,
1379 3152 1618 3219 Domine,
1643 3153 1785 3223 quod
1812 3142 1859 3203 C

202 3250 637 3310 prwparaverunt
692 3258 880 3295 manus
919 3251 1043 3305 tum,
1069 3241 1326 3306 Domine,
1376 3243 1467 3313 qui
1509 3259 1694 3312 regnas
1736 3243 1791 3296 in

203 3341 469 3387 Meritum
492 3341 542 3385 et
566 3333 622 3386 in
649 3332 901 3387 swculum
929 3331 1108 3387 sreculi
1129 3341 1178 3385 et
1199 3332 1372 3386 adhuc
1398 3332 1597 3403 (Exod.
1630 3333 1742 3403 xv).

821 3461 1047 3518 CAPUT
1084 3440 1191 3518 v'n.

204 3576 370 3644 Quod
392 3586 600 3647 non,_ut
622 3576 700 3630 illi
723 3575 1057 3647 gloriantur_,
1100 3573 1447 3647 propterillos
1472 3576 1670 3647 dictum
1718 3585 1790 3629 est

317 3648 373 3700 ui
412 3644 663 3717 imagines
692 3644 914 3699 adorant
938 3685 952 3710 ,
1002 3644 1263 3711 Queniam
1302 3660 1409 3698 non
1462 3645 1794 3717 derelinquet

373 3713 551 3771 minus
574 3717 779 3786 virgam
807 3722 1147 3785 peccatorum
1185 3729 1346 3786 super
1365 3722 1571 3786 sortem
1614 3713 1790 3782 juéto-

284 3801 433 3852 rum,
467 3794 527 3840 ut
563 3785 676 3839 non
693 3786 987 3840 extendant
1034 3785 1165 3853 justi
1204 3787 1271 3840 ad
1299 3785 1638 3854 iniquitatem
1681 3800 1795 3839 ma-

285 3870 392 3913 nus
416 3872 545 3913 suas
571 3854 742 3927 (Psal.
774 3855 956 3926 cxxv).

192 4012 197 4019 .
284 3970 408 4025 Non
454 3968 754 4024 mirandum
780 3976 865 4024 est
893 3969 938 4023 si
982 3968 1235 4024 fallantur
1280 3972 1333 4025 in
1373 3970 1648 4035 minimis,
1701 3971 1792 4039 qui

205 4062 478 4118 falluntur
502 4062 555 4116 in
585 4062 814 4131 magnis,
847 4078 947 4117 nec
976 4063 1031 4117 in
1055 4078 1120 4119 eo
1150 4065 1376 4134 amplius
1405 4065 1796 4126 illorum-error

207 4152 566 4210 admirandus
588 4162 689 4221 est,
713 4155 854 4225 quod
882 4154 1001 4210 ideo
1026 4171 1085 4211 se
1106 4154 1285 4225 justus
1308 4198 1324 4224 ,
1362 4158 1489 4228 quia
1535 4157 1795 4230 imagines

204 4234 466 4325 adorant,
493 4261 615 4302 esse
640 4245 959 4317 gloriantur,
990 4246 1087 4302 nos
1121 4255 1301 4303 autem
1342 4251 1433 4318 qui
1459 4264 1551 4305 eas
1570 4252 1795 4306 adorare

202 4337 631 4401 contemnimus,
670 4345 982 4407 peccatores
1008 4336 1297 4404 fateantur,
1328 4355 1450 4394 cum
1480 4341 1549 4394 ob
1583 4340 1794 4394 illarum

204 4446 458 4487 amorem
483 4440 538 4486 et
553 4431 951 4502 Scripturarum
974 4432 1270 4487 divinarum
1291 4433 1580 4503 puritatem
1594 4435 1793 4490 violare

206 4529 502 4586 conentur,
531 4529 587 4577 et
632 4523 972 4592 potissimum
996 4537 1107 4579 sua:
1130 4524 1252 4578 ﬁdei
1284 4524 1713 4597 emolumentum
1737 4527 1791 4580 in

206 4615 303 4669 his
329 4628 452 4669 esse
478 4614 827 4680 arbitrentur,
849 4622 903 4669 et
931 4629 1024 4669 eos
1047 4616 1139 4684 qui
1165 4616 1359 4684 spretis
1384 4616 1469 4671 his
1504 4617 1615 4672 sive
1634 4627 1793 4671 caete-

210 4706 294 4760 ris
318 4703 689 4783 hujuscemodi
712 4706 1042 4762 vanitatibus
1090 4707 1189 4761 soli
1224 4707 1334 4762 Deo
1356 4708 1597 4763 serviunt
1643 4724 1793 4764 eum-

210 4810 324 4865 que
338 4796 579 4850 colentes
602 4797 848 4861 adorant,
867 4798 1320 4853 anathematizare
1332 4800 1598 4854 obstinata
1617 4809 1793 4856 mente

200 4888 486 4944 nitantur.
514 4872 790 4963 Quomodo
809 4901 940 4958 ergo
966 4886 1124 4955 hujus
1152 4889 1401 4944 versiculi
1430 4897 1607 4945 textus
1631 4931 1645 4955 ,
1687 4902 1793 4946 non

216 4981 289 5034 ad
327 4977 573 5033 eamdem
599 4992 714 5032 rem
742 4978 1029 5047 pertineat,
1054 4977 1123 5032 ob
1152 4994 1310 5047 quam
1335 4980 1403 5034 ab
1428 4979 1533 5035 illis
1558 4980 1799 5048 prolatus

214 5077 307 5124 est
332 5109 349 5135 ,
393 5068 689 5138 qualiterve
741 5082 927 5123 eorum
974 5068 1152 5123 sensui
1211 5068 1461 5123 reluctari
1507 5071 1755 5124 credatur
1782 5111 1796 5134 ,

212 5160 519 5231 quantisve'
542 5161 610 5217 ab
640 5176 825 5215 eorum
864 5160 1171 5229 opinatione
1213 5160 1374 5215 distet
1411 5160 1649 5225 indiciis,
1690 5178 1796 5217 non

210 5252 396 5308 solum
432 5251 762 5321 simplicibus
785 5250 1073 5306 lectoribus
1096 5291 1112 5315 ,
1158 5250 1253 5305 sed
1278 5251 1440 5305 etiam
1470 5250 1649 5307 idiotis
1696 5266 1793 5319 pa-

208 5352 334 5409 tet;
386 5343 581 5413 quippe
605 5344 696 5413 qui
740 5343 1051 5413 postpositis
1078 5343 1429 5412 :enigmaticis
1455 5332 1566 5399 sive
1600 5343 1797 5415 allego-

213 5436 352 5491 ricis
372 5433 660 5489 involucris
684 5442 867 5503 aperte
888 5434 1236 5499 demonstret,
1260 5435 1401 5504 quod
1431 5450 1536 5489 non
1565 5435 1653 5490 diu
1678 5449 1792 5505 per—

212 5529 403 5585 mittat
433 5525 691 5582 Dominus
714 5524 967 5596 ﬂagellari
1010 5523 1185 5593 justos
1207 5525 1275 5579 ab
1311 5525 1508 5593 impiis,
1534 5541 1601 5580 ne
1634 5526 1688 5579 in
1714 5525 1798 5581 de-

214 5620 552 5699 speratiOnis
578 5619 751 5675 labem
777 5625 1031 5675 corruant
1064 5616 1285 5673 diutinis
1312 5616 1511 5672 addicti
1552 5616 1793 5688 ﬂagellis,

213 5700 316 5771 sed
345 5716 390 5771 si
416 5714 482 5771 ad
504 5723 709 5787 tempus
736 5714 801 5770 ad
832 5711 1199 5785 probationem
1221 5710 1536 5782 quibusdam
1565 5726 1658 5768 eos
1701 5709 1765 5765 ad

1154 5936 1171 5965 /

1858 617 2171 674 inconvulsa
2191 623 2534 686 permaneat.

2436 704 2665 763 CAPUT
2725 706 2855 762 VIII.

1863 795 2016 862 Quod
2069 814 2173 852 non
2218 805 2428 868 propter
2473 794 2592 868 illos
2639 797 2727 866 qui
2764 797 3052 868 imaginum
3087 797 3445 868 adorationem

1931 877 2176 937 spernunt
2200 865 2227 933 ,ἡ
2256 865 2324 920 αι’
2345 866 2424 919 illi
2448 865 2676 937 delirant
2696 905 2711 930 ,
2763 882 2855 936 per
2872 865 3173 937 prophetam
3216 865 3446 930 dicatur,

1979 937 2278 992 eclinantes
2312 937 2407 1006 ad
2462 934 3133 1006 obligationéméad’ducet
3191 937 3447 991 Dominus

1934 1023 2058 1063 cum
2081 1005 2431 1075 operantibus
2458 1004 2795 1075 iniquitatem
2833 1004 3002 1073 (Psal.
3033 1008 3192 1076 αχεν)

1935 1095 2058 1151 Ideo
2086 1109 2320 1164 namque
2347 1094 2489 1149 hunc
2519 1093 2841 1149 versiculum
2868 1094 3180 1165 singillatim
3209 1096 3366 1152 nobis
3397 1097 3450 1151 in

1865 1172 2053 1243 nostro
2078 1201 2239 1257 opere
2263 1200 2462 1255 ponere
2499 1185 2672 1249 libuit,
2710 1187 2836 1255 quia
2870 1188 2973 1242 etsi
3007 1196 3091 1243 est
3128 1178 3252 1244 cu'm
3290 1203 3451 1257 supe-

1867 1280 2013 1333 riore
2057 1278 2113 1332 in
2154 1278 2312 1331 unius
2338 1276 2528 1345 psalmi
2559 1285 2730 1342 textu,
2778 1278 2943 1333 distat
2971 1287 3147 1345 tamen
3182 1280 3250 1334 ab
3292 1295 3358 1335 eo
3398 1280 3453 1333 in

1868 1388 2030 1427 sensu
2054 1390 2068 1437 ;
2117 1380 2170 1427 et
2198 1386 2507 1440 quanquam
2534 1371 2601 1424 ad
2627 1386 2792 1425 unum
2831 1387 3072 1426 errorem
3101 1372 3452 1447 astruendum

1870 1465 1939 1518 ab
1965 1463 2069 1518 Bis
2091 1463 2161 1518 sit
2185 1461 2446 1531 prolatus,
2475 1456 2689 1517 diverso
2727 1468 2908 1515 tamen
2936 1462 3054 1517 loco
3083 1478 3137 1515 in
3167 1477 3310 1531 saepe
3335 1477 3452 1517 me-

1872 1564 2097 1610 moratae
2122 1553 2313 1623 synodi
2353 1538 2597 1606 lectione
2621 1552 2765 1606 hunc
2813 1559 3025 1607 constat
3054 1568 3175 1607 esse
3198 1553 3453 1622 positum.

1875 1644 2217 1699 Declinantes
2246 1642 2407 1712 igitur
2431 1642 2498 1696 ad
2537 1642 2918 1712 obligationem
2954 1658 3060 1699 non
3090 1642 3165 1696 illi
3204 1642 3454 1698 credendi

1876 1747 2000 1793 sunt
2036 1738 2129 1807 qui
2166 1730 2456 1808 imaginum
2494 1736 2921 1805 superstitiosam
2967 1743 3318 1790 contemnunt
3359 1736 3449 1790 ad-

1876 1832 2194 1894 orationem,
2237 1832 2330 1886 sed
2356 1832 2444 1899 qui
2473 1829 2681 1899 antiqui
2709 1831 2880 1886 hostis
2912 1830 3225 1886 retinaculis
3268 1828 3456 1883 irretiti

1876 1923 2033 1992 proni
2070 1928 2195 1977 sunt
2222 1921 2291 1975 ad
2314 1920 2689 1990 iniquitatem,
2738 1930 3047 1990 quantoque
3081 1921 3310 1991 amplius
3333 1934 3457 1989 pec-

1879 2029 2005 2070 care
2032 2022 2362 2077 noscuntur,
2404 2019 2555 2068 tanto
2600 2013 2853 2067 nimirum
2897 2013 3139 2069 strictius
3183 2011 3459 2068 diabolicis

1880 2105 2041 2174 spiris
2082 2110 2390 2159 nectuntur.
2432 2102 2587 2158 Unde
2622 2102 2867 2171 profecto
2896 2110 3000 2172 per
3042 2103 3330 2173 quemdam
3376 2117 3452 2157 sa-

1879 2196 2114 2263 pientem
2157 2194 2353 2249 dicitur
2387 2212 2400 2246 :
2434 2191 2675 2247 Funibus
2700 2203 3028 2263 peccatorum
3065 2210 3279 2248 suorum
3304 2210 3458 2248 unus-

1881 2285 2095 2355 quisque
2120 2284 2493 2354 constringitur
2518 2283 2699 2353 (Prov.
2728 2282 2782 2353 v)
2802 2270 2916 2348 ;,de
2941 2299 3048 2353 qua
3070 2284 3234 2338 etiam
3263 2284 3457 2352 obliga-

1884 2376 2029 2430 tione
2068 2384 2287 2431 sanctus
2316 2374 2578 2444 propheta
2617 2374 2786 2430 Isaias
2811 2374 2940 2430 dicit
2969 2392 2981 2426 :
3024 2372 3114 2428 Va:
3140 2375 3229 2445 qui
3257 2376 3462 2428 trahitis

1883 2466 2209 2537 iniquitatem
2256 2468 2312 2521 in
2356 2464 2606 2535 funiculis
2641 2465 2905 2530 uanitatis,
2929 2473 2977 2519 et
3023 2465 3176 2535 quasi
3206 2465 3464 2532 uinculum

1882 2557 2104 2628 plaustri
2137 2550 2403 2627 peccatum
2449 2554 2584 2627 (Isa.
2615 2555 2701 2627 v)!
2743 2556 2850 2611 Eos
2889 2557 3069 2626 itaque
3095 2556 3189 2625 qui
3223 2555 3291 2609 ad
3326 2556 3460 2609 hanc

1873 2646 2267 2722 qobligationcm
2299 2645 2586 2709 declinant,
2624 2645 2853 2701 adducet
2895 2646 3152 2701 Dominus
3185 2660 3305 2701 cum
3338 2660 3459 2714 ope-

1886 2738 2129 2791 rantibus
2160 2737 2520 2807 iniquitatem,
2564 2735 2688 2808 quia
2725 2735 2974 2792 videlicet
3011 2751 3135 2791 cum
3169 2737 3364 2805 quibus
3413 2737 3466 2789 in

1887 2829 1989 2882 hoc
2011 2835 2237 2897 peccant
2261 2827 2476 2894 smculo,
2502 2843 2624 2882 cum
2654 2828 2738 2882 his
2761 2812 3159 2882 damnabuntur
3184 2828 3241 2882 in
3264 2827 3466 2892 futuro,

1886 2926 1940 2972 et
1978 2919 2047 2972 ad
2082 2932 2205 2973 eum
2232 2919 2410 2988 ignem
2458 2917 2549 2987 qui
2599 2919 2804 2973 auctori
2849 2919 3140 2973 criminum
3177 2929 3232 2974 et
3267 2919 3466 2990 angeli:

1887 3004 2004 3074 ejus
2032 3015 2365 3076 praeparatus
2396 3015 2494 3070 est,
2534 3006 2706 3071 ibunt,
2756 3006 2910 3076 cujus
2938 3008 2995 3061 in
3029 3007 3132 3063 hoc
3159 3008 3358 3064 saeculo
3381 3021 3467 3064 re-

1891 3098 2244 3153 tinaculorum
2283 3098 2667 3167 obligationem
2713 3113 2979 3168 rumpere,
3007 3094 3377 3170 neglexerunt.
3425 3100 3467 3155 Α

1890 3186 2044 3255 cujus
2067 3188 2391 3257 obligatione
2433 3188 2525 3241 ille
2569 3203 2668 3243 nos
2704 3188 2904 3244 liberos
2928 3188 3141 3254 elliciat,
3175 3191 3391 3260 quinos
3419 3190 3470 3244 in

1890 3279 2190 3335 libertatem
2223 3281 2467 3346 redemit,
2518 3287 2571 3335 et
2599 3281 2754 3336 nobis
2799 3281 3107 3337 sedentibus
3133 3281 3187 3336 in
3234 3282 3469 3337 tenebris

1889 3388 2000 3427 suae
2034 3372 2295 3426 claritatis
2317 3372 2490 3426 lucem
2519 3386 2767 3440 magnam
2789 3372 3049 3435 ostendit,
3086 3371 3201 3425 sive
3227 3371 3461 3425 habitan-

1891 3460 2035 3514 tibus
2080 3460 2135 3512 in
2172 3460 2630 3528 regioneumbraa
2671 3446 2863 3514 mortis
2892 3460 3005 3528 ipse
3035 3460 3126 3514 lux
3152 3475 3279 3515 vera
3313 3448 3463 3515 em.

1893 3557 1978 3604 tus
2018 3556 2102 3603 est
2123 3588 2138 3612 ,
2183 3556 2343 3617 atque
2388 3548 2529 3603 idem
2558 3546 2674 3616 ejus
2717 3550 3074 3610 severissimae
3113 3549 3471 3605 damnationis

1891 3655 1990 3696 nos
2022 3638 2211 3707 reddat
2237 3645 2513 3708 expertes,
2559 3639 2653 3710 qui
2681 3654 2792 3701 suae
2825 3639 3141 3695 clarissima:
3174 3639 3298 3695 lidei
3332 3640 3463 3709 spei-

1892 3746 1997 3803 que
2026 3739 2081 3786 et
2110 3730 2389 3787 charitatis
2415 3729 2544 3788 fecit
2569 3743 2688 3788 esse
2723 3744 3001 3799 sequaces.

2499 3862 2728 3921 CAPUT
2765 3863 2857 3919 1X.

1895 3953 2048 4020 Quod
2077 3971 2179 4009 non
2207 3955 2271 4009 ab
2300 3972 2358 4009 eo
2399 3955 2538 4025 quod
2573 3953 2826 4010 Salomon
2857 3954 3059 4025 dicitur,
3076 3954 3131 4007 in
3170 3947 3358 4025 teniplo
3398 3955 3472 4025 fe-

1964 4027 2094 4078 cisse
2141 4025 2287 4080 bovcs
2324 4034 2380 4095 et
2406 4024 2612 4087 leones,
2664 4024 2951 4095 imaginum
2991 4024 3472 4095 adoratio‘ﬁrmari

1888 4164 1892 4168 θ
1961 4096 2140 4217 ροῖςὶἱ,
2157 4105 2245 4220 "itit
2271 4094 2350 4149 illi
2385 4096 2647 4161 somniant
2683 4094 2859 4165 quiin
2883 4110 3066 4151 earum
3111 4094 3472 4150 adorationem

1964 4181 2032 4217 an
2071 4182 2150 4219 ea
2214 4202 2229 4219 .
2292 4208 2296 4212 .
2626 4202 2631 4205 -

1967 4253 2219 4309 Salomon
2254 4257 2309 4310 in
2337 4254 2534 4325 templo
2558 4256 2725 4311 boves
2751 4264 2807 4311 et
2840 4255 3024 4312 leones
3066 4257 3263 4327 legitur
3289 4256 3457 4311 condi.

1896 4345 2056 4407 disse,
2105 4360 2332 4414 quorum
2357 4344 2663 4401 conditione
2691 4360 2790 4401 nos
2814 4346 2907 4415 qui
2932 4346 3225 4400 secundum
3245 4346 3460 4418 Aposto

1896 4433 2006 4487 lum
2046 4433 2216 4503 legem
2259 4434 2556 4504 spiritalem
2591 4449 2713 4489 esse
2745 4434 2985 4498 scimus,
3006 4433 3329 4503 quibusdam
3357 4446 3473 4501 my-

1897 4525 2186 4580 steriorum
2211 4527 2424 4581 arcanis
2450 4526 2788 4592 instruimur,
2807 4526 2887 4581 illi
2904 4540 3032 4581 vero
3052 4524 3151 4593 qui
3174 4524 3470 4595 imaginum

1897 4616 2267 4670 adorationem
2313 4616 2540 4686 diligunt
2583 4631 2695 4672 sua:
2736 4614 2999 4671 vecordiae
3040 4613 3333 4668 vanitatem
3380 4614 3473 4668 (ir-

1898 4714 2047 4762 ma‘re
2076 4707 2413 4775 moliuntur;
2441 4723 2541 4763 nos
2565 4707 2804 4779 mysticis
2828 4705 3076 4760 sensibus
3094 4704 3468 4774 perducemur,

1897 4797 1974 4852 illi
1996 4799 2051 4853 in
2077 4798 2160 4853 sui
2188 4798 2390 4854 erroris
2423 4795 3129 4867 magnitudineﬁrmantur;
3166 4809 3267 4850 nos
3290 4794 3460 4849 admo

1897 4889 1996 4943 niti
2041 4904 2138 4959 per
2166 4889 2769 4970 umbram'indagamus
2808 4886 3120 4952 veritatem,
3159 4885 3235 4941 illi
3265 4887 3473 4955 decepti

1898 4995 1997 5050 per
2030 4994 2145 5035 rem
2169 4982 2305 5037 bene
2332 4988 2539 5051 gestam
2564 4978 2631 5033 ad
2664 4992 2777 5032 rem
2809 4992 2915 5031 non
2942 4978 3231 5047 gerendam
3254 4985 3475 5033 sumunt

1898 5074 2294 5129 auctoritatem.
2345 5072 2454 5127 Cur
2501 5086 2630 5139 ergo
2671 5082 2765 5124 eos
2812 5068 3066 5124 Davidica
3120 5068 3323 5140 proles,
3358 5084 3474 5135 cur

1895 5161 2184 5217 lsraelitice
2218 5177 2332 5224 rex,
2371 5175 2470 5216 cur
2497 5157 2819 5228 sapientium
2846 5157 3238 5226 sapientissime
3261 5155 3474 5212 fecisti?

1895 5252 2042 5318 Feci,
2069 5253 2307 5322 inquam,
2349 5265 2463 5314 eos,
2493 5264 2600 5302 non
2633 5256 2694 5302 ut
2717 5246 2931 5302 adorari
2966 5247 3252 5314 deberent,
3286 5248 3381 5303 sed
3414 5255 3475 5304 ut

1897 5346 2142 5418 quaedam
2179 5344 2405 5419 mystica
2440 5341 2841 5411 signiﬁcarent;
2871 5327 2998 5396 ‘non
3023 5348 3084 5396 ut
3115 5342 3290 5397 errori
3327 5341 3475 5398 faveo

1898 5445 2035 5504 rent,
2065 5437 2159 5493 sed
2186 5446 2245 5491 ut
2270 5437 2647 5507 mysteriorum
2681 5452 2879 5491 arcana
2916 5444 3320 5503 monstrarent;
3363 5452 3471 5493 non

1897 5537 1956 5584 ut
1979 5527 2358 5584 oll‘endiculum
2397 5528 2555 5583 czecis
2602 5528 2870 5583 mentibus
2912 5536 3110 5594 essent,
3148 5528 3243 5584 sed
3268 5535 3330 5582 ut
3352 5543 3467 5583 ma-

1898 5633 2060 5688 gnum
2104 5616 2356 5687 quiddam
2405 5616 2620 5674 subtilia
2655 5617 2927 5673 subtiliter,
2979 5619 3343 5677 scrutantibus
3384 5619 3469 5672 in-

1900 5717 2145 5764 nuercnt.
2195 5707 2292 5765 Cui
2325 5708 2369 5764 si
2401 5710 2521 5766 ideo
2564 5709 2871 5766 succenseri
2900 5710 3089 5776 debet,
3135 5710 3258 5780 quia
3285 5726 3382 5781 per
3405 5721 3468 5761 ca
