3990 6302
557 287 692 340 1075

1429 287 1489 339 Β.
1530 282 1780 340 CAROLI
1817 279 2030 336 MAGNI
2067 277 2215 334 OPP.
2252 277 2431 334 PARS
2467 281 2532 334 ll.
2575 279 2817 336 SECTIO
2847 279 2913 334 ll.

3661 283 3803 337 1076

555 409 675 463 qua:
715 373 753 446 a'
773 407 860 447 me
885 393 1021 448 bene
1061 401 1210 462 gesta
1237 401 1390 456 sunt,
1433 407 1463 446 a
1487 393 1666 461 pravis
1689 407 1914 462 pravum
1943 403 2123 447 exem-
2149 389 2201 449 A
2225 399 2496 458 conspectu
2520 399 2598 445 sto
2629 389 2747 462 (III
2778 389 2908 460 Reg.
2937 390 3070 461 xvu)
3095 406 3110 455 ;
3140 405 3208 445 ne
3233 391 3306 446 sit
3329 391 3395 448 de
3421 393 3529 448 illis
3551 407 3688 463 quos
3707 412 3805 465 per

554 483 701 552 plum
732 485 980 550 sumitur,
1023 484 1306 554 legislatori
1336 483 1683 539 nihilominus
1704 485 2124 542 succensendum
2225 481 2536 549 prophetam
2559 483 2776 537 denotat
2803 483 2987 536 dicens
3013 496 3028 534 :
3083 480 3356 537 Verterunt
3381 494 3528 556 terga
3555 486 3624 538 ad
3653 503 3736 540 me
3757 498 3804 540 et

554 579 657 634 est,
685 586 776 640 qui
803 587 915 626 rem
953 573 1166 640 quidem
1194 571 1484 626 multorum
1512 573 1712 628 visibus
1746 575 2122 638 necessariam,

555 660 611 716 in
653 675 836 716 eremo
882 663 1155 726 exaltavit,
1204 677 1309 730 qua
1350 677 1514 731 prava
1556 663 1831 719 hominum
1879 665 2126 720 voluntas

554 766 718 821 prave
760 752 1097 820 postmodum
1135 753 1403 807 utebatur.
1455 753 1571 809 Non
1600 755 1763 825 igitur
1796 771 1894 812 nos
1927 757 2129 827 eiligies

556 842 628 896 oh
655 841 968 896 memoriam
999 858 1180 896 rerum
1207 850 1478 912 gestarum
1511 855 1566 900 et
1589 857 1925 904 venustatem
1950 850 2129 904 condi-

557 941 640 986 tas
666 932 1009 988 basilicarum
1051 937 1446 1004 quodammodo
1486 939 1817 1005 abdicamus,
1866 955 1988 996 cum
2031 959 2130 1012 per

557 1019 771 1090 Moysen
809 1029 864 1076 et
891 1021 1250 1089 Salomonem,
1291 1040 1595 1096 quanquam
1620 1028 1673 1081 in
1707 1031 1897 1099 typicis
1919 1032 2124 1102 ﬁguris,

553 1124 648 1164 eas
667 1109 838 1166 factas
856 1112 1022 1169 fuisse
1047 1115 1300 1182 sciamus,
1329 1119 1418 1173 sed
1441 1134 1628 1175 earum
1654 1123 2128 1181 insolentissimam

554 1199 638 1257 vel
676 1201 855 1269 potius
891 1205 1471 1274 superstitiosissimam
1513 1210 1877 1268 adoratiouem
1913 1218 2131 1272 cohibe-

554 1307 675 1347 mus
697 1334 712 1358 ,
751 1310 913 1363 quam
945 1312 1117 1367 neque
1142 1313 1236 1370 per
1273 1302 1609 1370 patriarchas
1627 1345 1642 1369 ,
1689 1322 1862 1376 neque
1885 1324 1983 1378 per
2006 1327 2130 1381 pro-

555 1385 744 1453 phetas
765 1427 779 1450 ,
815 1399 840 1428 α
866 1403 1039 1456 neque
1084 1405 1182 1458 per
1214 1394 1483 1460 apostolos
1504 1436 1518 1459 ,
1548 1412 1720 1466 neque
1749 1415 1844 1468 per
1877 1404 2131 1470 apostoli-

557 1488 649 1529 cos
682 1475 826 1532 viros
854 1479 1061 1546 uspiam
1107 1483 1403 1539 institutam
1449 1501 1566 1541 esse
1595 1492 1973 1558 repererimus.
2024 1495 2129 1550 Sed

555 1571 616 1616 ut
644 1564 709 1617 ad
735 1568 1008 1636 proposita
1033 1572 1333 1638 redeamus,
1379 1576 1631 1632 Salomon
1660 1581 1712 1633 in
1739 1582 1935 1650 templo
1968 1585 2130 1640 boves

555 1663 611 1706 et
643 1655 825 1711 leones
869 1657 1018 1724 fecit,
1049 1663 1172 1730 quia
1207 1672 1261 1718 et
1287 1664 1532 1723 Christus
1566 1671 1618 1723 in
1649 1671 1886 1728 Ecclesia
1913 1687 2127 1745 aposto-

555 1745 638 1804 los
663 1762 955 1819 eorumque
997 1768 1336 1812 successores
1361 1760 1656 1827 constituit,
1677 1764 1786 1831 qui,
1815 1763 1966 1832 juxta
1990 1768 2132 1822 beati

557 1833 802 1906 Gregorii
827 1843 1144 1897 sententiam
1170 1885 1183 1908 ,
1223 1864 1240 1895 ι
1276 1847 1414 1902 bene
1436 1852 1717 1920 agentibus
1741 1868 1838 1923 per
1863 1857 2134 1913 humilita-

558 1935 668 1980 tem
697 1937 822 1983 sunt
854 1932 986 1986 socii
1030 1942 1216 1989 contra
1257 1937 1675 2010 delinquentium
1707 1947 1834 2001 vitia
1860 1989 1874 2013 ,
1913 1964 2011 2018 per
2047 1967 2134 2006 ze-

558 2017 670 2074 lum
707 2018 930 2088 justitiae
971 2027 1172 2092 erecti,
1219 2039 1480 2097 quatenus
1521 2041 1576 2087 et
1609 2034 1741 2090 istos
1778 2017 2134 2097 mansuetudo

557 2107 711 2164 buvis
729 2121 1009 2178 sustentet,
1034 2124 1087 2170 et
1108 2117 1224 2173 illos
1247 2119 1433 2177 feritas
1456 2123 1626 2180 leonis
1646 2127 1899 2183 stimulet.
1932 2151 1950 2183 ι
1981 2132 2136 2199 Quod

560 2206 844 2293 utrumque
883 2209 1115 2272 pastoris
1154 2209 1409 2268 Ecclesia:
1439 2218 1685 2286 exemplo
1713 2220 1888 2292 colligi
1935 2234 2130 2293 potest,

558 2291 652 2356 qui
686 2301 741 2346 et
778 2292 1085 2352 Cornelium
1129 2300 1430 2358 humilitate
1475 2315 1715 2363 utentem
1758 2291 1968 2369 blandis
2003 2291 2135 2373 allo-

557 2379 700 2470 quiis
725 2381 981 2449 delinivit,
1003 2396 1057 2441 et
1079 2398 1265 2444 contra
1291 2391 1554 2449 Ananiam
1576 2405 1631 2451 et
1653 2397 1972 2470 Sapphiram
1995 2402 2136 2457 frau-

558 2469 803 2565 dulenter
829 2485 1047 2544 agentes
1072 2494 1131 2534 se
1157 2481 1504 2541 vehementer
1529 2489 1720 2543 erexit.
1765 2491 1946 2547 Sancti
1973 2494 2135 2565 igitur

558 2554 662 2616 viri
692 2562 978 2632 aliquando
1007 2572 1469 2631 mansuetudinem
1504 2579 1686 2646 boum,
1728 2554 2022 2653 aliquando
2057 2585 2135 2641 fe-

557 2651 839 2745 rocitatem
867 2656 1064 2714 habent
1088 2661 1301 2717 leonum
1329 2667 1456 2734 quia
1483 2677 1538 2722 et
1563 2671 1772 2740 virgam
1815 2651 1998 2730 tenent
2031 2691 2134 2745 qua

559 2737 726 2796 fortes
763 2744 975 2802 fortiter
1005 2761 1227 2820 regant,
1281 2763 1335 2809 et
1375 2757 1622 2815 baculum
1650 2737 1756 2830 quo
1797 2737 2134 2822 inﬁrmorum

559 2832 866 2892 debilitates
895 2849 1215 2899 sustentent.

1176 2977 1401 3037 CAPUT
1431 2983 1498 3037 X.

2228 587 2331 625 non
2372 571 2558 640 faciem
2587 571 2801 641 (Jerem.
2838 571 2921 640 ιι).
2963 571 3221 627 Hortatur
3257 574 3420 628 etiam
3447 583 3508 629 ut
3545 591 3651 632 vox
3691 575 3809 646 ejus

2227 669 2382 718 sonet
2407 663 2462 716 in
2486 662 2704 718 auribus
2733 662 2894 727 illius,
2925 663 3047 730 quia
3068 672 3288 732 paratus
3315 673 3396 718 est
3424 666 3490 720 ad
3521 667 3812 723 exaudien-

2228 756 2353 810 dum
2388 762 2603 810 sanctos
2623 770 2766 820 suos,
2796 754 3079 810 Psalmista
3105 763 3388 812 attestaute
3415 757 3507 825 qui
3531 758 3610 811 ait
3639 774 3655 812 :
3687 757 3810 814 Cla-

2227 855 2494 899 maverunt
2517 846 2652 915 justi
2679 856 2726 900 et
2757 845 3011 901 Dominus
3040 847 3303 902 exaudivit
3335 865 3440 912 eos,
3472 858 3520 903 et
3553 866 3620 904 ex
3644 850 3815 906 omni-

2230 938 2322 992 bus
2357 937 2775 992 tribulationibus
2800 954 2979 992 eorum
3007 937 3244 993 liberavit
3268 957 3355 995 eos
3389 941 3559 1011 (Psal.
3593 942 3811 1013 XII").

2231 1033 2428 1088 Vocem
2471 1031 2586 1101 ejus
2627 1032 2836 1088 dulcem
2881 1040 2936 1086 et
2979 1032 3175 1088 faciem
3215 1033 3343 1088 dicit
3378 1049 3495 1090 esse
3530 1037 3813 1101 decoram,

2229 1123 2355 1194 quia
2379 1123 2647 1179 orationes
2688 1131 2995 1178 sanctorum
3025 1137 3237 1192 semper
3262 1123 3370 1178 Deo
3400 1133 3632 1194 accepta:
3662 1133 3813 1190 sunt,

2231 1229 2524 1284 eorumque
2546 1222 2699 1284 grata
2728 1213 3010 1283 praesentia
3046 1214 3139 1282 qui
3164 1213 3229 1268 de
3249 1213 3450 1271 Christi
3479 1216 3694 1270 lumine
3727 1230 3818 1270 ac-

2231 1312 2516 1373 ceperunt,
2559 1303 2702 1357 utin
2732 1303 2924 1357 decore
2941 1300 3166 1368 justitize
3206 1313 3600 1372 permanerent.
3655 1304 3815 1367 Esto,

2232 1393 2482 1449 convenit
2511 1402 2570 1448 ut
2595 1393 2662 1448 ad
2698 1391 2988 1461 imaginum
3023 1393 3280 1448 visionem
3323 1395 3491 1462 aptari
3521 1393 3709 1463 possit
3733 1393 3819 1447 hic

2233 1484 2552 1549 versiculus,
2581 1481 2804 1536 Ostende
2832 1484 2959 1536 mihi
2989 1483 3176 1552 [aciem
3201 1493 3347 1538 tuant
3374 1482 3545 1555 (Cant.
3571 1485 3664 1554 ιι),
3704 1485 3824 1539 sive

2234 1575 2396 1644 facies
2432 1584 2524 1628 tua
2552 1575 2804 1645 speciosa,
2850 1574 2978 1642 quid
3007 1573 3074 1629 de
3107 1589 3238 1629 voce
3267 1575 3374 1629 dici
3399 1576 3606 1645 poterit,
3647 1591 3820 1644 quam

2235 1671 2290 1718 et
2327 1677 2544 1718 suavem
2567 1663 2829 1732 propheta
2859 1661 3145 1727 decantat,
3189 1671 3245 1716 et
3281 1664 3513 1718 auditam
3541 1665 3647 1719 sibi
3703 1665 3821 1719 fieri

2164 1730 2208 1790 Β
2237 1756 2524 1812 hortatur?
2754 1754 2940 1824 utique
2991 1754 3038 1808 si
3091 1753 3269 1808 anima
3316 1769 3424 1808 non
3466 1763 3821 1823 vegetamur,

2233 1846 2401 1901 multo
2432 1845 2610 1901 minus
2647 1860 2777 1900 voce
2814 1842 3104 1909 fruuntur;
3155 1852 3211 1898 et
3247 1843 3292 1898 si
3323 1857 3449 1900 voce
3480 1859 3584 1898 non
3616 1842 3818 1898 fruun-

2233 1946 2344 2004 tur,
2368 1937 2534 1992 multo
2560 1935 2739 1990 minus
2761 1935 2910 1991 vocis
2937 1933 3198 1988 suavitate
3225 1923 3498 2002 potiuntur
3523 1949 3539 1998 ;
3567 1933 3612 1986 si
3647 1933 3822 2002 igitur

2233 2029 2410 2084 anima
2440 2043 2546 2083 non
2572 2033 2886 2096 vegetantur
2909 2063 2923 2087 ,
2962 2038 3063 2078 nec
3096 2023 3245 2078 vocis
3285 2022 3560 2077 dulcedine
3588 2022 3823 2092 potiuno

2233 2129 2338 2175 tur.
2389 2119 2539 2174 Unde
2576 2117 2779 2187 liquido
2803 2124 2982 2186 patet,
3027 2123 3086 2168 ut
3121 2115 3262 2169 sicut
3287 2115 3343 2168 in
3378 2114 3583 2168 caneris
3604 2128 3686 2167 ex
3721 2115 3826 2169 hoc

2233 2208 2446 2278 negotio
2469 2205 2856 2262 assertionibus
2885 2205 3097 2260 illorum
3121 2205 3188 2260 ad
3223 2218 3337 2257 rem
3360 2219 3463 2258 non
3482 2203 3825 2275 pertinentia

2233 2297 2374 2352 dicta
2396 2295 2740 2358 frustrantur,
2768 2296 2846 2349 ita
2876 2294 3040 2350 etiam
3071 2302 3125 2348 et
3155 2295 3205 2347 in
3234 2294 3336 2350 hac
3362 2302 3512 2362 parte
3539 2292 3825 2348 fmstreu-

2233 2396 2340 2452 tur,
2369 2386 2665 2455 przesertim
2703 2400 2826 2439 cum
2860 2399 2962 2440 nec
2984 2384 3049 2438 de
3077 2399 3264 2438 earum
3289 2383 3443 2439 faciei
3486 2384 3716 2438 visione
3747 2400 3825 2439 re-

2233 2484 2318 2530 cte
2344 2476 2446 2531 dici
2477 2476 2663 2545 possit,
2695 2474 2918 2530 Ostende
2941 2474 3069 2528 mihi
3099 2474 3286 2544 faciem
3316 2484 3472 2537 tuam,
3526 2489 3725 2544 neque
3765 2475 3826 2529 de

2233 2582 2418 2623 earum
2441 2582 2572 2622 voce
2593 2581 2697 2636 qua
2728 2580 2949 2636 prorsus
2971 2573 3177 2628 carent,
3206 2564 3275 2618 Et
3301 2565 3536 2621 auditam
3561 2564 3655 2633 fac
3695 2565 3826 2626 mihi

2235 2675 2405 2714 rocem
2433 2667 2598 2725 tuam,
2624 2659 2870 2730 quoniam
2897 2673 2993 2710 vox
3022 2664 3113 2710 tua
3139 2657 3312 2711 suavis
3333 2665 3426 2722 est,
3455 2664 3499 2708 et
3529 2654 3712 2722 facies
3740 2667 3826 2708 tua

2233 2751 2462 2820 speciosa
2473 2788 2484 2802 .

2839 2837 3067 2894 CAPUT
3103 2835 3192 2891 XI.

2237 2927 2516 2996 Quomodo
2535 2925 3032 2998 intelligendumest
3059 2925 3197 2998 quod
3225 2914 3316 2998 per
3356 2923 3818 2998 lsaiam__pr0plie-

2303 3009 2411 3052 tam
2444 2993 2721 3063 scribitur,
2767 2996 2882 3050 Erit
2910 2993 3082 3048 altare
3105 2993 3313 3048 Domini
3355 2993 3406 3046 in
3447 2994 3623 3047 medio
3661 3003 3827 3047 teme

562 3077 833 3142 0mm“
859 3085 1366 3164 ﬁelelliaepdumuest.
1399 3095 1538 3164 quod
1565 3097 1620 3151 iu
1645 3097 1872 3154 Canticis
1900 3101 2132 3156 cantico-
2156 3061 2206 3124 ο
2307 3065 2690 3164 ΕΨΡῘῘᾸῘῘῨΚ
2707 3061 2999 3164 Σέηείζῗῗέ
3025 3063 3621 3164 fﬁti‘ﬁiﬁt'ji‘iﬁffi‘fe

630 3165 748 3237 rum
775 3154 1039 3237 scribitur,
1066 3157 1297 3217 Ostende
1325 3154 1456 3222 mihi
1483 3167 1674 3222 faciem
1703 3177 1866 3237 tuam,
1898 3154 1953 3226 et
1980 3154 2133 3226 audi-

630 3226 740 3304 tam
771 3222 856 3304 fac
871 3225 1015 3304 .mihi
1039 3243 1220 3304 vocem
1247 3240 1413 3298 tuam,
1439 3238 1692 3304 quoniam
1716 3222 2136 3296 voiiui'shiiis

628 3293 904 3380 Jmihi,
949 3304 1002 3380 et
1039 3295 1332 3380 faciesutua
1366 3293 1609 3380 speciosa
1633 3307 1825 3380 (Cant.
1854 3293 2134 3380 inﬁtiari

627 3360 1152 3450 ἵῇξᾳῗφβαρίτριίμιη
1180 3369 1257 3425 illi
1282 3360 1724 3445 impudentissime
1752 3360 1822 3434 ad
1846 3360 2132 3450 imaginum

629 3430 875 3485 visionem
903 3430 1246 3504 protulerunt.

627 3536 816 3596 Facies
856 3543 1111 3602 Ecclesia:
1137 3564 1298 3618 quam
1331 3551 1575 3610 Christus
1603 3557 1814 3614 blandis
1855 3561 2131 3614 nominum

557 3629 909 3688 varietatibus
933 3636 1242 3708 alloquitur,
1279 3645 1438 3701 modo
1468 3661 1587 3701 eam
1613 3649 1934 3715 columbam,
1972 3653 2132 3708 modo

559 3719 871 3789 formosam,
899 3729 1058 3785 modo
1083 3734 1314 3788 amicam
1342 3751 1579 3805 vocans;
1616 3755 1774 3809 quam
1806 3758 2046 3813 surgere,
2078 3745 2133 3800 id

555 3821 670 3877 est,
707 3817 959 3883 credere,
1003 3835 1295 3890 properare
1319 3865 1332 3889 ,
1372 3828 1426 3882 in
1463 3831 1715 3898 operibus
1747 3833 1902 3888 bonis
1943 3849 2134 3890 excre-

557 3917 728 3965 scere,
755 3907 958 3970 venire,
988 3911 1056 3962 ad
1081 3921 1337 3970 mternam
1362 3924 1848 3980 remunerationem
1873 3928 2131 3984 accedere

556 3991 720 4058 jubet,
748 4011 853 4050 non
867 4003 1183 4068 corporalis,
1207 4007 1300 4060 sed
1319 4010 1574 4076 spiritalis
1594 4024 1696 4080 est,
1715 4017 1838 4084 quia
1861 4029 1916 4072 et
1937 4029 2130 4076 caetera

557 4098 678 4151 quze
703 4084 769 4139 de
793 4100 856 4139 ea
889 4088 940 4141 in
969 4089 1156 4147 iisdem
1180 4095 1414 4155 Canticis
1442 4105 1773 4160 canticorum
1798 4109 2128 4178 scribuntur,

557 4189 664 4264 non
678 4178 965 4232 carnaliter
979 4183 1069 4236 sed
1083 4185 1396 4252 spiritaliter
1417 4191 1753 4264 intelligenda
1767 4207 1911 4252 sunt.
1925 4199 2058 4255 Nam
2085 4204 2129 4258 si

557 4263 648 4320 hic
669 4267 967 4324 versiculus
989 4273 1201 4327 cuidam
1231 4279 1496 4346 corporali
1521 4263 1603 4336 rei
1621 4289 2015 4345 accommodari
2035 4306 2128 4363 po-

2307 3133 2577 3192 nus'docte
2602 3137 2670 3190 ad
2707 3133 2993 3206 imaginum
3022 3133 3377 3190 aderationem
3404 3133 3593 3202 referre
3635 3134 3820 3186 nitun-

2307 3217 2412 3262 tur.

2308 3299 2458 3353 Hanc
2481 3297 2816 3368 prophetiam
2849 3296 3115 3367 Josephus
3142 3296 3197 3351 in
3225 3295 3361 3352 Ouia
3397 3294 3668 3353 sacerdote
3723 3301 3824 3364 qui

2233 3390 2492 3460 profugus
2533 3390 2587 3444 in
2631 3388 2925 3459 Egyptum
2966 3387 3212 3459 plurimis
3240 3387 3539 3442 Judaeorum
3574 3386 3829 3442 vallatus

2234 3480 2464 3534 catervis
2498 3479 2789 3542 descendit,
2820 3477 3095 3545 altareque
3121 3476 3194 3531 ibi
3212 3484 3268 3531 et
3289 3477 3540 3545 templum
3568 3486 3818 3531 constru-

2232 3570 2332 3634 xit,
2370 3569 2644 3639 impletam
2671 3567 2834 3622 fuisse
2863 3575 3087 3628 narrat;
3119 3582 3217 3622 nos
3241 3582 3368 3621 vero
3390 3567 3478 3636 qui
3507 3581 3570 3620 ea
3599 3581 3734 3635 quae
3759 3568 3827 3622 de

2232 3660 2433 3717 Christi
2459 3662 2688 3716 adventu
2713 3668 2766 3714 et
2781 3659 3060 3714 vocatione
3075 3659 3310 3730 gentium
3333 3659 3649 3729 prophetata
3669 3669 3824 3723 sunt,

2232 3765 2341 3806 non
2367 3760 2428 3804 ut
2462 3750 2641 3805 futura
2686 3758 3061 3813 autumamus,
3101 3750 3194 3803 sed
3218 3757 3278 3803 ut
3312 3749 3585 3818 przeterita
3619 3749 3825 3804 devota

2233 3850 2414 3895 mente
2453 3850 2698 3896 tenemus
2728 3847 2782 3894 et
2815 3839 3085 3894 credimus
3109 3879 3123 3904 ,
3179 3855 3286 3893 non
3311 3840 3450 3893 hanc
3475 3839 3823 3908 prophetiam

2233 3931 2552 4004 completam
2595 3929 2762 3985 fuisse
2790 3929 3048 3985 sentimus
3075 3943 3174 3998 per
3215 3927 3407 3984 Oniam
3451 3928 3823 3994 sacerdotem,

2233 4022 2326 4076 sed
2350 4036 2445 4092 per
2472 4021 2743 4076 Christum
2764 4021 3066 4084 Dominum,
3097 4021 3190 4076 Dei
3223 4029 3278 4075 et
3302 4021 3582 4074 hominum
3610 4023 3825 4078 media-

2233 4120 2422 4166 torem.
2473 4111 2576 4178 Qui
2612 4112 2861 4167 videlicet
2906 4111 3065 4166 fidem
3095 4113 3150 4166 in
3183 4113 3286 4167 hoc
3315 4113 3547 4172 mundo.
3587 4114 3682 4183 qui
3709 4115 3826 4186 ple-

2232 4217 2459 4272 rumque
2495 4201 2710 4272 Αῖθῃριὶ
2753 4201 2970 4256 nomine
3011 4201 3357 4272 designatur,
3407 4204 3719 4267 constituit,
3767 4205 3821 4259 in

2232 4289 2386 4358 cujus
2427 4290 2693 4364 soliditate
2732 4307 2762 4345 a
2809 4291 3053 4345 fidelibus
3093 4291 3398 4346 orationum
3448 4293 3723 4346 sacriﬁcia
3765 4302 3824 4347 et

556 4364 679 4420 test,
703 4365 762 4462 ut
783 4357 857 4413 illi
879 4362 1165 4429 somniant,
1189 4366 1279 4434 qui
1306 4365 1447 4423 hunc
1467 4371 1534 4426 ad
1562 4373 1853 4446 imaginum
1867 4357 2127 4438 visionem
2153 4402 2206 4462 D
2233 4357 2540 4436 sanctorum
2593 4381 2908 4435 meritorum
2956 4381 3209 4436 libamina
3257 4382 3486 4436 Domino
3551 4383 3815 4446 litantur;

555 4449 896 4538 protulerunt
919 4493 932 4518 ,
978 4469 1105 4526 ergo
1143 4466 1196 4512 et
1222 4461 1400 4515 omnia
1429 4479 1550 4533 qua:
1584 4467 1649 4523 de
1680 4485 1888 4538 sponsae
1928 4471 2126 4529 Christi

556 4536 810 4595 Ecclesiae
852 4545 1107 4602 membris
1147 4549 1482 4618 scribuntur,
1529 4536 1825 4626 corporalia
1863 4560 2127 4617 credenda

556 4635 717 4694 sunt;
757 4638 812 4683 et
835 4632 880 4686 si
910 4633 1025 4689 haec
1056 4638 1235 4693 omnia
1263 4653 1370 4692 non
1405 4643 1662 4698 membris
1688 4646 2005 4713 visibilibus,
2035 4651 2128 4705 sed

554 4718 844 4780 virtutibus
891 4727 1215 4781 conveniunt
1256 4729 1645 4799 invisibilibus,
1703 4750 1829 4805 ergo
1870 4745 1925 4791 et
1963 4737 2127 4794 facies

553 4805 703 4876 ejus,
742 4811 912 4867 virtus
942 4815 1120 4884 potius
1159 4816 1441 4874 invisibilis
1467 4836 1627 4890 quam
1662 4824 1940 4892 cujusdam
1971 4827 2129 4883 debet

554 4897 777 4991 intelligi
798 4903 944 4958 visus
966 4907 1232 4978 imaginis.
1262 4910 1448 4967 Facies
1472 4913 1652 4983 itaque
1675 4914 1926 4974 Ecclesiae
1949 4921 2128 4991 cogni-

553 4989 629 5044 tio
653 4992 912 5048 virtutum
941 4995 1054 5063 ejus
1083 5007 1166 5054 est
1184 5040 1199 5065 ,
1238 4999 1388 5068 cujus
1410 5004 1825 5072 pulchritudinis
1849 4989 2127 5066 venustate

553 5078 622 5132 ab
648 5095 844 5149 sponso
868 5083 1125 5152 diligitur,
1168 5089 1252 5142 cui
1278 5089 1414 5144 bene
1437 5107 1535 5161 per
1563 5097 1876 5166 prophetam
1904 5100 2120 5165 dicitur,

555 5167 816 5232 Quoniam
845 5177 1130 5244 concupivit
1156 5193 1245 5232 rex
1267 5183 1484 5250 speciem
1513 5194 1676 5238 tuam.
1713 5187 1969 5244 Hortatur
1994 5207 2123 5263 ergo

553 5257 800 5317 Christus
835 5263 1150 5331 Ecclesium,
1203 5277 1262 5324 ut
1286 5269 1477 5326 faciem
1505 5290 1659 5329 suam
1683 5277 1734 5332 ei
1758 5279 2034 5347 ostendat,
2058 5257 2125 5336 id

553 5356 663 5413 est,
701 5359 762 5404 ut
801 5367 1012 5424 semper
1039 5371 1163 5412 eum
1203 5363 1591 5432 contempletur
1619 5367 1722 5422 fide
1761 5377 1815 5423 et
1850 5372 2121 5438 operibus,

556 5448 609 5493 tit
651 5457 773 5495 cum
801 5442 916 5498 Elia
954 5445 1131 5504 dicere
1154 5452 1360 5519 possit:
1410 5452 1540 5511 Vivit
1568 5457 1838 5525 Dominus,
1890 5463 1944 5516 in
1973 5464 2122 5532 cujus

2227 4471 2380 4540 juxta
2413 4470 2564 4538 cujus
2599 4471 2885 4524 terminum
2931 4471 3141 4526 titulum
3189 4471 3384 4540 posuit,
3425 4472 3482 4527 id
3505 4481 3609 4536 est,
3638 4472 3821 4526 Evan-

2233 4561 2430 4629 gelinm
2475 4559 2586 4615 sive
2629 4560 2979 4629 apostolicam
3004 4561 3303 4616 doctrinam
3327 4603 3342 4624 ,
3381 4563 3580 4632 quibus
3606 4572 3818 4617 mentes

2236 4650 2472 4704 ﬁdelium
2497 4650 2563 4704 ad
2585 4653 2888 4724 peragenda
2911 4653 3052 4708 bona
3073 4669 3235 4722 opera
3250 4655 3636 4713 informantur.
3661 4656 3816 4723 Quod

2233 4755 2360 4795 vero
2402 4741 2711 4813 subjungit:
2741 4743 2809 4797 Et
2835 4746 2933 4800 erit
2955 4745 3012 4798 in
3045 4746 3250 4816 signum
3293 4756 3340 4800 et
3371 4749 3427 4802 in
3460 4749 3816 4802 testimonium

2235 4831 2454 4886 Domino
2491 4837 2810 4888 exercituum
2837 4836 2891 4889 in
2920 4846 3060 4893 terra
3098 4835 3313 4908 Egypti
3355 4838 3494 4909 (lsa.
3551 4840 3700 4910 xxx),
3745 4841 3817 4893 si-

2235 4937 2401 4992 gnum
2425 4932 2480 4978 et
2511 4925 2875 4980 testimonium
2889 4925 3182 4982 Dominicze
3208 4928 3374 4982 voluit
3396 4929 3665 4997 passionis
3694 4944 3817 4998 my-

2232 5013 2454 5069 sterium
2479 5015 2720 5084 intelligi.
2755 5014 2897 5068 Tunc
2918 5015 2973 5069 hi
2991 5017 3081 5086 qui
3107 5017 3434 5072 crediderint
3455 5022 3816 5074 concurrenti-

2232 5107 2323 5161 bus
2351 5107 2614 5178 AEgyptiis
2651 5117 2832 5164 contra
2853 5107 3150 5180 Egyptios,
3179 5119 3226 5164 et
3245 5120 3512 5181 pugnante
3537 5112 3646 5165 viro
3689 5127 3806 5164 con

2231 5209 2313 5252 tra
2359 5198 2575 5268 fratrem
2617 5216 2790 5264 suum,
2827 5208 2874 5252 et
2910 5201 3112 5254 civitate
3140 5211 3320 5256 contra
3362 5201 3620 5254 civitatem
3653 5200 3816 5253 dimi-

2232 5299 2398 5355 cante,
2445 5305 2569 5344 cum
2602 5291 2995 5358 persecutionis
3021 5291 3227 5345 scilicet
3271 5299 3484 5359 tempus
3527 5289 3813 5360 ingruerit,

2230 5376 2575 5446 implorabant
2602 5379 2812 5433 Domini
2826 5379 3258 5445 misericordiam,
3280 5383 3558 5450 statimque
3579 5377 3814 5433 salvator

2230 5467 2491 5533 adveniet,
2541 5469 2593 5523 id
2635 5477 2718 5524 est
2763 5468 2922 5525 Jesus
2953 5470 3078 5540 (hoc
3116 5470 3258 5524 enim
3311 5469 3365 5524 in
3408 5469 3585 5539 lingua
3614 5475 3813 5524 nostra

621 5593 965 5693 per
985 5603 1290 5670 apostolicos
1321 5607 1456 5680 viros
1479 5610 1680 5678 uspiam
1743 5611 2032 5666 institutam
2088 5632 2195 5669 esse
2235 5621 2524 5687 repererim.
2573 5621 2894 5678 Emendator
2939 5623 3186 5688 faciebat,
3236 5625 3528 5693 reperimus.
3592 5619 3806 5685 Malim,

561 5679 893 5722 τρυενεηηιαε
