3990 6302
399 260 407 269 ’
504 279 644 337 4079

1390 289 1451 341 B.
1492 288 1744 346 CAROLI
1779 290 1996 349 MAGNI
2030 292 2182 353 OPP.
2220 296 2400 354 PARS
2438 299 2502 355 ll.
2541 299 2785 359 SECTIO
2820 302 2884 358 ll.

3631 315 3761 373 {080

501 393 588 449 bis
612 392 869 464 episcopi,
887 410 1049 464 quam
1075 395 1151 451 illi
1165 397 1636 468 inconsequenter,
1652 402 1792 457 sicut
1813 409 1869 458 et
1886 410 2081 459 caetera
2106 408 2163 467 Α
2185 405 2282 462 Dei
2303 424 2628 481 crucemque
2656 427 2996 480 veneramur,
3018 416 3308 477 dividimus
3326 422 3499 477 eum?
3526 442 3547 476 ι
3571 421 3661 480 Isti
3680 441 3769 482 ve-

503 483 809 547 divinarum
847 483 1243 554 Scripturarum
1286 488 1614 555 testimonia,
1658 492 1725 547 ad
1752 508 1908 548 suum
1930 509 2081 549 erro—

501 584 618 627 rem
643 575 987 629 astruendum
1025 575 1383 644 protulerunt,
1429 593 1651 647 prorsus
1697 582 1827 636 huic
1869 582 1947 637 rei
1990 597 2085 637 ex-

502 660 691 718 tranea
715 678 835 718 esse
863 664 1148 733 detegitur,
1191 679 1315 720 cum
1340 681 1446 721 non
1467 667 1522 720 in
1545 670 1884 738 ea-quaedam
1905 664 2085 741 cujus-

501 751 633 809 libet
665 754 959 826 imaginum
988 754 1323 811 adorationis
1350 757 1435 811 vel
1466 760 1701 815 tenuiter
1736 752 1937 818 mentio
1966 763 2079 830 ﬁat,

502 844 596 900 sed
621 845 689 900 ad
716 845 1170 913 comparationem
1200 847 1275 901 rei
1303 847 1369 901 de
1398 864 1505 917 qua
1551 865 1731 908 sermo
1767 853 1930 909 ﬁebat
1971 853 2082 910 fas-

501 948 594 987 sus
634 934 704 988 sit
731 933 996 1004 imagines
1030 935 1087 989 in
1128 936 1318 1003 eadem
1354 938 1579 996 materia
1623 951 1787 1013 atque
1813 943 2082 1002 elemento

500 1041 804 1096 recuperari
824 1042 1001 1096 posse,
1030 1029 1252 1085 dicens:
1287 1050 1307 1082 ‹
1338 1030 1491 1087 Sicut
1515 1049 1577 1090 ea
1603 1051 1722 1107 qua:
1745 1037 2000 1092 scribitur
2025 1038 2081 1093 in

500 1118 658 1187 lignis
702 1117 873 1173 forma
921 1120 1119 1175 abolita
1165 1122 1526 1179 exterioribus
1572 1126 1838 1191 sordibus,
1885 1116 2106 1203 iternm'

497 1221 720 1263 necesse
741 1216 825 1264 est
846 1210 903 1263 in
925 1209 1156 1280 idipsum
1183 1214 1494 1282 recuperari
1526 1222 1689 1283 atque
1704 1217 1846 1271 uniri
1874 1217 1958 1272 his
1987 1233 2082 1272 cu-
2180 1260 2189 1273 ,

489 1296 582 1369 jus
610 1306 695 1353 est
723 1298 895 1354 forma
921 1340 936 1366 ,
972 1307 1032 1354 ut
1068 1300 1315 1357 innovari
1361 1305 1532 1373 possit
1573 1306 1769 1376 imago,
1812 1307 1868 1360 in
1890 1308 2080 1363 eadem

498 1389 723 1443 materia
763 1397 923 1460 atque
963 1391 1267 1447 elemento:
1311 1408 1407 1463 per
1434 1394 1550 1464 ejus
1580 1398 1725 1451 enim
1768 1396 1997 1453 formam
2025 1408 2080 1455 et

496 1482 612 1550 ipsa
639 1482 862 1537 materia
890 1483 979 1538 ubi
1013 1491 1069 1538 et
1096 1485 1473 1552 conscribitur,
1513 1504 1622 1544 non
1652 1487 1901 1558 dejicitur
1921 1530 1936 1556 ,
1986 1492 2081 1547 sed

496 1573 551 1627 in
585 1588 649 1628 ea
676 1573 790 1642 ipsa
820 1574 1205 1644 conﬁguratur.
1242 1596 1261 1629 ι
1313 1577 1506 1632 Dicant
1540 1595 1668 1650 ergo
1704 1583 1848 1651 quod
1875 1583 1954 1637 eis
1989 1582 2080 1638 ad-

498 1664 811 1734 miniculum
849 1667 963 1723 haec
987 1668 1255 1723 sententia
1292 1659 1588 1751 prabeatf
1614 1673 1795 1728 dicant
1825 1675 1916 1729 ubi
1944 1674 2079 1730 ima-

495 1752 650 1824 gines
687 1757 916 1812 adorare
942 1767 1276 1826 percenseat,
1309 1767 1363 1813 et
1388 1775 1510 1814 cum
1534 1762 1637 1817 hoc
1661 1777 1973 1822 asseverare
1996 1782 2084 1822 ne-

496 1844 790 1912 quiverint,
831 1832 1001 1901 restat
1030 1856 1088 1901 ut
1119 1848 1194 1902 ita
1222 1864 1252 1902 a
1284 1850 1430 1904 sanis
1458 1852 1726 1910 mentibus
1751 1854 2085 1918 intelligatur

497 1934 637 1989 sicut
661 1951 692 1989 a
716 1938 1010 1992 venerabili
1041 1939 1158 1993 viro
1182 1939 1393 2008 prolata
1424 1950 1529 1997 est.

1098 2049 1326 2106 CAPUT
1361 2051 1477 2106 XV.

501 2133 659 2208 Quod
688 2154 824 2192 mare
853 2148 1101 2193 aa'suum
1133 2157 1362 2208 errorem
1398 2144 1737 2198 astruendum
1774 2148 2083 2203 sententiam

568 2206 717 2288 beati.
738 2209 999 2288 Ambrosii
1036 2206 1441 2288 Mediplanensis
1479 2214 1623 2267 urbis
1657 2216 1901 2288 episcopi,
1924 2235 2082 2288 quam

564 2292 631 2332 ea:
658 2278 797 2331 libro
814 2282 964 2353 tertio
994 2280 1222 2353 capitulo
1254 2298 1391 2335 nono
1418 2299 1527 2337 esse
1554 2278 1897 2353 mentiuntur,
1932 2278 2083 2342 usuré

563 2349 833 2427 pent_,qui
865 2366 958 2427 per
990 2349 1106 2405 eam
1143 2352 1434 2422 imaginum
1469 2354 1833 2411 adoratianem
1865 2349 2082 2427 ﬁrmare

566 2420 803 2489 cupiunt.
910 2423 914 2427 ⁴

564 2507 849 2564 Facillime
878 2525 1114 2579 namque
1145 2521 1458 2569 sanctorum
1500 2515 1913 2585 praedicatorum
1960 2530 2084 2571 sen-

495 2601 695 2656 tentias
723 2601 998 2656 eriminari
1029 2603 1305 2678 audebunt
1333 2606 1423 2676 qui
1461 2607 1655 2662 divinae
1696 2607 1829 2678 legis
1868 2616 1923 2663 et
1958 2623 2084 2678 pro-

494 2689 780 2760 phetarum
805 2692 1023 2746 oracula
1050 2693 1327 2749 criminari
1354 2710 1460 2750 non
1486 2702 1751 2762 metuunt,
1780 2710 1881 2752 nec
1903 2698 2084 2752 formis

494 2780 716 2845 dabunt,
745 2783 815 2837 ob
846 2783 927 2837 sui
951 2784 1155 2845 erroris
1179 2786 1461 2841 materiam
1485 2786 1880 2852 stabiliendam,
1904 2786 2084 2856 junio-

494 2885 617 2924 rum
664 2871 1003 2926 documentis
1051 2876 1340 2942 quamdam
1384 2875 1586 2934 inferre
1631 2878 1939 2933 violentiam
1989 2880 2081 2949 qui

493 2962 769 3018 seniorum
822 2964 1091 3043 doctrinis
1115 2966 1238 3032 imo
1283 2967 1588 3024 senioribus
1637 2984 1747 3024 non
1782 2968 2084 3043 formidant

2184 512 2247 552 ro
2269 514 2336 554 ex
2364 500 2465 556 hac
2489 504 2757 559 sententia
2783 505 3078 577 imaginum
3123 510 3492 568 adoratiouem
3531 522 3769 572 astruere

2182 588 2416 646 nitentes
2446 593 2697 648 dixerunt
2722 612 2735 648 :
2766 613 2786 646 ‹
2808 595 3061 666 Nunquid
3088 614 3157 654 ne
3188 604 3405 671 quando
3430 613 3487 659 et
3517 605 3768 664 deitatem

2183 687 2239 733 et
2263 694 2481 736 carnem
2504 681 2620 750 ejus
2649 684 2955 751 adoramus,
2997 687 3287 747 dividimus
3321 691 3643 751 Christum?
3679 708 3769 754 aut

2184 769 2397 835 quando
2419 769 2474 823 in
2496 769 2613 839 ipso
2633 779 2690 825 et
2707 772 3117 844 Dei.imaginem
3145 788 3202 833 et
3233 795 3452 836 erucem
3481 784 3768 841 adoramus

2182 856 2471 947 dividimus
2517 862 2724 915 eum?»
2776 878 2875 933 per
2915 865 3203 937 imaginem
3250 871 3461 927 scilicet
3506 874 3609 930 Dei
3652 891 3795 947 qua:-

2182 946 2429 1004 Christus
2455 957 2557 1015 est,
2588 959 2644 1006 et
2676 966 2773 1021 per
2805 969 3023 1011 crucem
3061 957 3199 1026 ejus,
3242 977 3365 1032 quae
3408 963 3463 1017 in
3506 964 3613 1020 hoc
3656 946 3773 1023 loco

2180 1045 2401 1109 propter
2421 1041 2800 1098 mortalitatem
2822 1047 3003 1102 carnis
3026 1047 3145 1117 ejus
3156 1051 3334 1120 posita
3353 1065 3460 1118 θεῖ,
3478 1055 3772 1127 imaginum

2183 1127 2521 1187 introducere
2548 1134 2824 1203 cupientes
2847 1137 3117 1195 obstinata
3143 1151 3327 1200 mente
3351 1136 3748 1205 adorationem.

2777 1264 3004 1326 CAPUT
3039 1270 3183 1327 XVI.

2184 1349 3351 1444 QuLod‘nonpromptet-iniibusimaginibus,
3395 1376 3451 1420 ut
3488 1367 3574 1444 illi
3605 1381 3774 1444 erant,

2253 1421 2430 1505 beqtus
2456 1421 2779 1505 fulgustinus
2808 1428 3019 1505 dixerit,
3047 1421 3184 1498 Quid
3215 1421 3512 1505 est'lmago
3531 1421 3775 1503 Dei,

2251 1492 2429 1548 vultus
2456 1492 2552 1549 Dei
2580 1496 2636 1549 in
2665 1510 2772 1565 quo
2796 1492 3037 1569 signatus
3058 1492 3151 1558 cst
3171 1505 3402 1573 populus
3427 1492 3528 1562 Dei
3547 1509 3572 1560 ’ἔ

2201 1591 2207 1599 ’
2251 1599 2418 1655 Deum
2447 1620 2594 1658 nemo
2636 1606 2761 1659 vidit
2792 1625 3022 1680 unquam
3061 1610 3243 1683 (Joan.
3281 1615 3381 1688 ιν),
3424 1617 3500 1671 ait
3540 1616 3778 1675 Joannes

2183 1692 2474 1760 apostolus,
2505 1696 2606 1749 nisi
2632 1698 2926 1768 unigenitus
2948 1698 2997 1752 F
3000 1700 3141 1768 ilius,
3177 1706 3267 1774 qui
3303 1716 3380 1761 est
3421 1708 3478 1761 in
3512 1711 3637 1762 sinu
3674 1710 3771 1763 Pa-

2185 1782 2280 1836 tris
2333 1783 2514 1856 (Joan.
2567 1787 2641 1860 ι);
2697 1798 2753 1844 et
2800 1790 2969 1862 Moysi
3019 1796 3207 1850 eadem
3246 1813 3472 1857 summa
3523 1801 3781 1871 majestas

2185 1874 2512 1931 dixit:Non
2565 1879 2701 1933 enim
2750 1881 2935 1936 videbit
2980 1901 3061 1938 me
3100 1887 3253 1942 homo
3300 1899 3349 1944 et
3393 1892 3561 1946 vivere
3611 1905 3780 1965 potest

2186 1963 2382 2033 (Exod.
2406 1967 2634 2039 xxxnt);
2662 1970 2753 2039 qui
2783 1972 2828 2026 si
2857 1972 3141 2031 invisibilis
3162 1985 3265 2043 est,
3298 1981 3405 2035 imo
3436 1984 3565 2052 quia
3592 1963 3779 2040 invisi-

2183 2054 2308 2109 bilis
2329 2066 2433 2123 est,
2456 2073 2676 2115 necesse
2700 2069 2783 2116 est
2802 2070 2861 2116 ut
2884 2064 3231 2137 incorporeus
3248 2070 3349 2141 sit;
3374 2080 3429 2126 et
3458 2074 3506 2128 si
3530 2074 3781 2143 incorpo-

2184 2159 2310 2201 reus
2332 2156 2434 2212 est,
2461 2163 2682 2205 necesse
2701 2159 2785 2206 est
2806 2160 2867 2206 ut
2887 2157 3241 2225 corporaliter
3256 2161 3407 2232 pingi
3429 2146 3538 2218 non
3565 2166 3779 2234 possit:

2184 2235 2348 2307 igitur
2368 2240 2415 2295 si
2435 2240 2719 2299 invisibilis
2739 2254 2823 2300 est
2844 2254 2899 2300 et
2920 2247 3290 2319 incorporeus,
3324 2270 3549 2325 prorsus
3581 2271 3783 2328 corpo-

2184 2329 2647 2419 ralibus.materiis
2669 2335 2817 2405 pingi
2837 2353 2943 2392 non
2961 2348 3158 2413 potest.
3188 2328 3343 2399 Unde
3365 2346 3661 2403 sollicitius
3683 2332 3780 2405 no-

2182 2420 2266 2476 bis
2291 2424 2640 2491 quaerendum
2663 2428 2898 2497 estquid
2924 2430 2993 2484 sit
3021 2431 3199 2504 imago
3225 2433 3338 2499 Dei,
3368 2436 3564 2506 quidve
3587 2439 3781 2495 vultus

2182 2510 2317 2580 ejus,
2358 2514 2411 2567 in
2444 2529 2552 2584 quo
2581 2517 2819 2588 signatus
2850 2528 2933 2576 est
2965 2524 3193 2593 pepulus
3224 2526 3339 2582 Dei.
3371 2528 3785 2602 lnterrogemus

2183 2618 2312 2673 ergo
2355 2607 2630 2678 egregium
2673 2611 3104 2681 praedicatorem,
3153 2614 3379 2673 forsitan
3411 2622 3478 2675 ab
3511 2637 3577 2676 eo
3629 2623 3784 2680 docti

2184 2710 2343 2750 nosse
2367 2697 2664 2754 valebimus
2685 2702 2814 2770 quid
2835 2701 2908 2757 sit
2932 2704 3109 2777 imago
3134 2707 3249 2762 Dei.
3277 2709 3389 2773 Dic,
3417 2710 3525 2766 Vas
3547 2712 3782 2770 electio-

2184 2788 2287 2854 nis,
2313 2788 2417 2854 dic,
2447 2789 2635 2846 doctor
2656 2795 2914 2863 gentium,
2938 2797 3067 2866 quid
3092 2798 3161 2853 sit
3182 2799 3359 2872 imago
3383 2802 3497 2859 Dei.
3530 2801 3574 2858 ϐ
3580 2806 3781 2871 ratius,

2184 2879 2425 2948 inquam,
2467 2891 2673 2950 agentes
2710 2883 2820 2938 Deo
2860 2885 3029 2954 Patri,
3070 2893 3158 2958 qui
3195 2893 3379 2963 dignos
3419 2897 3539 2965 fecit
3575 2913 3689 2951 nos
3730 2899 3781 2959 in

2182 2974 2383 3038 partem
2408 2973 2565 3026 sortis
2595 2985 2896 3031 sanctorum
2921 2980 2978 3034 in
3003 2980 3216 3049 lumine,
3244 2987 3333 3055 qui
3355 2988 3541 3057 eripuit
3575 3005 3691 3043 nos
3723 2992 3784 3044 de

494 3056 694 3119 inferre
728 3040 1187 3125 injuriamsBeati
1224 3058 1691 3135 igiturAmbrosii
1728 3040 2082 3117 Mediolanen-
2183 3066 2431 3127 potestate
2452 3062 2802 3132 tenebrarum,
2830 3076 2881 3121 et
2907 3071 3175 3125 transtulit
3204 3040 3494 3146 in'regnum
3521 3075 3667 3131 Filii
3702 3081 3785 3132 di-

495 3150 568 3173 ..2-
597 3149 850 3173 D-..l....:...
878 3150 1170 3173 ηηλΑ-,Ιιιιξη
1200 3151 1517 3173 -.._.a....-:-_..
1552 3160 1609 3173 --ι
1652 3151 1859 3173 211--.-..
1915 3153 2077 3173 -____!
2191 3150 2415 3173 l--‘:-l_s_
2452 3171 2501 3173 4,,
2544 3172 2547 3173 ,
2600 3157 2612 3170 ι
2807 3160 2819 3173 ι
2877 3162 2889 3173 ι
3155 3165 3167 3173 .
3311 3168 3323 3173 -
3506 3171 3515 3173 μ

493 3150 571 3207 sis
596 3149 857 3213 Ecclesia;
878 3150 1173 3204 sacerdotis
1199 3151 1521 3206 sententiam
1552 3160 1613 3206 ut
1652 3151 1865 3207 illorum
1907 3153 2082 3208 errori

492 3240 719 3307 faveret,
756 3242 963 3306 ordine,
1003 3256 1167 3297 sensu
1204 3242 1492 3312 verbisque
1520 3244 1767 3299 turbasse
1798 3243 2083 3312 perhiben-

495 3339 603 3400 tur.
641 3331 844 3388 Ordine
884 3333 1112 3399 scilicet,
1151 3333 1277 3403 quia
1306 3348 1415 3388 non
1453 3333 1681 3407 in'libro
1713 3334 1894 3399 tertio,
1933 3334 2081 3403 capi-

491 3422 603 3483 tulo
641 3438 805 3489 nono,
842 3430 903 3477 ut
933 3423 1011 3478 illi
1049 3423 1360 3489 somniant,
1381 3424 1478 3483 sed
1510 3423 1568 3478 in
1603 3424 1744 3480 libro
1781 3439 1924 3479 nono
1954 3439 2082 3479 exa-

489 3521 610 3575 rata
672 3512 959 3582 reperitur.
1028 3511 1232 3579 Sensu,
1290 3514 1416 3583 quia
1483 3530 1608 3572 cum
1670 3514 1760 3569 ille
1824 3515 2073 3569 dixerit:

494 3601 792 3673 «Nunquid
843 3618 968 3657 cum
1020 3610 1075 3658 et
1122 3603 1460 3658 divinitatem
1516 3602 1633 3673 ejus
1684 3603 1975 3660 adoramus
2023 3613 2078 3659 et

488 3707 727 3758 carnem,
752 3692 1031 3749 Christum
1049 3693 1378 3750 dividimus?
1405 3715 1424 3747 ι
1460 3696 1539 3750 Illi
1575 3695 1857 3751 dixerunt:
1881 3706 1907 3736 α
1930 3695 2078 3751 Nun-

488 3782 619 3851 quid
644 3798 713 3837 ne
741 3797 866 3837 eum
890 3789 949 3837 et
972 3782 1225 3838 deitatem
1265 3791 1322 3839 et
1354 3799 1573 3839 carnem
1611 3783 1725 3854 ejus
1766 3786 2074 3851 adoramus,

487 3872 778 3929 dividimus
813 3874 1133 3932 Christum?
1159 3898 1179 3931 ι
1220 3877 1350 3945 Quae
1388 3879 1606 3948 quidem
1645 3878 1908 3948 particula
1951 3881 2081 3935 sub-

483 3962 740 4033 junctiva:
785 3965 1185 4034 conjunctionis
1239 3987 1304 4024 ne
1361 3979 1564 4026 tantam
1612 3972 1740 4025 huic
1802 3972 2080 4026 sententiae

485 4056 779 4125 permutati
820 4071 1012 4113 sensus
1050 4060 1245 4130 ingerit
1270 4060 1562 4128 jacturam,
1602 4070 1664 4117 ut
1694 4077 1815 4117 eam
1854 4076 2079 4131 prorsus

486 4144 734 4210 conﬁteri
756 4147 1042 4216 compellat
1077 4151 1221 4218 quod
1253 4151 1345 4205 illa
1376 4167 1577 4220 negare
1613 4153 1907 4207 contendit.
1948 4153 2081 4209 Ver-

486 4244 592 4310 bis,
615 4245 840 4315 quodin
861 4247 1108 4315 sequenti
1132 4255 1425 4314 commate,
1466 4250 1556 4303 ubi
1594 4249 1682 4303 ille
1716 4249 1895 4318 posuit
1931 4265 2080 4304 vene-

485 4350 705 4401 ramur,
761 4335 836 4390 illi
885 4334 1174 4390 adoramus
1223 4336 1467 4405 posuisse
1514 4339 1874 4409 deteguntur;
1924 4347 1979 4394 et
2021 4347 2081 4394 ut

2186 3150 2419 3208 lectionis
2442 3171 2569 3220 sum,
2594 3157 2649 3211 in
2671 3175 2773 3229 quo
2798 3160 3047 3218 habemus
3076 3165 3469 3239 redemptionem
3497 3171 3549 3223 in
3573 3174 3785 3231 remis-

2184 3242 2380 3296 sionem
2435 3256 2785 3315 peccatorum,
2844 3252 2933 3322 qui
2991 3262 3065 3307 est
3120 3254 3293 3326 imago
3345 3255 3441 3311 Dei
3488 3258 3781 3315 invisibilis

2185 3329 2407 3401 (Coloss.
2424 3332 2486 3404 ι).
2502 3329 2623 3388 Diii
2638 3336 2702 3391 de
2716 3338 2965 3408 imagine,
2980 3341 3099 3396 dico
3110 3344 3273 3398 etiam
3292 3345 3356 3398 de
3370 3345 3548 3416 ﬁgura.
3569 3346 3784 3403 Naris:-

2181 3424 2327 3477 simis
2360 3424 2542 3480 diebus
2573 3428 2685 3482 istis
2721 3428 2923 3485 locutus
2945 3441 3020 3486 est
3042 3434 3188 3489 nobis
3206 3434 3347 3490 Deus
3366 3438 3419 3490 in
3441 3435 3778 3508 Filio‘quem

2182 3520 2449 3573 constituit
2477 3519 2735 3575 hazredem
2760 3524 3118 3580 uniuersorum
3142 3544 3236 3598 per
3253 3544 3403 3599 quem
3431 3529 3545 3598 fecit
3571 3539 3625 3582 et
3671 3547 3778 3585 sa:-

2181 3607 2320 3673 cula,
2350 3611 2439 3679 qui
2462 3620 2535 3664 est
2561 3610 2796 3691 splendor
2828 3612 3012 3683 gloria:
3033 3626 3081 3669 et
3102 3602 3274 3686 ﬁgura
3299 3619 3595 3673 substantia:
3626 3621 3777 3690 ejus,

2180 3710 2495 3771 portansque
2520 3704 2697 3758 omnia
2722 3703 2872 3759 verbo
2898 3692 3127 3761 ueritatis
3156 3724 3266 3764 sua:
3295 3708 3476 3780 (Hebr.
3508 3709 3573 3780 ι).
3600 3709 3779 3778 Ecce,

2180 3781 2346 3849 Paulo
2366 3795 2607 3864 apostolo
2627 3796 2872 3863 docente,
2900 3799 3186 3856 didicimus
3206 3801 3476 3856 Christum
3496 3817 3621 3858 esse
3645 3803 3781 3860 ima-

2182 3884 2361 3961 ginem
2417 3886 2545 3952 Dei,
2596 3896 2652 3942 et
2695 3888 2774 3942 illi
2818 3889 3105 3945 hortantur
3148 3893 3451 3948 materiales
3498 3894 3780 3966 imagines

2181 3976 2320 4033 hanc
2343 3977 2642 4048 intelligere
2657 3979 2871 4035 debere.
2894 3980 3001 4036 iste
3026 3983 3155 4038 dicit
3181 3984 3425 4039 eumdem
3453 3982 3661 4039 Filium
3689 3987 3778 4057 qui

2181 4077 2264 4124 est
2294 4069 2453 4124 unius
2485 4084 2608 4124 cum
2638 4069 2797 4125 Patre
2833 4072 3151 4127 substantiae
3186 4071 3627 4145 imaginem‘esse
3682 4078 3775 4132 Dei

2181 4168 2237 4215 et
2256 4160 2594 4229 splendorem
2629 4160 2812 4231 gloriae
2845 4171 2900 4217 et
2928 4163 3155 4234 ﬁguram
3189 4166 3502 4221 substantiae
3537 4164 3689 4234 ejus,
3722 4178 3775 4224 et

2180 4248 2259 4304 illi
2281 4250 2466 4305 dicunt
2488 4250 2740 4318 opiﬁcum
2760 4250 3030 4307 industria
3049 4263 3377 4323 praeparatas
3398 4254 3602 4326 ﬁguras
3636 4258 3773 4313 ima-

2181 4339 2360 4408 ginem
2398 4355 2518 4397 esse
2553 4341 2669 4396 Dei.
2713 4329 2776 4396 0'
2796 4344 3149 4399 exsecrabilis
3178 4347 3369 4400 error!
3413 4361 3446 4400 ο
3482 4345 3776 4415 impudens

484 4427 725 4495 apertius
756 4435 956 4483 nostrae
984 4428 1363 4497 disputationis
1394 4417 1583 4485 ‘sensus
1609 4436 1809 4499 pateat,
1846 4430 2077 4500 qualiter
2104 4457 2157 4517 Β
2183 4430 2451 4487 dementia
2477 4433 2489 4486 !
2529 4447 2563 4488 ο
2592 4432 2902 4503 ἰωρπονὶἀει
2944 4435 3191 4492 vecordia
3218 4436 3231 4489 l
3280 4443 3432 4491 tanto
3470 4436 3775 4506 imaginum

485 4521 604 4583 haec
658 4521 926 4576 sententia
975 4520 1043 4576 ab
1094 4520 1291 4575 illustri
1334 4521 1451 4576 viro
1508 4530 1563 4578 et
1610 4522 1932 4592 eloquentiae
1987 4538 2078 4577 co-

485 4609 698 4665 thurnis
716 4625 840 4664 cum
859 4609 1088 4679 spiritali
1110 4602 1272 4665 sensu
1292 4618 1506 4680 compto
1520 4611 1747 4680 prolata,
1776 4611 2078 4681 qualiterve

485 4699 554 4764 ab
580 4698 688 4754 illis
712 4697 902 4754 falsata
926 4700 1015 4765 sit,
1044 4699 1355 4774 singillatim
1393 4716 1676 4770 ponamus.
1717 4701 1805 4756 llle
1841 4702 1987 4756 enim
2016 4711 2078 4756 ut

484 4788 541 4843 in
583 4789 812 4861 duarum
850 4798 1164 4845 naturarum
1205 4790 1620 4861 proprietatibus
1660 4807 1824 4846 unam
1862 4792 2074 4847 Domini

482 4882 707 4951 verique
744 4883 978 4957 hominis
1010 4899 1298 4953 personam
1337 4892 1690 4950 asseveraret,
1723 4885 1801 4938 ait
1830 4899 1845 4937 :
1883 4902 1902 4935 ‹
1932 4884 2077 4939 Nun-

456 4974 613 5045 .quid
646 4989 770 5029 cum
801 4982 858 5030 et
890 4975 1228 5029 divinitatem
1267 4975 1384 5043 ejus
1420 4976 1708 5030 adoramus
1739 4984 1796 5030 et
1829 4990 2069 5040 carnem,

483 5065 761 5133 Christum
795 5054 1129 5120 dividimus?
1156 5065 1407 5134 Nunquid
1435 5080 1557 5120 cum
1590 5065 1644 5119 in
1683 5080 1749 5120 eo
1787 5066 2103 5139 imaginem?

555 5210 582 5248 ιι
618 5197 875 5269 Nunquid
900 5214 963 5269 ne
989 5198 1198 5269 quando
1223 5206 1270 5269 et
1294 5197 1618 5269 divinitatem
1640 5207 1687 5252 et
1713 5214 1922 5269 carnem
1954 5198 2070 5268 ejus

483 5267 787 5339 adoramus,
816 5267 1097 5339 dividimus
1122 5267 1387 5339 Christum
1402 5267 1435 5339 ἲς
1478 5268 1562 5339 _E_x
1587 5269 1801 5323 actione
1824 5267 2073 5339 7isyn0di

484 5336 714 5391 Nicaeum
752 5354 790 5391 ιι
819 5337 1283 5408 pseudoseptimae,
1332 5345 1385 5391 et
1413 5337 1636 5393 Adriani
1670 5353 1822 5408 papae
1849 5336 2069 5407 capitu-

484 5407 604 5472 lari,
638 5407 973 5465 restituimus
1000 5408 1246 5463 deitatem
1281 5416 1331 5461 et
1359 5424 1588 5461 carnem.
1626 5407 1946 5463 Ambrosius
1988 5408 2070 5461 di-

483 5478 747 5531 vinitatem
773 5485 839 5564 et)
848 5493 1054 5564 carnem
1075 5484 1232 5564 necat
1245 5478 1492 5564 divinam
1500 5486 1553 5532 et
1568 5479 1856 5564 humanam
1871 5478 2071 5560 Christi

484 5555 753 5611 naturam,
788 5547 975 5616 idest,
1016 5546 1248 5606 θεᾶὂτητα
1284 5552 1369 5602 καὶ
1408 5546 1842 5616 ἁνθρωπειότητα,
1883 5549 1927 5605 Si
1970 5563 2066 5616 [)0-

485 5617 681 5674 sterior
698 5616 817 5671 vox~
835 5615 963 5672 ferri
999 5626 1199 5686 posset,
1229 5633 1327 5687 pro
1357 5634 1463 5687 qua
1488 5615 1677 5674 Patres
1698 5619 1871 5674 solent
1901 5615 2068 5687 σᾷῥγηα

486 5704 607 5754 cum
632 5688 888 5761 apostolis
915 5688 1354 5745 hebraizautibus
1395 5689 1573 5747 dicere
1600 5707 1611 5745 :
1640 5690 1733 5746 sed
1759 5689 1943 5755 Latini
1969 5688 2072 5743 hu-

2181 4538 2369 4579 amore
2386 4533 2710 4590 exaestuans,
2738 4532 2797 4579 ut
2829 4540 2894 4580 ea
2928 4541 3049 4596 quae
3082 4527 3151 4582 de
3188 4528 3462 4597 unigenito
3494 4528 3593 4583 Dei
3627 4528 3771 4583 Filio

2179 4616 2324 4672 dicta
2357 4626 2499 4684 sunt,
2546 4619 2917 4675 materialibus
2964 4620 3150 4691 ﬁguris
3194 4619 3441 4676 conferre
3483 4636 3599 4676 non
3645 4637 3769 4677 eru-

2179 4706 2386 4761 bescas.
2416 4708 2570 4762 Dicat
2596 4709 2758 4763 etiam
2784 4710 3160 4766 sanctissimus
3181 4710 3513 4780 Augustinus
3541 4713 3673 4783 quid
3702 4713 3767 4766 sit

2179 4795 2355 4866 imago
2381 4797 2496 4864 Dei,
2524 4798 2614 4868 qui
2642 4799 2710 4855 ab
2741 4799 2848 4854 illis
2876 4800 3020 4855 hanc
3052 4801 3389 4856 materialem
3417 4802 3657 4872 existere
3690 4802 3766 4857 ὥς

2176 4888 2321 4942 xisse
2345 4889 2684 4944 criminatur.
2709 4888 2799 4945 Ait
2819 4891 2964 4945 enim
2989 4908 3005 4945 ε
3034 4909 3054 4943 ι
3073 4890 3130 4945 lu
3159 4890 3537 4947 Deoconditio
3561 4899 3766 4961 tempo-

2175 4979 2253 5035 ris
2279 4988 2471 5035 vacat:
2498 4997 2607 5037 non
2632 4981 2787 5036 enim
2804 4989 2983 5050 potest
3005 4991 3151 5038 recte
3175 4983 3347 5039 videri
3376 4984 3517 5038 Deus
3544 4983 3601 5038 in
3628 4992 3762 5038 tem—

2173 5086 2304 5140 pore
2329 5086 2617 5142 generasse
2644 5071 2839 5127 Filium
2861 5086 2959 5142 per
2993 5072 3154 5142 quem
3195 5073 3439 5129 condidit
3476 5083 3718 5143 tempora
3742 5088 3758 5126 :

2175 5203 2479 5281 mgnitatem
2517 5200 3006 5281 _non__rel'u_geru_n_t
3042 5202 3458 5281 _inte_rpretari._
3480 5199 3759 5281 _Synodus

2175 5271 2389 5327 Nicaena
2411 5271 2682 5328 Ambrosii
2718 5275 2881 5343 verba
2909 5273 3123 5326 videtur
3147 5271 3351 5343 Greece
3386 5271 3636 5343 (videtur,
3674 5271 3758 5343 in-

2163 5357 2357 5411 quam,
2396 5358 2520 5396 nam
2560 5357 2668 5396 non
2707 5342 2811 5396 nisi
2849 5341 3099 5411 Latinam
3138 5340 3443 5397 versionem
3473 5340 3756 5406 habemus)

2171 5410 2384 5482 θέὸτητα
2405 5414 2673 5482 καίσάρκα
2687 5411 3002 5482 reddidisse.
3034 5410 3187 5478 Quod
3216 5412 3515 5482 imperator
3546 5419 3757 5482 utcor-

2175 5464 2881 5552 manus."repetens;f
2906 5464 3019 5552 Ego
3046 5464 3198 5551 “pas
3220 5464 3223 5465 ⁷
3242 5464 3575 5552 {stetisses
3610 5481 3757 5536 hanc

2173 5552 2384 5675 cultam
2413 5566 2552 5616 esse,
2587 5551 2677 5620 qui
2717 5551 2979 5632 synodum
3009 5552 3157 5608 illam
3188 5566 3255 5608 ex
3281 5551 3474 5610 δι’ςὲςο
3509 5563 3756 5617 sermone

2175 5622 2228 5675 in
2304 5629 2508 5675 almum
2547 5621 2797 5675 contulit.

2175 5622 2228 5691 in
2257 5621 2508 5677 Latinum
2547 5621 2797 5677 contulit.
