3990 6302
204 262 334 321 1081
1011 261 1199 344 LIBRI.
1227 260 1571 321 CAROLINI.
1609 291 1679 302 —
1715 258 1941 317 CAPIT.
1984 262 2075 319 DE
2108 261 2303 319 IMAG.
2338 292 2409 304 -—
2445 261 2574 319 LIB.
2611 262 2678 317 II.
3095 309 3099 313 .
3323 256 3465 318 1082

204 391 539 448 consequens
569 383 750 432 autem
775 383 856 432 est
889 386 949 432 ut
987 393 1095 433 non
1133 377 1305 433 solum
1343 377 1521 447 imago
1543 373 1776 443 ejussit,
1804 376 1854 434 Δ
1880 391 1982 440 mo,
2029 385 2202 431 tamen
2243 393 2373 431 vane
2412 377 2755 431 conturbatur
2789 374 3018 448 (Psalm.
3066 372 3286 447 xxxrx);
3326 385 3381 430 et
3417 375 3465 432 si

203 471 330 541 quia
364 470 430 525 de
469 468 561 523 illo
595 476 696 533 est,
735 476 789 523 et
825 468 1139 533 similitudo,
1179 470 1307 538 quia
1344 469 1520 539 imago
1553 475 1651 530 est,
1689 466 1784 521 sed
1881 466 2104 522 hanc‘in
2135 474 2308 523 totum
2340 467 2714 521 intemeratam
2740 480 3235 532 conservassemus,
3269 478 3471 539 nequa-

200 561 367 615 etiam
411 559 695 630 aequalitas
737 566 884 613 tanta
912 566 1098 614 utnec
1147 559 1405 628 temporis
1446 556 1785 613 intervallum
1846 573 2045 626 .quam
2090 558 2377 627 Apostolus
2422 558 2671 613 diceret:
2708 556 3090 627 Reformamini
3139 558 3196 611 in
3244 558 3472 613 novitate

199 651 591 720 impedimento
614 650 704 704 sit.
728 669 746 703 ι
782 650 879 705 Dic
907 649 1091 719 itaque
1128 650 1294 705 etiam
1332 656 1412 713 tu,
1450 647 1787 704 sanctissime
1882 649 2067 701 mentis
2090 657 2270 702 vestrae
2291 647 2470 719 (Rom.
2496 648 2633 719 xu);
2660 655 2715 701 et
2742 646 2909 701 illud:
2935 645 3001 699 In
3026 646 3261 701 eamdem
3282 646 3485 717 ἱππασίέ

196 740 489 805 Ambrosi,
538 740 666 810 quid
710 741 776 796 de
808 741 912 795 hac
951 741 1184 810 imagine
1225 740 1427 796 sentire
1463 746 1519 795 te
1554 745 1783 794 constet.

200 830 440 886 Defende
473 831 692 886 beatum
726 820 1089 900 Augustinum
1126 844 1224 899 per
1250 838 1304 884 te
1336 828 1552 884 favente
1579 827 1689 882 Deo
1718 826 1787 881 ad

199 922 329 978 ﬁdei
350 922 659 977 rudimenta
681 937 1020 989 conversum,
1044 938 1205 993 quem
1228 923 1378 977 vides
1399 937 1546 977 nunc
1563 921 1631 976 ab
1655 920 1790 975 ima-

198 1013 385 1083 ginum
421 1012 796 1067 adoratoribus
837 1008 1071 1068 infauste
1113 1012 1479 1067 criminatum.
1512 1010 1698 1067 Praebe
1738 1012 1789 1066 ei

198 1102 620 1167 adminiculum,
673 1110 733 1158 ut
773 1112 1002 1157 exuatur
1051 1104 1188 1159 tanti
1227 1103 1470 1158 criminis
1514 1101 1654 1159 mole
1697 1102 1790 1170 qui

199 1193 479 1262 quondam
503 1207 601 1262 per
625 1200 680 1249 te
708 1200 902 1249 exutus
921 1203 1005 1249 est
1028 1194 1268 1249 haeretici
1295 1194 1561 1263 dogmatis
1581 1207 1787 1248 errore.

205 1301 225 1335 σ
251 1281 556 1352 Prophetze,
595 1283 834 1352 inquam,
870 1284 1054 1341 dicunt
1080 1282 1353 1339 Christum
1376 1283 1467 1352 qui
1499 1290 1581 1337 est
1612 1283 1791 1353 imago

200 1370 386 1428 Patris
435 1372 723 1429 invisibilis
771 1383 827 1427 et
875 1373 1047 1445 ﬁgura
1099 1374 1415 1429 substantia:
1463 1356 1599 1441 eius,
1647 1373 1791 1443 quod

195 1464 317 1532 ipse
338 1463 409 1518 sit
428 1463 679 1533 splendor
698 1463 833 1520 lucis
849 1472 1084 1529 :eternte,
1109 1473 1165 1520 et
1180 1463 1454 1533 speculum
1476 1462 1592 1518 sine
1610 1478 1793 1518 macu-

197 1553 252 1608 la
278 1556 379 1609 Dei
400 1554 721 1624 majestatis,
744 1563 800 1609 et
821 1556 999 1626 imago
1020 1556 1280 1612 bonitatis
1299 1555 1461 1610 illius.
1484 1575 1505 1607 ι
1529 1554 1642 1611 Hoc
1662 1568 1792 1624 ergo

198 1647 366 1703 modo
411 1661 537 1701 cum
577 1647 854 1716 prophetis
902 1655 957 1702 et
1007 1647 1267 1717 apostolis
1307 1645 1607 1717 Augustino
1646 1661 1786 1710 meo,

198 1738 315 1792 imo
340 1751 470 1791 vero
494 1705 595 1791 Dei
614 1705 828 1801 cultori,
858 1705 1085 1792 tutelam
1111 1734 1359 1792 conferre
1386 1705 1608 1789 curabo.
1651 1705 1785 1789 Vide
1818 1705 1866 1767 Β

198 1836 406 1897 quanta
428 1826 680 1881 dicantur
704 1845 717 1880 :
744 1826 1017 1896 splendor,
1041 1826 1186 1896 quod
1208 1826 1429 1881 claritas
1446 1831 1686 1894 paterna:
1709 1823 1793 1877 lu-

198 1917 283 1972 cis
315 1917 369 1971 in
401 1916 541 1971 Filio
566 1917 668 1983 sit;
710 1917 985 1995 speculum
1022 1918 1139 1972 sine
1180 1916 1412 1980 macula,
1458 1915 1602 1985 quod
1635 1915 1795 1969 Pater

201 2009 260 2063 in
288 2009 464 2074 Filio;
500 2008 677 2076 imago
704 2008 984 2076 bonitatis,
1024 2009 1166 2078 quod
1202 2025 1307 2064 non
1346 2024 1542 2078 corpus
1579 2008 1633 2062 in
1671 2021 1794 2061 eor-

198 2113 359 2168 pore,
390 2098 485 2153 sed
509 2096 682 2151 virtus
705 2096 762 2151 in
788 2096 927 2152 Filio
954 2105 1067 2153 tota
1106 2104 1379 2152 cernatur.
1423 2096 1604 2166 Imago
1639 2095 1797 2151 docet

200 2203 308 2243 nos
344 2203 465 2243 esse
498 2187 807 2253 dissimiles,
848 2188 1129 2243 character
1152 2201 1468 2258 expressum
1490 2201 1609 2241 esse
1633 2186 1796 2258 signi-

203 2280 355 2343 ficat,
404 2278 660 2347 splendor
697 2279 876 2348 signat
913 2286 1196 2334 aeternum.
1242 2277 1423 2347 Imago
1461 2278 1645 2346 itaque
1688 2292 1798 2332 non

201 2368 389 2423 vultus
413 2375 496 2423 est
512 2368 827 2437 corporalis,
858 2383 966 2423 non
995 2367 1135 2424 fucis
1156 2369 1473 2438 composita,
1501 2382 1608 2421 non
1635 2366 1813 2432 ceris,‘

206 2460 307 2516 sed
336 2460 568 2530 simplex
606 2460 675 2515 de
709 2461 839 2527 Deo,
882 2476 1099 2529 egressa
1131 2460 1198 2516 de
1224 2459 1407 2524 Patre,
1440 2472 1694 2527 expressa
1734 2457 1800 2512 de

204 2550 359 2605 fonte
386 2567 399 2602 :
427 2565 525 2630 per;
547 2549 688 2604 hanc
720 2550 1009 2628 imaginem
1034 2549 1280 2619 Philippo
1304 2548 1519 2609 Patrem
1541 2547 1801 2602 Dominus

207 2625 555 2705 monstravit,
587 2625 1090 2711 dicens,lPIzilippe,
1128 2640 1217 2710 qui
1260 2656 1343 2693 me
1387 2638 1540 2703 videt,
1583 2637 1716 2692 videt
1753 2646 1801 2690 et

208 2731 428 2787 Patrem
450 2748 469 2785 :
492 2740 539 2785 et
568 2732 828 2801 quomodo
854 2740 911 2785 tu
944 2731 1097 2797 dicis,
1124 2730 1349 2786 Ostende
1370 2730 1517 2784 nobis
1550 2728 1804 2783 Patrem?

209 2820 336 2877 Non
365 2821 535 2875 credis
562 2822 687 2891 quia
720 2838 811 2890 ego
838 2823 895 2874 in
922 2820 1085 2877 Patre
1108 2829 1156 2875 et
1185 2820 1349 2875 Pater
1378 2820 1434 2875 in
1465 2835 1547 2873 me
1573 2828 1666 2873 est.
1714 2815 1804 2871 γέ..

207 2910 283 2962 dit
304 2911 453 2963 enim
482 2911 539 2964 in
566 2911 793 2981 imagine
822 2909 1037 2964 Patrem
1070 2911 1160 2981 qui
1194 2911 1319 2965 vidit
1356 2911 1413 2965 in
1445 2908 1588 2964 Filio
1617 2909 1799 2981 (Joan.

1886 753 2003 793 nem
2069 739 2512 810 transformamur
2561 757 2595 793 a
2646 737 2885 793 claritate
2924 738 2980 792 in
3026 736 3319 794 claritatem
3383 734 3474 810 (ΙΙ

1882 820 2010 886 Cor.
2047 830 2155 901 tu).

2460 897 2688 955 CAPUT
2725 898 2890 955 XVII.

1890 990 2042 1056 Quod
2080 988 2318 1058 Gregorii
2350 988 2574 1058 Nysseni
2608 989 3054 1058 episcopi,qu
3090 985 3171 1058 illi
3208 986 3278 1040 ad
3318 1003 3473 1041 suum

1957 1056 2199 1114 errorem
2242 1056 2578 1113 astruendum
2637 1056 2939 1112 'testimonia
2965 1056 2973 1058 ’
3001 1056 3213 1111 trahunt
3260 1066 3309 1110 et
3367 1058 3474 1111 vita

1959 1129 2106 1184 nobis
2143 1137 2192 1182 et
2227 1128 2629 1198 praedicatio'sit
2667 1128 2951 1198 incognita.

1959 1217 2097 1286 Quid
2128 1220 2183 1273 in
2229 1219 2331 1273 hac
2374 1224 2527 1286 parte
2574 1217 2729 1271 nobis
2775 1215 3167 1272 observandum
3213 1214 3304 1279 sit,
3349 1229 3473 1285 apo-

1890 1310 2013 1365 stoli
2048 1323 2073 1350 α
2111 1308 2265 1363 Pauli
2299 1308 2518 1362 monitis
2552 1308 2927 1376 perducemur,
2967 1305 3059 1376 qui
3097 1306 3171 1359 ait
3200 1320 3213 1360 :
3244 1302 3475 1361 Probate

1889 1402 2101 1472 spiritus
2138 1417 2207 1452 an
2252 1415 2315 1452 ex
2353 1397 2463 1451 Deo
2513 1396 2613 1451 sint
2638 1414 2656 1461 ;
2707 1404 2761 1451 et
2803 1396 3001 1450 iterum
3024 1413 3042 1473 σε
3094 1393 3222 1448 Noli
3267 1393 3477 1448 credere

1893 1490 2032 1547 omni
2079 1488 2306 1559 spiritui,
2358 1485 2448 1540 sed
2492 1485 2654 1569 proba
2704 1496 2923 1541 mentem
2979 1483 3031 1556 (1
3077 1484 3236 1539 Joan.
3291 1499 3366 1548 tv,
3419 1484 3477 1539 in

1890 1577 2036 1651 pr.);
2078 1594 2203 1633 nam
2237 1579 2385 1643 dum,
2423 1584 2485 1631 ut
2533 1576 2739 1646 praefati
2786 1592 2993 1642 sumus,
3046 1575 3294 1647 Gregorii
3341 1575 3475 1645 Nys-

1892 1670 2005 1723 seni
2045 1668 2281 1738 episcopi
2315 1674 2370 1721 et
2404 1668 2515 1723 vita
2550 1667 2706 1721 nobis
2743 1676 2797 1721 et
2830 1666 3142 1736 prtedicatio
3170 1668 3241 1721 sit
3269 1667 3474 1737 ignota,

1899 1757 2203 1812 testimonia
2255 1771 2376 1825 quae
2418 1756 2485 1810 de
2530 1754 2649 1823 ejus
2696 1756 2972 1824 opusculis
3016 1753 3363 1824 proferuntur
3410 1752 3479 1809 ad

1894 1863 1983 1905 res
2011 1849 2203 1904 dubias
2228 1846 2644 1911 confirmandas,
2673 1847 2856 1901 minus
2882 1854 3181 1902 cernuntur
3210 1859 3328 1900 esse
3361 1842 3480 1901 ido-

1894 1956 2039 1996 nea:
2081 1940 2223 1995 unde
2265 1937 2382 2007 ejus
2425 1925 2671 1993 doctrina
2717 1953 2819 1992 nec
2867 1953 2898 1991 a
2949 1937 3107 1991 nobis
3157 1943 3240 1991 est
3285 1934 3481 2004 insigni

1896 2030 2054 2086 laude
2075 2029 2430 2102 praeferenda,
2458 2044 2560 2084 nec
2586 2018 2876 2083 admodum
2899 2028 3360 2098 reprehendenda,
3387 2024 3485 2082 sed

1898 2122 2044 2178 illius
2096 2122 2349 2192 dogmate
2399 2135 2521 2174 cum
2566 2124 2886 2174 caaterorum
2940 2103 3282 2189 ddgmatibus
3340 2131 3479 2188 quos

1900 2211 2209 2284 ignoramus
2230 2210 2552 2281 postposito,
2578 2218 2749 2265 restat
2790 2217 2851 2263 ut
2887 2217 3010 2280 post
3045 2209 3389 2278 propheticas
3428 2215 3485 2263 et

1899 2303 2237 2374 evangelicas
2289 2302 2401 2357 sive
2450 2302 2776 2371 apostolicas
2835 2302 3135 2371 scripturas
3193 2301 3486 2358 illustrium

1899 2393 2063 2446 etiam
2090 2392 2404 2446 Latinorum
2435 2390 2718 2445 doctorum
2744 2407 2975 2461 quorum
3003 2390 3159 2447 nobis
3189 2398 3244 2447 et
3283 2391 3394 2453 vita
3428 2396 3486 2445 et

1898 2481 2211 2551 prmdicatio
2232 2479 2486 2543 innotuit,
2525 2480 2640 2534 sive
2671 2479 2984 2539 Graecorum
3022 2480 3114 2550 qui
3149 2488 3203 2535 et
3233 2476 3486 2537 catholici

1902 2570 2121 2624 fuerunt
2163 2577 2219 2623 et
2263 2583 2295 2621 a
2341 2568 2622 2623 catholicis
2662 2584 2816 2638 reque
2862 2569 2917 2622 in
2961 2577 3201 2623 nostram
3248 2568 3487 2640 linguam

1904 2657 2149 2714 translati
2171 2664 2316 2723 sunt,
2342 2665 2551 2712 tantum
2573 2657 2915 2729 dogmatibus
2933 2657 3172 2716 contenti
3196 2657 3389 2715 simus.

2482 2769 2711 2825 CAPUT
2738 2770 2929 2833 XVIII.

1907 2860 2061 2927 Quod
2093 2878 2198 2914 non
2220 2860 2288 2913 ad
2324 2858 2683 2930 adorationem
2729 2859 3018 2930 imaginum
3056 2858 3313 2930 pertineat
3341 2857 3488 2913 testi-

2060 2931 2293 2984 monium
2325 2929 2464 2999 quod
2483 2929 2547 2981 de
2568 2940 2715 2982 sexta
2739 2926 2937 2998 synodo
2963 2926 3334 2998 protulerunt»

211 2998 347 3100 fw)!
376 2999 511 3101 “fle
545 3014 706 3100 (193“?
732 2999 1023 3102 ξωθείηθξη
1055 3001 1237 3103 ἀίωίῇ
1263 3001 1443 3111 ίίηξξεξ)
1469 3000 1672 3102 "frium
1694 3007 1799 3064 es"
1830 3047 1877 3111 ο
1979 3023 2184 3078 Textus
2209 2998 2345 3076 sane
2382 3020 2679 3083 testimonii
2717 3019 2861 3088 quod
2891 3018 2959 3074 de
2979 3028 3131 3073 sexta
3184 3016 3392 3089 synodo
3435 3033 3489 3072 in

212 3089 394 3159 imago
435 3090 536 3147 ista
574 3087 784 3157 iustitia
821 3098 924 3155 est,
974 3090 1152 3161 imago
1193 3091 1297 3145 ista
1335 3091 1431 3144 Dei
1465 3090 1639 3144 virtus
1677 3096 1798 3156 est;

212 3196 322 3236 non
350 3187 523 3245 muta,
555 3180 683 3250 quia
724 3181 949 3234 verbum
984 3188 1099 3246 est;
1139 3197 1248 3237 non
1286 3180 1635 3244 insensibilis,
1675 3179 1804 3248 quia

207 3271 479 3340 sapientia
525 3277 664 3335 est;
696 3286 804 3325 non
852 3270 1059 3336 inanis,
1118 3272 1246 3341 quia
1301 3272 1474 3327 virtus
1522 3278 1642 3336 est;
1694 3285 1804 3325 non

206 3377 403 3426 vacua,
434 3362 559 3432 quia
594 3362 703 3416 vita
740 3368 852 3428 est;
904 3378 1013 3416 non
1051 3368 1285 3426 mortua,
1316 3361 1443 3430 quia
1476 3360 1804 3431 resurrectio

204 3461 311 3507 est.
337 3452 505 3507 Vides
537 3467 667 3522 ergo
690 3451 814 3520 quia
843 3452 971 3506 dum
1004 3451 1181 3520 imago
1219 3449 1436 3514 dicitur,
1474 3448 1695 3504 Patrem
1729 3447 1811 3519 si—_

206 3543 438 3614 gnificat
466 3558 605 3608 esse,
637 3540 791 3610 cujus
819 3542 996 3611 imago
1022 3542 1094 3598 sit
1128 3542 1315 3606 Filius,
1350 3540 1478 3610 quia
1510 3554 1673 3595 nemo
1702 3554 1803 3609 po-

211 3648 321 3695 test
342 3639 461 3709 ipse
487 3637 591 3695 sibi
612 3636 789 3708 imago
809 3652 906 3691 sua
932 3651 1071 3691 esse.
1114 3634 1384 3702 Quoniam
1418 3635 1582 3705 igitur
1616 3634 1805 3705 imagi-

209 3742 338 3782 nem
383 3727 480 3785 Dei
513 3742 621 3780 non
656 3724 964 3801 materiales
1001 3724 1295 3795 imagines,
1319 3733 1394 3784 ut
1427 3724 1505 3783 illi
1540 3723 1801 3793 garriunt,

210 3820 307 3876 sed
346 3820 445 3874 Dei
474 3818 672 3873 Filium
702 3826 1015 3874 sanctorum
1050 3815 1272 3871 Patrum
1299 3815 1580 3873 sententiis
1609 3830 1805 3885 appro-

210 3908 481 3972 bavimus,
508 3917 678 3963 restat
699 3916 759 3962 ut
778 3907 1010 3980 qualiter
1035 3907 1091 3962 in
1113 3920 1179 3961 eo
1201 3906 1395 3977 signati
1427 3906 1599 3974 simus
1622 3907 1805 3962 brevi—

211 4008 298 4066 ter
318 4001 671 4071 explicemus.
713 4000 922 4071 Signati
952 4000 1143 4071 itaque
1176 4015 1364 4055 sumus
1396 3999 1452 4054 in
1483 4014 1567 4065 eo,
1592 3999 1805 4069 quando

214 4091 510 4171 secundum
538 4091 854 4163 Apostolum
884 4094 939 4148 in
976 4102 1153 4148 morte
1179 4093 1297 4163 ejus
1321 4092 1587 4162 baptizati
1617 4106 1805 4147 sacro-

215 4180 393 4235 sancti
417 4180 669 4250 unguinis
693 4180 900 4250 liquore
923 4181 1147 4246 delibuti
1175 4196 1382 4248 sumus,
1414 4189 1468 4236 et
1500 4180 1806 4249 accepimus

216 4270 512 4327 Christiani
533 4272 765 4327 nominis
789 4274 1219 4343 prterogativam,
1243 4272 1402 4341 juxta
1424 4272 1556 4326 illud
1584 4271 1727 4341 quod
1753 4270 1805 4325 ei

216 4362 272 4417 in
295 4362 537 4419 Canticis
565 4365 897 4419 canticorum
924 4365 1136 4430 dicitur,
1161 4363 1345 4419 Oleum
1365 4364 1588 4434 e/fusum
1613 4372 1687 4416 est
1712 4379 1807 4416 no-

216 4468 333 4507 men
354 4462 504 4507 tuum
528 4452 704 4525 (Cant.
728 4455 800 4523 1);
827 4454 1188 4523 lmpleturque
1216 4453 1455 4508 divinum
1487 4467 1586 4521 per
1612 4450 1806 4506 Isaiam

216 4545 538 4613 prophetam
561 4546 833 4613 quondam
850 4530 1251 4617 promulgatum
1271 4545 1572 4611 oraculum,
1588 4559 1694 4615 quo
1709 4544 1806 4609 ait,

221 4631 575 4687 Servientibus
626 4650 743 4687 vero
787 4635 915 4688 mihi
945 4636 1213 4689 vocabitur
1237 4653 1428 4695 nomen
1456 4653 1645 4691 novum
1668 4635 1805 4707 (Isa.

219 4726 378 4793 Lm).
408 4723 697 4793 Signamur
721 4739 851 4793 ergo
873 4724 928 4778 in
955 4739 1020 4779 eo
1045 4725 1135 4794 qui
1166 4726 1464 4780 secundum
1490 4724 1809 4796 Apostolum

219 4814 456 4886 signavit
478 4830 595 4878 nos,
624 4822 679 4869 et
704 4814 851 4871 dedit
871 4815 1062 4886 pignus
1090 4816 1324 4885 Spiritus
1347 4817 1402 4871 in
1433 4817 1686 4872 cordibus
1713 4832 1812 4871 no-

218 4900 371 4974 stris,
403 4908 458 4961 in
487 4922 595 4977 quo
618 4907 784 4962 etiam
810 4907 1044 4976 Spiritus
1065 4909 1289 4978 pignore
1312 4907 1508 4979 signati
1537 4923 1724 4962 sumus
1753 4907 1809 4961 in

217 5002 308 5065 die
352 5002 740 5071 redemptionis
766 5019 779 5055 :
804 5001 1000 5072 signati
1040 5012 1220 5058 autem
1246 5018 1433 5059 sumus
1469 5002 1675 5072 Spiritu
1713 5002 1809 5057 Dei

216 5103 428 5155 sancto,
470 5101 530 5147 ut
563 5100 619 5148 et
655 5093 877 5164 Spiritus
909 5102 1094 5150 noster
1128 5102 1184 5149 et
1216 5094 1396 5148 anima
1434 5094 1813 5163 imprimantur

218 5184 504 5264 signaculo
522 5185 636 5249 Dei,
663 5193 718 5240 et
738 5185 883 5239 illam
904 5185 1228 5255 recipiamus
1248 5184 1538 5256 imaginem
1560 5184 1629 5239 ad
1648 5199 1812 5253 quam

216 5275 276 5331 in
306 5277 536 5345 exordio
563 5277 765 5332 conditi
789 5292 997 5342 sumus,
1027 5292 1191 5347 quam
1218 5276 1491 5346 peccando
1517 5290 1619 5330 nec
1644 5275 1698 5329 in
1730 5283 1812 5330 to-

216 5374 343 5423 tum
369 5367 673 5433 amisimus,
698 5382 801 5422 nec
828 5366 884 5421 in
908 5375 1082 5423 totum
1110 5367 1165 5421 in
1190 5366 1347 5422 nobis
1372 5366 1691 5421 intemerata
1722 5382 1810 5420 re-

212 5456 460 5521 mansit;
491 5455 620 5525 quia
649 5456 696 5511 si
720 5455 862 5511 hanc
890 5455 947 5510 in
976 5462 1151 5511 totum
1178 5454 1577 5520 amisissemus,
1608 5469 1810 5524 nequa-

209 5565 385 5621 quam
417 5548 730 5605 diceretur:
755 5547 1069 5620 Quanquam
1094 5548 1152 5603 in
1185 5547 1413 5605 imaoine
1451 5546 1674 5602 ambulet
1713 5546 1811 5601 ho-

286 5673 317 5709 s
348 5661 466 5716 lmo
496 5659 736 5719 Joannis.

1905 3116 2094 3170 eadem
2125 3128 2390 3184 nugarum
2420 3111 2895 3183 agglomeratione,
2931 3125 3052 3179 quae
3074 3125 3175 3180 pro
3203 3108 3494 3166 adorandis

1904 3205 2231 3277 imaginibus
2279 3205 2481 3274 scripta
2534 3210 2635 3269 est,
2686 3206 2923 3258 taxasse'
2952 3202 3324 3275 perhibentur,
3369 3199 3495 3255 talis

1903 3304 2024 3351 est:
2061 3313 2080 3347 ‹
2112 3295 2171 3349 ln
2204 3294 2527 3363 quihusdam
2554 3292 2944 3347 venerabilium
2974 3290 3221 3361 imaginis
3265 3290 3495 3360 picturae

1905 3402 2078 3457 agnus
2124 3385 2294 3456 digito
2344 3383 2698 3454 praecursoris
2751 3388 3083 3437 monstratus
3158 3379 3493 3450 designatur,

1905 3479 2049 3548 quod
2083 3478 2138 3532 in
2193 3477 2408 3546 signum
2457 3473 2680 3528 relictus
2708 3480 2792 3527 est
2849 3472 3055 3541 gratiae,
3103 3486 3292 3526 verum
3335 3468 3496 3525 nobis

1903 3586 2002 3641 per
2038 3559 2210 3639 legem
2258 3574 2683 3636 pmmonstrans
2727 3580 2946 3634 agnum,
2982 3562 3269 3626 ,Christum
3312 3561 3497 3616 Domi-

1904 3674 2034 3714 num
2063 3649 2329 3713 nostrum.
2375 3675 2393 3707 ι
2434 3654 2537 3721 Qui
2578 3662 2759 3707 tamen
2806 3666 3112 3722 quanquam
3174 3666 3282 3706 non
3309 3650 3385 3705 ita
3425 3651 3495 3707 ab

1905 3753 2013 3808 illis
2057 3750 2301 3821 prolatus
2348 3749 2419 3803 sit
2460 3748 2601 3802 sicut
2653 3746 2708 3800 in
2755 3745 2943 3800 eadem
2992 3742 3197 3814 synodo
3239 3743 3493 3809 habetur,

1905 3860 2007 3899 nec
2038 3844 2117 3898 sic
2143 3843 2357 3912 quidem
2392 3848 2454 3896 ut
2491 3841 2560 3897 ab
2603 3839 2710 3894 illis
2748 3844 3038 3907 usurpatus
3063 3845 3165 3902 est,
3213 3834 3494 3905 cujusdam

1906 3937 2204 4007 imaginum
2242 3931 2572 3989 adorationis
2600 3933 2888 4001 quamdam
2916 3928 3111 3984 fecisse
3150 3927 3490 3996 dignoscitur

1907 4028 2266 4090 mentionem;
2296 4024 2392 4080 sed
2406 4038 2530 4077 cum
2551 4036 2689 4092 pene
2705 4020 2906 4076 nullum
2928 4021 3126 4076 habeat
3154 4018 3337 4074 latinae
3356 4017 3498 4085 inte;-

1910 4120 2123 4194 gritatis
2156 4119 2416 4189 vigorem,
2441 4130 2710 4186 sensuque
2731 4115 2803 4169 sit
2829 4114 3044 4184 tepidus
3069 4113 3359 4182 verbisque
3378 4108 3498 4165 ille-

1907 4213 2084 4284 pidus,
2101 4219 2157 4265 et
2169 4210 2401 4278 quadam
2421 4221 2485 4263 ex
2508 4214 2664 4276 parte
2688 4206 2898 4262 ratione
2920 4202 3393 4269 nudatus,nullum
3416 4208 3498 4255 ta-

1818 4348 1821 4351 μ
1909 4320 2034 4360 men
2058 4313 2247 4359 eorum
2269 4300 2443 4358 errori
2466 4299 2853 4379 adminiculum
2874 4300 3115 4370 praebere
3138 4301 3494 4353 monstratur.

1831 4396 1891 4463 D

2478 4412 2707 4469 CAPUT
2755 4411 2897 4466 XIX.

1912 4510 2064 4576 Quod
2089 4508 2344 4564 sententia
2377 4506 2604 4562 Joannis
2637 4500 3223 4576 Constantinopolitani
3247 4499 3495 4576 episcopi,

1979 4596 2137 4651 quam
2168 4576 2247 4631 illi
2279 4579 2333 4630 in
2377 4576 2729 4651 testimonium
2781 4570 3176 4651 adorandarum
3205 4570 3495 4651 imaginum

1980 4639 2212 4710 trahunt,
2277 4662 2382 4701 non
2434 4646 2503 4700 ad
2536 4645 2589 4698 id
2660 4643 2801 4714 quod
2846 4640 2929 4696 illi
2988 4649 3174 4711 putant
3238 4639 3496 4710 pertinere

1979 4719 2321 4789 dignoscitur.

1981 4809 2087 4864 Sed
2117 4823 2292 4878 neque
2337 4804 2607 4862 sententia
2638 4801 2865 4858 Joannis
2908 4799 3494 4869 Constantinopolitani

1911 4899 2170 4971 episcopi,
2228 4913 2536 4968 quanquam
2588 4895 2655 4950 ab
2707 4894 2813 4949 illis
2854 4894 3100 4948 mutilata
3148 4893 3241 4959 sit,
3273 4892 3417 4947 sicut
3441 4898 3503 4947 et‘

1911 5002 2122 5049 uetera:
2147 5000 2457 5047 sanctorum
2499 4986 2723 5041 Patrum
2766 4985 3050 5041 sententia:
3075 4999 3209 5054 quas
3260 4983 3316 5037 in
3356 4981 3501 5052 ejus-

1912 5087 2034 5143 dem
2060 5083 2249 5157 synodi
2278 5081 2545 5151 scriptura
2593 5078 2916 5147 depravatas
2942 5077 3010 5131 ab
3039 5075 3144 5130 illis
3172 5074 3495 5144 reperimus,

1912 5178 2179 5250 quoddam
2203 5173 2419 5230 illorum
2430 5168 2603 5224 errori
2633 5166 3104 5225 deferre‘creditur
3128 5163 3495 5233 adiutorium:

1912 5269 2108 5339 quippe
2145 5279 2267 5320 cum
2297 5263 2353 5316 in
2392 5259 2579 5316 eadem
2606 5264 2739 5315 'non
2770 5257 2984 5313 illarum
3031 5257 3329 5329 imaginum
3353 5272 3503 5327 quae-

1911 5360 2035 5416 dam
2070 5354 2275 5413 mentio
2306 5352 2377 5407 sit
2409 5364 2530 5420 quae
2570 5349 2624 5403 in
2656 5347 2898 5405 basilicis
2931 5361 3052 5402 esse
3080 5353 3497 5410 consueverunt,

1913 5451 2012 5507 sed
2048 5449 2261 5510 illarum
2285 5458 2422 5514 quas
2450 5440 2638 5513 gentili
2666 5448 2723 5495 et
2756 5438 3267 5517 superstitioso'ritu
3297 5436 3499 5491 Roma-

1914 5557 2104 5601 norum
2170 5541 2525 5613 imperatores
2584 5534 2982 5593 ostentabiliter
3051 5533 3122 5591 ob
3158 5531 3244 5590 sui
3296 5527 3500 5586 favoris
