3990 6302
469 282 625 344 .1085

1357 287 1417 340 Β.
1455 284 1705 341 CAROLI
1740 283 1954 340 MAGNI
1993 281 2144 338 OPP.
2183 283 2362 340 PARS
2400 285 2462 339 ll.
2505 282 2746 340 SECTIO
2783 285 2848 340 ll.

3596 291 3725 346 {08$

489 392 849 463 arrogantiam
909 394 1136 452 adorare
1193 407 1536 452 censuerunt.
1605 398 1778 464 Quam
1840 397 2058 466 quidem
2083 397 2134 457 Α
2161 412 2277 451 ram
2323 413 2430 453 non
2492 407 2761 454 terrenam
2825 401 3056 469 speciem
3108 401 3358 464 honorat,
3404 403 3498 457 sed
3551 407 3730 460 eadem

487 485 804 554 sacrilegam
857 485 1182 555 impietatem
1233 487 1306 540 ita
1370 487 1544 540 nullos
1597 487 1942 554 antiquorum
1974 500 2058 538 re-

487 593 612 648 gum
641 577 938 647 reperimus
995 578 1268 643 habuisse,
1295 578 1435 633 sicut
1453 586 1509 634 et
1541 593 1677 647 pene
1704 577 1904 632 nullam
1929 590 2059 646 gen-

491 676 599 721 tem
630 675 791 722 tantae
817 667 1150 726 crudelitatis
1188 676 1570 738 tantorumque
1595 667 1859 722 idolorum
1885 667 2060 722 servi-

490 757 581 813 tiis
619 758 906 822 subditam,
949 765 1009 812 ut
1040 757 1205 822 illam,
1262 759 1472 828 uspiam
1500 759 1726 828 legimus
1765 757 2057 813 exstitisse.

493 849 697 920 Magnae
733 865 861 918 ergo
897 850 1234 905 crudelitatis
1271 859 1327 906 et
1351 863 1539 905 revera
1587 866 1794 920 magna:
1835 849 2064 905 crudeli-

490 941 619 995 tatis
644 949 698 996 et
727 939 1057 996 fortitudinis
1101 943 1375 1010 quondam
1429 940 1549 1006 fuit,
1581 955 1700 1010 qua:
1743 956 1772 994 a
1800 940 2063 1010 propheta

490 1030 708 1086 Daniele
749 1030 804 1084 in
837 1031 1174 1100 expositione
1198 1031 1510 1102 quadriﬁdze
1537 1040 1747 1097 statuae,
1788 1047 1907 1100 quae
1932 1046 2064 1099 qua-

491 1133 615 1178 tuor
666 1121 1089 1178 fortissimorum
1153 1124 1339 1180 mundi
1391 1137 1681 1191 regnorum
1743 1124 2063 1192 praesagium

490 1211 610 1275 fuit,
679 1218 800 1280 post
841 1222 1002 1282 caput
1058 1227 1300 1277 aureum,
1365 1213 1506 1282 quod
1549 1212 1895 1283 Assyriorum
1951 1213 2063 1267 sive

489 1300 862 1356 Chaldaeorum
889 1315 1112 1370 regnum
1159 1300 1420 1372 signavit;
1462 1309 1650 1370 pectus
1699 1315 1827 1354 vero
1872 1315 2065 1369 argen-

490 1399 657 1455 teum,
697 1391 840 1460 quod
881 1390 1156 1445 Medorum
1199 1391 1592 1459 Persarumque
1623 1404 1843 1459 regnum
1872 1389 2066 1460 ﬁgura-

490 1483 568 1537 vit
594 1498 608 1547 ;
641 1480 845 1536 femora
864 1496 992 1536 vero
1012 1497 1170 1546 aerea,
1195 1497 1292 1551 per
1321 1497 1439 1551 qua:
1466 1481 1810 1536 Macedonum
1837 1498 2063 1552 regnum

489 1580 848 1626 monstratum
887 1580 989 1636 est,
1029 1571 1085 1625 in
1132 1572 1379 1626 cruribus
1423 1569 1615 1626 ferreis
1643 1571 1920 1640 designata
1945 1579 2060 1626 est:

488 1667 544 1716 et
572 1661 840 1729 quomodo
898 1659 1101 1715 ferrum
1155 1661 1386 1714 conterit
1432 1668 1486 1714 et
1536 1660 1717 1714 domat
1760 1661 1959 1725 omnia,
1990 1662 2061 1714 ita

2164 488 2332 555 ipsam
2359 489 2632 543 cmlestem
2669 490 2838 559 ﬁgura
2890 500 3184 544 reveretur.
3235 511 3252 543 ι
3295 491 3427 558 Qua:
3473 497 3733 548 sententia

2163 591 2468 646 quanquam
2496 577 2826 632 locutionum
2871 579 3108 648 phaleris
3149 588 3202 634 et
3229 583 3520 636 verborum
3562 585 3735 638 erudi-

2163 665 2309 720 tione
2350 676 2551 729 careat,
2604 676 2658 722 et
2681 667 2866 736 procul
2894 683 2925 721 a
2954 668 3170 736 negotio
3219 671 3302 723 cui
3363 670 3615 739 imposita
3658 683 3738 726 est

2163 755 2378 825 evagari
2415 757 2680 817 credatur,
2727 770 2827 811 nec
2854 755 3064 810 illorum
3116 759 3401 812 assertioni
3450 773 3576 813 eam
3613 775 3739 828 pra:-

2162 845 2290 899 bere
2313 843 2582 909 solatium,
2607 859 2707 900 nec
2735 854 2932 899 nostrae
2961 853 3172 901 constat
3194 849 3465 917 quoddam
3491 848 3739 906 conferre

2163 933 2520 1002 dispendium,
2553 949 2653 990 nec
2688 935 2903 1004 aliquod
2939 935 3262 991 Christiana:
3308 937 3590 1008 religionis
3623 953 3740 992 sen-

2163 1027 2313 1081 sibus
2372 1025 2644 1081 inculcare
2693 1027 2972 1082 dissidium
2998 1045 3022 1080 :.
3069 1029 3368 1098 praesertim
3407 1045 3531 1099 qua:
3566 1046 3638 1084 ne
3665 1031 3743 1086 di-

2162 1117 2300 1172 vinat
2322 1117 2570 1186 imaginis
2597 1118 2966 1173 characterem
3005 1118 3060 1172 in
3089 1119 3244 1173 nobis
3291 1119 3451 1174 malis
3488 1120 3746 1189 operibus

2163 1208 2524 1277 inquinemus,
2556 1223 2689 1264 neve
2714 1211 2763 1264 ei
2796 1210 2864 1264 ad
2910 1208 3061 1277 cujus
3091 1210 3375 1280 imaginem
3398 1219 3455 1266 et
3491 1211 3749 1266 similitu-

2162 1299 2341 1354 dinem
2401 1300 2603 1355 conditi
2645 1316 2830 1355 sumus
2871 1300 3145 1369 peccando
3187 1299 3408 1369 ejusque
3450 1303 3750 1372 imaginem

2163 1398 2218 1446 et
2243 1390 2644 1444 similitudinem
2689 1391 2974 1459 polluendo
3006 1391 3257 1460 injuriam
3294 1393 3621 1460 irrogemus,
3646 1393 3751 1447 hoc

2164 1480 2344 1534 dicere
2389 1481 2654 1545 videatur,
2705 1490 2764 1535 ut
2814 1481 3058 1550 quisquis
3126 1482 3469 1550 imperatoris
3518 1483 3756 1552 imagini

2165 1569 2413 1638 iniuriam
2441 1570 2669 1640 irrogat,
2691 1586 2796 1626 non
2837 1571 3092 1640 imagini,
3114 1571 3207 1625 sed
3230 1571 3402 1625 eidem
3429 1572 3758 1640 imperatori

2166 1659 2419 1728 injuriam
2444 1661 2683 1730 irrogare
2717 1661 2984 1714 credatur.
3025 1660 3360 1726 Quodautem
3389 1663 3539 1727 dixit,
3559 1662 3758 1728 nubes,

489 1752 605 1807 haec
631 1767 765 1824 pene
802 1753 981 1806 omnia
1011 1766 1174 1821 regna
1198 1751 1454 1806 edomuit.
1494 1751 1624 1817 Qua:
1667 1752 1826 1804 etiam
1874 1767 1903 1806 a
1926 1767 2065 1820 prte-
2093 1727 2138 1784 Β
2169 1757 2370 1803 terram
2425 1748 2538 1802 sive
2598 1763 2747 1803 mare
2784 1747 3034 1802 famulari
3084 1750 3304 1819 imagini
3356 1751 3591 1815 Domini,
3641 1767 3756 1806 non

488 1844 601 1900 fato
653 1844 911 1914 propheta
958 1843 1012 1897 in
1064 1852 1297 1911 quatuor
1347 1842 1640 1897 bestiarum
1689 1843 1892 1898 visione
1944 1853 2065 1913 post

487 1937 736 2000 lazenam,
766 1951 862 2004 per
889 1951 1050 2004 quam
1074 1935 1489 2006 Babyloniorum
1540 1949 1762 2004 regnum
1807 1944 2068 1990 monstra-

490 2035 608 2081 tum
645 2035 748 2090 est,
779 2035 833 2079 et
858 2041 1040 2079 ursum
1068 2041 1165 2094 per
1190 2040 1349 2096 quem
1381 2025 1655 2080 Medorum
1701 2034 1755 2082 et
1778 2025 2064 2080 Persarum

491 2115 641 2185 regni
663 2115 935 2170 successio
958 2115 1232 2186 designata
1258 2123 1357 2180 est,
1390 2116 1501 2170 sive
1529 2116 1754 2185 pardum
1789 2131 1886 2186 per
1907 2132 2066 2186 quem

495 2204 844 2260 Macedonum
870 2221 1095 2274 regnum
1123 2207 1406 2278 ﬁguratum
1436 2215 1538 2272 est,
1571 2215 1764 2276 quarto
1813 2208 2068 2262 nimirum

495 2293 614 2348 loco
645 2295 784 2348 sicut
835 2297 889 2348 in
939 2303 1114 2349 statua
1163 2297 1217 2350 in
1265 2297 1514 2351 cruribus
1553 2294 1762 2360 ferreis,
1810 2297 1881 2350 ita
1905 2298 2070 2351 etiam

493 2384 548 2438 in
576 2385 762 2439 bestiis
821 2385 1062 2454 quadam
1128 2386 1388 2440 terribilis
1449 2402 1513 2440 ac
1572 2383 2070 2441 formidolosissima

494 2476 669 2530 bestia
731 2475 918 2531 dentes
970 2475 1173 2532 ferreos
1224 2478 1421 2532 habere
1464 2479 1803 2541 describitur,
1864 2479 1930 2533 de
1965 2495 2068 2548 qua

494 2585 639 2624 nunc
667 2570 843 2626 dicere
884 2571 1100 2643 longum
1141 2583 1260 2628 est:
1303 2574 1356 2628 in
1388 2589 1491 2644 qua
1531 2589 1638 2628 non
1681 2573 1811 2637 sint,
1858 2573 1994 2627 sicut
2019 2573 2072 2626 in

497 2661 710 2716 caeteris
737 2661 945 2725 bestiis,
987 2663 1214 2734 singula,
1258 2665 1350 2718 sed
1388 2664 1567 2719 omnia
1593 2677 1711 2732 qum
1734 2662 1790 2716 in
1835 2663 2074 2732 superio-

497 2753 649 2808 ribus
696 2752 849 2808 fuere
905 2755 1238 2810 crudelitatis
1288 2757 1502 2821 indicia,
1556 2771 1675 2826 qua:
1723 2763 1909 2824 gentes
1939 2770 2075 2825 quas

497 2841 713 2907 delevit,
761 2846 1064 2910 devorasse,
1095 2861 1230 2915 quas
1279 2861 1408 2901 vero
1434 2847 1652 2900 tributis
1681 2847 1904 2911 addixit,
1933 2847 2078 2916 pedi-

499 2934 602 2988 bus
651 2935 993 2990 conculcasse
1031 2936 1246 3000 dicitur,
1298 2946 1352 2992 et
1401 2938 1456 2991 in
1508 2945 1715 2992 tantum
1775 2939 2075 2992 daemonum

501 3023 727 3079 culturis
787 3026 1084 3092 inservivit,
1150 3035 1210 3082 ut
1237 3027 1588 3098 quarumdam
1651 3028 1890 3096 gentium
1940 3044 2076 3098 quas

502 3118 788 3186 subegerat
826 3117 968 3172 idola
1012 3119 1122 3173 suis
1165 3119 1512 3174 nihilominus
1565 3119 1724 3174 idolis
1759 3119 1972 3174 socians
1994 3119 2075 3173 in-

503 3205 733 3261 feliciter
804 3209 1073 3263 adoraret.
1141 3208 1291 3264 Unde
1340 3209 1690 3264 vanissimum
1729 3218 1783 3264 et
1827 3210 1894 3264 ab
1931 3211 2077 3264 omni

505 3297 714 3353 ratione
767 3297 1033 3354 seclusum
1085 3308 1184 3364 est,
1235 3302 1302 3356 ab
1348 3316 1411 3356 ea
1436 3317 1496 3356 re
1529 3301 1671 3355 intra
1709 3310 1951 3356 sanctam
1978 3303 2078 3357 Ec-

508 3389 728 3444 clesiam
779 3404 994 3445 sumere
1034 3391 1274 3461 exempla
1325 3407 1444 3461 qua:
1496 3401 1717 3462 propter
1761 3393 2079 3463 gentilitatis

504 3477 772 3531 maculam
797 3493 1019 3547 prorsus
1043 3495 1074 3532 a
1098 3479 1379 3536 catholicis
1405 3480 1644 3536 creditur
1667 3481 1946 3536 abdicata:
1971 3483 2077 3537 nisi

505 3567 646 3621 forte
693 3567 825 3622 illud
875 3569 928 3623 in
977 3569 1079 3625 hac
1119 3581 1274 3641 parte
1327 3571 1670 3635 concedatur,
1701 3580 1760 3626 ut
1796 3572 1864 3627 ab
1892 3587 2080 3627 errore

505 3672 658 3712 error
686 3657 956 3724 fulcialur,
1000 3667 1054 3714 et
1081 3674 1168 3715 res
1189 3677 1322 3715 vana
1354 3677 1468 3716 rem
1517 3661 1862 3716 nihilominus
1884 3676 2078 3715 vanam

507 3753 703 3808 habeat
728 3754 780 3807 in
820 3753 1146 3824 exemplum,
1185 3771 1378 3825 resque
1413 3755 1628 3824 obliqua
1655 3771 1686 3809 a
1714 3770 1774 3810 re
1800 3771 1906 3810 non
1931 3762 2080 3810 recta

507 3851 728 3914 putetur
754 3845 998 3914 accipere
1022 3859 1178 3913 posse
1203 3845 1498 3899 munimen.
1541 3843 1743 3900 Textus
1771 3845 1934 3914 igitur
1953 3859 2078 3899 sen-

514 3935 698 3989 tentize
724 3933 949 3989 Joannis
976 3935 1044 4007 (si
1085 3946 1265 3990 tamen
1309 3934 1548 4004 ejusdem
1582 3933 1804 3990 Joannis
1850 3937 1954 4008 est)
1981 3937 2082 3992 hoc

510 4025 670 4079 modo
695 4025 747 4077 in
793 4025 981 4079 eadem
1005 4026 1402 4082 dementissima
1431 4028 1618 4097 synodi
1668 4028 1896 4083 lectione
1929 4037 2083 4083 taxa-

510 4122 599 4169 tus
623 4113 885 4168 habetur:
920 4133 938 4164 ι
976 4114 1163 4171 Nonne
1213 4132 1335 4171 eum
1384 4118 1473 4186 qui
1522 4119 1771 4172 induetur
1817 4117 2084 4186 injurias?

513 4206 689 4262 nescis
717 4207 840 4275 quia
869 4207 913 4261 si
957 4207 1078 4275 quis
1128 4208 1413 4278 imaginem
1459 4209 1800 4276 imperatoris
1843 4207 2082 4278 iujuriat,

512 4296 579 4351 ad
605 4312 727 4351 eum
768 4296 939 4364 ipsum
990 4297 1369 4366 imperatorem
1419 4299 1786 4369 principaliter
1833 4300 2082 4371 dignitati

512 4386 628 4456 ejus
653 4385 807 4441 all‘ert
843 4385 1136 4454 injuriam?
1183 4385 1370 4443 Nescis
1395 4389 1518 4458 quia
1555 4390 1598 4444 si
1628 4391 1748 4458 quis
1795 4391 2080 4462 imaginem

511 4494 578 4533 ex
609 4478 751 4548 ligno
802 4487 893 4532 aut
921 4494 989 4533 ex
1015 4479 1195 4534 colore
1235 4481 1498 4547 detrahet,
1552 4499 1662 4538 non
1704 4484 1842 4538 sicut
1881 4485 1948 4538 ad
1979 4484 2088 4540 ele-

514 4577 754 4624 mentum
777 4569 892 4623 sine
922 4571 1100 4624 anima
1129 4585 1290 4626 ausus
1308 4569 1595 4640 judicatur,
1628 4574 1719 4628 sed
1743 4575 1880 4629 sicut
1905 4576 2088 4631 adver-

514 4680 607 4719 sus
659 4665 1038 4734 imperatorem
1108 4665 1473 4737 disscgregata
1528 4667 1816 4737 imaginem
1865 4669 2088 4723 totidem

515 4755 855 4823 imperatoris
915 4766 1132 4826 gestans
1174 4758 1244 4820 ei,
1293 4755 1543 4824 injuriam
1582 4758 1650 4810 ad
1711 4758 2087 4826 imperatorem

515 4845 774 4901 deducit?
812 4866 830 4899 ι
884 4846 951 4901 Ει
976 4849 1172 4903 iterum
1198 4848 1338 4904 idem
1374 4849 1439 4903 de
1467 4847 1654 4902 eodem
1684 4847 1860 4912 Patre,
1888 4863 2091 4902 sermo-

518 4951 585 4993 ne
612 4937 667 4992 in
726 4937 913 5006 quinta
972 4937 1107 4993 feria
1156 4939 1414 4995 Paschte:
1461 4956 1480 4989 ς
1525 4937 1716 4993 Omnia
1775 4937 1920 4993 facta
1965 4948 2090 4993 sunt

514 5038 734 5102 propter
759 5028 985 5098 gloriam
1011 5030 1137 5086 Dei:
1173 5046 1274 5085 usu
1307 5044 1436 5085 vero
1475 5037 1661 5083 nostro
1711 5029 1879 5084 nubes
1901 5029 1967 5084 ad
1994 5029 2092 5083 im-

516 5123 695 5178 brium
710 5122 1088 5188 ministerium,
1104 5130 1305 5177 terram
1318 5121 1385 5177 ad
1403 5122 1668 5177 fructuum
1687 5121 2088 5188 abundantiam,

518 5225 666 5266 mare
697 5211 1068 5282 navigantium
1089 5212 1291 5280 absque
1316 5211 1515 5267 invidia
1553 5211 1732 5266 omnia
1764 5210 2093 5266 famulantur

518 5299 742 5364 homini,
801 5301 971 5370 magis
1034 5309 1212 5355 autem
1270 5300 1490 5372 imagini
1543 5301 1657 5354 Dei.
1719 5299 1902 5371 Neque
1947 5301 2091 5356 enim

517 5389 732 5458 quando
787 5390 1079 5458 imperialis
1133 5390 1313 5446 vultus
1336 5399 1390 5446 et
1431 5392 1692 5462 imagines
1739 5393 1792 5446 in
1845 5391 2092 5446 civitates

517 5479 951 5545 introducuntur,
1009 5489 1065 5536 et
1106 5482 1326 5538 obviant
1381 5482 1590 5552 judices
1634 5491 1690 5538 et
1740 5483 1924 5552 plebes
1967 5497 2090 5537 cum

516 5569 782 5636 laudibus,
807 5587 912 5627 non
942 5573 1177 5629 tabulam
1200 5575 1528 5630 honorantes
1549 5587 1721 5644 neque
1748 5572 1930 5630 ell'usae
1953 5587 2092 5629 cerae

518 5659 832 5732 scripturas,
874 5661 966 5717 sed
1020 5660 1242 5733 ﬁguram
1285 5663 1644 5737 imperatoris,
1686 5665 1763 5721 sic
1789 5672 1843 5720 et
1880 5673 2090 5722 creatu-

2102 3073 2150 3138 ϐ

2167 1842 2270 1895 hoc
2298 1855 2397 1909 pro
2426 1838 2730 1893 manufacta
2761 1849 2813 1894 et
2857 1840 3212 1894 irrationabili
3259 1842 3486 1910 imagine
3510 1841 3686 1905 dixit,
3717 1843 3763 1896 si

2166 1937 2347 1982 tamen
2377 1929 2517 1983 idem
2578 1944 2736 1997 quem
2766 1929 2842 1982 illi
2868 1929 3054 1984 dicunt
3081 1938 3175 1983 aut
3216 1931 3466 2000 quislibet
3513 1931 3766 1987 catholi-

2167 2033 2264 2072 cus
2300 2018 2454 2081 dixit,
2510 2019 2603 2072 sed
2627 2027 2719 2072 aut
2759 2033 2857 2087 pro
2896 2018 3133 2084 Christo,
3179 2021 3270 2089 qui
3306 2029 3388 2075 est
3415 2022 3597 2091 imago
3634 2022 3762 2085 Dei,

2168 2106 2255 2160 cui
2286 2104 2519 2160 ﬂectitur
2571 2122 2732 2161 omne
2777 2123 2915 2176 genu
2959 2108 3280 2173 caelestium,
3332 2112 3685 2165 terrestrium
3710 2120 3770 2164 et

2168 2194 2524 2259 infernorum,
2585 2205 2678 2250 aut
2718 2212 2816 2265 pro
2885 2197 3121 2262 homine,
3165 2199 3256 2268 qui
3315 2200 3493 2269 utique
3548 2203 3633 2256 ad
3663 2202 3771 2258 Dei

2169 2287 2456 2356 imaginem
2488 2288 2735 2342 conditus
2756 2302 2893 2357 pene
2924 2291 3173 2344 omnibus
3202 2291 3494 2348 visibilibus
3523 2304 3773 2349 creatu-

2170 2378 2245 2432 ris
2269 2378 2523 2446 praelatus
2571 2387 2672 2434 est.
2714 2379 2866 2445 Quod
2889 2381 2934 2435 si
2981 2381 3102 2449 quis
3149 2384 3507 2438 contentiosus
3529 2401 3647 2455 pro
3679 2387 3772 2440 in-

2171 2473 2402 2527 seusatis
2427 2473 2629 2526 dictum
2677 2472 2844 2529 fuisse
2890 2475 3186 2530 arbitretur
3231 2476 3560 2546 imaginibus,
3602 2492 3775 2532 asse-

2171 2570 2322 2617 veret
2346 2577 2452 2632 quo
2478 2570 2658 2632 pacto,
2708 2579 2882 2632 quove
2927 2566 3106 2628 modo,
3137 2580 3308 2634 quave
3361 2565 3772 2628 familiaritate,

2173 2655 2361 2718 nubes,
2405 2663 2570 2719 terra,
2611 2671 2759 2709 mare
2808 2656 3129 2726 imaginibus
3162 2655 3497 2721 famulentur,
3537 2665 3597 2711 et
3631 2674 3780 2712 mox

2175 2747 2529 2802 assertionem
2576 2762 2727 2802 suam
2769 2763 2964 2816 magna
3019 2762 3084 2802 ex
3121 2756 3275 2817 parte
3321 2747 3500 2802 fultam
3544 2748 3779 2803 habere

2175 2838 2536 2906 dignoscetur.
2579 2837 2636 2892 Si
2661 2853 2788 2907 ergo
2808 2839 2996 2908 vulgus
3042 2839 3238 2906 partim
3262 2838 3454 2893 laetitia:
3478 2838 3777 2892 bacchata

2165 2928 2412 2992 ell‘renis,
2441 2928 2637 2997 partim
2689 2928 2962 2984 smcularis
3005 2943 3213 2998 pompae
3259 2929 3487 2984 novitate
3518 2931 3779 2984 arcessi-

2180 3033 2286 3089 tus,
2331 3026 2528 3094 partim
2550 3025 2757 3080 ventosi
2796 3027 3016 3080 honoris
3054 3025 3326 3082 inﬂatione
3355 3027 3585 3095 cupidus,
3629 3043 3782 3096 par-

2183 3117 2275 3171 tim
2324 3117 2646 3172 adulationis
2721 3118 2853 3172 vitio
2905 3117 3212 3183 famulatus,
3274 3119 3460 3188 partim
3519 3119 3784 3187 publica:

2179 3208 2385 3262 securis
2436 3217 2582 3262 metu
2625 3209 2979 3277 perterritus,
3042 3210 3426 3280 imperatorum
3482 3211 3780 3280 imagines

2179 3297 2331 3350 vanis
2369 3304 2424 3350 et
2451 3296 2770 3365 perniciosis
2813 3297 3062 3353 laudibus
3093 3300 3344 3362 honorat,
3401 3299 3515 3368 quid
3543 3300 3608 3353 ad
3646 3317 3784 3356 nos

2179 3386 2269 3455 qui
2299 3386 2594 3458 gloriamur
2636 3388 2691 3442 in
2716 3403 2877 3444 cruce
2927 3389 3137 3443 Domini
3166 3391 3338 3444 nostri
3377 3389 3496 3445 Jesu
3522 3389 3786 3459 Christi,

2179 3493 2276 3549 per
2306 3495 2467 3550 quem
2492 3479 2649 3536 nobis
2672 3481 2902 3536 mundus
2939 3480 3226 3536 cruciﬁxus
3259 3490 3342 3536 est
3376 3498 3573 3553 nosque
3590 3499 3785 3541 mun-

2180 3573 2291 3626 do?
2329 3586 2557 3639 quorum
2619 3573 2958 3626 conversatio
2996 3572 3051 3626 in
3109 3572 3262 3627 caelis
3312 3582 3415 3636 est,
3478 3573 3570 3643 qui
3632 3591 3785 3630 arm

2177 3659 2435 3730 Apostolo
2471 3661 2717 3725 dicimus,
2762 3662 2928 3716 Nobis
2974 3663 3160 3733 quibus
3200 3662 3436 3718 Christus
3477 3666 3796 3733 cruciﬁxus

2179 3760 2274 3815 est,
2326 3751 2453 3820 quid
2499 3751 2645 3804 nobis
2703 3768 2820 3805 cum
2867 3753 3032 3820 foro?
3084 3753 3136 3821 (Ι
3175 3751 3297 3807 Cor.
3332 3754 3430 3823 vi),
3465 3755 3556 3824 qui
3608 3766 3790 3813 tanto

2181 3841 2355 3896 errori
2382 3841 2553 3896 obniti
2594 3841 2772 3911 potius
2808 3856 2968 3911 quam
3011 3857 3288 3898 assensum
3333 3847 3572 3912 prmbere
3599 3845 3790 3904 debe-

2182 3948 2320 3995 mus,
2373 3932 2465 4000 qui
2513 3947 2621 3988 non
2665 3931 2840 3986 solum
2866 3934 2934 3988 ab
2978 3949 3044 3988 eo
3076 3934 3379 4004 exemplum
3415 3937 3481 3991 ad
3532 3938 3785 3993 adoran-

2185 4023 2281 4077 das
2307 4020 2570 4091 imagines
2608 4021 2829 4076 minime
2864 4037 3100 4089 sumere,
3149 4025 3241 4079 scd
3286 4026 3451 4079 etiam
3479 4041 3608 4081 eum
3640 4043 3788 4084 cum

2184 4113 2297 4169 suis
2320 4112 2638 4181 sequacibus
2661 4125 2883 4181 prorsus
2920 4114 3192 4168 exsecrari
3239 4115 3514 4170 debemus.

2783 4245 3010 4302 CAPUT
3063 4245 3182 4301 XX.

2189 4341 2341 4408 Quod
2389 4357 2491 4395 non
2547 4341 2617 4395 ad
2666 4339 3020 4410 adorationem
3071 4339 3355 4410 imaginum
3409 4342 3690 4410 pertineat,
3723 4355 3786 4397 α

2110 4423 2166 4485 ι)
2214 4407 2221 4408 ί
2256 4411 2336 4485 ἰμὶ
2369 4421 2628 4485 asserunt,
2666 4410 2924 4485 sententia
2969 4409 3105 4485 beati
3135 4407 3319 4478 ενι-ηιξ
3346 4407 3418 4463 ἐπ’
3449 4413 3794 4480 expositione

2258 4481 2528 4550 Evangelii
2557 4479 2838 4533 secundum
2870 4477 3198 4532 Mattha’um.

2255 4571 2312 4625 ln
2344 4585 2409 4625 eo
2439 4571 2604 4624 etiam
2630 4569 2773 4639 quod
2798 4569 2982 4623 dicunt
3008 4569 3222 4621 beatum
3249 4566 3509 4637 Cyrillum
3536 4569 3785 4625 Alexan-

2188 4662 2358 4716 drina:
2393 4661 2543 4714 urbis
2587 4659 2884 4713 antistitem
2936 4657 3171 4712 dixisse:
3219 4676 3238 4708 ι
3285 4657 3606 4729 Depingitur
3626 4661 3786 4713 enim

2190 4751 2322 4806 ﬁdes
2358 4750 2501 4818 quod
2546 4750 2602 4803 in
2628 4747 2798 4802 forma
2845 4746 2937 4802 Dei
2985 4746 3167 4800 existit
3228 4746 3472 4810 verbum,
3541 4748 3684 4802 sicut
3722 4756 3786 4802 et

2190 4848 2386 4897 nostrae
2412 4840 2536 4894 vita:
2570 4839 2936 4908 redemptione
2975 4837 3190 4892 oblatus
3211 4845 3295 4891 est
3319 4836 3453 4900 Deo,
3477 4838 3782 4893 secundum

2190 4947 2289 4988 nos
2325 4930 2674 4986 similitudine
2701 4937 2755 4982 et
2781 4928 2956 4983 factus
2979 4928 3159 4990 homo,
3183 4946 3201 4978 ι
3239 4941 3552 4996 quanquam
3579 4937 3670 4981 aut
3693 4929 3785 4982 in-

2191 5021 2440 5093 terpretis
2482 5020 2770 5088 imperitia,
2814 5027 2908 5072 aut
2945 5017 3224 5087 scriptoris
3255 5017 3391 5072 vitio
3418 5017 3788 5087 semiplenam

2191 5126 2409 5168 sensum
2449 5110 2650 5163 habere
2715 5108 2981 5172 videatur,
3035 5123 3140 5162 non
3172 5114 3353 5162 tamen
3393 5107 3466 5161 ibi
3511 5107 3785 5176 quodam-

2191 5201 2350 5257 modo
2375 5201 2670 5269 imaginum
2697 5199 2942 5254 adoratio
2977 5199 3219 5253 innuitur
3243 5215 3255 5251 :
3301 5199 3395 5253 sed
3423 5215 3604 5270 neque
3633 5200 3684 5253 in
3710 5214 3783 5254 eo

2151 5292 2434 5374 .quaedam
2474 5289 2634 5359 hujus
2679 5291 2904 5356 erroris,
2964 5305 3070 5344 non
3117 5289 3293 5345 dicam
3341 5289 3652 5352 afﬁrmatio,
3679 5289 3782 5343 sed

2191 5399 2290 5439 nec
2319 5381 2482 5437 etiam
2519 5381 2721 5434 mentio
2760 5380 2837 5444 ﬁt,
2878 5378 3020 5448 quod
3063 5379 3248 5434 dicunt
3275 5394 3403 5433 eum
3441 5387 3565 5448 post
3601 5394 3779 5448 pauca

2190 5477 2429 5532 dixisse:
2475 5494 2493 5525 ‹
2521 5473 2820 5543 lmaginum
2864 5471 3019 5526 nobis
3047 5471 3266 5540 explent
3303 5485 3443 5540 opus
3497 5469 3774 5540 parabolas

2191 5564 2608 5638 signiﬁcantium
2668 5561 2888 5625 virtute,
2939 5561 3025 5616 cui
3081 5559 3367 5629 quomodo.
3411 5567 3465 5614 et
3492 5559 3775 5614 oculorum

2193 5657 2433 5716 adhiberi
2458 5662 2510 5711 et
2541 5653 2760 5724 palpatu
2788 5669 2978 5709 manus
3036 5650 3213 5707 all'erri
3253 5651 3308 5705 in
3339 5649 3581 5720 vestigiis
3625 5663 3760 5704 meo
