3990 6302
241 284 381 339 1085

1053 279 1230 334 LIBRI
1268 279 1611 337 CAROLINI.
1651 304 1726 321 -ν
1759 279 1979 338 CAPIT.
2023 283 2110 338 DE
2147 283 2337 340 IMAG.
2373 314 2444 326 --
2482 285 2612 340 LIB.
2651 285 2716 340 Il.

3341 286 3480 341 i086

238 396 382 450 tibus
417 389 854 461 inadparabiliter
889 389 1092 445 habens
1129 391 1408 445 visionem.
1456 410 1474 442 ι
1538 389 1804 456 Quoniam
1830 404 1876 458 Α
1908 404 2154 463 regnant,
2208 394 2322 450 sive
2385 395 2512 464 quia
2542 394 2771 449 viriliter
2820 400 3160 450 certaverunt
3185 402 3245 448 ut
3281 395 3348 450 ad
3381 409 3481 450 nos

233 499 365 554 ergo
390 483 478 538 hic
503 483 640 536 liber
679 481 818 550 apud
858 495 956 534 nos
1019 495 1126 534 non
1187 479 1432 543 habetur,
1485 479 1577 548 qui
1619 480 1805 548 utique

231 580 424 634 Graeco
444 592 688 632 sermone
710 577 886 631 editus
906 590 1025 630 esse
1064 590 1096 628 a
1127 574 1350 644 przel‘ato
1383 575 1602 630 doctore
1623 575 1804 644 perhi-

229 670 409 732 betur,
453 666 614 736 hujus
649 666 868 737 capituli
923 680 1114 720 sensus
1149 665 1206 720 in
1241 665 1610 736 incompositis
1658 673 1712 720 et
1750 666 1805 720 in

229 757 542 828 impmpriis
596 755 923 812 dictionibus
973 754 1046 809 ita
1092 753 1246 808 nobis
1288 768 1386 822 per
1442 753 1804 822 conjecturam

228 863 423 903 sensus
473 846 796 916 quzerendus
833 852 935 909 est,
980 843 1146 897 veluti
1195 843 1316 911 quis
1342 842 1398 896 in
1431 842 1697 912 pulvereis
1721 840 1804 894 vel

227 937 288 992 in
324 935 609 1005 cujuslibet
652 934 890 988 materia:
935 931 1166 987 sordidis
1212 931 1500 985 involucris
1557 943 1804 983 nummos

145 1068 154 1076 .
225 1035 458 1096 quaerat.
497 1026 609 1081 Hoc
673 1026 836 1089 enim,
891 1031 951 1078 ut
997 1022 1328 1092 conjicimus,
1390 1019 1548 1090 hujus
1585 1018 1804 1089 capituli

223 1124 414 1171 textus
462 1114 769 1185 signiﬁcare
818 1113 1048 1178 videtur,
1095 1111 1238 1182 quod
1280 1111 1407 1166 dum
1456 1109 1702 1164 Christus
1747 1108 1805 1162 in

223 1204 407 1258 forma
445 1203 539 1258 Dei
578 1204 815 1257 existens
865 1202 1119 1268 Verbum,
1170 1209 1368 1255 nostrae
1407 1199 1586 1254 carnis
1616 1196 1806 1252 simili-

225 1295 420 1348 tudine
450 1293 668 1348 indutus
723 1301 777 1347 et
804 1290 977 1346 factus
1028 1297 1110 1346 est
1148 1289 1327 1355 homo,
1369 1297 1423 1343 et
1461 1302 1559 1357 pro
1606 1295 1804 1342 nostra:

222 1383 357 1437 vitae
416 1381 782 1451 redemptione
845 1381 1054 1436 oblatus
1111 1380 1218 1434 Deo
1271 1381 1326 1434 in
1353 1394 1411 1434 se
1447 1393 1572 1433 vera
1629 1377 1805 1431 Patris

222 1471 466 1540 imagine
499 1470 738 1539 ejusdem
800 1469 974 1525 Patris
1028 1469 1292 1525 visionem
1352 1469 1507 1523 nobis
1573 1469 1805 1524 ostendit

221 1559 382 1628 iuxta
417 1561 582 1615 illud:
625 1560 728 1626 Qui
763 1561 894 1615 videt
928 1577 1028 1626 me,
1082 1560 1214 1615 videt
1269 1569 1316 1613 et
1362 1559 1576 1612 Patrem
1619 1558 1800 1630 (Joan.

221 1651 383 1722 XIV);
425 1659 479 1706 et
518 1653 573 1705 in
621 1651 995 1721 parabolarum
1057 1651 1548 1722 imaginationibus,
1590 1651 1664 1706 ita
1707 1666 1805 1706 no-

219 1742 360 1796 stris
385 1741 631 1795 sensibus
661 1741 1043 1811 mysteriorum
1071 1740 1393 1810 signilicavit
1421 1756 1641 1806 arcana,
1663 1741 1802 1796 sicut

220 1832 284 1886 in
323 1831 660 1902 imaginibus,
688 1846 874 1886 earum
923 1845 1104 1885 rerum
1143 1827 1295 1899 cujus
1321 1840 1446 1886 sunt
1495 1830 1806 1900 imaginatio

218 1923 626 1996 quodammodo
676 1931 1040 1978 monstratur:
1079 1923 1182 1977 hoc
1233 1923 1449 1992 quidem
1486 1919 1643 1990 juxta
1671 1937 1806 1977 con-

216 2013 448 2081 iecturae
476 2016 906 2086 ambiguitatem,
953 2022 1208 2070 caeterum
1245 2014 1481 2068 exclusis
1518 2014 1808 2069 dubietatis

217 2106 564 2176 ambagibus,
596 2105 795 2159 nullam
816 2105 905 2160 hic
941 2105 1234 2176 imaginum
1264 2104 1634 2160 adorationem
1668 2104 1808 2159 desi-

216 2195 384 2266 gnari
409 2195 753 2250 manifestum
779 2202 882 2250 est.

798 2283 1025 2339 CAPUT
1063 2283 1204 2340 XXI.

218 2372 386 2442 Quod
413 2389 515 2428 non
547 2373 612 2427 sit
647 2384 828 2442 contra
884 2372 1182 2442 religionem
1234 2371 1607 2436 Christianam,
1644 2381 1700 2425 ut
1726 2369 1805 2424 illi

367 2442 566 2509 dicunt,
595 2460 698 2497 non
727 2441 894 2496 colere
917 2452 962 2496 et
983 2441 1090 2495 non
1122 2443 1345 2495 adorare
1369 2443 1638 2512 imagines.

298 2531 488 2602 Magna
517 2533 734 2602 quidem
764 2540 888 2587 sunt
912 2531 1231 2587 Christianae
1278 2531 1554 2602 religionis
1599 2530 1801 2585 instru-

215 2634 431 2689 menta,
485 2639 605 2694 quae
655 2639 960 2694 quanquam
1026 2639 1094 2679 ex
1142 2625 1265 2678 ﬁdei
1334 2624 1606 2678 soliditate
1653 2629 1710 2677 et
1736 2637 1803 2677 ex

214 2716 518 2772 dilectione
577 2717 672 2772 Dei
735 2726 789 2772 et
829 2717 1062 2788 proximi
1135 2716 1425 2787 pendeant,
1492 2715 1803 2786 singillatim

213 2823 548 2864 enumerare
575 2808 944 2880 longissimum
991 2815 1104 2862 est:
1144 2808 1288 2863 inter
1314 2822 1432 2878 quae
1463 2806 1666 2860 nullum
1710 2821 1806 2875 pe-

216 2897 376 2953 nitus
412 2897 590 2952 locum
645 2898 936 2968 imaginum
977 2897 1153 2952 cultus
1191 2904 1246 2950 et
1302 2896 1546 2951 adoratio
1595 2901 1799 2958 tenent,

215 2989 483 3058 quoniam
516 2991 731 3059 quidem
785 2990 932 3046 nullo
962 2990 1297 3060 antiquitatis
1345 2990 1698 3045 instituuntur
1715 2989 1804 3043 do-

216 3089 499 3144 eumento,
529 3080 612 3134 vel
639 3079 936 3135 fulciuntur
980 3079 1242 3149 exemplo,
1282 3079 1376 3134 sed
1415 3093 1552 3148 pene
1579 3087 1800 3133 cuncta-

216 3186 351 3226 rum
401 3171 704 3228 divinarum
771 3170 1174 3242 Scripturarum
1204 3171 1524 3226 abdicantur
1565 3168 1798 3238 eloquio.

217 3271 250 3300 ι
275 3258 467 3313 Solum
493 3273 723 3328 namque
745 3259 912 3314 Deum
935 3258 1130 3322 colere,
1159 3258 1336 3328 ipsum
1365 3259 1610 3320 adorare,
1627 3255 1802 3325 ipsum

218 3348 535 3420 gloriﬁcare
600 3350 814 3413 debere,
880 3349 1044 3403 totius
1093 3347 1288 3403 divinae
1338 3347 1630 3417 Scriptura:
1675 3347 1804 3401 tuba

220 3438 490 3493 terribilis
531 3438 757 3494 intonat.
799 3435 951 3494 Unde
997 3437 1292 3492 cavendum
1342 3435 1449 3490 illis
1482 3444 1584 3499 est,
1612 3442 1666 3490 et
1691 3448 1806 3489 mo-

219 3529 315 3584 dis
346 3529 597 3583 omnibus
652 3527 1163 3598 pertimescendum,
1204 3540 1273 3580 ne
1324 3525 1452 3580 dum
1511 3524 1805 3594 imaginum

220 3618 438 3674 cultum
467 3627 520 3672 et
550 3619 917 3674 adorationem
945 3617 1267 3672 Christianae
1284 3616 1530 3687 religioni
1561 3617 1807 3686 ingerere

222 3710 499 3775 nituntur,
533 3710 862 3780 singularem
910 3710 1070 3764 unius
1097 3709 1193 3764 Dei
1239 3708 1440 3764 cultum
1464 3715 1518 3763 et
1545 3707 1809 3763 adoratio-

222 3817 357 3857 nem
386 3799 637 3856 frustrari
662 3802 960 3856 videantur.
1002 3801 1131 3868 Quae
1148 3801 1256 3857 duo
1281 3801 1354 3855 ita
1381 3801 1521 3856 inter
1540 3814 1598 3855 se
1622 3806 1808 3853 mutuo

224 3894 584 3960 reluctantur,
625 3895 755 3949 utsi
811 3910 979 3949 unum
1027 3895 1258 3960 steterit,
1309 3895 1452 3950 aliud
1500 3903 1646 3950 stare
1697 3909 1808 3949 non

225 3985 425 4058 possit.
467 3983 526 4039 Si
577 3984 720 4039 enim
771 3983 1060 4053 singularis
1108 3983 1286 4038 cultus
1325 3983 1424 4038 soli
1479 3990 1533 4038 et
1561 3982 1653 4037 uni
1696 3982 1807 4037 Deo

225 4075 449 4128 debitus
473 4073 818 4129 inconvulsus
852 4076 971 4137 erit,
1001 4082 1055 4128 et
1084 4089 1272 4130 revera
1302 4074 1648 4130 inconvulsus
1681 4074 1805 4139 erit,

226 4165 530 4236 imaginum
565 4165 742 4220 cultus
790 4164 964 4220 modis
1012 4165 1262 4220 omnibus
1311 4167 1638 4221 cassabitur:
1681 4173 1735 4220 et
1762 4165 1810 4220 si

228 4255 534 4323 imaginum
581 4254 758 4308 cultus
801 4269 909 4308 non
961 4253 1312 4319 convellatur,
1361 4254 1463 4309 soli
1489 4261 1546 4308 et
1573 4253 1665 4308 uni
1699 4252 1810 4308 Deo

225 4343 416 4398 cultus
461 4343 675 4398 debitus
712 4359 820 4400 non
853 4343 958 4399 erit
1009 4344 1314 4413 singularis.
1354 4345 1433 4400 Ac
1479 4360 1578 4415 per
1623 4346 1726 4400 hoc
1763 4345 1808 4400 si

1905 483 2186 538 incolumis
2219 491 2390 538 status
2418 483 2674 538 Ecclesia:
2693 483 3022 553 perveniret,
3049 482 3166 537 sive
3185 482 3310 552 quia
3335 495 3482 537 eam-

1904 572 2028 626 dem
2087 572 2368 626 ecclesiam
2417 572 2650 627 assiduis
2687 570 2955 642 suffragiis
2985 581 3040 626 et
3082 572 3482 628 intercessioni-

1903 663 2004 717 bus
2038 662 2291 731 adjuvare
2338 672 2650 726 noscuntur,
2705 663 2981 718 veneratio
3009 663 3312 719 exhibenda
3349 671 3476 720 est:

1904 752 2164 822 imagines
2178 769 2307 808 vero
2333 755 2478 809 omni
2504 754 2585 808 sui
2611 753 2821 808 cultura
2842 761 2896 807 et
2911 752 3224 807 adoratione
3246 753 3478 820 seclusa,

1903 850 2080 897 utrum
2117 843 2168 897 in
2197 844 2434 898 basilicis
2480 851 2699 913 propter
2729 844 3043 897 memoriam
3093 857 3274 897 rerum
3303 851 3482 912 gesta-

1903 948 2020 986 rum
2048 941 2101 986 et
2128 940 2502 988 ornamentum
2555 933 2682 997 sint,
2728 948 2796 990 an
2826 933 2989 986 etiam
3043 947 3150 986 non
3196 933 3325 994 sint,
3360 931 3482 986 nul-

1900 1021 2012 1076 lum
2043 1022 2167 1077 ﬁdei
2207 1023 2484 1077 catholicae
2536 1020 2729 1076 afferre
2781 1028 3034 1090 poterunt
3083 1020 3476 1091 prmjudicium,

1903 1114 2102 1184 quippe
2155 1129 2276 1168 cum
2304 1113 2372 1166 ad
2425 1112 2730 1182 peragenda
2763 1120 2963 1167 nostra:
2995 1111 3185 1165 salutis
3221 1110 3478 1180 mysteria

1900 1201 2107 1258 nullum
2130 1201 2346 1272 penitus
2365 1199 2598 1256 ollicium
2622 1201 2819 1256 habere
2847 1208 3159 1255 noscantur.

2465 1289 2691 1346 CAPUT
2728 1289 2892 1346 XXH.

1904 1382 2056 1450 Quod
2101 1399 2205 1436 non
2261 1381 2448 1435 bonam
2496 1381 2718 1434 habeant
2775 1379 3082 1450 memoriam
3109 1378 3217 1450 Aqui
3253 1385 3318 1450 git
3374 1393 3479 1450 non

1973 1452 2344 1505 obliviscantur
2405 1460 2704 1504 sanctorum
2728 1448 2804 1502 vel
2862 1457 2997 1503 certe
3021 1445 3183 1518 ipsius
3242 1445 3474 1512 Domini,

1970 1521 2166 1575 idcirco
2195 1520 2449 1590 imagines
2477 1519 2700 1588 erigunt.

1972 1611 2106 1665 Mihi
2153 1620 2346 1675 autem,
2393 1609 2470 1663 ait
2514 1608 2796 1677 Propheta,
2837 1607 3103 1662 adhaerere
3149 1605 3259 1660 Deo
3287 1605 3478 1660 bonum

1835 1730 1876 1790 Β
1904 1709 1978 1754 est
2017 1699 2190 1771 (Psal.
2219 1698 2410 1770 Lxxnl)
2439 1714 2452 1764 ;
2496 1699 2586 1768 qui
2620 1713 2740 1753 cum
2769 1699 2839 1752 sit
2868 1698 3107 1767 spiritus,
3127 1696 3284 1765 juxta
3321 1696 3474 1759 illud,

1904 1789 2162 1843 Dominus
2187 1787 2328 1842 Deus
2354 1789 2566 1857 spiritus
2590 1796 2664 1840 est
2693 1786 2874 1856 (Joan.
2901 1785 2996 1856 Iv),
3037 1795 3092 1840 et
3117 1785 3172 1839 in
3207 1785 3398 1854 spiritu
3420 1791 3476 1839 et

1902 1879 2133 1933 veritate
2152 1878 2364 1933 adorari
2397 1878 2605 1942 debeat,
2633 1891 2741 1930 non
2765 1875 2815 1930 ei
2851 1875 3158 1938 carnaliter,
3198 1874 3290 1928 sed
3323 1873 3481 1943 spiri-

1902 1967 2085 2021 taliter
2129 1968 2251 2037 quis
2301 1966 2578 2020 adhaerere
2628 1971 2825 2033 potest,
2877 1978 2979 2018 nec
3025 1962 3396 2032 corporalibus
3428 1961 3481 2016 ei

1903 2057 2151 2112 sensibus
2176 2055 2270 2111 sed
2327 2055 2576 2109 rationali
2640 2054 2832 2108 anima:
2891 2053 3088 2107 intuitu
3128 2049 3281 2119 jungi
3316 2050 3478 2104 valet.

1903 2148 2285 2217 Quamobrem,
2309 2155 2370 2202 ut
2396 2147 2472 2200 ait
2508 2145 2879 2200 sanctissimus
2898 2144 3248 2211 Augustinus,
3295 2141 3483 2196 «Salu-

1901 2238 2136 2294 berrime
2168 2237 2519 2291 admonemur
2549 2235 2721 2288 averti
2747 2235 2816 2289 ab
2868 2235 2970 2288 hoc
3007 2233 3204 2287 mundo
3233 2232 3322 2302 qui
3349 2247 3479 2301 pro-

1902 2327 2043 2383 iecto
2070 2340 2357 2397 corporeus
2381 2334 2463 2380 est
2490 2333 2545 2380 et
2589 2322 2874 2387 sensibilis,
2920 2330 2974 2376 et
2995 2323 3062 2376 ad
3086 2322 3274 2386 Deum,
3300 2321 3350 2375 id
3373 2329 3475 2386 est,

1901 2421 2184 2477 veritatem
2210 2434 2328 2489 qua:
2361 2415 2635 2472 mtellectu
2655 2423 2711 2470 et
2743 2414 2998 2468 interiore
3029 2420 3209 2467 mente
3235 2411 3469 2481 capitur,

1901 2509 2021 2586 quae
2045 2526 2257 2581 semper
2291 2518 2492 2575 manet,
2544 2515 2599 2562 et
2627 2505 2864 2575 ejusdem
2913 2504 3057 2560 modi
3099 2513 3181 2558 est
3209 2519 3328 2573 quae
3362 2517 3472 2557 non

1901 2605 2064 2660 habet
2123 2602 2413 2673 imaginem
2451 2598 2588 2663 falsi,
2621 2613 2653 2652 a
2693 2613 2799 2668 quo
2859 2595 3088 2650 discerni
3119 2610 3226 2650 non
3286 2592 3478 2663 possit,

1902 2703 2014 2751 tota
2040 2693 2320 2749 alacritate
2369 2688 2631 2745 converti.
2679 2707 2698 2739 ι
2741 2686 2822 2741 Ad
2864 2683 3331 2753 contemplandum
3377 2681 3483 2734 ita-

1902 2801 2006 2857 que
2038 2784 2334 2850 Christum,
2371 2781 2464 2852 qui
2498 2788 2581 2835 est
2625 2777 2719 2832 Dei
2769 2776 2942 2830 virtus
2979 2781 3032 2829 et
3063 2772 3158 2827 Dei
3189 2769 3479 2841 sapientia,

1902 2879 2016 2933 sive
2045 2877 2114 2931 ad
2135 2874 2418 2930 intuendas
2439 2871 2666 2926 virtutes
2691 2883 2809 2937 qua:
2863 2867 2931 2922 ab
2961 2880 3025 2920 eo
3052 2865 3106 2918 in
3136 2862 3336 2918 sanctis
3364 2859 3480 2930 ejus

1901 2969 2155 3024 derivata:
2205 2975 2350 3032 sunt,
2404 2979 2513 3020 non
2572 2974 2863 3030 corporeus
2926 2955 3081 3012 nobis
3124 2954 3289 3018 visus,
3319 2965 3480 3021 quem

1829 3082 1875 3146 ρ
1907 3072 2247 3116 communem
2294 3070 2417 3112 cum
2467 3049 2868 3108 irrationalibus
2924 3045 3286 3101 animantibus
3315 3041 3482 3146 habe-

1904 3169 2047 3220 mus,
2086 3152 2182 3207 sed
2236 3146 2498 3219 spiritalis
2538 3151 2620 3200 est
2649 3140 3007 3204 necessarius,
3044 3151 3204 3208 quem
3241 3134 3343 3189 sibi
3374 3133 3477 3186 im-

1901 3244 2238 3316 pertiendum
2287 3240 2554 3308 Propheta
2599 3252 2631 3290 a
2657 3235 2883 3290 Domino
2912 3231 3216 3302 postulabat
3248 3242 3372 3283 cum
3402 3225 3483 3316 di-

1903 3335 2099 3389 cebat:
2135 3329 2322 3385 Revela
2363 3326 2538 3382 oculos
2563 3341 2726 3389 meos,
2757 3335 2804 3378 et
2841 3320 3178 3376 considerabo
3217 3315 3482 3372 mirabilia

1905 3423 1968 3478 de
2011 3420 2118 3491 lege
2148 3429 2239 3472 tua
2273 3415 2446 3488 (Psal.
2471 3411 2640 3484 cx1x).
2679 3413 2833 3466 Hunc
2859 3426 2986 3480 ergo
3011 3407 3305 3479 spiritalem
3329 3405 3483 3460 audi-

1907 3519 2022 3566 tum
2090 3523 2197 3562 non
2220 3505 2468 3561 carnales
2523 3516 2702 3567 aures,
2747 3501 3006 3555 Dominus
3058 3497 3332 3568 quaerebat
3357 3509 3480 3549 cum

1907 3602 2139 3666 dicebat,
2174 3598 2276 3665 Qui
2302 3597 2454 3651 habet
2481 3610 2633 3649 aures
2672 3592 2920 3647 audiendi
2955 3591 3134 3645 audiat
3165 3587 3379 3661 (Matth.
3400 3601 3479 3651 ιι,

1906 3691 2077 3745 Marc.
2110 3706 2182 3754 Iv,
2214 3687 2343 3742 Luc.
2374 3684 2509 3755 xiv).
2550 3683 2646 3739 His
2687 3683 2934 3738 sensibus
2959 3679 3159 3750 privari
3201 3693 3299 3749 pro
3327 3675 3482 3745 culpa

1906 3779 2145 3850 perﬁdiae
2193 3775 2449 3849 p0pulum
2496 3771 2680 3836 Israel,
2749 3785 2854 3824 non
2910 3767 3168 3823 membris
3214 3763 3483 3820 debilitari

1900 3872 2070 3942 jubet,
2119 3885 2242 3925 cum
2270 3867 2421 3923 Isaiae
2476 3865 2750 3935 propheta:
2793 3850 2955 3918 dicit:
3005 3860 3228 3914 Excwca
3258 3874 3348 3912 cor
3383 3872 3481 3927 po-

1906 3964 2016 4037 puli
2060 3963 2240 4033 hujus,
2277 3969 2324 4014 et
2389 3974 2543 4012 aures
2603 3957 2716 4026 ejus
2755 3970 3002 4025 aggrara,
3031 3961 3079 4006 et
3140 3949 3317 4006 oculos
3369 3949 3483 4018 ejus

1910 4055 2114 4120 claude,
2157 4069 2219 4109 ne
2263 4051 2397 4121 forte
2426 4049 2630 4103 videant
2678 4045 2842 4100 oculis
2878 4046 3008 4108 suis,
3034 4052 3080 4096 et
3134 4040 3349 4096 auribus
3375 4040 3485 4094 suis

1907 4148 2143 4210 audiant,
2182 4153 2229 4198 et
2276 4142 2430 4198 corde
2454 4157 2549 4196 suo
2572 4137 2862 4208 intelligant
2894 4135 3027 4208 (Isa.
3058 4134 3158 4205 vI).
3203 4132 3333 4199 Quae
3359 4133 3485 4186 dum

1908 4242 1980 4296 ita
2033 4253 2092 4294 se
2119 4238 2372 4298 habeant,
2406 4246 2598 4303 magna
2626 4246 2685 4285 se
2722 4229 2967 4285 caacitate
3007 4227 3230 4282 obrutos
3259 4238 3377 4278 esse
3406 4221 3488 4277 fa-

1909 4341 2092 4388 tentur
2120 4329 2212 4399 qui
2240 4329 2351 4382 vim
2375 4326 2527 4380 illam
2571 4323 2782 4385 animae,
2838 4335 2956 4390 quae
2983 4316 3243 4373 memoria
3282 4329 3489 4368 nuneu-

229 4433 511 4503 religionis
563 4434 885 4490 Christiante
935 4449 1033 4487 arx
1067 4404 1180 4487 sive
1219 4404 1497 4488 munimen
1541 4442 1596 4488 et
1619 4432 2094 4504 glorio-Dpalur.
2143 4422 2219 4475 ila
2273 4435 2331 4474 SC
2379 4418 2627 4492 vitiatam
2689 4415 2889 4469 habere
2953 4412 3346 4504 ἀθωοηειΐεξηξ,
3399 4404 3488 4459 cui

230 4540 356 4580 sum
392 4525 602 4594 insigne
637 4525 797 4580 unius
829 4525 924 4579 Dei
963 4523 1139 4579 cultus
1172 4532 1227 4578 et
1277 4523 1522 4578 adoratio
1551 4530 1654 4589 est,
1699 4523 1807 4579 imo

229 4616 364 4684 quia
409 4624 511 4680 est,
563 4615 706 4671 hanc
754 4615 1080 4684 imaginibus
1130 4614 1215 4668 vel
1283 4613 1609 4686 quibuslibet
1649 4614 1811 4668 rebus

227 4702 491 4758 ethibere
529 4710 718 4758 contra
774 4703 1090 4775 religionem
1127 4702 1487 4758 Christianam
1525 4711 1646 4770 est;
1686 4710 1741 4758 et
1766 4703 1813 4758 si

232 4794 340 4850 has
371 4808 477 4848 non
505 4794 732 4849 adorare
757 4807 850 4850 seu
880 4792 1058 4849 colere
1100 4803 1289 4850 contra
1319 4795 1629 4864 religionem
1653 4793 1812 4850 Chri-

229 4885 475 4939 stianam
505 4894 610 4950 est,
659 4893 719 4940 ut
761 4885 837 4940 illi
867 4885 1113 4951 delirant,
1150 4885 1323 4941 solum
1373 4887 1543 4941 Deum
1589 4886 1815 4942 adorare

232 4995 334 5034 seu
361 4978 554 5043 colere,
603 4977 822 5048 ejusque
856 4979 1030 5033 cultus
1055 4987 1108 5033 et
1138 4977 1464 5034 adorationis
1490 4991 1669 5033 arcem
1702 4978 1814 5032 sin-

232 5071 479 5144 gularem
510 5085 631 5127 esse
675 5070 835 5126 fateri
863 5079 1050 5125 contra
1099 5069 1407 5141 religionem
1456 5067 1818 5124 Christianam

235 5164 365 5219 erit;
407 5163 566 5218 Solus
607 5163 771 5232 igitur
813 5163 955 5219 Deus
999 5162 1272 5228 colendus,
1305 5162 1450 5218 solus
1493 5163 1815 5228 adorandus,

61 5213 134 5344 ιδ
189 5213 207 5344 |
237 5213 390 5310 ᾇὲιίζιέ
410 5213 1820 5325 ’g1.;;r.’.:'.;a;..;;;,'again;satanas:

239 5355 352 5410 tur,
381 5344 686 5398 Exaltatum
707 5354 780 5398 est
813 5360 998 5397 nomen
1023 5344 1136 5414 ejus
1159 5342 1321 5397 solius
1353 5341 1525 5415 (Psal.
1555 5343 1815 5414 CXLVIII);

241 5435 399 5505 Cujus
425 5437 588 5492 etiam
607 5437 805 5492 sanctis
851 5437 962 5505 qui,
987 5436 1318 5506 triumphato
1346 5434 1580 5503 diabolo,
1607 5450 1730 5491 cum
1754 5447 1819 5490 eo

317 5565 344 5592 ι
376 5549 560 5624 Solum
582 5570 805 5624 namque
818 5553 1099 5624 Dominum
1113 5550 1300 5624 colere.
1323 5551 1571 5624 Correxit
1590 5550 1820 5607 Linden-

244 5621 526 5702 hruchius,
567 5620 733 5702 Deum
766 5622 1062 5702 rcolere,_.et
1101 5620 1293 5702 placet.
1345 5621 1513 5702 Natus
1553 5637 1708 5702 error
1732 5635 1817 5702 'ex

247 5693 566 5764 compendio
613 5693 913 5766 scriptum.
963 5692 1054 5746 Sic
1104 5690 1243 5745 infra
1290 5707 1406 5762 cap.
1432 5692 1519 5758 26,
1547 5693 1636 5746 ubi
1659 5691 1816 5756 vulgo

1914 4517 2016 4572 nisi
2047 4514 2341 4584 imaginum
2395 4508 2777 4566 adminiculum
2826 4504 3164 4575 sullragetur,
3219 4500 3492 4556 abiuten-

1918 4609 2062 4663 tione
2090 4604 2367 4662 servitutis
2407 4603 2502 4657 Dei
2529 4611 2585 4658 et
2635 4599 2983 4656 veneratione
3029 4603 3338 4651 sanctorum
3368 4590 3492 4662 ejus

1917 4699 2173 4753 recedere
2213 4693 2602 4765 compellatur;
2651 4706 2752 4745 nec
2801 4703 2860 4743 se
2888 4687 3107 4743 idoneos
3161 4682 3497 4738 arbitrantur

1920 4788 2115 4844 mentis
2141 4786 2356 4841 oculum
2388 4799 2550 4853 supra
2597 4788 2900 4837 creaturam
2944 4789 3257 4847 corpoream
3309 4772 3495 4829 levare

1921 4880 1988 4936 ad
2026 4878 2382 4934 hauriendum
2425 4883 2687 4930 aiternum
2717 4872 2896 4926 lumen
2924 4869 3024 4924 nisi
3080 4874 3342 4923 creaturze
3371 4879 3494 4919 cor-
3591 4901 3596 4908 ο

1918 4985 2099 5040 porcae
2125 4967 2390 5037 adiutorio
2420 4964 2731 5019 iniciantur.
2772 4960 2877 5015 Sed
2915 4973 2982 5013 ne
3010 4956 3148 5013 forte
3181 4955 3265 5010 sui
3291 4952 3494 5010 erroris

1921 5076 2135 5116 murum
2165 5060 2250 5115 his
2277 5063 2487 5113 tentent
2541 5054 2683 5109 tueri
2730 5049 3119 5108 munitionibus
3165 5063 3230 5103 eo
3268 5045 3410 5115 quod
3439 5052 3496 5099 et

1921 5169 2022 5209 nos
2049 5153 2118 5208 ob
2147 5149 2461 5205 memoriam
2515 5161 2698 5201 rerum
2744 5153 3014 5216 geSIarum
3068 5139 3334 5210 imagines
3377 5135 3485 5206 qui-

1922 5244 2156 5301 buslibet
2208 5238 2479 5296 habendas
2540 5253 2660 5293 esse
2707 5236 3069 5300 concedimus,
3124 5232 3210 5288 his
3255 5245 3287 5286 a
3339 5228 3500 5286 nobis

1921 5350 2109 5391 eorum
2137 5331 2364 5387 ﬁrmitas
2403 5329 2680 5393 arietibus,
2736 5327 2896 5382 tantis
2945 5322 3190 5378 veritatis
3227 5320 3493 5389 quatietur

1921 5434 2242 5505 impulsibus
2267 5433 2411 5502 quod
2459 5428 2606 5484 aliud
2633 5435 2718 5483 est
2752 5410 3075 5480 eas‘habere
3116 5415 3403 5475 oblivionis
3432 5413 3499 5469 ti-

1918 5547 2132 5616 legitur,
2176 5547 2310 5616 inter
2340 5543 2641 5616 Dominum
2668 5547 2719 5594 et
2751 5537 2996 5616 homines
3039 5547 3187 5616 rarus
3222 5531 3497 5616 interﬁt-{28,

1921 5596 2341 5678 b'ﬁiéﬂdév’iahs,
2366 5613 2532 5666 Deum
2555 5620 2601 5665 et
2623 5609 2875 5664 homines.
2907 5607 3016 5664 Nec
3037 5602 3163 5661 alibi
3185 5596 3498 5659 semelhuic

1924 5688 2056 5743 vitio
2085 5686 2408 5742 medicinam
2437 5681 2798 5738 adhibuimus.
