3990 6302
505 248 642 306 1087

500 380 671 432 more,
735 368 883 426 aliud
944 379 1247 434 ornamenti
1300 397 1520 453 amore;
1571 390 1714 446 aliud
1767 395 2059 465 voluntate,

499 456 645 513 aliud
692 460 1026 535 indigentia;
1091 469 1237 526 aliud
1272 472 1477 532 idcirco
1539 481 1719 538 videre
1761 500 1830 541 ne
1876 488 1972 542 Dei
2020 456 2076 545 ei

498 546 808 608 sanctorum
831 554 948 624 ejus
976 545 1152 611 valeat
1173 561 1293 629 quis
1317 564 1582 632 oblivisci,
1618 571 1761 626 aliud
1806 574 1926 631 ideo
1950 592 2074 646 Spe-
2171 578 2186 631 i

497 647 647 698 ctare
674 652 735 698 ut
760 655 1032 714 gestarum
1058 663 1239 704 rerum
1267 655 1438 721 possit
1470 660 1741 717 reminisci
1767 680 1781 729 ;
1822 666 1966 722 aliud
1988 678 2072 724 est

495 744 591 786 eas
627 748 717 789 res
769 735 951 790 videre
985 752 1123 806 quae,
1173 741 1277 796 nisi
1331 744 1630 812 videantur,
1682 768 1790 808 non
1849 758 2066 825 obsunt,

495 820 641 876 aliud
676 838 769 878 eas
796 839 932 893 quae,
987 827 1091 882 nisi
1122 836 1182 883 ut
1206 831 1505 902 videantur,
1544 839 1802 905 ofﬁciunt,
1825 834 1959 901 cum
1982 847 2065 902 vi-

494 912 687 968 delicet
724 916 840 971 sine
881 917 1173 989 imaginum
1204 923 1400 981 intuitu
1447 929 1608 986 homo
1658 935 1855 991 salvari
1876 941 2064 1007 possit,

492 1003 610 1059 sine
643 1006 738 1060 Dei
769 1022 897 1069 vero
923 1013 1112 1067 notitia
1141 1018 1360 1073 omnino
1388 1035 1495 1076 non
1529 1027 1718 1092 possit.
1758 1020 1903 1084 Cum}
1936 1044 2064 1104 ergo

491 1108 643 1150 mens
705 1098 942 1155 hominis
1000 1103 1075 1156 ita
1119 1105 1169 1158 ei
1219 1106 1482 1166 inhmrere
1543 1114 1735 1170 debeat
1788 1120 1856 1174 ad
1909 1121 2062 1191 cujus

487 1182 773 1254 imaginem
805 1190 1019 1245 condita
1052 1201 1153 1258 est,
1190 1204 1249 1250 ut
1274 1199 1417 1252 nulla
1448 1212 1694 1260 creatura
1741 1182 2059 1280 interposita

486 1277 555 1331 ab
584 1278 699 1346 ipsa
724 1278 975 1348 veritate,
1027 1301 1146 1355 qua:
1184 1280 1434 1347 Christus
1490 1302 1591 1354 est.
1644 1277 1923 1367 formetur,
1965 1304 2059 1360 de-

483 1370 875 1427 mentissimum
906 1384 990 1431 est
1022 1391 1139 1432 eam
1166 1379 1497 1451 interpositis
1525 1386 1893 1446 materialibus
1924 1394 2059 1449 ima-

483 1457 698 1526 ginibus
728 1477 796 1516 ne
830 1450 947 1532 ejus
998 1450 1323 1527 oblivionem
1370 1474 1607 1541 patiatur
1653 1479 1930 1537 admoneri
1965 1485 2058 1540 de-

467 2564 725 2607 revocare.
770 2554 876 2609 Sed
918 2560 1044 2628 quid
1089 2562 1214 2616 dicit
1244 2564 1518 2632 Scriptura
1545 2572 1572 2623 ?
1607 2572 1778 2645 Prope
1806 2586 1881 2631 est
1930 2596 2040 2632 ver-

466 2637 587 2692 bum
628 2642 683 2695 in
738 2660 826 2699 ore
873 2655 991 2714 tuo,
1021 2653 1151 2706 etin
1196 2657 1349 2711 corde
1393 2667 1502 2728 tuo,
1555 2663 1653 2719 hoc
1681 2675 1775 2731 est,
1828 2670 2037 2725 verbum

460 2725 586 2793 ﬁdei
604 2731 743 2800 quod
777 2736 1141 2805 prwdicamus,
1192 2746 1316 2813 quia
1339 2749 1385 2802 si
1425 2725 1723 2820 conﬁtearis
1750 2759 1804 2811 in
1832 2776 1920 2813 ore
1944 2771 2034 2816 tuo

458 2814 742 2875 Dominum
798 2824 995 2892 Jesum,
1053 2833 1185 2888 etin
1228 2837 1384 2892 corde
1439 2850 1528 2895 tuo
1563 2846 1847 2903 credideris
1893 2853 2032 2921 quod

458 2906 600 2963 Deus
628 2911 777 2966 illum
815 2919 1146 2991 suscitavita
1186 2930 1427 2995 mortuis,
1454 2932 1628 2989 salvus
1680 2939 1784 2992 eris
1806 2956 1824 2993 :
1864 2940 2032 2998 Corde

457 2996 591 3049 enim
625 3001 855 3056 creditur
895 3006 964 3059 ad
1003 3007 1290 3082 justitiam,
1316 3018 1422 3071 oris
1464 3032 1638 3077 autem
1675 3029 1940 3097 confessio
1967 3032 2028 3099 ﬁt

455 3084 526 3137 ad
548 3086 770 3143 salutem
811 3092 987 3162 (Rom.
1024 3098 1102 3170 χ).
1144 3101 1306 3158 Multa
1340 3109 1558 3176 quidem
1589 3114 1657 3168 ad
1695 3084 1816 3174 rem
1863 3084 2028 3187 perii-

455 3176 639 3253 nentia
665 3187 720 3233 et
748 3180 873 3238 huic
923 3191 1138 3259 negotio
1182 3199 1486 3253 necessaria
1544 3202 1598 3256 in
1644 3205 1748 3260 hoc
1797 3209 2031 3278 capitulo

455 3264 561 3319 dici
615 3277 883 3341 poterant,
932 3277 977 3331 si
1024 3278 1281 3351 brevitas,
1319 3287 1406 3341 cui
1470 3278 1767 3363 studemus,
1807 3264 2031 3366 permit-

454 3363 612 3414 teret.

1018 3485 1244 3548 CAPUT
1280 3493 1466 3552 XXIII.

454 3584 607 3651 Quod
633 3601 813 3675 contra
839 3581 986 3677 beatis
1011 3599 1265 3677 Gregorii
1296 3604 1551 3665 Romana:
1588 3615 1732 3670 urbis
1772 3620 2022 3677 antistitis

518 3663 826 3718 sententiam
848 3663 1142 3726 institutum
1163 3674 1232 3728 sit
1250 3663 1751 3748 imaginesadorare
1762 3705 1851 3742 seu
1874 3689 2026 3759 fran-~

519 3743 658 3798 gere.

445 3966 600 4007 amor
622 3954 971 4020 Constantino
1013 3973 1248 4027 et-matri
1287 3975 1402 4045 ejus
1429 3978 1667 4039 Haerenae
1713 4002 1920 4044 necnon
1966 3999 2020 4047 et

447 4040 670 4099 Tarasio
691 4046 1277 4126 Constantinopolitano
1298 4040 1546 4140 episcopo
1566 4081 1878 4135 exercendae
1892 4097 2018 4151 syn-

443 4132 531 4186 odi
558 4148 718 4191 causa
745 4143 969 4210 exstitit,
984 4162 1211 4216 quorum
1232 4155 1594 4218 discutiendus
1613 4180 1767 4223 error
1780 4184 2017 4238 praesen-

444 4221 517 4277 tis
546 4224 700 4280 nobis
736 4226 1112 4299 disputationis
1157 4247 1437 4303 materiam
1485 4221 1732 4323 praebuit,
1774 4221 1806 4314 5
1856 4262 2013 4321 beato

356 4360 369 4371 ,
440 4311 702 4387 Gregorio
726 4320 983 4383 Romanae
1029 4332 1179 4390 urbis
1216 4339 1457 4399 antistite
1485 4311 1546 4401 et
1567 4349 1787 4407 adorari
1822 4358 2009 4425 prohi-

439 4403 632 4425 μή,κῄ
669 4417 704 4425 ,_
733 4409 758 4425 ,,
888 4416 900 4425 ,
1049 4421 1062 4425 -

439 4403 635 4461 beam"
654 4417 709 4464 εί
730 4409 922 4487 Γηηεί,
973 4421 1065 4489 qui
1094 4438 1200 4481 non
1222 4427 1376 4500 longe
1418 4450 1451 4489 a
1507 4452 1669 4494 eausa
1693 4403 2007 4513 vagantibus
2040 4475 2085 4534 Ι)
2108 4407 2142 4536 ξ

439 4499 614 4536 ναι-Μαι
644 4503 911 4536 “unum”
941 4512 1214 4536 suum..-
1268 4535 1274 4536 ,
1347 4522 1361 4536 .
1453 4526 1485 4536 ..
1600 4531 1611 4536 -
1724 4533 1737 4536 -

433 4683 825 4745 observandum
841 4695 1044 4763 ‘quidve
1066 4702 1350 4760 tenendum
1379 4683 1466 4765 sit
1476 4711 1678 4770 Sereno
1691 4717 2006 4780 Massiliensi

431 4776 685 4849 episcopo
709 4783 821 4838 suis
854 4791 1126 4847 mandavit
1148 4797 1409 4866 apicibus.
1432 4803 1565 4860 Nam
1599 4808 1723 4864 dum
1760 4813 1845 4868 isti
1868 4830 2005 4884 prae-

432 4865 888 4930 decessoresisive
913 4889 1161 4946 parentes
1185 4865 1321 4944 suos
1357 4893 1448 4960 qui
1495 4910 1588 4952 eas
1607 4896 1819 4971 fregere
1850 4919 2007 4962 exse-

430 4959 705 5016 crabiliter
754 4963 1008 5026 damnare
1062 4959 1479 5051 perhibeantur,
1520 4992 1575 5041 et
1615 4959 1722 5045 iui"
1743 4992 1874 5050 istos
1910 4976 2019 5066 qui}

428 5061 521 5129 cas
556 5051 830 5110 adoraturi
850 5069 1004 5138 erant
1018 5064 1448 5129 abominabiliter
1475 5078 1756 5149 damnasse
1779 5087 2015 5142 credani

430 5126 531 5200 tur,
574 5140 714 5197 inter
754 5132 1074 5210 hasrdiversi
1120 5162 1320 5217 erroris
1345 5164 1488 5221 acies
1518 5169 1585 5225 ad
1623 5174 1781 5229 unius
1813 5191 1999 5232 socor—

432 5224 529 5281 dia:
555 5229 755 5289 bivium
779 5245 1022 5301 tenentes
1055 5249 1308 5319 medium,
1342 5266 1368 5295 α
1399 5271 1457 5312 se
1481 5260 1737 5328 praefatus
1768 5266 2002 5340 interpo-

1378 272 1440 326 B.
1481 274 1730 334 CAROLI
1767 277 1979 338 MAGNI
2015 284 2165 341 OPP.
2206 287 2385 349 PARS
2418 294 2482 351 Il.
2526 298 2763 362 SEC-TIO
2803 307 2862 363 ll.

2012 4976 2019 5022 ;
2091 4942 2234 4999 bere
2267 4960 2373 5001 non
2399 4950 2675 5007 renuimus
2699 4993 2715 5020 ,
2758 4958 2853 5011 sed
2888 4972 3075 5013 earum
3121 4962 3489 5020 adorationem
3528 4981 3700 5037 pror-

2169 672 2261 740 qui
2284 689 2375 729 eas
2402 679 2627 737 adorant
2654 687 2978 755 pontificalis
2996 696 3086 750 teli
3113 701 3334 769 cuspide
3349 672 3505 760 ferit.
3558 709 3750 769 Etistis

2168 762 2293 820 hinc
2319 769 2685 842 adorantibus,
2714 778 2821 835 illis
2844 781 2965 839 inde
2997 762 3368 858 frangentibus
3390 801 3614 866 spretis,
3660 820 3751 860 no-

2166 861 2292 909 strae
2310 861 2481 925 partis
2507 865 2609 919 sibi
2636 866 2929 927 Ecclesiam
2952 879 3188 948 asciscit,
3236 900 3357 954 qua:
3408 861 3751 952 mediocrita-

2165 947 2236 1004 tis
2265 946 2452 1009 Callem
2499 960 2631 1014 recti
2686 962 2896 1021 itineris
2937 986 3191 1042 carpens,
3243 980 3377 1034 etin
3413 970 3749 1045 ornamentis

2094 1082 2110 1093 ι
2163 1037 2232 1093 ob
2256 1045 2571 1102 memoriam
2600 1050 2798 1110 habere
2823 1061 3084 1126 concedit,
3121 1074 3177 1120 et
3201 1065 3331 1124 istos
3359 1070 3490 1128 hinc
3516 1076 3748 1134 adoran-
3792 1060 3799 1066 δ

2162 1135 2261 1195 tes,
2296 1131 2413 1189 illos
2452 1136 2599 1195 illinc
2624 1142 2927 1216 frangentes
2952 1154 3292 1225 despicienda
3319 1172 3633 1238 postponit:
3670 1174 3748 1229 sic

2160 1218 2303 1272 enim
2332 1224 2615 1292 praefatum
2650 1232 2910 1293 Serenum
2958 1252 3013 1297 et
3045 1218 3293 1307 laudasse
3319 1218 3471 1330 lqui:
3518 1263 3748 1318 adorare

2156 1310 2507 1381 prohibuerit,
2524 1327 2578 1373 et
2594 1327 2999 1393 reprehendisse
3023 1337 3147 1403 quia
3163 1310 3400 1411 fregerit,
3416 1324 3561 1403 idem
3583 1366 3751 1407 vene—

2157 1399 2341 1475 rabilis
2362 1419 2500 1474 papa
2521 1410 2867 1479 perhibetur:
2915 1438 2933 1470 ‹
2969 1399 3273 1494 Perlatum':
3311 1399 3748 1503 inquit-,mad'nds

2154 1486 2333 1546 fuerat
2361 1499 2503 1565 quod
2530 1499 2927 1564 inconsiderato
2957 1515 3074 1569 zelo
3102 1532 3398 1580 succensus
3427 1539 3747 1587 sanctorum

2137 2578 2391 2634 nerabilis
2427 2587 2623 2652 praesul
2669 2589 2722 2642 in
2760 2592 3052 2664 imaginum
3104 2606 3514 2664 comminutione
3540 2625 3743 2680 popu-

2135 2662 2274 2721 lares
2300 2670 2510 2727 animos
2538 2662 2901 2749 perturbatos,
2941 2694 2997 2740 et
3044 2689 3177 2744 ideo
3196 2694 3501 2760 pusillorum
3540 2662 3745 2754 ἔρξῃς

2133 2756 2311 2812 dalum
2343 2764 2730 2831 pertimescens
2759 2772 2874 2830 haec
2898 2756 3214 2837 inferebat:
3250 2786 3397 2843 Unde
3419 2792 3550 2848 etin
3580 2799 3748 2854 sub-

2131 2854 2478 2921 sequentibus
2515 2874 2637 2915 eum
2666 2863 2885 2922 instruit
2936 2872 3168 2939 qualiter
3199 2892 3294 2934 eas
3319 2889 3373 2936 et
3415 2883 3631 2943 habere
3669 2890 3743 2945 in

2129 2941 2372 2999 ecclesiis
2394 2948 2721 3015 quibuslibet
2747 2959 3039 3028 permittat,
3078 2973 3132 3018 et
3154 2967 3376 3026 adorare
3394 2975 3559 3030 modis
3589 2992 3741 3033 om—

2129 3030 2286 3086 nibus
2306 3034 2523 3093 devitet.
2586 3041 2677 3101 Ait
2705 3047 2878 3102 enim:
2925 3070 2943 3102 ι
2977 3051 3318 3115 Convocandi
3353 3073 3472 3118 sunt
3500 3067 3742 3125 diversi

2055 3117 2101 3180 C
2129 3119 2384 3181 Ecclesia:
2410 3129 2504 3184 filii
2529 3133 2714 3205 eisque
2744 3137 3034 3211 Scriptura:
3073 3163 3241 3205 sacrm
3274 3163 3356 3209 est

2131 3214 2540 3286 ostendendum,
2581 3225 2706 3292 quia
2729 3243 2889 3284 omne
2912 3247 3073 3290 manu
3112 3236 3313 3296 factum
3348 3245 3544 3300 adorari
3576 3264 3731 3305 non

2128 3301 2303 3370 liceat,
2344 3312 2596 3377 quoniam
2628 3319 2885 3387 scriptum
2910 3334 3020 3383 est:
3059 3327 3343 3389 Dominum
3369 3334 3735 3396 Deumtumu

2127 3391 2373 3450 adorabis
2401 3408 2450 3455 et
2482 3400 2561 3455 ἐίιὶ
2581 3404 2679 3459 soli
2701 3410 2916 3466 servies:
2948 3430 3013 3470 ac
3031 3416 3223 3477 deinde
3251 3391 3725 3496 subiungendum:

2125 3480 2260 3549 Quia
2288 3488 2514 3557 picturae
2542 3494 2835 3566 imaginum
2855 3519 2975 3572 qua:
3002 3509 3070 3563 ad
3089 3480 3490 3572 aedificationem
3518 3518 3731 3592 impe-

2124 3574 2214 3628 riti
2233 3579 2413 3647 populi
2439 3581 2594 3641 factae
2618 3587 2851 3659 fuerant,
2892 3605 2952 3650 ut
2974 3582 3497 3663 nescienteslitteras

2122 3667 2404 3727 historiam
2462 3676 2804 3741 intendentes
2840 3688 2983 3757 quod
3032 3693 3236 3750 dictum
3292 3700 3363 3753 sit
3403 3667 3721 3772 discerent,

2110 3760 2381 3818 transisse
2411 3765 2464 3818 in
2491 3769 2860 3831 adorationem
2900 3780 3129 3846 videras,
3171 3786 3373 3844 idcirco
3392 3803 3737 3854 commotus.

2117 3859 2177 3903 es
2203 3859 2262 3905 ut
2289 3868 2382 3910 eas
2406 3856 2665 3929 imagines
2705 3863 2880 3938 frangi
2926 3873 3275 3944 praeciperes:
3309 3888 3462 3949 atque
3506 3882 3589 3938 eis
3616 3886 3731 3941 ὥς.

2118 3941 2367 4009 cendum,
2409 3945 2465 4019 Si
2489 3948 2557 4003 ad
2587 3951 2727 4009 hanc
2765 3941 3173 4019 instructionem
3199 3968 3265 4021 ad
3308 3941 3466 4037 quam
3492 3971 3713 4045 iungi-

2117 4045 2214 4086 nes
2248 4036 2543 4106 antiquitus
2573 4041 2727 4100 facta:
2766 4057 2892 4104 sunt
2914 4051 3113 4109 habere
3141 4036 3341 4123 vultis,
3356 4060 3412 4115 in
3443 4036 3729 4147 ecclesiis

2115 4135 2208 4178 eas
2233 4128 2408 4183 modis
2435 4133 2686 4189 omnibus
2710 4144 2765 4190 et
2781 4137 2965 4195 offerri
2986 4151 3041 4198 et
3063 4145 3249 4201 haberi
3278 4150 3578 4219 permittas,
3602 4139 3711 4210 at;

2114 4225 2219 4282 que
2251 4213 2427 4271 indica
2454 4221 2598 4288 quod
2622 4239 2730 4278 non
2759 4226 2855 4281 tibi
2880 4229 2995 4298 ipsa
3020 4232 3157 4295 visio
3181 4213 3436 4303 historiae,
3461 4213 3583 4309 quae
3608 4245 3713 4312 ρί-

2113 4312 2265 4361 ctura
2290 4314 2423 4364 teste
2452 4313 2787 4380 pandebatur
2813 4318 3163 4390 displicuerit,
3211 4329 3307 4383 sed
3333 4328 3421 4384 illa
3441 4332 3710 4390 adoratio

2113 4407 2231 4462 quae
2248 4395 2477 4464 picturis
2503 4399 2681 4458 fuerat
2706 4406 3125 4479 incompetenter
3152 4416 3408 4494 exhibita.
3435 4420 3615 4492 Atque
3638 4427 3705 4481 in

2147 4483 2194 4538 is
2214 4486 2391 4542 verbis
2402 4503 2589 4545 eorum
2613 4503 2819 4554 mentes
2831 4499 3137 4560 demulcens
3156 4489 3250 4561 eos
3262 4509 3329 4563 ad
3343 4513 3702 4573 concordiam

1983 4571 2007 4669 ζ
2110 4581 2257 4629 tuam
2277 4592 2500 4634 revoca:
2534 4591 2591 4638 et
2613 4584 2659 4638 si
2680 4586 2802 4654 quis
2823 4587 3084 4662 imagines
3111 4594 3289 4654 facere
3311 4601 3559 4669 voluerit,
3585 4608 3694 4661 mi-

2107 4666 2251 4723 nime
2277 4671 2523 4739 prohibe,
2553 4676 2931 4747 adorarevero
2945 4685 3207 4756 imagines
3239 4693 3491 4750 omnibus
3510 4699 3704 4754 modis

2108 4760 2303 4814 devita.
2336 4781 2354 4813 ι
2397 4762 2537 4819 Ecce
2560 4782 2667 4837 quo
2687 4775 2998 4844 magisterio
3041 4794 3215 4848 quove
3241 4782 3566 4840 documento
3588 4801 3735 4867 ve—,

2590 4836 2593 4837 ν
2779 4836 2806 4844 -
3058 4836 3075 4848 .
3631 4836 3659 4842 ν
3718 4836 3735 4867 ι

2090 4836 2329 4909 ἠθηηᾶί
2368 4859 2636 4925 pontificis
2664 4863 2855 4920 imbuti
2898 4867 3179 4939 imagines
3204 4871 3260 4925 in
3304 4874 3550 4931 ecclesiis
3587 4876 3695 4933 ha-
3728 4872 3741 4951 ξ

2091 4942 2234 4999 bere
2267 4960 2373 5001 non
2399 4950 2675 5007 renuimus
2699 4993 2715 5020 ,
2758 4958 2853 5011 sed
2888 4972 3075 5013 earum
3121 4962 3489 5020 adorationem
3528 4981 3700 5033 pror-
3736 4980 3755 5033 \
3784 4958 3835 5033 Α

2101 4980 2234 4999 νων
2268 4980 2373 5001 υυιι
2399 4980 2675 5007 ισιιυιιιιιιδ
2699 4993 2715 5020 ,
2758 4980 2853 5011 seu
2888 4980 3075 5013 earum
3121 4980 3489 5020 auoranonem
3528 4981 3700 5037 pror-

2101 5047 2193 5088 sus
2216 5035 2555 5108 abdicamus;
2608 5044 2761 5114 cujus
2809 5047 3070 5125 institutis
3099 5055 3373 5110 contraire
3398 5070 3477 5121 se,
3530 5058 3694 5128 quis-
3814 5062 3869 5193 Α(

2102 5125 2222 5193 quis
2250 5142 2343 5186 eas
2365 5131 2449 5188 vel
2482 5131 2682 5208 frangit
2702 5138 2785 5194 vel
2821 5141 3023 5210 adorat,
3042 5146 3220 5204 modis
3250 5149 3506 5208 omnibus
3535 5168 3695 5209 rei».
3736 4980 3793 5241 \

2102 5125 2222 5193 quis
2250 5142 2343 5186 eas
2365 5131 2449 5188 vel
2482 5131 2682 5208 frangit
2702 5138 2785 5194 vel
2821 5141 3023 5210 adorat,
3042 5146 3220 5204 modis
3250 5149 3506 5208 omnibus

2100 5230 2340 5288 gnoscat.

2098 5540 2387 5637 Vogabulzz
2418 5522 2738 5637 cAntestor,
2767 5556 3022 5615 scribitur
3045 5561 3242 5632 ubique
3264 5574 3450 5633 perte,
3475 5582 3583 5624 non
3603 5571 3643 5624 ti
3652 5588 3673 5637 ε

2100 5613 2239 5671 unde
2268 5620 2498 5675 anteslis.
2537 5639 2563 5674 ι
