3990 6302
246 240 396 300 1089

814 343 1046 405 CAPUT
1067 351 1255 407 XXIV.
1302 393 1306 398 .

310 526 465 582 aliud
490 536 565 581 est
590 527 851 582 hominem
882 530 1106 585 adorare
1124 534 1394 587 charitatis
1416 544 1463 588 et
1492 526 1824 591 salutationis

311 595 655 668 oﬂieio,aliud
684 598 938 666 imagines
976 600 1325 671 manufactas.

282 706 466 764 Adeo
496 722 668 779 genus
698 706 993 763 humanum
1046 710 1188 767 Deus
1225 712 1476 769 dilexisse
1523 714 1823 770 credendus

230 804 347 864 est,
372 806 434 853 ut
452 799 504 853 in
522 798 641 868 ipso
662 798 988 854 conditionis
1006 799 1124 868 ejus
1134 802 1353 857 exordio
1380 818 1486 857 non
1515 812 1786 874 utcunque
1803 844 1819 870 ,

231 889 338 944 sed
364 888 435 944 ad
459 903 613 944 suam
640 890 928 959 imaginem
950 899 1006 945 et
1036 892 1440 948 similitudinem
1473 894 1527 948 id
1570 896 1822 951 condide-

233 979 330 1044 rit,
372 988 428 1035 et
447 981 713 1035 creaturis
732 981 944 1037 caeteris
967 984 1282 1052 praetulerit,
1320 994 1373 1040 et
1400 1001 1431 1041 a
1453 984 1715 1057 tlorigerte
1738 1001 1823 1041 se-

232 1066 325 1122 dis
340 1066 597 1123 felicitate
619 1083 717 1138 per
733 1080 953 1138 peccata
972 1070 1037 1124 ad
1068 1070 1226 1139 hujus
1252 1072 1594 1128 mortalitatis
1626 1090 1822 1128 aerum-

232 1173 341 1214 nas
376 1160 755 1214 transmissum
808 1161 1085 1229 stupendis
1138 1162 1413 1219 miraculis
1441 1174 1495 1219 et
1534 1164 1821 1222 luculentis

231 1256 421 1303 vatum
448 1249 682 1323 oraculis
709 1249 924 1305 erudire
952 1265 1050 1320 per
1071 1262 1341 1306 momenta
1381 1261 1682 1323 temporum
1713 1270 1820 1309 non

230 1339 484 1395 desierit:
523 1349 578 1396 et
605 1340 810 1412 angelis
831 1341 922 1409 qui
949 1342 1135 1412 utique
1160 1344 1304 1399 abeo
1329 1345 1603 1414 peccando
1615 1346 1819 1400 disces-

229 1440 442 1497 serant,
463 1441 722 1503 perpetua
747 1431 1090 1493 damnatione
1111 1435 1368 1500 multatis,
1393 1445 1453 1490 ut
1474 1436 1528 1490 id
1551 1436 1726 1491 denuo
1747 1436 1819 1491 ci-

226 1525 393 1581 vibus
416 1526 668 1580 tethereis
688 1540 787 1595 pro
822 1541 1050 1596 quarunt
1081 1527 1338 1582 societate
1370 1528 1703 1593 condiderat,
1734 1543 1820 1584 so-

227 1617 428 1682 eiaret,
479 1617 751 1671 hominem
781 1625 1061 1683 assumere
1088 1634 1198 1674 non
1237 1618 1561 1688 despexerit,
1609 1621 1819 1675 dicente

1072 239 1247 297 LIBRI
1285 240 1625 298 CAROLINI.
1666 272 1735 283 —
1766 243 1987 301 CAPIT.
2022 244 2110 303 DE
2148 248 2336 306 IMAG.
2375 281 2445 293 —
2480 252 2606 308 LIB.
2649 253 2711 310 II.

3359 261 3497 319 £090

1850 362 1902 419 Α
1928 366 2237 416 sanctorum
2288 363 2509 420 Patrum
2559 364 2896 426 solummodo
2941 368 3201 427 institutis
3259 379 3497 433 contenti

235 455 784 530 Cttmprteter_Dettm
817 459 985 513 solum
1020 461 1152 516 nihil
1196 462 1343 517 aliud
1383 464 1561 518 debeat
1587 465 1849 530 adorari,

1925 446 2052 500 sint.

2495 541 2723 601 CAPUT
2766 546 2928 603 XXV.

1924 620 2358 709 Quodhnusquam
2374 630 2442 709 ab
2463 633 2765 709 apostolicis
2794 636 3041 709 exemplis
3065 647 3156 693 aut
3170 640 3357 698 ,verbie
3380 683 3394 709 ,
3439 656 3498 700 ut

2025 693 2105 747 illi
2143 693 2419 765 garriunt,
2456 693 2708 771 imagines
2739 693 2962 759 adorare
2995 693 3298 763 institutum
3314 693 3402 766 iii.

1990 781 2382 843 Ecclesiasticte
2415 805 2602 845 norma
2627 792 2977 852 institutionis
3020 800 3405 868 prophetarum
3447 812 3499 860 et

1920 874 2281 940 apostolorum
2305 878 2388 933 vel
2414 878 2587 948 ipsius
2621 883 2833 939 Domini
2864 887 3153 957 aliquando
3180 892 3334 946 nobis
3355 908 3499 948 com-

1919 964 2207 1049 mendatur
2217 966 2415 1033 verbis,
2428 968 2714 1040 aliquando
2726 976 3000 1049 exemplis,
3017 977 3302 1045 aliquando
3313 983 3475 1037 obum

1917 1048 2127 1117 bratis,
2180 1051 2468 1123 aliquando
2525 1048 3191 1127 patefactismonstratur
3239 1071 3496 1137 oraculis,

1918 1151 2301 1213 nonnunquam
2340 1147 2503 1203 etiam
2530 1149 2791 1221 ﬁguratis,
2826 1170 3207 1227 nonnunquam
3237 1161 3498 1230 simplici-

1916 1231 2019 1286 bus
2038 1234 2360 1306 perdocetur
2402 1238 2659 1308 eloquiis,
2704 1243 2846 1299 inter
2889 1261 3007 1316 qua:
3040 1249 3222 1304 omnia
3255 1251 3499 1311 omnium

1917 1332 2101 1376 rerum
2128 1324 2442 1382 adoratione
2468 1328 2712 1398 inhibita,
2742 1335 3224 1393 salva'adoratione
3264 1353 3370 1409 qua
3398 1356 3499 1398 nos

1916 1422 2102 1471 mutuo
2119 1415 2417 1473 salutantes
2440 1429 2745 1491 adoramus,
2767 1426 2932 1482 solius
2955 1428 3050 1483 Dei
3076 1429 3323 1487 adoratio
3342 1432 3471 1489 iusti
3494 1472 3497 1473 ν

1916 1504 2106 1560 tuitur.
2175 1505 2309 1562 Nam
2341 1508 2467 1563 dum
2498 1511 2637 1567 hanc
2682 1513 3008 1585 imaginibus
3041 1519 3096 1574 hi
3142 1521 3232 1591 qui
3282 1522 3497 1579 illarum

1915 1605 2227 1652 cremantur
2248 1613 2434 1655 amore
2470 1602 2826 1660 exhibendam
2850 1609 2918 1663 ab
2943 1610 3201 1679 apostolis
3225 1611 3499 1669 fateantur

224 1705 537 1775 Apost“):
572 1706 851 1776 Nusquam
901 1708 1038 1761 enim
1081 1707 1290 1778 angelos
1328 1710 1688 1779 apprehendi“
1725 1710 1816 1764 sed
1850 1688 2327 1779 Bessetraditam,
2352 1690 2534 1745 dicant
2554 1707 2774 1751 necesse
2797 1701 3167 1768 estquibusab
3185 1702 3290 1758 illis
3314 1719 3498 1760 exemv

224 1811 407 1850 semen
453 1796 679 1850 Abrahae
730 1796 1066 1866 apprehendit
1100 1796 1284 1869 (Hebr.
1334 1796 1417 1867 ιι).
1482 1796 1631 1853 Unde
1661 1799 1819 1853 datur

227 1885 462 1958 intelligi
488 1886 633 1941 aliud
673 1894 729 1941 et
754 1887 912 1958 longe
956 1888 1099 1943 aliud
1122 1904 1241 1944 esse
1289 1889 1561 1944 hominem
1589 1889 1817 1944 adorare

226 1974 572 2029 salutationis
594 1974 788 2044 gratia,
813 1975 906 2043 qui
955 1983 1033 2029 tot
1078 1976 1397 2031 meritorum
1442 1976 1815 2046 praerogativis

224 2066 414 2137 pollet,
438 2066 582 2123 aliud
603 2068 866 2139 imagines
885 2084 1004 2138 qua:
1034 2069 1119 2124 his
1134 2070 1384 2125 omnibus
1412 2077 1628 2133 carent;
1670 2067 1815 2121 aliud

222 2165 312 2212 est
341 2158 445 2213 hoc
470 2159 675 2213 homini
702 2159 1023 2215 humilitatis
1052 2160 1227 2229 gratia
1265 2159 1521 2215 exhibere
1548 2159 1640 2227 qui
1679 2173 1815 2227 opus

224 2247 328 2303 Dei
353 2257 456 2315 est,
493 2264 653 2319 quam
685 2249 905 2321 imagini
943 2266 1064 2319 quae
1091 2265 1225 2320 opus
1262 2250 1486 2306 artiﬁcis
1511 2259 1627 2316 est;
1668 2251 1814 2307 aliud

223 2350 313 2395 est
338 2339 481 2394 illam
505 2349 753 2395 naturam
788 2342 1109 2398 humilitatis
1151 2341 1327 2397 ollicio
1350 2343 1577 2398 adorare
1601 2359 1721 2412 quae
1754 2342 1812 2398 in

223 2427 352 2482 creti
383 2429 589 2499 regeab
616 2428 819 2500 angelis
847 2439 902 2485 et
918 2431 1255 2502 archangelis
1278 2432 1550 2496 adoratur,
1578 2431 1722 2486 aliud
1743 2432 1809 2486 ilo

225 2516 337 2597 lam
357 2531 477 2586 qua:
516 2518 703 2573 usibus
727 2533 831 2581 non
871 2520 1045 2575 solum
1073 2521 1370 2586 hominum,
1403 2521 1498 2577 sed
1522 2529 1577 2576 et
1590 2529 1811 2577 caetero-

224 2624 350 2663 rum
372 2609 685 2665 animalium
715 2611 957 2666 adhibita
1003 2610 1312 2672 famulatur.
1387 2613 1658 2679 Quantum
1682 2628 1810 2684 ergo

221 2711 392 2766 opera
419 2697 513 2751 Dei
540 2698 777 2753 eminent
805 2700 1053 2755 humanis
1071 2702 1344 2771 operibus,
1376 2703 1661 2757 eﬂicientia
1681 2702 1811 2758 ell‘e-

221 2786 349 2851 ctis,
367 2787 706 2843 rationabilia
723 2789 1198 2855 irrationabilibus,
1220 2791 1494 2846 scnsibilia
1523 2793 1809 2849 insensibi-

220 2864 382 2941 libus,
410 2879 645 2934 viventia
669 2894 775 2935 non
805 2880 1127 2946 viventibus,
1161 2889 1369 2938 tantum
1395 2875 1639 2939 adoratio
1664 2901 1801 2956 quae,

219 2974 282 3021 ut
303 2968 669 3039 prtedicimus,
697 2970 1013 3026 humilitatis
1038 2980 1093 3026 et
1120 2973 1457 3029 salutationis
1478 2972 1652 3029 ofﬁcio
1678 2989 1804 3045 erga

220 3056 473 3113 homines
493 3060 690 3128 agitur,
709 3060 1024 3116 .adorationi
1047 3076 1168 3132 quae
1190 3056 1515 3134 imaginibus
1549 3065 1806 3135 supersti-

220 3145 360 3201 tiose
394 3155 450 3202 et
477 3147 746 3219 superflue
764 3149 1067 3205 exhibetur.
1554 3142 1559 3145 ’
1676 3154 1679 3157 ’

294 3236 561 3303 Quoniam
588 3240 805 3309 quidem
827 3241 1073 3299 homines
1092 3244 1234 3300 Deus
1254 3258 1363 3301 non
1392 3247 1654 3316 imagines
1680 3248 1805 3304 dili-
1852 3291 1859 3299 .

215 3343 353 3399 gere
391 3328 579 3399 jussit,
619 3343 842 3404 propter
875 3333 1121 3392 homines
1145 3336 1342 3393 Filium
1376 3347 1532 3394 suum
1572 3342 1626 3395 in
1651 3357 1807 3397 mun-

216 3421 375 3500 dum,
406 3437 514 3513 pon
535 3433 760 3496 propter
790 3428 1050 3499 imagines
1076 3429 1253 3497 misit;
1282 3431 1350 3485 ab
1375 3429 1684 3489 hominibus
1709 3433 1805 3488 Pa-

220 3520 309 3565 ter
327 3514 532 3581 vocari,
567 3531 674 3570 non
708 3518 776 3573 ab
812 3517 1137 3591 imaginibus
1156 3521 1342 3589 voluit,
1383 3532 1438 3577 et
1461 3524 1720 3580 Dominus
1748 3527 1802 3581 in

216 3604 514 3675 Evangelia
532 3624 639 3663 non
664 3609 741 3663 ait
766 3627 780 3663 :
809 3610 987 3665 Nolite
1004 3612 1368 3668 scandalizare
1394 3631 1554 3669 unam
1582 3617 1647 3671 de
1673 3617 1805 3670 ima-

213 3698 437 3769 ginibus
468 3701 604 3767 istis,
657 3701 771 3768 sed,
819 3720 980 3757 unum
1009 3705 1073 3758 de
1108 3706 1313 3776 pusillis
1360 3709 1802 3779 istisaquoniam

212 3788 393 3859 angeli
418 3807 598 3846 eorum
620 3809 821 3863 semper
844 3795 1013 3849 vident
1059 3797 1249 3865 faciem
1278 3796 1458 3852 Patris
1498 3801 1599 3854 mei
1625 3802 1715 3871 qui
1747 3801 1801 3855 in

212 3880 361 3936 cali;
382 3893 457 3936 est
486 3882 699 3954 (Matth.
728 3886 915 3963 xvm);
946 3896 1002 3942 et
1028 3887 1564 3958 Apostolusinvicem
1586 3907 1684 3946 nos
1708 3892 1802 3945 Ito-

212 3988 345 4027 itare
362 3976 647 4044 pravenire
666 3975 719 4047 (I
734 3964 851 4030 Ρέι.
869 3977 953 4048 ιι),
979 3996 1085 4035 non
1109 3978 1371 4050 imagines
1390 3981 1658 4036 honorare
1681 3982 1802 4037 hor-

213 4071 382 4117 tatur.
448 4066 583 4131 Quia
608 4080 738 4137 ergo
771 4067 961 4123 melior
994 4070 1065 4124 sit
1089 4072 1269 4140 opifex
1293 4087 1453 4141 opere
1474 4081 1528 4126 et
1564 4072 1800 4128 efficiens

208 4153 441 4216 eﬂ'ectis,
485 4155 623 4211 liber
662 4156 953 4227 Sapientia:
1000 4169 1245 4224 testatur,
1298 4162 1374 4216 ait
1414 4163 1589 4218 enim:
1626 4164 1797 4219 Nemo

206 4249 352 4301 enim
373 4248 472 4301 sibi
497 4249 720 4303 similem
743 4252 897 4306 homo
921 4256 1107 4323 poterit
1129 4254 1294 4309 Deum
1322 4256 1552 4327 ﬁngere:
1577 4274 1694 4311 cum
1730 4260 1797 4311 sit

204 4337 352 4391 enim
363 4339 599 4394 mortalis
614 4352 873 4395 mortuum
885 4343 1037 4413 ﬁngit
1056 4346 1295 4399 manibus
1309 4347 1498 4412 iniquis
1513 4349 1665 4419 (Sap.
1684 4350 1793 4421 xv).
1827 4372 1875 4430 ο

207 4426 405 4483 Melior
423 4437 508 4483 est
534 4430 676 4485 enim
704 4430 818 4501 ipse
843 4431 928 4486 bis
951 4448 1087 4502 quos
1117 4433 1261 4500 colit,
1292 4437 1418 4505 quia
1448 4436 1561 4504 ipse
1578 4438 1796 4506 quidem

209 4526 369 4591 vixit,
397 4541 519 4580 cum
556 4534 700 4581 esset
732 4528 995 4593 mortalis,
1037 4529 1113 4582 illi
1161 4538 1338 4589 autem
1387 4540 1692 4599 nunquam;
1744 4542 1800 4603 et

209 4618 406 4681 beatus
424 4616 754 4687 Augustinus
778 4618 883 4671 ait:
927 4636 946 4668 ι
978 4617 1177 4673 Fateor
1200 4627 1378 4674 tamen
1403 4619 1563 4676 altius
1588 4620 1799 4675 demer-

205 4723 305 4764 sos
318 4722 439 4763 esse
484 4708 576 4777 qui
612 4722 774 4777 opera
810 4709 1087 4763 hominum
1111 4709 1239 4764 deos
1256 4718 1464 4778 putant,
1503 4726 1666 4780 quam
1704 4712 1796 4780 qui

204 4816 377 4871 opera
404 4800 521 4855 Dei.
559 4820 578 4853 t
630 4801 742 4855 Hoc
770 4801 985 4871 quidem
1031 4801 1098 4857 de
1123 4802 1280 4857 idolis
1299 4818 1593 4873 eorumque
1629 4806 1798 4860 culto-

206 4894 384 4948 ribus.
441 4890 707 4946 Caeterum
735 4892 812 4946 illi
857 4892 950 4961 qui
978 4893 1117 4947 intra
1145 4901 1387 4948 sanctam
1418 4893 1712 4949 Ecclesiam
1740 4896 1795 4950 in

203 4997 371 5039 sacro
389 4982 603 5051 eloquio
624 4981 798 5037 solum
837 4982 1005 5037 Deum
1027 4982 1358 5038 adorandum
1397 4985 1677 5054 solumque
1705 5001 1795 5041 co—

204 5073 432 5129 lendum
464 5073 781 5150 prmdicant,
809 5081 864 5127 et
882 5082 941 5127 ut
966 5074 1228 5146 imagines
1248 5077 1542 5132 adorentur
1563 5079 1796 5147 synodos

203 5172 525 5234 aggregant,
547 5164 765 5219 videant
793 5179 860 5218 ne
883 5162 1023 5220 forte
1045 5166 1400 5222 domesticam
1425 5181 1616 5235 pacem
1650 5168 1793 5224 inte-

204 5255 359 5311 stino
380 5255 518 5310 bello
534 5236 849 5325 perturbent
875 5266 929 5312 et
942 5258 1356 5327 prosperitatem
1383 5273 1564 5313 rerum
1582 5271 1795 5318 nostra-

204 5360 335 5403 rum
357 5347 463 5401 isto
488 5361 673 5403 errore
697 5348 852 5417 quasi
877 5348 1107 5417 quodam
1136 5349 1279 5404 civili
1304 5349 1447 5405 bello
1486 5366 1795 5408 commacu-

205 5435 343 5492 lent.
402 5434 587 5513 Quod
610 5436 863 5493 facillime
888 5437 1061 5492 vitare
1079 5448 1331 5508 poterunt
1361 5441 1406 5496 si
1450 5441 1589 5496 intra
1620 5451 1795 5500 metas

202 5525 537 5597 prophetica:
555 5535 610 5582 et
636 5525 955 5598 evangelica:
985 5526 1097 5582 sive
1118 5528 1423 5598 apostolica:
1455 5531 1794 5603 praedicatio-

204 5618 301 5677 nis
356 5617 771 5688 contineantur,
824 5627 880 5674 et
923 5618 1158 5675 exclusis
1213 5635 1421 5678 vocum
1464 5623 1792 5681 novitatibus

1917 1777 2021 1845 plis
2033 1778 2103 1832 sit
2125 1778 2452 1846 institutum,
2483 1782 2746 1851 quibusve
2781 1786 3119 1844 documentis
3138 1800 3347 1847 constet
3376 1808 3499 1851 csso

1915 1870 2330 1941 promulgatum.
2396 1871 2481 1927 An
2507 1873 2645 1930 forte
2667 1877 2863 1933 Petrus
2883 1880 3025 1937 hanc
3046 1882 3370 1954 imaginibus
3403 1901 3499 1943 ex.

1915 1960 2203 2016 hibendam
2242 1963 2515 2030 instituit,
2576 1967 2668 2035 qui
2709 1967 3016 2025 Cornelium
3050 1985 3119 2027 ne
3147 1988 3206 2027 se
3246 1975 3499 2033 adoraret

1914 2050 2108 2108 blande
2140 2047 2523 2123 compescuit?
2566 2056 2648 2110 An
2676 2055 2933 2126 Joannes,
2972 2063 3063 2131 qui
3107 2065 3359 2134 angelum
3403 2066 3499 2122 ad—

1913 2157 2071 2197 orare
2119 2145 2360 2214 cupiens,
2386 2160 2454 2200 ne
2474 2146 2529 2200 id
2555 2146 2776 2215 faceret,
2806 2151 2900 2205 sed
2926 2161 2985 2205 ut
3026 2150 3196 2208 Deum
3245 2156 3498 2221 adoraret

1914 2234 2154 2288 audivit?
2178 2237 2264 2288 An
2297 2234 2517 2302 Paulus,
2541 2238 2631 2307 qui
2659 2239 2801 2294 hanc
2828 2243 3204 2309 superstitiose
3236 2246 3473 2317 Lycaoni

1834 2330 1837 2335 '
1911 2325 2027 2401 bus
2044 2326 2150 2381 sibi
2195 2326 2397 2383 inferre
2430 2329 2771 2398 cupientibus
2814 2334 3063 2402 expavit?
3110 2336 3196 2409 ᾼιι
3222 2336 3498 2395 Barnabas

1911 2416 2004 2487 qui
2032 2418 2174 2474 hanc
2192 2418 2398 2487 pariter
2422 2436 2545 2475 cum
2572 2420 2738 2478 Paulo
2773 2424 3023 2496 refugiit?
3074 2427 3209 2483 Cum
3235 2445 3364 2499 ergo
3393 2446 3493 2486 an-

1911 2506 2064 2577 gelus
2115 2514 2170 2562 et
2221 2510 2449 2579 apostoli
2483 2511 2799 2591 se‘adorari
2841 2515 3181 2583 prohibeant,
3222 2520 3345 2589 quis
3383 2528 3494 2575 tam

1909 2613 2100 2655 vecors
2123 2606 2343 2669 tamque
2363 2598 2594 2657 vesands
2605 2611 2688 2659 est
2714 2604 2808 2673 qui
2834 2605 3013 2661 dicere
3028 2606 3225 2663 audeat
3249 2624 3341 2664 eos
3363 2609 3495 2665 ima-

1910 2692 2061 2761 gines
2086 2692 2303 2748 adorari
2333 2694 2633 2752 instituisse
2663 2714 2676 2751 :
2713 2700 3011 2766 prtesertim
3044 2701 3136 2770 qui
3161 2702 3262 2756 etsi
3307 2716 3365 2757 se
3392 2702 3490 2758 ad-

1908 2786 2052 2842 orari
2064 2786 2341 2852 deberent,
2358 2802 2481 2842 cum
2496 2787 2743 2843 videlicet
2764 2789 2986 2844 alterius
3000 2790 3177 2845 meriti
3196 2791 3488 2847 alteriusve

1909 2876 2235 2953 definitionis
2258 2878 2366 2933 sint
2384 2878 2578 2948 angeli,
2609 2879 2722 2934 sive
2737 2880 3003 2945 homines,
3019 2890 3074 2936 et
3098 2875 3321 2937 alterius
3350 2882 3486 2937 ima-

1907 2968 2080 3038 gines.
2141 2967 2202 3024 Si
2244 2969 2410 3040 igitur
2444 2968 2619 3040 angeli
2650 2971 2765 3026 sive
2810 2971 3076 3037 homines,
3106 2979 3167 3027 ut
3202 2972 3491 3041 praesentis

1909 3058 2139 3130 exempli
2159 3063 2298 3115 ratio
2316 3063 2492 3127 d0cet,
2528 3061 2751 3117 minime
2775 3062 3032 3118 adorandi
3059 3070 3202 3126 sunt,
3229 3062 3374 3117 salva
3398 3062 3495 3117 ad-
3532 3122 3535 3129 η

1907 3151 2153 3208 oratione
2179 3167 2299 3222 quae
2328 3153 2607 3208 charitatis
2629 3160 2683 3206 et
2712 3153 3052 3209 salutationis
3075 3152 3249 3209 ollicio
3273 3154 3492 3210 exhibe-

1906 3251 1996 3298 tur
2032 3285 2047 3311 ,
2082 3244 2253 3300 multo
2304 3245 2484 3300 minus
2530 3244 2792 3315 imagines
2835 3260 2955 3314 qure
2983 3246 3210 3301 rationis
3245 3251 3488 3316 expertes

1905 3345 2051 3403 sunt,
2087 3352 2188 3393 nec
2224 3336 2549 3392 salutatione
2580 3350 2681 3391 nec
2715 3337 3028 3392 adoratione
3052 3337 3225 3406 dignae
3251 3352 3316 3393 eo
3346 3339 3489 3407 quod

1905 3427 2190 3483 insensataa
2202 3428 2330 3493 sint,
2359 3427 2646 3485 adorandae
2672 3436 2825 3482 sunt:
2859 3442 2980 3497 quae
3005 3428 3051 3481 si
3072 3428 3357 3483 adorandae
3378 3442 3489 3485 non
3548 3428 3563 3445 ‘

1905 3526 2046 3581 sunt,
2081 3517 2191 3573 imo
2215 3518 2339 3587 quia
2372 3528 2477 3572 non
2506 3526 2651 3583 sunt,
2684 3517 2877 3586 duplex
2901 3517 2977 3572 illi
3005 3518 3059 3571 in
3081 3517 3182 3571 hac
3206 3525 3360 3585 parte
3386 3519 3486 3572 de-

1902 3607 2127 3677 liquium
2150 3596 2365 3677 patrare
2390 3607 2742 3676 perhibentur
2790 3607 2902 3660 sive
2942 3606 3068 3675 quia
3099 3621 3192 3661 eas
3233 3606 3481 3669 adorant,

1903 3698 2016 3753 sive
2028 3698 2154 3767 quia
2174 3705 2233 3755 ut
2246 3697 2350 3752 hoc
2374 3697 2614 3751 facerent
2630 3697 2697 3751 ab
2711 3697 2968 3766 apostolis
2981 3697 3081 3751 sibi
3099 3696 3353 3752 traditum
3364 3708 3488 3752 esse

1901 3786 2251 3841 mentiuntur.
2316 3784 2604 3855 Apostolus
2641 3785 2870 3853 denique
2910 3785 3108 3840 Paulus
3142 3785 3485 3855 evangelicus

1900 3878 1990 3933 ille
2034 3877 2379 3941 stabularius,
2401 3862 2513 3945 qui
2542 3894 2569 3929 a
2610 3875 2814 3929 visione
2836 3876 3023 3944 patria:
3049 3875 3283 3930 cmlestis
3317 3888 3486 3944 genus

1900 3975 2193 4030 humanum
2232 3973 2556 4044 digressum,
2584 3979 2633 4025 ct
2667 3972 2732 4025 ad
2756 3970 2914 4039 hujus
2940 3969 3255 4028 defectionis
3280 3985 3484 4024 mrum-

1899 4083 1998 4122 nas
2020 4066 2303 4136 dilapSum,
2335 4074 2388 4120 et
2418 4080 2447 4118 a
2471 4064 2720 4133 malignis
2749 4057 3028 4133 spiritibus
3068 4064 3427 4126 vulneratum,
3452 4077 3483 4117 a

1899 4157 2121 4213 custode
2152 4156 2390 4231 omnium
2418 4155 2487 4209 ad
2517 4157 2813 4210 sanandum
2861 4155 3263 4225 praedicationis
3301 4154 3485 4209 verbis

1899 4249 2110 4304 lenibus
2138 4257 2193 4303 et
2220 4247 2453 4303 austeris
2493 4246 2719 4315 accepit,
2760 4247 2846 4301 cui
2896 4246 3225 4315 Redemptor
3253 4245 3482 4315 duplicis

1900 4339 2141 4395 scientiae
2162 4339 2273 4395 sive
2292 4338 2520 4392 duorum
2544 4336 3011 4391 Testamentorum
3040 4335 3320 4405 pecuniam
3354 4348 3485 4388 con-

1901 4430 2062 4494 cedit,
2089 4436 2145 4483 et
2171 4428 2362 4499 siquid
2389 4430 2458 4482 ad
2483 4426 2832 4483 erudiendum
2862 4425 3197 4493 redemptum
3224 4422 3480 4493 populum

1899 4521 2183 4578 consilium
2208 4518 2341 4581 dans
2358 4518 2836 4590 supererogaverit,
2864 4516 3196 4571 redditurum
3217 4529 3276 4569 se
3300 4515 3349 4569 ei
3361 4528 3482 4569 esse

1897 4611 2183 4681 promittit,
2234 4624 2335 4665 nec
2359 4610 2413 4663 in
2444 4610 2531 4665 his
2563 4609 2630 4665 de
2651 4610 2846 4678 quibus
2873 4608 3039 4661 libere
3074 4614 3341 4676 praecepta
3366 4606 3478 4671 dat,

1898 4715 1999 4756 nec
2022 4702 2077 4755 in
2102 4701 2187 4756 his
2200 4700 2269 4756 de
2284 4699 2479 4769 quibus
2495 4712 2881 4769 superemgans
2899 4695 3181 4753 consilium
3203 4696 3312 4759 dat,
3339 4695 3482 4750 sicut

1897 4794 1964 4849 de
1988 4792 2287 4864 virginibus
2311 4792 2505 4848 fecisse
2538 4790 2873 4861 perhibetur,
2898 4789 3031 4845 nihil
3059 4789 3166 4845 tale
3199 4789 3266 4844 de
3294 4788 3478 4858 imagi-

1897 4901 2026 4940 num
2046 4885 2379 4949 adoratione,
2421 4892 2481 4937 ut
2511 4882 2585 4936 illi
2623 4882 2912 4946 somniant,
2941 4881 3151 4949 uspiam
3183 4878 3483 4934 instituisse

1895 4975 1983 5031 vel
2006 4975 2327 5046 prmcepisse
2350 4972 2665 5041 reperitur.‘
2704 4969 2840 5024 Nam
2862 4978 2918 5026 et
2963 4971 3105 5025 idem
3135 4970 3324 5025 doctor
3347 4982 3480 5037 gen-

1896 5068 2032 5121 tium
2059 5082 2183 5122 cum
2227 5064 2506 5135 discipulis
2529 5062 2814 5117 Timotheo
2842 5070 2897 5116 et
2929 5061 3052 5116 Tito
3078 5061 3360 5123 scriberet,
3397 5058 3480 5111 in-

1896 5168 2111 5214 struens
2131 5171 2225 5212 eos
2236 5163 2290 5209 et
2301 5155 2501 5209 docens
2515 5152 2582 5208 de
2594 5152 2932 5207 ordinatione
2951 5152 3307 5220 episcopatus,
3329 5163 3466 5219 pres

1894 5249 2093 5319 byterii
2113 5257 2168 5304 et
2198 5244 2430 5315 diaconii
2456 5253 2511 5298 et
2545 5243 2723 5298 omnis
2751 5243 3132 5299 ecclesiastica:
3160 5241 3477 5311 disciplinae,

1893 5342 2008 5396 sive
2035 5339 2100 5395 de
2125 5336 2354 5407 spiritali
2387 5335 2796 5393 conversatione
2823 5342 2878 5389 et
2912 5333 3181 5389 haereticis
3222 5333 3476 5395 vitandis,

1894 5436 2016 5490 ideo
2030 5433 2324 5501 imaginum
2370 5429 2739 5485 adoratiouem
2786 5426 3008 5482 minime
3051 5424 3305 5499 instituit,
3351 5424 3474 5494 quia

1892 5526 2034 5582 hanc
2071 5540 2103 5579 a
2139 5521 2399 5593 religione
2441 5519 2747 5577 Ghristiana
2773 5518 3002 5573 alienam
3046 5529 3167 5573 esse
3192 5514 3473 5584 cognovit:

1895 5618 1984 5688 qui
2001 5626 2055 5674 et
2079 5617 2133 5671 in
2161 5613 2377 5674 ueteris
2403 5609 2645 5683 epistolis
2672 5624 2807 5679 quas
2827 5609 3080 5665 universo
3104 5607 3220 5664 orbi
3237 5604 3472 5675 scripsit,
