3990 6302
577 276 708 339 1091

576 408 698 462 qua:
720 387 937 448 vitanda
970 399 1152 447 essent
1171 405 1359 462 quaeve
1396 368 1668 460 sequendX
1716 391 1968 454 edocens,
2015 389 2158 444 hanc

574 482 792 553 penitus
817 497 931 538 rem
959 481 1318 552 parvipendit,
1353 495 1516 550 quam
1550 495 1650 535 nec
1696 480 1936 534 abnuere
1969 493 2158 547 quem-

575 576 702 629 dam
729 589 990 639 errorem,
1040 588 1140 627 nec
1163 582 1403 627 statuere
1448 573 1737 641 quamdam
1765 571 1994 626 credidit
2040 585 2159 624 esse

573 665 855 719 virtutem.
902 663 1005 730 Qui
1025 678 1154 733 ergo
1179 664 1278 718 has
1297 678 1407 718 non
1434 662 1662 718 adorare
1692 661 1894 728 scelus,
1942 661 2040 716 has
2065 676 2161 715 au—

574 761 685 809 tem
715 753 938 810 adorare
961 754 1103 807 inter
1135 753 1310 821 prima
1337 752 1458 808 ﬂdei
1501 761 1844 807 sacramenta
1858 753 1927 806 ab
1945 759 2160 821 aposto-

572 844 642 899 lis
661 844 967 899 institutum
985 859 1106 899 esse
1119 844 1370 908 delirant,
1391 845 1726 914 perpendant
1749 844 2001 912 quoniam
2015 843 2160 898 idem

573 936 683 993 Vas
702 936 978 992 electionis
1006 950 1107 990 nec
1129 951 1221 990 eas
1253 951 1504 1004 spernere
1541 936 1684 989 inter
1708 934 1912 990 scelera
1939 949 2161 988 enume-

571 1036 677 1092 rat,
701 1041 822 1080 cum
849 1026 1013 1080 dicit:
1057 1023 1344 1093 Manifesta
1389 1034 1507 1078 sunt
1566 1034 1736 1078 autem
1783 1041 1937 1094 opera
1983 1024 2158 1078 carnis

569 1134 686 1188 qua:
713 1127 832 1171 sunt
857 1117 1155 1186 fornicatio,
1179 1117 1896 1186 immunditia,impudicitia,
1923 1115 2155 1181 luxuria,

569 1209 831 1264 idolorum
859 1209 1096 1272 servitus,
1125 1209 1389 1276 veneﬁcia,
1420 1209 1730 1270 inimicitiis,
1781 1207 2154 1273 contentiones,

568 1300 946 1365 aemulationes,
986 1301 1101 1365 ire,
1133 1301 1280 1364 νίκας,
1312 1299 1678 1362 dissensiones,
1711 1306 1880 1362 sectae,
1911 1297 2153 1360 haereses,

567 1393 788 1459 invidia,
836 1393 1140 1456 homicidia,
1186 1393 1480 1457 ebrietates,
1525 1391 1946 1454 comessationes,
1993 1397 2041 1443 et
2072 1389 2153 1442 his

566 1487 763 1541 similia
787 1503 904 1557 qua:
927 1487 1155 1557 prazdico
1183 1484 1324 1538 vobis
1346 1485 1478 1537 sicut
1518 1483 1741 1554 prwdixi
1759 1523 1774 1547 ,
1796 1482 2043 1553 quoniam
2064 1482 2155 1552 qui

566 1579 697 1634 talia
743 1587 904 1649 agunt
934 1593 1148 1649 regnum
1193 1577 1290 1630 Dei
1340 1593 1445 1630 non
1482 1584 1858 1645 consequentur
1898 1571 2042 1645 (Gal.
2074 1572 2150 1644 v).

565 1668 679 1725 Nec
731 1683 825 1724 eas
851 1667 1075 1723 adorare
1109 1667 1250 1722 inter
1293 1664 1564 1735 spiritales
1597 1659 1805 1719 fructus
1849 1670 2150 1727 enumerat,

566 1776 691 1816 cum
721 1759 875 1824 dicit,
905 1756 1138 1812 Fructus
1167 1765 1340 1810 autem
1360 1756 1574 1826 spiritus
1601 1763 1694 1817 est,
1734 1753 1986 1817 charitas,
2023 1768 2152 1822 gau-

565 1852 731 1915 dium,
759 1867 884 1921 pax,
907 1848 1160 1919 patientia
1178 1883 1194 1913 ,
1227 1845 1617 1915 longanimitas,
1643 1844 1867 1909 bonitas,
1923 1844 2155 1913 benigni-

566 1950 668 2010 tas,
691 1943 844 2012 ﬁdes,
866 1940 1141 2005 modestia,
1167 1938 1485 1993 continentia
1506 1952 1525 1991 :
1576 1936 1824 1990 adversus
1849 1934 2152 2005 hujusmodi

565 2050 671 2089 non
683 2043 757 2088 est
783 2032 900 2087 lex:
930 2033 1020 2104 qui
1055 2039 1230 2084 autem
1252 2038 1371 2083 sunt
1391 2027 1606 2092 Christi,
1633 2043 1842 2080 carnem
1856 2042 2006 2080 suam
2029 2042 2153 2079 cru-

563 2126 842 2196 ciﬁxerunt
864 2140 979 2179 cum
1003 2123 1140 2177 vitiis
1165 2131 1213 2175 et
1233 2117 1662 2190 concupiscentiis
1691 2117 1900 2190 (Ibid.).
1931 2119 2038 2173 Sed
2057 2134 2152 2173 ne-

565 2231 669 2287 que
697 2217 753 2270 in
780 2215 969 2270 eadem
994 2211 1314 2281 eloquentia:
1349 2217 1650 2274 venustate,
1673 2223 1778 2278 qua
1806 2224 1997 2264 sensus
2025 2223 2151 2262 suos

563 2307 886 2379 quibusdam
917 2303 1106 2359 rivulis
1135 2318 1232 2372 per
1263 2303 1506 2357 membra
1540 2309 1594 2354 et
1637 2315 1777 2354 ctesa
1821 2306 1877 2353 et
1899 2299 2153 2352 decentes

562 2397 825 2452 circuitus
848 2393 1120 2449 rhetorico
1162 2391 1229 2446 de
1251 2389 1471 2445 ﬂumine
1513 2388 1762 2444 derivans
1784 2388 1852 2443 ab
1879 2387 2151 2455 anaphora

563 2488 774 2559 incipit,
802 2495 858 2541 et
877 2499 974 2556 per
1000 2485 1215 2556 σχέσεις
1245 2484 1494 2554 ὶνομάτων
1520 2478 1776 2542 decurrit,
1803 2485 1859 2534 et
1879 2475 2150 2531 contraria

561 2579 851 2637 contrariis
873 2591 970 2647 per
995 2577 1293 2647 topicorum
1305 2569 1825 2643 argumentationem
1851 2583 2012 2637 quam
2026 2569 2148 2637 phi-

560 2666 772 2738 losophi
801 2683 832 2722 a
868 2665 1158 2722 contrariis
1179 2664 1458 2720 nominant
1502 2675 1798 2731 opponens,
1849 2659 2152 2729 pulcherri-

561 2759 668 2813 mis
698 2756 998 2823 antithetis,
1021 2755 1321 2812 orationem
1356 2768 1508 2809 suam
1537 2754 1814 2819 honestat;
1858 2750 1949 2806 ubi
1993 2748 2150 2819 hujus

559 2849 685 2904 vita:
705 2857 917 2918 tempus
939 2845 1287 2916 acceptabile,
1311 2843 1646 2914 paenitentiae
1668 2841 1917 2897 videlicet
1941 2849 2148 2910 aptum,

561 2948 618 2994 et
637 2941 753 2996 dies
771 2939 958 2994 salutis
989 2938 1045 2992 id
1063 2946 1148 2993 est
1181 2937 1251 2994 ad
1268 2939 1406 2992 bene
1435 2937 1700 3006 agendum
1723 2943 1894 3004 aptos,
1943 2935 2152 2991 denun-

563 3033 683 3098 tiat,
717 3032 857 3086 inter
887 3039 1113 3086 caeteras
1154 3043 1288 3099 quas
1335 3037 1618 3083 enumerat
1668 3028 1897 3083 virtutes
1923 3026 2150 3096 hujusce

561 3121 895 3178 adorationis
915 3121 1206 3190 quamdam
1223 3120 1309 3175 vel
1332 3119 1502 3174 levem
1520 3119 1714 3174 fecisse
1730 3119 1974 3174 noscitur
1994 3135 2148 3176 men-
2171 3096 2219 3159 ο

562 3214 787 3268 tionem.
821 3211 911 3266 Ait
928 3212 1103 3266 enim:
1132 3210 1270 3264 Ecce
1291 3227 1426 3264 nunc
1449 3219 1648 3281 tempus
1670 3209 2004 3281 acceptabile,
2031 3229 2147 3266 ecce

563 3319 701 3360 nunc
727 3304 837 3358 dies
883 3304 1099 3359 salutis:
1127 3304 1318 3358 nemini
1358 3303 1540 3358 dantes
1579 3301 1741 3357 ullam
1785 3305 2144 3372 o/fensionem,

561 3405 619 3450 ut
645 3412 750 3450 non
786 3396 1101 3466 vituperetur
1125 3395 1470 3449 ministerium
1493 3404 1749 3458 nostrum,
1777 3396 1867 3450 sed
1888 3396 1943 3450 in
1981 3396 2150 3451 omni-

563 3487 656 3542 bus
681 3487 1014 3541 exhibeamus
1060 3487 1398 3556 nosmetipsos
1435 3487 1568 3540 sicut
1615 3486 1712 3539 Dei
1749 3487 2037 3552 ministros,
2092 3489 2148 3541 in

563 3575 727 3630 multa
768 3576 1042 3645 patientia,
1079 3575 1135 3628 in
1185 3573 1627 3638 tribulationibus,
1665 3575 2147 3639 innecessitatibus,

563 3671 618 3722 in
637 3669 913 3740 angustiis,
938 3668 994 3722 in
1011 3666 1202 3738 plagis,
1227 3669 1282 3721 in
1297 3664 1611 3733 carceribus,
1641 3669 1696 3722 in
1709 3668 2066 3734 seditionibus,
2093 3670 2149 3724 in

563 3758 848 3823 laboribus,
870 3760 928 3813 in
951 3759 1159 3836 vigiliis,
1186 3759 1244 3812 in
1258 3758 1505 3828 jejuniis,
1536 3760 1592 3812 in
1612 3760 1872 3825 castitate,
1901 3761 1958 3814 in
1981 3762 2152 3815 scien-

561 3855 655 3918 tia,
685 3855 741 3908 in
765 3853 1174 3924 longanimitate,
1225 3854 1279 3906 in
1306 3855 1581 3919 suavitate,
1617 3854 1673 3907 in
1697 3852 1904 3924 Spiritu
1944 3863 2147 3920 sancto,

563 3949 617 4000 in
634 3948 889 4002 charitate
903 3966 1007 4004 non
1033 3951 1178 4018 ﬁcta,
1210 3952 1266 4004 in
1295 3951 1445 4004 verba
1467 3951 1720 4013 veritatis,
1742 3950 1798 4003 in
1818 3951 2005 4006 virtute
2029 3950 2148 4016 Dei,

563 4051 654 4106 per
678 4052 828 4090 arma
844 4039 1070 4106 justitiw
1100 4059 1132 4093 a
1154 4041 1348 4095 dextris
1381 4049 1428 4095 et
1453 4058 1484 4094 a
1506 4042 1752 4104 sinistris,
1801 4058 1896 4111 per
1926 4043 2150 4114 gloriam

563 4135 611 4179 et
632 4124 1028 4195 ignobilitatem,
1051 4144 1143 4196 per
1163 4129 1436 4196 infamiam
1457 4137 1504 4180 et
1526 4129 1714 4182 bonam
1736 4130 1956 4199 famam,
1985 4141 2040 4185 ut
2065 4149 2149 4186 se-

563 4214 824 4279 ductores,
873 4225 922 4268 et
977 4231 1180 4271 veraces
1217 4233 1235 4270 :
1276 4219 1408 4272 sicut
1434 4220 1617 4289 ignoti,
1648 4228 1694 4273 et
1725 4221 1952 4290 cogniti:
1999 4225 2151 4293 quasi

564 4305 861 4370 morientes,
883 4315 930 4360 et
946 4322 1060 4360 ecce
1095 4308 1309 4362 vivimus
1335 4325 1353 4362 :
1379 4319 1434 4362 ut
1472 4310 1729 4381 castigati,
1768 4319 1816 4365 et
1847 4329 1950 4367 non
1970 4316 2152 4368 morti-

565 4397 744 4466 ﬁcati:
776 4399 928 4468 quasi
969 4399 1162 4465 tristes,
1201 4416 1400 4470 semper
1446 4415 1617 4456 autem
1651 4404 1968 4474 gaudentes:
2013 4409 2146 4461 sicut

563 4499 787 4559 egentes,
819 4490 1013 4545 multos
1067 4503 1241 4546 autem
1271 4493 1676 4564 locupletantes:
1725 4507 1975 4569 tanquam
2025 4498 2154 4552 nihil

565 4580 830 4644 habentes,
855 4591 902 4634 et
925 4584 1101 4637 omnia
1125 4586 1444 4654 possidentes
1460 4585 1546 4658 (II
1560 4587 1680 4642 Cor.
1709 4590 1809 4658 vt).
1841 4591 1898 4645 In
1919 4607 2025 4660 quo
2047 4592 2156 4644 vir-

530 4679 742 4726 -tutum
790 4675 1054 4744 catalogo,
1091 4686 1150 4730 ut
1203 4678 1412 4749 praefati
1461 4695 1663 4747 sumus,
1712 4683 1855 4739 idem
1908 4684 2155 4754 egregius

565 4766 888 4834 praedicator
908 4768 1198 4840 imaginum
1225 4772 1589 4826 adorationem
1616 4774 1897 4841 insereret,
1937 4775 1982 4829 si
2015 4776 2155 4829 hanc

567 4858 759 4914 harum
785 4862 986 4916 sociam
1009 4860 1369 4932 Ecclesiaequc
1403 4863 1696 4933 proﬁcuum
1731 4881 1851 4923 esse
1899 4869 2155 4923 decerne-

566 4956 670 5011 ret,
721 4963 884 5016 quam
921 4949 1266 5008 dinumerare
1311 4954 1431 5010 ideo
1479 4955 1691 5012 distulit
1725 4959 1852 5029 quia
1881 4961 2020 5014 hanc
2050 4957 2154 5011 uti-

567 5035 675 5092 lem
704 5038 927 5094 minime
959 5055 1078 5096 esse
1097 5045 1385 5111 persensit.

1135 5171 1362 5231 CAPUT
1393 5173 1582 5235 XXVI.

572 5249 733 5341 Quod
765 5273 868 5312 non
889 5256 1036 5341 pargi
1064 5263 1132 5341 sit
1160 5268 1352 5341 erroris
1373 5271 1706 5341 manufactas
1730 5269 1985 5341 imagines
2014 5285 2153 5323 arca:

635 5332 932 5409 testamenti
975 5331 1187 5388 Domini
1223 5353 1508 5409 Acoa'quare
1537 5331 1740 5406 conari,
1781 5331 1948 5394 tttvilli
1979 5341 2035 5393 in
2055 5356 2151 5393 sua

633 5397 836 5465 synodo
863 5400 1034 5470 facere
1060 5407 1232 5459 conati
1261 5397 1402 5461 sunt.

637 5481 841 5556 Magnae
883 5491 1229 5551 absurditatis
1259 5497 1368 5552 imo
1395 5500 1718 5554 temeritatis
1757 5507 1847 5553 est
1891 5514 2031 5554 arcae
2075 5506 2155 5554 te-

568 5581 824 5634 Stamenti
849 5582 1059 5640 Domini
1087 5587 1351 5658 imagines
1380 5605 1661 5659 coaequare
1695 5591 1906 5655 cnnari,
1928 5607 2049 5645 cum
2075 5599 2154 5645 tot

570 5671 948 5742 mysteriorum
980 5677 1191 5737 indiciis
1222 5683 1291 5737 ab
1341 5681 1428 5735 illa
1465 5687 1768 5740 noscantur
1793 5681 2050 5750 differre;
2098 5693 2153 5738 et

1709 5784 1724 5833 l

1451 279 1512 335 Β.
1553 275 1804 338 CAROLI
1841 275 2056 333 MAGNI
2091 266 2243 332 OPP.
2283 273 2464 334 PARS
2500 277 2562 334 ΙΙ.
2606 275 2848 339 SECTIO
2884 281 2946 338 ll.

3610 297 3718 354 1092⁷

2183 391 2232 450 Α
2261 388 2340 441 rei
2379 403 2499 457 qua:
2541 392 2758 446 condita
2803 401 2887 448 est
2935 393 3216 450 Dominica:
3251 397 3386 454 vocis
3433 399 3614 471 imperio
3650 425 3712 465 res

2218 487 2225 493 '
2260 477 2560 533 assimilare
2597 496 2718 550 quae
2747 481 3032 551 cujuslibet
3071 485 3284 540 artiﬁcis
3322 488 3578 545 conduntur
3610 497 3713 550 arbi-

2263 569 2387 623 trio.
2429 569 2706 639 Siquidem
2751 571 2841 627 illa
2886 574 3099 628 condita
3128 583 3209 630 est
3245 576 3450 632 Domino
3472 579 3713 649 imperante,

2260 657 2378 713 ista:
2397 649 2857 717 conduntur‘artis
2888 662 3150 718 industria
3168 664 3374 733 juvante
3393 683 3407 731 ;
3448 667 3523 721 illa
3542 684 3567 722 a
3583 681 3716 727 sancto

2258 751 2376 805 viro
2407 752 2606 823 Moyse,
2633 754 2751 809 ista:
2791 771 2821 810 a
2847 756 3084 824 quolibet
3108 759 3321 828 opifice;
3354 761 3436 813 illa
3457 776 3485 814 a
3508 761 3715 833 legislatu-

2259 855 2337 907 re,
2363 843 2478 897 ista:
2500 858 2530 896 a
2550 844 2754 912 pictore
2776 861 2792 911 ;
2821 845 2910 899 illa
2932 847 3188 902 redundet
3215 850 3476 918 mysteriis,
3511 850 3602 905 ista:
3619 854 3719 909 colo-

2259 950 2380 988 rum
2425 937 2794 993 tantummodo
2849 937 3025 1005 fucis;
3054 940 3144 994 illa
3168 949 3222 996 et
3260 944 3572 1012 prmsentibus
3608 945 3720 1005 fuerit

2258 1022 2314 1076 in
2367 1023 2746 1080 miraculorum
2802 1035 3072 1097 stuporem
3097 1069 3112 1094 ,
3161 1038 3215 1084 et
3269 1031 3332 1086 de
3357 1031 3528 1088 futuris
3560 1037 3720 1105 mystica

2258 1116 2505 1186 quaedam
2534 1127 2587 1172 et
2627 1135 2824 1174 arcana
2863 1123 3210 1193 signiﬁcarit;
3261 1124 3367 1178 ista:
3387 1134 3435 1178 et
3454 1129 3722 1195 praesentibus

2258 1207 2550 1274 miraculis,
2579 1219 2635 1264 et
2685 1209 2989 1266 futurorum
3026 1214 3480 1284 signiﬁcationibus
3512 1217 3635 1271 nuda:
3668 1221 3720 1273 rei

2258 1295 2409 1364 cujus
2450 1308 2576 1354 sunt
2620 1307 2827 1356 tantum
2882 1305 3200 1358 memoriam
3242 1305 3485 1374 ingemat.
3517 1305 3580 1359 De
3615 1307 3722 1376 cujus

2257 1389 2450 1460 typicis
2468 1391 2991 1463 prmiigurationibus
3021 1397 3133 1451 sive
3157 1397 3341 1452 horum
3391 1414 3495 1468 qua:
3515 1399 3721 1454 intractu

2257 1489 2383 1533 sunt
2407 1480 2461 1534 in
2510 1483 2789 1552 superiore
2815 1485 2954 1540 libro
2994 1495 3344 1541 monstratum
3370 1496 3460 1551 est,
3485 1503 3601 1542 nunc
3634 1503 3723 1545 vero

2255 1576 2516 1636 quantum
2541 1585 2572 1624 a
2598 1585 2760 1626 manu
2783 1572 2939 1629 factis
2959 1574 3281 1645 imaginibus
3309 1574 3512 1642 differat,
3553 1577 3726 1632 breviter

2254 1661 2656 1726 exsequendum
2693 1672 2794 1718 est.
2850 1665 2952 1732 Qui
2997 1666 3162 1737 igitur
3219 1667 3501 1722 materiales
3536 1669 3726 1739 imagines

2183 1751 2231 1813 Β
2257 1766 2288 1805 a
2311 1754 2642 1822 quibuslibet
2673 1759 2956 1828 opiﬂcihus
2990 1763 3260 1827 conditas,
3315 1776 3447 1816 arcte
3500 1761 3726 1816 testamenti

2253 1841 2486 1910 Domini,
2525 1861 2646 1915 qua:
2676 1848 2904 1906 Domino
2925 1851 3243 1922 imperante,
3281 1851 3449 1922 Moyse
3499 1851 3723 1914 obediente,

2251 1933 2470 1988 condita
2499 1933 2601 2002 est,
2663 1940 2995 2010 aequiparare
3025 1942 3386 2005 contendunt,
3419 1940 3657 2005 inveniant,
3691 1940 3722 1993 si

2251 2032 2457 2091 (Ιυθυηῑ
2478 2064 2494 2090 9
2539 2025 2789 2095 Opiﬁcem
2847 2031 2939 2100 qui
3002 2031 3174 2102 Moysi
3231 2032 3427 2087 meritis
3484 2030 3723 2101 aequiparari

2250 2123 2432 2184 queat,
2461 2118 2555 2186 qui
2596 2117 2864 2176 ﬂumineis
2911 2122 2982 2176 sit
3023 2120 3275 2178 ﬂuctibus
3323 2123 3582 2194 expositus,
3621 2120 3726 2189 cujus

2251 2204 2396 2259 salus
2422 2205 2563 2262 inter
2606 2208 2961 2280 lymphaticos
2988 2227 3183 2268 cursus
3203 2214 3310 2268 Deo
3345 2214 3437 2267 soli
3460 2213 3726 2280 relinquatur,

2250 2312 2282 2351 a
2321 2298 2518 2367 quibus
2569 2311 2827 2370 exceptus
2845 2311 2901 2357 et
2931 2305 3090 2358 matri
3150 2304 3466 2369 restituatur,
3513 2311 3556 2356 et
3593 2303 3644 2356 ab
3673 2301 3731 2354 his

2251 2388 2446 2458 quibus
2469 2392 2662 2460 perimi
2681 2390 2865 2460 jussus
2891 2392 3085 2461 fuerat,
3115 2394 3502 2450 deliciosissime
3519 2393 3575 2447 ali
3596 2391 3727 2461 jubea-

2250 2488 2377 2535 tur:
2419 2483 2513 2551 qui
2543 2485 2691 2538 omni
2739 2486 3001 2556 sapientia
3029 2485 3408 2559 ngyptiorum
3445 2485 3642 2541 eruditus
3670 2483 3730 2547 sit,

2251 2571 2343 2641 qui
2364 2573 2543 2628 videat
2562 2576 2820 2631 arhoreos
2857 2592 3036 2633 ramos
3062 2579 3313 2634 incendia
3335 2579 3437 2649 pati
3461 2587 3508 2632 et
3543 2591 3628 2630 non
3661 2575 3731 2635 uri,

2250 2664 2342 2731 qui
2389 2666 2616 2720 miretur
2656 2665 2902 2736 fragilem
2928 2670 3216 2725 materiam
3238 2668 3519 2725 admirabili
3536 2668 3646 2738 igne,
3668 2679 3734 2718 nec

2252 2758 2525 2813 modicum
2565 2760 2709 2815 nulla
2751 2762 2801 2815 ei
2837 2761 3011 2818 dando
3038 2763 3296 2820 alimenta
3338 2763 3441 2834 pati
3465 2759 3734 2830 dispendium.

2250 2849 2336 2904 vel
2360 2852 2540 2921 potius
2593 2851 2719 2908 inde
2751 2868 2880 2908 voce
2921 2854 3122 2910 emissa
3160 2870 3219 2910 se
3265 2869 3332 2910 ex
3378 2851 3568 2907 nomine
3592 2846 3735 2912 vocari,

2251 2947 2307 2993 et
2334 2941 2560 3011 mystica
2579 2943 2684 2998 sibi
2710 2953 2985 3015 praecepta
3009 2955 3063 3000 et
3087 2961 3246 3014 spem
3271 2943 3540 3000 liberanda:
3561 2939 3738 3010 genuset

2253 3031 2610 3099 adipiscendae
2637 3043 2874 3104 paterna:
2917 3037 3298 3106 promissionis
3341 3035 3450 3089 dari
3472 3033 3576 3102 ;qui
3612 3032 3738 3085 obstu-

2248 3129 2434 3192 pescat
2458 3136 2571 3177 sua:
2613 3123 2778 3194 virgae
2816 3125 3049 3194 rigorem
3112 3127 3172 3181 in
3213 3125 3478 3180 sinuosum
3504 3119 3738 3177 conversum

2248 3227 2367 3268 esse
2386 3213 2675 3270 draconem
2689 3256 2704 3282 ,
2729 3231 2879 3286 cu1us
2903 3218 3372 3274 administratione
3385 3213 3592 3270 Nilicolaz
3609 3211 3738 3265 decem

2247 3307 2569 3378 prodigiosis
2616 3307 2878 3364 feriantur
2919 3309 3122 3381 plagis,
3185 3311 3277 3380 qui
3331 3306 3572 3379 (Egyptiis
3605 3302 3739 3371 opibus

2249 3400 2433 3455 ditatis
2468 3399 2673 3467 cuneis,
2696 3407 2750 3456 et
2780 3414 3057 3471 aequoreos
3080 3399 3277 3457 ﬂuctus
3312 3400 3441 3470 pede
3461 3397 3582 3452 sicco
3616 3400 3739 3445 trans

2249 3491 2585 3558 meantibus,
2633 3493 2742 3548 dux
2785 3492 2902 3546 fieri
2938 3492 3144 3557 valeat;
3179 3492 3272 3561 qui
3311 3503 3510 3544 amaras
3535 3493 3662 3552 aquas
3703 3473 3740 3526 in

2249 3585 2461 3639 dulcem
2491 3593 2771 3640 convertat
2818 3600 3097 3654 saporem,
3127 3594 3186 3639 et
3208 3584 3439 3653 jejunam
3468 3580 3634 3636 silicem
3668 3570 3741 3624 ἱοιιι

2250 3676 2416 3745 virgae
2448 3674 2744 3730 undiﬂuum
2769 3683 2923 3747 cogat
2967 3691 3222 3731 evomere
3273 3675 3550 3744 liquorem;
3587 3662 3657 3735 qui
3676 3673 3742 3713 et-

2250 3765 2496 3820 tensione
2519 3781 2774 3821 manuum
2818 3766 3041 3822 hostiles
3062 3766 3331 3821 tumultus
3355 3765 3484 3819 vinci
3505 3752 3741 3825 compellat,

2250 3863 2306 3909 et
2327 3870 2453 3910 suos
2473 3856 2699 3911 victoria
2738 3857 2902 3927 potiri
2940 3858 3202 3913 concedat
3230 3875 3245 3923 ;
3280 3856 3371 3926 qui
3403 3857 3529 3910 inter
3553 3843 3743 3903 terriﬁcos

2251 3946 2502 4000 tubarum
2545 3946 2820 4016 strepitus,
2871 3954 2925 4001 et
2971 3941 3674 4018 fulminum-georuscationes,
3708 3937 3744 3980 ει

2251 4039 2410 4093 nubis
2457 4039 2789 4094 densissimte
2819 4039 3318 4104 obumbrationem,
3354 4046 3406 4093 et
3449 4027 3745 4102 crepitantium

2251 4129 2454 4200 ignium
2499 4144 2658 4199 rogos
2704 4129 2992 4184 exterritus
3043 4138 3097 4183 et
3153 4126 3525 4184 tremebundus
3574 4123 3745 4174 montem

2251 4221 2595 4283 conscendat,
2621 4219 2794 4290 legem
2834 4220 3090 4287 accipiat,
3118 4228 3174 4274 et
3203 4219 3344 4275 inter
3384 4219 3538 4273 Deum
3563 4221 3608 4268 et
3626 4203 3748 4264 honr

2253 4326 2348 4364 nes
2373 4325 2532 4364 verus
2571 4310 2836 4380 interpres
2855 4326 2885 4364 a
2912 4310 3140 4366 Domino
3185 4310 3509 4380 promulgata
3549 4304 3748 4375 prietfllla

2177 4443 2234 4507 Β
2254 4402 2464 4473 populis
2485 4403 2816 4458 observanda
2841 4404 3175 4458 demonstret
3196 4420 3211 4468 ;
3229 4405 3319 4472 qui
3346 4399 3608 4457 secundum
3621 4400 3749 4447 exem-

2294 4496 2306 4507 .
2521 4494 2536 4507 .
2616 4495 2628 4506 .
2661 4496 2672 4507 .
2867 4503 2877 4507 _
3104 4503 3113 4507 _
3195 4504 3203 4507 έ
3368 4493 3390 4507 ρ
3480 4491 3511 4507 ..
3562 4486 3748 4507 .-ιλ-..Α

2255 4496 2374 4563 plar
2395 4494 2539 4564 quod
2581 4495 2630 4549 ei
2660 4496 2713 4550 in
2735 4503 2916 4548 monte
2941 4503 3305 4549 monstratum
3365 4491 3534 4554 fuerit,
3562 4486 3748 4540 tabem?

2255 4585 2433 4639 culum
2501 4585 2678 4649 faciat,
2741 4585 2883 4654 quod
2929 4600 3053 4639 cum
3099 4585 3379 4654 ingressus
3434 4579 3579 4636 fuerit
3629 4565 3748 4643 gloria

2255 4677 2464 4730 Domini
2513 4675 2761 4747 operiat;
2818 4676 2909 4745 qui
2955 4677 3025 4730 sit
3074 4676 3396 4730 mitissimus
3443 4684 3588 4740 super
3616 4671 3749 4719 omne5

2253 4769 2342 4836 qui
2369 4775 2647 4827 morantur
2666 4767 2719 4821 in
2741 4775 2904 4831 terra,
2934 4767 3001 4822 ad
3021 4781 3181 4836 quem
3205 4767 3454 4836 loquatur
3491 4763 3612 4815 Deus
3655 4748 3750 4805 facie

2253 4859 2320 4912 ad
2344 4858 2555 4922 faciem,
2595 4857 2737 4913 sicut
2764 4857 2908 4926 loqui
2939 4857 3076 4911 solet
3101 4858 3268 4912 homo
3291 4856 3357 4910 ad
3379 4853 3592 4908 amicum
3612 4851 3748 4900 suum;

2252 4952 2342 5020 qui
2365 4951 2531 5005 donec
2554 4950 2634 5006 sol
2661 4940 2853 5019 quater
2899 4948 3080 5003 decies
3100 4957 3283 5002 ortum
3311 4952 3638 5010 occasumqne
3665 4944 3750 5002 Pe"

2253 5044 2414 5108 liciat,
2447 5043 2592 5097 omni
2615 5042 2737 5097 cibo
2757 5041 2970 5112 penitus
2995 5048 3233 5108 potuqne
3252 5046 3453 5101 careat,
3484 5031 3616 5100 cuius
3632 5021 3750 5078 facies

2257 5136 2427 5190 nimio
2468 5133 2755 5202 splendore
2781 5133 2870 5186 vix
2920 5131 3118 5185 intueri
3161 5136 3365 5199 queat;
3403 5124 3490 5194 qui
3523 5124 3580 5176 de
3600 5114 3752 5171 duobus

2252 5227 2467 5296 regibus
2521 5224 2840 5279 mirabiliter
2887 5224 3196 5294 triumphet,
3255 5222 3349 5292 qui
3383 5225 3563 5289 quater
3589 5203 3751 5265 tricenis

2253 5333 2513 5374 annorum
2539 5319 2787 5373 cursibus
2810 5314 3075 5386 exemptis
3093 5331 3189 5370 nec
3211 5315 3486 5370 oculorum
3512 5301 3751 5374 caliginem

2253 5427 2351 5467 nec
2377 5412 2617 5466 dentium
2663 5410 2957 5465 motionem
2989 5409 3254 5478 patiatur;
3289 5408 3380 5477 qui
3407 5404 3634 5461 faciatex

2253 5501 2383 5556 libet
2415 5501 2643 5556 materia
2689 5500 2978 5570 imaginem
3009 5513 3128 5568 qua:
3155 5505 3232 5551 tot
3267 5494 3518 5550 redundet
3545 5489 3756 5556 mysteriis

2253 5599 2308 5645 et
2347 5591 2604 5645 exuberet
2635 5588 3010 5654 sacramentis,
3062 5597 3122 5641 ut
3168 5587 3218 5639 in
3248 5583 3363 5653 ejus
3407 5575 3759 5651 superﬁciem-

2255 5683 2444 5736 menda
2497 5680 2787 5734 audiantur
2821 5677 3079 5744 oracula;
3136 5685 3258 5732 ante
3300 5675 3449 5745 cujus
3475 5669 3757 5734 conspectum
