3990 6302
127 229 291 292 ’1093

959 229 1138 286 LIBRI
1176 226 1519 286 CAROLINI.
1560 255 1628 269 -—
1663 227 1886 285 CAPIT.
1928 228 2017 286 DE
2049 226 2239 287 MAG.
2279 258 2350 270 —
2386 224 2514 284 LIB.
2557 224 2620 282 ll.

3269 231 3407 291 {09‘

146 350 353 408 hostica
385 355 592 401 terrore
638 344 950 414 quatiuntur
999 344 1232 414 agmina,
1257 349 1313 398 et
1355 356 1454 411 per
1484 340 1721 396 medium
1751 344 1802 404 Α
1827 341 2014 406 sionis,
2073 349 2128 394 et
2165 341 2234 394 ab
2278 338 2466 394 inferis
2510 336 2950 403 resurrectionis,
2999 351 3208 394 necnon
3246 349 3303 396 et
3353 343 3405 398 in

144 441 230 496 sui
247 445 491 494 arentem
527 444 786 507 praestent
826 435 1229 490 transeuntibus
1253 434 1523 489 tramitem
1547 431 1724 488 ﬂuuii-

143 547 233 595 na,
261 539 316 584 et
366 528 602 596 antiqua:
650 526 799 581 urbis
854 525 909 580 in
953 536 1227 581 momento
1255 526 1496 580 funditus
1537 539 1724 580 eversa

140 620 477 691 pugnacibus
520 618 822 688 legionibus
863 617 1162 688 ingressum
1191 617 1426 686 undique
1451 617 1726 687 praebeant

144 710 364 772 muenia,
395 724 514 778 qua:
550 716 774 762 vocetur
817 706 1109 762 scabellum
1148 706 1342 776 pedum
1368 706 1463 760 Dei
1507 705 1676 759 nostri
1705 720 1720 770 ;

145 801 214 855 ad
241 798 398 868 cujus
445 799 724 852 introitum
746 797 1008 867 pavendis
1046 797 1279 852 hostium
1302 797 1452 867 regio
1501 795 1727 851 feriatur

141 889 400 962 ﬂagellis,
450 905 614 959 quam
671 888 945 943 indomitte
997 897 1185 944 contra
1245 896 1491 942 naturam
1548 902 1727 942 vacca:

141 980 330 1035 vitulis
376 989 498 1048 post
556 987 707 1048 terga
757 978 963 1033 relictis
1021 977 1088 1032 ad
1133 977 1480 1033 lsraeliticam
1525 988 1727 1032 terram

141 1069 374 1140 plaustri
405 1068 527 1123 novi
553 1069 850 1140 gestamine
875 1068 1110 1133 trahant,
1143 1069 1208 1122 ad
1232 1067 1384 1136 cujus
1421 1084 1727 1139 regressum

142 1159 426 1230 stupendis
458 1157 722 1226 indigena:
750 1168 1056 1213 terreantur
1105 1159 1398 1225 miraculis,
1441 1169 1728 1230 antequam

141 1248 396 1317 egregius
417 1247 678 1316 propheta
708 1254 763 1300 et
789 1261 882 1300 rex
905 1245 1165 1300 infulatus
1189 1262 1382 1318 magna
1405 1263 1528 1302 cum
1549 1247 1730 1302 exsul-

143 1339 354 1393 tatione
376 1339 563 1392 ludere
603 1353 711 1392 non
741 1338 1047 1400 erubescat,
1071 1345 1126 1391 et
1154 1352 1274 1392 eam
1319 1338 1386 1392 ad
1417 1338 1591 1393 locum
1639 1337 1732 1392 de-

141 1430 408 1484 stinatum
434 1428 489 1481 in
510 1427 730 1482 musicis
763 1427 1115 1482 concentibus
1146 1429 1578 1498 liymnorumque
1605 1444 1730 1482 sua-

141 1520 352 1575 visonis
411 1518 864 1574 modulaminibus
921 1517 1262 1572 introducat:
1321 1534 1441 1587 qua:
1503 1519 1632 1573 dum
1680 1527 1736 1573 et

141 1613 258 1666 suis
280 1621 336 1667 et
361 1609 572 1680 opilicis
593 1617 671 1663 tot
707 1609 983 1679 signorum
1019 1610 1304 1662 emicuerit
1339 1608 1727 1678 praerogativis,

1823 433 1989 488 caelos
2058 433 2457 504 gloriosissima:
2513 431 2870 496 ascensionis,
2906 439 2963 486 et
3023 432 3138 488 haec
3179 433 3406 503 perferri

1822 541 1920 596 per
1943 539 2134 580 manus
2192 524 2370 596 angeli
2424 525 2479 578 in
2508 523 2739 578 sublime
2789 523 2962 579 altare
2993 524 3089 579 Dei
3119 533 3176 580 et
3199 526 3253 581 in
3279 541 3408 582 con-

1825 622 2065 684 spectum
2092 613 2390 682 majestatis
2431 613 2686 682 deposcat
2729 628 2744 667 :
2793 614 2968 684 pictor
2987 629 3118 670 vero
3158 618 3408 684 patrandi

1825 703 2005 772 operis
2046 704 2161 759 loca
2185 719 2421 774 congrua
2463 714 2742 774 appetens,
2787 705 2840 758 in
2867 705 3060 760 barum
3085 706 3410 764 formatione

1826 793 2070 849 colorum
2120 801 2327 849 tantum
2356 802 2696 850 venustatem
2747 802 2800 848 et
2836 796 3018 865 operis
3066 798 3410 866 supplemen-

1827 891 1942 938 tum
1965 892 2190 954 quaerat.
2228 884 2464 938 Nimium
2512 885 2677 954 igitur
2703 884 3038 955 nimiumque
3065 902 3097 940 a
3144 888 3411 953 veritatis,

1829 976 2053 1030 rationis
2088 985 2142 1030 et
2164 975 2503 1030 discretionis
2527 976 2742 1031 tramite
2767 977 2953 1042 distat,
2982 978 3074 1047 qui
3113 978 3330 1047 corpori
3353 988 3409 1034 et

1828 1067 2075 1138 sanguini
2125 1067 2405 1121 Dominico
2457 1067 2720 1136 imagines
2767 1069 3106 1138 aequiparare
3157 1077 3407 1126 conatur.

1829 1157 1964 1212 Nam
1997 1157 2388 1212 Melchisedech
2422 1173 2518 1212 rex
2551 1156 2751 1222 Salem,
2780 1160 3030 1215 sacerdos
3070 1160 3164 1216 Del
3192 1163 3413 1229 summi,

1831 1251 1884 1304 in
1909 1258 2036 1320 typo
2074 1249 2340 1304 Dominici
2380 1249 2626 1317 corporis
2652 1257 2707 1304 et
2751 1251 3049 1321 sanguinis,
3079 1267 3189 1306 non
3223 1251 3414 1323 imagi-

1831 1353 1955 1391 nem
1995 1337 2306 1406 quamdam,
2338 1338 2432 1391 sed
2460 1353 2654 1407 panem
2690 1346 2744 1392 et
2798 1339 2981 1394 vinum
3007 1340 3208 1411 legitur
3253 1341 3419 1396 obtu-

1833 1431 1976 1485 lisse.
2022 1429 2156 1484 Nam
2201 1437 2257 1484 et
2285 1429 2518 1485 Mosaico
2545 1444 2641 1484 ore
2685 1430 2741 1484 in
2783 1432 3219 1502 praeﬂguratione
3244 1434 3416 1489 nostri

1834 1519 2224 1590 Redemptoris,
2291 1519 2442 1588 cujus
2491 1534 2710 1574 carnem
2756 1521 2810 1574 in
2865 1522 3239 1577 remissionem
3293 1538 3420 1593 pec-

1833 1620 2079 1667 catorum
2129 1612 2394 1667 sumimus
2421 1650 2435 1676 ,
2462 1620 2518 1666 et
2574 1612 2851 1681 sanguinis
2901 1614 3163 1670 tinctione
3213 1630 3420 1685 [percu-

144 1719 256 1758 non
284 1702 556 1757 immerito
597 1715 738 1755 arcte
787 1701 1098 1754 testamenti
1149 1699 1359 1754 Domini
1397 1701 1595 1771 poterit
1644 1715 1736 1754 co-
1767 1691 1811 1750 Β
1838 1703 2025 1758 tientis
2051 1703 2228 1775 angeli
2275 1705 2534 1772 impetum
2564 1704 2862 1769 evadimus,
2925 1720 3096 1775 agnus
3137 1721 3236 1776 per
3260 1707 3418 1762 fami-

142 1793 372 1864 :equari.
397 1791 533 1847 Cum
560 1807 689 1863 ergo
712 1806 813 1846 nec
847 1790 983 1844 tanti
1016 1791 1196 1844 meriti
1222 1789 1422 1860 opifex,
1448 1805 1548 1844 nec
1570 1799 1732 1844 tantae

141 1883 332 1952 glorise
353 1881 627 1951 opificium
663 1879 903 1949 reperire
929 1879 1212 1942 valuerint,
1237 1887 1404 1933 restat
1427 1886 1487 1932 ut
1514 1877 1732 1948 legisla-

143 1983 326 2027 torem
350 1979 552 2026 nostra
574 1970 750 2024 anatis
784 1969 1110 2032 hominibus,
1128 1976 1184 2022 et
1213 1983 1396 2023 arcam
1425 1966 1733 2022 testamenti

149 2062 371 2118 Domini
400 2060 725 2116 manufactis
752 2059 1078 2129 imaginibus
1102 2059 1278 2114 modis
1319 2059 1570 2114 omnibus
1593 2066 1738 2112 ante-

143 2162 393 2224 ponant;
423 2169 522 2208 nec
566 2168 654 2208 res
675 2160 784 2207 tam
828 2153 962 2208 viles
995 2161 1213 2222 tamque
1240 2151 1512 2222 mysteriis
1562 2151 1736 2206 nudas

143 2247 221 2299 rei
263 2253 378 2320 tam
411 2245 625 2300 sublimi
661 2253 847 2314 totque
889 2247 1270 2316 mysteriorum
1311 2245 1609 2316 insignibus
1643 2260 1738 2299 ex-

146 2335 403 2390 uberanti
440 2336 778 2405 aequiparare
817 2343 1099 2390 conentur.
1128 2335 1262 2388 Nam
1308 2334 1374 2397 si,
1406 2342 1463 2388 ut
1500 2333 1575 2387 illi
1607 2333 1739 2388 deli-

146 2436 295 2493 rant,
333 2428 598 2497 imagines
647 2443 788 2483 arcae
826 2427 1132 2482 testamenti
1177 2421 1389 2483 Domini
1447 2425 1738 2480 assimilari

143 2528 378 2589 queunt,
439 2535 659 2576 necesse
699 2529 784 2576 est
811 2529 872 2576 ut
899 2521 1152 2590 quiddam
1185 2521 1259 2574 sit
1288 2519 1434 2575 circa
1459 2533 1552 2574 eas
1594 2519 1740 2588 quod

142 2609 524 2680 propitiatorio
573 2610 858 2665 assimilari
884 2613 1095 2680 ‘queat,
1126 2623 1346 2665 necesse
1374 2616 1458 2664 est
1504 2615 1564 2662 ut
1621 2622 1739 2662 me—

145 2700 350 2754 tuenda
380 2701 504 2756 inde
525 2701 745 2756 oracula
771 2702 984 2758 dentur.
1001 2701 1119 2757 Non
1144 2709 1325 2756 autem
1353 2700 1475 2755 inde
1495 2699 1740 2768 quaedam

143 2792 372 2847 oracula
406 2793 642 2848 dantur:
682 2807 789 2848 non
822 2793 1006 2862 igitur,
1051 2800 1113 2847 ut
1156 2791 1232 2846 illi
1273 2789 1562 2860 desipiunt,
1608 2790 1764 2844 ima--

143 2884 304 2954 gines
329 2900 470 2940 arar
497 2881 800 2941 testamenti
827 2887 1039 2941 Domini
1062 2884 1351 2941 assimilari
1373 2891 1596 2955 queunt.

717 2976 946 3032 CAPUT
968 2976 1180 3032 XXVII.

147 3043 310 3110 Quod
342 3062 549 3115 magna:
588 3047 654 3101 sit
683 3047 988 3118 temeritatis
1023 3048 1345 3118 ingentisque
1398 3047 1740 3118 absurditgtis
1770 3036 1816 3097 C

211 3133 359 3188 stupe
395 3126 714 3173 memoratas
743 3117 996 3188 imagines
1042 3116 1314 3187 corpori'et
1356 3119 1601 3188 sanguini
1626 3116 1738 3188 Do-

213 3185 416 3239 minico
447 3188 773 3257 wquiparare
812 3185 965 3250 velle,
1024 3185 1158 3240 sicut
1185 3187 1240 3242 in
1286 3185 1472 3242 eadem
1516 3187 1742 3242 vanitate

211 3272 341 3324 quae
369 3272 463 3324 pro
482 3256 589 3310 illis
627 3259 817 3327 scripta
848 3266 922 3310 est
951 3257 1158 3327 legitur.

213 3346 360 3402 Cum
388 3347 647 3402 Dominus
677 3348 730 3402 in
771 3348 1060 3416 Evangelio
1093 3348 1278 3403 dicat:
1323 3347 1441 3401 Veri
1495 3347 1743 3401 adorato—

149 3455 224 3493 res
271 3439 573 3492 adorabunt
604 3439 812 3493 Patrem
840 3441 893 3492 in
919 3440 1105 3509 spiritu
1127 3448 1175 3492 et
1201 3440 1412 3493 veritate
1434 3438 1614 3508 (Joan.
1644 3437 1739 3506 iv),

147 3533 420 3585 miramur
461 3545 647 3585 eorum
676 3531 953 3586 vesaniam
979 3531 1069 3600 qui
1097 3531 1148 3584 in
1182 3530 1578 3584 adorandarum
1606 3528 1745 3580 isna-

145 3622 341 3690 ginum
368 3629 573 3676 tantam
605 3636 857 3676 exarsere
899 3620 1231 3683 socordiam,
1265 3626 1323 3673 ut
1349 3632 1474 3674 cum
1519 3632 1615 3672 eas
1645 3632 1744 3672 nec

146 3716 410 3785 spiritum
459 3729 558 3768 nec
605 3714 890 3768 veritatem
938 3729 1059 3769 esse
1114 3719 1366 3777 constet,
1410 3727 1518 3764 non
1567 3709 1743 3764 solum

145 3806 409 3867 adorare,
457 3806 550 3860 sed
576 3806 738 3860 etiam
789 3805 1002 3874 corpori
1059 3811 1112 3859 et
1163 3803 1411 3874 sanguini
1461 3801 1744 3856 Dominico

145 3902 494 3969 tequiparare
527 3914 618 3954 eas
643 3906 975 3968 pncsumant
993 3897 1271 3953 dicentes:
1320 3913 1338 3946 ι
1371 3893 1525 3950 Sicut
1548 3907 1744 3962 corpus

149 3991 500 4044 Dominicum
521 3997 575 4044 et
618 3989 838 4060 sanguis
883 4005 914 4042 a
951 3986 1215 4042 fructibus
1246 3994 1406 4040 terra:
1439 3985 1505 4040 ad
1530 3984 1742 4054 insigne

93 4079 106 4223 ί
147 4083 482 4154 mysterium
509 4083 724 4149 transit,
762 4083 836 4136 ita
877 4090 931 4136 et
977 4082 1236 4152 imagines
1285 4079 1553 4134 artificum
1592 4079 1747 4134 indu-

40 4095 60 4223 ζ
145 4173 286 4223 stria
315 4171 704 4223 comnaainatm
738 4171 806 4223 ad
833 4187 1018 4223 earum
1042 4185 1399 4223 personarum
1425 4169 1479 4223 in
1514 4183 1744 4223 auarum

145 4173 286 4227 stria
315 4171 704 4242 compaginata:
738 4171 806 4226 ad
833 4187 1018 4227 earum
1042 4185 1399 4242 personarum
1425 4169 1479 4224 in
1514 4183 1744 4239 quarm
1777 4178 1788 4186 ’

146 4263 569 4318 similitudinem
631 4265 1118 4336 compaginantur,
1178 4270 1457 4318 transeant
1518 4276 1747 4316 venera-

95 4331 106 4418 ἱ
145 4358 385 4410 tionem.
424 4375 441 4406 ι
470 4355 604 4411 Cum
649 4357 857 4412 scilicet
901 4356 1145 4427 corporis
1180 4363 1235 4410 et
1260 4354 1539 4426 sanguinis
1562 4353 1745 4408 Domi-

147 4450 262 4504 nici
320 4459 719 4505 sacramentum
773 4450 840 4504 ad
866 4449 1434 4504 commemorationem
1481 4462 1592 4500 sua:
1626 4460 1751 4514 pas-

147 4541 335 4595 sionis
358 4548 415 4595 et
469 4550 669 4596 nostra:
718 4540 908 4595 salutis
937 4539 1092 4594 nobis
1121 4553 1437 4594 concessum
1469 4537 1536 4590 ab
1561 4534 1751 4591 eodem

151 4633 471 4686 mediatore
509 4631 603 4687 Dei
631 4640 686 4686 et
726 4631 1003 4686 hominum
1030 4670 1046 4695 ,
1086 4645 1183 4699 per
1206 4643 1426 4684 manum
1457 4625 1753 4682 sacerdotis

148 4733 203 4776 et
231 4724 641 4778 invocationem
668 4723 832 4779 divini
875 4722 1108 4777 nominis
1129 4721 1468 4787 conficiatur,
1493 4721 1755 4789 imagines

94 4788 110 4952 Ι
152 4827 294 4865 vero
341 4811 546 4866 nullius
581 4827 773 4866 manus
814 4811 1171 4880 impositionis
1197 4811 1281 4865 vel
1329 4809 1756 4865 consecrationis

145 4903 424 4952 mvsterio
468 4902 791 4952 indigentes.
844 4917 953 4952 non
985 4903 1052 4952 ab
1103 4903 1224 4952 aliis
1269 4902 1375 4952 nisi
1415 4902 1483 4952 ab
1531 4901 1616 4952 his
1664 4900 1756 4952 aui

145 4903 424 4974 mysterio
468 4902 792 4974 indigentes,
844 4917 953 4956 non
985 4903 1052 4957 ab
1103 4903 1224 4956 aliis
1269 4902 1375 4956 nisi
1415 4902 1483 4955 ab
1531 4901 1616 4955 his
1664 4900 1756 4970 qui

145 4994 408 5064 pictoria:
431 4995 564 5048 artis
591 4994 924 5064 experientia
957 4993 1148 5048 imbuti
1171 5001 1296 5048 sunt
1322 5001 1377 5047 et
1395 4991 1757 5048 conﬁciendo-

85 4957 106 5204 ί
148 5104 281 5143 rum
308 5086 552 5142 colorum
590 5087 840 5157 peritiam
863 5087 1090 5148 habent,
1117 5085 1201 5140 vel
1229 5086 1298 5139 ab
1338 5085 1422 5139 his
1463 5083 1555 5154 qui
1586 5082 1756 5136 fabri-

148 5179 215 5204 11,-
250 5179 339 5204 --Α1
369 5178 635 5204 Αι-ΙΔ.ιι-Δυι
692 5177 774 5204 οοΛΙ
811 5186 969 5204 ,ιιι-..Μ
1018 5176 1240 5204 ΑΙῖιι--ἶιιη
1297 5177 1428 5204 ιιι-οἶα
1483 5182 1754 5204 ΛΛΜἏΛηθη

48 5097 70 5150 \

99 5205 110 5240 l

148 5104 281 5143 rum
308 5086 552 5142 colorum
590 5087 840 5157 peritiam
863 5087 1090 5148 habent,
1117 5085 1201 5140 vel
1229 5086 1298 5139 ab
1338 5085 1422 5139 his
1463 5083 1555 5154 qui
1586 5082 1756 5136 fabri-

148 5179 220 5235 lis
250 5179 341 5233 vel
365 5178 637 5234 calatum
692 5177 778 5232 vel
809 5186 970 5233 certae
1018 5176 1244 5247 alicujus
1297 5177 1432 5230 artis
1481 5182 1758 5243 comperta

151 5272 508 5328 institutione
530 5280 583 5327 ct
605 5272 823 5342 cognita
848 5270 900 5324 vi
925 5270 1170 5325 materia:
1200 5269 1380 5324 vultus
1407 5275 1754 5336 componunt,

153 5363 389 5417 formari
439 5370 493 5418 et
535 5360 905 5431 compaginari
938 5369 1252 5416 noscantur.
1286 5358 1353 5414 Et
1399 5358 1655 5412 nimirum
1690 5357 1758 5411 ad

157 5470 366 5510 norum
393 5454 853 5510 consecrationem
896 5454 1150 5509 sacerdos
1190 5451 1479 5516 infulatus,
1527 5449 1761 5504 circum-

158 5546 369 5600 stantis
407 5545 584 5616 populi
609 5545 1016 5615 deprecationes
1062 5543 1176 5599 suis
1218 5543 1472 5615 precibus
1499 5541 1754 5608 miscens,

159 5655 299 5694 cum
323 5639 534 5694 interno
563 5637 742 5706 rugitu
767 5637 1082 5692 memoriam
1115 5635 1277 5691 faciat
1313 5635 1605 5689 Dominicac
1637 5649 1757 5702 pas-

103 5243 119 5398 l

1834 1794 1934 1849 lias
1963 1794 2171 1850 comedi
2192 1792 2434 1861 jubetur,
2462 1801 2517 1846 et
2539 1791 2886 1848 colendarum
2913 1794 2996 1849 vel
3021 1795 3420 1850 adorandarum

1836 1885 2128 1956 imaginum
2175 1899 2306 1939 usus
2351 1883 2575 1939 omnino
2604 1884 2908 1939 abdicatur.
2964 1884 3422 1956 Psalmograpbus

1835 1990 2048 2044 quoque
2073 1983 2128 2029 et
2161 1989 2356 2044 panem
2414 1973 2748 2041 angelorum,
2811 1973 3091 2029 Christum
3145 1974 3416 2041 videlicet,

1836 2067 1902 2122 ab
1927 2067 2234 2121 hominibus
2271 2064 2725 2130 manduCandum,
2750 2075 2805 2120 et
2844 2066 3141 2136 imaginum
3172 2065 3422 2121 condito-

1837 2173 1924 2213 res
1947 2158 2150 2214 similes
2183 2159 2268 2213 his
2313 2172 2433 2227 quae
2466 2157 2775 2212 conduntur
2799 2157 3124 2226 imaginibus
3152 2158 3269 2212 lleri
3295 2173 3423 2212 sua-

1838 2252 2025 2306 visona
2060 2250 2424 2305 modulatione
2467 2250 2724 2304 cantavit.
2781 2250 2899 2318 Ipse
2948 2265 3182 2320 namque
3232 2256 3423 2304 auctor

1839 2342 2058 2396 humani
2089 2341 2321 2417 generis,
2349 2340 2438 2410 qui
2462 2354 2560 2408 pro
2584 2338 2753 2393 salute
2780 2349 2966 2393 nostra
3001 2353 3224 2393 carnem
3245 2336 3422 2394 nostri

1840 2447 2005 2487 causa
2037 2446 2144 2486 non
2166 2439 2249 2484 est
2287 2430 2610 2500 dedignatus
2657 2429 2924 2498 accipere,
2959 2443 3079 2482 cum
3111 2437 3166 2482 et
3213 2426 3427 2483 Veteris

1843 2523 2173 2579 Testamenti
2247 2521 2536 2578 terminum
2603 2532 2656 2577 et
2721 2520 2893 2586 Novi,
2955 2519 3420 2591 appropinquante

1842 2632 1952 2672 sua:
1984 2615 2363 2671 sacratissime
2385 2614 2653 2685 passionis
2696 2614 2813 2678 die,
2861 2612 3196 2668 salutiferum
3227 2609 3430 2666 consti-

1843 2717 2020 2764 tueret
2051 2707 2283 2772 initium,
2333 2714 2388 2760 et
2429 2706 2484 2760 in
2511 2721 2568 2761 se
2598 2706 2773 2776 lapide
2799 2704 3043 2776 angulari
3077 2704 3211 2758 duos
3236 2716 3303 2756 ex
3329 2701 3428 2758 ad-

1843 2815 2000 2856 verso
2025 2799 2257 2870 parietes
2293 2808 2640 2863 connectens,
2667 2805 2721 2852 et
2779 2796 3075 2851 secundum
3101 2792 3422 2863 Apostolum

1844 2891 2049 2946 faciens
2094 2899 2322 2959 utraque
2364 2905 2550 2953 unum,
2581 2895 2804 2957 accepto
2832 2903 2988 2957 pane,
3034 2885 3321 2941 benedicta
3364 2899 3430 2939 ac

1845 2987 2037 3051 fracto,
2098 2986 2202 3039 hoc
2254 2983 2491 3039 salutare
2539 2978 2817 3047 discipulis
2866 2976 3013 3031 dedit
3066 2983 3427 3046 praeceptum:

1845 3078 2096 3147 Accipite,
2127 3074 2320 3146 inquit,
2347 3082 2395 3127 et
2419 3072 2756 3133 manducate,
2785 3069 2884 3122 hoc
2921 3077 2998 3122 cst
3016 3083 3203 3138 corpus
3226 3083 3432 3122 meum:

1841 3167 2083 3221 similiter
2109 3175 2158 3219 et
2189 3163 2403 3218 calicem
2442 3169 2717 3231 postquam
2746 3157 2963 3211 ctenavit
2992 3156 3270 3225 accipiens,
3292 3155 3434 3209 dedit

1843 3255 2112 3326 discipulis
2139 3256 2248 3309 suis
2287 3254 2486 3316 dicens,
2525 3249 2755 3319 Accipite
2777 3256 2824 3302 et
2856 3247 3011 3300 bibite
3034 3261 3052 3298 :
3077 3246 3160 3299 hic
3193 3254 3269 3298 est
3295 3245 3434 3298 enim

1843 3347 1991 3402 calix
2013 3344 2285 3414 sanguinis
2307 3342 2407 3396 mei
2432 3340 2569 3394 Novi
2598 3347 2646 3392 et
2682 3337 2863 3392 aeterni
2890 3335 3200 3389 Testamenti
3226 3334 3313 3403 qui
3340 3349 3435 3403 pro

1843 3435 1985 3489 vobis
2005 3443 2051 3486 et
2074 3449 2167 3503 pro
2191 3430 2367 3484 multis
2392 3428 2693 3498 effundetur
2727 3427 2780 3478 in
2804 3425 3159 3478 remissionem
3189 3432 3397 3492 peccato
3413 3451 3429 3462 -

1845 3539 1980 3576 rum.
2012 3521 2141 3576 Haec
2179 3521 2584 3590 quotiescunque
2612 3516 2858 3586 feceritis,
2884 3515 2938 3567 in
2975 3515 3078 3567 mei
3120 3514 3428 3567 memoriam

1845 3613 2049 3683 facietis
2106 3610 2158 3681 (1
2205 3609 2328 3665 Cor.
2358 3609 2459 3679 xi).
2492 3607 2626 3662 Cum
2658 3621 2787 3677 ergo
2838 3605 2994 3658 istius
3036 3603 3426 3659 evidentissimi

1845 3711 1900 3758 et
1929 3700 2264 3757 sacrosancti
2316 3699 2562 3770 mysterii
2618 3705 2672 3752 et
2724 3711 2822 3766 per
2855 3695 3067 3749 Veteris
3097 3693 3432 3749 Testamenti

1847 3791 2104 3861 mysticas
2131 3789 2329 3857 figuras
2353 3827 2366 3850 ,
2399 3795 2453 3841 et
2476 3801 2575 3855 per
2609 3784 2743 3838 Novi
2769 3781 3163 3837 institutionem
3191 3780 3433 3835 salutife-

1846 3897 1966 3938 rum
1997 3891 2051 3936 et
2104 3881 2223 3934 luce
2261 3878 2460 3933 clarius
2519 3884 2702 3931 teneat
2739 3873 2978 3930 Ecclesia
3024 3873 3428 3937 documentum,

1847 3972 2246 4028 adorandarum
2275 3953 2569 4039 imaginum
2631 3967 2754 4021 huic
2802 3981 2910 4021 non
2965 3973 3048 4019 est
3077 3964 3437 4034 coaaquandus

1848 4061 2300 4117 insolentissimus
2334 4074 2493 4122 usus,
2545 4057 2634 4128 qui
2683 4055 2934 4112 videlicet
2957 4069 3067 4110 non
3116 4054 3291 4110 solum
3319 4054 3440 4110 fieri

1847 4173 1956 4212 non
1980 4156 2220 4226 jubetur,
2273 4170 2460 4209 verum
2492 4154 2655 4207 etiam
2699 4161 2756 4208 et
2783 4167 2881 4222 per
2920 4151 3172 4222 paginam
3223 4151 3436 4207 Veteris

1849 4248 2201 4303 lnstrumenti
2243 4245 2604 4308 interdicitur,
2635 4252 2688 4299 et
2720 4244 2775 4298 in
2801 4241 2937 4297 Novi
2964 4243 3103 4298 serie
3123 4241 3440 4297 Tcstamen~

1853 4341 1896 4395 ti
1927 4357 2032 4395 non
2084 4340 2257 4395 solum
2281 4355 2387 4393 non
2428 4337 2764 4400 conceditur,
2798 4349 2987 4390 verum
3034 4333 3198 4388 etiam
3252 4347 3436 4402 repre-

1853 4433 2126 4486 lienditur.
2159 4429 2259 4496 Qui
2297 4428 2440 4482 enim
2471 4427 2605 4481 dixit
2631 4440 2644 4479 :
2671 4426 2806 4480 Caro
2842 4441 2956 4478 mea
2976 4440 3088 4478 vere
3115 4431 3189 4476 est
3217 4423 3361 4476 cibus
3385 4432 3436 4477 et

1851 4523 2063 4593 sanguis
2077 4537 2219 4574 meus
2242 4517 2355 4574 vere'
2371 4527 2444 4571 est
2463 4528 2614 4587 potus
2631 4516 2811 4588 (Joan.
2829 4514 2926 4585 vi);
2945 4523 2998 4568 et
3015 4528 3028 4566 :
3050 4513 3139 4584 qui
3152 4513 3437 4567 manducet

1851 4629 2021 4666 meam
2057 4626 2265 4664 carnem
2293 4617 2341 4662 et
2365 4607 2486 4660 bibit
2519 4623 2690 4660 meum
2725 4607 3049 4676 sanguinem,
3074 4604 3128 4657 in
3153 4621 3234 4658 mc
3263 4611 3437 4657 manet

1854 4712 1899 4755 et
1923 4717 2016 4771 ego
2037 4701 2091 4753 in
2122 4697 2212 4752 illo
2243 4696 2453 4768 (Ibid.),
2482 4711 2588 4749 non
2617 4695 2749 4749 dixit
2774 4709 2788 4747 :
2839 4693 3022 4763 Imago
3049 4707 3168 4748 mea
3205 4708 3333 4748 vere
3358 4701 3443 4746 est

1853 4794 1985 4857 vita,
2011 4798 2064 4845 et
2091 4789 2302 4860 pictura
2331 4786 2536 4842 nomini
2574 4800 2696 4840 meo
2722 4783 2955 4852 ascripta
2998 4797 3125 4839 vere
3145 4791 3230 4838 est
3270 4782 3436 4848 salus,

1855 4893 1912 4939 et
1982 4883 2074 4952 qui
2156 4880 2330 4951 pingit
2405 4893 2583 4933 meam
2640 4876 3068 4941 similitudinem,
3126 4883 3180 4931 et
3245 4876 3439 4930 adorat

1857 4992 2034 5033 meam
2069 4973 2356 5044 imaginem
2400 4967 2783 5034 manufactam,
2844 4967 2899 5020 in
2922 4981 3008 5022 me
3051 4973 3234 5020 manet
3257 4974 3313 5020 et
3340 4979 3441 5035 ego

1859 5072 1914 5126 in
1957 5069 2066 5124 illo.
2117 5067 2185 5120 Et
2242 5062 2334 5133 qui
2376 5060 2529 5124 dixit,
2577 5057 2697 5112 Nisi
2751 5056 3191 5110 manducaveritis
3231 5071 3440 5108 carnem

1859 5161 1958 5233 ﬁlii
1977 5158 2221 5220 hominis,
2247 5163 2293 5209 et
2316 5151 2546 5208 biberitis
2572 5150 2688 5218 ejus
2706 5148 3036 5218 sanguinem,
3063 5162 3166 5199 non
3189 5144 3444 5199 habebitis

1860 5255 2018 5309 vitam
2031 5253 2086 5306 in
2104 5250 2244 5305 vobis
2257 5245 2309 5320 (1
2313 5243 2400 5298 bid
2407 5242 2468 5312 .),
2483 5257 2591 5297 non
2605 5240 2760 5304 dixit,
2774 5239 2888 5294 Nisi
2901 5237 3252 5307 depinxeritis
3268 5251 3444 5290 meam

1861 5343 2171 5415 imaginem,
2205 5345 2259 5391 et
2291 5332 2643 5390 adoraveritis
2684 5345 2859 5385 meam
2888 5329 3114 5398 pictoria
3159 5336 3271 5382 arte
3312 5343 3438 5383 con-

1863 5443 2122 5493 structam
2143 5425 2566 5488 similitudinem,
2592 5438 2701 5477 non
2716 5419 2982 5476 habebitis
3000 5420 3165 5474 vitam
3193 5420 3248 5475 in
3271 5418 3444 5474 vobis.

1862 5529 1961 5596 Qui
1989 5525 2152 5594 igitur
2177 5519 2314 5575 dixit
2351 5535 2364 5570 :
2399 5515 2512 5585 Ego
2549 5530 2665 5568 sum
2718 5512 2870 5583 panis
2903 5513 3043 5566 vivus
3077 5511 3166 5582 qui
3211 5510 3275 5565 de
3323 5506 3448 5563 caelo

1864 5617 2126 5682 descendi,
2157 5615 2200 5667 si
2225 5611 2342 5682 quis
2367 5625 2430 5664 ea:
2459 5608 2570 5676 ipso
2605 5605 2999 5661 manducauerit
3040 5621 3141 5660 non
3173 5603 3448 5664 morietur,
