3990 6302
625 255 759 316 [095

1501 248 1565 304 Β.
1594 186 2097 307 CAROLI‘MAGNI
2132 240 2283 300 OPP.
2324 238 2504 293 PARS
2528 237 2604 293 ‘II.
2642 235 2887 309 SECTIO
2923 237 2984 291 II.
3050 302 3058 325 .

3631 253 3726 314 Mli

622 368 705 423 ted
729 364 934 421 habebit
963 362 1120 419 vitam
1149 369 1418 425 aeternam,
1446 368 1495 414 et
1526 375 1619 430 ego
1663 358 1924 412 suscitabo
1970 372 2088 412 eum
2131 355 2189 408 in
2218 359 2268 417 Α
2290 350 2440 406 tione
2464 364 2653 405 omnes
2679 349 2773 418 qui
2805 357 2965 405 rectae
2993 350 3113 405 ﬁdei
3147 361 3264 407 sunt
3308 354 3555 424 salveutur,
3585 378 3727 425 mu.

620 454 894 512 novissimo
922 453 1007 508 die
1026 453 1207 524 (Joan.
1224 451 1301 522 vt)
1319 467 1334 517 ;
1351 456 1407 504 et
1429 450 1657 503 iterum:
1687 446 1837 504 Sicut
1856 447 1997 501 misit
2019 461 2098 500 me
2121 446 2195 498 υί-
2254 472 2257 474 >

619 560 735 599 oens
766 542 948 607 Pater,
972 550 1020 594 et
1046 550 1140 610 ego
1160 539 1268 593 vivo
1292 546 1502 608 propter
1536 536 1770 600 Patrem,
1799 543 1847 588 et
1865 534 1954 605 qui
1974 533 2199 587 mandu-

618 640 701 686 cat
724 647 827 696 me,-
863 631 972 700 ipse
997 629 1118 682 uiuit
1140 636 1350 697 prapter
1384 640 1466 678 me
1493 622 1684 697 (Ibid.)
1700 640 1718 688 ;
1744 631 1801 677 et
1823 623 2018 676 iterum
2050 634 2066 674 :
2096 619 2199 673 Hic

616 733 693 779 est
716 740 866 779 verus
886 723 1037 794 panis
1062 720 1159 774 Dei
1178 720 1269 790 qui
1284 718 1349 773 de
1372 716 1499 771 caelo
1547 714 1830 780 descendit,
1855 722 1903 768 et
1924 715 2082 767 uitam
2104 711 2201 765 tri-

620 816 731 869 buit
776 812 971 867 mundo
1004 827 1023 865 :
1051 812 1138 881 qui
1177 808 1569 865 manducauerit
1617 824 1684 862 ea:
1725 824 1785 861 eo
1835 811 2105 877 permanet
2143 803 2201 858 in

620 912 893 967 internum,
919 908 967 954 et
989 900 1141 970 panis
1159 915 1310 969 quem
1353 914 1447 968 ego
1471 896 1606 951 dabo
1630 897 1678 951 ei
1705 911 1828 949 caro
1850 911 1965 948 mea
1993 902 2067 948 est
2107 906 2201 961 pro

619 992 804 1045 mundi
837 991 960 1045 vita.
984 988 1089 1054 Qui
1118 988 1279 1043 credit
1306 988 1360 1040 in
1392 1002 1473 1040 me
1513 1000 1618 1039 non
1641 985 1829 1039 esuriet
1870 998 2030 1053 neque
2064 980 2201 1035 sitiet

622 1096 852 1150 unquam
878 1078 1091 1150 (Ibid.),
1123 1078 1259 1134 nihil
1291 1077 1394 1132 tale
1413 1077 1623 1146 uspiam
1653 1077 1718 1131 de
1744 1074 1978 1145 imagine
2009 1071 2204 1141 legitur

623 1169 841 1235 dixisse,
869 1185 993 1225 cum
1020 1168 1288 1234 videlicet,
1311 1175 1372 1222 ut
1393 1166 1603 1236 praefati
1640 1178 1846 1231 sumus,
1878 1177 2205 1219 commemo-

622 1261 888 1316 rationem
901 1276 1012 1316 sua:
1035 1259 1421 1316 sacratissima:
1428 1256 1698 1327 passionis
1710 1270 1816 1312 non
1836 1256 1895 1311 in
1912 1253 2201 1317 artiﬁcum,

622 1367 734 1408 non
761 1352 817 1407 in
850 1355 1246 1408 mundanamm
1277 1349 1478 1405 artium
1504 1348 1754 1417 opiﬁciis,
1781 1347 1876 1402 sed
1932 1346 1989 1400 in
2015 1360 2207 1402 conse-

624 1442 864 1497 cratione
894 1443 978 1497 sui
1026 1441 1270 1511 corporis
1290 1447 1346 1495 et
1392 1439 1673 1510 sanguinis
1725 1437 2083 1501 constituerit,
2106 1450 2208 1491 nec

625 1530 786 1586 ﬁdem
816 1538 871 1584 et
889 1528 1283 1585 confessionem
1308 1543 1461 1583 suam
1488 1528 1543 1581 in
1570 1527 1816 1597 picturis,
1845 1526 1939 1582 sed
1958 1525 2014 1579 in
2038 1538 2133 1580 ore
2154 1532 2211 1579 et

624 1620 813 1676 corde.
832 1619 949 1674 ﬁeri
991 1619 1310 1684 decreverit,
1360 1618 1573 1674 dicente
1625 1616 1905 1686 Scriptura
1964 1633 1979 1669 :
2038 1614 2208 1670 Corde

2297 456 2445 496 casa
2478 439 2625 495 nullo
2650 454 2839 495 eorum
2880 432 2972 509 qui
3025 456 3164 497 sanas
3201 446 3382 501 mentis
3430 449 3732 523 intelligentiam

2298 531 2517 596 habent,
2548 526 2700 585 tanto
2724 532 2984 600 mysterio
3021 534 3417 603 tequiparandas.
3441 538 3528 605 Qui
3564 550 3730 615 ergoah-

2300 624 2473 679 solute
2484 638 2672 678 omnes
2700 622 2991 693 imaginum
3021 625 3319 681 adoratione
3356 640 3565 686 carentes
3585 639 3734 695 anathc.

2301 712 2464 767 matis
2482 711 2696 767 vinculo
2719 711 2966 765 nituntur
3000 712 3233 782 obligare
3248 754 3263 777 ,
3302 719 3597 783 quaerendum
3613 724 3663 778 alo
3690 727 3745 782 ds

2301 812 2387 860 est
2408 805 2539 873 quid
2554 806 2626 860 de
2639 804 2896 874 apostolis
2916 806 3166 870 sentiant,
3187 822 3314 876 quos
3333 809 3461 863 nulla
3485 811 3609 866 docet
3623 818 3748 871 cathn.

2301 893 2420 948 licus
2446 894 2743 963 Scriptura:
2778 895 2949 949 series
2975 894 3231 965 imagines
3269 897 3457 966 uspiam
3477 899 3694 957 adorasse?
3709 916 3747 960 et

2304 993 2484 1039 tamen
2510 984 2686 1040 nullus
2717 984 2958 1040 ﬁdelium
2999 985 3235 1055 ambigit,
3262 1002 3360 1040 non
3401 988 3548 1043 solum
3578 1006 3662 1056 eos,
3686 995 3749 1047 sed

2304 1075 2469 1129 etiam
2497 1089 2686 1129 eorum
2714 1075 3035 1144 sequipedas
3061 1075 3292 1129 coelestia
3327 1092 3471 1146 regna
3492 1089 3742 1146 penetrasse:

2305 1166 2501 1237 quidve
2526 1166 2593 1221 de
2614 1166 2964 1237 martyribus,
2994 1166 3085 1235 qui
3117 1181 3149 1220 a
3183 1164 3325 1220 fonte
3367 1168 3645 1235 baptismatis
3667 1188 3741 1225 oon

2305 1255 2486 1310 festim
2514 1271 2611 1327 per
2627 1256 2877 1312 lictorum
2904 1268 3095 1309 manus
3114 1256 3229 1310 sine
3252 1256 3530 1310 adoratione
3547 1259 3750 1329 imaginum

2304 1349 2373 1403 ad
2391 1348 2635 1403 coelestia
2662 1362 2828 1419 regna
2865 1347 3200 1418 migrabant?
3223 1346 3406 1415 quidve
3442 1347 3501 1402 de
3530 1347 3752 1411 infantibus.

2307 1440 2400 1510 qui
2422 1438 2673 1510 originali
2689 1453 2829 1493 noxa
2851 1453 2948 1509 per
2966 1437 3237 1491 lavacrum
3257 1436 3753 1507 regenerationisabluti,

2307 1540 2363 1586 et
2401 1531 2632 1586 necdum
2677 1545 2776 1600 per
2818 1528 3148 1599 corporales
3176 1542 3357 1582 sensus
3394 1527 3564 1597 aliquid
3593 1524 3759 1596 hujusce.

2311 1622 2456 1678 modi
2489 1637 2650 1693 agere
2665 1621 2924 1687 valentes,
2949 1635 3087 1691 pene
3109 1629 3233 1674 ante
3265 1618 3483 1673 cmlestia
3503 1634 3632 1689 regna
3651 1630 3754 1688 qum

624 1709 858 1763 creditur
880 1708 949 1762 ad
962 1707 1249 1778 justitiam,
1278 1724 1365 1761 ore
1386 1715 1559 1761 autem
1605 1705 1862 1775 confessio
1882 1706 1940 1775 ﬁt
1963 1704 2031 1759 ad
2052 1705 2203 1759 salu-
2233 1702 2280 1762 Β
2307 1722 2644 1768 ιειιιιθῃοιιυω
2663 1728 2945 1783 gressuum
2968 1710 3257 1767 efﬁcaciam
3274 1709 3757 1781 appeteremernemnt?

624 1807 730 1856 tem
755 1798 934 1871 (Rom.
963 1797 1042 1870 ι).
1070 1799 1206 1853 Cum
1230 1798 1373 1853 enim
1408 1796 1541 1851 dicit
1564 1814 1577 1850 :
1614 1796 1675 1852 Si
1701 1797 1997 1850 manseritis
2045 1797 2100 1849 in
2127 1811 2209 1850 me

624 1900 675 1946 et
698 1891 851 1946 verba
871 1907 988 1945 mea
1015 1892 1073 1944 in
1093 1890 1233 1944 vobis
1254 1890 1538 1943 manserint
1566 1887 1747 1960 (Joan.
1772 1888 1883 1959 xv),
1920 1887 2209 1943 evidentis-

627 1978 763 2032 sime
783 1976 1021 2043 ostendit
1041 1992 1147 2032 non
1179 1977 1442 2046 imagines
1478 1976 1533 2029 in
1560 1976 1716 2031 nobis
1735 1984 1789 2031 et
1809 1990 1909 2031 nos
1938 1976 1994 2029 in
2019 1975 2233 2045 imagi—.

626 2069 788 2124 nibus
810 2083 1129 2138 permanere
1155 2069 1369 2133 debere,
1405 2067 1501 2122 sed
1527 2081 1626 2121 nos
1648 2065 1702 2119 in
1727 2081 1784 2121 se
1824 2081 1924 2134 per
1945 2065 2126 2131 ﬁdem,
2156 2072 2212 2119 et

627 2159 794 2213 verba
829 2172 925 2212 sua
952 2157 1007 2212 in
1041 2158 1199 2213 nobis
1224 2171 1321 2227 per
1366 2156 1612 2212 lectionis
1644 2158 1880 2211 studium
1928 2164 1983 2211 et
2027 2155 2210 2226 operis

627 2248 1079 2319 complementum
1097 2246 1405 2303 necessario
1426 2262 1681 2302 mansura
1710 2246 1973 2323 designat.
2011 2245 2211 2300 Paulus

626 2337 826 2408 quippe
853 2337 1146 2406 apostolus,
1172 2337 1279 2391 Vas
1303 2336 1606 2401 electionis,
1643 2336 1886 2405 corporis
1907 2344 1963 2390 et
1994 2335 2212 2405 sangui-

626 2424 713 2480 nis
744 2425 1012 2481 Dominici
1067 2435 1466 2482 sacramentum
1528 2441 1637 2481 non
1679 2424 1825 2481 omni
1871 2433 2211 2482 sacramento

626 2516 1090 2587 tequiparandum,
1128 2518 1221 2573 sed
1242 2533 1379 2587 pene
1400 2518 1651 2575 omnibus
1671 2517 2067 2588 praeferendum
2091 2531 2212 2572 esse

626 2612 968 2682 conspiciens
988 2611 1140 2675 dicit,
1164 2609 1356 2664 Probet
1387 2609 1525 2663 enim
1544 2625 1598 2663 se
1618 2608 1794 2674 homo,
1818 2616 1865 2662 et
1890 2608 1964 2662 sic
1989 2608 2053 2661 de
2077 2625 2211 2679 pane

593 2720 599 2735 ο
626 2700 719 2756 illo
745 2701 1044 2765 manducet,
1075 2710 1122 2754 et
1144 2700 1208 2753 de
1245 2698 1407 2753 calice
1438 2699 1596 2753 bibat.
1633 2697 1738 2763 Qui
1782 2710 1954 2753 autem
1981 2698 2211 2752 mandu-

626 2803 710 2848 cat
735 2802 783 2848 et
806 2788 931 2847 bibit
954 2793 1187 2864 indigne,
1218 2792 1485 2863 judicium
1526 2792 1625 2847 sibi
1670 2792 1953 2846 manducet
2000 2801 2048 2846 et
2085 2791 2211 2845 bibit

627 2881 681 2953 (I
708 2880 832 2937 Cor.
859 2880 961 2952 xi).
1015 2880 1154 2936 Cum
1202 2897 1331 2952 ergo
1370 2889 1530 2936 tantae
1587 2880 1968 2936 sollicitudinis
2033 2880 2212 2934 studio

625 2971 932 3041 probandos
957 2984 1051 3025 eos
1074 2970 1173 3047 .qui
1222 2970 1289 3024 ad
1318 2969 1435 3024 haec
1463 2971 1723 3025 sumenda
1747 2970 2009 3024 accedunt
2032 2977 2212 3024 osten-

627 3060 736 3127 dat,
761 3068 817 3136 et
842 3059 936 3128 qui
963 3041 1294 3130 negligenter
1318 3067 1374 3112 et
1399 3058 1703 3136 indignead
1731 3059 1844 3114 haec
1865 3059 2208 3141 percipienda
2232 3041 2280 3103 ο

628 3147 974 3213 conveniunt,
1015 3154 1175 3202 tanta)
1217 3146 1699 3202 animadversionis
1740 3148 1847 3203 telo
1874 3147 2052 3214 feriat,
2080 3148 2215 3204 nihil

628 3239 758 3296 huic
777 3238 953 3294 simile
980 3238 1048 3295 de
1072 3238 1157 3294 his
1186 3237 1279 3308 qui
1329 3238 1622 3308 imaginum
1677 3239 2043 3294 adorationem
2070 3238 2215 3294 refu-

628 3329 787 3402 giunt
808 3328 1031 3399 profert,
1056 3328 1150 3384 sed
1174 3343 1206 3383 e
1232 3329 1509 3384 contrario
1531 3329 1598 3384 de
1624 3329 1710 3385 his
1744 3330 1835 3399 qui
1861 3330 2000 3384 male
2025 3330 2214 3401 imagi-

629 3419 790 3475 nibus
814 3427 1040 3473 utuntur
1071 3418 1202 3473 dicit
1233 3435 1247 3471 :
1276 3417 1347 3471 Et
1410 3427 1735 3474 mutaverunt
1784 3419 2005 3490 gloriam
2042 3422 2214 3475 incor-

623 3509 887 3581 ruptibilis
915 3509 1010 3563 Dei
1058 3509 1113 3563 in
1157 3508 1553 3563 similitudinem
1609 3511 1958 3582 corruptibilis
1989 3513 2213 3568 [caminis

626 3599 896 3673 (Rom.1),
927 3608 983 3656 et
1004 3608 1219 3656 cetera.
1272 3601 1494 3657 Multum
1546 3604 1730 3674 igitur,
1758 3613 1814 3659 et
1863 3605 2004 3659 ultra
2050 3620 2213 3675 quam

626 3690 824 3746 mentis
853 3690 1011 3746 oculo
1058 3691 1350 3762 perstringi
1374 3701 1563 3761 queat,
1592 3694 1757 3750 distat
1816 3704 2214 3752 sacramentum
2248 3742 2255 3749 ,

625 3779 893 3834 Dominici
921 3783 1165 3852 corporis
1191 3789 1245 3836 et
1280 3782 1561 3852 sanguinis
1603 3785 1671 3839 ab
1694 3778 2021 3855 imaginibus
2044 3785 2216 3854 picto-

626 3883 749 3922 rum
774 3877 891 3924 arte
916 3871 1144 3939 depictis
1173 3888 1186 3925 :
1216 3887 1341 3926 cum
1356 3872 1610 3928 videlicet
1635 3873 1767 3927 illud
1801 3873 2065 3930 efﬁciatur
2087 3888 2231 3945 ope-g

626 3965 782 4011 rante
811 3958 1158 4014 invisibiliter
1217 3962 1409 4030 spiritu
1450 3961 1566 4027 Dei,
1593 3963 1677 4017 ha:
1712 3964 1999 4019 visibiliter
2051 3981 2214 4020 manu

628 4046 891 4113 artiﬁcis;
931 4048 1063 4104 illud
1086 4058 1434 4105 consecretur
1453 4066 1485 4104 a
1515 4053 1795 4107 sacerdote
1851 4054 2019 4108 divini
2044 4055 2216 4109 nomi-

628 4132 716 4190 nis
739 4136 1100 4202 invocatione,
1135 4139 1219 4194 hae
1265 4141 1555 4210 pingantur
1575 4156 1606 4194 a
1626 4142 1832 4211 pictore
1858 4144 2108 4200 humanae
2130 4162 2217 4200 ar-

626 4224 699 4281 tis
735 4226 1072 4292 eruditione;
1123 4224 1256 4283 illud
1289 4229 1547 4297 angelicis
1595 4232 1846 4288 manibus
1891 4233 1947 4289 in
1986 4231 2215 4291 sublime

625 4318 721 4373 Dei
743 4316 1015 4399 deferatur
1040 4318 1230 4399 altare,
1260 4318 1345 4374 hac
1368 4320 1619 4376 humanis
1646 4323 1894 4393 manibus
1921 4341 2018 4395 per
2038 4334 2212 4381 artem
2240 4348 2252 4399 ;

592 4417 848 4464 structa:
877 4394 945 4463 ad
978 4395 1291 4464 mirantium
1325 4409 1552 4471 intuitus
1594 4422 1863 4481 ponantur
1896 4394 1949 4468 in
1970 4416 2206 4485 pariete;

624 4513 724 4568 per
764 4498 895 4553 illud
931 4507 1155 4568 peccata
1198 4500 1543 4556 remittuntur
1567 4542 1583 4567 ,
1612 4518 1710 4571 per
1751 4504 1850 4560 has
1895 4490 1966 4561 si~
1998 4507 2213 4564 incaute

626 4588 920 4670 abutantur
949 4588 1305 4656 adjiciuntur;
1348 4590 1481 4646 illud
1510 4591 1564 4647 in
1614 4594 1816 4650 virtute
1841 4612 1940 4653 nec
1962 4613 2069 4668 quo
2095 4615 2214 4655 cre—

626 4685 742 4731 scat
768 4677 949 4742 habet,
991 4694 1090 4734 nec
1114 4679 1225 4735 ullo
1252 4682 1411 4737 modo
1442 4683 1721 4752 minuitur,
1750 4687 1835 4742 hae
1865 4705 1963 4758 pro
1985 4691 2211 4746 artiﬁcis

628 4767 843 4837 ingenio
866 4758 927 4822 in.
946 4771 1343 4842 pulchritudine
1366 4784 1421 4830 et
1454 4787 1707 4833 crescunt
1732 4786 1787 4834 et
1816 4782 2211 4848 quodammodo

625 4862 978 4930 minuuntur;
1028 4865 1177 4943 illud
1201 4868 1483 4924 conﬁrmat
1516 4886 1654 4926 nova
1702 4873 1999 4942 antiquitas
2025 4881 2081 4927 et
2117 4890 2211 4928 an-

627 4952 771 5021 tiqua
799 4947 1029 5022 novitas,
1070 4957 1169 5012 has
1193 4958 1514 5030 plerumque
1541 4964 1841 5033 corrumpit
1882 4965 2093 5019 cariosa
2119 4981 2211 5021 ve-

623 5048 824 5108 tustas;
853 5043 986 5098 illud
1017 5054 1100 5100 est
1122 5044 1229 5101 vita
1254 5056 1311 5104 et
1336 5047 1561 5104 refectio
1602 5052 1926 5116 animarum,
1951 5054 2033 5108 ha:
2057 5054 2211 5111 cibus

641 5133 992 5190 antummodo
1023 5137 1338 5205 oculorum;
1378 5133 1509 5195 illud
1536 5140 1683 5196 ducit
1713 5156 1811 5211 per
1834 5156 1988 5202 esum
2008 5145 2075 5199 ad
2101 5160 2211 5201 cm-

624 5220 777 5279 Iestis
802 5226 952 5296 regni
985 5227 1288 5296 introitum,
1316 5231 1399 5285 hac
1442 5245 1626 5287 rerum
1666 5241 1936 5303 gestarum
1962 5235 2211 5292 deferunt

628 5317 946 5372 memoriam
975 5334 1074 5388 per
1115 5319 1407 5388 intuitum;
1439 5322 1571 5377 illud
1619 5322 1820 5378 aboleri
1873 5326 1941 5380 ab
1969 5326 2210 5382 Ecclesia

626 5421 725 5462 nec
747 5406 801 5461 in
829 5410 1293 5478 persecutionibus
1321 5412 1513 5482 potuit,
1544 5413 1733 5468 harum
1773 5415 2040 5473 interdum
2068 5419 2211 5475 cols-

544 5528 551 5573 Ξ
627 5514 743 5554 rem
765 5508 1040 5579 guttarum
1065 5502 1292 5559 inluvies
1313 5504 1518 5571 abluit;
1546 5514 1601 5559 et
1625 5520 1748 5560 cum
1774 5507 1890 5562 sine
1923 5509 2067 5565 illius
2089 5526 2209 5582 per,-

558 5632 573 5671 ._
625 5593 871 5653 contione
897 5608 1056 5650 nemo
1087 5595 1342 5667 salvetur,
1376 5595 1494 5652 sine
1534 5597 1757 5655 istarum
1785 5614 1918 5659 vero
1955 5604 2209 5661 observa-

2309 1804 2368 1859 Si
2406 1819 2595 1859 omnes
2625 1804 2919 1871 imaginum
2952 1801 3264 1857 adoratione
3297 1809 3518 1856 carentes
3556 1802 3757 1855 secundum

2307 1896 2523 1951 illorum
2541 1895 2885 1950 falsissimam
2908 1893 3220 1964 opinionem
3261 1900 3487 1962 pereunt,
3508 1891 3681 1946 infantes
3694 1892 3753 1945 ha.

2305 1986 2576 2055 ptismatis
2596 1983 2738 2040 unda
2752 1985 2847 2040 loti
2863 1994 2918 2038 et
2942 1984 3187 2053 corporis
3213 1982 3459 2037 Dominici
3477 1982 3618 2036 edulio
3629 1990 3670 2035 et
3685 1996 3764 2034 san-

2307 2074 2705 2145 guinis-haustu
2730 2074 2933 2141 satiati,
2962 2073 3057 2143 qui
3083 2073 3308 2128 necdum
3343 2071 3570 2143 imagines
3610 2071 3760 2125 adorare

2306 2164 2591 2218 valuerunt
2616 2173 2671 2219 et
2724 2165 2803 2219 sic
2824 2179 2855 2219 e
2899 2164 3098 2219 saeculo
3128 2164 3492 2231 migraverunt,
3518 2169 3763 2232 perennmt

2308 2252 2355 2307 si
2407 2260 2660 2321 pereunt,
2713 2252 2973 2308 Veritatis
3032 2252 3256 2307 verbum
3320 2260 3538 2304 cassatur
3567 2248 3759 2323 dicentis:

2310 2341 2480 2397 Sinite
2516 2342 2758 2411 parvulos
2783 2344 2953 2396 venire
2980 2342 3051 2396 ad
3075 2358 3157 2395 me
3182 2358 3200 2395 :
3226 2340 3478 2394 taliumest
3495 2341 3604 2393 enim
3620 2352 3759 2407 regem

2309 2430 2556 2485 caelorum
2582 2432 2796 2503 (Matth.
2822 2448 2979 2498 xvm,
3005 2431 3181 2486 Marc.
3207 2430 3284 2502 ι).
3328 2430 3433 2485 Non
3467 2438 3611 2484 autem
3629 2427 3767 2482 Verita-

2310 2520 2383 2574 tis
2403 2522 2625 2575 verbum
2650 2520 2950 2578 infantibus
2977 2536 3204 2592 regnum
3241 2520 3480 2576 cmlorum
3505 2515 3761 2588 promittentis

2310 2618 2574 2676 cassatur,
2612 2628 2718 2666 non
2764 2612 2929 2683 igitur
2963 2618 3198 2681 pereunt
3241 2624 3421 2666 omnes
3462 2608 3690 2679 imaginum
3708 2604 3771 2660 ad-

2310 2701 2560 2756 oratione
2613 2711 2880 2756 carentes.

2856 2791 3088 2848 CAPUT
3128 2792 3356 2847 XXVIII.

2315 2906 2527 2971 Quanta
2567 2908 2769 2961 ratione
2798 2908 3106 2977 mysterium
3148 2905 3435 2977 Dominicis
3467 2901 3668 2977 crucisab
3687 2900 3772 2952 ina—

2382 2978 2600 3048 ginibus
2630 2978 2805 3043 distet,
2836 2973 2967 3048 quas
2996 2978 3213 3047 quidem
3253 2977 3330 3030 illi
3360 2976 3509 3029 eidem
3547 2973 3772 3041 a’qut'parert

2384 3047 2716 3101 contendunt.
2738 3078 2742 3082 Α

2383 3138 2527 3206 Quot
2550 3138 2880 3195 excellentizn
2900 3139 3279 3209 praerogativis
3315 3148 3495 3208 quotve
3512 3135 3704 3188 virtutum
3721 3130 3765 3181 in

2313 3226 2557 3302 signibus
2616 3231 2934 3301 mysterium
2980 3231 3279 3286 Dominica:
3341 3228 3504 3286 crucis
3549 3220 3772 3282 manufactis

2313 3322 2656 3394 imaginibus,
2691 3337 2827 3392 quas
2854 3323 2930 3377 illi
2962 3332 3172 3379 temere
3198 3324 3246 3378 ei
3267 3324 3570 3393 aequiparare
3589 3316 3773 3373 adsolent.

2312 3415 2568 3478 emineat,
2596 3398 2776 3484 operte
2800 3402 3033 3483 pretium
3066 3425 3151 3471 est
3178 3414 3411 3470 breviter
3435 3413 3640 3482 pandere,
3661 3415 3768 3473 qum

2312 3520 2477 3575 quam
2505 3512 2690 3560 nostra
2712 3505 3090 3574 prosecutione
3125 3519 3347 3575 prorsus
3366 3500 3586 3573 explicari
3609 3498 3774 3561 nequeat

2315 3593 2430 3650 Hoc
2462 3594 2609 3649 enim
2647 3592 2843 3649 vexillo
2888 3594 3152 3663 antiquus
3185 3595 3373 3659 Ιιοειίε,
3417 3608 3510 3647 non
3533 3584 3775 3656 imaginibus,

2313 3685 2489 3739 victus
2517 3693 2601 3738 est
2616 3702 2637 3737 με
2680 3685 2767 3739 bis
2805 3684 2993 3747 armis,
3036 3700 3148 3739 non
3188 3685 3424 3739 colorum
3463 3682 3593 3742 fucis,
3617 3669 3778 3731 diabolus

2313 3782 2650 3845 expugnatus
2676 3778 2799 3839 est;
2839 3789 2937 3843 per
2962 3775 3126 3839 hanc,
3168 3789 3275 3828 non
3316 3788 3410 3842 per
3439 3773 3649 3842 picturas,
3676 3758 3778 3815 infer-

2313 3868 2369 3921 ni
2399 3866 2635 3920 claustra
2681 3863 2941 3918 destituta
2971 3871 3097 3917 sunt
3124 3880 3139 3928 ;
3182 3878 3282 3934 per
3309 3863 3458 3926 hanc,
3506 3873 3592 3913 non
3614 3867 3685 3924 per
3709 3847 3781 3901 illas

2314 3958 2611 4012 humanum
2638 3962 2804 4023 genus
2853 3953 3196 4022 redemptum
3220 3962 3323 4007 est.
3361 3952 3415 4005 In
3443 3962 3580 4005 cruce
3614 3952 3782 4006 namque,

2316 4062 2423 4100 non
2474 4046 2529 4098 in
2584 4040 2932 4114 imaginibus,
2973 4044 3213 4114 pretium
3270 4043 3447 4099 mundi
3489 4034 3701 4111 pependit.
3727 4027 3784 4082 Illa

2314 4139 2499 4206 itaque
2546 4137 2615 4191 ad
2639 4134 2834 4190 servile
2884 4135 3230 4206 supplicium,
3260 4150 3367 4190 non
3414 4131 3621 4203 quaedam
3655 4125 3783 4188 ἰηιθὲοι

2316 4227 2567 4281 ministra
2595 4224 2839 4291 exstitit;
2880 4224 2986 4279 hoc
3014 4233 3098 4279 est
3149 4225 3325 4281 nostri
3373 4223 3504 4292 regis
3526 4217 3785 4286 insigne,non

2317 4317 2563 4389 quaadam
2606 4317 2839 4385 pictura,
2889 4315 3031 4384 quod
3058 4316 3235 4371 nostri
3279 4314 3533 4369 exercitus
3574 4303 3785 4361 indesinen-

2316 4418 2399 4465 ter
2443 4407 2715 4479 aSpiciunt
2758 4407 3038 4478 legiones:
3084 4407 3192 4462 hoc
3220 4417 3303 4462 est
3331 4406 3525 4477 signum
3566 4394 3696 4455 nostn'
3726 4391 3783 4444 im-

2312 4501 2597 4572 peratoris,
2665 4517 2773 4555 non
2851 4500 3251 4570 compaginalio
3312 4499 3554 4560 colorum,
3609 4486 3712 4560 quod
3745 4480 3785 4534 ad

2312 4594 2561 4664 praelium
2622 4602 2821 4669 nostra;
2889 4603 3191 4664 sequuntur
3255 4592 3512 4649 cohortes.
3546 4587 3644 4643 Non
3682 4579 3787 4652 ἰδίων

2312 4689 2556 4757 quaedam
2608 4683 2905 4742 materialis
2959 4686 3156 4758 imago,
3220 4688 3314 4742 sed
3380 4681 3638 4740 Dominicaa
3675 4669 3786 4728 crucis
3878 4720 3879 4731 χ

2311 4780 2631 4851 mysterium
2677 4786 2762 4834 est
2808 4779 3085 4845 vexillum,
3126 4780 3272 4849 quod
3303 4779 3356 4833 in
3386 4788 3560 4844 campo
3588 4764 3725 4826 duelli:
3751 4764 3795 4851 ιιι,

2311 4868 2508 4925 fortius
2537 4869 2910 4941 conﬂigamus,
2960 4870 3113 4939 sequi
3161 4871 3456 4934 debemus;
3493 4853 3786 4925 amnisquam
3878 4888 3879 4895 ‘

2280 4957 2613 5012 ’libertatem
2646 4959 2785 5013 tueri
2829 4958 3145 5025 valeamus;
3185 4950 3431 5023 munitio,
3480 4968 3575 5024 qua
3614 4945 3787 5003 infestan-

2310 5050 2444 5104 tium
2500 5050 2738 5104 hostium
2772 5051 3027 5123 incursus
3080 5051 3365 5106 evitemus.
3404 5049 3495 5103 Est
3534 5043 3651 5099 enim
3679 5030 3787 5090 eaSSis

2310 5154 2416 5208 qua
2467 5139 2719 5195 diabolici
2770 5142 2918 5196 ensis
2947 5140 3198 5212 impulsio
3236 5141 3500 5211 quatitur;
3536 5142 3608 5190 est
3624 5129 3788 5198 dyl’m’

2310 5236 2401 5305 qui
2432 5237 2501 5292 ad
2530 5237 2887 5293 resistendum
2921 5238 3063 5293 illius
3091 5234 3386 5293 missilibus
3411 5236 3525 5289 telis
3549 5223 3786 5316 oppon“?

2309 5335 2394 5379 cst
2439 5328 2654 5393 thorax,
2685 5343 2793 5398 quo
2823 5328 2971 5386 illius
3008 5330 3338 5400 spiculorum
3382 5329 3488 5383 sive
3518 5306 3791 5394 pilorumiui‘

2309 5419 2391 5474 sio
2428 5419 2595 5490 ignita
2641 5419 2955 5476 frustratur.
2996 5422 3107 5478 Hoc
3135 5430 3217 5477 est
3266 5421 3547 5481 munimen,
3588 5402 3788 5481 quoillills

2307 5514 2559 5572 flexuosa:
2588 5515 2795 5573 fraudis
2820 5511 3123 5575 maeandros
3157 5526 3209 5575 et
3238 5516 3427 5573 callida
3452 5498 3790 5592 machinam“!

2310 5600 2663 5671 devincimus.
2703 5622 2771 5663 ne
2802 5608 3022 5665 vincere
3050 5606 3227 5664 valeat
3278 5611 3520 5668 tentalos,
3547 5606 3660 5667 qll05
3679 5593 3790 5659 9mm
