3990 6302
202 375 327 431 i097

992 373 1172 433 LIBRI
1206 365 1553 435 CAROLINI.
1590 404 1660 417 —
1695 372 1916 433 CAPIT.
1955 373 2044 432 DE
2080 370 2270 433 IMAG.
2303 403 2373 419 -ο
2404 374 2536 432 LIB.
2575 373 2639 432 II.

3292 378 3430 436 1098

200 462 418 549 hominis
446 488 619 543 tenuit
641 488 891 545 suasione
914 492 1172 562 captivos.
1208 492 1312 547 Per
1334 493 1508 549 crucis
1528 491 1751 563 lignum,
1781 494 1838 556 Α
1857 491 2096 562 ganimes
2148 504 2595 562 permancamus:
2628 488 2770 545 unde
2814 488 3151 559 longanimes
3181 488 3435 548 dicuntur

198 598 296 639 non
336 595 433 651 per
469 579 750 651 imagines,
796 581 1003 652 antiqui
1060 582 1204 637 illius
1265 583 1485 639 sceleris
1548 581 1760 638 facinus

196 673 421 736 diluitur,
454 671 596 741 quod
624 670 680 725 in
705 671 1039 742 protoplasto
1065 688 1162 743 per
1188 673 1317 746 ligni
1344 690 1495 730 esum
1545 680 1763 749 contra-

194 773 332 822 ctum
371 772 474 820 est.
514 764 574 819 In
602 764 780 819 crucis
815 764 995 832 hamo,
1026 781 1135 821 non
1164 765 1220 821 in
1265 767 1495 836 quadam
1522 767 1758 837 pictura,

194 857 470 913 criminum
502 864 694 911 auctor
747 864 937 926 captus
994 863 1096 923 est,
1150 872 1276 912 cum
1324 857 1532 913 ratione
1582 858 1763 928 potius

193 963 347 1020 quam
373 946 757 1013 dominatione,
788 954 844 1002 et
884 945 1097 1017 justitia
1124 948 1304 1017 potius
1329 965 1491 1020 quam
1517 950 1761 1022 potentia

191 1039 531 1107 constrictus,
560 1042 799 1112 praedam
827 1039 1138 1109 compulsus
1161 1048 1244 1096 est
1278 1054 1547 1109 evomere,
1600 1057 1764 1112 quam

191 1133 501 1203 absorptam
555 1131 672 1203 jam
747 1133 950 1189 dudum
1003 1136 1326 1191 noscebatur
1402 1142 1606 1191 tenere.
1645 1133 1765 1189 Non

188 1240 316 1297 ergo
338 1241 438 1296 per
465 1225 773 1283 materiales
801 1228 869 1283 ab
896 1227 1179 1297 opiﬁcibus
1208 1227 1453 1284 conditas
1480 1227 1758 1299 imagines,

188 1319 284 1373 sed
309 1334 405 1388 per
428 1319 609 1375 crucis
672 1321 1011 1392 mysterium,
1073 1336 1195 1391 quae
1221 1336 1253 1376 a
1293 1319 1494 1376 Iudaeis
1543 1327 1767 1390 putatur

187 1412 525 1479 scandalum,
553 1429 585 1469 a
625 1414 877 1485 gentibus
921 1415 1168 1481 stultitia,
1226 1416 1457 1486 superba
1504 1414 1689 1471 saeculi
1713 1421 1768 1469 et

186 1506 374 1562 inflata
402 1507 669 1577 sapientia
697 1509 921 1563 corruit.
960 1506 1075 1564 Nec
1122 1523 1221 1579 per
1264 1509 1532 1579 picturam
1581 1523 1769 1578 quam-

187 1600 336 1666 dam,
370 1601 464 1657 sed
486 1616 586 1671 per
634 1617 851 1658 crucem
900 1602 1094 1673 patuit,
1127 1602 1271 1674 quod
1314 1604 1535 1659 stultum
1562 1603 1659 1659 Dei
1686 1611 1770 1659 est

188 1700 396 1763 quanto
421 1694 491 1747 sit
529 1694 838 1750 hominibus
888 1696 1203 1766 sapientius,
1242 1703 1297 1750 et
1323 1695 1468 1765 quod
1495 1694 1768 1749 inﬁrmum

185 1783 286 1839 Dei
315 1794 417 1850 est,
451 1792 654 1855 quanto
682 1785 753 1841 sit
779 1785 973 1841 fortius
1002 1786 1329 1843 hominibus.
1369 1787 1766 1858 Interrogemus

1863 582 1954 652 qui
2000 583 2250 639 tolerant.
2291 581 2564 639 Profundo
2612 592 2812 648 autem,
2858 582 2962 638 hoc
3011 589 3132 652 est,
3164 592 3318 653 parte
3346 586 3434 640 illa

1862 672 1995 742 ligni
2040 689 2159 744 quae
2200 675 2255 728 in
2305 683 2464 729 terrae
2524 674 2707 729 abdito
2752 672 2909 729 afﬁxa
2960 674 3110 742 latet,
3162 675 3260 732 sed
3312 676 3437 733 inde

1862 764 2139 835 consurgit
2162 779 2320 819 omne
2345 763 2490 833 quod
2533 764 2751 832 eminet,
2790 763 3160 820 inscrutabilia
3198 764 3439 821 indican-

1863 860 1952 909 tur
1991 854 2196 924 judicia
2223 855 2338 923 Dei,
2388 856 2454 911 de
2492 856 2688 926 quibus
2738 856 2950 912 occulta
2999 855 3116 927 ejus
3161 858 3439 914 voluntate

1862 952 2087 999 vocatur
2114 944 2279 999 homo
2302 944 2369 999 ad
2391 944 2859 1014 participationem
2880 952 3045 1001 tantae
3067 946 3274 1019 gratias,
3304 947 3442 1002 alius

1865 1034 1964 1102 sic,
1992 1034 2130 1092 alius
2159 1044 2341 1092 autem
2370 1036 2474 1092 sic.
2522 1036 2629 1092 Sed
2651 1037 2785 1107 quid
2809 1045 3020 1093 tantum
3046 1038 3105 1093 in
3131 1038 3444 1109 apostolicis

1865 1127 2205 1184 sermonibus
2233 1127 2616 1185 immoramur?
2653 1128 2797 1197 Quid
2826 1137 3033 1186 tantum
3059 1146 3157 1202 per
3183 1128 3301 1200 ejus
3319 1146 3445 1189 sen-

1865 1233 1960 1275 sus
2006 1218 2298 1275 latissimos
2350 1235 2572 1292 campos
2629 1220 2965 1293 evagamur?
3027 1222 3342 1295 Veniamus.
3378 1222 3447 1279 ad

1864 1311 2171 1380 Dominum,
2216 1312 2497 1369 sedeamus
2526 1329 2648 1369 cum
2677 1313 2843 1370 Maria
2887 1315 2954 1371 ad
2980 1314 3145 1386 pedes
3186 1313 3319 1385 ejus,
3351 1332 3448 1372 au-

1868 1402 2077 1459 diamus
2103 1404 2329 1460 verbum
2353 1420 2419 1460 ex
2446 1420 2541 1461 ore
2568 1405 2703 1475 ejus,
2726 1407 3011 1464 audiamus
3032 1423 3157 1464 eum
3171 1408 3228 1464 in
3245 1409 3444 1480 seipso,

1869 1509 2030 1566 quem
2087 1497 2349 1552 hactenus
2378 1497 2434 1551 in
2460 1496 2718 1567 Apostolo
2755 1498 3068 1570 loquentem
3121 1500 3445 1557 audivimus.

1867 1585 2188 1643 Audivimus
2234 1602 2366 1659 ergo
2392 1589 2521 1658 quid
2544 1590 2610 1644 de
2634 1604 2794 1644 cruce
2846 1590 3043 1645 dixerit
3098 1591 3287 1647 doctor
3313 1606 3448 1663 gen-

1869 1678 2023 1745 tium,
2055 1677 2337 1735 audiamus
2361 1680 2491 1750 quid
2530 1679 2677 1736 dicat
2704 1680 2928 1737 Creator
2965 1682 3247 1754 gentium;
3298 1683 3452 1738 audi-
3524 1700 3535 1713 τ

1868 1771 2046 1826 vimus
2093 1770 2372 1843 egregium
2426 1772 2856 1842 praedicatorem,
2933 1774 3214 1829 audiamus
3268 1789 3453 1830 rerum

185 1875 358 1948 igitur
396 1850 672 1933 doctorem
738 1878 998 1949 gentium,
1051 1879 1443 1950 interrogemus
1488 1850 1767 1950 egregium

1884 1861 2113 1918 )mnium
2161 1864 2541 1920 Conditorem:
2582 1863 2645 1920 Si
2688 1866 2823 1935 quis,
2856 1865 3050 1935 inquit,
3094 1865 3201 1920 vult
3225 1876 3342 1938 post
3371 1883 3454 1921 me

184 1966 607 2039 praedicatorem
652 1985 666 2022 :
709 1968 855 2024 dicat
909 1969 1064 2025 nobis
1111 1978 1294 2024 utrum
1342 1969 1398 2025 in
1444 1970 1772 2040 imaginibus

185 2076 256 2113 an
308 2060 364 2115 in
394 2075 555 2116 cruce
608 2057 811 2115 Christi
861 2059 1137 2132 glorietur.
1202 2060 1357 2128 Mihi,
1396 2062 1589 2132 inquit,
1639 2062 1772 2117 absit

183 2153 413 2226 gloriari
451 2154 552 2209 nisi
580 2154 637 2208 in
665 2170 817 2209 cruce
843 2153 1057 2215 Domini
1085 2154 1247 2209 nostri
1276 2154 1406 2209 Jesu
1435 2153 1652 2221 Christi,
1681 2171 1774 2226 per

185 2262 344 2317 quem
381 2245 509 2299 mihi
536 2245 764 2300 mundus
797 2245 1083 2315 cruciﬁxus
1106 2253 1181 2300 est
1206 2254 1255 2301 et
1289 2262 1382 2316 ego
1408 2243 1769 2318 mundo,(Gal.

185 2338 294 2411 vi).
337 2338 489 2394 Dicat
530 2339 695 2394 etiam
740 2347 924 2394 utrum
966 2347 1028 2394 ut
1064 2339 1175 2396 Deo
1200 2340 1422 2406 viveret,
1455 2340 1775 2411 imaginibus

185 2450 258 2488 an
292 2433 440 2488 cruci
470 2432 715 2489 conﬁxus
761 2434 852 2488 sit.
898 2432 1035 2504 Ego,
1068 2433 1262 2504 inquit,
1313 2452 1406 2506 per
1457 2433 1620 2507 legem
1674 2433 1776 2507 legi

186 2535 433 2582 mortuus
461 2544 596 2594 sum,
656 2535 712 2581 ut
738 2525 849 2581 Deo
908 2526 1092 2594 vivam,
1145 2524 1351 2582 Christo
1396 2527 1636 2597 conﬁxus
1659 2544 1776 2583 sum

186 2618 383 2671 cruci:
422 2618 532 2672 uiro
584 2626 759 2672 autem
798 2617 918 2689 jam
979 2633 1084 2672 non
1119 2634 1233 2690 ego,
1279 2618 1396 2673 vivit
1442 2635 1560 2673 vero
1607 2620 1663 2673 in
1695 2636 1778 2674 me

186 2712 433 2768 Christus
462 2709 605 2783 (Gal.
637 2712 723 2784 ιι).
776 2712 933 2768 Dicat
960 2713 1125 2767 etiam
1169 2722 1353 2768 utrum
1376 2716 1431 2769 in
1474 2713 1778 2785 intelligen-

186 2804 278 2859 dis
305 2804 549 2859 colorum
596 2800 756 2869 fucis,
785 2812 840 2858 et
878 2803 1174 2874 imaginum
1221 2802 1428 2870 formis,
1483 2812 1576 2858 aut
1604 2811 1778 2857 mate-

184 2898 405 2953 riarum
448 2896 819 2966 qualitatibus,
873 2912 940 2950 an
998 2897 1067 2951 ad
1104 2895 1512 2967 intelligendum
1566 2910 1685 2965 quae
1710 2895 1781 2951 sit

184 2988 431 3044 latitudo
473 2989 650 3045 crucis
693 2997 748 3043 et
775 2987 1073 3058 longitudo,
1106 2988 1435 3055 sublimitas,
1479 2996 1534 3043 et
1561 2985 1783 3058 profun-

184 3083 349 3150 dum,
381 3082 710 3140 illuminatos
756 3084 938 3140 cordis
981 3082 1167 3140 oculos
1214 3083 1416 3139 habere
1466 3085 1778 3139 debeamus.

186 3170 264 3232 Ut
292 3177 524 3248 possitis,
560 3177 753 3247 inquit,
782 3175 1212 3248 comprehendere
1232 3192 1352 3230 cum
1400 3176 1639 3230 omnibus
1659 3192 1783 3230 san—
1811 3206 1857 3266 ο

185 3267 293 3321 ctis
314 3283 433 3338 qua:
456 3267 524 3322 sit
548 3265 793 3334 latitudo,
809 3277 855 3321 et
881 3265 1172 3337 longitudo,
1194 3274 1243 3320 et
1263 3265 1573 3331 sublimitas,
1595 3275 1643 3320 et
1664 3283 1785 3338 pro-

185 3357 426 3429 fundum
442 3357 658 3432 (Ephes.
673 3356 781 3430 ιιι).
798 3356 857 3412 In
870 3359 1201 3428 exponendis
1215 3358 1382 3428 igitur
1399 3358 1484 3413 his
1499 3358 1634 3412 tanti
1647 3372 1786 3426 prae-

185 3435 462 3505 dicatoris
473 3450 652 3505 verbis
685 3465 785 3505 nec
806 3460 1022 3505 nostros
1048 3464 1241 3506 sensus
1262 3459 1465 3505 temere
1489 3457 1782 3513 ostentare,

186 3530 305 3596 nec
342 3540 550 3596 alienos
577 3540 750 3596 furari
777 3540 1055 3607 debemus,
1085 3542 1179 3598 sed
1232 3544 1332 3598 hos
1384 3559 1520 3613 quos
1552 3558 1584 3597 a
1628 3543 1786 3597 beato

185 3631 508 3703 Augustino
537 3632 594 3686 in
634 3630 788 3686 libris
815 3635 880 3686 de
925 3634 1181 3687 Doctrina
1230 3634 1536 3689 Christiana
1581 3633 1787 3704 positos

187 3723 527 3794 reperimus,
579 3737 678 3777 nos
706 3736 920 3792 quoque
955 3737 1240 3792 ponamus.
1279 3721 1531 3777 Latitudo
1556 3737 1685 3792 ergo
1703 3730 1788 3778 est

189 3822 584 3869 transversum
611 3812 819 3885 lignum
866 3815 1357 3884 quoextenduntur
1402 3830 1635 3882 manus;
1668 3815 1788 3869 alti—

190 3906 356 3970 tudo,
406 3921 526 3975 quae
581 3920 613 3959 a
663 3915 971 3960 transverso
1027 3904 1172 3975 ligno
1225 3904 1490 3974 incipiens
1540 3904 1789 3974 superius

170 3998 433 4073 .eminet,
483 3997 576 4052 ubi
613 3995 713 4052 fuit
760 4004 959 4067 caput;
1001 3996 1279 4068 longitudo
1323 4011 1452 4053 vero
1481 4006 1566 4052 est
1603 4012 1721 4067 quae
1757 4014 1789 4051 a

191 4096 523 4144 transverso
582 4087 729 4159 ligno
782 4087 1046 4158 incipiens
1084 4102 1255 4158 usque
1282 4088 1351 4144 ad
1396 4099 1598 4144 terram
1652 4089 1791 4145 desi-

187 4182 328 4247 nit;
366 4178 692 4250 profundum
716 4193 864 4246 vero,
919 4181 1061 4250 quod
1110 4187 1269 4235 terra:
1294 4179 1519 4235 inﬁxum
1564 4180 1791 4236 abscon-

187 4274 376 4339 ditur,
434 4288 500 4328 ex
529 4288 637 4343 quo
665 4271 811 4344 ligno
859 4272 1036 4328 crucis
1086 4272 1266 4329 omnis
1317 4273 1426 4328 vita
1480 4282 1791 4329 sanctorum

188 4366 556 4432 describitur,
590 4367 683 4437 qui
728 4366 974 4423 tollentes
1020 4380 1235 4421 crucem
1287 4380 1438 4421 suam
1473 4374 1527 4421 et
1568 4366 1792 4422 mortiﬁ-

188 4465 402 4515 cantcs
431 4460 673 4513 membra
709 4474 806 4514 sua
842 4474 962 4529 quae
1007 4466 1135 4514 sunt
1163 4474 1323 4529 super
1368 4466 1590 4526 terram,
1640 4459 1796 4515 Chri-

188 4559 359 4608 stum
418 4556 758 4619 sequuntur:
798 4566 1029 4620 quorum
1086 4558 1289 4621 quanto
1335 4552 1573 4607 exterior
1624 4552 1787 4607 homo
1818 4561 1872 4623 ι)

190 4642 599 4712 corrumpitur,
661 4648 810 4696 tanto
870 4642 1096 4697 interior
1163 4651 1451 4698 renovatur
1486 4643 1552 4698 de
1622 4644 1708 4698 die
1734 4644 1791 4699 in

189 4735 378 4799 diem,
408 4741 463 4788 et
487 4746 581 4803 spe
616 4740 832 4787 aeternae
870 4732 1075 4801 requiei
1127 4733 1418 4803 gaudentes
1455 4750 1577 4789 cum
1605 4733 1794 4788 hilari-

190 4836 325 4883 tate
351 4827 511 4882 bonis
555 4825 809 4895 operibus
858 4825 1136 4881 insistunt.
1178 4826 1326 4882 Hanc
1356 4827 1688 4883 hilaritatem
1720 4828 1795 4883 si-

184 4921 439 4994 gniﬁcat
464 4918 641 4975 crucis
653 4918 877 4974 latitudo
906 4919 960 4974 in
988 4928 1293 4977 transverso
1318 4921 1483 4993 ligno,
1511 4922 1601 4978 ubi
1628 4923 1794 4995 figun-

188 5024 301 5069 tur
331 5027 545 5078 manus,
595 5026 693 5082 per
738 5027 930 5067 manus
958 5013 1102 5071 enim
1139 5029 1273 5084 opus
1302 5015 1658 5085 intelligitur;
1698 5032 1796 5087 per

186 5104 578 5172 latitudinem,
612 5104 858 5161 hilaritas
904 5107 1197 5176 operantis,
1252 5108 1377 5177 quia
1412 5107 1635 5162 tristitia
1663 5107 1797 5163 facit

186 5199 531 5271 angustias;
568 5213 732 5271 porro
772 5215 869 5271 per
906 5200 1245 5257 altitudinem
1282 5202 1476 5267 crucis,
1510 5202 1598 5257 cui
1637 5211 1799 5272 caput

186 5290 370 5362 adius
385 5292 546 5364 gitur,
576 5292 906 5360 exspectatio
951 5294 1291 5364 sempiternae
1328 5293 1700 5350 retributionis
1732 5296 1799 5351 de

185 5386 441 5445 sublimi
497 5384 709 5455 justitia
770 5384 868 5440 Dei
897 5385 1246 5456 signiﬁcatur,
1298 5392 1434 5441 utet
1493 5386 1612 5457 ipsa
1637 5400 1797 5456 opera

182 5478 364 5536 bona
387 5491 497 5531 non
540 5484 762 5547 propter
793 5476 1055 5533 beneﬁcia
1097 5478 1192 5532 Dei
1232 5487 1446 5534 terrena
1498 5493 1562 5533 ac
1590 5486 1798 5550 tempo-

182 5569 359 5626 ralia
407 5567 653 5625 facienda
700 5568 1010 5635 credantur,
1056 5569 1150 5624 sed
1172 5569 1352 5640 potius
1410 5578 1630 5641 propter
1671 5568 1802 5624 illud

184 5657 370 5731 quod
395 5659 626 5731 desuper
646 5668 829 5731 sperat
854 5660 988 5717 ﬁdes
1020 5675 1141 5731 quae
1171 5675 1270 5731 per
1307 5660 1649 5716 dilectionem
1675 5675 1802 5731 ope-

181 5760 397 5809 ratur.
437 5750 557 5807 Jam
580 5768 709 5810 vero
753 5768 851 5824 per
899 5753 1306 5826 longitudinem,
1351 5768 1458 5823 qua
1494 5762 1667 5810 totum
1689 5769 1804 5810 cor-

184 5860 326 5919 pus
351 5845 681 5913 extenditur,
729 5847 846 5917 ipsa
883 5848 1166 5904 tolerantia
1220 5848 1574 5920 signiﬁcatur,
1601 5856 1662 5906 ut
1685 5847 1805 5906 lou-

549 5938 823 6001 PATBOL.
867 5939 1150 6004 XCVIII.

1872 1954 2067 2020 uenire,
2098 1954 2311 2026 abneget
2346 1957 2694 2026 semetipsum,
2725 1966 2772 2011 et
2811 1955 2960 2010 tollat
3001 1973 3207 2012 crucem
3236 1967 3457 2013 suamet

1872 2055 2123 2116 sequatur
2146 2062 2227 2101 me
2254 2046 2469 2116 (Matth.
2500 2064 2620 2113 xvr;
2648 2048 2779 2103 Luc.
2814 2049 2913 2121 IX).
2954 2049 2999 2106 Ο
3028 2051 3225 2107 mirum
3254 2066 3458 2123 praece-

1872 2145 2049 2208 ptum,
2103 2154 2137 2193 o
2165 2137 2443 2195 salutifera
2493 2142 2818 2208 exhortatio,
2870 2159 2904 2198 ο
2930 2143 3091 2198 vitale
3120 2144 3454 2199 tonitruum!

1876 2228 2082 2295 dixisti,
2138 2227 2320 2285 ofons
2345 2229 2499 2296 lucis,
2549 2230 2751 2298 dixisti,
2806 2248 2840 2288 o
2869 2232 3021 2304 origo
3062 2234 3340 2300 bonitatis,
3391 2250 3458 2290 eo

1877 2321 2024 2391 quod
2049 2322 2380 2391 deponentes
2429 2332 2665 2379 veterem
2717 2324 2991 2380 hominem
3032 2340 3154 2380 cum
3203 2326 3459 2397 operibus

1877 2410 2015 2483 ejus,
2071 2414 2398 2487 denegemus
2452 2416 2830 2493 nosmetipsos,
2887 2417 3246 2488 toilamusque
3292 2434 3459 2483 unus-

1878 2506 2108 2576 quisque
2167 2522 2381 2563 crucem
2441 2522 2617 2575 suam,
2673 2516 2729 2563 et
2797 2510 3000 2565 mundo
3059 2509 3457 2581 cruciﬁgamur,

1878 2597 2220 2670 mundusque
2256 2599 2414 2655 nobis
2459 2600 2825 2672 cruciﬁgatur,
2858 2609 2918 2655 ut
2943 2616 3041 2671 per
3073 2601 3319 2657 carnales
3335 2617 3462 2659 cru-

1880 2689 2054 2745 ciatus
2102 2698 2157 2745 et
2181 2705 2280 2761 per
2313 2690 2785 2748 mortiﬁcationem
2832 2693 3201 2747 membrorum
3244 2703 3462 2749 nostro-

1880 2796 2005 2835 rum
2028 2796 2150 2851 quae
2178 2791 2303 2838 sunt
2332 2798 2495 2854 super
2526 2792 2747 2849 terram,
2779 2783 3022 2838 vivamus
3052 2783 3151 2839 tibi
3179 2783 3265 2838 vel
3282 2785 3464 2854 potius

1881 2879 1943 2928 tu
1969 2873 2118 2928 vivas
2157 2873 2212 2928 in
2243 2874 2431 2929 nobis:
2470 2881 2526 2929 et
2554 2881 2705 2930 tanto
2733 2873 3052 2949 mysterium
3105 2875 3284 2930 crucis
3310 2883 3465 2932 extu-

1882 2960 2014 3029 listi,
2062 2970 2124 3017 ut
2151 2970 2206 3017 et
2240 2970 2299 3017 tu
2326 2977 2425 3033 per
2467 2977 2588 3019 eam
2635 2963 2971 3034 principatus
3006 2970 3062 3017 et
3087 2972 3385 3032 potestates
3411 2979 3467 3023 et

1883 3068 2102 3109 omnem
2154 3051 2484 3109 inﬂationem
2535 3054 2721 3109 mundi
2767 3070 3079 3123 evacuares,
3125 3063 3182 3114 et
3206 3057 3264 3112 in
3290 3060 3469 3116 crucis

1885 3144 2127 3210 nomine,
2187 3159 2308 3214 quae
2371 3145 2610 3215 quotidie
2655 3154 2707 3202 te
2743 3149 3011 3205 secuturis
3066 3154 3334 3222 portanda
3362 3161 3467 3221 est,

1887 3238 2138 3292 ardorem
2191 3244 2295 3292 tua:
2346 3237 2652 3294 dilectionis
2706 3238 2791 3293 vel
2838 3249 3160 3298 ceterarum
3207 3244 3470 3299 virtutum

1886 3322 2615 3401 emolumenta’designares.
2658 3331 2756 3387 Dic
2783 3332 2948 3388 etiam
2998 3336 3143 3404 quod
3168 3337 3234 3392 de
3280 3336 3472 3407 imagi-

1886 3421 2049 3476 nibus
2074 3430 2422 3491 praaceptum,
2461 3437 2597 3491 quas
2625 3423 2843 3492 quidam
2871 3434 3097 3480 sacrata:
3131 3427 3279 3481 cruci
3304 3427 3472 3496 aequi-

1886 3524 2083 3580 parare
2128 3511 2393 3577 nituntur,
2429 3512 2747 3567 constituas.
2791 3512 3030 3580 Reddite,
3067 3516 3309 3585 inquam,
3354 3532 3472 3586 quae

1887 3611 2011 3658 sunt
2036 3600 2261 3657 Ctesaris
2285 3601 2501 3669 (Ἰσίδαν-ἱ,
2554 3612 2603 3656 et
2630 3619 2746 3673 qum
2787 3604 2884 3657 Dei
2912 3604 3023 3657 Deo
3053 3605 3265 3677 (Matth.
3318 3622 3469 3674 xxu;

1889 3695 2021 3750 Luc.
2079 3696 2202 3769 xu).
2262 3693 2320 3749 Si
2357 3710 2486 3767 ergo
2547 3709 2764 3751 crucem
2813 3694 3001 3750 tollere
3038 3703 3094 3751 et
3124 3704 3196 3764 te,
3256 3699 3346 3768 qui
3376 3714 3473 3770 per

1890 3803 2108 3844 crucem
2170 3788 2507 3857 triumphans
2574 3794 2788 3843 terrena
2855 3788 3167 3845 coelestibus
3231 3791 3471 3859 sociasti,

1890 3885 2065 3956 sequi,
2102 3894 2157 3942 et
2188 3885 2479 3956 imaginem
2528 3884 2756 3941 Caesaris
2808 3882 3011 3939 Caesari
3065 3885 3291 3941 reddere
3315 3884 3475 3942 debeo

1890 3992 2034 4043 mus,
2066 3992 2176 4032 non
2228 3984 2354 4032 sunt
2399 3974 2659 4046 imagines
2714 3974 2863 4030 cruci
2908 3975 3327 4045 aequiparandae,
3367 3992 3477 4033 non

1892 4068 2198 4135 adorandae,
2238 4083 2347 4123 non
2374 4066 2631 4133 colendae,
2662 4066 2755 4120 sed
2781 4065 2907 4119 huic
2934 4066 3135 4121 mundo
3173 4082 3294 4122 cum
3318 4075 3478 4123 caete-

1891 4160 1971 4217 ris
2026 4176 2147 4233 quze
2185 4160 2370 4217 mundi
2410 4167 2538 4215 sunt
2587 4157 2974 4229 relinquendae,
3016 4166 3072 4213 et
3099 4165 3157 4213 tu
3206 4159 3353 4216 solus
3381 4161 3478 4216 ad-

1893 4256 2151 4321 orandus,
2194 4264 2250 4311 tu
2289 4256 2438 4311 solus
2479 4254 2803 4325 sequendus,
2835 4262 2895 4308 tu
2924 4252 3074 4308 solus
3113 4253 3367 4309 colendus
3395 4269 3475 4321 es,

1895 4348 1988 4417 qui
2036 4348 2092 4401 in
2146 4348 2350 4402 unitate
2414 4347 2733 4402 substantiae
2788 4360 2910 4401 cum
2977 4342 3137 4400 Patre
3171 4353 3223 4399 et
3272 4343 3477 4414 Spiritu

1896 4448 2086 4496 sancto
2113 4439 2376 4511 perpetim
2405 4454 2620 4511 regnas.

2457 4572 2685 4628 CAPUT
2720 4570 2911 4628 XXIX.

1899 4666 2051 4734 Quod
2073 4666 2432 4737 prtesumptive
2457 4674 2503 4719 et
2531 4666 2737 4719 indocte
2758 4682 2846 4719 eas
2876 4662 3129 4719 Tarasius
3153 4679 3271 4737 cum
3291 4678 3478 4737 sequa-

1949 4734 2092 4791 cibus
2122 4737 2230 4791 suis
2256 4734 2477 4792 sacratis
2514 4738 2651 4791 uasis
2683 4738 3007 4806 a’quiparare
3032 4750 3136 4789 non
3160 4734 3425 4805 formidet.

1964 4829 2145 4886 Facile
2194 4830 2424 4901 quisque
2464 4827 2681 4883 falletur
2708 4826 2765 4881 in
2819 4825 3057 4880 minimis
3100 4825 3192 4894 qui
3221 4822 3478 4881 facillime

1896 4921 2102 4978 fallitur
2147 4922 2204 4977 in
2256 4921 2483 4992 magnis,
2548 4935 2649 4975 nec
2716 4917 3021 4972 mirandum
3075 4917 3121 4971 si
3148 4916 3390 4972 brevium
3423 4924 3480 4973 et

1896 5032 2034 5088 pene
2087 5015 2436 5072 invisibilium
2493 5010 2696 5068 erroris
2744 5009 3044 5081 jaculorum
3096 5009 3481 5065 inevitabiliter

1896 5105 2134 5178 perferat
2158 5107 2297 5162 ictus
2326 5105 2418 5176 qui
2456 5100 2871 5170 evitare-nequit
2896 5098 3160 5154 immanes
3185 5104 3241 5151 et
3271 5096 3338 5151 ad
3364 5097 3479 5152 evi-

1899 5199 2121 5254 tandum
2165 5196 2350 5252 faciles
2390 5194 2623 5265 pilorum
2673 5190 2955 5262 impulsus.
2993 5186 3133 5255 Quid
3162 5186 3345 5257 itaque
3378 5187 3481 5242 mi-

1900 5293 2129 5347 randum
2154 5299 2238 5348 est
2277 5290 2325 5346 si
2370 5289 2539 5345 sacris
2568 5287 2712 5342 vasis
2742 5283 2996 5340 Tarasius
3016 5290 3089 5348 et,
3135 5280 3222 5338 cui
3242 5280 3475 5351 praefuit,

1902 5385 2156 5457 synodus,
2214 5382 2476 5452 imagines
2530 5378 2865 5451 aequiparare
2915 5375 3141 5441 nitatur,
3178 5389 3301 5429 cum
3339 5388 3482 5430 arcae

1900 5476 2210 5532 testamenti
2281 5473 2495 5529 Domini
2524 5478 2578 5527 et
2622 5470 2874 5526 omnibus
2911 5483 3032 5537 quae
3080 5467 3136 5522 in
3174 5482 3237 5522 ea
3263 5473 3318 5521 et
3361 5480 3482 5536 quae

1903 5568 2048 5623 circa
2077 5581 2196 5622 eam
2227 5563 2393 5619 fuisse
2414 5572 2727 5627 noscuntur,
2763 5561 2876 5617 sive
2906 5558 3166 5630 mysterio
3190 5556 3483 5613 Dominicae

1903 5659 2100 5724 crucis,
2141 5672 2353 5714 necnon
2381 5656 2625 5727 corporis
2650 5663 2705 5709 et
2758 5650 3038 5722 sanguinis
3078 5649 3343 5706 Dominici
3370 5648 3484 5702 evi—

1903 5751 2220 5809 dentissimo
2247 5759 2304 5807 et
2333 5760 2534 5806 nostrae
2569 5747 2760 5804 salutis
2792 5745 3072 5816 aptissimo
3122 5746 3479 5802 sacramento,

1903 5859 1998 5904 eas
2039 5844 2372 5917 aequiparare
2431 5850 2675 5900 conetur.
2743 5839 2909 5911 Cujus
2972 5836 3221 5892 videlicet
3266 5832 3322 5886 in
3385 5843 3481 5885 oo-
