3990 6302
529 309 664 392 ποθι)

462 442 469 451 ’
527 436 806 516 ωειιιειιιᾶίε
837 433 924 492 his
960 427 1132 489 sacris
1171 422 1316 481 vasis
1341 436 1495 477 error
1522 432 1647 474 cum
1670 398 1864 485 magno
1898 398 2110 480 poterat
2134 409 2185 467 Α

529 500 789 590 admirari
829 534 1068 595 stupore,
1121 515 1225 571 nisi
1272 519 1424 569 tanto
1471 500 1871 580 praeveniretur
1902 512 2106 555 errore.

531 624 743 695 Quanta
803 592 937 686 ergo
993 604 1311 666 excellentia
1367 602 1501 655 va‘sa‘
1538 598 1722 655 divino
1767 592 1935 649 cultui
1962 603 2114 645 man-

531 685 710 786 cipata
738 685 1060 777 imaginibus
1085 685 1380 759 emineant,
1411 690 1605 748 divina:
1626 685 1764 759 legis
1789 685 2115 740 instrumen—

533 772 603 861 ta.
625 772 1039 860 demonstrant:
1080 805 1204 848 cum
1227 787 1415 857 utique
1452 782 1565 849 illa,
1614 777 1962 851 praecipiente
2008 772 2115 827 Do-

536 899 709 963 mino,
735 908 832 966 per
856 888 1074 960 Moysen
1101 883 1158 939 in
1182 876 1478 936 testimonii
1506 869 1853 929 tabernaculo
1879 863 2115 928 condita,

534 954 591 1044 et
627 954 960 1042 instituente'
1001 980 1186 1030 vatum
1240 967 1581 1026 sanctissimo
1616 960 1783 1017 David
1829 968 1927 1028 per
1962 954 2120 1010 Salo-

535 1072 753 1133 mOnem
782 1074 845 1129 in‘
868 1067 1070 1140 templo
1082 1059 1470 1134 HicrOsolymis
1500 1053 1717 1112 condita
1739 1060 1899 1121 atque
1922 1044 2118 1110 dicata,

537 1178 594 1224 et
620 1162 927 1241 typico'rum'
970 1138 1230 1215 senSuum
1279 1165 1477 1208 arcana
1521 1143 1963 1220 significaverim,
1989 1147 2043 1195 et
2067 1138 2120 1192 in

537 1260 625 1318 his
644 1226 775 1328 quae
799 1254 868 1309 ad
892 1249 989 1307 Dei
1015 1248 1222 1305 cultum
1259 1242 1531 1316 pertinent
1566 1234 1805 1327 diuturni
1837 1226 2125 1287 ministerii

1392 309 1453 363 B.
1494 299 1746 362 CAROLI
1784 294 2015 359 MAGNI.
2037 289 2189 351 OPP.
2229 285 2410 344 PARS
2444 283 2510 342 ll.
2552 276 2796 338 SECTIO
2832 276 2897 333 Il.

3574 279 3670 335 “00

2213 401 2511 467 destinatas,
2538 404 2592 451 et
2615 410 2715 466 per
2735 395 3005 447 momenta
3048 384 3343 457 seculorum
3387 386 3448 442 ad
3494 386 3679 445 humana

2215 491 2406 550 salutis
2437 487 2803 546 emolumenta
2831 479 3079 538 clementi
3122 477 3425 532 exhibitione
3463 493 3683 548 concessa,

2216 586 2559 653 habeantque
2602 586 2854 633 auctores
2897 580 3106 629 sanctos
3153 585 3215 625 ac
3260 570 3551 626 venerabiles
3584 574 3688 628 viros

2216 679 2479 733 virtutum
2514 669 2850 740 lampadibus
2874 676 2927 721 et
2960 662 3328 719 miraculorum
3359 661 3610 732 insignibus
3630 680 3693 719 co-

2218 776 2535 832 ruscantes,
2565 764 2652 819 vel
2680 765 2829 819 certe
2869 758 3044 829 ipsum
3086 754 3373 819 Dominum,
3398 753 3479 823 qui
3517 757 3695 823 corporis

2220 872 2275 919 ct
2298 860 2574 932 sanguinis
2594 858 2678 913 sui
2712 852 3029 926 mysterium
3058 849 3169 903 sive
3196 847 3361 903 erucis
3385 854 3696 901 sacramentum

2174 948 2182 961 ’
2221 966 2421 1013 nostra;
2445 952 2602 1009 saluti
2634 962 2933 1020 congruum
2962 943 3222 1000 concessit
3246 957 3259 996 :
3288 942 3396 996 istae
3421 957 3530 995 vero
3551 948 3591 995 et
3610 952 3699 1012 gen-

2185 1053 2189 1057 ’
2224 1051 2399 1105 tilium
2432 1054 2713 1101 auctorum
2732 1040 2971 1096 vanitate
2990 1037 3208 1108 prolata:
3236 1035 3353 1100 sint,
3382 1043 3429 1088 et
3459 1034 3618 1088 nullam
3645 1050 3701 1087 sa-

2185 1146 2189 1149 ’
2224 1143 2353 1199 lutis
2389 1139 2800 1200 exhibitionem,
2827 1133 3028 1189 nullam
3054 1128 3368 1186 sacramenti
3392 1124 3582 1195 alicujus
3602 1141 3703 1179 mor-

2228 1235 2424 1290 talibus
2454 1229 2869 1304 praerogativam
2914 1223 3201 1287 adducant,
3237 1220 3325 1276 sed
3367 1218 3513 1275 oculis
3537 1218 3736 1270 tantum-'

538 1349 775 1409 cilicium
819 1339 1167 1417 gestaverint.
1230 1336 1326 1392 liae
1359 1341 1540 1390 autem
1571 1312 1959 1387 salva'ratione
1987 1320 2128 1379 Cbe—
2228 1327 2389 1384 modo
2428 1323 2662 1387 faveant,
2696 1335 2795 1391 per
2828 1332 2964 1389 quos
2991 1314 3144 1386 quasi
3180 1327 3274 1383 per
3313 1312 3539 1382 quosdam
3565 1310 3707 1379 legatos

540 1442 744 1508 Πιδίωι
772 1436 887 1495 Sive
912 1437 1078 1492 boum
1105 1439 1161 1488 θι
1185 1430 1422 1494 leonum,
1450 1423 1543 1497 1Illi
1567 1430 1673 1478 11011
1698 1421 1767 1477 ad
1795 1415 2130 1474 adoralldum
2186 1414 2191 1419 ’
2230 1426 2505 1492 gestarum
2537 1430 2722 1471 rerum
2757 1410 3075 1467 memoriam
3124 1407 3363 1463 cordibus
3403 1404 3626 1458 mandem.
3657 1402 3709 1456 Eo

541 1536 639 1596 sed
676 1532 747 1591 ad
802 1530 985 1588 rerum
1047 1527 1353 1582 futurarum
1419 1516 1867 1591 signiﬁcationem
1929 1504 2132 1565 conditi
2231 1513 2432 1589 etenim
2459 1520 2825 1579 temporequo
2846 1504 3057 1576 Moyses
3071 1516 3192 1558 cum
3217 1496 3399 1570 populo
3415 1497 3496 1550 Dei
3519 1496 3563 1549 in
3582 1507 3709 1549 eremo

543 1639 691 1698 sunt,
722 1642 833 1703 non
853 1624 1027 1683 solum
1057 1638 1088 1677 a
1125 1633 1398 1691 quoquam
1438 1621 1753 1671 sanctorum
1774 1623 1881 1662 non
1904 1602 2133 1660 conditze
2233 1586 2577 1670 morabatur,
2610 1608 2665 1657 et
2711 1597 3058 1670 pmcipieme
3106 1591 3326 1649 Domino
3357 1603 3504 1645 sacra,
3524 1586 3624 1657 legis
3649 1586 3711 1639 ἀφ

1642 1701 1666 1703 γ’
1715 1701 1722 1703 ῃ
1850 1698 1863 1703 “
1940 1695 1955 1703 ³
2188 1692 2193 1695 Δ
2326 1699 2336 1703 ’
2854 1692 2865 1703 ’
3124 1702 3131 1703 ί
3162 1684 3423 1703 ν--νΑΞ-ιρ-
3450 1680 3559 1703 At.“
3576 1677 3710 1703 ..ιηςηιη

544 1677 691 1698 *ν’-ἠ’
724 1677 833 1703 -·.ν-
855 1677 986 1683 --Ην
1142 1677 1162 1691 ι
1251 1677 1270 1690 ,ι

544 1723 632 1779 vel
656 1716 938 1781 dedicatae,
984 1714 1079 1770 sed
1102 1726 1242 1784 pene
1268 1714 1589 1763 cunctorum
1621 1701 1814 1757 divinae
1850 1695 1986 1766 legis
2013 1707 2135 1747 ora-

2239 1699 2466 1755 ctrinam
2495 1705 2549 1751 et
2579 1692 3024 1751 czeremoniarum
3050 1684 3426 1743 sacratissimos
3450 1680 3562 1735 ritus
3576 1677 3712 1749 populo

556 1764 938 1781 .c...w......,
984 1764 1164 1784 --_,-
1224 1764 1234 1765 ,
1914 1764 1923 1766 ν

550 1813 799 1871 culorum
854 1802 1181 1861 testimoniis
1233 1808 1621 1869 usquequaque
1668 1796 1793 1847 sunt
1847 1786 2168 1843 abdicatae..

2207 1780 2215 1831 ⁵
2242 1794 2508 1856 tradebat,
2533 1798 2585 1847 et
2607 1804 2775 1862 genus
2803 1788 3101 1843 humanum
3133 1783 3199 1837 ad
3231 1766 3384 1837 divini
3416 1776 3563 1831 cultus
3594 1772 3715 1827 erudi-

549 1909 678 1963 Haec
711 1910 925 1975 quoque
967 1904 1097 1952 vasa
1125 1909 1245 1965 qua:
1271 1891 1339 1945 ad
1367 1886 1670 1961 peragenda
1697 1888 1895 1938 nostra:
1929 1879 2139 1933 redem-

550 1972 753 2069 ptionis
780 1988 1038 2063 mysteria
1064 1991 1253 2041 sancta
1276 1982 1437 2037 habet
1464 1976 1726 2043 Ecclesia,
1779 1972 1990 2042 semper
2013 1972 2140 2023 sunt

551 2087 803 2145 ﬁdelibus
874 2066 1201 2144 necessaria,
1260 2086 1579 2144 semperque
1642 2069 1697 2124 in
1768 2064 1950 2121 divino
1994 2059 2140 2117 cultu

551 2179 816 2239 ofﬁciosa.
849 2174 911 2231 In
957 2173 1103 2229 vasis
1153 2170 1320 2243 igitur
1372 2166 1483 2221 Deo
1531 2159 1878 2225 sacriﬁcium,
1925 2171 2033 2212 non
2084 2154 2143 2209 in
2191 2160 2194 2169 ‘

552 2268 880 2341 imaginibus
906 2264 1166 2321 oﬁ‘ertur:
1206 2262 1262 2316 in
1310 2259 1454 2313 vasis
1486 2255 1857 2329 thymiamata,
1908 2244 2142 2305 lumina-

552 2366 637 2423 ria
663 2362 751 2419 vel
782 2372 979 2418 caatera
1018 2357 1215 2413 divinis
1243 2353 1482 2411 cultibus
1518 2359 1661 2421 apta,
1711 2363 1818 2401 non
1862 2344 1917 2399 in
1946 2342 2144 2412 imagi-

553 2458 715 2514 nibus
758 2452 1119 2517 dedicantur;
1163 2448 1221 2504 in
1274 2445 1471 2518 quibus
1520 2450 1701 2496 tamen
1731 2446 1787 2494 et
1808 2438 1857 2494 si
1897 2428 2146 2508 quaedam

552 2548 818 2621 imagines
872 2552 1018 2611 sunt,
1058 2558 1166 2598 non
1221 2539 1345 2596 ideo
1396 2542 1522 2592 sunt
1574 2540 1635 2589 ut
1688 2532 2003 2595 adorentur,
2054 2534 2148 2581 aut

555 2641 714 2717 quasi
741 2641 861 2699 sine
897 2639 985 2695 his
1024 2632 1302 2695 sacrorum
1339 2630 1726 2689 charismatum
1755 2620 1952 2682 munus
1988 2622 2149 2677 viles-

555 2752 682 2795 cere
710 2740 892 2808 queat,
924 2730 1020 2787 sed
1042 2737 1103 2785 ut
1130 2726 1406 2800 pulchrior
1448 2724 1533 2779 his
1566 2719 1844 2792 impressis
1897 2710 2149 2772 materia-

554 2845 680 2886 rum
724 2805 960 2899 qualitas
1000 2822 1133 2876 ﬁat:
1171 2818 1403 2889 denique
1454 2814 1572 2872 sine
1616 2810 1940 2883 imaginibus
1984 2814 2038 2862 et
2072 2805 2150 2859 la—

556 2924 710 2982 vacri
773 2921 940 2987 unda,
971 2925 1027 2975 et
1069 2914 1209 2971 sacri
1273 2911 1499 2983 liquoris
1564 2906 1748 2963 unctio
1811 2890 2037 2975 percipi,
2096 2907 2151 2954 et

555 3013 917 3088 thymiamata
977 3007 1202 3072 adoleri,
1251 3012 1307 3060 et
1380 3001 1739 3057 luminaribus
1794 2997 1911 3052 loca
1962 3002 2150 3049 sancta

556 3102 901 3179 perlustrari,
957 3109 1012 3156 et
1057 3095 1301 3168 corporis
1327 3102 1381 3151 et
1411 3090 1687 3164 sanguinis
1730 3084 1996 3143 Dominici
2022 3098 2151 3138 con-

559 3197 794 3256 secratio
821 3194 964 3252 efﬁci
993 3198 1191 3266 potest,
1222 3189 1341 3245 sine
1368 3186 1512 3243 vasis
1540 3197 1670 3239 vero
1692 3194 1987 3251 nunquam.
2016 3177 2150 3230 Nam

560 3298 847 3367 etgnostra:
874 3275 1069 3345 salutis
1107 3291 1296 3340 auctor
1344 3296 1467 3338 cum
1506 3287 1561 3333 et
1594 3275 1774 3333 Veteri
1806 3274 2154 3329 Testamento

559 3366 858 3443 terminum
895 3389 951 3439 et
974 3379 1124 3436 Novo
1171 3377 1386 3432 initium
1431 3379 1678 3447 poneret,
1707 3385 1816 3427 non
1844 3366 2157 3441 imaginem,

560 3477 661 3537 86d
699 3476 928 3533 calicem
953 3471 1228 3556 accepisse
1262 3467 1601 3545 perhibetur,
1631 3470 1685 3518 et
1712 3477 1811 3533 per
1839 3459 2158 3535 prophetam

560 3570 827 3628 Dominus
869 3585 979 3623 non
1006 3568 1105 3632 ait,
1136 3562 1498 3627 Mundamini,
1534 3559 1627 3629 qui
1659 3557 1787 3612 ferti
1815 3573 1840 3611 s
1871 3556 2157 3627 imagines,
2195 3615 2201 3623 ,

564 3663 682 3729 sed,
733 3658 1071 3715 Mundamini
1130 3656 1222 3729 qui
1273 3654 1419 3727 fertis
1471 3668 1596 3706 vasa
1628 3648 1840 3704 Domini
1869 3646 2004 3720 (lsa.
2035 3643 2155 3717 ιιι).

561 3740 926 3827 Babylonicus
992 3765 1125 3823 ergo
1194 3763 1290 3804 rex
1355 3761 1464 3802 non
1490 3746 1579 3801 ob‘
1621 3740 1847 3811 alicujus
1905 3736 2162 3806 injuriam

563 3844 820 3918 imaginis
876 3842 1187 3914 corripitur,
1248 3837 1344 3918 sed
1366 3836 1491 3907 quia
1519 3849 1651 3890 vasa
1695 3830 1894 3889 divinis
1924 3828 2161 3886 cultibus

565 3916 833 4003 ofﬁciosa,
862 3948 983 4007 quae
1020 3920 1238 3988 abavus
1276 3917 1355 3985 ‘de
1403 3926 1589 3983 Judaea
1619 3923 1783 3979 allata
1818 3922 1873 3977 in
1920 3916 2160 3977 delubris

568 4042 793 4085 suorum
824 4033 1082 4096 posuerat
1132 4022 1419 4087 idolorum,
1474 4016 1752 4090 religionis
1814 4012 2083 4083 siquidem
2110 4016 2165 4065 et

567 4118 895 4189 reverentiae
943 4131 1107 4172 causa
1136 4156 1153 4183 ,
1226 4114 1371 4169 inter
1426 4108 1851 4167 comessationes
1922 4103 2162 4159 delubris

568 4210 761 4283 eximi,
810 4218 867 4268 et
890 4209 1080 4265 usibus
1107 4206 1359 4262 humanis
1385 4202 1626 4260 exhibita
1670 4196 2008 4271 peregrinari
2038 4210 2167 4250 cen-

568 4305 761 4391 suerit,
806 4312 863 4361 et
890 4315 1137 4376 praesago
1168 4292 1417 4375 miraculi
1460 4304 1680 4368 stupore
1727 4291 2009 4355 attonitus,
2041 4303 2164 4360 quae

569 4386 677 4456 sibi
706 4406 937 4453 ventura
966 4402 1153 4452 essent
1184 4392 1411 4459 audivit,
1463 4400 1519 4469 et
1546 4391 1685 4447 inter
1713 4385 1938 4444 hostiles
1964 4398 2167 4441 cuneos

2241 1890 2440 1944 tionem
2483 1883 2828 1946 informabat,
2860 1878 3098 1949 Cecrops
3136 1875 3346 1946 quidam
3387 1887 3468 1926 rex
3508 1867 3716 1921 Atheuien-

2241 1983 2381 2037 sium
2424 1977 2734 2034 ‘deemonico
2788 1974 3002 2029 illectus
3057 1983 3293 2034 veneno,
3337 1965 3482 2019 rudes
3521 1957 3718 2032 gentilium

2242 2082 2453 2129 mentes
2483 2073 2550 2129 ad
2585 2070 2879 2141 imaginum
2908 2064 3420 2128 simulacrorumque
3450 2063 3497 2112 et
3532 2054 3585 2109 ad
3612 2068 3720 2107 vanu-

2243 2184 2364 2226 rum
2392 2168 2613 2223 deorum
2636 2162 2878 2218 culturas
2900 2155 3188 2221 excitavit;
3229 2160 3282 2208 et
3313 2165 3412 2221 quo
3449 2155 3641 2214 tempore
3665 2140 3741 2210 po?

2244 2259 2404 2335 pulus
2430 2259 2525 2314 Dei
2554 2256 2811 2313 mandata
2831 2254 2958 2309 vita:
2987 2249 3248 2323 percepit,
3281 2247 3377 2301 hoc
3418 2242 3495 2297 ille
3526 2235 3724 2294 illicieudis

2247 2353 2531 2409 animabus
2552 2356 2825 2422 perpetua:
2848 2344 3040 2401 mortis
3061 2341 3253 2414 pocula
3282 2347 3334 2394 et
3360 2333 3566 2392 diuturni
3587 2328 3725 2387 erroris

2249 2444 2541 2503 seminaria
2565 2438 2888 2513 prmparavit
2906 2455 2919 2492 :
2940 2438 3003 2492 de
3027 2451 3138 2507 quo
3160 2436 3241 2489 est
3261 2429 3384 2486 illud
3410 2425 3605 2483 Sedulii:

2405 2561 2537 2620 Quos
2562 2556 2743 2608 lethale
2766 2554 2943 2604 malum
2968 2565 3094 2620 quos
3117 2553 3253 2620 vanis
3273 2544 3556 2620 deditacuris

2402 2610 2562 2674 Ᾰιιιω
2586 2620 2830 2682 Cecropei
2848 2610 3003 2680 serpit
3040 2614 3257 2665 doctrina
3277 2610 3460 2661 veneni.

2192 2796 2195 2799 η
2253 2726 2406 2784 Unde
2444 2723 2738 2794 imaginum
2766 2734 2916 2785 usus,
2941 2717 3035 2790 qui
3077 2733 3108 2771 a
3140 2712 3409 2788 gentilium
3444 2703 3729 2764 traditionibus

2252 2816 2497 2881 inolevit,
2525 2829 2692 2869 sacrze
2730 2812 2864 2884 legis
2894 2808 3048 2865 libris
3074 2803 3388 2878 mquiparari
3410 2816 3499 2857 nec
3527 2800 3646 2854 debet
3666 2807 3729 2846 nec

2252 2908 2417 2972 valet,
2442 2906 2567 2976 quia
2594 2905 2647 2959 in
2674 2882 2846 2967 libris,
2873 2917 2981 2955 non
3005 2901 3061 2954 in
3093 2889 3644 2968 iinaginibus,doctrin:e
3662 2882 3731 2953 spi-

2254 2999 2430 3054 ritalis
2456 2996 2813 3053 eruditionem
2854 2992 3134 3049 discimus.
3182 2988 3297 3045 Non
3330 2987 3463 3043 enim
3505 2982 3567 3037 ait
3603 2975 3735 3033 Paulus

2256 3090 2530 3160 apostolus
2584 3107 2595 3141 :
2661 3086 3007 3155 Quzccunque
3041 3083 3208 3163 ‘picta
3261 3088 3417 3143 sunt,
3463 3076 3521 3133 ad
3567 3080 3736 3128 nostram

2259 3183 2559 3239 doctrinam
2598 3181 2743 3250 picta
2783 3186 2928 3244 sunt,
2966 3177 3063 3234 sed
3106 3177 3183 3231 ait
3221 3191 3235 3229 :
3278 3174 3576 3242 Quwcunque
3606 3163 3737 3232 scripta

2258 3284 2401 3340 sunt,
2427 3273 2495 3328 ad
2521 3283 2752 3327 nostram
2789 3271 3089 3325 doctrinam
3125 3270 3315 3340 scripta
3346 3272 3457 3321 sunt
3500 3259 3633 3334 (Rom.
3658 3250 3736 3321 “iv

2259 3375 2319 3422 ut
2360 3382 2460 3437 per
2499 3365 2818 3437 patientiam
2869 3371 2924 3419 et
2974 3362 3397 3419 consolationem
3435 3355 3741 3422 Scripturarum

2260 3479 2411 3534 spem
2437 3463 2734 3517 habeamus
2760 3460 2826 3515 ad
2854 3461 3045 3514 Deum.
3095 3458 3209 3514 Nec
3253 3457 3345 3522 ait,
3387 3450 3549 3510 Omnis
3583 3444 3742 3515 picuua,

2262 3557 2375 3622 sed,
2407 3554 2590 3611 Omnis
2622 3553 2899 3625 Scriptura
2930 3551 3183 3605 divinitus
3224 3548 3465 3616 inspirata
3496 3537 3609 3592 utilis
3629 3524 3745 3585 estad

2262 3645 2577 3709 docendum,
2613 3643 2681 3696 ad
2714 3641 3063 3712 urguendum,
3095 3638 3166 3694 ad
3212 3631 3547 3696 erudiendum,
3571 3637 3611 3681 ut
3633 3620 3747 3694 ρίτῖί·

2264 3749 2377 3795 ctus
2406 3740 2473 3793 sit
2506 3738 2658 3791 homo
2696 3734 2793 3789 Dei
2836 3733 2905 3788 ad
2952 3749 3105 3787 omne
3152 3748 3281 3804 Opus
3333 3730 3505 3783 bonum
3544 3722 3747 3775 instructus

2266 3832 2353 3905 (II
2387 3830 2521 3901 Tim.
2552 3828 2658 3902 ιιι).
2687 3808 3151 3898 Quinquagesimo
3176 3801 3399 3892 denique
3436 3818 3510 3874 die
3552 3820 3646 3885 p051
3668 3801 3749 3873 “illi

2266 3922 2694 3980 immolationem
2721 3929 2775 3976 et
2807 3920 2972 3974 maris
3002 3917 3159 3973 rubri
3189 3915 3480 3975 transitum,
3503 3904 3700 3963 Dominus
3716 3897 3751 3948 in

2267 4030 2507 4075 montem
2564 4017 2715 4071 Sinai
2759 4015 3112 4079 descendens,
3148 4014 3339 4085 legem,
3366 4025 3465 4065 non
3496 3990 3753 4079 pictam.scd

2269 4112 2527 4181 scriptam
2552 4110 2723 4181 Moysi
2748 4109 2913 4172 dedit,
2939 4114 2994 4162 et
3017 4107 3071 4161 in
3103 4106 3305 4162 tabulis
3335 4100 3537 4174 lapideis
3560 4111 3643 4152 non

2270 4208 2442 4279 gines,
2466 4206 2561 4262 sed
2586 4204 2766 4274 apices
2794 4204 2887 4274 qui
2917 4202 3123 4257 indices
3149 4216 3330 4258 rerum
3355 4198 3460 4254 sive
3482 4195 3608 4265 signa
3628 4178 3756 4239 verbo-

2269 4318 2393 4358 rum
2417 4316 2537 4356 esse
2562 4299 2914 4368 perhibentur
2929 4337 2945 4363 ,
2976 4296 3219 4351 tradidit.
3245 4294 3386 4350 Idem
3410 4299 3593 4360 quoque
3613 4279 3758 4368 Moyses

2271 4395 2535 4467 originem
2564 4364 2748 4448 mundi
2773 4406 2880 4447 non
2902 4390 3193 4461 pingendo,
3209 4389 3302 4444 sed
3321 4378 3577 4442 scribendo
3592 4364 3756 4429 θόοωίιν

569 4489 702 4547 τίω
725 4490 934 4590 ιξεινίιετ
957 4488 1221 4590 τθεηξίιιξθ
1247 4484 1522 4555 lacml‘am
1548 4482 1737 4587 δξδυείι·
1780 4479 1883 4548 Ουί
1932 4478 2166 4550 ΡιὈΡὴε·
2189 4524 2251 4590 D
2274 4501 2330 4546 et
2356 4490 2535 4545 omnia
2564 4503 2683 4558 qua:
2707 4501 2805 4558 per
2830 4486 3078 4557 spiritum
3100 4483 3413 4556 prophetiae,
3429 4478 3529 4531 sive
3540 4470 3758 4536 depnrten

1604 4583 1616 4590 .
2279 4586 2288 4590 -
2325 4586 2334 4590 -
2629 4584 2639 4590 .
3141 4579 3156 4590 .
3392 4571 3423 4590 ν
3474 4560 3688 4590 _._:....:..:n
3717 4552 3758 4590 da

570 4591 662 4642 tas
682 4583 806 4650 scit,
838 4597 904 4639 ea
936 4596 1059 4653 quae
1085 4580 1317 4637 dicimus
1342 4575 1642 4649 cognoscit.

1148 4678 1375 4757 CAPUT
1423 4691 1596 4751 xxx.

574 4817 776 4903 Coum!
795 4833 885 4875 eos
907 4817 1002 4901 gui
1026 4816 1227 4903 dicunt,
1252 4814 1407 4896 Sicut
1441 4811 1638 4868 divinae
1661 4806 2167 4903 Sqripiut‘eellibros,

646 4892 724 4948 ita
761 4880 1022 4962 imagines
1049 4889 1120 4945 ob
1150 4880 1477 4962 memoriam
1498 4881 1863 4939 venerationis
1890 4880 2169 4948 habemus,

644 4970 847 5019 nostrae
876 4958 1010 5017 ﬁdei
1042 4960 1335 5031 puritatem
1365 4958 1735 5012 observantes.

649 5076 707 5131 Si
736 5076 827 5132 hic
849 5088 1004 5131 error
1029 5087 1136 5142 quo
1165 5072 1361 5129 divinae
1387 5069 1681 5142 Scriptura).
1714 5069 1865 5126 libris
1911 5067 2175 5139 imagines

578 5168 917 5239 aequiparare
945 5166 1212 5233 nituntur,
1237 5166 1451 5223 caeteris
1476 5181 1664 5226 eorum
1709 5164 1989 5221 erroribus
2026 5177 2175 5219 com-

577 5269 818 5335 paretur,
845 5274 1154 5333 quanquam
1183 5273 1313 5333 erga
1350 5274 1409 5317 se
1439 5260 1510 5316 sit
1552 5275 1762 5331 magna:
1808 5255 2173 5323 enormitatis,

579 5354 703 5410 aliis
721 5368 853 5411 vero
876 5360 1238 5424 comparatus,
1264 5353 1463 5424 quibus
1483 5368 1577 5409 eas
1603 5358 1657 5407 et
1689 5367 1830 5407 arca:
1857 5348 2091 5414 Domini,
2120 5357 2176 5403 et

580 5445 827 5518 corporis
847 5454 902 5503 et
921 5446 1196 5518 sanguinis
1221 5446 1492 5504 Dominici
1522 5451 1881 5508 sacramento,
1909 5450 1964 5499 et
1997 5439 2175 5497 crucis

578 5539 843 5613 mysterio
865 5541 1202 5613 aquiparare
1225 5542 1331 5600 nisi
1365 5550 1523 5608 sunt,
1553 5542 1731 5597 minor
1774 5539 1962 5612 procul
2014 5537 2177 5593 dubio

579 5633 1188 5705 reperitur,-praesertim
1210 5652 1334 5694 cum
1356 5651 1460 5692 nec
1476 5635 1604 5703 illis,
1619 5651 1721 5691 nec
1743 5634 1861 5690 istis
1882 5634 1985 5689 rite
2007 5631 2177 5702 aequi-

579 5731 762 5801 parari
788 5730 1000 5801 possint
1029 5748 1042 5786 :
1061 5746 1187 5787 cum
1208 5731 1457 5789 videlicet
1470 5732 1578 5788 illa:
1597 5731 1766 5788 solius
1790 5730 1885 5786 Dei
1911 5728 2177 5787 altissimo

584 5840 893 5899 areamque
912 5839 981 5886 ac
1000 5841 1248 5902 praesago
1269 5826 1474 5897 judicio
1508 5827 1619 5884 sint
1640 5832 1766 5882 ante
1787 5823 1984 5882 canenda
2029 5837 2174 5894 prae-

2276 4586 2369 4641 itis
2416 4584 2694 4655 cognovit,
2732 4590 2794 4636 ut
2849 4596 2916 4635 ea
2957 4593 3079 4650 qua:
3104 4552 3219 4634 ide‘
3247 4571 3426 4631 mundi
3474 4552 3759 4648 principiade

2274 4679 2551 4736 creatione
2573 4675 2830 4740 hominis,
2855 4675 2920 4731 de
2941 4672 3163 4739 diluvio,
3182 4672 3296 4727 sive
3319 4669 3381 4725 de
3404 4651 3761 4727 creterispalriaf'

2274 4774 2501 4831 charum
2527 4786 2624 4841 per
2644 4770 2891 4825 ordinem
2919 4766 3163 4823 historiis
3186 4757 3545 4835 promulgavit,
3568 4751 3656 4808 sive
3682 4752 3761 4812 ⁸1³³⁵

2271 4839 2657 4942 praesenti—sibi
2682 4873 2926 4933 tempore
2949 4862 3167 4926 ﬁebant,
3194 4868 3256 4915 ut
3283 4873 3345 4914 ea
3377 4869 3488 4925 quae
3504 4863 3587 4920 per
3610 4839 3761 4898 Balaam

2273 4963 2388 5018 sive
2422 4959 2636 5023 Balaac,
2664 4957 2779 5013 sive
2795 4931 2907 5027 per
2930 4960 3156 5010 caeteros
3178 4950 3271 5022 qui
3301 4948 3377 5003 illi
3405 4946 3626 4999 absentes
3640 4931 3761 5027 enim,

2275 5055 2593 5128 agebantur,
2617 5020 2897 5120 comperit,
2926 5048 3039 5103 sive
3068 5062 3133 5101 ea
3166 5020 3287 5114 qua:
3314 5040 3378 5095 de
3402 5032 3577 5093 futuris
3599 5020 3763 5128 Spir'illls

2275 5108 2448 5205 sancti
2467 5146 2685 5203 flamine
2718 5108 2928 5199 afflatus
2957 5108 3234 5201 intellexit,
3268 5143 3325 5190 ut
3348 5141 3427 5187 est
3448 5126 3561 5183 illud
3586 5108 3763 5205 quodie

2275 5240 2718 5313 praevaricatione
2736 5235 2921 5307 populi
2944 5232 3250 5289 Judzeorum
3271 5229 3381 5284 sive
3395 5225 3457 5281 de
3474 5230 3633 5276 eorum
3648 5202 3764 5275 capil-

2277 5302 2443 5393 vitate
2470 5304 2556 5391 vel
2582 5302 2755 5399 etiam
2773 5302 2840 5385 de
2871 5328 3104 5384 adventu
3134 5321 3335 5381 Christi
3377 5315 3560 5372 dixisse
3590 5302 3763 5399 legitur:

2278 5429 2333 5486 in
2367 5396 2609 5501 quinque
2633 5424 2786 5481 libris
2833 5422 3102 5479 adnotans
3148 5433 3255 5473 non
3298 5396 3767 5485 pingendo,seds€ﬂ'

2276 5494 2702 5582 bendo'saeculis
2728 5525 2853 5588 post
2888 5515 3084 5573 futuris
3126 5510 3349 5568 Domino
3383 5494 3770 5588 imperanme

2279 5617 2454 5682 davit;
2504 5629 2607 5673 nec
2652 5570 2830 5669 dereo
2879 5609 3134 5667 scribitur
3155 5624 3169 5662 :
3194 5600 3413 5670 Accepit
3440 5570 3661 5682 picturas}

2278 5710 2487 5781 Accepit
2502 5707 2691 5763 libram
2712 5704 2921 5775 Moyses
2940 5712 2990 5758 et
3013 5699 3241 5758 recitavit
3265 5698 3320 5751 in
3341 5663 3484 5749 aute—38
3501 5675 3649 5781 POM

2242 5796 2249 5803 ’
2646 5760 2833 5872 xxxx)".
2870 5795 3024 5854 Unde
3050 5803 3108 5857 et
3135 5787 3414 5863 Apostolus
3439 5772 3638 5841 scribit:
3662 5760 3773 5819 Ιιάο
