3990 6302
287 309 394 368 lilii

1039 303 1220 361 LIBRI
1257 301 1602 363 CAROLINI.
1647 330 1714 341 -—
1751 297 1974 357 CAPIT.
2016 299 2106 356 DE
2140 298 2333 358 IMAG.
2372 328 2445 342 --
2480 300 2613 386 LIB.
2652 296 2715 355 ll.

3378 303 3518 365 “0?.

279 427 391 487 cuitu
416 422 561 480 omni
584 422 834 481 mandato
876 418 1003 492 legis
1049 437 1084 475 α
1134 417 1316 491 Moyse
1364 418 1603 477 universo
1647 413 1837 488 populo
1862 415 1917 483 Α
1943 421 2115 469 torum
2146 431 2250 475 non
2277 416 2477 471 stetisse
2503 414 2715 488 (Ibid.),
2743 414 2797 471 id
2820 422 2936 483 est,
2967 424 3122 473 actus
3154 416 3363 478 vitiosae
3395 439 3526 480 con-

280 518 446 593 (llcbr.
487 516 601 589 1x);
640 512 838 586 etpost
857 528 1068 585 pauca:
1101 511 1283 584 Ipsum
1315 526 1518 595 quoque
1555 509 1748 564 librum
1790 519 1841 566 et

1943 508 2265 564 versationis
2283 508 2499 578 penitus
2522 510 2772 577 evitasse,
2790 510 2884 566 sed
2914 510 2971 567 in
2992 512 3193 569 mundo
3220 515 3523 573 venientem

278 626 460 669 omnem
497 607 749 680 populum
785 606 1005 678 aspersit
1032 602 1242 678 (Ibid),
1270 612 1330 659 ut
1368 592 1531 661 nosse
1574 602 1844 673 possimus
1941 592 2278 659 mundi‘vitia
2300 600 2646 661 immaculata
2673 603 3086 659 conversatione
3111 605 3372 661 transisse
3395 621 3530 677 prae.

276 704 619 781 legislaturem
659 716 768 759 non
808 699 1006 757 fucatis
1049 698 1309 770 picturis,
1335 697 1430 757 sed
1476 695 1853 755 saluberrimis

278 794 555 864 Scripturis
568 808 726 851 usum
740 790 928 849 fuisse.
945 789 1109 851 Josu'e
1129 790 1290 847 etiam
1306 803 1587 851 successor
1603 786 1844 857 ejusdem

276 884 451 956 Moysi,
482 884 575 955 qui
627 899 752 941 cum
798 881 995 953 populo
1042 881 1137 936 Dei
1181 879 1471 943 Jordanem
1517 880 1662 936 sicco
1708 878 1845 948 pede

277 979 510 1045 transiit,
545 986 600 1033 et
646 976 1020 1035 Chananitidis
1067 974 1245 1046 gentis
1290 974 1593 1045 prostratis
1627 972 1845 1044 regibus

273 1070 698 1143 repromissionis
723 1076 924 1129 terram
961 1066 1087 1123 ﬁliis
1128 1066 1293 1122 Israel
1338 1074 1485 1122 sorte
1533 1064 1733 1128 divisit,
1765 1071 1848 1135 ty-

272 1180 499 1237 pumque
519 1162 830 1221 mediatoris
848 1161 944 1219 Dei
966 1169 1021 1216 et
1037 1162 1315 1219 hominum
1329 1159 1497 1231 gessit
1520 1175 1534 1215 :
1558 1157 1651 1229 qui
1666 1164 1850 1217 trans-

275 1256 402 1315 actis
427 1255 626 1312 veteris
652 1253 793 1325 legis
813 1252 1009 1309 ritibus
1032 1265 1130 1321 per
1156 1250 1423 1320 baptisma
1457 1248 1711 1321 populum
1752 1247 1849 1302 Dei

273 1347 337 1402 ad
363 1354 561 1403 terram
596 1341 1031 1415 repromissionis
1078 1340 1315 1408 adducit,
1358 1349 1413 1396 et
1455 1339 1741 1411 prostratis
1768 1338 1850 1393 vi—

270 1439 462 1499 tiorum
507 1437 621 1495 sive
672 1436 946 1495 aeriarum
991 1441 1322 1504 potestatum
1370 1432 1633 1503 tyrannis,
1657 1430 1851 1502 patri-.13

266 1530 497 1593 cmlestis
518 1528 767 1587 ﬁdelibus
789 1527 991 1598 praedia
1012 1525 1223 1585 confert
1244 1535 1458 1591 cuncta,
1474 1540 1595 1605 quae
1611 1533 1852 1594 tempore

268 1638 366 1679 suo
406 1621 512 1679 sibi
556 1620 643 1677 vel
679 1620 877 1692 populo
911 1619 996 1675 cui
1034 1628 1295 1691 praeerat,
1323 1617 1690 1690 contigerunt,
1718 1616 1853 1673 seri-

265 1715 440 1775 bentlo
468 1715 651 1787 potius
687 1728 859 1784 quam
878 1713 1148 1783 pingendo
1195 1711 1471 1771 memoriae
1513 1710 1853 1781 posteritatis

1944 694 2123 751 dicat:
2150 709 2251 751 nec
2284 710 2412 753 eum
2451 696 2507 751 in
2555 697 2812 753 cathedra
2857 696 3187 767 pestilentias
3214 699 3434 765 sedisse,
3474 701 3531 757 id

1942 795 2044 854 est,
2071 788 2346 844 doctrinas
2377 789 2785 857 abominabiles,
2807 805 2930 861 quae
2970 790 3275 860 pestilentis
3311 791 3533 863 dogma-

1945 882 2016 936 tis
2041 896 2247 937 venena
2277 881 2651 948 disseminant,
2675 882 2770 938 sed
2796 882 2984 943 mundi
3026 882 3251 939 vulnera
3294 878 3532 941 medica-

1944 974 2038 1031 biii
2075 975 2458 1045 prmdicatione
2497 988 2720 1032 sanasse
2759 974 3000 1032 declarat
3032 994 3045 1030 :
3083 990 3317 1046 eumque
3358 974 3535 1033 tribus

1946 1067 2053 1125 illis
2079 1069 2253 1125 modis
2287 1070 2483 1139 quibus
2511 1070 2777 1126 humanos
2803 1076 3016 1125 constat
3055 1070 3341 1140 provenire
3382 1084 3537 1126 erro—

1949 1178 2055 1229 res,
2083 1165 2436 1235 cogitatione,
2465 1164 2610 1219 l‘acto
2650 1163 2903 1219 videlicet
2936 1171 2989 1219 et
3019 1165 3194 1230 dicto,
3218 1166 3392 1220 modis
3417 1181 3535 1221 om-

1949 1256 2110 1311 nibus
2152 1255 2393 1311 caruisse
2444 1263 2852 1322 commemorat,
2885 1255 3228 1327 declaratque
3270 1274 3391 1313 eum
3435 1273 3535 1314 nec

1949 1348 2174 1418 impium
2200 1346 2366 1404 fuisse
2393 1348 2485 1418 qui
2521 1349 2576 1403 in
2615 1347 2782 1403 Deum
2821 1350 3121 1420 peccasset,
3148 1364 3214 1405 eo
3250 1350 3393 1419 quod
3437 1365 3533 1407 ne-

1951 1454 2221 1510 quaquam
2265 1440 2319 1496 in
2374 1440 2543 1495 Deum
2586 1441 2893 1510 peccaverit
2946 1442 3037 1511 qui
3092 1456 3303 1513 semper
3351 1442 3538 1513 utique

1951 1532 2284 1589 voluntatem
2305 1533 2485 1589 Patris
2510 1532 2731 1601 fecerit;
2764 1548 2865 1590 nec
2891 1543 3235 1605 peceatorcm
3264 1537 3354 1606 qui
3383 1535 3437 1590 in
3482 1552 3540 1591 se

1953 1626 2257 1697 deliquerit,
2282 1626 2375 1698 qui
2396 1628 2581 1698 utique
2605 1628 2681 1682 ait
2711 1642 2726 1682 :
2764 1625 2913 1681 Venit
2940 1630 3076 1683 enim
3099 1628 3335 1701 princeps
3357 1624 3541 1683 mundi

1953 1719 2112 1791 hujus
2131 1728 2179 1775 et
2200 1720 2256 1774 in
2284 1736 2367 1775 me
2402 1718 2505 1775 non
2529 1720 2725 1775 invenit
2749 1719 3034 1791 quidquam
3062 1720 3242 1791 (Joan.
3270 1718 3413 1793 x1v);
3440 1714 3543 1775 neu

266 1809 558 1867 mandavit.
590 1809 813 1867 Samuel
831 1821 1068 1879 quoque,
1107 1821 1315 1878 magum
1344 1805 1646 1865 sanctitatis
1669 1810 1726 1859 et
1752 1818 1851 1859 ex-
1883 1789 1929 1851 Β
1955 1789 2295 1882 pestilentem
2325 1811 2417 1883 qui
2444 1828 2719 1883 nunquam
2750 1789 3439 1884 proximumdepopulatus
3475 1814 3544 1868 sit

266 1902 527 1973 cellentia:
556 1901 660 1966 vir,
685 1900 780 1972 qui
813 1900 977 1963 matri
1004 1898 1209 1970 Ρειθηῑί
1237 1905 1360 1969 ροβε
1383 1913 1633 1969 magnam
1659 1895 1854 1955 οΐθίίο·
1955 1914 2117 1976 atque
2153 1904 2370 1971 laeserit,
2395 1906 2488 1977 qui
2516 1904 2569 1961 in
2596 1906 2700 1962 hoc
2720 1907 2867 1962 venit
2891 1915 2948 1961 ut
2970 1906 3169 1962 salvum
3194 1905 3385 1975 faceret
3406 1894 3546 1977 quod

265 1995 351 2055 nis
395 1993 709 2053 instantiam
750 1992 937 2053 divino
990 2006 1216 2049 munere
1272 1990 1498 2047 collatus
1552 1998 1654 2056 est,
1686 1997 1743 2045 et
1785 1989 1855 2045 ab
1953 2000 2179 2070 perierat
2208 1995 2357 2071 (Luc.
2388 1997 2526 2071 χιχ).
2562 1999 2688 2055 Haec
2728 1992 2872 2055 enim
2911 1998 3084 2072 ﬁgura
3111 1996 3251 2069 apud
3278 2006 3548 2070 gramma-

265 2086 399 2157 ipsis
419 2085 699 2142 cunabulis
718 2086 774 2143 in
799 2085 1011 2143 Domini
1039 2082 1386 2141 tabernaculo
1410 2082 1600 2138 militia
1620 2081 1854 2152 prophe-

1964 2090 2094 2147 tieos
2115 2106 2216 2161 pro
2245 2106 2309 2146 eo
2349 2091 2497 2161 quod
2525 2084 2734 2161 singula
2776 2093 2940 2148 verba
2989 2091 3217 2163 singulis
3246 2092 3549 2162 quibusque

266 2180 363 2236 tali
387 2180 659 2249 militavit,
690 2187 746 2235 et
771 2179 827 2235 in
858 2177 1178 2235 deﬁniendis
1211 2176 1430 2248 regibus
1457 2174 1733 2244 exemplar
1757 2188 1855 2227 ex-
1958 2190 2082 2254 apte
2106 2183 2361 2240 clausulis
2397 2184 2469 2239 ibi
2501 2183 2917 2256 subiunguntur,
2951 2186 3250 2250 ὕπόζευξις,
3280 2192 3329 2240 e'
3354 2199 3454 2256 pro
3484 2199 3550 2240 eo

265 2274 425 2343 διὶιίι,
451 2273 710 2330 historias
732 2270 1007 2337 «indicum,
1031 2271 1145 2327 Sive
1160 2268 1431 2335 Βυιὶιννθι
1454 2267 1619 2324 etiam
1646 2265 1858 2337 Regum
1959 2275 2102 2345 quod
2127 2275 2391 2330 dictiones
2412 2274 2596 2344 plures
2623 2274 2784 2329 simili
2808 2275 2968 2330 modo
2994 2275 3268 2355 finiuntur,
3295 2280 3373 2341 ut,
3399 2272 3548 2339 abiit,

265 2385 441 2442 usque
463 2371 532 2425 ad
556 2369 726 2424 David
747 2383 855 2423 non
881 2365 1229 2438 imaginibus,
1260 2365 1357 2420 sed
1380 2362 1623 2434 apicibus
1646 2375 1861 2433 praeno-

265 2462 424 2517 tavit.
448 2460 517 2517 Et
543 2467 668 2530 post
694 2460 839 2515 hunc
866 2472 967 2527 per
996 2455 1167 2511 David
1188 2469 1278 2510 res
1303 2470 1402 2511 suo
1429 2461 1672 2524 tempore
1693 2458 1860 2522 gestas

266 2554 619 2625 conscriptas,
650 2551 763 2609 sive
793 2557 1113 2606 cancrorum
1141 2563 1329 2620 regum
1357 2546 1605 2603 historiae.
1629 2554 1721 2601 aut
1761 2559 1861 2615 per

1958 2366 2118 2433 stetit,
2149 2366 2302 2433 sedit,
2333 2365 2705 2440 ὃμοιοτέλευτον
2744 2370 3101 2438 nuneupatur.
3152 2366 3343 2423 Merito
3389 2368 3553 2441 igitur

1960 2460 2051 2516 hic
2078 2460 2318 2531 psalmus
2339 2462 2429 2532 qui
2456 2471 2539 2517 est
2565 2469 2724 2532 caput
2750 2461 2893 2530 libri,
2923 2470 2975 2517 et
3009 2462 3062 2516 in
3091 2462 3243 2534 cujus
3278 2462 3452 2533 capite
3486 2461 3555 2516 (le

1962 2553 2178 2610 Christo
2208 2554 2469 2625 scriptum
2495 2562 2597 2621 est,
2643 2555 2801 2609 titulo
2847 2563 2995 2609 caret
3036 2574 3048 2609 :
3090 2555 3204 2610 sive
3234 2552 3361 2626 quia
3390 2553 3556 2626 capiti

264 2664 457 2722 reges,
484 2655 580 2704 aut
609 2660 709 2718 per
735 2644 1027 2716 prophetas
1069 2642 1162 2713 qui
1206 2650 1337 2703 tunc
1376 2641 1638 2711 temporis
1686 2639 1859 2706 fuere.
1964 2654 2171 2716 nostro,
2185 2650 2327 2720 quod
2351 2658 2434 2705 est
2456 2648 2726 2717 Christus,
2744 2649 2875 2704 nihil
2902 2650 3143 2722 praeponi
3170 2650 3345 2715 debet,
3361 2648 3452 2720 qui
3475 2654 3559 2705 est

265 2743 612 2813 conscriptas,
636 2754 811 2812 usque
840 2738 909 2793 ad
951 2736 1271 2804 Jeremiam,
1298 2737 1392 2806 qui
1436 2750 1627 2792 omnes
1673 2749 1863 2805 regum
1965 2742 2222 2811 Verbum,
2250 2743 2607 2814 principium;
2644 2744 2758 2800 sive
2795 2745 2921 2814 quia
2949 2743 3039 2799 hic
3064 2743 3306 2815 psalmus
3334 2753 3560 2800 caetero-

264 2836 530 2894 hiﬁlorias
560 2833 617 2889 in
653 2847 823 2888 unum
858 2831 1133 2900 00111881³8,
1160 2828 1446 2883 Μθιεοῖιίῐη
1482 2836 1656 2884 mlum
1696 2826 1866 2883 edidit
1966 2853 2087 2891 rum
2114 2836 2443 2908 psalmorum
2484 2834 2623 2893 tituli
2648 2847 2720 2906 et,
2759 2849 2818 2894 ut
2846 2839 2919 2895 ita
2950 2824 3199 2906 dixerim,
3225 2824 3561 2911 prmfationis

263 2931 339 2987 ad
362 2935 607 2987 ηοείηω
637 2938 806 2997 ιιειιιιθ
840 2925 1176 2989 memoriam,
1204 2938 1313 2979 ηοῐι
1340 2937 1438 2993 De?
1454 2922 1742 2994 Pictum"),
1771 2919 1867 2976 8θά
1968 2931 2145 2987 locum
2203 2942 2348 2986 tenet
2387 2951 2399 2986 :
2440 2933 2720 3002 quoniam,
2769 2948 3078 3005 quanquam
3107 2932 3198 2986 alii
3246 2932 3441 3003 psalmi
3495 2934 3561 2987 de

263 3039 367 3097 per
404 3023 756 3093 scripturam,
778 3021 969 3079 delatze
997 3028 1141 3077 sunt.
1165 3017 1454 3089 Prophetas
1476 3016 1640 3072 etiam
1670 3014 1866 3086 singuli
1969 3021 2186 3078 Christo
2217 3022 2387 3078 multa
2418 3023 2617 3087 dicant,
2652 3022 2831 3079 nullus
2857 3029 3038 3078 tamen
3064 3023 3128 3077 de
3156 3021 3270 3091 ejus
3311 3038 3429 3093 qua:
3462 3022 3563 3077 fuit

263 3117 362 3190 qui
388 3118 558 3222 libros
585 3118 805 3182 habent,
840 3114 1151 3219 prophetiae
1178 3127 1304 3169 suas
1329 3119 1453 3183 post
1471 3110 1674 3222 laturis
1692 3124 1864 3214 smcu-
1890 3156 1939 3222 C
1972 3116 2026 3170 in
2056 3115 2217 3171 terris
2251 3116 2659 3171 conversatione
2687 3123 2799 3170 tam
2832 3114 3111 3171 evidenter
3142 3114 3384 3185 loquitur
3416 3130 3430 3167 :
3472 3112 3563 3185 qui

263 3211 340 3267 lis
371 3209 715 3282 profuturas,
744 3223 853 3264 non
905 3208 960 3262 in
1016 3206 1270 3278 picturis,
1316 3207 1411 3261 sed
1468 3204 1524 3259 in
1577 3202 1863 3273 scripturis

264 3303 624 3360 constituere.
657 3301 808 3359 Unde
841 3308 896 3355 et
919 3299 1107 3355 Daniel
1134 3314 1241 3355 non
1268 3300 1326 3355 in
1361 3298 1617 3354 coloratis
1645 3296 1859 3367 ﬁguris,

263 3396 368 3451 sed
393 3395 449 3450 in
478 3394 633 3451 libris
654 3392 921 3449 intellexit
944 3404 1233 3447 numerum
1259 3403 1527 3445 annorum
1567 3402 1675 3459 quo
1695 3402 1866 3458 popu-

262 3487 356 3543 lus
373 3487 471 3543 Dei
500 3488 555 3542 in
578 3486 894 3558 captivitate
912 3484 1240 3557 Babylonica
1261 3481 1490 3538 detineri
1510 3479 1751 3536 deberet.
1774 3477 1868 3532 Ait

262 3579 421 3635 enim
450 3592 467 3633 :
494 3578 609 3649 Ego
632 3577 824 3634 Daniel
851 3575 1082 3632 intellexi
1112 3578 1169 3630 in
1195 3574 1344 3631 libris
1382 3588 1659 3629 numerum
1700 3585 1868 3625 anno-

265 3690 393 3729 rum
422 3674 481 3727 in
506 3687 609 3745 quo
631 3671 803 3742 factus
829 3678 905 3726 est
930 3686 1101 3726 sermo
1126 3668 1340 3726 Domini
1369 3665 1533 3739 (Dan.
1570 3663 1669 3738 lx).
1696 3663 1867 3718 David

265 3779 493 3838 quoque
517 3762 895 3820 sanctissimus
936 3762 1346 3834 prophetarum,
1398 3757 1490 3828 qui
1538 3757 1605 3814 de
1661 3753 1868 3811 Christi

265 3857 677 3921 incarnatione,
722 3855 1032 3920 nativitale,
1077 3854 1360 3924 passione,
1388 3856 1592 3916 morte,
1621 3861 1868 3904 resurre-

263 3948 477 4014 ctione,
511 3948 702 4019 gloria,
732 3942 917 4019 regno,
946 3945 1087 4001 sicut
1111 3943 1324 4001 caeteris
1350 3942 1603 3999 Patribus
1640 3941 1695 3996 in
1723 3939 1867 4010 ejus-

262 4043 397 4099 dem
418 4040 633 4096 Domini
655 4040 951 4096 secundum
973 4037 1366 4094 humanitatem
1394 4033 1710 4107 genealogis
1728 4047 1871 4103 pra:-

262 4134 417 4190 latus
464 4140 565 4201 est,
598 4139 659 4188 ut
703 4132 955 4188 videlicet
1006 4132 1148 4188 idem
1201 4130 1463 4186 Dominus
1504 4128 1647 4185 ﬁlius
1700 4125 1870 4181 David

258 4235 634 4298 nuncupetur,
668 4227 744 4282 ita
786 4226 950 4280 etiam
993 4225 1205 4281 caeteris
1254 4224 1474 4280 uberius
1523 4220 1870 4292 apertiusque

260 4319 517 4375 cantavit
543 4336 555 4372 :
586 4319 661 4373 ita
684 4319 739 4372 in
764 4332 1000 4388 persona
1038 4316 1243 4373 Christi
1295 4316 1495 4372 dixisse
1540 4313 1756 4383 legitur,
1802 4309 1871 4365 In

258 4415 447 4484 capite
473 4412 594 4467 libri
625 4415 875 4485 scriptum
902 4421 979 4469 est
1013 4412 1077 4467 de
1104 4426 1186 4466 me
1216 4410 1388 4486 (Psal.
1423 4411 1534 4484 χι).
1564 4409 1682 4465 Non
1724 4410 1870 4464 enim

1968 3225 2093 3265 cum
2122 3226 2245 3266 eum
2273 3225 2371 3282 per
2395 3207 2653 3264 octavam’
2688 3208 2927 3283 speciem
2979 3207 3329 3274 deﬁnitionis,
3357 3220 3457 3279 per
3499 3220 3562 3262 ea

1967 3319 2087 3375 quae
2108 3318 2216 3357 non
2238 3300 2425 3357 fecerit
2445 3303 2662 3357 beatum
2685 3300 2973 3364 deﬁnierit,
3005 3300 3252 3370 protinus
3278 3300 3347 3375 ad
3372 3313 3563 3355 secun-

1968 3397 2092 3452 dam
2122 3395 2473 3451 nibilominus
2502 3392 2833 3453 deﬁnitionis
2866 3393 3102 3463 speciem
3151 3407 3270 3465 quae
3314 3372 3381 3465 ab
3431 3388 3564 3444 arti-

1968 3487 2187 3563 graphis
2216 3470 2566 3562 ἐννοηματίδὲή,
2592 3485 2649 3540 id
2683 3491 2766 3541 est
2790 3482 2960 3549 notio,
2994 3483 3209 3545 dicitur,
3237 3479 3562 3548 convolavit,

1967 3574 2023 3637 et
2048 3596 2147 3651 per
2166 3595 2229 3635 ea
2263 3594 2382 3649 quae
2409 3579 2519 3650 egit
2544 3577 2699 3648 quasi
2722 3591 2821 3648 per
2845 3575 3093 3647 quzedam
3136 3574 3291 3642 signa
3334 3573 3389 3628 in
3422 3572 3563 3628 noti-

1968 3673 2101 3727 tiam
2129 3672 2405 3735 devoeata,
2436 3687 2542 3727 non
2569 3669 2699 3740 quid
2732 3669 2835 3734 sit,
2860 3667 2953 3723 sed
2980 3665 3110 3736 quid
3139 3664 3282 3737 egit,
3313 3662 3563 3739 speciali-

1969 3774 2053 3821 ter
2079 3763 2336 3820 indieavit
2366 3764 2570 3829 dicens,
2596 3760 2703 3831 Sed
2730 3761 2788 3815 in
2821 3760 2930 3831 lege
2954 3757 3168 3813 Domini
3191 3756 3294 3829 fuit
3318 3754 3563 3835 uoluntas

1969 3859 2105 3933 ejus,
2142 3868 2196 3913 et
2224 3866 2420 3914 czetera
2465 3853 2638 3928 (Psal.
2667 3854 2732 3928 1).
2787 3854 2924 3923 Quia
2973 3867 3104 3908 vero
3148 3849 3309 3921 paulo
3354 3849 3565 3925 longius

1971 3953 2165 4024 capitis
2190 3952 2314 4008 libri
2345 3950 2626 4008 dulcedine
2654 3949 2799 4022 capti
2827 3964 2859 4005 a
2886 3963 3051 4004 causa
3079 3943 3395 4003 secedentes
3440 3938 3565 3999 eva-

1972 4048 2080 4120 gati
2108 4062 2314 4112 sumus,
2350 4052 2520 4100 restat
2550 4052 2611 4098 ut
2652 4044 2721 4100 ad
2748 4042 3085 4116 propositum
3114 4038 3421 4095 redeamus.
3463 4037 3568 4093 Ve-

1972 4140 2187 4197 niamus
2211 4153 2356 4193 nunc
2387 4137 2457 4193 ad
2501 4135 2814 4208 Evangelia,
2854 4135 3130 4190 videamus
3175 4141 3358 4187 utrum
3405 4143 3569 4185 evan-

1944 4225 2195 4307 ’gelistae,
2214 4248 2282 4287 an
2311 4231 2423 4303 ipse
2456 4229 2735 4293 Dominus,
2754 4229 3050 4300 imaginum
3070 4243 3139 4282 an
3162 4224 3570 4299 Scripturarum

1974 4326 2203 4383 fecerint
2263 4324 2617 4380 mentionem.
2670 4320 2761 4376 Ait
2802 4321 2945 4376 enim
2995 4316 3336 4387 Evangelista
3386 4329 3402 4368 :
3454 4314 3572 4369 Sic-

1976 4431 2033 4476 ut
2075 4421 2327 4493 scriptum
2365 4426 2439 4473 est
2488 4419 2544 4472 in
2584 4414 2717 4471 libro
2762 4428 3059 4469 sermonum
3103 4408 3264 4464 Isaiw
3307 4404 3571 4479 propheta:

260 4503 353 4558 ait
388 4502 629 4573 Picum:
667 4506 763 4557 θεά
808 4505 1069 4575 Scriptum
1098 4520 1111 4557 ³
1144 4516 1247 4557 nec
1286 4501 1342 4555 ίη
1398 4502 1575 4570 calme
1599 4499 1867 4569 Ρεινίειυῐη
1901 4533 1957 4596 D
1981 4513 2133 4588 (Luc.
2170 4509 2268 4584 1v).
2316 4509 2586 4580 Scriptum
2628 4508 2795 4573 dixit,
2819 4522 2926 4561 non
2953 4504 3176 4577 pictum,
3206 4509 3261 4555 et
3306 4500 3360 4553 in
3408 4497 3569 4563 libro,

257 4598 391 4655 δίνθ
418 4598 743 4661 ullumull“:
770 4599 864 4652 θεά
906 4598 961 4652 in
991 4597 1167 4668 capite
1211 4595 1354 4650 miri-
1385 4594 1445 4649 Ῐο
1473 4594 1647 4664 capite
1688 4593 1870 4662 itml‘le
1901 4587 1949 4596 _
1978 4624 2085 4662 non
2112 4606 2164 4660 in
2189 4605 2423 4675 quadam
2450 4602 2703 4669 materia;
2729 4609 2783 4656 et
2808 4600 2948 4655 idem
2967 4594 3225 4650 Dominus
3256 4607 3320 4646 ac
3344 4587 3572 4644 Redem-

256 4691 401 4748 libri
429 4690 722 4757 Ceneseos,
747 4690 839 4760 qui
866 4691 1051 4761 utique
1073 4694 1390 4746 cunctorum
1419 4688 1680 4743 librorum
1708 4691 1863 4755 caput

1976 4710 2100 4773 pter
2134 4708 2317 4755 noster
2353 4699 2480 4753 dum
2526 4696 2734 4766 antiqui
2780 4693 2952 4748 hostis
2996 4690 3431 4744 machinamenta
3474 4682 3565 4739 de-
3668 4680 3685 4696 ⁴

256 4793 380 4852 est,
409 4786 487 4840 ita
533 4784 814 4851 scribitur,
842 4781 911 4837 In
943 4784 1200 4856 principio
1222 4784 1412 4837 creavit
1436 4782 1577 4837 Deus
1605 4780 1787 4835 calum
1825 4788 1863 4833 et

1980 4801 2235 4859 strueret,
2265 4792 2379 4848 sive
2417 4792 2471 4845 in
2514 4788 2765 4862 plurimis
2794 4802 2905 4842 sum
2959 4779 3363 4855 praedicationis
3405 4775 3570 4843 locis,

254 4888 476 4933 terram
511 4876 667 4950 (Gen.
702 4877 775 4951 1);
828 4878 884 4933 in
923 4878 1211 4949 principio,
1244 4878 1298 4933 id
1336 4884 1448 4944 est,
1473 4876 1529 4931 in
1574 4874 1731 4939 Filio,
1759 4874 1863 4943 ipse

1983 4888 2417 4958 Scripturarum,
2450 4900 2560 4939 non
2604 4882 2970 4953 picturarum,
2994 4873 3237 4946 exempla
3279 4869 3574 4942 protulisse

252 4975 426 5032 enim
453 4973 655 5032 Iudaeis
690 4974 1147 5049 interrogantibus
1186 4977 1307 5049 quis
1342 4984 1516 5043 esset,
1544 4972 1823 5045 respondit
1855 4989 1871 5029 :

256 5070 394 5141 Ego
421 5054 541 5124 sum
568 5070 902 5141 principium,
923 5071 1047 5142 quia
1068 5079 1116 5124 et
1139 5068 1326 5143 loquor
1351 5070 1493 5125 vobis
1526 5067 1708 5141 (Joan.
1726 5064 1872 5139 vm).

255 5162 469 5221 Potest
497 5164 659 5219 etiam
692 5175 746 5220 et
781 5166 836 5220 in
866 5167 971 5222 hoc
1020 5180 1181 5221 versu
1214 5166 1377 5237 primi
1427 5164 1621 5236 psalmi
1669 5160 1875 5234 princi-

252 5260 431 5333 pium
463 5260 707 5331 intelligl,
742 5262 833 5331 qui
875 5262 940 5317 de
976 5261 1178 5317 Christi
1208 5261 1577 5318 incarnatione
1609 5259 1873 5327 adoritur,

253 5363 323 5411 ct.
375 5368 478 5424 per
503 5362 748 5408 octavam
781 5342 1011 5425 speciem
1042 5354 1369 5410 deﬁnitionis
1401 5368 1560 5425 quam
1606 5352 1877 5408 dialectici

253 5444 396 5501 κατ’
420 5446 688 5523 ἀφαίρεσιν
706 5452 799 5501 τοῦ
832 5447 1077 5512 ἐναντίου,
1093 5446 1147 5502 id
1173 5455 1254 5501 est
1272 5460 1370 5517 per
1396 5446 1721 5517 privantiam
1745 5462 1877 5501 c011-

253 5528 435 5593 trarii
465 5537 581 5607 ejus
618 5539 759 5609 quod
806 5539 1080 5604 delinitur,
1136 5532 1413 5595 Christum
1465 5556 1567 5594 non
1621 5530 1788 5594 abisse
1822 5538 1878 5592 in

249 5626 506 5689 concilio
542 5628 823 5706 impiorum
861 5634 1034 5711 (Psal.
1078 5633 1141 5708 1),
1170 5635 1223 5690 id
1261 5644 1363 5703 est,
1396 5634 1739 5691 detestabiles
1787 5651 1879 5690 co-

248 5726 575 5796 gitationcs
624 5743 760 5799 quas
814 5728 913 5785 sibi
973 5745 1141 5801 genus
1188 5729 1483 5784 humanum
1531 5728 1879 5800 peculiariter

251 5819 548 5891 vindicat,
573 5835 682 5879 non
710 5822 963 5879 habuisse
996 5824 1362 5888 demonstrat;
1405 5830 1450 5876 et
1484 5823 1538 5878 in
1575 5825 1658 5879 via
1695 5842 1877 5891 pecca-

1978 4982 2415 5053 perbibeturzet
2445 4979 2571 5035 dum
2605 4974 2798 5031 mulier
2820 4973 2875 5027 in
2920 4966 3170 5025 adulterii
3219 4970 3371 5020 reatu
3421 4976 3571 5017 com-

1981 5075 2269 5145 prehensa,
2298 5073 2457 5141 eique
2511 5070 2744 5139 stipante
2786 5070 3002 5120 caterva
3051 5059 3231 5115 oblata
3260 5055 3486 5118 fuisset,
3519 5058 3575 5107 et

1981 5166 2240 5223 Pharisaei
2268 5165 2414 5220 illius
2440 5160 2754 5231 deceptione
2774 5156 2920 5229 pleni
2957 5150 3253 5225 syllogismi
3286 5146 3380 5219 qui
3414 5162 3445 5200 a
3472 5160 3575 5201 sae-

1982 5262 2249 5319 culariqu
2273 5260 2574 5314 litterarum
2600 5252 2876 5323 magistris
2896 5248 3134 5324 ἅφυκθος,
3160 5245 3215 5301 id
3234 5250 3336 5307 est,
3357 5241 3576 5296 inevita-

1982 5354 2122 5422 bilis,
2150 5357 2505 5422 nuncupatur,
2534 5360 2734 5403 eornua
2781 5343 3021 5408 evitans,
3052 5338 3143 5409 qui
3194 5352 3295 5393 nec
3343 5332 3578 5389 crudelis

1982 5454 2129 5505 esset
2180 5442 2561 5515 sanguinisque
2594 5438 2910 5496 ellusionem
2936 5433 3307 5496 consentiens,
3341 5429 3433 5499 qui
3480 5441 3579 5498 per

1984 5542 2329 5598 severitatem
2354 5537 2539 5608 legalis
2568 5535 2761 5607 rigoris
2782 5532 3083 5588 adulteram
3118 5528 3359 5598 lapidare
3385 5521 3578 5608 jussis—

1985 5645 2087 5701 set,
2114 5631 2368 5704 neclegis
2396 5638 2765 5701 trausgrcssor
2785 5632 3240 5697 peccatorumque
3266 5606 3462 5677 fautor,
3483 5611 3577 5683 qui

1984 5711 2171 5784 contra
2199 5723 2332 5796 legis
2358 5721 2681 5778 sententiam
2707 5716 2954 5775 eamdem
2974 5714 3282 5770 indemnem
3306 5705 3581 5762 dimittere

1975 5820 2263 5890 iussisset,
2303 5816 2397 5873 sed
2436 5814 2713 5884 justus‘ct
2754 5814 3071 5868 mansuetus
3113 5801 3443 5876 gravissimae
3482 5807 3579 5852 eos
