3990 6302
526 302 661 357 1103

1402 295 1462 348 Β.
1494 291 1743 351 CAROLI
1779 288 1995 348 MAGNI
2031 284 2182 343 OPP.
2222 284 2402 342 PARS
2440 284 2506 341 Il.
2545 281 2788 341 SECTIO
2820 278 2884 337 [Γ.

3582 280 3680 338 1104

522 412 902 488 propositionis
926 412 1053 478 telo,
1081 416 1141 466 ut
1163 415 1290 480 pote
1323 408 1562 465 ctelestis
1594 406 1956 477 philosophus,
1980 418 2102 473 per—
2127 405 2180 465 Δ
2202 401 2438 458 ctelestis
2461 399 2612 470 regni
2626 395 2912 459 desiderio,
2927 374 3191 462 quodnon
3210 390 3309 446 nisi
3333 394 3588 449 concordes
3606 398 3691 452 adi-

523 505 759 573 culisset,
774 504 878 560 illis
901 517 999 559 sua
1014 501 1312 571 quibusque
1324 497 1565 553 facinora
1586 497 1770 552 audire
1786 494 2100 550 timentibus

522 595 694 652 altero
737 601 860 664 post
897 592 1125 647 alterum
1165 588 1508 653 abeuntibus,
1538 586 1708 657 digito
1734 585 1791 638 in
1824 591 1967 639 terra
1992 598 2099 637 non

522 684 779 756 pinxisse,
809 683 905 739 sed
939 680 1218 752 scripsisse
1258 679 1597 749 perhibetur,
1624 682 1685 731 ut
1734 672 1888 743 cujus
1932 672 2100 744 digito

522 778 652 835 olim
680 777 737 832 in
774 774 949 845 lapide
981 780 1198 843 propter
1237 768 1646 842 signiﬁcandam
1693 764 1949 820 duritiam
1991 779 2103 817 cor-

2200 494 2498 563 piscuntur,
2515 496 2829 560 superetur;
2850 485 3044 557 quibus
3062 485 3140 539 ira
3152 484 3526 540 modestissimae
3535 488 3694 556 patien-

2198 584 2290 640 tia:
2309 584 2573 656 gravitate
2587 588 2643 636 et
2656 579 2902 635 acumine
2915 574 3139 630 rationis
3158 580 3211 629 et
3229 574 3602 644 :equanimitatis
3612 592 3696 632 ml-

2200 688 2332 730 nere
2350 673 2660 745 frangatur;
2709 669 2906 740 quibus
2944 665 3169 720 avaritia
3202 664 3530 735 eleemosynis
3555 674 3601 719 et
3629 682 3697 736 spe

2201 773 2418 821 aeternae
2445 761 2817 820 retributionis
2836 758 3094 821 calcetur,
3120 757 3311 827 quibus
3329 755 3526 811 tristitia
3553 756 3700 812 frater-

523 869 605 926 diS
654 865 961 922 εἶιιάωοηιῐῐι
1007 862 1091 916 lex
1142 860 1346 930 scripta
1386 867 1491 924 θεῖν
1542 855 1710 927 ἱρείιιε
1754 851 2104 907 nihilominus
2198 859 2287 914 nis
2306 858 2572 928 alloquiis,
2589 853 2820 911 assiduis
2835 847 3248 907 lectionibusvel
3263 847 3699 917 orationibuspella-

523 959 690 1028 digito
723 957 781 1011 in
834 962 982 1009 terra
1021 951 1200 1009 cordis
1245 942 1541 1022 gentilium,
1572 964 1693 1017 qua:
1743 943 1911 999 divini
1939 942 2105 999 Verbi

523 1047 730 1104 semina
753 1043 1022 1114 accipiens
1042 1041 1250 1096 fructus
1277 1040 1466 1111 dignos
1496 1054 1593 1094 suo
1623 1039 1901 1095 Conditori
1926 1035 2102 1107 quoti-

523 1139 610 1196 die
658 1136 833 1201 aﬂ‘ert,
881 1134 1190 1215 evangelica
1239 1132 1328 1186 lex
1375 1129 1722 1196 scriberetur,
1754 1139 2018 1200 quatenus
2051 1132 2107 1181 et

524 1242 621 1301 per
655 1227 898 1296 lapideas
928 1223 1138 1279 tabulas
1168 1222 1314 1291 rigor
1340 1220 1539 1275 veteris
1568 1218 1878 1275 testamenti
1922 1224 1976 1273 et
2009 1216 2107 1270 du-

524 1320 648 1375 ritia
671 1316 981 1374 Israeliticae
1005 1314 1199 1386 gentis,
1228 1321 1283 1368 et
1306 1327 1405 1383 per
1433 1319 1635 1367 terram
1663 1327 1783 1381 quae
1806 1310 1972 1382 digito
2005 1309 2108 1362 Do-

524 1412 656 1467 mini
680 1411 883 1480 scripta
913 1414 998 1463 est
1030 1406 1309 1478 gentilium
1335 1404 1405 1460 ad
1434 1401 1763 1459 credendum
1789 1410 1844 1458 et
1881 1401 1947 1456 ad
1996 1398 2110 1454 fru-

523 1512 644 1558 ctus
672 1498 975 1556 ati‘erendos
998 1496 1179 1553 mollia
1201 1496 1363 1551 corda
1401 1494 1514 1550 sive
1537 1493 1778 1550 suavitas
1803 1488 2111 1546 testamenti

524 1591 651 1648 novi
680 1591 1017 1646 innueretur.
1062 1586 1304 1659 Apostoli
1354 1586 1612 1655 denique,
1658 1584 1723 1640 de
1770 1583 1964 1652 quibus
2012 1595 2111 1651 per

523 1684 847 1756 prophetam
884 1680 1086 1736 dictum
1111 1686 1227 1733 est:
1264 1676 1435 1743 Quam
1463 1674 1669 1747 pulchri
1689 1682 1811 1729 sunt
1843 1671 1996 1743 pedes
2020 1670 2110 1741 qui

2203 959 2311 1018 tur,
2337 951 2534 1021 quibus
2554 945 2864 1018 arrogantia
2883 950 3035 999 metu
3060 941 3459 996 amittendarum
3480 940 3699 1007 virtutum,

2204 1058 2326 1098 cum
2351 1057 2456 1113 qua
2482 1041 2586 1096 illze
2625 1037 2814 1094 haberi
2850 1051 2955 1091 non
2995 1040 3236 1104 possunt,
3269 1040 3323 1088 et
3344 1047 3569 1087 accessus
3591 1047 3702 1086 vana

2205 1133 2407 1204 gloriae,
2461 1131 2553 1202 qui
2594 1139 2679 1185 est
2720 1128 2983 1182 virtutum
3031 1123 3293 1186 inimicus,
3359 1121 3633 1187 secluditur;
3666 1122 3705 1176 in

2206 1225 2400 1295 quibus
2444 1221 2694 1293 superbia
2727 1226 2878 1274 metu
2913 1215 3195 1272 diabolica:
3238 1212 3400 1269 ruina:
3436 1219 3485 1267 et
3522 1213 3708 1282 exemplo

2209 1316 2531 1373 humilitatis
2575 1314 2780 1371 Christi
2824 1310 3141 1368 conteritur.
3193 1307 3252 1363 In
3299 1306 3400 1362 illis
3435 1305 3711 1360 inveniuntur

2207 1409 2565 1465 instrumenta
2601 1405 2813 1461 fructus
2847 1402 3091 1473 iustitiae,
3134 1401 3193 1456 id
3219 1406 3319 1465 est,
3363 1398 3587 1461 charitas,
3615 1412 3711 1467 gau-

2210 1502 2376 1568 dium,
2403 1516 2529 1572 pax,
2555 1498 2837 1572 patientia,
2867 1494 3264 1567 longanimitas,
3299 1491 3513 1556 bonitas,
3535 1489 3714 1558 benigni-

2210 1602 2314 1661 tas,
2342 1594 2495 1659 ﬁdes,
2532 1591 2815 1655 modestia,
2868 1586 3222 1645 continentia.
3269 1585 3329 1645 In
3370 1584 3467 1639 illis
3509 1582 3715 1637 invenitur

2214 1684 2444 1750 medela,
2491 1698 2598 1754 qua
2635 1697 2737 1737 nec
2772 1680 3041 1751 sapientes
3064 1678 3122 1732 in
3151 1691 3247 1732 sua
3272 1674 3517 1746 sapientia
3544 1671 3715 1744 glorian-

526 1772 842 1828 annnntiant
865 1785 1045 1840 pacem
1069 1776 1116 1822 et
1140 1766 1426 1839 praedicant
1454 1763 1677 1819 salutem
1702 1762 1837 1836 (Isa.
1863 1760 1991 1833 ut)!
2018 1759 2110 1830 qui
2138 1765 2188 1826 Β
2216 1786 2316 1845 tes,
2342 1777 2630 1835 “copones
2652 1776 2709 1830 in
2735 1790 2832 1830 sua
2859 1771 3174 1828 fortitudine
3196 1768 3381 1826 conﬁsi
3404 1766 3714 1837 ρετίεηιωωτ,

527 1871 721 1920 euntes
750 1862 900 1916 ibant
934 1866 991 1914 et
1039 1857 1238 1914 ﬂebant
1288 1857 1567 1912 mittentes
1607 1855 1815 1912 semina
1863 1869 1990 1921 sua,
2021 1853 2112 1923 qui
2178 1887 2318 1935 .nec
2345 1869 2615 1940 simplices
2650 1867 2765 1923 sive
2795 1864 2995 1920 inﬁmi
3046 1878 3146 1919 sua
3191 1859 3589 1932 impossibilia“;
3626 1853 3718 1924 dei}.

524 1971 626 2029 per
654 1952 852 2008 multas
874 1949 1123 2007 videlicet
1157 1948 1480 2020 temporales
1522 1947 1895 2005 tribulationes
1948 1944 2115 2001 divini

528 2045 684 2102 verbi
711 2041 916 2101 semina
948 2039 1240 2111 iaciebant,
1266 2048 1321 2097 et
1342 2056 1466 2097 cum
1496 2039 1856 2095 exsultatione
1900 2037 2116 2092 venturi

530 2143 660 2193 sunt
682 2137 752 2192 ad
775 2134 909 2191 illud
935 2133 1187 2205 generale
1220 2138 1763 2202 examen,portantes
1792 2128 2113 2199 manipulos,

527 2220 759 2293 populos
791 2219 1042 2275 videlicet
1068 2233 1167 2288 per
1202 2231 1354 2271 suam
1404 2214 1844 2287 praedicationem
1877 2214 1945 2268 ad
1993 2213 2117 2268 ﬁdei

529 2314 854 2370 documenta
898 2323 1217 2375 conversos,
1250 2322 1358 2363 non
1403 2307 1695 2377 imagines,
1726 2307 1819 2362 sed
1862 2303 2118 2375 epistolas

530 2406 601 2462 ad
620 2403 863 2460 diversas
884 2402 1069 2458 mundi
1093 2407 1276 2471 partes
1290 2398 1590 2454 destinasse
1602 2396 1882 2468 leguntur:
1903 2411 2003 2450 nec
2023 2409 2121 2465 per

527 2498 771 2571 picturas
799 2511 968 2569 genus
1004 2495 1303 2549 humanum
1344 2491 1412 2547 ab
1455 2490 1722 2547 idolorum
1768 2488 2004 2549 cultibus
2052 2486 2122 2542 ad

528 2601 673 2644 vera:
700 2587 825 2643 ﬁdei
845 2587 1140 2656 puritatem
1167 2596 1511 2646 revocavere,
1535 2580 1631 2636 sed
1664 2594 1762 2651 per
1789 2578 2118 2649 Scripturas,

534 2680 731 2749 quibus
764 2677 1095 2747 Redemptor
1128 2690 1346 2731 sensum
1376 2673 1610 2744 aperuit,
1637 2688 1747 2728 non
1770 2678 1831 2726 ut
1858 2671 2123 2743 intellige-

530 2776 657 2826 rent
680 2770 942 2840 picturas,
971 2768 1064 2823 sed
1101 2766 1431 2836 Scripturas.
1484 2764 1757 2836 Scriptum
1803 2772 1887 2819 est
1931 2764 2117 2819 enim:

533 2863 578 2918 Τ
580 2881 681 2919 unc
718 2863 920 2933 aperuit
956 2860 1063 2915 illis
1094 2877 1324 2926 sensum,
1356 2868 1415 2913 ut
1451 2843 1793 2930 intelligerent
1821 2858 2123 2930 Scripturas

534 2949 689 3022 (Luc.
731 2948 904 3022 xxiv).
944 2948 1003 3002 ln
1028 2948 1343 3026 .Evangelio
1390 2963 1605 3018 quoque
1651 2947 1847 3019 legitur
1889 2965 1903 3001 :
1953 2946 2125 3001 Multa

531 3040 743 3112 quidem
765 3049 813 3095 et
839 3039 948 3093 alia
972 3040 1123 3110 signa
1151 3039 1274 3109 fecit
1309 3038 1465 3093 Jesus
1498 3039 1555 3092 in
1581 3048 1855 3109 conspectu
1892 3038 2125 3109 discipu-

534 3130 709 3187 lorum
730 3122 1103 3202 suorumque:
1123 3147 1228 3185 non
1251 3141 1373 3185 sunt
1398 3132 1589 3201 scripta
1610 3130 1667 3184 in
1693 3129 1825 3184 libro
1847 3131 1965 3185 hoc.
1996 3129 2126 3184 Haec
2152 3125 2196 3187 C

536 3234 713 3281 autem
738 3226 933 3296 scripta
961 3234 1102 3292 sunt,
1124 3233 1180 3278 ut
1213 3225 1440 3279 credatis
1463 3224 1716 3294 quoniam
1744 3222 1900 3277 Jesus
1930 3231 2005 3277 est
2032 3220 2129 3274 Fi-

538 3317 643 3372 lius
665 3300 858 3385 Dei,‘et
886 3327 944 3370 ut
976 3316 1242 3371 credentes
1262 3317 1420 3370 vitam
1447 3314 1683 3369 habeatis
1702 3314 1759 3367 in
1785 3314 1991 3367 nomine
2013 3312 2128 3383 ejus

540 3406 727 3480 (Joan.
755 3404 896 3480 xxi).
924 3404 1159 3463 Joannes
1189 3421 1401 3475 quoque
1427 3405 1519 3475 qui
1544 3404 1611 3460 de
1633 3418 1835 3459 arcano
1863 3403 2130 3459 Dominici

537 3500 779 3571 pectoris
800 3508 1056 3555 nectarea
1092 3499 1350 3554 hauriens
1397 3496 1619 3562 ﬂuenta,
1644 3496 1887 3552 cmlestia
1941 3495 2130 3567 pocula

541 3591 821 3647 arentibus
846 3591 1099 3647 cordibus
1122 3590 1447 3661 propinavit,
1463 3590 1588 3643 dum
1615 3586 2131 3656 Caesareisjussibus

540 3683 598 3739 in
621 3682 882 3740 Pathmos
910 3682 1086 3739 insula
1119 3682 1385 3753 relegatus
1410 3680 1675 3736 Dominici
1709 3680 1892 3735 calicis
1915 3686 2133 3751 gustum

541 3789 670 3835 ante
691 3779 795 3836 sibi
821 3779 1147 3850 promissum
1183 3778 1469 3846 acciperet,
1497 3781 1553 3829 et
1593 3774 1902 3830 cmlestibus
1939 3772 2133 3842 plenus

541 3872 819 3944 mysteriis
843 3879 1050 3926 secreta
1068 3869 1336 3940 quaedam,
1354 3866 1899 3937 Domino’revelante,
1921 3863 2133 3919 audiret

545 3978 648 4021 seu
676 3971 944 4027 cerneret,
959 3964 1197 4018 scribere
1225 3976 1286 4016 ea
1313 3961 1368 4015 in
1390 3960 1547 4026 libro,
1576 3973 1684 4013 non
1706 3958 1925 4027 pingere
1948 3955 2134 4025 jussus

546 4064 652 4113 est.
683 4056 752 4111 Et
778 4056 835 4110 in
870 4063 1075 4124 septem
1117 4053 1376 4111 Ecclesiis
1404 4068 1570 4109 unam
1605 4060 1847 4108 sanctam
1897 4050 2133 4107 catholi-

546 4162 669 4205 cam
708 4146 820 4202 sive
856 4146 1206 4216 apostolicam
1232 4144 1530 4200 Ecclesiam
1571 4142 1901 4214 septiformis
1947 4142 2134 4213 gratia:

548 4236 756 4310 Spiritu
778 4237 992 4308 plenam
1026 4252 1132 4292 non
1148 4235 1457 4307 pingendo,
1489 4235 1586 4291 sed
1622 4234 1907 4291 scribendo
1951 4235 2135 4290 admo-

547 4333 686 4389 nuit.
716 4332 931 4388 Dictum
958 4330 1102 4386 enim
1124 4328 1203 4384 illi
1249 4342 1497 4399 supernae
1541 4328 1690 4385 vocis
1731 4327 1969 4383 tonitruo
2006 4335 2131 4384 est:

551 4424 705 4492 Quod
727 4424 867 4479 vides
907 4422 1074 4479 scribe
1111 4422 1168 4475 in
1209 4420 1364 4487 libro,
1392 4431 1440 4475 et
1483 4422 1625 4476 mitte
1668 4429 1859 4492 septem
1904 4418 2134 4474 ecclesiis

549 4512 749 4587 (Apoc.
785 4514 861 4585 ι).
903 4512 1053 4568 Unde
1098 4512 1257 4567 datur
1298 4511 1546 4583 intelligi,
1575 4528 1684 4567 non
1739 4511 1997 4582 picturas,
2039 4511 2133 4566 sed

552 4604 864 4675 Scripturas
884 4602 953 4658 ad
975 4610 1172 4658 nostra:
1198 4602 1323 4657 ﬁdei
1346 4602 1705 4659 eruditionem
1748 4618 1869 4658 esse
1916 4617 2136 4657 conces-

552 4712 662 4754 sas.
693 4696 865 4766 Quam
901 4712 1031 4768 ergo
1059 4696 1130 4752 sit
1157 4695 1435 4751 incautum
1462 4710 1735 4766 quamque
1760 4712 1787 4749 a
1816 4694 2025 4748 ratione
2050 4707 2136 4748 re—

552 4799 759 4848 motum
787 4790 966 4847 dicere
996 4808 1008 4844 :
1046 4808 1064 4842 t
1102 4787 1255 4845 Sicut
1283 4788 1478 4843 divinae
1504 4788 1796 4858 Scriptum
1837 4787 2023 4850 libros,
2057 4783 2136 4839 ita

551 4882 815 4954 imagines
838 4882 907 4939 ob
942 4880 1256 4937 memoriam
1290 4880 1652 4936 venerationis
1687 4879 1967 4943 habemus,
2001 4895 2019 4928 ι
2046 4875 2131 4931 fa-

552 4975 657 5032 cile
682 4974 982 5046 intelligere
1005 4982 1184 5046 potest
1209 4972 1458 5043 quisquis
1493 4972 1795 5028 divinarum
1828 4968 2135 5039 Scriptura-

551 5079 675 5120 rum
717 5065 1082 5137 cognitionem
1128 5065 1309 5119 habet.
1352 5064 1411 5118 In
1452 5063 1560 5118 illis
1596 5061 1942 5117 inveniuntur
1984 5074 2137 5114 arma

554 5156 751 5226 quibus
777 5164 967 5213 contra
993 5155 1217 5210 adversa
1233 5153 1572 5225 conﬁigatur,
1597 5154 1792 5223 quibus
1813 5151 1943 5206 vitia
1964 5149 2139 5220 repri-

553 5252 794 5311 mantur,
825 5246 1021 5316 quibus
1047 5245 1276 5301 virtutes
1301 5246 1598 5315 erigantur,
1629 5243 1824 5313 quibus
1851 5242 1989 5313 gulae
2014 5256 2140 5297 con-

555 5346 887 5418 cupiscentia
898 5345 1097 5417 vigiliis
1108 5354 1163 5403 et
1175 5344 1586 5415 compunctione
1599 5344 1775 5400 cordis
1787 5344 2133 5413 reprimatur,

556 5446 755 5518 quibus
780 5444 1064 5503 fomicatio
1089 5446 1411 5504 contritione
1445 5445 1626 5501 cordis
1656 5452 1713 5500 et
1744 5444 1986 5515 corporis
2010 5442 2140 5500 alni-

555 5546 756 5615 ctione,
804 5547 1109 5605 orationum
1148 5546 1403 5603 instantia
1420 5585 1435 5612 ,
1467 5544 1667 5601 laboris
1711 5544 1994 5609 exercitio,
2022 5561 2137 5602 me-

558 5655 725 5719 tuque
747 5650 1128 5722 suppliciorum
1157 5649 1243 5704 vel
1267 5660 1452 5704 amore
1475 5653 1689 5701 ceterum
1735 5647 1923 5718 patriae
1969 5646 2138 5701 refre-

560 5756 748 5818 netur;
775 5752 970 5822 quibus
994 5748 1193 5811 invidia
1220 5763 1404 5812 amore
1439 5747 1693 5806 fraternae
1730 5747 2036 5808 dilectionis
2082 5753 2139 5803 et

2155 4487 2211 4550 υ
2240 4458 2451 4518 tropos.

2217 1966 2459 2028 ciantur;
2507 1976 2612 2032 qua
2656 1972 2757 2013 nec
2794 1958 2946 2012 laetos
2992 1955 3162 2010 nimia
3198 1952 3378 2009 laetitia
3415 1949 3616 2011 extollat,
3650 1960 3719 2001 nec

2217 2057 2400 2112 tristes
2426 2052 2589 2108 nimia
2614 2049 2780 2105 animi
2801 2046 3053 2104 contritio
3077 2043 3313 2109 alliciat;
3346 2056 3448 2111 qua
3470 2054 3556 2094 nec
3583 2036 3720 2093 divites

2219 2161 2401 2202 rerum
2435 2141 2709 2214 opulentia
2739 2139 2909 2197 elatos
2936 2136 3155 2201 efﬁciat,
3194 2150 3297 2190 nec
3322 2145 3563 2204 pauperes
3590 2141 3720 2183 rerum

2220 2235 2516 2307 indigentia
2542 2232 2774 2304 frangat.
2805 2231 2863 2286 lu
2888 2230 2997 2284 illis
3023 2227 3297 2284 invenitur
3318 2238 3495 2280 norma
3512 2237 3593 2291 per
3607 2233 3720 2290 quam

2220 2306 2505 2383 instruitur
2534 2322 2764 2394 qualiter
2796 2318 3005 2390 praelati
3034 2333 3168 2388 erga
3199 2315 3453 2379 subditos,
3497 2320 3545 2367 et
3580 2306 3723 2364 subditi

2222 2434 2348 2490 erga
2387 2416 2641 2488 praelatos
2682 2427 2842 2484 agere
2872 2412 3126 2476 debeant,
3164 2407 3391 2478 qualiter
3417 2400 3627 2472 conjugia
3641 2397 3725 2452 dili-

2223 2519 2436 2584 gantur,
2465 2508 2695 2580 qualiter
2735 2503 3015 2560 saecularia
3054 2500 3284 2557 consilia
3334 2495 3559 2570 prudenti
3580 2492 3726 2547 delibe-

2223 2605 2433 2659 ratione
2456 2607 2774 2666 tractentur,
2804 2596 3036 2668 qualiter
3061 2594 3243 2665 patria
3269 2591 3576 2651 defendatur,
3593 2586 3726 2640 hostes

2222 2696 2490 2768 pellantur
2511 2734 2527 2757 ,
2588 2700 2971 2747 extranearum
3038 2684 3546 2751 domesticarumque
3594 2690 3725 2732 rerum

2226 2785 2618 2844 administratio
2663 2784 2947 2847 habeatur,
2991 2788 3047 2835 et
3072 2787 3138 2835 ut
3165 2788 3357 2834 cuncta
3385 2774 3591 2831 breviter
3624 2781 3727 2823 cout-

2224 2884 2451 2955 plectar,
2499 2880 2554 2935 in
2598 2878 2708 2933 illis
2736 2885 2792 2932 et
2822 2876 3017 2930 animae
3051 2880 3349 2943 perpetuus
3376 2868 3531 2931 cibus,
3561 2873 3605 2918 et
3630 2874 3728 2932 pra-

2226 2954 2396 3033 sentis
2422 2975 2545 3029 vita:
2569 2971 2811 3028 doctrina
2833 2977 2887 3025 et
2915 2967 3184 3039 sapientia
3216 2980 3336 3037 qum
3370 2963 3518 3017 decor
3540 2965 3608 3012 est
3625 2954 3725 3015 vita,
3756 2976 3762 2989 ι

2228 3077 2283 3124 et
2318 3069 2439 3123 vitae
2471 3074 2742 3138 perpetua:
2787 3064 3105 3119 documenta
3163 3058 3508 3115 continentur.
3534 3051 3611 3106 Est
3626 3046 3727 3103 enim

2233 3162 2516 3217 thesaurus
2538 3157 2685 3213 nullo
2716 3157 2860 3212 bono
2886 3168 3097 3219 carens,
3130 3151 3382 3207 omnibus
3420 3144 3556 3202 bonis
3590 3138 3731 3194 redun-

2230 3253 2382 3317 dans,
2435 3251 2503 3305 ad
2546 3266 2706 3320 quem
2751 3247 2992 3319 quisquis
3043 3246 3273 3300 devotus
3302 3239 3513 3303 accedit,
3539 3225 3731 3305 quidQuid

2231 3344 2459 3400 ﬁdeliter
2501 3319 2709 3413 quierit,
2762 3340 2992 3396 feliciter
3028 3351 3087 3391 se
3116 3334 3411 3407 acquisisse
3442 3327 3617 3402 gaudet.
3636 3319 3730 3374 Esto

2231 3436 2518 3492 mundanae
2546 3432 2821 3504 sapientiae
2855 3439 2909 3487 et
2942 3427 3222 3485 saecularis
3258 3423 3450 3481 schola:
3484 3421 3733 3490 quemquam

2234 3544 2386 3583 amor
2411 3526 2666 3590 oblectat,
2697 3523 2917 3579 accedat
2941 3522 3008 3576 ad
3031 3519 3233 3575 divinae
3261 3516 3392 3588 legis
3415 3508 3630 3569 armaria,
3648 3511 3734 3570 qua!

2235 3622 2507 3692 sapientes
2554 3618 2739 3672 mundi
2795 3616 2936 3670 sicut
2977 3611 3300 3667 meritorum
3343 3598 3644 3692 celsitudine,
3682 3590 3735 3644 ita

2234 3686 2397 3769 etiam
2445 3720 2685 3780 tempore
2730 3704 3019 3778 praecedit,
3071 3710 3128 3756 et
3169 3697 3466 3756 liberalium
3507 3686 3735 3780 studiorutlt

2233 3771 2644 3876 prol‘unditates,
2677 3771 2811 3867 quas
2845 3794 2949 3851 scit
2984 3792 3322 3864 cognovisse,
3367 3794 3422 3842 et
3462 3771 3735 3874 quas

2236 3866 2507 3951 invenisse
2533 3908 2591 3947 se
2615 3889 2863 3963 gaudeat.
2899 3887 3011 3942 Illic
3042 3884 3286 3940 inveniet
3314 3888 3369 3936 et
3403 3885 3549 3932 rectae
3571 3866 3736 3925 locutio-

2236 3988 2322 4043 nis
2354 3986 2623 4047 decorem,
2652 3978 3005 4057 etymologias
3034 3976 3337 4038 nominum,
3368 3969 3655 4027 schematum
3673 3967 3738 4006 Vt-

2236 4078 2477 4142 rietates,
2511 4050 2743 4144 tropicas
2761 4050 3157 4141 perplexiones,
3182 4068 3250 4123 de
3283 4064 3471 4136 quibus
3492 4060 3650 4116 beatus
3664 4050 3737 4144 Διι-

2237 4170 2485 4245 gustinus
2520 4143 2614 4233 ait,
2657 4185 2676 4218 ο
2707 4164 2896 4220 Sciant
2922 4172 3102 4217 autem
3131 4158 3358 4215 litterati
3383 4154 3541 4212 modis
3558 4143 3739 4204 omnium

2236 4244 2591 4325 locutionum,
2622 4272 2759 4329 quos
2792 4253 3133 4328 grammatici
3163 4250 3357 4307 Graeco
3394 4247 3586 4303 nomine
3606 4244 3740 4305 tropos

2236 4361 2451 4420 vocant,
2483 4358 2733 4406 auctores
2765 4354 2982 4404 nostros
3014 4358 3144 4400 usos
3191 4342 3391 4408 fuisse;
3417 4358 3433 4393 ι
3472 4348 3587 4406 quos
3608 4335 3740 4383 tamen

2504 4446 2559 4502 id
2610 4452 2695 4499 est
2739 4442 2927 4525 modos
2980 4437 3333 4500 locutionum,
3380 4432 3468 4503 qui
3510 4424 3739 4525 noverunt:

2236 4547 2536 4614 agnoscunt
2561 4538 2617 4592 in
2642 4506 2863 4592 Litteris
2903 4531 3125 4598 sanctis,
3173 4538 3463 4595 eorumque
3486 4514 3671 4576 scientia
3693 4504 3739 4613 ad

2235 4602 2329 4691 eas
2362 4630 2740 4703 intelligendas
2767 4624 3158 4698 aliquantulum
3191 4621 3531 4691 adjuvantur;
3567 4602 3741 4703 inveniet

2235 4726 2401 4783 etiam
2448 4702 2735 4787 historias,
2786 4730 2995 4785 metra,
3041 4731 3163 4788 quae
3201 4714 3382 4769 omnia
3419 4705 3610 4781 proprie
3647 4702 3739 4751 artis

2240 4820 2606 4895 grammaticae
2645 4825 2790 4874 sunt.
2821 4815 2930 4871 Sed
2972 4813 3115 4869 dicet
3158 4807 3402 4865 fortassis
3447 4798 3631 4872 aliquis,

2242 4914 2355 4970 illic
2395 4920 2692 4968 metrorum
2735 4909 3046 4963 scansiones
3085 4912 3141 4960 et
3173 4911 3468 4971 temporum
3507 4897 3661 4982 certati

2243 5006 2551 5064 mensiones
2574 5002 2819 5068 invenio;
2861 5006 3152 5072 cognoscat
3173 4995 3340 5051 multa
3374 4992 3429 5047 in
3449 4982 3619 5044 divinis

2242 5097 2417 5170 pturis
2460 5104 2653 5160 metra,
2682 5065 2866 5162 plures
2902 5065 3184 5160 rhythmos
3208 5101 3347 5151 esse.
3396 5080 3485 5136 sed
3524 5065 3741 5170 transiuit

2238 5153 2436 5261 linguae
2462 5205 2570 5244 non
2597 5153 2787 5244 eadem
2820 5183 2948 5240 sinit
2970 5153 3174 5237 habere
3201 5186 3491 5247 temporum
3524 5153 3742 5222 itttel'Valla

2238 5285 2297 5341 in
2333 5283 2638 5356 peregrina,
2682 5296 2803 5351 quae
2844 5279 3115 5337 habentur
3137 5274 3192 5329 in
3218 5269 3443 5345 propria,
3475 5275 3582 5320 cum

2238 5379 2455 5437 eosdem
2487 5391 2682 5433 sensus
2728 5373 3052 5441 easdemque
3098 5380 3276 5423 rerum
3317 5358 3638 5433 proprietates
3672 5342 3741 5397 hﬂ‘

2244 5475 2371 5530 beat
2388 5490 2401 5525 :
2417 5471 2544 5542 quia
2565 5478 2620 5525 et
2641 5468 2686 5525 si
2714 5467 2836 5538 quis
2861 5465 3016 5522 nobis
3037 5463 3249 5520 debitor
3269 5469 3456 5513 aurum
3475 5444 3741 5542 reddam?

2240 5522 2469 5621 multum
2502 5564 2666 5619 distat
2693 5522 2818 5616 cum
2852 5573 2958 5614 non
2989 5557 3150 5612 unius
3194 5553 3262 5611 sit
3297 5553 3515 5606 monetae

2238 5657 2383 5728 quod
2420 5662 2721 5726 acceperat,
2753 5652 2797 5707 si
2824 5659 3005 5706 tamen
3042 5648 3200 5707 unius
3233 5644 3300 5701 sit
3333 5630 3743 5728 ponderis

2238 5713 2344 5819 (itte
2367 5713 2608 5821 fulgoris.
2638 5713 2773 5801 Nam
2795 5752 2854 5799 ut
2873 5744 3034 5800 beato
3054 5734 3375 5809 Hieronymo
3401 5723 3641 5789 Hebraicz
3662 5713 3739 5767 lin‘
