3990 6302
298 391 440 447 1105

1075 332 1256 445 LlBIiI
1291 386 1635 446 CAROLINI.
1676 415 1747 428 —
1783 383 2008 442 CAPIT.
2049 386 2137 444 DE
2175 388 2367 447 IMAG.
2404 391 2475 433 '—
2512 391 2641 448 LIB.
2682 392 2745 448 11.

3430 401 3571 459 1106

294 524 416 581 guze
441 507 770 579 peritissimo
805 509 1028 564 docente
1053 510 1362 592 didicimus,
1400 511 1646 581 quaedam
1686 509 1880 565 divinae
1903 505 1960 566 Δ
1983 516 2066 564 est
2090 526 2102 561 :
2135 507 2329 565 Omnia
2355 511 2410 566 in
2448 510 2853 582 Scripturarum
2878 524 3191 572 sanctarum
3219 521 3572 592 amplissimis

296 598 594 670 Scriptura:
636 599 870 675 ,Hebrzeo
917 587 1126 670 dactvlo
1179 603 1536 671 spondaeoque
1559 641 1576 668 ,
1636 601 1882 671 quaedam

294 700 590 762 anapaesto,
643 691 889 762 quaedam
933 708 1064 748 vero
1097 695 1275 751 iambo
1295 694 1450 764 juxta
1482 697 1614 751 artis
1644 696 1881 766 rigorem

295 783 610 838 decurrunt.
656 783 768 839 Illic
811 784 975 838 etiam
1022 786 1257 841 inveniet
1303 788 1536 844 nitorem
1577 798 1633 844 et
1669 789 1880 860 copiam

292 873 635 944 cloquentim,
683 890 881 946 genera
916 891 1202 932 causarum
1240 886 1295 933 et
1334 887 1537 948 status;
1578 881 1688 937 illic
1715 896 1878 936 exor-

293 965 383 1021 dia
416 967 612 1035 quibus
658 969 938 1034 benevoli,
987 969 1186 1025 dociles
1234 971 1316 1026 vel
1369 975 1561 1028 attenti
1607 975 1880 1030 auditores

292 1057 462 1123 ﬁunt;
516 1058 624 1114 illic
670 1060 1008 1115 narrationes
1052 1069 1266 1131 apertas
1311 1072 1366 1117 et
1409 1065 1628 1130 breves,
1687 1080 1880 1121 causas

291 1151 459 1205 etiam
493 1159 548 1206 et
586 1152 794 1221 longas,
825 1167 944 1220 qua:
970 1167 1077 1205 non
1107 1153 1210 1208 nisi
1245 1152 1453 1224 Spiritu
1500 1164 1686 1210 sancto
1733 1172 1880 1212 rese-

291 1254 446 1299 rante
477 1245 810 1316 panduntur;
855 1245 965 1300 illic
1004 1247 1376 1303 conclusiones
1413 1249 1609 1318 quibus
1635 1248 1879 1320 proprie-

291 1346 376 1391 tas
440 1352 622 1392 rerum
682 1347 1052 1406 monstratur;
1121 1343 1615 1413 argumentationes
1682 1342 1878 1411 quibus

287 1431 455 1486 animi
499 1431 830 1487 audientium
866 1435 1205 1490 concitantur
1251 1435 1319 1490 ad
1369 1435 1637 1506 implenda
1666 1450 1728 1490 ea
1757 1450 1878 1505 qua:

285 1521 574 1590 dicuntur;
622 1524 730 1578 illic
780 1525 925 1596 leges
974 1527 1086 1582 sive
1141 1529 1460 1594 sententiae,
1517 1528 1629 1584 illic
1682 1543 1876 1599 magna

283 1616 588 1685 granditer,
649 1634 813 1687 parva
869 1621 1172 1686 submisse,
1231 1622 1522 1677 mediocria
1578 1629 1876 1691 temperate

281 1720 635 1780 promuntur;
669 1712 780 1767 illic
808 1715 1262 1783 prosopopceiam,
1293 1715 1618 1785 ethopmiam
1649 1715 1733 1770 vel
1759 1729 1876 1770 om-

282 1814 382 1854 nes
409 1799 611 1870 ﬁguras
637 1801 966 1857 locutionum
1005 1820 1125 1872 qua:
1165 1820 1195 1858 a
1237 1805 1545 1860 rhetoribus
1589 1804 1874 1859 traduntur

281 1891 540 1958 inveniet,
583 1903 637 1949 et
661 1895 842 1964 plures
882 1897 988 1951 illis
1028 1899 1383 1968 angustiores,
1417 1916 1536 1969 qua:
1564 1901 1870 1970 percepisse

277 1997 340 2038 se
369 1986 640 2055 gaudebit,
686 1989 752 2043 ad
798 2006 934 2059 quas
970 2005 1069 2046 nec
1109 1995 1586 2060 grammaticorum
1616 2010 1717 2050 nec
1747 1996 1871 2050 rhe-

281 2085 461 2133 torum
506 2081 687 2136 schola
720 2083 1026 2154 pertingere
1062 2086 1267 2153 potuit;
1312 2085 1419 2140 illic
1458 2101 1673 2156 quoque
1720 2088 1869 2144 inve-

278 2173 393 2228 niet
435 2174 701 2245 isagogas,
731 2191 849 2245 quae
875 2177 942 2231 ad
969 2177 1315 2246 inquirendas
1354 2195 1440 2234 res
1474 2179 1730 2235 lectorem
1766 2181 1872 2236 uti-

277 2263 404 2320 liter
447 2265 831 2333 introducunt;
886 2269 1199 2339 categorias,
1257 2285 1377 2339 quze
1422 2270 1870 2340 prmdicamento-

277 2372 400 2411 rum
428 2358 660 2413 utilitate
688 2361 754 2414 ad
780 2360 1182 2429 investigandas
1220 2377 1308 2416 res
1344 2362 1650 2428 excellunt;
1682 2363 1870 2418 delini-

277 2450 456 2505 tiones
482 2451 564 2504 vel
591 2452 779 2508 modos
803 2453 1262 2524 syllogismorum,
1295 2472 1414 2525 quae
1441 2457 1620 2510 subtili
1651 2457 1870 2527 indaga-

278 2544 430 2599 tione
464 2559 527 2598 ea
556 2545 621 2599 de
651 2548 848 2615 quibus
887 2548 1161 2603 dubitatur
1203 2549 1510 2615 afﬁrmant;
1549 2551 1722 2619 topica
1749 2567 1869 2620 quae

276 2635 408 2690 dum
437 2637 548 2690 sint
579 2637 752 2693 fontes
778 2655 1032 2694 sensuum
1065 2650 1117 2695 et
1142 2643 1378 2711 origines
1405 2643 1722 2708 dictionum,
1752 2660 1869 2697 om-

274 2727 439 2783 nibus
490 2732 867 2797 communiter,
919 2737 1288 2801 grammaticis
1340 2735 1606 2799 videlicet,
1660 2737 1864 2806 poetis,

274 2819 588 2876 oratoribus
635 2822 720 2876 vel
773 2824 935 2877 etiam
978 2824 1314 2893 philosophis
1365 2834 1680 2896 argumenta
1731 2842 1868 2896 pra:-

275 2917 440 2968 stant.
475 2927 595 2980 qua:
638 2929 743 2968 non
775 2915 948 2968 solum
995 2917 1338 2982 scholastico,
1389 2919 1482 2973 sed
1533 2919 1696 2972 etiam
1745 2918 1866 2973 vul-

274 3001 394 3068 gari
425 3009 481 3055 et
514 3004 840 3060 tumultuoso
865 3007 1101 3060 sermoni
1126 3017 1385 3076 perpetuo
1413 3011 1705 3064 cohaerent.
1731 3009 1865 3064 Nam

273 3106 588 3162 quanquam
659 3097 1061 3162 tumultuosus,
1128 3115 1438 3169 quanquam
1502 3099 1738 3168 vulgaris
1795 3101 1867 3156 sit

273 3198 474 3245 sermo,
507 3185 551 3240 si
579 3201 676 3256 pro
712 3189 1040 3258 quibuslibet
1068 3190 1191 3246 vitae
1221 3191 1544 3246 utilitatibus
1571 3190 1862 3260 profertur,

272 3273 342 3327 ad
371 3277 544 3346 topica
578 3279 784 3346 veniet;
820 3295 916 3350 per
941 3295 1004 3335 ea
1045 3282 1198 3351 quasi
1221 3298 1319 3353 per
1341 3284 1588 3353 quanlam
1615 3283 1870 3354 magiste-

271 3365 356 3420 ria
385 3365 584 3423 locales
609 3371 821 3439 regulas
849 3373 1046 3442 quibus
1077 3375 1292 3445 evagari
1324 3383 1418 3429 aut
1444 3390 1550 3428 non
1579 3376 1749 3455 possit
1775 3382 1870 3429 aut

271 3473 384 3514 non
416 3461 625 3525 debeat,
658 3463 931 3532 inveniet;
981 3467 1038 3521 in
1079 3467 1188 3522 illis
1229 3467 1394 3522 etiam
1426 3467 1739 3532 terminum,
1775 3470 1868 3537 qui

269 3551 393 3606 sine
431 3561 621 3608 sensus
659 3555 942 3626 dispendio
979 3559 1281 3630 transgredi
1327 3557 1546 3614 difﬁcile
1575 3560 1662 3625 sit,
1696 3573 1754 3614 se
1783 3575 1869 3613 re-

270 3643 481 3714 perisse
506 3655 813 3714 cognoscet.
843 3648 909 3703 Et
934 3658 993 3704 ut
1017 3659 1210 3705 cuncta
1252 3651 1489 3706 breviter
1524 3651 1722 3717 dicam,
1751 3667 1868 3706 om-

271 3734 360 3788 nis
385 3749 584 3801 sermo,
620 3737 725 3792 nisi
755 3739 821 3793 ad
851 3740 1027 3810 topica
1071 3742 1298 3804 venerit,
1344 3741 1655 3797 iudeﬁnitus
1678 3742 1867 3812 procul

271 3827 440 3882 dubio
475 3831 794 3886 remanebit.
822 3831 934 3888 Illic
958 3837 1078 3910 mp!
1105 3833 1421 3908 ’Eppmsiac,
1451 3850 1681 3905 quarum
1715 3850 1867 3890 scru-

269 3919 481 3993 pulosis
524 3924 730 3979 semitis
756 3934 808 3980 et
836 3926 1113 3983 laciniosis
1153 3929 1486 3984 diverticulis
1529 3929 1866 4000 profunditas

269 4013 719 4072 inveniendorum
751 4034 1007 4074 sensuum
1042 4021 1434 4090 dubiorumque
1461 4020 1751 4077 afﬁrmatio
1783 4023 1866 4080 in-

269 4109 520 4174 venitur,
573 4114 875 4184 quibusque
932 4115 1364 4186 syllogismorum
1413 4117 1497 4172 vel
1545 4125 1864 4174 czeterarum

268 4205 803 4271 argumentationum
837 4207 970 4262 silva
1001 4210 1264 4273 exoritur,
1295 4223 1415 4278 quae
1438 4211 1616 4264 omnia
1643 4211 1865 4280 proprie

267 4295 408 4349 artis
452 4306 578 4351 sunt
609 4298 922 4356 dialecticae.
955 4300 1066 4356 Illic
1091 4302 1145 4354 in
1173 4303 1413 4357 numeris
1437 4317 1534 4372 per
1560 4303 1864 4359 arithmeti-

265 4402 391 4441 cam
425 4399 600 4444 artem
636 4407 832 4447 arcana
874 4409 1130 4450 sensuum
1171 4395 1670 4466 profunditatesque
1711 4413 1865 4467 repe-

267 4479 398 4542 riet,
433 4483 709 4550 quoniam,
739 4485 948 4540 dicente
992 4485 1178 4541 eadem
1226 4487 1529 4556 Scriptura,
1581 4485 1772 4542 Omnia
1806 4489 1864 4545 in

1981 604 2151 673 pratis
2193 621 2290 676 per
2332 615 2514 678 partes
2558 608 2786 663 inveniri
2824 625 2982 681 posse
3016 627 3137 682 quae
3175 614 3472 687 artigraphi
3513 619 3570 677 in

1982 709 2203 750 suorum
2245 697 2522 753 hortorum
2567 701 2764 756 arcolis
2801 718 3067 772 posuere:
3094 705 3461 775 inveniuntur,
3489 709 3573 766 in-

1981 801 2164 856 quam,
2202 790 2399 845 virtute
2429 807 2704 860 sensuum,
2749 810 2856 849 non
2892 797 2948 850 in
2987 799 3417 869 promulgatione
3442 816 3568 858 ver-

1980 879 2209 948 borum;
2266 883 2321 937 in
2380 885 2622 940 radicum
2670 888 3142 956 profunditatibus,
3194 908 3299 948 non
3331 894 3385 948 in
3417 891 3573 950 folio-

1981 987 2101 1026 rum
2143 972 2401 1044 lapsibus.
2447 975 2540 1032 Sic
2582 979 2726 1033 enim
2767 979 2822 1034 in
2856 981 3222 1050 profunditate
3264 985 3572 1042 divinarum

1982 1062 2385 1134 Scripturarum
2425 1069 2678 1127 liberales
2709 1080 2854 1128 artes
2883 1075 2950 1129 ab
2977 1076 3231 1132 studiosis
3265 1079 3571 1150 quibusque

1979 1170 2296 1228 cernuntur,
2346 1163 2485 1218 sicut
2518 1165 2643 1219 vina
2679 1166 2732 1220 in
2761 1167 2980 1233 vitibus,
3017 1179 3227 1240 segetes
3256 1171 3310 1226 in
3341 1165 3570 1228 semini;

1979 1249 2099 1317 bus,
2127 1251 2344 1308 frondes
2366 1255 2420 1308 in
2449 1257 2738 1323 radicibus,
2771 1258 2978 1315 fructus
3000 1261 3052 1315 in
3077 1263 3262 1328 ramis,
3288 1264 3571 1320 arborum-

1979 1358 2086 1412 que
2133 1345 2532 1416 magnitudines
2579 1364 2740 1404 sensu
2796 1353 3228 1422 contemplantur
3254 1355 3308 1409 in
3339 1355 3566 1412 nucleis.

1978 1435 2075 1489 Est
2103 1436 2260 1505 plane
2289 1439 2470 1493 divina
2504 1439 2783 1510 Scriptura
2813 1459 2998 1509 verax,
3027 1454 3110 1499 est
3137 1445 3261 1511 ﬁxa,
3289 1456 3372 1502 est
3391 1459 3565 1515 casta,

1979 1533 2062 1580 est
2103 1527 2342 1582 cmlestis
2394 1529 2687 1598 magisterii
2741 1532 3196 1603 instrumentum,
3256 1546 3312 1591 et
3362 1545 3567 1593 aeterna

1977 1618 2291 1686 praedicatio
2325 1621 2614 1690 purissimo
2657 1623 2836 1678 nitens
2872 1625 3104 1696 eloquio,
3133 1636 3217 1682 est
3238 1627 3329 1682 lux
3362 1637 3569 1684 murta-

1978 1709 2187 1776 talium,
2228 1711 2438 1766 dicente
2461 1712 2729 1782 Propheta
2753 1732 2765 1767 :
2796 1715 3034 1770 Lucerna
3057 1718 3274 1787 pedibus
3299 1721 3428 1773 meis
3457 1735 3568 1774 ver-

1979 1802 2099 1855 bum
2148 1813 2316 1867 tuum,
2352 1802 2593 1870 Domine,
2653 1814 2699 1859 et
2739 1805 2914 1861 lumen
2963 1810 3162 1862 semitis
3213 1811 3340 1864 meis
3387 1809 3562 1882 (Psal.

1899 1882 1948 1941 Β
1972 1895 2142 1967 cxrx);
2179 1904 2260 1951 est
2286 1896 2441 1950 vivax
2473 1908 2527 1951 et
2558 1899 2694 1952 mori
2719 1900 2984 1964 nesciens,
3027 1903 3238 1956 dicente
3269 1901 3562 1972 Apostolo:

1984 1984 2139 2041 Vivus
2170 1997 2242 2042 est
2273 1988 2370 2042 Dei
2400 2007 2568 2044 sermo
2609 2000 2657 2044 et
2683 1991 2900 2061 efﬁcax,
2939 2003 2987 2047 et
3014 1995 3387 2065 penetrabilior
3423 1996 3566 2051 omni

1972 2079 2149 2150 gladio
2198 2081 2432 2151 ancipiti,
2489 2092 2536 2135 et
2581 2085 2880 2154 pertingens
2930 2103 3091 2157 usque
3136 2087 3205 2140 ad
3258 2087 3566 2142 divisionem

1973 2170 2162 2224 anima:
2193 2171 2495 2241 ac-spiritus
2527 2171 2712 2241 (Hebr.
2741 2173 2846 2244 iv);
2876 2185 2960 2231 est
2985 2179 3329 2233 tenebrarum
3360 2180 3568 2235 discus-

1972 2264 2074 2328 sio,
2105 2263 2392 2319 Salomone
2416 2272 2706 2320 attestante
2729 2267 2818 2335 qui
2845 2268 2920 2321 ait
2947 2286 2959 2320 :
2984 2267 3222 2323 Lucerna
3251 2279 3325 2324 est
3345 2271 3566 2326 manda-

1971 2362 2080 2407 tum
2104 2353 2254 2425 legis,
2271 2364 2319 2409 et
2344 2355 2437 2409 lux
2465 2357 2604 2422 vita',
2621 2367 2667 2410 et
2684 2358 2995 2428 increpatio,
3013 2369 3059 2413 et
3081 2359 3359 2431 disciplina
3375 2361 3560 2433 (Prov.

1971 2444 2081 2515 vi);
2126 2447 2192 2500 de
2241 2461 2349 2516 quo
2389 2462 2488 2516 per
2529 2447 2722 2502 Isaiam
2770 2449 3106 2504 diciturzbe
3157 2461 3304 2505 nocte
3345 2453 3561 2521 spiritus

1971 2551 2115 2589 meus
2141 2535 2318 2606 vigilat
2353 2537 2422 2590 ad
2448 2548 2518 2603 te,
2544 2538 2706 2604 Deus,
2747 2539 2871 2609 quia
2899 2539 2991 2594 lux
3031 2552 3287 2612 pra'cepta
3319 2552 3410 2596 tua
3438 2553 3563 2599 sunt

1970 2644 2126 2698 super
2145 2640 2342 2684 terram
2380 2631 2515 2702 (Isa.
2540 2635 2711 2703 xxvi).
2749 2633 2974 2703 Semper
3011 2636 3152 2690 enim
3181 2635 3560 2706 vitalia.jubet,

1970 2721 2130 2775 noxia
2157 2723 2428 2792 prohibet,
2457 2736 2669 2780 terrena
2695 2738 2953 2792 removet,
2981 2728 3222 2784 cmlestia
3248 2731 3559 2799 persuadet.

1970 2815 2083 2881 Est,
2124 2817 2365 2885 inquam,
2390 2818 2512 2874 fons
2553 2821 2792 2876 aethereo
2835 2822 2901 2876 de
2945 2823 3189 2892 margine
3235 2824 3558 2889 scaturiens,

1971 2908 2038 2963 de
2063 2923 2169 2977 quo
2210 2917 2415 2978 quanto
2459 2912 2690 2982 amplius
2732 2913 2996 2976 hauritur,
3044 2921 3194 2969 tanto
3243 2915 3425 2970 minus
3467 2919 3565 2969 ex-

1968 3001 2240 3070 penditur,
2272 3011 2326 3057 et
2355 3011 2556 3072 quanto
2591 3005 2644 3058 in
2672 3004 2856 3073 plures
2881 3015 3060 3076 partes
3085 3007 3375 3070 derivatur,
3408 3016 3561 3064 tanto

1968 3093 2199 3162 amplius
2231 3093 2284 3148 in
2314 3095 2563 3150 sensibus
2592 3105 3002 3166 augmentatur;
3039 3107 3123 3154 est
3150 3098 3392 3168 pecuniae
3417 3114 3564 3153 mar-

1971 3184 2204 3254 supium,
2236 3185 2302 3240 de
2328 3202 2435 3256 quo
2466 3202 2566 3242 nec
2593 3202 2656 3242 ea
2685 3203 2805 3258 quae
2841 3189 3040 3243 dantur
3072 3191 3413 3255 amittuntur,
3461 3205 3564 3247 nec

1971 3278 2383 3334 diminutionem
2408 3281 2658 3336 assiduus
2681 3282 2840 3337 dandi
2878 3299 3008 3337 usus
3034 3282 3211 3348 affert,
3240 3284 3333 3339 sed
3356 3292 3560 3352 quanto

1971 3368 2096 3424 inde
2134 3370 2363 3439 amplius
2405 3369 2567 3426 dandi
2615 3371 2905 3427 devotione
2949 3370 3182 3439 ejicitur,
3233 3381 3385 3428 tanto
3426 3373 3560 3428 illud

1971 3462 2145 3534 magis
2189 3463 2466 3534 magisque
2499 3464 2818 3534 completur.
2849 3464 2995 3519 Nihil
3024 3465 3188 3536 igitur
3213 3465 3407 3519 horum
3437 3480 3560 3535 quas

1969 3553 2416 3623 perstrinximus,
2478 3555 2592 3610 sive
2647 3556 2732 3610 his
2775 3556 3052 3620 similium,
3108 3572 3228 3626 quae
3274 3555 3558 3613 brevitatis

1970 3643 2148 3700 studio
2189 3645 2650 3714 praetermisimus,
2696 3646 2751 3700 in
2797 3646 3138 3716 imaginibus,
3183 3661 3218 3703 0
3259 3646 3557 3716 imaginum

1968 3736 2250 3801 adorator,
2300 3752 2334 3791 ο
2379 3751 2561 3791 rerum
2587 3737 2988 3792 insensatarum
3041 3736 3252 3802 cultor,
3309 3737 3556 3792 invenire

1965 3840 2124 3896 posse
2153 3835 2207 3881 te
2235 3833 2468 3891 constat,
2506 3842 2626 3896 qua:
2667 3828 2794 3882 dum
2824 3827 2909 3882 bis
2937 3828 3191 3884 omnibus
3236 3828 3556 3884 meritorum

1964 3921 2338 3991 praerogativis
2373 3928 2612 3985 careant,
2654 3921 2911 3977 dolendus
2944 3923 3123 3992 potius
3149 3937 3310 3994 quam
3345 3923 3555 3979 miran-

1967 4014 2067 4069 dus
2094 4029 2153 4068 es
2188 4030 2286 4068 cur
2307 4029 2399 4069 eas
2421 4013 2618 4069 divina:
2646 4013 2942 4084 Scriptura:
2970 4016 3142 4083 libris,
3172 4017 3224 4070 in
3255 4017 3450 4086 quibus
3475 4024 3558 4072 tot

1963 4106 2104 4160 bona
2143 4105 2504 4174 reperiuntur,
2545 4106 2880 4176 tequiparare
2909 4105 3161 4164 aﬁ‘ectes?
3193 4108 3272 4165 Tu
3297 4112 3390 4181 qui
3431 4112 3557 4168 ﬁdei

1963 4207 2071 4252 tua:
2112 4197 2406 4268 puritatem
2459 4201 2514 4252 in
2564 4199 2890 4270 imaginibus
2935 4216 3257 4258 conservare
3299 4211 3350 4258 te
3395 4205 3552 4272 dicis,

1964 4292 2187 4362 supplex
2214 4293 2294 4348 eis
2321 4301 2498 4348 astare
2520 4302 2794 4349 memento
2814 4309 2935 4348 cum
2961 4296 3424 4366 thymiamatibus,
3456 4314 3556 4355 nos

1962 4393 2232 4454 praecepta
2260 4384 2473 4438 Domini
2505 4385 2690 4441 solerti
2721 4387 3066 4456 indagatione
3091 4389 3467 4459 perquiramus
3497 4391 3554 4445 in

1967 4476 2162 4531 divinae
2206 4476 2338 4546 legis
2387 4479 2684 4534 codicibus.
2739 4479 2820 4534 Tu
2869 4481 3228 4537 luminaribus
3283 4483 3554 4552 perlustra

229 4611 233 4614 _
264 4589 520 4628 ηιεηεανα
565 4585 612 4629 ει
657 4594 871 4631 numero
910 4588 956 4632 ει
1001 4580 1228 4649 pondere
1273 4580 1414 4634 Deus
1469 4581 1588 4650 fecit
1617 4579 1670 4651 (1
1695 4579 1856 4634 Esdr.
1884 4598 1938 4658 D
1964 4571 2232 4640 picturas,
2271 4585 2370 4624 nos
2405 4569 2810 4640 frequentemus
2856 4573 3066 4628 divinas
3109 4572 3435 4644 Scripturas.
3471 4575 3553 4632 Tu

265 4668 417 4736 vni).
464 4665 576 4722 Illic
617 4669 780 4724 etiam
827 4673 1046 4727 musica:
1098 4690 1206 4728 non
1257 4674 1431 4729 solum
1477 4675 1858 4731 consonantias

263 4757 739 4830 instrumentaque
780 4763 974 4831 quibus
1001 4764 1242 4834 plerique
1285 4776 1594 4847 sanctprum
1632 4765 1858 4824 Patrum

263 4849 355 4904 usi
383 4859 527 4916 sunt,
557 4854 651 4907 sed
674 4855 836 4908 etiam
867 4865 1196 4926 repertorem
1221 4860 1476 4915 inveniet.

339 4940 585 4998 Inveniet
619 4962 836 5016 quoque
885 4957 1153 5004 terrarum
1195 4952 1332 5008 situs
1367 4940 1856 5026 dimensionesque,

263 5050 393 5103 qua:
415 5037 632 5105 proprie
655 5040 789 5093 artis
820 5049 946 5095 sunt
981 5045 1341 5111 geometricas.
1378 5045 1487 5101 Nec
1517 5062 1624 5101 non
1649 5055 1704 5102 et
1729 5062 1862 5116 quo-

263 5121 524 5176 rumdam
569 5124 807 5180 siderum
848 5143 1040 5182 cursus
1064 5138 1118 5184 et
1142 5132 1455 5199 positiones,
1482 5144 1536 5188 et
1557 5141 1861 5202 temporum

263 5212 607 5283 varietates,
669 5218 933 5273 mensium
967 5209 1365 5293 annorumque
1429 5225 1542 5279 sive
1604 5226 1860 5280 horarum

261 5305 566 5372 curricula,
616 5308 757 5364 diem
804 5311 968 5365 etiam
1020 5321 1076 5367 et
1117 5330 1336 5370 causam
1371 5317 1695 5372 conditionis
1720 5318 1863 5374 side-

265 5411 419 5462 rum,
449 5412 569 5466 quas
603 5401 822 5470 proprie
855 5403 988 5458 artis
1015 5413 1141 5460 sunt
1168 5410 1529 5474 astronomim,
1568 5409 1675 5466 illic
1712 5425 1863 5480 repe-

264 5490 412 5544 risse
446 5505 504 5546 se
531 5493 802 5549 studiosus
838 5496 1065 5566 quisque
1099 5509 1405 5569 cognoscet.
1442 5501 1548 5558 Sed
1572 5503 1699 5558 dicit
1724 5503 1863 5559 forte

262 5583 492 5652 aliquis,
521 5583 632 5640 Nec
661 5588 876 5641 nomina
906 5590 1275 5661 principaliter
1307 5594 1733 5665 disciplinarum,
1763 5612 1864 5654 nec

267 5677 701 5749 uniuscujusque
761 5682 1054 5752 disciplina:
1112 5685 1425 5754 singillatim
1487 5697 1706 5759 partes,
1763 5704 1864 5745 nec

265 5767 697 5840 uniuscujusque
743 5774 912 5840 partis
955 5776 1195 5829 membra
1249 5776 1559 5848 singillatim
1595 5779 1650 5835 in
1693 5782 1864 5838 sacris

267 5865 500 5926 Litteris
531 5865 903 5938 inveniuntur;
935 5869 1131 5940 quibus
1155 5870 1394 5930 breviter
1429 5875 1862 5945 respondendum

1963 4659 2269 4716 fucatorum
2310 4669 2597 4718 venerator
2632 4671 2749 4718 esto
2779 4662 3041 4730 colorum,
3071 4680 3170 4720 nos
3203 4674 3552 4737 veneratores

1961 4769 2016 4815 et
2044 4775 2268 4830 capaces
2317 4763 2486 4817 simus
2521 4776 2775 4816 sensuum
2812 4777 3157 4818 arcanorum.
3213 4763 3292 4819 Tu
3324 4763 3553 4834 depictis

1961 4853 2269 4910 demulcere
2308 4854 2526 4919 tabulis,
2557 4869 2657 4909 nos
2685 4854 2883 4910 divinis
2911 4855 3246 4911 mulceamur
3273 4856 3548 4927 alloquiis.

1964 4945 2042 5002 Tu
2090 4946 2279 5019 ﬁguris
2324 4961 2506 5001 rerum
2547 4946 2691 5000 insta
2735 4945 2790 5000 in
2840 4946 3036 5017 quibus
3082 4962 3182 5002 nec
3227 4947 3396 5012 visus,
3449 4962 3553 5004 nec

1963 5039 2197 5102 auditus,
2232 5053 2330 5093 nec
2367 5046 2579 5108 gustus,
2626 5052 2727 5092 nec
2765 5037 3042 5106 odoratus,
3087 5055 3189 5095 nec
3225 5047 3402 5095 tactus
3430 5048 3547 5109 est;

1963 5147 2063 5188 nos
2106 5133 2368 5186 instemus
2415 5130 2610 5185 divina:
2646 5129 2751 5200 legi
2777 5145 2897 5200 qua:
2928 5138 3012 5186 est
3035 5131 3548 5202 irreprehensibilis,

1964 5222 2020 5277 in
2043 5239 2150 5292 qua
2187 5223 2552 5278 testimonium
2590 5221 2804 5277 Domini
2842 5221 3072 5292 justitiaz
3110 5224 3224 5278 sive
3258 5233 3550 5295 praecepta,

1965 5320 2128 5373 timor
2172 5317 2285 5372 sive
2319 5315 2522 5384 judicia
2577 5313 2696 5384 ejus
2742 5315 3111 5371 inveniuntur.
3162 5314 3294 5382 Quae
3339 5316 3551 5388 singula

1962 5411 2186 5482 pulchre
2235 5411 2689 5480 Psalmographus
2737 5425 2836 5480 per
2887 5410 3170 5480 septimam
3223 5409 3552 5468 deﬁnitionis

1963 5504 2198 5574 speciem
2234 5518 2397 5572 quam
2437 5501 2704 5558 dialectici
2737 5505 2869 5560 κατὰ
2905 5509 3208 5580 μεταφορὰν,
3247 5503 3301 5558 id
3339 5511 3423 5558 est
3457 5520 3554 5574 per

1964 5594 2379 5660 translationem,
2428 5604 2644 5662 vocant,
2690 5609 2755 5651 eo
2795 5597 2940 5665 quod
2979 5611 3094 5650 rem
3137 5596 3372 5666 aliquam
3397 5597 3550 5652 brevi

1963 5688 2235 5759 przeconio
2263 5703 2384 5758 qua:
2407 5689 2478 5743 sit
2498 5689 2750 5756 ostendit,
2779 5690 2878 5745 sub
2901 5690 3100 5745 senarii
3125 5691 3335 5746 numeri
3366 5688 3547 5758 perfe-

1965 5783 2171 5850 ctione,
2225 5786 2316 5856 qui
2350 5783 2507 5854 juxta
2552 5785 2907 5843 arithmeticaz
2953 5787 3341 5859 experientiam
3388 5785 3550 5841 disci-

1963 5877 2124 5950 plinae
2164 5877 2438 5948 perfectus
2481 5878 2729 5948 habetur,
2781 5893 2848 5936 eo
2888 5880 3032 5949 quod
3062 5879 3174 5936 suis
3195 5877 3440 5949 partibus
3463 5875 3545 5931 di-
