3990 6302
538 333 675 392 11οἹ

1409 331 1469 405 B,
1510 329 1764 396 canora
1801 327 2020 388 usum
2056 325 2211 384 ora.
2252 323 2432 391 rans
2469 325 2535 386 Η.
2579 325 2826 388 sacrm
2863 296 2930 386 ll.

3595 337 3691 397 “08

535 460 776 512 mensus,
801 451 856 502 et
877 444 963 501 his
988 444 1182 501 iterum
1219 442 1273 497 in
1299 456 1466 498 unum
1505 441 1757 509 redactis,
1785 442 1988 514 absque
2013 438 2121 502 ullo
2147 439 2204 502 Α
2227 437 2396 498 .culari
2434 441 2742 498 reverentia
2789 449 3145 513 nuncupatur.
3171 441 3228 500 In
3249 444 3387 501 omni
3419 460 3530 519 ergo
3549 455 3698 508 sancti.

536 538 864 595 detrimento
903 545 995 592 aut
1033 530 1370 592 incremento
1399 533 1480 588 sui
1506 533 1562 588 in
1596 548 1656 590 se
1683 532 1854 600 redit;
1880 533 1954 587 ita
1985 529 2122 588 deﬁ-

536 631 673 686 nivit
703 630 925 686 dicens:
953 626 1062 683 Lex
1112 625 1328 681 Domini
1372 612 1860 699 irrepreltensibilis,
1912 641 2123 680 conver-

537 729 650 800 tens
697 724 918 786 animas,
963 719 1314 776 testimonium
1349 720 1562 775 Domini
1597 719 1770 791 ﬁdele,
1812 719 2122 791 sapientiam

521 803 791 892 prwstans
819 812 1069 889 parvulis.
1101 812 1334 870 Justitiw
1369 811 1580 866 Domini
1617 821 1752 866 recte
1793 802 2122 880 lwtiﬁcantes

537 907 719 974 corda,
749 915 1064 980 pra’ccptum
1089 901 1302 958 Domini
1331 899 1563 957 lucidum
1588 895 1896 958 illuminans
1920 899 2120 986 oculos.
2145 957 2154 964 _

540 999 719 1055 Timor
754 992 967 1053 Domini
1015 1005 1229 1052 sanctus
1273 991 1584 1068 permanens
1629 987 1688 1051 in
1732 993 1984 1050 sa’culum
2025 1010 2124 1052 ste-

537 1093 662 1158 culi,
689 1091 890 1161 iudicia
915 1089 1132 1146 Domini
1155 1106 1274 1144 vera
1288 1088 1588 1160 justiﬁcata
1625 1089 1682 1144 in
1705 1090 2003 1161 semetipsa,
2033 1087 2128 1166 de-

515 1173 840 1246 siderabilia
890 1203 1046 1258 super
1086 1203 1277 1241 aurum
1313 1195 1364 1240 et
1400 1184 1626 1258 lapidem
1665 1174 1950 1257 pretiosum
1990 1181 2126 1264 mul-

539 1293 668 1349 tum,
718 1290 767 1336 et
804 1278 1045 1334 dulciora
1090 1295 1246 1351 super
1294 1277 1396 1333 mel
1442 1287 1492 1334 et
1536 1277 1712 1348 favum
1758 1275 1930 1348 (Psal.
1981 1275 2121 1348 XIX).

538 1373 668 1442 Quae
707 1372 889 1432 omnia
933 1371 1056 1428 ideo
1103 1369 1301 1426 senarii
1351 1369 1564 1426 numeri
1597 1367 1930 1439 perfectione
1969 1367 2130 1424 deco-

537 1474 746 1532 rantur,
781 1463 908 1538 quia
938 1455 1248 1534 quanquam
1288 1463 1522 1533 quodam
1565 1462 1725 1518 modo
1778 1462 1921 1518 inter
1961 1475 2021 1518 se
2049 1461 2131 1517 di-

539 1567 686 1616 stare
711 1557 1013 1624 videantur,
1039 1549 1248 1626 singula
1270 1563 1451 1610 tamen
1473 1555 1541 1610 ad
1562 1553 1952 1626 perfectionem
1975 1554 2126 1626 legis,

539 1665 647 1722 qua
673 1637 775 1705 viri
805 1647 980 1706 sancti
1011 1647 1239 1719 perfecti
1270 1645 1594 1715 ciliciuntur,
1627 1648 1918 1718 pertinent.
1943 1647 1988 1703 E
2011 1643 2132 1719 qui-

541 1745 646 1809 bus
679 1743 819 1800 sicut
848 1757 955 1806 uno
983 1741 1264 1797 subtracto
1291 1750 1479 1796 sextus
1507 1756 1764 1796 numerus
1789 1740 2011 1796 minime
2037 1740 2134 1796 ad-

2229 539 2338 588 tate
2363 540 2612 616 versatur
2639 533 2734 606 qui
2772 549 2929 591 suum
2947 532 3180 616 iudicem
3207 545 3260 592 et
3290 537 3462 594 timere
3485 545 3698 613 cognosci-

2226 633 2315 680 tur
2339 633 2394 681 et
2423 611 2628 684 amare.
2665 628 2812 684 Inter
2841 610 3089 686 timorem
3119 645 3338 700 namque
3363 610 3700 692 Domini—clior-

2227 716 2484 776 midinem
2515 718 2806 774 humanam
2833 720 2940 776 hoc
2979 719 3198 776 interest
3238 722 3370 792 quod
3408 721 3600 780 formido
3631 711 3701 782 bu-

2226 829 2385 872 mana
2432 831 2556 872 cum
2602 825 2845 887 tempore
2893 823 3282 886 commutatur;
3332 819 3392 873 de
3412 831 3485 884 ea,
3509 819 3553 872 ni
3575 818 3703 886 fallor,

2228 905 2430 992 dictum
2475 916 2596 964 est:
2629 907 2872 978 Perfecta
2927 909 3154 984 charitas
3197 907 3332 980 {oras
3361 909 3498 962 mittit
3527 909 3702 965 timorem

2203 998 2283 1077 '(I
2311 1003 2472 1057 Joan.
2503 1002 2602 1074 ιν).
2639 1003 2822 1058 Timor
2848 1011 3027 1057 autem
3059 1000 3264 1056 Domini
3307 1018 3338 1056 a
3377 1004 3564 1074 proprio
3601 1016 3702 1061 statu

2227 1091 2375 1151 nulla
2408 1093 2692 1164 temporali
2715 1094 3068 1150 conversione
3085 1101 3338 1160 mutatur,
3367 1095 3452 1149 sed
3471 1095 3517 1149 in
3535 1095 3704 1166 idipsum

2229 1187 2540 1244 sinceritate
2573 1190 2726 1265 bona:
2748 1188 3092 1245 conscientia:
3115 1171 3424 1259 perseverat.
3452 1188 3593 1243 Porro
3610 1189 3710 1258 judi-

2229 1278 2315 1335 cia
2360 1279 2478 1356 Dei,
2533 1297 2653 1354 qua:
2687 1288 2742 1336 et
2769 1296 2898 1336 vera
2920 1290 2974 1354 et
2997 1279 3287 1350 justiticata
3329 1281 3381 1337 in
3425 1282 3654 1352 semetipsa
3689 1297 3710 1335 ι

2227 1371 2492 1444 propheta
2532 1373 2932 1440 describuntur,
2974 1373 3224 1428 mandata
3266 1383 3384 1430 sunt
3409 1373 3526 1446 ejus,
3563 1389 3652 1444 qua
3675 1375 3712 1428 in

2232 1467 2415 1544 Yeteri
2465 1475 2519 1542 et
2568 1465 2717 1522 Novo
2771 1466 3122 1524 Testamento
3168 1467 3454 1536 conscripta
3495 1465 3712 1526 habentur,

2233 1559 2358 1640 quia
2403 1574 2590 1614 revera
2613 1574 2680 1614 ex
2715 1557 2920 1638 judicio
2955 1567 3081 1616 sunt
3117 1559 3344 1630 prolata.
3375 1559 3516 1624 Vera,
3539 1557 3713 1631 inquam,

2233 1651 2596 1724 metonymice
2633 1660 2688 1708 et
2719 1650 3036 1722 iustiﬁcata,
3069 1652 3196 1722 quia
3224 1665 3432 1707 veraces
3457 1657 3503 1706 et
3520 1647 3716 1721 justiﬁes-

2236 1753 2321 1813 tos
2340 1745 2720 1802 observatores
2745 1760 2873 1800 suos
2899 1743 3162 1800 efﬁciunt.
3189 1743 3330 1799 luter
3344 1741 3574 1813 judicium
3594 1753 3718 1800 tamen

540 1835 814 1907 impletur,
844 1835 920 1890 ita
948 1835 993 1890 si
1027 1833 1231 1906 aliquid
1257 1835 1591 1900 detrahatur,
1619 1833 1970 1916 perfectionis
1996 1810 2211 1916 inte-nB
2238 1809 2334 1892 Dei
2385 1845 2440 1891 ct
2480 1835 2684 1910 judicia
2731 1835 2848 1908 ejus
2903 1837 3010 1893 hoc
3062 1837 3306 1903 interest,
3348 1809 3482 1906 quod
3528 1833 3718 1906 judicium

541 1929 712 2004 gritas
760 1929 1062 1984 mutilatur.
1113 1928 1226 1984 Lex
1271 1929 1418 1985 enim
1466 1929 1962 2002 irreprehensibilis
2015 1939 2132 2002 est,

543 2022 671 2094 quia
696 2019 938 2094 perlecta
963 2020 1191 2076 veritate
1222 2021 1492 2088 consistit,
1531 2038 1651 2094 quae
1675 2037 1772 2096 per
1797 2021 2134 2081 Salvatorem

541 2129 652 2170 non
684 2114 1032 2184 reprehensa,
1066 2113 1160 2168 sed
1185 2113 1368 2184 potius
1411 2115 1672 2187 probatur
1716 2117 1936 2186 impleta
1963 2135 1975 2170 :
2008 2106 2134 2171 Non

543 2207 674 2274 veni,
704 2207 900 2280 inquit,
933 2206 1095 2278 legem
1133 2205 1347 2280 soluere,
1376 2207 1467 2263 sed
1492 2209 1776 2282 adimplere
1807 2210 2021 2282 (Matth.
2047 2209 2130 2283 ιι).

526 2299 611 2379 ,Εῐ
655 2307 716 2356 ut
760 2315 920 2356 nosse
966 2314 1250 2372 possemus
1296 2297 1648 2375 Evangelium
1694 2318 1910 2374 quoque
1962 2303 2134 2374 legem

541 2392 758 2451 Domini
801 2407 939 2456 esse,
967 2397 1022 2446 et
1053 2391 1264 2466 duobus
1295 2392 1674 2465 Testamentis,
1709 2394 1858 2464 Dlovo
1882 2395 2135 2452 videlicet

541 2494 599 2564 et
642 2485 848 2554 Veteri,
906 2484 1080 2556 legem
1137 2485 1454 2559 consistere,
1511 2484 1777 2554 adjunxit,
1822 2485 2133 2548 Conuertens

541 2579 747 2634 animus
775 2576 948 2652 (Psal.
973 2575 1112 2650 xu),
1139 2579 1394 2650 quoniam
1430 2578 1642 2644 Veteris
1681 2579 2015 2636 Testamenti
2041 2596 2138 2652 pa-

543 2671 670 2748 gina
693 2670 928 2748 rigorem
951 2671 1112 2726 habet
1131 2671 1621 2746 irreprehensibilis
1644 2674 1978 2741 severitatis;
2000 2673 2134 2738 ,Novi

541 2775 674 2819 vero
699 2762 1142 2842 convocationem
1187 2771 1242 2820 et
1289 2765 1780 2836 mansuetudinem,
1828 2781 1926 2837 per
1971 2783 2134 2838 quam

543 2864 787 2932 errantes
825 2856 1188 2932 corrigantur,
1234 2864 1290 2913 et
1316 2857 1385 2930 ad
1427 2856 1630 2914 Christi
1664 2859 1896 2931 gratiam
1928 2862 2136 2926 anima-

543 2963 668 3004 rum
695 2949 974 3025 conversio
1003 2949 1116 3024 linat.
1147 2948 1538 3014 Testimonium
1564 2965 1692 3022 ergo
1715 2951 1928 3010 Domini
1956 2953 2132 3020 ﬁdele,

545 3038 803 3118 quoniam
841 3055 1176 3118 qumcunque
1207 3039 1494 3113 pollicetur
1525 3041 1667 3096 Deus
1689 3043 2004 3114 plenissima
2041 3059 2132 3100 ve-

545 3130 708 3188 ritate
767 3130 1124 3206 complentur.
1187 3129 1340 3200 Quod
1383 3132 1758 3202 testimonium
1813 3135 2130 3208 sapientiam
2159 3176 2210 3242 ο

543 3233 768 3298 praestat
804 3225 1065 3294 parvulis,
1130 3239 1239 3280 non
1286 3225 1476 3298 utique
1523 3228 1770 3298 superbis
1798 3245 1899 3285 nec
1933 3232 2137 3289 tumida

545 3334 607 3394 se
641 3317 874 3374 elatione
908 3316 1260 3387 jactantibus,
1311 3319 1406 3376 sed
1451 3321 1537 3380 his
1581 3325 1822 3393 parvulis
1848 3327 1914 3382 de
1943 3327 2140 3396 quibus

543 3409 836 3482 Apostolus
863 3411 1014 3479 dicit,
1048 3409 1228 3483 Nolite
1262 3413 1412 3484 pueri
1449 3416 1580 3486 efﬁci
1621 3418 1879 3486 sensibus,
1907 3420 1996 3475 sed
2027 3438 2142 3480 ma-

527 3500 664 3570 litia
699 3501 904 3574 paruuli
944 3512 1104 3558 estote
1134 3502 1190 3576 (Ι
1216 3502 1340 3560 Cor.
1365 3507 1501 3578 xiv).
1553 3509 1656 3564 Dat
1687 3511 1866 3582 itaque
1897 3513 2141 3570 testimo-

547 3591 700 3648 nium
743 3592 925 3671 Pater,
968 3595 1284 3666 datFilius,
1313 3599 1405 3658 dat
1429 3609 1485 3672 et
1509 3601 1745 3672 Spiritus
1783 3614 2036 3673 sanctus;
2085 3616 2141 3665 et

545 3685 690 3756 sicut
733 3694 858 3760 sunt
879 3690 1066 3760 unius
1112 3693 1362 3758 essentia:
1396 3701 1454 3750 et
1487 3704 1716 3761 natura,
1763 3697 1841 3754 ita
1877 3699 2042 3755 etiam
2083 3700 2140 3755 in

545 3779 823 3851 reddendo
849 3783 1160 3852 testimonio
1179 3775 1460 3850 sublimes;
1489 3789 1566 3846 De
1585 3788 1750 3846 Patre
1769 3789 1825 3845 in
1850 3789 2140 3862 Evangelio

531 3871 745 3946 legitur
775 3875 918 3944 quod
959 3877 1329 3944 testimonium
1377 3880 1442 3936 de
1492 3879 1628 3938 Filio
1671 3881 2041 3950 perhibuerit;
2072 3883 2140 3941 de

545 3967 685 4024 Filio
710 3957 912 4052 autem
932 3968 1224 4039 Apostolus
1251 3971 1318 4026 ad
1348 3971 1690 4033 Timotheum
1729 3975 1918 4031 scribit
1943 3990 1958 4031 :
1991 3974 2141 4030 Prte-

549 4059 684 4130 cipio
737 4061 831 4126 tibi
873 4078 1054 4116 coram
1097 4063 1205 4124 Deo
1239 4065 1329 4134 qui
1362 4065 1583 4138 viviﬁcnt
1629 4067 1824 4132 omnia,
1855 4077 1905 4121 et
1931 4067 2139 4123 Christo

547 4151 677 4208 Iesu
720 4152 808 4223 qui
848 4153 1202 4220 testimonium
1246 4155 1472 4214 reddidit
1510 4158 1606 4210 sub
1654 4157 1842 4214 Pontio
1884 4157 2058 4213 Pilato
2085 4159 2139 4230 (1

552 4243 688 4298 Tim.
715 4243 822 4316 Vl);
866 4245 932 4301 de
972 4245 1176 4317 Spiritu
1200 4263 1414 4318 quoque
1438 4259 1627 4306 sancto
1665 4252 1807 4306 idem
1852 4251 2141 4323 Apostolus

551 4334 684 4392 dicit
726 4351 742 4390 :
786 4334 930 4406 Nam
969 4348 1017 4392 et
1064 4339 1172 4409 ipse
1223 4338 1451 4410 Spiritus
1501 4344 1852 4404 testimonium
1911 4345 2140 4417 perhibet

451 4503 458 4510 ι
548 4429 760 4499 spiritui
809 4441 984 4484 nostra
1023 4429 1205 4502 (Psal.
1239 4431 1631 4506 xix).,lustitiaa
1687 4438 1870 4508 itaque
1925 4440 2138 4496 Domini

2239 1943 2466 1985 numero
2523 1927 2785 2002 singulari
2833 1927 2966 2005 illud
2999 1928 3252 2004 generale
3300 1942 3506 1984 examen
3543 1935 3638 1999 est,
3663 1924 3720 1998 iu-

2238 2021 2380 2076 dicia
2415 2035 2542 2076 vero
2565 2019 2682 2091 eius
2703 2035 2928 2076 numero
2952 2019 3151 2100 plurali
3170 2027 3487 2075 sacramenta
3507 2027 3620 2080 sunt,
3641 2032 3718 2090 qua

2237 2113 2292 2169 in
2344 2114 2553 2170 duobus
2597 2113 2981 2192 Testamentis,
3031 2128 3140 2168 non
3185 2113 3241 2168 in
3285 2110 3572 2184 imaginibus
3597 2109 3720 2184 necis

2235 2205 2464 2277 picturis
2508 2189 2896 2271 inveniuntur,
2929 2189 3050 2278 quae
3074 2205 3217 2284 idem
3247 2202 3636 2281 Psalmograpbus
3659 2215 3722 2275 per

2238 2299 2454 2355 schema
2485 2299 2630 2371 quod
2656 2297 2843 2354 Graece
2881 2297 3120 2367 αὔξησις,
3163 2298 3218 2354 id
3256 2307 3336 2354 est
3374 2303 3723 2375 auguteutunt,eo

2237 2389 2382 2460 quod
2407 2389 2670 2459 paulatim
2697 2391 2766 2446 ad
2787 2390 3068 2460 superiora
3093 2396 3417 2458 concrescat,
3443 2389 3507 2445 ita
3529 2385 3720 2457 expressit

2239 2481 2426 2538 dicens
2461 2501 2473 2537 :
2503 2477 2889 2537 Desidera'bilia
2911 2499 3068 2556 super
3093 2498 3281 2536 aurum
3309 2489 3352 2536 et
3375 2478 3570 2550 lapidem
3589 2475 3722 2548 pretio-

2237 2592 2354 2630 sum
2397 2574 2640 2642 multum,
2665 2587 2712 2630 et
2740 2574 2979 2630 dulciora
3014 2592 3174 2646 super
3215 2573 3312 2630 mel
3338 2583 3382 2628 et
3421 2573 3569 2644 [avum
3603 2567 3722 2636 (Psul.

2239 2668 2375 2742 xtx).
2408 2667 2561 2724 Sicut
2580 2668 2722 2724 enim
2751 2668 2953 2740 lapides
2976 2667 3210 2738 pretiosi
3239 2681 3366 2748 auro
3383 2659 3726 2744 preferunturin

2237 2760 2436 2834 pretio,
2460 2759 2537 2816 ita
2585 2759 2840 2814 nimirum
2883 2774 3018 2814 auro
3049 2769 3110 2816 et
3145 2758 3405 2838 lapidibus
3433 2754 3640 2826 pretiosis
3657 2749 3728 2806 mel

2239 2859 2294 2908 et
2322 2849 2506 2906 favum
2540 2849 2820 2905 dulcedine
2843 2849 3155 2922 praefertur.
3203 2850 3307 2932 Per
3342 2851 3469 2926 hanc
3493 2847 3610 2917 enim
3641 2843 3732 2915 ﬁgu-

2239 2960 2357 3000 ram
2402 2944 2552 3022 idcm
2596 2942 2882 3018 Psalmista
2935 2953 3308 3022 susceptorem
3365 2957 3532 3020 suum,
3571 2937 3731 3011 gloriam

2239 3019 2408 3093 etiam
2431 3047 2484 3092 et
2518 3035 2842 3092 exultantem
2873 3019 3037 3118 caput
3078 3053 3240 3114 suum
3269 3019 3528 3091 Dominum
3550 3045 3642 3087 esse
3671 3029 3733 3086 do-

2240 3137 2424 3185 cantat
2445 3125 2663 3202 dicens,
2705 3127 2784 3182 Tu
2821 3139 3016 3206 autem,
3032 3129 3277 3206 Domine,
3304 3139 3544 3202 susceptor
3560 3138 3732 3186 meum

2239 3223 2412 3295 gloria
2464 3240 2600 3294 mea,
2629 3232 2678 3299 et
2723 3223 2962 3300 exultans
3007 3235 3168 3295 caput
3203 3241 3372 3280 meum
3412 3221 3560 3295 (Psal.
3585 3215 3734 3288 inlisit

2239 3315 2531 3388 Apostolus
2555 3315 2632 3370 ait
2657 3331 2672 3370 :
2703 3314 2834 3386 Quis
2861 3332 2954 3386 nos
2979 3316 3246 3389 separabit
3267 3335 3298 3371 a
3319 3315 3546 3393 clior-itote
3561 3307 3734 3372 Christi?

2219 3465 2226 3484 ’
2240 3409 2308 3460 tri
2314 3406 2510 3481 bulatio
2531 3423 2600 3461 an
2617 3409 2859 3482 angustia
2876 3407 2900 3460 ?
2915 3425 2984 3484 an
2995 3408 3290 3482 persecutio
3303 3407 3328 3462 ?
3339 3402 3588 3478 (infames?
3607 3415 3659 3465 αιι
3671 3414 3736 3460 ll‘

2241 3497 2378 3552 ditas
2393 3498 2418 3550 ἱ)
2445 3515 2516 3553 an
2547 3498 2838 3574 periculum
2858 3499 2882 3552 ?
2903 3516 2974 3554 an
3007 3497 3222 3572 gladius
3249 3497 3422 3572 (Rom.
3444 3496 3578 3569 vui)?
3603 3493 3734 3561 inqua

2222 3604 2338 3660 per
2363 3599 2652 3672 augmenta
2687 3592 2970 3668 nominum
3009 3593 3092 3667 rei
3127 3591 3432 3666 magnitudo
3456 3589 3619 3645 sensim
3651 3599 3736 3640 suc-

2241 3685 2456 3740 crescit.
2491 3684 2588 3741 Cui
2615 3701 2926 3760 quanquam
2952 3687 3132 3747 vicina
3168 3688 3240 3743 sit
3265 3686 3456 3759 ﬁgura,
3490 3697 3588 3752 qua:
3607 3677 3738 3734 le

2239 3778 2418 3849 κλίμαξ
2441 3820 2454 3847 ,
2529 3778 2722 3861 Latine
2781 3779 3026 3852 gradatio
3089 3781 3307 3850 dicitur,
3357 3776 3549 3851 quando
3604 3769 3737 3843 positis

2241 3869 2566 3946 quibusdam
2591 3869 2847 3946 gradibus
2880 3869 2996 3928 sive
3023 3870 3080 3926 in
3109 3871 3288 3938 laude,
3329 3871 3436 3928 sive
3471 3870 3520 3925 in
3537 3867 3738 3934 vitupera-

2245 3964 2392 4019 tione
2412 4005 2428 4032 ,
2481 3979 2696 4037 semper
2745 3965 3029 4032 accrescit,
3083 3966 3156 4034 ab
3211 3981 3274 4032 ea
3327 3973 3494 4019 tamen
3520 3958 3737 4032 plut-itmm

2241 4057 2406 4113 distat
2439 4059 2584 4128 quod
2636 4056 2848 4134 αὔξησις
2891 4058 3008 4134 sine
3055 4057 3168 4117 ulla
3214 4057 3486 4128 iteratione
3535 4051 3740 4112 nominum

2241 4167 2433 4229 rerum.
2472 4162 2730 4227 procurat
2769 4161 3087 4224 augmenta,
3117 4153 3302 4226 κλίμαξ
3327 4167 3449 4206 vero
3487 4153 3740 4219 ροςυωιιω

2241 4245 2467 4300 verbum
2495 4243 2642 4316 quod
2672 4253 2758 4318 est
2785 4245 2838 4299 in
2885 4245 3065 4318 prium
3090 4252 3359 4316 commate
3381 4241 3588 4314 positum
3619 4235 3661 4293 in
3686 4244 3743 4286 εε-

2241 4337 2426 4406 quenti
2452 4338 2698 4394 membro
2725 4339 2898 4410 modis
2939 4339 3196 4396 omnibus
3219 4338 3424 4409 repetit,
3451 4335 3610 4403 sicque
3641 4325 3741 4382 velut

2241 4437 2432 4504 catena
2465 4429 2612 4502 aliud
2650 4447 2865 4506 semper
2914 4431 2970 4486 in
3023 4431 3130 4486 alio
3177 4430 3428 4500 nectitur,
3459 4433 3512 4482 ut
3547 4428 3616 4480 est
3654 4413 3742 4474 illud

552 4527 717 4606 rectae
763 4519 883 4574 ideo
935 4520 1206 4591 dicuntur,
1251 4526 1378 4596 quia
1416 4544 1524 4587 non
1579 4529 1738 4587 aliter
1797 4534 2142 4604 cognoscitur-
2171 4545 2219 4606 ι)
2245 4523 2485 4594 Apostoli
2519 4543 2532 4578 :
2566 4524 2800 4581 Scientes
2821 4525 2958 4598 quod
2995 4525 3269 4580 tribulatio
3311 4522 3587 4596 patientiam
3617 4525 3742 4583 opert-

547 4605 744 4682 fecisse
779 4624 944 4684 quam
993 4613 1196 4688 docuit,
1239 4631 1342 4675 nec
1376 4618 1522 4679 aliud
1555 4619 1632 4678 illi
1683 4621 1739 4678 in
1765 4638 1882 4688 ore,
1908 4624 2054 4680 aliud
2082 4627 2138 4682 in
2176 4605 2188 4622 ἶ

549 4715 716 4774 opere
766 4709 870 4756 est.
902 4701 1253 4773 Lteti/icantes
1301 4719 1421 4764 sunt
1473 4709 1657 4780 corda,
1707 4713 1832 4784 quia
1868 4715 2137 4784 justorum

547 4805 742 4851 mentes
779 4804 1094 4852 wternorum
1119 4801 1455 4872 prwmiorum
1502 4803 1782 4861 collatione
1807 4783 2138 4876 demulcent;

549 4902 779 4969 quorum
811 4889 1164 4964 praemiorum
1209 4893 1555 4966 perceptione
1602 4896 1838 4960 conlisus
1888 4907 2007 4962 erat
2051 4900 2139 4962 ille

548 4979 642 5052 qui
667 4981 901 5049 diccbat,
927 4981 1006 5038 De
1035 4969 1233 5055 reliquo
1259 4985 1488 5056 reposita
1513 4995 1586 5041 est
1611 4989 1740 5043 milii
1763 5006 1960 5045 corona
1976 4991 2141 5062 justi-

549 5075 656 5152 tice,
693 5091 854 5151 quam
897 5075 1076 5131 reddet
1121 5076 1251 5132 mihi
1292 5076 1559 5150 Dominus
1593 5079 1650 5132 in
1695 5077 1791 5134 illa
1837 5080 1921 5135 die
1957 5081 2138 5152 justus

543 5165 711 5256 iudex
758 5164 846 5237 (II
873 5165 1010 5224 Tim.
1048 5164 1147 5240 1v).
1179 5159 1316 5221 Nam
1363 5177 1693 5238 praeceptum
1743 5170 1954 5228 Domini
1991 5181 2139 5237 recte

547 5256 781 5312 lucidum
809 5259 1024 5330 dicitur,
1054 5260 1168 5317 sive
1191 5259 1317 5330 quia
1340 5277 1370 5316 a
1396 5259 1558 5318 Patre
1588 5261 1850 5319 luminum
1872 5266 2136 5335 procedit,

547 5348 663 5404 sive
704 5351 1086 5422 metonymice,
1139 5351 1286 5423 quod
1333 5352 1542 5410 lucidos
1590 5353 1813 5410 efﬁciat.
1867 5355 2142 5426 llluminat

537 5440 713 5497 etiam
736 5441 942 5508 oculos,
973 5460 1082 5499 non
1108 5445 1373 5511 carnales,
1421 5461 1557 5518 quos
1584 5448 1866 5504 nobiscum
1894 5450 2140 5518 animan-

551 5531 627 5586 tia
654 5548 970 5589 communes
995 5535 1196 5594 habere
1224 5546 1542 5607 noscuntur,
1571 5541 1665 5597 sed
1705 5542 2010 5610 interiores,
2045 5545 2139 5614 qui

551 5625 718 5680 divini
773 5627 1020 5684 muneris
1064 5628 1259 5698 iubare
1307 5632 1662 5706 spiritualiter
1714 5635 2136 5707 perlustrantur.

551 5717 732 5775 Timor
763 5727 945 5780 autem
982 5720 1195 5778 Domini
1227 5735 1438 5782 sanr‘us
1461 5742 1772 5799 permanens
1795 5726 1857 5801 lin
1889 5725 2140 5799 smculum

548 5810 732 5870 circuli
761 5827 780 5872 ε
805 5813 968 5870 mista
1011 5822 1094 5874 est
1131 5831 1252 5874 cum
1280 5833 1482 5894 pavore
1508 5817 1745 5890 dilectio,
1772 5832 1891 5890 quae
1911 5833 2012 5885 usu
2035 5834 2142 5881 sae-

2245 4624 2352 4692 tur,
2379 4615 2634 4690 patientia
2656 4616 3032 4690 probationem,
3063 4617 3302 4688 probatio
3327 4631 3478 4686 spem,
3507 4623 3604 4681 spe!
3623 4615 3741 4660 (Μαι

2245 4723 2348 4763 non
2364 4708 2638 4784 confundit
2661 4707 2900 4782 (Bonam)
2919 4727 2932 4774 ;
2951 4710 3081 4764 item
3097 4709 3257 4765 illud:
3281 4709 3330 4763 Ν
3333 4726 3415 4776 an;
3425 4723 3542 4780 quos
3554 4694 3742 4775 ρωπίάί

2245 4806 2292 4852 et
2307 4797 2714 4872 prtedestinatiit,
2728 4817 2817 4873 eos
2839 4811 2886 4854 et
2909 4802 3140 4867 vocavit;
3165 4809 3212 4856 et
3237 4817 3364 4873 quos
3386 4797 3576 4860 vocarit,
3597 4791 3690 4848 illos
3711 4792 3741 4839 α

2236 4891 2549 4962 lum/50095!
2575 4907 2592 4945 :
2629 4909 2759 4967 quos
2781 4903 2954 4946 autem
2971 4893 3305 4964 justiﬁcaeit,
3330 4891 3442 4950 illos
3477 4898 3522 4944 et
3543 4879 3742 4957 gloriﬁﬂr

2246 4984 2312 5040 υἱῑ
2339 4983 2518 5060 (Rom.
2558 4985 2700 5058 vnn).
2741 4984 2874 5058 liam
2903 4987 2948 5040 si
2985 4985 3127 5040 forte
3171 4994 3251 5052 tu,
3299 4991 3498 5040 amator
3519 4977 3586 5056 vel
3617 4969 3742 5060 polite

2245 5058 2500 5131 adorator
2532 5073 2852 5146 imaginum,
2877 5075 3138 5131 interiore
3161 5075 3396 5146 pectoris
3435 5080 3632 5130 rancore
3655 5058 3742 5117 ειιιν

2244 5181 2551 5225 murmures
2599 5165 2782 5238 dicens
2830 5183 2844 5222 :
2891 5167 3030 5235 Quid
3081 5183 3306 5234 necesse
3350 5172 3430 5230 est
3471 5167 3649 5232 tantum
3677 5160 3744 5221 99"

2243 5259 2523 5330 schemata
2571 5259 2827 5330 evagari?
2874 5275 3169 5332 cognosces
3217 5276 3282 5322 ea
3320 5258 3470 5319 nobis
3499 5246 3743 5312 amabilioﬂ

2239 5351 2568 5422 imaginibus
2615 5351 2726 5408 sive
2761 5352 2920 5424 pictis
2944 5353 3142 5410 tabulis
3177 5354 3282 5417 tuis
3307 5365 3444 5415 esse,
3473 5356 3524 5404 et
3537 5344 3642 5400 ideo
3664 5346 3744 5392 ω·

2245 5449 2358 5497 ιυιη
2399 5443 2453 5498 iu
2475 5443 2580 5498 illis
2636 5451 2887 5516 cvagatos
2915 5459 3055 5499 esse.
3105 5443 3212 5502 llas
3257 5443 3450 5500 etenim
3484 5429 3742 5498 dulcedine“!

2244 5535 2343 5592 has
2385 5535 2710 5592 refcctiones
2749 5536 2805 5592 in
2858 5535 3154 5608 Scripturis
3185 5537 3298 5594 sive
3325 5537 3378 5591 in
3417 5527 3744 5600 Scripturanlm

2243 5631 2628 5696 schematibus,
2669 5647 2769 5702 nos
2812 5631 2926 5698 sive
2971 5639 3196 5688 caeteros
3247 5629 3616 5700 Scripturarum

2242 5729 2388 5794 tores
2437 5724 2674 5794 reperire
2711 5738 2996 5794 cognosce,
3047 5739 3180 5796 quas
3211 5731 3271 5780 tu
3313 5721 3424 5777 sive
3465 5711 3582 5774 socii
3623 5703 3680 5760 lui
3707 5703 3744 5758 in

2244 5815 2452 5891 ἕξεως,
2487 5834 2668 5892 penne
2701 5821 2760 5882 in
2801 5819 3020 5890 tabulis,
3053 5821 3113 5878 in
3135 5819 3328 5896 quibus
3367 5813 3532 5876 cordis
3566 5802 3632 5864 tui
3671 5808 3746 5870 Ρα-
