3990 6302
318 272 461 329 “09

1096 272 1275 330 LIBRI
1313 271 1656 333 CAMLINI.
1696 302 1766 316 -
1794 264 2024 330 CAPIT.
2068 272 2155 332 DE
2193 276 2383 338 lMAG.
2420 313 2491 323 —
2528 282 2662 341 LIB.
2701 286 2770 343 ll.

3450 291 3592 349 Hi0

316 386 534 442 ritatem
593 399 809 442 servare
872 392 925 442 te
974 385 1148 454 diois,
1189 387 1404 458 penitus
1464 403 1577 446 non
1636 387 1897 459 reperies;
1923 388 2171 459 Aclusa,
2213 370 2353 452 hanc
2380 397 2629 455 videmur
2669 399 2960 489 protulisse
3005 402 3367 460 sententiam:
3404 425 3421 457 ι
3459 406 3592 475 Qui-

880 541 1105 600 CAPUT
1157 516 1350 603 xxxi.

317 671 474 748 Quod
512 684 695 729 contra
740 674 1034 731 ﬂaminica
1080 678 1216 731 vocis
1259 678 1536 747 imperium
1592 677 1793 748 faciunt
1851 679 1907 732 hi

387 746 476 815 qui
501 756 738 815 parentes
778 764 900 801 suos
929 746 1417 814 anathematizauit;
1452 759 1499 803 et
1535 746 1905 803 si‘secumlum

387 817 891 890 eorumgopinionem
906 819 1307 888 prwdecessores
1328 837 1507 875 eorum
1537 821 1769 875 haeretici
1791 820 1905 890 fue-

388 903 470 960 re,
502 888 589 960 isti
606 888 679 941 ab
704 889 963 943 ha’reticis
990 892 1169 960 geniti,
1196 891 1335 944 docti
1365 901 1411 945 et
1434 893 1721 946 consecrati
1744 888 1865 946 sunt
1885 908 1903 945 :

385 959 494 1012 sive
519 958 583 1013 de
611 975 716 1033 non
757 958 1067 1029 judicanrlis
1110 963 1189 1015 his
1228 964 1317 1033 qui
1352 964 1416 1017 de
1451 962 1643 1016 smculo
1689 978 1908 1016 recesse-

390 1038 544 1105 runt;
585 1029 660 1105 vel
692 1041 946 1105 quantum
968 1033 1187 1105 istorum
1218 1029 1417 1088 errore
1434 1045 1712 1105 parentum
1728 1050 1908 1088 errore

388 1100 678 1178 dissentiat,
704 1119 822 1155 cum
862 1101 1092 1178 videlicet
1123 1103 1202 1159 illi
1230 1100 1481 1178 imagines
1520 1106 1794 1178 frangere,
1820 1106 1907 1161 isti

389 1171 618 1225 adorare
655 1175 972 1228 censuerint.

386 1324 634 1399 Denique
674 1324 749 1379 illi
781 1326 873 1396 qui
894 1341 988 1382 eas
1011 1329 1226 1400 corpori
1253 1338 1307 1385 et
1350 1329 1595 1401 sanguini
1622 1329 1905 1386 Dominieo

313 1430 603 1487 eotequare
650 1426 1030 1487 praesumunt,
1101 1430 1254 1477 tanto
1305 1422 1518 1479 illarum
1582 1423 1909 1495 instigantur

315 1522 526 1575 amore,
572 1517 631 1565 ut
680 1511 847 1567 etiam
903 1522 1158 1583 parentes
1203 1528 1331 1572 suos
1374 1516 1468 1585 qui
1511 1530 1603 1572 eas
1641 1517 1909 1588 sprevisse

315 1612 634 1670 noscuntur,
679 1607 1141 1664 anathematizare
1194 1624 1302 1665 non
1351 1611 1613 1675 dubitent,
1665 1626 1909 1669 errorem

313 1695 494 1750 errori
530 1706 836 1765 nectentes;
880 1714 1005 1755 cum
1028 1702 1279 1758 videlicet
1322 1712 1377 1759 et
1421 1705 1525 1761 illis
1555 1708 1907 1779 incongruam

314 1794 373 1841 et
400 1787 760 1846 inordinatam
787 1792 1081 1848 exhibeant
1127 1794 1518 1863 adorationem,
1558 1809 1620 1855 et
1652 1802 1738 1855 his
1765 1802 1849 1855 vel
1876 1818 1907 1857 a

315 1881 516 1950 quibus
538 1896 636 1952 per
665 1885 847 1942 carnis
872 1887 1155 1941 materiam
1195 1890 1476 1959 propagati
1508 1892 1763 1958 suntgvel
1810 1894 1909 1950 hos

313 1986 415 2043 per
443 1988 675 2042 quorum
702 1978 1168 2033 consecrationem
1210 1988 1267 2035 et
1303 1982 1554 2051 baptismi
1602 1998 1908 2041 sacramen-

317 2076 432 2122 tum
460 2077 515 2122 et
547 2079 743 2124 caetera
791 2071 1117 2127 charismata
1153 2089 1455 2144 sumpsere,
1494 2076 1906 2148 inopportunam

314 2159 567 2231 ingerent
612 2165 1060 2221 exsecrationem.
1094 2166 1227 2222 Nam
1265 2170 1310 2223 si
1354 2174 1646 2228 secundum
1694 2175 1910 2233 illorum

308 2254 592 2308 vesaniam
620 2271 806 2311 omnes
836 2256 1134 2328 imaginum
1171 2259 1487 2318 adoratione
1520 2274 1768 2321 carentes
1794 2269 1907 2323 hae-

313 2346 470 2400 retici
514 2355 656 2411 sunt,
690 2356 903 2403 constat
934 2351 1170 2422 majores
1195 2368 1379 2408 eorum
1410 2356 1503 2425 qui
1534 2340 1629 2412 eas
1667 2374 1774 2414 non
1815 2361 1910 2415 ad-

311 2452 540 2495 oravere
562 2440 846 2497 haereticos
869 2441 1036 2499 fuisse
1063 2459 1077 2498 :
1104 2446 1194 2514 qui
1218 2447 1261 2500 si
1286 2448 1528 2505 haeretici
1547 2450 1715 2516 luere,
1733 2468 1908 2524 neque

311 2533 750 2589 eonsecrationes
808 2534 1059 2601 faciendi,
1123 2554 1299 2610 neque
1356 2558 1547 2598 manus
1600 2545 1906 2615 imponendi

308 2631 635 2694 potestatem
667 2622 1003 2695 habuerunt;
1045 2631 1137 2700 qui
1182 2633 1227 2687 si
1261 2632 1401 2712 hanc
1426 2652 1533 2693 non
1581 2639 1903 2705 habuerunt,

310 2715 369 2771 hi
404 2717 499 2787 qui
524 2720 592 2774 ab
616 2720 697 2776 eis
722 2722 863 2777 hanc
889 2737 948 2779 se
982 2726 1254 2795 accepisse
1298 2738 1505 2799 putant,
1558 2747 1733 2805 neque
1780 2749 1908 2788 con-

309 2809 675 2865 secrationem
732 2820 913 2881 neque
966 2827 1161 2870 manus
1230 2816 1631 2888 impositionem
1684 2823 1903 2879 habent.

307 2897 447 2956 Item
485 2902 531 2957 si
565 2903 978 2972 prodecessores
1017 2920 1204 2961 eorum
1226 2948 1239 2972 ,
1285 2919 1345 2963 ut
1381 2910 1452 2965 illi
1484 2913 1652 2977 aiunt,
1685 2916 1908 2971 anathe-

312 2994 516 3050 mathis
549 2995 894 3067 colligatione
931 2998 1078 3069 digni
1120 3000 1359 3072 fuerunt,
1406 3005 1605 3078 ligandi
1635 3009 1904 3065 solvendi-

311 3103 421 3159 que
450 3098 773 3159 potestatem
793 3106 902 3146 non
926 3093 1231 3151 habuerunt
1262 3116 1273 3152 :
1300 3114 1462 3169 quam
1489 3102 1533 3155 si
1567 3117 1671 3157 non
1706 3102 1906 3158 habue-

311 3187 443 3235 runt
490 3182 670 3237 omnia
730 3196 1066 3254 quascunque
1113 3188 1181 3243 ab
1237 3189 1319 3245 eis
1377 3191 1431 3251 in
1476 3190 1718 3249 Ecclesia
1754 3202 1903 3265 gesta

316 3278 447 3328 sunt
490 3274 756 3330 cassanda
786 3283 939 3342 sunt;
978 3276 1024 3331 si
1060 3280 1242 3334 omnia
1268 3282 1549 3339 abnuenda
1597 3295 1741 3350 sunt,
1774 3301 1904 3357 gra-

314 3365 418 3421 dus
448 3374 511 3421 et
552 3367 920 3425 ordinationes
967 3370 1252 3427 abnuenda
1285 3382 1409 3428 sunt
1441 3390 1455 3429 :
1494 3377 1539 3431 si
1584 3376 1747 3446 igitur
1780 3393 1907 3448 pro-

312 3460 631 3518 decessores
678 3462 896 3518 illorum
956 3467 1318 3522 anathematis
1374 3466 1714 3540 eolligatione
1760 3471 1905 3541 digni

313 3551 555 3620 fuerunt,
607 3554 833 3611 istorum
880 3558 1077 3628 gradus
1130 3567 1185 3614 et
1232 3561 1600 3618 ordinationes
1646 3566 1905 3619 cassanda

314 3658 465 3707 sunt.
490 3649 609 3704 Non
633 3651 778 3705 enim
813 3652 1178 3708 schismaticis
1222 3663 1275 3709 et
1308 3658 1669 3713 anathematis
1693 3657 1907 3713 vinculo

315 3743 586 3813 colligatis
607 3742 804 3814 ligandi
832 3744 1201 3817 solvendique,
1230 3748 1324 3802 sed
1355 3748 1562 3804 idoneis
1589 3756 1642 3803 et
1680 3749 1909 3823 catlmli-

316 3835 399 3890 cis
434 3842 760 3905 potestatem
788 3850 818 3890 a
868 3835 1094 3892 Domino
1129 3837 1357 3909 legimus
1402 3854 1523 3895 esse
1567 3856 1904 3897 concessam.

313 3925 641 3983 Parentibus
678 3927 884 3983 interea
929 3927 1189 3984 honorem
1219 3929 1655 4000 impendendum,
1686 3946 1793 3988 non
1821 3947 1912 3989 so-

312 4019 433 4076 lum
462 4019 668 4091 legalis,
702 4021 1017 4091 prophetica
1057 4031 1111 4077 et
1159 4021 1472 4092 apostolica,
1521 4040 1707 4079 verum
1745 4024 1910 4081 etiam

315 4113 632 4185 evangelica
680 4116 977 4173 admonitio
1030 4116 1206 4183 docet,
1253 4118 1467 4174 dicente
1518 4119 1763 4183 Domino,
1797 4118 1911 4173 Ηο-

316 4222 454 4262 nora
481 4216 680 4277 patrem
709 4217 855 4262 tuum
879 4218 927 4264 et
953 4219 1174 4265 matrem
1213 4221 1357 4266 tuam
1407 4211 1621 4284 (Matth.
1665 4212 1776 4281 xv).
1808 4212 1909 4280 Qui

314 4298 467 4353 enim
491 4305 544 4351 et
563 4313 662 4368 per
684 4298 937 4369 paginam
964 4300 1175 4356 Veteris
1214 4300 1583 4370 lnstrumenti,
1613 4313 1668 4361 ct
1699 4319 1795 4375 per
1829 4306 1913 4361 sui

312 4390 567 4458 corporis
589 4393 932 4462 praesentiam
957 4392 1061 4449 hoc
1089 4394 1323 4448 salutare
1362 4405 1692 4466 praeceptum
1725 4408 1914 4453 contu-

2006 500 2217 558 cunque
2249 489 2341 544 lilii
2365 504 2396 544 a
2418 493 2732 560 parentibus
2764 478 2877 550 sub
2906 494 3173 567 praitextu
3200 496 3372 555 divini
3413 500 3591 560 cultus

2007 578 2320 650 abscedunt,
2342 598 2447 639 nec
2468 584 2703 641 debitam
2741 584 3101 645 reverentiam
3126 590 3436 661 dependunt
3462 594 3586 659 illis,

2008 676 2291 730 anathema
2315 676 2440 731 sint.
2470 695 2488 729 ι
2517 676 2575 733 Si
2600 694 2729 734 vero
2751 674 2808 734 hi
2839 680 2932 751 qui
2972 681 3052 737 eis
3076 681 3313 738 debitam
3338 698 3593 743 reveren-

2005 766 2140 822 tiam
2187 782 2295 824 non
2339 768 2677 840 impendunt,
2710 774 3261 843 anathematizantur,
3302 791 3410 848 quo
3430 785 3595 849 putas

2008 856 2369 921 damnationis
2402 865 2617 923 vinculo
2655 867 2747 938 qui
2802 884 2898 925 eos
2949 870 3413 928 anathematizant
3459 887 3594 931 cen-

2007 960 2329 1014 nectantur?
2366 958 2768 1018 Saluberrimus
2811 978 3044 1034 namque
3094 979 3126 1019 a
3175 964 3380 1021 sanctis
3426 963 3597 1021 Patri-

2006 1048 2108 1105 bus
2136 1049 2403 1107 ‘Ecclesiis
2463 1051 2696 1110 traditus
2755 1071 2883 1111 usus
2932 1066 3016 1111 est
3063 1071 3163 1127 pro
3218 1056 3599 1114 defunctorum

1916 1186 1934 1192 ..
1964 1160 1967 1163 ·
2009 1142 2287 1212 spiritibus
2307 1144 2593 1200 Dominum
2619 1142 2919 1219 deprecari,
2948 1163 3109 1219 quem
3137 1163 3238 1206 nos
3259 1164 3384 1205 cum
3407 1156 3599 1206 sancta

2008 1237 2156 1291 omni
2197 1236 2461 1294 catholica
2484 1246 2541 1293 et
2566 1238 2863 1294 universali
2913 1239 3155 1296 Ecclesia
3185 1239 3589 1310 amplectentes,

2009 1344 2115 1384 non
2156 1329 2328 1384 solum
2357 1344 2456 1399 pro
2491 1339 2800 1385 nostrorum
2839 1341 3152 1403 parentum,
3196 1347 3383 1389 verum
3431 1334 3597 1391 etiam

2009 1434 2108 1489 pro
2157 1421 2457 1476 amicorum
2512 1421 2749 1477 ﬁdelium
2792 1424 2885 1493 qui
2926 1439 3025 1479 nos
3061 1424 3115 1479 in
3146 1438 3279 1494 pace
3316 1424 3598 1480 Dominica

2009 1522 2403 1582 praecesserunt
2428 1514 2705 1583 spiritibus
2736 1512 3219 1571 clementissimam
3249 1516 3462 1571 Domini
3484 1515 3599 1587 pie-

1966 1616 1969 1621 '
2012 1612 2177 1658 tatem
2224 1604 2585 1674 exposcimus.
2620 1604 2720 1660 Cui
2762 1607 3082 1663 venerandrc
3122 1616 3177 1663 et
3215 1608 3599 1664 ecclesiasticas

2013 1698 2387 1753 constitutioni
2415 1713 2520 1752 non
2545 1698 2889 1754 mediocriter
2914 1700 3187 1758 contraire
3213 1701 3465 1758 videntur
3504 1702 3599 1773 qui

1938 1765 1985 1825 Β
2012 1788 2383 1844 defunctorum
2413 1798 2697 1860 parentum
2740 1788 2963 1861 spiritus
3004 1808 3112 1846 non
3149 1792 3485 1848 orationibus
3511 1792 3601 1847 θά-

2002 1881 2215 1951 juvare,
2248 1881 2341 1937 sed
2390 1883 2750 1939 anathematis
2779 1884 2991 1940 vinculo
3017 1885 3271 1957 colligare
3302 1886 3553 1945 nituntur
3578 1902 3596 1953 ;

2010 1984 2063 2029 et
2087 1976 2175 2045 qui
2204 1991 2361 2031 orare
2383 1977 2546 2030 etiam
2574 1992 2675 2046 pro
2709 1976 2944 2033 inimicis
2988 1978 3299 2059 apostolica:
3340 1978 3600 2037 eruditio-

2008 2068 2095 2123 nis
2119 2068 2441 2123 documento
2468 2067 2747 2138 jubentur,
2780 2084 2880 2138 pro
2903 2070 3015 2124 suis
3038 2070 3142 2125 hoc
3183 2069 3362 2125 facere
3403 2084 3601 2133 paren-

2010 2163 2155 2218 tibus
2185 2162 2540 2219 reluctantur.
2575 2163 2684 2218 Nos
2714 2164 2916 2218 nostris
2940 2164 3240 2219 secundum
3272 2163 3602 2219 ecclesiasti-

2010 2269 2132 2308 cum
2157 2269 2314 2308 usum
2342 2269 2439 2325 per
2466 2255 2774 2309 orationum
2798 2263 2852 2311 et
2891 2256 3357 2328 eleemosynarum
3386 2257 3596 2312 instan-

2010 2343 2139 2397 tiam
2168 2344 2508 2415 deposcimus
2534 2346 2764 2412 veniam,
2798 2346 2875 2400 illi
2924 2346 3037 2402 suis
3071 2362 3169 2417 per
3193 2347 3437 2401 inanium
3464 2361 3596 2402 con-

2009 2437 2255 2492 ciliorum
2298 2448 2596 2493 conventus
2649 2447 2909 2511 exoptant
2950 2455 3188 2510 pinnam.
3233 2439 3343 2496 Nos
3393 2440 3600 2497 nostris

2009 2532 2244 2601 quietem
2292 2533 2633 2603 exposcimus
2684 2545 2782 2603 per
2828 2533 3121 2588 missarum
3170 2531 3466 2599 solemnia,
3516 2531 3596 2586 illi

2008 2626 2119 2680 suis
2148 2627 2397 2696 ingerunt
2441 2626 2681 2681 convicia
2710 2642 2804 2696 per
2859 2627 3163 2694 inordinata
3189 2627 3437 2687 concilia.
3487 2624 3600 2681 Nos

2002 2724 2318 2773 nostrorum
2350 2718 2669 2773 memoriam
2705 2717 2933 2775 facimus
2979 2716 3035 2773 in
3080 2719 3345 2786 oratione,
3377 2702 3452 2775 illi
3483 2718 3599 2779 suis

2009 2811 2294 2865 anathema
2334 2810 2543 2880 jaciunt
2592 2818 2712 2865 cum
2781 2811 3012 2881 quadam
3064 2811 3423 2869 abdicatione.
3488 2810 3599 2869 Nos

2004 2910 2315 2957 nostrorum
2364 2902 2589 2973 spiritus
2634 2905 2821 2974 requie
2874 2900 3039 2977 potiri
3092 2920 3311 2961 oramus
3358 2896 3415 2960 in
3476 2905 3599 2963 Sinu

2006 2990 2257 3061 Abrahae,
2296 2990 2373 3051 illi
2422 3006 2642 3051 suorum
2686 3002 2872 3067 optant
2918 2998 3165 3055 damnari
3215 3000 3425 3056 animas
3474 3014 3601 3054 cum

2009 3089 2155 3153 Ario,
2190 3090 2445 3158 Sabellio,
2472 3090 2750 3159 Dioscoro,
2780 3090 3032 3150 Nestorio
3066 3105 3120 3151 et
3148 3094 3469 3167 Eutychete.
3491 3090 3602 3150 Nos

2012 3193 2229 3241 nostros
2261 3182 2512 3242 collocari
2556 3186 2891 3257 postulamus
2936 3198 3191 3262 parentes
3217 3190 3359 3246 inter
3382 3189 3601 3260 agmina

2010 3275 2313 3343 beatorum,
2349 3276 2426 3332 illi
2455 3290 2581 3333 suos
2603 3278 2745 3335 inter
2773 3280 3074 3338 obstinatas
3104 3280 3292 3338 turbas
3318 3281 3603 3339 haeretico-

2009 3382 2151 3421 rum.
2170 3368 2299 3434 Qure
2314 3384 2435 3423 cum
2448 3369 2526 3424 ita
2543 3384 2601 3424 se
2612 3368 2866 3438 habeant,
2883 3380 3093 3427 constat
3109 3387 3202 3428 eos
3218 3369 3416 3442 duplex
3428 3372 3485 3429 in
3498 3373 3603 3429 hac

2008 3466 2162 3528 parte
2184 3468 2400 3527 patrare
2424 3461 2740 3530 deliquium,
2767 3479 2890 3517 cum
2912 3470 2966 3517 et
2995 3463 3314 3535 parentibus
3339 3463 3603 3520 honorem

2012 3552 2272 3623 derogent
2313 3561 2501 3608 contra
2533 3555 2824 3610 Dominicae
2846 3546 2995 3611 vocis
3026 3554 3337 3628 imperium,
3367 3562 3442 3624 et,
3471 3570 3602 3615 con-

2010 3653 2094 3700 tra
2130 3645 2370 3715 Apostoli
2412 3647 2758 3715 sententiam,
2798 3647 2884 3703 his
2907 3649 3000 3721 qui
3031 3665 3062 3703 a
3090 3644 3287 3707 saeculo
3332 3650 3603 3723 migrave-

2010 3744 2138 3791 runt
2178 3739 2529 3793 temerarium
2576 3749 2839 3795 conentur
2888 3739 3087 3796 inferre
3118 3739 3404 3811 judicium.
3445 3740 3602 3811 Quod

2011 3842 2119 3885 non
2144 3831 2214 3886 sit
2233 3842 2364 3902 ergo
2396 3836 2601 3887 temere
2610 3830 2963 3901 iudicandum
2991 3835 3057 3889 de
3080 3835 3166 3892 his
3185 3833 3408 3906 quivjam
3439 3851 3471 3894 e
3494 3851 3603 3894 ste-

2011 3924 2131 3981 culo
2153 3926 2541 3997 migraverunt,
2574 3927 2655 3981 vel
2674 3928 2739 3983 de
2767 3928 2928 3984 rebus
2949 3928 3015 3983 ad
3040 3928 3209 3985 Deum
3236 3930 3411 3987 solum
3430 3930 3601 4003 perti-

2010 4020 2282 4086 nentibus,
2314 4019 2430 4076 hate
2456 4031 2538 4076 est
2567 4020 2710 4076 beati
2743 4020 2898 4077 Pauli
2944 4024 3208 4079 sententia
3235 4041 3248 4078 :
3294 4022 3465 4079 Nemo
3506 4038 3604 4081 no-

2011 4120 2178 4166 strum
2228 4113 2326 4167 sibi
2368 4113 2507 4178 vivit,
2564 4122 2612 4168 et
2660 4130 2807 4168 nemo
2857 4106 2957 4170 sibi
3004 4116 3262 4183 moritur;
3313 4115 3418 4172 sive
3464 4114 3603 4172 enim

2012 4205 2251 4271 vivimus,
2266 4203 2491 4259 Domino
2516 4206 2761 4272 vivimus;
2780 4206 2883 4260 sive
2900 4207 3178 4274 morimur,
3195 4205 3421 4262 Domino
3435 4206 3602 4262 mori-

2014 4312 2183 4352 mur:
2224 4299 2327 4353 sive
2366 4299 2503 4353 enim
2553 4299 2789 4366 vivimus,
2826 4302 2931 4355 sive
2970 4302 3247 4369 morimur,
3274 4299 3487 4357 Domini
3513 4317 3605 4359 stt-

2014 4407 2150 4445 mus.
2186 4389 2252 4446 In
2280 4394 2376 4445 hoc
2416 4393 2555 4446 enim
2598 4390 2837 4448 Christus
2862 4395 3143 4448 resurrexit
3190 4410 3224 4448 a
3255 4394 3494 4467 mortuis,
3544 4401 3604 4463 ut

313 4480 405 4548 lit,
434 4482 574 4538 idem
618 4483 852 4540 Mosaico
888 4500 983 4541 ore
1034 4486 1396 4557 promulgavit
1446 4488 1648 4555 dicens,
1689 4488 1914 4544 Benedi-
1938 4515 1996 4577 Ι)
2017 4498 2064 4542 et
2093 4488 2322 4541 vivorum
2352 4496 2399 4541 et
2435 4496 2760 4543 mortuorum
2806 4487 3122 4543 dominetur.
3163 4485 3239 4543 Tu
3274 4494 3451 4545 autem
3473 4486 3603 4558 quid

312 4583 436 4629 ctus
489 4576 578 4645 qui
638 4576 860 4631 honorat
922 4589 1125 4647 patrem
1174 4595 1328 4633 suum
1379 4588 1427 4633 et
1486 4589 1705 4635 matrem
1758 4598 1910 4637 suam

315 4667 523 4739 (Exod.
550 4684 649 4735 xx;
680 4669 835 4725 Deut.
867 4669 921 4742 v)
947 4689 961 4738 ;
1004 4681 1057 4727 et
1081 4686 1112 4726 e
1136 4672 1408 4728 contrario
1435 4688 1449 4727 :
1478 4672 1790 4732 Maledictus
1823 4676 1912 4749 qui

314 4778 430 4817 non
466 4763 690 4818 honorat
738 4774 939 4835 patrem
988 4784 1140 4821 suum
1169 4778 1217 4823 et
1247 4778 1467 4825 matrem
1517 4787 1666 4825 suam
1712 4770 1908 4841 (Exod.

312 4851 656 4920 nullatth.
688 4870 785 4919 xv;
832 4853 1001 4910 Marc.
1032 4855 1150 4930 vn).
1187 4857 1339 4914 Unde
1369 4861 1807 4930 perpendendum
1831 4870 1915 4917 est

313 4959 375 5003 et
413 4962 736 5019 magnopere
784 4950 1319 5006 animadvertendum
1372 4962 1589 5023 quantm
1644 4955 1713 5009 sit
1758 4970 1912 5012 arro-

315 5042 880 5115 gantirc,quant:eque
906 5043 1229 5100 temeritatis
1257 5052 1330 5111 et,
1356 5053 1415 5100 ut
1443 5046 1515 5100 ita
1534 5046 1781 5113 dixerim,
1800 5063 1911 5103 sce-

314 5135 473 5201 leris,
504 5143 755 5205 parentcs
794 5138 1285 5207 anathematizare,
1320 5141 1364 5196 si
1420 5140 1508 5196 ille
1544 5142 1911 5199 maledictioni

314 5226 570 5297 subiacet
616 5228 706 5299 qui
741 5244 835 5284 eos
882 5230 1220 5285 convincitur
1263 5248 1370 5288 non
1437 5234 1725 5289 honorare.
1775 5235 1912 5291 Nam

314 5339 451 5381 cum
474 5322 561 5379 lex
605 5324 791 5379 dicat:
826 5322 950 5379 Non
990 5324 1177 5381 reveles
1207 5328 1584 5399 turpitudinem
1629 5330 1795 5399 patris
1834 5331 1911 5384 tui

316 5414 510 5488 (Levit.
543 5416 700 5487 xvnt)
719 5458 733 5483 ,
761 5424 815 5472 et
839 5416 1165 5488 Apostolus:
1195 5417 1345 5486 Filii,
1391 5419 1591 5475 obedite
1612 5422 1913 5493 parentibus

315 5507 507 5563 vestris
539 5506 755 5582 (Ephes.
783 5509 862 5581 vi)
887 5550 902 5579 ,
944 5511 1032 5566 isti
1075 5511 1291 5582 utrique
1341 5520 1611 5584 praecepto
1657 5513 1912 5569 reluctari

315 5601 598 5669 videntur,
630 5619 755 5658 cum
792 5619 894 5659 nec
927 5604 1316 5674 turpitudinem
1364 5592 1560 5672 celare,
1599 5621 1700 5677 nec
1743 5608 1912 5663 hono—

317 5709 445 5751 rem
486 5694 730 5750 nituntur
781 5696 1107 5766 impendere.
1162 5695 1313 5752 Sacri
1361 5698 1523 5769 igitur
1564 5715 1797 5757 canones
1847 5702 1913 5757 de

316 5800 440 5846 non
488 5788 897 5847 contemnendis
937 5787 1257 5861 parentibus
1308 5788 1457 5848 omni
1498 5791 1782 5854 occasione
1827 5806 1915 5853 se-

2010 4580 2225 4652 judicas
2268 4580 2486 4652 fratrem
2536 4590 2721 4647 tuum,
2769 4590 2857 4635 aut
2918 4596 3080 4654 quare
3132 4580 3333 4653 spernis
3380 4581 3603 4651 fratrem

2017 4672 2207 4726 tuum?
2242 4689 2416 4727 omnes
2439 4673 2577 4727 enim
2610 4673 2862 4727 stabimus
2890 4681 3010 4728 ante
3040 4671 3272 4727 tribunal
3296 4670 3415 4729 Dei.
3448 4670 3600 4728 Scri-

2015 4774 2158 4837 ptum
2209 4776 2283 4821 est
2324 4766 2481 4832 enim,
2545 4764 2664 4821 Vivo
2697 4781 2809 4837 ego,
2848 4764 2975 4819 dicit
3005 4763 3304 4833 Dominus,
3351 4764 3604 4837 quoniam

2014 4855 2142 4909 mihi
2171 4856 2341 4927 ﬂectet
2390 4873 2540 4911 omne
2582 4873 2736 4929 genu,
2787 4865 2833 4911 et
2867 4857 3033 4911 omnis
3064 4852 3243 4928 lingua
3270 4853 3606 4926 conﬁtebitur

2015 4952 2144 5009 Deo.
2170 4953 2355 5027 Itaque
2377 4955 2728 5027 unusquisque
2750 4964 2985 5010 nostrum
3010 4971 3105 5027 pro
3128 4970 3182 5009 se
3205 4954 3458 5009 rationem
3485 4948 3605 5009 red-

2015 5050 2099 5104 det
2126 5048 2255 5104 Deo.
2304 5049 2428 5103 Non
2455 5065 2576 5119 ergo
2600 5047 2825 5119 amplius
2844 5047 3178 5119 judicemus;
3207 5046 3298 5102 sed
3328 5045 3427 5103 hoc
3443 5042 3600 5114 judi-

2014 5148 2128 5193 cate
2150 5140 2337 5209 magis,
2367 5156 2429 5193 ne
2457 5139 2663 5210 ponatis
2688 5138 3063 5209 oﬁ‘endiculum
3092 5138 3249 5209 fratri
3274 5136 3352 5193 vel
3377 5136 3603 5193 scanda-

2016 5229 2123 5285 lum
2153 5230 2330 5303 (Rom.
2365 5230 2499 5302 xtv).
2528 5230 2603 5286 De
2641 5246 2747 5301 qua
2794 5245 2854 5287 re
2902 5232 3066 5286 etiam
3112 5238 3317 5288 sancta
3347 5228 3603 5286 Ecclesiae

2016 5321 2274 5377 Romanae
2308 5321 2536 5377 antestis
2576 5321 2897 5378 Anastasius
2945 5320 3235 5377 Anastasio
3287 5318 3603 5391 imperatori

2015 5414 2095 5470 sic
2124 5414 2440 5483 perhibetur
2467 5414 2786 5485 scripsisse:
2818 5433 2837 5466 ‹
2867 5412 2946 5470 Ne
2970 5414 3114 5486 quod
3160 5414 3230 5469 sit
3278 5413 3335 5470 in
3382 5412 3484 5479 hoc
3520 5409 3604 5467 of-

2015 5506 2341 5562 fendiculum
2391 5507 2445 5561 in
2473 5506 2733 5573 Ecclesia,
2768 5508 2914 5575 dum,
2942 5507 3086 5579 quod
3124 5507 3305 5562 facere
3337 5520 3446 5561 non
3477 5517 3603 5575 pos—-

2013 5600 2319 5667 sumus,de
2364 5600 2449 5656 his
2482 5601 2574 5671 qui
2614 5600 2728 5671 jam
2774 5600 3107 5657 transierunt
3144 5598 3389 5669 judicare
3441 5610 3604 5652 cone-

2015 5710 2173 5758 mur,
2227 5693 2626 5749 observandum
2679 5707 2798 5749 esse
2851 5692 3218 5765 tranquillitas
3263 5701 3354 5746 tua
3402 5700 3603 5758 cogno-

2016 5794 2150 5848 scat.
2196 5807 2216 5845 ›
2248 5784 2385 5856 Quia
2428 5802 2559 5860 ergo
2586 5790 2687 5845 nec
2714 5803 2747 5844 a
2771 5785 2898 5845 liliis
2941 5794 3196 5859 parentes
3218 5779 3596 5847 inhonorandi,
