3990 6302
529 238 661 294 Hii

1412 237 1473 292 Β.
1513 234 1767 294 CAROLI
1797 230 2014 291 MAGNI
2048 231 2201 291 OPP.
2239 230 2422 289 PARS
2456 233 2520 291 Il.
2562 232 2806 291 SECTIO
2840 232 2907 289 II.

3564 256 3660 318 1112

523 367 625 409 nec
650 368 683 408 a
718 349 1023 407 viventibus
1067 350 1268 408 mortui
1300 359 1505 406 temere
1530 350 1809 422 judicandi
1848 359 1994 416 sunt,
2022 349 2105 405 di-
2130 350 2187 413 Α
2208 347 2339 414 sint,
2378 355 2436 403 et
2459 364 2490 404 a
2518 356 2668 405 recto
2700 350 2920 405 tramite
2942 360 3163 422 remota,
3185 362 3340 412 restat
3357 361 3491 419 nobis
3502 372 3664 431 utviam

525 446 773 502 vinarum
819 444 1229 516 Scripturarurn
1269 444 1481 515 paginis
1518 444 1788 516 prolatum
1824 451 1928 500 est.
1954 442 2109 500 Nunc

525 537 721 593 mentis
739 536 895 592 oculo
921 535 1147 591 sollicite
1180 536 1497 591 intuendum
1536 544 1620 592 est
1648 545 1910 607 quantum
1935 537 1989 591 in
2016 553 2109 592 su-

525 641 623 698 pra
656 633 1076 681 memoratarum
1110 624 1403 698 imaginum
1442 625 1733 682 abolitione
1772 625 1858 681 vel
1887 640 2110 682 venera-

528 719 674 773 tione
713 718 943 773 filiorum
986 733 1142 774 error
1170 734 1203 774 a
1254 727 1540 790 parentum
1576 733 1762 775 errore
1804 720 2109 788 dissentiat,

526 824 653 865 cum
683 810 935 879 utrinque
970 808 1072 864 sibi
1119 816 1174 864 et
1215 809 1443 864 istorum
1486 819 1541 865 et
1583 811 1796 866 illorum
1839 825 1995 866 error
2022 825 2111 866 re-

526 913 768 970 pugnare
808 913 917 953 non
944 897 1173 953 desinat.
1211 897 1455 953 lllienim
1492 913 1588 955 eas
1615 899 1994 956 convellendas
2031 910 2115 955 at-

529 1008 636 1063 que
659 992 1079 1049 contemnendas
1102 1008 1225 1049 esse
1245 999 1571 1049 censuerunt
1610 993 1678 1048 ab
1708 993 1949 1049 Ecclesia
1994 1007 2116 1064 per-

527 1089 689 1155 petua
731 1084 1099 1151 abdicatione,
1151 1085 1243 1141 isti
1289 1098 1385 1141 eas
1427 1101 1537 1141 non
1591 1085 1763 1141 solum
1812 1087 2109 1154 habendas,

529 1190 716 1231 verum
773 1178 938 1233 etiam
987 1180 1324 1235 venerandas
1374 1180 1591 1234 student
1645 1178 1873 1249 supplici
1922 1180 2114 1234 adora-

530 1270 696 1327 tione.
752 1271 833 1327 Illi
878 1289 972 1330 eas
1017 1274 1394 1345 mancipavere
1436 1274 1827 1344 crepitantibus
1876 1274 2109 1345 ignibus,

530 1363 621 1419 isti
652 1366 923 1420 honorant
959 1365 1246 1421 odoriferis
1267 1365 1726 1437 thymiamatibus.
1760 1366 1839 1421 llli
1866 1381 1961 1422 eas
1981 1365 2115 1422 effu-

532 1456 751 1525 giebant
798 1457 963 1511 etiam
1002 1471 1243 1522 cernere,
1282 1456 1370 1513 isti
1419 1473 1527 1513 non
1574 1466 1788 1513 cessant
1840 1457 2110 1526 amplecti.

530 1544 610 1600 llli
647 1545 880 1603 effodere
935 1548 1004 1603 ad
1050 1558 1431 1604 ornamentum
1476 1550 1719 1606 ecclesia:
1769 1551 1837 1605 ab
1875 1550 2113 1621 antiquis

533 1636 854 1692 constitutas
877 1634 1281 1708 in'parietibus,
1313 1640 1399 1695 isti
1434 1655 1605 1712 nuper
1632 1640 1877 1696 conditas
1918 1640 2113 1696 oblatis

2211 439 2417 509 regiam
2458 442 2755 497 secundum
2795 440 3103 511 Apostolum
3145 446 3447 517 gradientes,
3473 469 3606 527 neque
3621 464 3666 519 ad

2213 532 2489 588 dexteram
2534 549 2711 604 neque
2758 535 2828 589 ad
2873 534 3142 591 sinistram
3188 538 3574 603 declinemusmt
3600 569 3668 611 nec

2213 637 2336 678 cum
2362 621 2467 678 illis
2507 639 2732 694 prorsus
2770 624 3058 681 abolendas
3109 625 3449 698 dijudicemus,
3478 650 3558 692 nec
3586 656 3669 699 cum

2213 714 2333 771 istis
2370 716 2671 772 adorandas
2716 716 3069 774 decernamus
3105 737 3118 773 :
3148 722 3237 777 sed
3276 722 3430 779 solum
3459 726 3591 785 Deum
3611 736 3673 789 ad-

2213 815 2452 874 orantes,
2493 817 2547 863 et
2575 807 2692 878 ejus
2721 818 2937 865 sanctos
2965 821 3271 869 venerantes
3295 820 3546 875 secundum
3576 826 3674 880 anti-

2214 916 2375 972 quam
2423 901 2648 958 Patrum
2683 910 2737 959 et
2780 904 3197 961 ecclesiasticam
3238 909 3539 968 traditionem
3554 929 3622 972 eas
3641 919 3678 974 in

2214 997 2442 1054 ecclesia
2474 998 2531 1053 in
2558 1007 2878 1055 ornamento
2902 1007 2958 1055 et
2976 1002 3233 1057 memoria
3256 1018 3421 1059 rerum
3459 1016 3677 1078 gestarum,

2215 1091 2261 1146 si
2287 1091 2437 1157 libet,
2474 1092 2791 1159 habeamus,
2818 1101 2875 1148 et
2894 1108 3017 1149 cum
3035 1092 3242 1165 iustitia
3263 1095 3382 1151 hinc
3406 1098 3680 1169 severitatem,

2214 1183 2365 1241 illinc
2416 1186 2777 1242 adulationem
2835 1194 3267 1253 contemnentes;
3320 1205 3431 1245 cum
3478 1192 3683 1260 prudentia

2213 1277 2342 1334 hinc
2384 1279 2675 1334 versutiam
2698 1320 2714 1344 ,
2764 1278 2916 1335 illinc
2974 1280 3333 1336 hebitudinem
3398 1280 3683 1350 declinantes;

2209 1372 2339 1424 cum
2378 1366 2734 1440 temperantia
2775 1370 2903 1427 hinc
2956 1370 3249 1438 libidinem,
3304 1372 3438 1427 illinc
3480 1373 3687 1429 insensibi-

2212 1458 2417 1515 litatem
2464 1470 2811 1530 spernentes;
2852 1478 2977 1519 cum
3008 1462 3332 1530 fortitudine,
3364 1463 3476 1519 hinc
3507 1464 3688 1519 timidita-

2214 1560 2355 1620 tem,
2389 1552 2537 1609 illinc
2557 1554 2837 1609 audaciam
2868 1554 3202 1623 abjicientes,
3233 1571 3348 1610 cum
3382 1555 3553 1609 sanctis
3573 1554 3690 1611 Patri-

2212 1643 2316 1700 bus
2340 1644 2433 1714 qui
2454 1659 2547 1699 eas
2577 1646 2632 1700 in
2673 1655 2993 1702 ornamento
3030 1645 3358 1701 solummodo
3381 1660 3486 1701 esse
3521 1645 3692 1701 ecclesia

532 1727 863 1797 perlustrant
895 1729 1270 1787 luminaribus.
1300 1729 1381 1785 Illi
1428 1747 1522 1787 eas
1568 1733 1856 1789 studebant
1892 1749 2115 1804 prorsus
2144 1721 2195 1783 Β
2218 1738 2479 1804 siverunt,
2508 1738 2629 1795 istis
2650 1740 2777 1796 hinc
2799 1740 3170 1806 adorantibus,
3199 1741 3298 1795 illis
3327 1742 3443 1796 hinc
3464 1742 3694 1795 abominan-

533 1818 854 1884 abominari,
895 1820 985 1875 isti
1037 1822 1283 1878 sanciunt
1320 1825 1540 1880 omnino
1584 1826 1837 1881 osculari.
1877 1826 1954 1881 Illi
1981 1842 2115 1882 ana-

533 1906 959 1964 thematizabant
978 1910 1254 1978 habentes,
1278 1915 1368 1969 isti
1398 1930 1430 1970 e
1454 1916 1725 1971 contrario
1750 1932 1859 1972 non
1893 1918 2117 1972 adoran-

534 2002 639 2052 tes.
683 1996 813 2065 Qute
842 2000 949 2057 duo
974 2002 1118 2059 mala
1162 2020 1286 2061 cum
1319 2006 1638 2062 alterutrum
1684 2007 1786 2063 sibi
1842 2009 2116 2065 contraria

2220 1830 2368 1886 tibus
2413 1833 2760 1904 postpositis,
2819 1834 2962 1888 viam
3018 1836 3384 1890 mandatorum
3439 1833 3610 1888 Domini
3645 1841 3697 1886 tc-

2219 1939 2467 1994 neamus,
2492 1926 2724 1996 qualiter
2745 1928 2812 1982 ad
2833 1942 2959 1983 eum
2980 1928 3073 1997 qui
3098 1935 3181 1983 est
3200 1928 3303 1994 via,
3330 1927 3509 1983 veritas
3534 1934 3578 1980 et
3607 1925 3695 1989 vita,

2222 2015 2341 2087 ipso
2361 2018 2656 2089 opitulante
2683 2019 2967 2091 pervenire
2991 2019 3282 2074 valeamus.

566 2172 3698 2223 .___________________________

1736 2256 2042 2375 LIBER
2114 2297 2594 2379 TERTIUS.

1132 2523 1523 2586 PREFATIO.

604 2664 834 2725 Constat
853 2664 1015 2738 hujus
1034 2666 1209 2723 nostri
1234 2667 1416 2738 operis
1438 2666 1638 2740 stylum
1665 2669 1780 2727 sive
1802 2669 1857 2726 in
1884 2672 2123 2743 superio-

533 2758 689 2815 ribus
725 2758 946 2830 quijam
973 2760 1085 2814 Deo
1107 2768 1380 2815 annuente
1411 2758 1610 2829 digesti
1644 2770 1772 2816 sunt
1798 2761 1981 2828 libris,
2010 2762 2127 2817 sive

534 2854 595 2909 in
617 2854 871 2924 praesenti
903 2854 958 2908 in
1015 2851 1170 2923 cujus
1218 2855 1540 2925 inceptionis
1564 2856 1840 2913 adorimur
1873 2856 2123 2924 articulo,

536 2946 652 3001 sive
677 2946 838 3000 etiam
868 2946 923 2999 in
944 2961 1009 3001 eo
1033 2962 1192 3016 quem
1210 2950 1556 3017 postmodum
1581 2950 1809 3005 Domino
1830 2949 2129 3020 opitulante

539 3039 801 3109 digesturi
824 3055 1030 3105 sumus,
1058 3041 1317 3097 adversus
1341 3056 1530 3097 eorum
1558 3043 1828 3099 insaniam
1875 3042 2122 3114 vigilare,

540 3130 634 3201 qui
675 3146 987 3201 quanquam
1024 3131 1253 3188 diversis
1285 3133 1619 3203 temporibus
1667 3134 2001 3204 diversisque
2036 3148 2132 3189 vo-

542 3224 841 3280 luntatibus
871 3224 1107 3296 synodos
1158 3231 1252 3279 aut
1281 3232 1342 3279 ut
1390 3225 1651 3292 abdicari,
1701 3233 1796 3281 aut
1820 3233 1881 3280 ut
1914 3223 2133 3280 adorari

544 3315 811 3386 imagines
840 3315 897 3370 in
931 3314 1175 3371 Ecclesia
1209 3321 1492 3381 censeant,
1531 3316 1770 3372 assolent
1817 3327 2132 3387 aggregare.

544 3408 613 3463 Et
639 3408 895 3478 quoniam
920 3408 1065 3464 illius
1088 3408 1312 3464 insaniae
1337 3408 1604 3479 scriptura
1624 3449 1640 3476 ,
1669 3423 1831 3478 quam
1867 3405 2016 3462 inani
2042 3405 2138 3462 de-

546 3498 749 3554 siderio
787 3500 1031 3570 septima:
1057 3500 1249 3572 synodi
1294 3500 1557 3556 vocabulo
1610 3499 1822 3555 censeri
1868 3498 2115 3554 ambiunt

545 3592 891 3662 propriorum
932 3609 1188 3650 sensuum
1209 3594 1489 3649 erroribus
1518 3592 1671 3664 quasi
1706 3591 1966 3648 membris
2009 3606 2139 3646 con-

550 3693 701 3739 creta
725 3725 740 3752 ,
778 3693 834 3740 et
863 3685 1060 3741 divinae
1095 3684 1232 3755 legis
1258 3684 1688 3741 testimoniorum
1709 3684 2140 3753 incompetenter

552 3781 655 3837 sibi
688 3781 1050 3837 adhibitorum
1079 3782 1436 3838 commatibus
1481 3779 1637 3851 quasi
1674 3778 1996 3850 quibusdam
2020 3774 2141 3845 pin-

553 3874 639 3930 nis
658 3876 900 3930 ceruitur
923 3891 1043 3931 esse
1078 3874 1294 3931 suffulta
1325 3894 1338 3930 :
1368 3876 1527 3932 libuit
1564 3875 1723 3931 nobis
1749 3875 1802 3929 in
1826 3870 2142 3945 praeceden-

552 3967 702 4021 tibus
731 3966 885 4021 libris
911 3968 1197 4035 pinnarum
1226 3969 1465 4023 subsidia
1516 3968 1588 4033 ei,
1626 3967 1823 4037 quibus
1867 3965 2140 4020 incassum

552 4053 734 4110 fulciri
769 4055 1084 4123 arbitratur,
1109 4058 1357 4123 demere;
1396 4058 1451 4111 in
1473 4056 1826 4126 sequentibus
1865 4068 1996 4108 vero
2020 4067 2143 4107 eam

2224 2555 2285 2596 se
2311 2541 2607 2599 domestica
2630 2556 2781 2598 arma
2802 2543 3040 2612 territat,
3083 2553 3140 2602 et
3167 2546 3478 2617 spiculorum
3508 2547 3713 2617 ictusqui-

2223 2634 2329 2691 bus
2361 2641 2416 2691 et
2444 2635 2669 2692 libertas
2689 2636 2876 2693 debuit
2904 2638 3046 2693 tueri
3078 2648 3133 2694 et
3161 2639 3340 2696 hostili
3370 2639 3512 2711 globo
3534 2640 3717 2696 obnitiin

2227 2727 2527 2800 indigenas,
2556 2730 2689 2801 proh
2705 2731 2888 2787 dolor!
2917 2732 3197 2803 compellit
3219 2733 3515 2803 intorqueri.
3532 2732 3719 2802 [lancigi

2229 2827 2319 2876 tur
2335 2837 2443 2877 non
2457 2824 2696 2878 versutis
2718 2824 3179 2890 cavillationibus.
3204 2841 3312 2881 non
3325 2825 3507 2882 forensi
3524 2823 3720 2889 facundia,

2232 2930 2339 2971 non
2363 2917 2552 2987 procul
2577 2932 2608 2972 a
2634 2932 2801 2983 causa
2838 2919 3168 2989 vagantibus
3199 2918 3508 2975 locutionum
3536 2914 3719 2987 phaleris,

2152 3022 2202 3088 ο
2231 3023 2340 3063 non
2382 3008 2566 3079 lepore
2587 3009 2904 3065 lenociniosi
2930 3011 3207 3077 cothurni,
3242 3026 3345 3066 non
3365 3010 3548 3066 callidae
3567 3021 3726 3064 enecu-

2232 3097 2398 3152 tionis
2417 3099 2636 3154 nodosis
2659 3100 3247 3171 argumentationibus,
3269 3101 3521 3171 jactanter
3539 3109 3727 3154 enemn

2235 3189 2596 3256 decrevimus,
2626 3192 2719 3246 sed
2746 3206 2896 3261 purae
2916 3207 2982 3248 ac
3009 3192 3277 3264 simplicis
3311 3193 3550 3248 orationis
3580 3186 3726 3244 ambitu

2237 3279 2542 3335 divinorum
2566 3280 2903 3350 eloquiorum
2930 3283 3217 3339 tenacibus
3242 3284 3417 3339 nervis
3448 3287 3670 3342 concreto,
3687 3283 3729 3330 α

2239 3388 2385 3430 sana;
2424 3374 2725 3446 sobrimque
2767 3377 3027 3434 doctrina:
3063 3378 3375 3449 eloquentia
3418 3377 3635 3440 colorate,
3668 3367 3732 3441 qui

2238 3463 2489 3521 elationis
2509 3468 2872 3523 ostentatione
2892 3484 3087 3525 carens
3120 3470 3379 3527 Ecclesia:
3404 3476 3578 3525 sanctae
3606 3462 3735 3536 potius

2238 3556 2512 3629 profectus
2543 3567 2774 3627 amator,
2811 3577 2974 3631 quam
2997 3578 3109 3618 suae
3145 3564 3231 3619 vel
3256 3571 3446 3620 nostra:
3479 3562 3541 3617 sit
3561 3564 3737 3613 ventosa

2239 3651 2417 3707 laudis
2458 3659 2713 3709 sectator.
2761 3655 3028 3722 Quoniam
3076 3657 3249 3729 igitur
3302 3658 3356 3713 in
3391 3653 3633 3727 praesentis
3651 3646 3739 3703 libri

2242 3751 2415 3811 textu,
2440 3746 2495 3801 in
2518 3762 2625 3818 quo
2653 3763 2796 3803 nunc
2847 3749 3052 3805 adoriri
3095 3767 3201 3807 nos
3225 3751 3422 3821 liquet,
3459 3748 3636 3803 illorum
3655 3755 3741 3797 sen-

2243 3839 2443 3894 tentias
2464 3840 2814 3897 discutientes
2836 3842 2928 3911 qui
2945 3842 3103 3898 aliter
3125 3845 3372 3914 quaedam
3389 3858 3535 3915 quam
3554 3855 3579 3893 a
3597 3833 3743 3893 sanctis

2245 3931 2497 3988 Patribus
2529 3932 2727 3987 tradita
2757 3940 2884 3988 sunt
2912 3934 2965 3987 in
2994 3949 3092 3989 sua
3118 3934 3329 4005 synodo
3359 3945 3583 4003 posuere,
3605 3923 3745 3981 deﬁde

2245 4024 2641 4094 quodammodo
2692 4025 3014 4097 disputaturi
3055 4043 3277 4094 sumus,
3315 4026 3444 4083 ordo
3484 4019 3681 4092 exposcit
3706 4022 3747 4068 ιιι

554 4160 821 4199 vanorum
838 4160 1099 4217 compage
1128 4148 1519 4211 membrorum,
1550 4109 1746 4215 quibus
1764 4144 2061 4199 subsistere
2084 4157 2144 4198 se
2542 4126 2742 4217 90⁵³³³
2797 4119 2925 4217 Fide}
2959 4118 3373 4217 {undf‘menium
3392 4118 3651 4217 _jac'am“s’

554 4251 716 4307 posse
758 4208 1019 4308 suspicatt
1033 4208 1082 4304 F,
1108 4237 1420 4303 destituere,
1458 4208 1517 4291 ut
1552 4208 1916 4306 praecedentes
1962 4234 2030 4289 ab
2080 4248 2145 4289 ea
2245 4208 2496 4314 νξε¹θ¹ξοθι
2532 4208 2599 4264 de
2623 4225 2731 4280 quo
2760 4210 2836 4263 ³η
2884 4208 3194 4314 ᾼΡ9⁵ι⁰¹ιξ⁵ν
3228 4209 3753 4314 πηάίξηθηίξξεξῗ

554 4330 845 4402 pinnarum
867 4329 1093 4402 remigia
1121 4328 1391 4395 auferant,
1421 4336 1710 4399 sequentes
1731 4326 1848 4397 ejus
1867 4333 2019 4382 artus
2032 4322 2123 4380 fru-

2248 4296 2396 4351 aliud
2420 4315 2612 4370 ponere
2638 4316 2789 4354 nemo
2811 4310 2975 4371 potest
3003 4310 3200 4373 μηνίει·
3220 4302 3276 4355 id
3304 4300 3439 4373 quod
3469 4298 3658 4369 positum
3679 4298 3752 4403 es}.

556 4380 845 4402 ,————-——-
867 4380 1093 4402 -νη-υη
1121 4380 1391 4395 --η-ψνν
1422 4380 1706 4399 "rw---
1738 4380 1842 4397 -.η
1906 4380 1915 4381 κ
1966 4380 1971 4381 κ
2004 4380 2013 4382 ἡ

556 4422 773 4478 stratim
798 4421 1088 4490 dirimanl;
1128 4420 1499 4493 praecedentes
1534 4436 1654 4476 eam
1679 4419 1882 4485 volatu,
1919 4431 2123 4489 sequen

2248 4388 2389 4459 quod
2417 4399 2491 4444 est
2521 4389 2761 4446 Christus
2781 4391 2937 4446 Iesus
2960 4391 3013 4464 (I
3040 4392 3163 4448 Cor.
3196 4392 3306 4464 ιιι).
3332 4390 3489 4461 Cujus
3507 4380 3758 4443 veneranda:

557 4523 643 4571 tes
661 4516 879 4586 privent
905 4481 1095 4588 gressu
1190 4524 1251 4572 ut
1276 4515 1525 4571 videlicet
1554 4514 1810 4584 spiritalis
1845 4481 2147 4584 intelligen-
2249 4481 2372 4588 ﬁdei
2399 4481 2786 4588 ῗίηξδθτίίθίθψν
2821 4499 2949 4588 imi
2972 4491 3033 4588 υξ
3063 4483 3409 4588 δίξδυίιαξτάῗ

558 4564 1147 4678 ἱῖεὶὲὶῖιῖῐίὶιῗὲῖᾶιῖιίέ
1195 4564 1655 4678 Enim-£35153;
1668 4564 2149 4659 ἒῖζὸὶιέιῖέέἷῖέιὲί
2246 4576 2670 4679 ρτοιξιιετίηξιιεν
2705 4585 2774 4679 ξι
2816 4577 2974 4679 WE
2997 4576 3331 4679 ίιξιιάθιωίηέἓ
3380 4564 3760 4679 θῗωίίθίῗῖῗίῗῖί

560 4652 649 4662 --νη
674 4652 727 4661 ν-
754 4652 920 4662 ........
949 4652 1147 4678 νην...
1196 4652 1396 4678 ,......_,
1455 4652 1647 4676 ην----
1688 4652 1977 4659 -_.-_--__--_
2038 4652 2123 4657 .__

558 4700 871 4772 putabatur,
905 4699 1133 4755 abscisis
1158 4740 1174 4766 ,
1224 4707 1280 4755 et
1315 4698 1553 4769 propriis
1609 4697 1856 4751 sensibus
1885 4710 1915 4747 ει
1954 4694 2118 4764 quibu

2249 4671 2429 4741 operis
2480 4671 2775 4741 primordia
2828 4671 3217 4735 munierimus,
3276 4668 3493 4724 liberius
3528 4669 3681 4717 nostra
3709 4652 3763 4707 fa-

2249 4766 2265 4777 .
2319 4765 2331 4777 ο
2773 4765 2805 4777 ,ο
2962 4763 2995 4777 ι.
3018 4764 3051 4777 ι.
3289 4770 3300 4777 .
3384 4769 3491 4777 ,.,,_
3536 4763 3575 4777 ,ι
3604 4750 3761 4777 εΙΙιι-ιιιι

561 4750 826 4847 violenter
841 4750 896 4846 in
918 4791 1039 4847 aliis
1061 4750 1396 4863 peregrinari
1414 4750 1843 4861 compellebatur
1864 4786 2146 4851 restitutis,
2249 4765 2651 4870 δξίοξι-ευῐςὲθηε
2676 4763 3232 4870 νεαιίυεξοιίιίἱυείιιιεῗ
3257 4763 3580 4870 struaturgf‘t

562 4843 1833 4954 sensisse;iraa";suam“.
1867 4882 2035 4954 ρυεηε
2071 4843 2154 4936 in;
2253 4861 2425 4954 eum
2448 4861 2627 4954 minus
2829 4860 3075 4954 mium
3095 4858 3265 4914 εοιίιιε
3288 4852 3587 4954 summ.
3607 4843 3766 4954 τξςξιξξιξ

562 4974 843 5046 pulsione,
873 4991 979 5046 qua
1034 4976 1167 5031 satis
1203 4991 1497 5033 vacuarum
1522 4983 1578 5030 et
1608 4975 1816 5030 ratione
1851 4974 2123 5029 carentium

2254 4950 2555 5019 deiiciatur.
2584 4950 2721 5019 Quia
2742 4966 2873 5023 ergo
2897 4952 3135 5022 primum
3166 4965 3266 5004 nos
3307 4946 3513 5003 munire
3537 4943 3768 5002 nosll‘ﬂflue

567 5038 928 5120 assertion'um
972 5065 1203 5131 acervis,
1242 5071 1300 5120 et
1347 5066 1604 5135 congruis
1632 5065 1901 5129 sensibus,
1939 5072 1993 5119 et
2019 5063 2156 5118 divi-
2256 5045 2493 5109 ﬁrmare,
2527 5053 2581 5099 ει
2609 5053 2733 5113 Ροεῐ
2760 5052 2951 5100 contra
2982 5043 3208 5135 adversa
3257 5038 3554 5108 confligere,

567 5172 763 5212 uorum
794 5157 1008 5227 apicum
1034 5156 1357 5212 testimoniis
1386 5173 1598 5226 carens,
1626 5158 1878 5213 omnibus
1900 5171 2123 5227 apparea

2257 5137 2379 5193 sitis
2408 5136 2660 5192 resistere
2693 5135 2972 5200 debemus,
2997 5150 3105 5189 non
3128 5132 3305 5189 solum
3330 5139 3592 5185 sacrarum
3617 5120 3774 5235 littera—

570 5207 763 5212 ---____
796 5207 1007 5227 --τηη-
1392 5207 1598 5226 "mw,
1902 5207 2118 5227 _n.-._-_

568 5258 825 5305 enervata
848 5290 866 5317 ,
929 5266 1050 5321 qua:
1109 5267 1218 5307 non
1257 5252 1325 5308 ab
1357 5253 1609 5308 omnibus
1646 5252 1887 5307 creditur
1931 5264 2051 5305 esse
2077 5248 2123 5303 di

2259 5244 2380 5284 rum
2401 5229 2761 5299 perducemur
2789 5226 3147 5292 documentis,
3193 5225 3288 5281 sed
3312 5223 3472 5278 etiam
3519 5217 3666 5287 ipsius
3697 5207 3774 5306 R0:

2390 5320 2401 5328 .
2626 5322 2637 5328 -
2701 5318 2757 5328 ,ρ-
2854 5318 2906 5328 ι..
3080 5319 3091 5328 .
3127 5318 3138 5328 ι
3201 5318 3215 5328 ι
3332 5317 3364 5328 ι.
3526 5321 3649 5328 νᾼ---..
3668 5303 3760 5328 ζ-οίι

570 5347 722 5411 gesta
748 5359 761 5394 :
790 5305 1047 5411 quoniam
1073 5342 1290 5415 quidem
1313 5344 1440 5398 dum
1468 5358 1686 5399 suorum
1713 5344 1945 5397 intentat
1973 5347 2161 5395 aucto-
2259 5320 2405 5415 malli
2431 5322 2669 5415 θυοέοτῖε
2693 5318 3146 5415 (δεον-δίοδΐοηίδ)
3169 5317 3367 5415 eloquii
3389 5305 3763 5415 mousmurluﬂl

573 5448 690 5486 rum
718 5432 774 5487 in
798 5433 1030 5491 sublime
1058 5435 1231 5493 laudis
1268 5435 1479 5507 insigne
1504 5433 1713 5501 efferre,
1744 5432 2121 5507 prosperitate:

2261 5414 2420 5479 tutis,
2470 5413 2561 5483 qui
2587 5413 2702 5480 ait,
2770 5432 2790 5465 ι
2821 5411 3320 5485 Argumentandum
3380 5414 3462 5463 est
3519 5405 3585 5457 ita
3614 5405 3775 5507 ut

574 5481 586 5486 -
718 5481 774 5487 -_
799 5481 1029 5491 --ψ----ν
1060 5481 1231 5493 ψη..-
1268 5481 1369 5491 η.-.
1412 5481 1477 5490 -.ν
1507 5481 1713 5501 ----.--,
1784 5481 2160 5505 ,πρυ-πη---
2488 5481 2502 5483 -
2906 5481 2923 5485 -
3188 5502 3200 5514 .
3721 5481 3729 5490 .

574 5540 757 5579 rerum
780 5526 1201 5583 domesticarum
1226 5481 1405 5585 civiliD
1423 5543 1530 5583 non
1560 5481 1815 5583 formidat
1865 5525 2163 5581 certamine
2264 5521 2413 5561 mum
2472 5516 2661 5561 “051m
2708 5504 3020 5572 ﬁrmemus,
3083 5503 3275 5561 dehinc
3333 5498 3546 5556 adversa
3591 5481 3777 5545 €0an

573 5620 924 5688 perturbare;
967 5621 1201 5691 dumque
1220 5636 1442 5692 pessum
1474 5620 1543 5675 ad
1584 5618 1938 5689 quarumdam
1979 5629 2162 5671 rerum
2265 5612 2473 5668 εωιηιεο
2503 5617 2523 5651 ι

577 5709 922 5771 interdictam
952 5715 1097 5772 cives
1139 5715 1510 5771 adorationem
1562 5721 1842 5784 provocat,
1877 5710 2078 5768 civium
2104 5709 2159 5765 in
