3990 6302
214 304 352 362 1116

725 437 951 495 CAPUT
986 436 1273 493 PRIMUM.

214 578 505 651 Confessiq
532 575 659 646 ﬁdei
706 573 979 629 catholica:
1025 588 1183 644 quam
1216 589 1249 625 a
1288 571 1502 651 sanctis
1538 568 1788 624 Patribus

331 642 658 721 occepimus,
682 654 915 701 tenemus
949 653 997 699 et
1025 642 1156 715 puro
1185 643 1340 698 corde
1362 642 1641 695 credimus.

282 783 566 842 Credimus
593 781 645 836 in
670 780 840 835 Deum
856 778 1073 833 Patrem
1099 777 1547 846 omnipotentem,
1572 780 1794 831 cuncto-

210 896 333 937 rum
365 877 660 934 visibilium
680 885 736 930 et
756 874 1101 929 invisibilium
1121 872 1474 928 conditorem.
1505 870 1790 927 Credimus

210 973 341 1029 etin
376 970 666 1027 Dominum
693 974 935 1023 nostrum
961 964 1144 1021 Jesnm
1191 964 1468 1021 Christum
1492 979 1591 1033 per
1626 978 1787 1034 quem

208 1064 396 1122 omnia
424 1070 605 1118 creata
635 1068 779 1127 sunt,
808 1074 997 1114 verum
1022 1058 1211 1123 Deum,
1241 1056 1580 1128 unigenitum
1604 1064 1659 1112 et
1701 1072 1795 1113 ve-

209 1172 332 1212 rum
352 1154 450 1209 Dei
484 1152 705 1219 Filium,
757 1167 867 1206 non
925 1149 1126 1205 factum
1187 1157 1280 1206 aut
1326 1150 1656 1219 adoptivum,
1698 1140 1795 1207 sed

209 1247 451 1318 genitum
501 1252 557 1300 et
588 1243 747 1299 unius
775 1257 897 1298 cum
926 1242 1086 1297 Patre
1117 1242 1460 1308 substantiae,
1509 1248 1672 1311 atque
1717 1241 1793 1297 ita

206 1354 308 1408 per
329 1337 512 1392 omnia
536 1335 797 1406 aequalem
826 1334 937 1388 Deo
966 1334 1149 1398 Patri,
1178 1341 1238 1388 ut
1276 1348 1377 1388 nec
1405 1341 1646 1402 tempore
1692 1348 1794 1389 nec

209 1430 381 1500 gradu
410 1442 511 1484 nec
541 1434 806 1499 potestate
826 1440 946 1481 esse
967 1425 1137 1496 possit
1162 1423 1387 1480 inferior
1414 1440 1431 1478 :
1472 1431 1791 1493 tantumque

207 1538 330 1578 esse
349 1521 673 1577 conﬁtemur
709 1520 860 1575 illum
883 1519 973 1589 qui
999 1528 1083 1573 est
1114 1518 1325 1588 genitus
1338 1524 1573 1587 quantus
1594 1525 1679 1571 est
1703 1515 1793 1571 ille

208 1612 301 1679 qui
323 1612 529 1682 genuit.
552 1609 670 1665 Non
696 1618 876 1665 autem
902 1609 1029 1679 quia
1056 1608 1285 1664 dicimus
1307 1608 1544 1679 genitum
1573 1623 1603 1662 a
1628 1607 1792 1663 Patre

205 1696 406 1771 Filfi‘um
422 1746 438 1771 ,
476 1705 670 1760 divinae
695 1712 750 1760 et
774 1701 1031 1759 ineffabili
1054 1704 1386 1774 generationi
1413 1703 1631 1773 aliquod
1653 1711 1790 1758 tem-

206 1810 311 1865 pus
334 1794 678 1861 ascribimus,
714 1795 810 1850 sed
831 1809 930 1850 nec
959 1793 1177 1849 Patrem
1230 1794 1517 1863 aliquando
1561 1795 1793 1864 cmpisse

206 1902 310 1942 nec
328 1887 561 1954 Filium;
587 1902 696 1942 non
711 1886 857 1941 enim
877 1886 1035 1941 aliter
1055 1885 1303 1941 conﬁteri
1328 1901 1613 1956 possumus
1636 1896 1794 1941 teter-

206 1998 338 2036 num
366 1982 599 2045 Patrem,
629 1981 737 2036 nisi
763 1981 1121 2036 conﬁteamur
1154 1981 1318 2036 etiam
1345 1990 1672 2037 coacternum
1702 1981 1795 2036 Fi-

204 2072 342 2128 lium
382 2090 397 2129 :
443 2087 511 2128 ex
543 2071 683 2127 Filio
713 2072 857 2127 enim
884 2070 1047 2126 Pater
1084 2070 1295 2136 dicitur,
1362 2079 1417 2126 et
1441 2071 1533 2142 qui
1580 2086 1794 2151 semper

206 2164 369 2220 Pater
394 2163 515 2231 fuit,
539 2179 754 2235 semper
789 2164 979 2220 habuit
1012 2163 1209 2218 Filium
1245 2177 1293 2218 θ.
1320 2162 1605 2220 Credimus
1642 2171 1697 2219 et
1736 2164 1794 2219 in

204 2256 472 2327 Spiritum
506 2265 782 2322 sanctum,
824 2256 995 2311 Deum
1025 2271 1213 2310 verum
1261 2271 1328 2310 ex
1382 2256 1543 2311 Patre
1567 2262 1625 2311 et
1650 2253 1793 2310 Filio

204 2349 611 2421 procedentem,
654 2348 917 2419 :equalem
968 2364 1064 2419 per
1107 2349 1289 2403 omnia
1340 2347 1487 2403 Patri
1529 2356 1587 2403 et
1631 2348 1791 2415 Filio,

201 2442 502 2507 voluntate,
528 2449 813 2513 potestate,
859 2441 1186 2507 aeternitate,
1212 2441 1511 2496 substantia
1539 2458 1552 2494 :
1580 2456 1683 2497 nec
1709 2447 1797 2497 est

200 2550 429 2605 prorsus
456 2535 653 2605 aliquis
677 2534 733 2589 in
758 2534 1021 2589 Trinitate
1042 2535 1273 2605 gradus,
1300 2535 1435 2590 nihil
1463 2536 1606 2605 quod
1656 2533 1795 2589 infe-

202 2625 321 2679 rius
345 2626 663 2696 superiusve
688 2625 794 2680 dici
825 2626 1026 2694 possit,
1062 2625 1157 2681 sed
1183 2632 1295 2681 tota
1322 2626 1590 2681 Deitassui
1614 2624 1794 2697 perfe-

200 2717 352 2772 tione
373 2717 599 2786 aequalis
619 2725 720 2781 est,
749 2726 809 2772 ut
833 2718 1075 2788 exceptis
1104 2718 1381 2774 vocabulis
1401 2734 1521 2789 qua:
1548 2718 1794 2789 proprie-

202 2815 371 2863 tatem
398 2823 751 2877 personarum
775 2808 1037 2874 indicant,
1062 2809 1325 2880 quidquid
1347 2811 1413 2866 de
1437 2826 1542 2865 una
1556 2825 1791 2880 persona

200 2901 421 2965 dicitur,
451 2900 517 2955 de
555 2901 728 2955 tribus
752 2901 1067 2970 dignissime
1110 2902 1281 2972 possit
1319 2902 1545 2971 intelligi
1585 2895 1791 2972 :atque

201 3000 262 3046 ut
291 2991 683 3047 confundentes
720 2993 907 3047 Arium
959 3009 1124 3048 unam
1155 2993 1510 3064 eamdemque
1560 2995 1792 3051 dicimus

992 298 1172 356 LIBRI
1208 298 1553 357 CAROLINI.
1596 329 1664 339 —
1700 294 1923 354 CAPIT.
1961 296 2049 352 DE
2086 295 2278 353 lMAG.
2316 325 2390 337 —
2421 294 2551 353 LIB.
2592 296 2677 352 III.

1813 411 1869 472 Α
1892 408 2074 465 litetur
2097 409 2152 465 in
2183 408 2418 476 Christo,
2450 409 2524 465 ita
2546 409 3071 481 anathematizamus
3103 413 3476 485 Apollinarem

3324 305 3470 363 ﬂ“

1891 514 1948 563 et
1972 503 2089 575 ejus
2121 505 2340 571 similes,
2371 505 2465 576 qui
2492 505 2678 561 dicunt
2704 506 2800 562 Dei
2828 506 3028 564 Filium
3058 511 3238 567 minus
3268 512 3473 584 aliquid

1894 598 1959 653 de
1996 598 2233 653 humana
2255 598 2557 669 suscepisse
2591 606 2782 654 natura
2807 641 2823 666 ,
2880 609 2935 656 et
2983 602 3069 656 vel
3099 603 3153 659 in
3200 619 3365 661 carne
3392 606 3478 663 vel

1895 690 1951 746 in
1984 691 2183 757 anima,
2209 691 2295 747 vel
2318 693 2373 747 in
2399 708 2557 749 sensu
2582 703 2922 766 assumptum
2941 697 3217 754 hominem
3243 702 3329 757 his
3354 719 3481 774 pro-

1893 793 2014 856 pter
2051 801 2186 856 quos
2237 796 2547 858 assumptus
2586 798 2671 844 est
2704 788 2873 845 fuisse
2925 791 3276 859 dissimilem,
3317 810 3479 865 quem

1900 878 2102 947 absque
2125 876 2238 932 sola
2271 879 2479 948 peccati
2521 880 2733 935 macula
2763 896 2885 952 quae
2933 884 3196 941 naturalis
3246 901 3356 941 non
3398 893 3484 943 est

1900 966 2056 1023 nobis
2095 966 2417 1023 conﬁtemur
2466 985 2587 1025 esse
2615 969 2968 1028 coniormem.
3009 974 3230 1030 Illorum
3263 993 3480 1049 quoque

1896 1058 2145 1115 similiter
2179 1072 2529 1115 exsecramur
2557 1061 2948 1133 blasphemiam
2965 1106 2980 1130 ,
3028 1066 3120 1135 qui
3149 1082 3287 1122 novo
3315 1084 3478 1126 sensu

1896 1166 2141 1209 asserere
2168 1162 2433 1209 conantur
2458 1170 2488 1209 a
2509 1162 2756 1226 tempore
2776 1167 3040 1231 suscepta:
3067 1162 3248 1218 carnis
3295 1164 3474 1220 omnia

1895 1260 2017 1315 qum
2041 1252 2197 1299 erant
2221 1245 2435 1301 deitatis
2465 1247 2521 1301 in
2547 1248 2822 1305 hominem
2852 1251 3181 1321 demigrasse
3215 1272 3229 1308 :
3260 1262 3315 1309 et
3358 1271 3480 1310 rur-

1897 1351 2016 1392 sum
2051 1352 2171 1407 quae
2202 1344 2359 1392 erant
2384 1337 2734 1395 humanitatis
2764 1341 2819 1395 in
2844 1342 3013 1398 Deum
3042 1358 3162 1400 esse
3182 1347 3475 1412 transfusa,

1895 1440 1958 1486 ut
1978 1432 2123 1501 quod
2148 1431 2293 1487 nulla
2314 1449 2549 1503 unquam
2575 1435 2800 1492 haeresis
2826 1437 3011 1494 dicere
3033 1455 3163 1495 ausa
3192 1450 3275 1497 est
3300 1443 3483 1498 videa-

1896 1532 1988 1579 tur
2037 1524 2143 1581 hac
2177 1523 2513 1592 confusione,
2577 1536 2807 1598 utraque
2840 1531 3115 1586 exinanita
3176 1532 3481 1589 substantia

1898 1613 2105 1670 scilicet
2129 1614 2343 1670 deitatis
2367 1624 2422 1670 et
2451 1617 2819 1684 humanitatis,
2846 1629 2901 1675 et
2924 1637 2955 1676 a
2987 1623 3209 1692 proprio
3243 1632 3387 1678 statu
3424 1624 3482 1679 in

1900 1709 2045 1764 aliud
2069 1724 2190 1764 esse
2217 1718 2426 1764 mutata
2473 1725 2487 1763 :
2541 1712 2634 1781 qui
2661 1719 2770 1766 tam
2814 1714 2983 1769 Deum
3020 1716 3392 1787 imperfectum
3422 1718 3481 1774 in

1820 1773 1872 1834 Β
1898 1799 2039 1856 Filio
2074 1816 2235 1872 quam
2264 1801 2537 1857 hominem
2561 1805 2903 1871 conﬁtentur,
2939 1816 3000 1861 ut
3030 1773 3131 1863 nec
3153 1809 3320 1865 Deum
3352 1825 3483 1866 vere

1894 1907 1998 1961 nec
2020 1893 2295 1949 hominem
2323 1902 2506 1949 tenere
2544 1897 2855 1951 credantur.
2890 1899 3000 1954 Nos
3025 1908 3204 1956 autem
3245 1903 3318 1956 ita
3347 1902 3484 1958 dici-

1894 2000 2035 2050 mus,
2086 1995 2395 2055 susceptum
2427 2002 2457 2041 a
2490 1987 2770 2057 Dei.Filio
2818 1992 3075 2059 passibile
3106 2001 3374 2059 nostrum,
3424 2002 3486 2050 ut

1896 2076 2435 2145 deitasimpassibilis
2471 2088 2835 2147 permaneret.
2876 2080 3075 2137 Passus
3115 2084 3263 2138 enim
3310 2084 3484 2141 Filius

1894 2184 2005 2226 non
2040 2170 2281 2241 putative
2304 2169 2397 2225 sed
2432 2185 2578 2235 vere,
2608 2172 2793 2226 omnia
2817 2187 2937 2241 quae
2989 2172 3272 2243 Scriptura
3316 2183 3484 2230 testa-

1896 2271 2002 2329 tur,
2043 2264 2097 2320 id
2126 2272 2210 2319 est
2253 2264 2507 2329 esuriem,
2557 2264 2721 2327 sitim,
2779 2264 3172 2331 lassitudinem,
3213 2265 3479 2333 dolorem,

1894 2362 2127 2410 mortem
2149 2362 2204 2409 et
2234 2363 2428 2410 caetera
2459 2353 2765 2424 hujusmodi
2795 2354 3094 2412 secundum
3123 2355 3254 2411 illud
3286 2371 3481 2427 passus

1894 2452 1979 2502 est
1996 2447 2141 2515 quod
2187 2446 2299 2516 pati
2333 2453 2575 2515 poterat,
2622 2445 2679 2501 id
2702 2454 2803 2513 est,
2845 2462 2953 2502 non
2990 2447 3284 2502 secundum
3332 2446 3480 2501 illam

1882 2537 2251 2593 substantiam
2275 2554 2396 2608 qua:
2416 2538 2724 2608 assumpsit,
2761 2539 2855 2594 sed
2881 2539 3174 2595 secundum
3199 2538 3345 2594 illam
3359 2553 3481 2609 qua:

1894 2637 2171 2700 assumpta
2199 2636 2299 2684 est.
2335 2629 2453 2698 lpse
2477 2630 2621 2684 enim
2656 2630 2754 2686 Dei
2792 2630 2960 2686 Filius
2990 2632 3286 2687 secundum
3312 2631 3484 2686 deita-

1894 2727 2003 2775 tem
2029 2735 2182 2776 suam
2208 2721 2555 2790 impassibilis
2579 2731 2663 2777 est
2682 2729 2743 2777 ut
2766 2721 2944 2789 Pater,
2959 2708 3483 2795 incbmprehensibi-

1893 2814 1960 2871 lis
1985 2821 2043 2868 ut
2086 2813 2264 2878 Pater,
2296 2813 2582 2868 invisibilis
2634 2821 2694 2869 ut
2738 2812 2919 2880 Pater,
2970 2814 3399 2871 inconvertibilis
3423 2820 3483 2869 ut

1891 2908 2073 2964 Pater.
2093 2909 2162 2962 Et
2185 2907 2431 2977 quamvis
2456 2907 2677 2977 propria
2699 2922 2931 2977 persona
2964 2908 3109 2975 Filii,
3148 2909 3202 2964 id
3223 2916 3335 2975 est,
3382 2908 3481 2966 Dei

1892 3002 2130 3059 Verbum
2156 3002 2394 3072 suscepit
2412 3001 2725 3072 passibilem
2748 3003 3041 3069 hominem,
3071 3003 3146 3058 ita
3170 3011 3350 3059 tamen
3364 3000 3481 3071 ejus

200 3085 490 3141 Trinitatis
513 3100 634 3140 esse
658 3086 1049 3154 substantiam,
1102 3095 1158 3142 et
1193 3103 1360 3142 unum
1388 3089 1440 3142 in
1467 3088 1643 3143 tribus
1667 3104 1792 3158 per-
1821 3141 1863 3158 ,
1896 3093 2228 3148 habitatione
2298 3093 2591 3148 secundum
2656 3109 2814 3149 suam
2885 3094 3247 3150 substantiam
3309 3093 3484 3150 deitas

200 3179 353 3234 sonis
388 3177 627 3234 fatemur
663 3179 854 3245 Deum,
887 3181 962 3234 ita
990 3180 1321 3250 impietatem
1352 3179 1573 3237 Sabellii
1625 3182 1791 3237 decli-

199 3278 420 3335 nantes,
450 3278 562 3325 tres
589 3285 851 3340 personas
887 3285 1173 3342 expressas
1200 3274 1300 3328 sub
1324 3273 1656 3343 proprietate
1680 3273 1792 3329 dis-

195 3360 494 3432 jungimus,
534 3377 642 3417 non
697 3361 873 3432 ipsum
899 3363 1002 3417 sibi
1049 3362 1298 3428 Patrem,
1353 3363 1529 3432 ipsum
1560 3363 1663 3419 sibi
1705 3363 1795 3418 Fi-

201 3454 336 3509 lium
362 3495 379 3518 ,
420 3455 598 3525 ipsum
635 3454 896 3526 Spiritum
949 3464 1197 3513 sanctum
1225 3471 1343 3512 esse
1381 3456 1660 3523 dicentes,
1698 3456 1793 3512 sed

200 3547 370 3602 aliam
402 3545 600 3612 Patris,
629 3547 789 3602 aliam
815 3546 957 3612 Filii,
989 3548 1151 3602 aliam
1194 3546 1430 3618 Spiritus
1456 3546 1633 3602 sancti
1669 3561 1794 3604 esse

198 3655 513 3710 personam.
539 3639 656 3695 Non
676 3641 824 3696 enim
843 3641 1065 3698 nomina
1081 3641 1476 3707 tantummodo,
1505 3640 1601 3697 sed
1624 3640 1793 3698 etiam

200 3728 485 3784 nominum
510 3730 889 3800 proprietates,
922 3730 976 3787 id
997 3738 1082 3786 est
1101 3745 1382 3802 personas,
1404 3729 1509 3796 vel,
1537 3737 1599 3785 ut
1615 3728 1793 3788 ϐιωθὶ

201 3822 534 3891 exprimunt,
562 3823 898 3889 ὑποστάσεις,
932 3822 1038 3878 hoc
1074 3829 1159 3878 est
1187 3821 1597 3889 subsistentias,
1625 3821 1795 3878 eonﬁ-

200 3925 403 3974 temur.
431 3914 542 3972 Nec
564 3916 729 3972 Pater
763 3917 885 3972 Filii
920 3926 1013 3972 aut
1039 3919 1214 3974 sancti
1243 3917 1479 3988 Spiritus
1502 3932 1793 3988 personam

198 4010 496 4081 aliquando
532 4010 810 4069 excludit:
838 4025 940 4066 nec
965 4025 1154 4065 rursus
1202 4008 1373 4066 Filius
1422 4019 1515 4065 aut
1558 4008 1793 4081 Spiritus

199 4112 427 4160 sanctus
466 4102 645 4159 Patris
702 4118 899 4159 nomen
955 4116 1350 4173 personamque
1413 4101 1645 4173 recipit,
1697 4103 1793 4158 sed

195 4194 369 4255 Pater
386 4212 602 4267 semper
630 4197 791 4253 Pater
830 4206 942 4263 est,
970 4196 1139 4253 Filius
1160 4211 1373 4268 semper
1395 4195 1588 4261 Filius,
1621 4195 1795 4267 Spiri-

196 4298 292 4345 tus
320 4298 546 4346 sanctus
569 4305 781 4360 semper
794 4289 1027 4363 Spiritus
1050 4297 1270 4346 sanctus
1295 4303 1310 4343 :
1338 4289 1522 4359 itaque
1542 4288 1793 4344 substan-

194 4383 280 4438 tia
299 4398 471 4438 unum
496 4391 639 4449 sunt,
666 4384 912 4454 personis
932 4399 996 4439 ac
1022 4383 1335 4439 nominibus
1362 4381 1790 4453 distinguuntur.

196 4480 387 4549 Ipsum
413 4486 597 4532 autem
618 4477 715 4531 Dei
745 4475 961 4543 Filium,
993 4476 1085 4546 qui
1117 4476 1321 4546 absque
1342 4475 1494 4530 initio
1522 4473 1796 4530 aateruita-

196 4582 316 4628 tem
338 4587 466 4628 cum
491 4570 653 4627 Patre
697 4579 753 4638 et
783 4570 989 4641 Spiritu
1018 4579 1205 4626 sancto
1252 4570 1509 4641 possidet,
1562 4569 1794 4625 dicimus

194 4665 260 4720 in
278 4664 392 4720 ﬁne
405 4664 724 4720 saeculorum
745 4661 1047 4734 perfectum
1071 4671 1279 4718 naturae
1293 4669 1493 4717 nostrm
1516 4661 1794 4727 hominem

194 4757 515 4826 suscepisse
533 4771 601 4812 ex
632 4756 801 4811 Maria
836 4771 1052 4826 semper
1068 4755 1307 4826 virgine,
1345 4764 1399 4810 et
1419 4755 1656 4810 Verbum
1675 4769 1795 4807 car-

193 4865 332 4904 nem
359 4862 481 4903 esse
513 4845 715 4903 factum
741 4846 1063 4902 assumenda
1096 4846 1398 4909 hominem,
1443 4860 1551 4900 non
1580 4859 1796 4915 permu-

191 4940 375 4995 tando
416 4938 670 4995 deitatem
702 4956 714 4992 :
753 4954 871 5002 nec,
901 4948 962 4993 ut
991 4938 1210 5009 quidam
1238 4938 1654 4995 sceleratissime
1678 4937 1797 5008 opi-

190 5039 430 5097 nantur,
455 5031 716 5102 Spiritum
742 5040 988 5087 sanctum
1013 5030 1243 5086 dicimus
1266 5030 1431 5085 fuisse
1451 5046 1549 5100 pro
1567 5030 1792 5095 semine,

189 5125 302 5181 sed
324 5125 571 5195 potentia
594 5139 659 5180 ac
679 5124 884 5179 virtute
910 5122 1187 5179 Creatoris
1221 5129 1523 5193 operatum.
1568 5121 1660 5176 Sic
1701 5136 1796 5176 au-

186 5230 319 5275 tem
349 5217 675 5273 conﬁtemur
696 5218 750 5271 in
773 5217 991 5273 Christo
1011 5233 1173 5272 unam
1200 5217 1323 5273 Filii
1347 5232 1466 5273 esse
1487 5231 1793 5287 personam,

186 5320 265 5366 ut
288 5310 537 5366 dicamus
560 5311 694 5365 duas
716 5308 985 5380 perfectas
1032 5317 1192 5379 atque
1234 5309 1472 5378 integras
1505 5323 1625 5364 esse
1678 5309 1799 5365 sub-

184 5401 461 5468 stantias,
513 5401 568 5458 id
619 5409 723 5467 est,
779 5402 995 5457 deitatis
1050 5411 1104 5457 et
1134 5402 1522 5467 humanitatis,
1562 5416 1682 5471 quas
1729 5416 1798 5457 ex

183 5496 393 5553 anima
444 5493 755 5549 continetur
778 5501 834 5549 et
861 5509 1087 5564 corpore
1118 5510 1132 5548 :
1171 5502 1335 5565 atque
1373 5501 1435 5548 ut
1468 5494 1797 5550 condemna-

184 5604 332 5645 mus
366 5586 661 5645 Photinum
687 5588 779 5659 qui
807 5587 982 5644 solum
1011 5595 1066 5643 et
1096 5587 1299 5667 nudum
1349 5588 1624 5644 hominem
1670 5603 1799 5645 con-

278 5733 306 5762 ει
347 5718 624 5776 Credimus
669 5730 717 5777 et
758 5723 814 5777 in
851 5721 1109 5787 Spiritum
1137 5733 1398 5790 sanctum,
1428 5723 1596 5779 Deum
1624 5740 1799 5779 verum

177 5810 271 5854 ea:
297 5790 467 5850 Patre
479 5793 868 5861 procedentem.
882 5793 1099 5859 Addidi,
1119 5811 1184 5851 ea;
1201 5793 1362 5851 Patre
1383 5804 1431 5853 et
1454 5794 1598 5853 Filio
1622 5813 1800 5855 croce-

1817 3141 1864 3206 C

1898 3185 2060 3243 Verbi
2099 3186 2231 3241 nihil
2276 3201 2434 3257 passa
2464 3194 2567 3252 est,
2594 3194 2657 3241 ut
2687 3194 2800 3241 tota
2828 3186 3066 3243 Trinitas
3089 3201 3251 3258 quam
3278 3186 3484 3258 impas-

1896 3279 2106 3335 sibilem
2131 3292 2352 3333 necesse
2377 3285 2463 3332 est
2497 3277 2765 3333 conﬁteri.
2813 3276 3059 3333 Mortuus
3097 3286 3180 3333 est
3208 3291 3341 3347 ergo
3386 3276 3484 3333 Dei

1895 3369 2066 3425 Filius
2087 3368 2383 3425 secundum
2407 3366 2748 3437 Scripturas,
2780 3365 2938 3436 juxta
2971 3368 3026 3424 id
3055 3368 3199 3438 quod
3224 3366 3364 3423 mori
3385 3381 3485 3437 po-

1895 3470 2037 3518 terat
2061 3503 2075 3527 ,
2102 3461 2401 3516 resurrexit
2425 3461 2587 3515 tertia
2607 3460 2711 3525 die,
2738 3459 2984 3515 ascendit
3007 3459 3062 3515 in
3084 3458 3306 3524 calum,
3327 3457 3484 3514 sedet

1895 3557 1964 3611 ad
1989 3555 2268 3611 dexteram
2304 3553 2400 3609 Dei
2432 3552 2612 3609 Patris
2646 3560 2901 3609 manente
2934 3567 2999 3609 ea
3050 3559 3249 3607 natura
3298 3548 3482 3607 carnis

1896 3648 1952 3703 in
1974 3662 2080 3717 qua
2106 3654 2265 3701 natus
2297 3654 2351 3699 et
2383 3659 2579 3714 passus
2605 3652 2708 3710 est,
2741 3644 2795 3698 in
2822 3658 2928 3714 qua
2958 3641 3125 3698 etiam
3160 3639 3483 3697 resurrexit.

1893 3739 2013 3795 Non
2038 3738 2181 3793 enim
2207 3736 2481 3792 exinanita
2509 3743 2593 3791 est
2632 3733 2988 3791 humanitatis
3032 3728 3355 3797 substantia,
3386 3730 3484 3788 sed

1895 3831 2212 3905 gloriﬁcata,
2237 3831 2292 3886 in
2315 3838 2579 3895 aeternum
2593 3844 2717 3884 cum
2743 3828 2941 3885 deitate
2954 3840 3232 3883 mansura.
3245 3816 3485 3895 Accepta

1894 3939 2025 3995 ergo
2055 3939 2086 3977 a
2118 3922 2278 3977 Patre
2297 3929 2565 3994 potestate
2592 3920 2836 3977 omnium
2857 3933 2979 3990 quae
3005 3917 3062 3972 in
3099 3915 3239 3973 cmlo
3279 3921 3408 3970 sunt
3428 3920 3487 3970 et

1894 4018 1951 4074 in
1970 4024 2137 4083 terra,
2170 4023 2430 4071 venturus
2459 4023 2544 4072 est
2568 4013 2636 4068 ad
2670 4012 2936 4084 judicium
2959 4011 3207 4067 vivorum
3233 4024 3298 4066 ac
3332 4023 3483 4064 mor-

1898 4118 2129 4173 tuorum,
2154 4117 2214 4163 ut
2239 4115 2294 4163 et
2317 4105 2497 4175 iustos
2522 4111 2833 4161 remuneret
2858 4112 2914 4160 et
2933 4103 3123 4174 puniat
3143 4108 3481 4173 peccatores.

1896 4200 2371 4256 Resurrectionem
2401 4196 2583 4254 carnis
2607 4197 2680 4251 ita
2721 4196 2993 4253 credimus
3021 4203 3083 4250 ut
3111 4194 3356 4250 dicamus
3384 4205 3485 4247 nos

1896 4293 1952 4348 in
1979 4292 2168 4348 eadem
2198 4291 2255 4346 in
2299 4306 2405 4362 qua
2431 4304 2577 4345 nunc
2602 4303 2790 4344 sumus
2834 4287 3065 4342 veritate
3114 4285 3485 4340 membrorum

1895 4399 2016 4441 esse
2044 4385 2393 4455 reparandas,
2428 4382 2723 4453 qualesque
2770 4379 2937 4436 semel
2974 4385 3099 4449 post
3130 4372 3485 4432 resurrectio-

1897 4493 2021 4533 nem
2050 4475 2313 4532 fuerimus
2340 4472 2517 4529 el'fecti
2565 4473 2621 4527 in
2650 4478 2912 4543 perpetuo
2945 4480 3260 4531 mansuros;
3314 4478 3481 4519 unam

1896 4584 2015 4627 esse
2034 4568 2202 4623 vitam
2219 4573 2552 4631 sanctorum,
2580 4562 2674 4619 sed
2687 4561 2907 4634 prmmia
2922 4573 3021 4630 pro
3033 4557 3216 4613 labore
3236 4554 3478 4621 diversa;

1895 4679 1927 4719 e
1953 4659 2228 4719 contrario
2241 4674 2341 4730 pro
2369 4658 2529 4714 modo
2554 4655 2874 4711 delictorum
2895 4658 3242 4722 peccatorum
3266 4660 3482 4716 quoque

1896 4770 2017 4811 esse
2058 4752 2340 4825 supplicia.
2371 4749 2645 4820 Baptisma
2672 4761 2840 4802 unum
2890 4752 3158 4808 tenemus,
3192 4739 3335 4810 quod
3371 4738 3483 4793 his-

1894 4846 2020 4902 dem
2044 4842 2371 4900 sacramenti
2396 4839 2577 4896 verbis
2604 4839 2659 4892 in
2690 4834 2987 4891 infantibus
3012 4831 3210 4903 quibus
3240 4828 3403 4883 etiam
3426 4826 3483 4881 in

1897 4932 2192 5004 majoribus
2220 4946 2340 4987 esse
2384 4927 2788 4984 celebrandum.
2824 4922 3109 4979 Hominem
3142 4921 3188 4976 si
3219 4926 3346 4991 post
3384 4917 3483 4972 ba-

1894 5031 2154 5101 ptismum
2190 5028 2374 5097 lapsus
2423 5022 2600 5087 fuerit,
2640 5036 2737 5091 per
2792 5017 3168 5089 pmnitentiam
3206 5011 3482 5069 credimus

1895 5138 2055 5195 posse
2079 5120 2302 5177 salvari.
2326 5117 2536 5173 Novum
2557 5124 2613 5170 et
2642 5114 2809 5170 Vetus
2834 5113 3241 5168 Testamentum
3275 5104 3480 5176 recipi-

1896 5230 2017 5270 mus
2044 5214 2099 5268 in
2123 5225 2308 5268 eorum
2331 5209 2593 5264 librorum
2617 5219 2843 5261 numero
2871 5218 3033 5275 quem
3063 5208 3265 5257 sanctm
3290 5197 3482 5253 catho-

1898 5308 2016 5363 licae
2037 5304 2293 5361 Ecclesia:
2327 5299 2551 5357 tradidit
2574 5298 2890 5355 auctoritas.
2924 5294 3149 5351 Animas
3182 5307 3214 5347 a
3235 5290 3346 5346 Deo
3367 5285 3485 5344 dari

1898 5400 2169 5457 credimus
2195 5411 2331 5468 quas
2356 5395 2424 5450 ab
2448 5393 2567 5466 ipso
2603 5390 2775 5447 factas
2808 5389 3039 5447 dicimus
3063 5428 3080 5454 ,
3120 5381 3483 5441 anathemati—

1898 5500 2083 5548 zantes
2122 5504 2217 5545 eos
2242 5487 2334 5558 qui
2365 5486 2575 5542 animas
2608 5483 2762 5557 quasi
2805 5489 3016 5555 partem
3052 5479 3148 5536 Dei
3173 5478 3367 5535 divina:
3404 5474 3487 5531 di-

1898 5593 2029 5643 cunt
2063 5597 2184 5639 esse
2216 5580 2551 5638 substantiae.
2587 5578 2790 5635 Eorum
2811 5590 3026 5648 quoque
3062 5572 3486 5631 condemnamus

1899 5724 2124 5786 dentem,
2166 5721 2381 5777 volente
2429 5726 2486 5775 et
2519 5717 2746 5788 iubente
2789 5715 2983 5774 Carolo
3017 5713 3158 5773 infra
3201 5726 3322 5782 cap.
3354 5711 3389 5765 5
3427 5714 3486 5764 et

1899 5810 2022 5867 cap.
2047 5794 2101 5864 8,
2126 5801 2181 5853 et
2196 5793 2435 5853 Adriano
2457 5806 2597 5865 papa
2624 5790 2682 5849 in
2703 5788 3022 5861 Capitulari.
