3990 6302
661 265 801 328 m5

1537 265 1598 323 Β.
1634 265 1886 322 CAROLI
1923 260 2142 319 MAGN]
2179 259 2332 318 OPP.
2372 261 2554 318 PARS
2589 262 2655 320 ll.
2690 260 2936 321 SECTIO
2963 262 3031 326 11.
3083 310 3086 312 γ

3642 333 3646 338 -
3667 293 3766 354 1116

654 395 896 448 errorem
914 380 1008 453 qui
1037 393 1130 436 eas
1151 386 1275 436 ante
1299 393 1558 450 peccasse
1582 379 1664 433 vel
1692 379 1747 434 in
1772 377 1926 434 cretis
1951 389 2238 434 conversa-
2253 381 2318 464 Α
2344 382 2492 470 tanto
2560 391 2618 431 se
2667 373 2960 444 majoribus
3008 393 3244 438 errorum
3283 386 3484 448 nexibus
3527 406 3764 470 pmpedim

657 482 738 530 tas
765 473 932 530 fuisse
955 473 1139 535 dicunt
1161 487 1326 542 quam
1352 472 1408 526 in
1435 487 1662 542 corpora
1689 473 2053 528 mitterentur.

722 565 1086 623 Exsecramur
1111 566 1277 622 etiam
1303 580 1494 620 eorum
1520 565 1910 638 blasphemiam
1933 567 2026 640 qui
2053 567 2240 624 dicunt

652 658 984 731 impossibile
1010 656 1213 728 aliquid
1241 655 1447 712 homini
1477 672 1506 712 a
1539 657 1654 731 Deo
1705 674 1826 715 esse
1883 667 2232 731 praeceptum,

651 759 707 804 et
740 749 1115 812 mandataDei
1145 763 1253 803 non
1299 765 1329 804 a
1373 750 1629 820 singulis,
1663 752 1759 808 sed
1790 753 1859 808 ab
1903 753 2155 809 onmibus
2177 754 2236 810 in

651 859 936 900 commune
962 857 1121 913 posse
1143 844 1373 910 servari,
1403 845 1487 899 vel
1523 846 1615 916 qui
1635 846 1840 918 primas
1869 847 2083 919 nuptias
2108 863 2232 902 cum

653 937 966 1002 Manichaee,
996 944 1089 992 aut
1113 937 1376 994 secundas
1411 955 1534 994 cum
1560 940 1915 1012 Cataphrygis
1951 941 2231 996 damnant.

647 1031 1187 1088 Anathematizamus
1211 1033 1377 1088 etiam
1405 1034 1530 1090 illos
1565 1035 1658 1106 qui
1689 1036 1786 1092 Dei
1824 1036 2021 1094 Filium
2049 1051 2236 1092 neces-

649 1124 808 1180 sitate
831 1127 1014 1205 carnis
1037 1129 1324 1185 mentitum
1345 1145 1465 1186 esse
1496 1131 1702 1199 dicunt,
1750 1141 1805 1188 et
1841 1148 1966 1189 eum
2014 1143 2238 1206 propter

647 1226 984 1286 assumptum
1007 1219 1285 1276 hominem
1313 1238 1420 1278 non
1446 1223 1628 1279 omnia
1649 1224 1830 1281 facere
1853 1227 2092 1298 potuisse
2115 1244 2237 1298 quae

646 1309 836 1366 voluit.
867 1309 1137 1368 Joviniani
1163 1328 1378 1386 quoque
1399 1315 1718 1372 damnamus
1742 1319 1996 1386 haeresin,
2030 1321 2122 1390 qui
2154 1320 2235 1376 di-

634 1404 724 1460 .cit
746 1405 946 1460 nullam
969 1407 1024 1461 in
1041 1407 1224 1462 futuro
1247 1408 1566 1464 meritorum
1595 1426 1714 1467 esse
1743 1412 2076 1481 distantiam,
2107 1431 2234 1472 nos-

647 1513 754 1570 que
800 1515 896 1556 cas
928 1501 1003 1556 ibi
1036 1501 1319 1559 habituros
1353 1505 1584 1560 virtutes
1617 1521 1752 1576 quas
1775 1507 1867 1563 hic
1907 1507 2110 1564 habere
2137 1524 2232 1566 ne-

618 1575 994 1662 glexerimus.
1038 1592 1292 1649 Liberum
1344 1595 1424 1651 sic
1474 1595 1793 1652 confitemur
1845 1598 2128 1656 arbitrium
2176 1607 2238 1654 ut

647 1681 892 1740 dicamus
912 1699 1011 1740 nos
1041 1699 1255 1754 semper
1282 1685 1376 1740 Dei
1397 1685 1640 1757 indigere
1667 1689 1889 1754 auxilio,
1912 1697 1967 1745 et
1989 1699 2098 1744 tam
2115 1689 2234 1746 illos

2342 465 2479 520 Nam
2513 467 2558 522 si
2605 468 2961 538 inopportuna
2991 471 3275 544 imaginum
3300 465 3566 542 adoratione
3595 465 3767 566 itmppor-
3848 467 3852 475 ’

2343 567 2474 616 tuna
2502 562 2776 618 ordinatio
2811 563 3037 619 stabiliri
3063 575 3250 636 potest,
3277 568 3422 630 facile
3450 591 3524 633 res
3550 562 3699 644 illicita
3713 605 3768 648 re.

2341 653 2444 709 bus
2474 661 2732 724 poterunt
2755 654 2958 710 ﬁrmari
2999 657 3214 727 illicitis,
3240 671 3292 716 et
3315 664 3357 718 si
3392 681 3468 722 res
3490 667 3647 729 illicita:
3666 680 3768 738 rebus

2339 758 2596 820 poterunt
2631 749 2838 806 ﬁrmari
2875 751 3102 820 illicitis,
3145 753 3383 815 facillime
3420 761 3590 834 impura
3621 785 3768 845 qnch'ue

2341 843 2661 914 quibusdam
2695 845 2923 915 impuris
2961 846 3105 902 ablui
3144 857 3398 918 poterunt.
3427 854 3526 911 Non
3545 871 3679 918 autem

2341 951 2476 1006 pura
2515 951 2743 1007 qumque
2781 937 3102 1006 quibusdam
3145 941 3361 1012 impuris
3417 945 3538 1002 ablui
3577 962 3767 1022 poterunt;

2340 1045 2448 1085 non
2492 1031 2656 1100 igitur
2697 1029 3053 1102 inopportuna
3087 1034 3342 1093 ordinatio
3383 1041 3638 1104 adoratione
3673 1051 3770 1124 inop-

2337 1130 2571 1192 portuna
2611 1122 2964 1189 nihilominus
2997 1125 3286 1197 imaginum
3313 1135 3632 1201 quoquomodo
3647 1122 3772 1208 poterit

2339 1215 2592 1272 stabiliri.
2639 1215 2706 1270 Et
2750 1215 2797 1271 si
2841 1215 3225 1274 ecclesiastica:
3272 1220 3580 1280 ordinationis
3613 1232 3770 1300 regnlaa

2339 1309 2544 1365 sanctis
2597 1307 2859 1366 Patribus'
2893 1311 3092 1368 tradita
3150 1311 3448 1369 intemerata
3482 1319 3682 1375 servanda
3709 1334 3770 1388 est,

2339 1402 2452 1458 imo
2478 1402 2604 1471 quia
2628 1405 2894 1460 servanda
2915 1412 3022 1470 est,
3054 1406 3272 1461 omnino
3293 1409 3533 1480 corrumpi
3551 1426 3632 1476 non
3648 1414 3770 1470 debet:

2339 1503 2398 1550 et
2429 1495 2475 1551 si
2504 1495 2724 1550 omnino
2749 1497 3024 1568 corrumpi
3054 1513 3162 1553 non
3192 1499 3360 1565 debet,
3382 1515 3472 1556 nec
3494 1517 3574 1572 pro
3591 1505 3676 1560 utili
3694 1523 3774 1577 qua-

2341 1586 2465 1642 dam
2493 1601 2552 1640 re
2577 1587 2853 1658 corrumpi
2883 1587 3102 1657 quidem
3139 1589 3331 1644 debet:
3362 1599 3412 1646 et
3433 1593 3474 1647 si
3497 1609 3578 1663 pro
3597 1597 3680 1651 utili
3697 1614 3774 1668 qua-

2341 1677 2465 1733 dam
2501 1693 2562 1732 re
2595 1678 2900 1736 nullatenus
2937 1681 3212 1751 corrumpi
3239 1683 3422 1750 debet,
3447 1685 3588 1741 multo
3607 1703 3697 1760 ergo
3713 1691 3774 1745 mi-

645 1789 831 1830 errare
853 1777 943 1846 qui
966 1793 1087 1833 cum
1109 1776 1403 1834 Maniehzeo
1443 1778 1630 1833 dicunt
1651 1779 1922 1836 hominem
1951 1791 2232 1852 peccatum

2341 1785 2443 1824 nus
2463 1785 2562 1841 pro
2588 1769 2762 1824 inutili
2791 1772 3067 1849 corrumpi
3093 1773 3276 1841 debet;
3294 1790 3410 1830 cum
3429 1777 3632 1833 videlicet
3647 1767 3776 1836 utinm-

565 1859 570 1863 ’
646 1867 818 1922 vitare
841 1883 948 1921 non
969 1884 1147 1939 posse,
1173 1883 1336 1938 quam
1366 1868 1488 1924 illos
1510 1871 1604 1940 qui
1635 1885 1757 1925 cum
1777 1870 2063 1928 Joviniano
2091 1888 2235 1930 asse-

647 1967 777 2014 runt
803 1960 1079 2014 hominem
1104 1976 1208 2014 non
1241 1977 1400 2032 posse
1425 1978 1652 2035 peccare
1679 1980 1692 2018 :
1720 1974 1946 2036 uterque
1964 1966 2109 2022 enim
2137 1970 2237 2024 tol-

646 2047 710 2102 lit
739 2049 950 2104 arbitrii
981 2049 1302 2107 libertatem.
1355 2052 1464 2110 Nos
1511 2071 1642 2110 vero
1697 2057 1928 2114 dicimus
1958 2059 2234 2118 hominem

645 2154 862 2210 semper
883 2149 937 2196 et
959 2157 1184 2212 peccare
1211 2153 1265 2199 et
1290 2162 1399 2201 non
1427 2162 1656 2216 peccare
1695 2160 1972 2220 possegut
2017 2168 2236 2224 semper

613 2304 618 2310 ἤ
645 2248 747 2289 nos
781 2233 935 2290 liberi
967 2235 1322 2292 conﬁteamur
1345 2255 1466 2295 esse
1490 2242 1721 2298 arbitrii.
1751 2243 1876 2300 Hsec
1902 2252 1987 2300 est
2007 2247 2236 2302 catholi-

644 2339 725 2382 cae
763 2325 1073 2382 traditionis
1113 2327 1237 2384 ﬁdei
1276 2345 1402 2385 vera
1433 2330 1747 2402 integritas,
1806 2348 1968 2404 quam
2018 2335 2233 2391 sincero

643 2417 811 2475 corde
843 2417 1116 2475 credimus
1156 2429 1210 2476 et
1238 2421 1495 2486 fatemur,
1538 2432 1592 2480 ct
1637 2425 1690 2479 in
1739 2426 1849 2481 hoc‘
1876 2443 2038 2496 opere
2085 2428 2232 2484 beati

643 2509 962 2582 Hieronymi
981 2513 1161 2567 verbis
1177 2529 1488 2583 expressam
1515 2517 1838 2572 taxavimus.
1857 2517 1984 2572 Haec
2002 2527 2083 2573 est
2106 2534 2234 2574 vera

643 2603 807 2670 ﬁdes,
863 2605 1004 2661 hanc
1033 2606 1428 2664 conlcssionem
1465 2625 1850 2666 conservamus
1878 2619 2041 2682 atque
2078 2619 2230 2668 tene-

641 2711 786 2763 mus,
825 2712 988 2768 quam
1014 2697 1242 2768 Quisque
1271 2700 1586 2758 inconvulse
1625 2711 1680 2758 et
1701 2702 2027 2760 intemerata
2049 2711 2232 2762 custo—

645 2787 825 2857 dierit,
857 2799 1175 2863 perpetuam
1207 2793 1435 2859 salutem
1469 2795 1707 2854 habebit.

1272 2907 1502 2966 CAPUT
1537 2911 1600 2965 ll.

631 2992 798 3058 Quod
819 2993 1083 3074 Tarasius
1101 2998 1180 3074 ab‘
1189 3015 1370 3074 errore
1395 3018 1622 3056 errorem
1643 3003 1796 3057 linire
1821 3014 2042 3062 conatus
2067 3009 2155 3074 sit,
2182 3018 2230 3064 et

705 3065 932 3146 quodat:
956 3069 1356 3146 wgritudineod
1379 3074 1740 3142 (egritudinem
1752 3076 1990 3146 dilapsus
2011 3080 2098 3144 sit,
2113 3065 2232 3134 cum

2344 1877 2449 1934 que
2484 1871 2540 1918 et
2577 1863 2839 1934 imagines
2881 1863 3148 1930 adorare,
3181 1872 3235 1920 et
3275 1865 3385 1920 sine
3415 1867 3577 1922 ordine
3609 1870 3777 1940 gradum

2341 1953 2704 2024 pontiﬁcalem
2737 1955 3052 2012 cathedram
3079 1957 3258 2014 subire
3290 1958 3464 2015 inutile
3490 1962 3565 2019 sit.
3587 1962 3664 2020 Sed
3681 1981 3778 2036 quor-

2343 2061 2462 2102 sum
2501 2047 2642 2104 ista?
2676 2048 3018 2104 Accedamus
3057 2049 3128 2104 ad
3171 2049 3498 2122 Apostolum,
3523 2055 3778 2112 verﬁamusad

2342 2137 2450 2194 \‘as
2491 2137 2798 2205 electionis,
2850 2139 3248 2212 interrogemus
3293 2147 3536 2218 egregium
3572 2149 3778 2220 pradican-

2341 2245 2456 2286 rem
2481 2271 2497 2297 ,
2545 2230 2756 2286 intonet
2806 2232 2964 2288 nobis
3011 2235 3146 2304 quid
3196 2234 3262 2292 de
3303 2237 3598 2295 ordinatione
3631 2241 3780 2311 episcopi

2340 2331 2588 2390 censeat;
2625 2323 2716 2394 qui
2744 2324 2933 2394 procul
2967 2326 3137 2392 dubio
3174 2331 3532 2402 respondebit:
3560 2331 3700 2388 Manut
3718 2335 3778 2387 cito

2341 2415 2534 2468 nemini
2567 2415 2877 2488 imposueris
2909 2416 2962 2490 (I
2995 2417 3135 2497 im.
3174 2421 3249 2492 v).
3277 2421 3342 2478 Et
3381 2403 3687 2478 rursus:It"on
3708 2439 3781 2477 ιω·

2339 2507 2584 2576 phytum,
2625 2523 2688 2561 ne
2736 2508 2792 2562 in
2831 2495 3080 2581 superbia
3125 2511 3292 2568 elatus
3335 2515 3386 2569 in
3418 2514 3637 2586 judicium
3661 2514 3781 2569 incidat

2340 2595 2538 2649 diaboli
2577 2596 2630 2667 (Ι
2657 2596 2789 2652 Tim.
2825 2599 2942 2673 ut);
2989 2616 3062 2656 ne
3100 2603 3344 2660 videlicet
3375 2607 3489 2662 dum
3514 2614 3637 2678 putat
3659 2619 3781 2662 senon

2340 2694 2450 2739 tam
2475 2687 2836 2744 ministerium
2865 2691 3192 2751 humilitatis
3219 2711 3374 2766 quam
3398 2697 3782 2754 administrationem

2337 2779 2616 2835 surcularis
2657 2785 2942 2850 potestatis
2997 2787 3254 2858 adeptum
3277 2830 3293 2855 ,
3346 2790 3704 2846 condemnatione
3731 2804 3784 2843 su-

2335 2873 2538 2942 perbiae
2593 2873 2732 2930 sicut
2779 2875 3026 2934 diabolus
3093 2894 3194 2951 per
3244 2879 3533 2952 iactantiam
3581 2879 3782 2951 deiiciatur.

2343 2964 2492 3034 [inde
2515 2967 2976 3036 periculosissima
3000 2983 3090 3030 est
3121 2976 3244 3033 talis
3269 2978 3532 3046 ordinatio,
3563 2978 3608 3035 in
3629 2991 3702 3048 qua
3718 2975 3786 3032 dia-

2335 3057 2448 3112 boli
2472 3057 2738 3129 judicium
2779 3065 3124 3136 suspicatur:
3152 3076 3208 3124 et
3239 3067 3711 3136 formidolosissimum
3737 3072 3788 3122 esi

708 3133 945 3191 uidelicet
969 3133 1176 3221 repente
1193 3139 1406 3230 ως,ιαίσο
1425 3133 1772 3230 Eonqersuset
1795 3133 2232 3230 ad’cpiscopaturn
2255 3143 2307 3208 C
2337 3149 2455 3220 ejus
2483 3151 2750 3222 doctrina,
2785 3170 2891 3226 qua
2925 3157 3194 3230 imagines
3238 3161 3453 3218 adorare
3483 3168 3642 3228 censet
3666 3157 3732 3222 illi,
3753 3156 3787 3210 in

709 3217 978 3288 promotus
1029 3211 1653 3288 nititurjtoccniendare
1697 3217 1751 3271 in
1789 3211 2079 3288 ima'gimm'z
2133 3221 2231 3274 ad-

711 3279 951 3364 oratione
989 3281 1127 3352 quod
1167 3282 1381 3338 admisit
1423 3285 1482 3338 in
1519 3288 1787 3356 repentina
1825 3279 2230 3349 consecrationis

708 3361 1054 3422 susceptione.

707 3441 1014 3504 Pcritorum
1036 3453 1191 3503 vetus
1213 3446 1318 3506 iste
1335 3449 1680 3506 .medicorum
1705 3467 1822 3509 mos
1841 3461 1946 3521 est,
1969 3455 2048 3511 sic
2069 3457 2231 3514 unius

633 3534 970 3606 aritudinis
995 3539 1259 3600 molestiis
1281 3543 1732 3601 medicaminibus
1757 3548 1966 3604 crebris
1988 3552 2228 3608 curando

603 3626 860 3695 instare,
891 3638 950 3688 ut
975 3639 1157 3690 tamen
1182 3633 1408 3691 alterius
1431 3637 1602 3706 pestis
1625 3640 1883 3708 nequitia:
1907 3657 2018 3698 non
2046 3643 2228 3698 videa-

637 3728 726 3776 tur
752 3721 1079 3782 adminicula
1109 3737 1388 3796 praestare,
1411 3732 1668 3800 quoniam
1694 3735 1944 3804 quaedam
1969 3751 2060 3792 res
2085 3739 2227 3793 sicut

633 3816 793 3871 unius
826 3817 968 3875 vires
1000 3826 1328 3888 extenuant,
1361 3823 1437 3880 ita
1475 3827 1733 3883 adhibita:
1759 3828 1986 3885 alterius
2023 3830 2226 3887 viribus

633 3905 890 3962 alimenta
928 3911 1240 3966 ministrant
1280 3930 1296 3969 :
1335 3921 1389 3968 et
1433 3915 1692 3984 spiritalis
1740 3918 1911 3975 vinea:
1955 3919 2222 3976 cultorum

631 4006 736 4063 est,
785 4000 867 4054 sic
912 4006 1268 4071 quorumdam
1323 4008 1630 4065 convellere
1688 4012 1950 4071 vitiorum
2003 4015 2220 4085 stirpes,

633 4097 694 4144 ut
731 4097 910 4146 tamen
953 4093 1186 4150 aliorum
1233 4098 1394 4155 nullis
1439 4102 1819 4158 convalescant
1871 4105 2222 4166 incrementis

633 4183 842 4238 radices
865 4220 880 4250 ,
932 4189 1188 4255 quoniam
1241 4196 1599 4260 quorumdam
1657 4197 1911 4253 vitiorum
1963 4202 2222 4269 pestifera

631 4273 896 4345 plantatio
921 4276 1153 4334 aliorum
1193 4280 1483 4338 abolitione
1511 4285 1774 4342 vitiorum
1825 4288 2092 4356 inolescit,
2125 4293 2223 4348 sic-

629 4382 734 4437 que
773 4368 862 4422 alii
888 4371 1028 4439 pesti
1059 4372 1301 4428 subsidia
1348 4373 1593 4446 przébens
1637 4396 1771 4451 agro
1801 4384 1998 4440 mentis
2031 4385 2218 4454 oﬁicit,

630 4474 752 4532 qum
773 4475 872 4528 per
897 4477 956 4518 se
976 4462 1190 4518 ollicere
1220 4481 1326 4520 non
1349 4467 1534 4522 valens
1557 4470 1670 4526 suis
1691 4473 1896 4532 viribus
1918 4477 2217 4546 exstirpata
2241 4510 2297 4573 Β

631 4550 840 4573 ρ,...--ε.
892 4553 1038 4573 Λυξγ-
1062 4572 1072 4573 κ
1097 4571 1126 4573 -_
1204 4564 1216 4573 .
1811 4567 1843 4573 -.
2077 4571 2106 4573 .-

629 4550 865 4606 fatescit.
890 4553 1137 4622 Quorum
1164 4564 1519 4630 utrorumque
1547 4567 1930 4631 prazstantibus
1953 4571 2212 4638 moribus,

629 4646 744 4701 sive
789 4649 1086 4718 peritorum
1140 4652 1498 4719 medicorum,
1544 4655 1657 4712 sive
1689 4660 2008 4728 spiritalium
2043 4665 2217 4721 culto-

631 4752 774 4804 rum,
822 4755 930 4795 non
977 4741 1326 4800 mediocriter
1355 4745 1612 4802 Tarasius
1661 4749 1980 4818 perhibetur
2021 4755 2213 4823 obniti,

596 4829 718 4900 ε(ιυί
757 4845 855 4901 per
888 4848 1004 4887 rem
1031 4835 1248 4904 penitus
1289 4837 1634 4895 interdictam
1667 4848 1722 4895 et
1754 4843 2064 4901 nullatenus
2090 4861 2218 4916 pro-

627 4919 901 4976 ﬁcientem
943 4925 1137 4979 nititur
1157 4929 1451 4983 emendare
1482 4946 1598 4986 rem
1629 4933 1843 5003 penitus
1871 4936 2215 4996 interdictam

627 5021 684 5068 et
710 5027 932 5084 prorsus
957 5015 1300 5073 otﬁcientem.
1351 5019 1420 5075 Et
1461 5023 1624 5079 veluti
1657 5025 1702 5080 si
1727 5027 1850 5097 quis
1889 5028 2214 5086 lutulentum

629 5105 759 5173 quid
795 5105 1003 5176 ingesta
1049 5107 1367 5177 impuritate
1409 5112 1593 5170 eluere
1633 5119 1876 5188 cupiens,
1914 5121 2040 5178 dum
2073 5123 2218 5179 lutu-

2337 3260 2444 3314 quo
2496 3253 2608 3302 tam
2656 3249 2857 3306 atrocis
2899 3251 3138 3322 exempli
3178 3253 3334 3309 ruina
3385 3253 3668 3318 formidatur;
3705 3261 3789 3308 cum

2331 3340 2670 3408 prohibitum
2709 3342 2783 3398 sit
2819 3344 3142 3416 popularem
3177 3347 3445 3406 hominem
3477 3343 3694 3403 sacerdotii
3715 3356 3790 3396 ma-

2327 3433 2618 3504 gisterium
2675 3439 2969 3511 adimplere
3048 3444 3278 3513 debere,
3350 3443 3491 3515 cuius
3525 3457 3610 3499 nec
3636 3438 3790 3498 olﬁciun

2332 3527 2592 3594 tenuisse,
2631 3544 2731 3584 nec
2755 3531 3096 3603 disciplinam
3130 3537 3368 3594 creditur
3389 3536 3642 3606 agnovisse.
3659 3539 3788 3587 θιαιω

2331 3631 2394 3670 ea
2422 3618 2618 3675 docere
2645 3637 2806 3693 posse
2835 3639 2956 3695 qua:
2985 3637 3205 3684 constat
3235 3645 3359 3686 eum
3389 3639 3669 3700 nequaquam
3690 3629 3788 3677 mea

2330 3707 2604 3782 didicisse.
2653 3713 2731 3786 De
2771 3715 2864 3771 tali
2901 3721 3088 3789 itaque
3127 3721 3459 3778 ordinatione
3487 3721 3586 3776 haec
3615 3709 3788 3773 estw“
3882 3711 3883 3789 ἢ

2327 3801 2579 3876 Gregorii
2613 3807 2869 3866 Romana:
2904 3811 3056 3868 urbis
3081 3814 3358 3872 antistitis
3389 3810 3619 3870 sententia
3643 3825 3654 3862 :
3677 3800 3790 3870 «θυί-

2329 3895 2456 3954 dam
2507 3901 2778 3958 desiderio
2831 3905 3052 3961 honoris
3103 3907 3280 3964 inflati
3337 3906 3574 3967 defunctis
3615 3895 3790 3972 W5

2325 3997 2703 4060 tonsurantur,
2741 4001 2797 4049 et
2843 4004 3066 4065 repente
3106 3997 3249 4054 ﬁunt
3281 4014 3350 4053 ex
3391 3996 3528 4054 laicis
3561 3990 3786 4050 secem,

2325 4091 2489 4153 atque
2534 4085 2896 4144 inverecunde
2932 4090 3174 4162 religiosi
3201 4093 3456 4163 propositi
3485 4091 3686 4151 ducatum
3704 4079 3790 4136 επί·

2324 4175 2498 4246 piuul,
2531 4177 2623 4247 qui
2663 4194 2763 4234 nec
2801 4195 2921 4236 esse
2958 4182 3143 4239 adhuc
3181 4185 3379 4242 milites
3415 4183 3684 4240 didicerunt.

2323 4277 2597 4338 putamus,
2647 4272 2778 4343 quid
2813 4273 2914 4329 isti
2959 4275 3222 4346 subjectis
3264 4275 3552 4348 praestaturi
3583 4277 3701 4334 simi.
3735 4277 3790 4332 ειυι

2325 4370 2614 4434 antequam
2652 4365 3008 4437 discipulatus
3047 4370 3217 4426 limen
3257 4371 3530 4442 attingant,
3577 4372 3715 4419 teme
3741 4353 3789 4408 ω’

2326 4471 2448 4512 eum
2483 4458 2786 4530 magisterii
2825 4477 2935 4518 non
2973 4461 3306 4519 formidant?
3344 4463 3454 4532 Qua
3489 4461 3546 4518 de
3573 4471 3622 4514 re
3647 4459 3791 4510 ωοεδδθ

2321 4557 2408 4604 est
2437 4559 2498 4605 ut
2526 4558 2583 4605 et
2615 4550 2662 4605 si
2689 4536 2960 4622 'inculpati
2986 4553 3219 4624 quisque
3246 4554 3318 4610 sit
3341 4551 3524 4617 meriti,
3554 4555 3655 4602 ante
3675 4547 3789 4599 tamen

2319 4657 2420 4714 per
2459 4643 2742 4702 distinctos
2775 4645 2994 4704 ordines
3023 4647 3408 4704 ecclesiasticis
3439 4628 3789 4731 exerceatur

2319 4734 2420 4790 ciis
2449 4751 2462 4788 :
2492 4735 2672 4793 videat
2705 4738 2851 4808 quod
2888 4738 3149 4806 imitetur,
3196 4739 3368 4795 discat
3403 4736 3536 4808 quod
3567 4733 3722 4790 doceat.
3741 4734 3790 4774 ω’

2317 4825 2586 4884 formetur
2620 4831 2689 4885 ad
2719 4829 2776 4886 id
2809 4831 2955 4900 quod
2990 4839 3205 4898 teneat,
3251 4840 3311 4888 ut
3344 4837 3517 4901 postea
3551 4840 3638 4880 non
3668 4816 3792 4874 del“?at

2317 4936 2504 4976 errare
2543 4923 2638 4994 qui
2691 4923 2908 4995 eligitur
2961 4925 3106 4980 viam
3151 4924 3456 4982 errantibus
3500 4919 3788 4976 demonstran

2317 5013 2422 5070 Diu
2457 5030 2588 5088 ergo
2626 5016 2879 5088 religiosa
2931 5017 3283 5074 meditatione
3313 5016 3535 5088 poliatur
3565 5006 3788 5078 utplamli

2315 5116 2368 5165 et
2411 5109 2490 5166 sic
2524 5108 2744 5164 lucerna
2777 5126 2941 5181 super
2975 5111 3358 5167 candelabrum
3401 5108 3559 5179 posita
3589 5103 3736 5160 luceat,
3757 5097 3792 5143 ut

2316 5202 2543 5258 adversa
2572 5211 2858 5260 ventorum
2886 5205 2969 5260 vis
2993 5205 3206 5261 irruens
3229 5213 3530 5275 conceptam
3565 5191 3792 5254 eruditionis

593 5194 790 5251 -lentis
838 5197 1192 5258 nihilominus
1239 5201 1419 5260 eluere
1457 5207 1650 5264 nititur
1686 5213 1862 5280 aquis,
1905 5229 2011 5283 quo
2042 5216 2216 5288 magis

2314 5297 2590 5354 ﬂammam
2635 5313 2745 5354 non
2785 5300 3128 5372 exstinguat,
3179 5304 3277 5357 sed
3310 5305 3495 5370 augeat
3533 5313 3545 5348 :
3585 5302 3682 5346 eain
3715 5290 3792 5334 cum

629 5288 846 5344 abluere
877 5291 1102 5360 appetit,
1129 5307 1195 5348 eo
1217 5297 1390 5369 magis
1431 5301 1634 5357 eisdem
1685 5303 2086 5374 impuritatibus
2136 5309 2216 5364 in-
2314 5297 2590 5354 ﬂammam
2635 5313 2745 5354 ηοιι
2785 5300 3128 5372 exstinguat.
3179 5304 3277 5357 sed
3310 5305 3495 5370 augeat
3524 5313 3545 5392 _:
3585 5302 3697 5392 natu.

592 5406 598 5411 -
629 5380 740 5435 ﬁcit
773 5398 788 5436 :
817 5382 892 5436 ita
924 5384 1066 5442 idem
1097 5401 1161 5443 ex
1191 5387 1330 5446 laico
1360 5402 1580 5463 repente
1612 5397 1680 5450 ad
1708 5398 2107 5469 episcopatum,
2155 5409 2216 5457 ut

2324 5389 2578 5459 scriptum
2619 5390 2717 5456 sit,
2753 5391 2914 5447 Prius
2943 5394 3059 5464 quis
3101 5393 3366 5464 probetur,
3409 5398 3455 5446 et
3493 5389 3560 5444 sic

624 5469 818 5538 fertur,
844 5485 1143 5547 promotus,
1177 5482 1302 5537 dum
1342 5487 1680 5556 repentinam
1716 5489 1848 5544 tanti
1873 5493 2072 5562 gradus
2095 5508 2216 5550 sus-
2313 5482 2485 5538 ωυίιο
2513 5483 2746 5554 amplius
2779 5494 2904 5540 διιιθ
2931 5486 3241 5557 Ρτοδθηίὶιιε
3267 5493 3370 5552 εει,
3392 5483 3478 5554 qui
3509 5473 3659 5551 909"“

587 5602 592 5608 -
625 5565 928 5637 ceptionem
963 5587 1058 5640 per
1083 5572 1401 5632 insolentem
1461 5579 1615 5634 nisus
1640 5590 1724 5637 est
1747 5561 2036 5640 emendare
2077 5587 2212 5642 ima-

2324 5589 2500 5632 cessor
2541 5577 2857 5644 assumitur,
2902 5594 2970 5634 ne
3009 5579 3143 5636 ﬁant
3186 5593 3348 5634 causa
3385 5575 3540 5632 ruinae
3573 5561 3716 5641 populi
3741 5567 3794 5657 ξδ’

625 5659 811 5740 ginum
867 5661 1265 5734 adoratiouem,
1304 5660 1555 5728 illicitum
1614 5673 1801 5731 illicito
1837 5678 2104 5748 apposuit,
2155 5688 2211 5736 et

625 5757 829 5796 nitanm
863 5767 1029 5796 nnnm
1070 5770 1304 5796 nrrnmm
1343 5760 1513 5796 ultu-on
1558 5780 1742 5796 nnnnnn
1785 5766 1937 5796 |:..:....
1977 5771 2182 5796 .....,...ε.
2225 5784 2235 5792 .

2324 5671 2560 5727 ecrdotes
2597 5671 2746 5728 mali.
2805 5671 2958 5730 Nulla
3007 5673 3170 5746 igitur
3215 5680 3402 5728 contra
3445 5669 3538 5726 hoc
3577 5657 3792 5752 excusatio.

2324 5764 2454 5796 mlh.
2502 5773 2676 5796 “MM.
2744 5783 2864 5796 MM
2916 5767 3156 5796 antemna
3212 5767 3374 5796 ,n..:..
3430 5756 3613 5796 mmnti:
3649 5738 3792 5796 limum

625 5737 829 5824 quanto
863 5767 1032 5812 unum
1070 5770 1305 5828 errorem
1342 5760 1514 5820 altero
1557 5780 1742 5846 erro-re
1949 5737 2235 5856 “putavig‘
2309 5764 2458 5839 nulla
2499 5773 2680 5842 potest
2742 5783 2866 5828 esse
2914 5767 3220 5837 defensio,-
3254 5767 3379 5842 quia
3429 5756 3613 5823 cunctis
3649 5747 3748 5822 ιίςω
