3990 6302
248 257 388 313 ΗΠ

1021 257 1202 315 LIBRI
1237 256 1581 318 canoram.
1621 285 1692 302 -α
1726 257 1948 318 capts.
1991 259 2078 320 DE
2103 261 2305 335 tuae.
2343 289 2420 333 ατ
2611 268 2709 324 in.

3351 269 3488 335 1118

243 379 434 426 notum
480 379 564 426 est
605 385 735 458 quae
781 371 852 430 sit
892 372 949 427 in
1000 371 1160 442 huius
1187 348 1280 429 rei
1318 372 1590 458 diligentia
1633 382 1818 430 sancta
1847 377 1899 436 Α
1925 383 2225 433 tortuosum
2263 389 2356 434 aut
2379 381 2724 453 ambiguum,
2759 387 2853 444 aut
2882 380 3112 454 quodam
3159 382 3342 458 nubilo
3371 400 3490 442 ver—

241 461 448 536 egrégii
479 455 780 518 sollicitudo
814 463 1064 530 doctoris,
1091 480 1196 536 qua
1225 456 1552 538 neophytum
1579 465 1646 519 ad
1677 464 1822 520 ordi-

240 571 345 610 nes
381 562 524 611 vetat
569 549 1074 636 sacros'accedere.
1129 555 1282 612 Sicut
1323 566 1499 632 autem
1542 565 1667 634 tunc
1695 571 1822 612 neo-

239 647 448 718 phytus
473 647 755 703 dicebatur
780 649 872 720 qui
901 649 1054 704 initio
1081 658 1280 704 sancta:
1305 649 1428 704 ﬁdei
1457 656 1572 704 erat
1601 663 1822 704 conver-

240 741 456 796 satione
493 741 786 816 plantatus,
817 742 898 798 sic
924 745 1082 798 modo
1117 743 1416 817 neophytus
1441 744 1716 799 habendus
1741 751 1824 799 est

242 831 338 902 qui
364 831 582 904 repente
608 833 664 888 in
690 833 965 905 religionis
991 833 1177 890 habitu
1199 835 1469 906 plantatus
1491 836 1557 889 ad
1581 835 1824 890 ambien-

243 925 345 979 dos
379 926 612 980 honores
643 941 827 982 sacros
859 927 1156 998 irrcpserit.
1192 925 1390 982 Ordine
1423 943 1552 998 ergo
1579 927 1647 981 ad
1673 927 1821 983 ordi-

243 1031 370 1071 nem
429 1017 792 1074 accedendum
839 1025 939 1074 est.
992 1017 1108 1072 Non
1147 1019 1371 1092 gradum
1415 1034 1630 1074 sacrum
1679 1025 1824 1076 recte

241 1109 448 1178 appetit
475 1110 568 1180 qui
598 1109 666 1166 ad
693 1125 903 1165 summa
930 1109 1035 1166 loci
1065 1106 1275 1181 fastigia
1299 1111 1610 1185 postpositis
1643 1109 1822 1181 gradi-

242 1200 346 1256 bus
387 1214 487 1270 per
539 1202 767 1272 abrupta
817 1202 1014 1272 quaerit
1065 1217 1386 1260 ascensum:
1417 1211 1472 1258 et
1512 1219 1635 1260 cum
1677 1204 1824 1260 idem

241 1289 536 1360 Apostolus
587 1291 776 1346 doceat
817 1291 958 1348 inter
991 1293 1098 1350 alia
1138 1293 1280 1348 sacri
1325 1294 1529 1350 ordinis
1574 1293 1822 1350 instituta

242 1377 597 1452 discipulum,
634 1399 824 1439 manus
857 1399 964 1440 non
1007 1399 1127 1441 esse
1164 1385 1415 1464 cuiquam
1450 1386 1610 1442 citius
1655 1387 1824 1457 impo-

242 1472 480 1538 nendas,
529 1473 657 1544 quid
701 1475 806 1531 hoc
850 1475 1114 1542 celerius,
1165 1477 1358 1548 quidve
1405 1479 1822 1554 praecipitantius

242 1579 409 1634 quam
434 1574 495 1619 ut
531 1565 808 1620 exoriatur
842 1583 872 1622 a
908 1568 1216 1624 summitate
1238 1569 1577 1642 principium,
1604 1577 1663 1624 ut
1695 1578 1822 1624 ante

241 1666 366 1722 esse
415 1655 638 1725 incipiat
685 1657 968 1728 episcopus
1018 1673 1180 1729 quam
1235 1659 1509 1729 magister.
1555 1679 1574 1712 ›
1623 1659 1822 1716 Contra

1921 469 2114 525 horum
2147 471 2438 528 obductum
2478 472 2661 539 fuerit,
2703 489 2954 546 magnam
2993 473 3148 530 aliert
3175 475 3374 552 dicenti
3407 479 3491 534 vel

1921 565 2156 618 audienti
2183 565 2472 636 jacturam.
2509 567 2590 622 Ex
2620 567 2780 624 Patre
2814 569 2960 624 enim
2993 577 3048 624 et
3069 569 3208 626 Filio
3233 569 3490 642 Spiritum

1921 663 2190 722 sanctum,
2222 673 2331 714 non
2361 673 2431 712 ex
2456 657 2618 713 Patre
2655 674 2750 728 per
2774 658 2970 714 Filium
3002 661 3313 728 procedere,
3346 669 3492 716 recte

1921 747 2178 814 creditur,
2207 757 2263 804 et
2289 750 2485 806 usitate
2518 751 2807 806 conﬁtetur
2836 769 2850 805 :
2880 750 3004 822 quia
3033 767 3140 808 non
3167 767 3264 825 per
3297 752 3489 808 Filium

1920 846 1980 892 ut
2015 846 2141 908 pote
2181 847 2430 895 creatura
2469 856 2590 911 qum
2631 856 2728 911 per
2770 842 2946 914 ipsum
2989 841 3134 898 facta
3177 845 3278 910 sit,
3319 861 3493 916 neque

1921 930 2073 998 quasi
2102 932 2369 1000 posterior
2407 939 2667 1003 tempore,
2708 941 2801 986 aut
2845 933 3024 989 minor
3069 941 3353 1003 potestate,
3401 943 3510 1004 aut

1921 1019 2142 1076 alterius
2185 1023 2517 1092 substantiae,
2552 1023 2819 1095 procedit,
2856 1024 2948 1080 sed
2992 1039 3060 1080 ex
3091 1024 3250 1082 Patre
3278 1032 3332 1080 et
3355 1009 3492 1082 Filio

1921 1119 1980 1166 ut
2012 1120 2332 1186 comternus,
2371 1123 2430 1168 ut
2459 1116 2949 1183 consubstantialis,
2990 1125 3048 1170 ut
3086 1117 3392 1188 comqualis,
3436 1125 3494 1171 ut

1920 1203 2079 1259 unius
2123 1205 2338 1274 gloriae,
2367 1205 2651 1274 potestatis
2695 1215 2859 1276 atque
2902 1207 3199 1263 divinitatis
3247 1223 3368 1262 cum
3413 1207 3491 1262 eis

1921 1297 2158 1368 existens
2199 1297 2493 1368 procedere
2531 1298 2788 1356 creditur.
2837 1299 3076 1356 Alteram
3116 1315 3348 1368 namque
3381 1299 3489 1353 vim

1923 1391 2084 1446 habet
2108 1407 2172 1446 ea:
2195 1391 2520 1460 praepositio,
2551 1401 2604 1446 et
2635 1391 2858 1448 alteram
2887 1409 2995 1466 per.
3022 1391 3173 1448 Unde
3199 1400 3254 1447 et
3281 1393 3375 1446 Dei
3404 1391 3492 1446 Fi-

1921 1481 2026 1538 lius
2053 1493 2214 1556 natus
2246 1499 2312 1538 ex
2349 1484 2564 1540 homine
2598 1501 2703 1539 non
2729 1500 2829 1556 per
2855 1483 3125 1540 hominem
3153 1485 3405 1547 creditur,
3438 1483 3490 1538 id

1921 1583 2023 1640 est,
2046 1590 2152 1628 non
2176 1589 2274 1644 per
2296 1574 2516 1639 coitum,
2540 1590 2647 1630 non
2667 1589 2765 1645 per
2787 1575 3076 1630 humanam
3101 1574 3484 1644 operationem,

1923 1665 2016 1720 sed
2047 1682 2114 1722 ex
2148 1666 2353 1737 virgine
2384 1682 2602 1722 carnem
2637 1668 2959 1722 assumendo
2987 1675 3164 1722 natus.
3198 1667 3265 1720 Et
3292 1666 3490 1721 idcirco

242 1763 409 1820 quam
437 1747 815 1814 ecclesiastica:
846 1751 1198 1816 institutionis
1235 1737 1481 1810 normam
1509 1753 1635 1808 dum
1663 1767 1818 1823 supe-
1921 1755 2090 1824 qumri
2109 1734 2286 1825 potest
2309 1767 2491 1810 utrum
2516 1764 2662 1811 recte
2687 1757 2791 1812 dici
2817 1765 2998 1826 queat,
3023 1756 3252 1828 Spiritus
3277 1765 3488 1810 sanctus

237 1842 361 1906 rius
407 1852 736 1900 memoratus
775 1843 1030 1900 Tarasius
1089 1845 1419 1924 sacerdotale
1465 1845 1704 1913 culmen,
1759 1853 1819 1901 ut

236 1935 430 2012 aiunt,
479 1935 783 2002 contendit,
838 1937 1054 1992 turbare
1096 1925 1276 2008 potius
1313 1951 1474 2008 quam
1518 1938 1818 2010 gubernare

240 2023 545 2080 dinoscitur
573 2026 774 2096 plebes.
819 2026 931 2084 Nec
978 2027 1283 2084 mirandum
1313 2037 1396 2107 est
1434 2029 1479 2086 si
1525 2045 1630 2083 non
1671 2037 1817 2084 recte

229 2109 504 2188 praedicet
535 2120 627 2190 qui
667 2120 733 2176 ad
776 2121 1175 2192 praedicationis
1227 2121 1459 2179 oﬁicium
1510 2139 1618 2178 non
1671 2130 1816 2178 recte

235 2211 507 2283 pervenit.
548 2212 622 2268 De
666 2211 819 2284 cujus
869 2212 1173 2270 inordinata
1213 2213 1616 2270 consecratione
1648 2213 1816 2270 multa

225 2294 554 2360 sanctorum
591 2304 813 2363 Patrum
851 2306 979 2376 poni
1027 2307 1336 2362 testimonia
1383 2314 1650 2378 poterant,
1697 2321 1815 2376 quae

239 2406 425 2454 tamen
471 2398 751 2456 brevitatis
796 2415 959 2479 causa
1001 2399 1201 2476 omissa
1244 2408 1388 2456 sunt.
1435 2399 1564 2456 llaec
1607 2407 1814 2456 tantum

237 2487 310 2546 de
337 2489 441 2548 hac
470 2505 530 2546 re
551 2491 793 2564 posuisse
817 2490 1069 2570 suﬁiciat.

803 2619 810 2625 ’
850 2624 1077 2682 CAPUT
1117 2624 1200 2682 Ill.

235 2713 434 2771 Utrum
471 2714 722 2789 Tarasius
759 2725 892 2789 recte
925 2719 1111 2772 sentiat
1143 2719 1231 2789 qui
1273 2715 1528 2789 Spiritum
1574 2724 1812 2770 sanctum

310 2801 416 2848 non
444 2803 509 2844 ea:
531 2785 690 2844 Patre
713 2797 760 2842 et
782 2786 926 2844 Filio
953 2785 1238 2842 secundum
1263 2785 1582 2844 verissimam
1615 2795 1814 2840 sancta:

309 2857 435 2942 fidei
451 2856 824 2942 regular-ument.
849 2875 913 2942 ea:
934 2859 1094 2942 Patre
1113 2875 1204 2930 per
1231 2857 1429 2942 filium
1455 2858 1813 2929 procedentem

309 2927 366 2983 in
393 2927 850 2983 suaa’credulitatis
880 2927 1094 2984 lectione
1113 2927 1446 3004 proﬁteatur.

309 3031 522 3097 Nostris
547 3040 946 3096 memorialibus
966 3055 1304 3112 nequaquam
1329 3023 1596 3096 subtraxit
1615 3037 1813 3094 oblivio

235 3129 487 3188 sensibus
514 3131 656 3200 quod
686 3131 740 3186 in
765 3131 1073 3202 primordiis
1096 3129 1255 3200 hujus
1276 3131 1446 3186 nostri
1469 3131 1646 3202 operis
1664 3129 1813 3200 polli-

235 3224 332 3280 citi
361 3240 548 3280 sumus
575 3226 704 3280 nihil
736 3241 834 3282 nos
860 3227 1218 3282 indiscussum
1249 3227 1547 3290 relicturos,
1577 3225 1816 3296 nihilque

236 3317 458 3372 silentio
499 3319 890 3388 praeteritums,
933 3321 1074 3389 quod
1115 3319 1169 3374 in
1215 3317 1400 3373 eadem
1447 3317 1652 3389 synodo
1695 3333 1816 3386 qua:

233 3423 341 3479 pro
378 3409 1030 3486 adorandislimaginibus
1069 3418 1219 3481 gesta
1249 3418 1359 3473 est,
1401 3407 1815 3480 reprehensione

237 3499 463 3568 dignum
510 3498 861 3567 inveniretur,
906 3499 1008 3554 nisi
1055 3494 1191 3554 forte
1235 3497 1376 3568 quod
1405 3506 1496 3552 aut
1535 3497 1816 3568 diﬁicultas

237 3591 535 3647 inordinati
576 3591 840 3648 sermonis
873 3601 1060 3648 nostro
1090 3591 1380 3647 intellectui
1415 3591 1690 3664 impertire
1723 3607 1817 3647 ne-

237 3693 426 3756 garet,
467 3695 558 3740 aut
599 3677 818 3755 puerilis
857 3687 982 3740 dicti
1020 3686 1276 3755 ineptiam
1331 3685 1626 3740 reverentia
1668 3685 1817 3739 cohi-

237 3777 404 3833 bente
429 3785 614 3832 nostra
637 3777 928 3848 disputatio
955 3776 1204 3848 persequi
1231 3776 1556 3846 despiceret;
1589 3775 1816 3844 ideoque

237 3882 352 3923 non
390 3859 476 3924 est
513 3883 845 3939 consequens
889 3876 949 3922 ut
987 3869 1054 3923 ab
1094 3869 1195 3924 hoc
1237 3874 1421 3923 nostra
1457 3867 1816 3937 suspendatur

237 3957 534 4028 disputatio
574 3961 716 4030 quod
744 3958 998 4014 Tarasius
1028 3959 1286 4029 Spiritum
1323 3967 1567 4014 sanctum
1609 3973 1713 4013 non
1748 3973 1814 4013 ex

237 4051 405 4106 Patre
446 4041 682 4118 tantum,
724 4051 864 4106 sicut
891 4051 1106 4121 quidam
1135 4051 1227 4122 qui
1253 4067 1558 4122 quanquam
1585 4037 1708 4105 eum
1749 4067 1816 4106 ex

237 4141 384 4197 Filio
424 4141 714 4212 procedere
759 4143 1151 4212 quodammodo
1202 4143 1488 4207 tacuerint,
1535 4151 1712 4197 tamen
1749 4156 1816 4197 ex

237 4231 406 4287 Patre
438 4241 491 4287 et
515 4231 649 4288 Filio
671 4233 1051 4303 procedentem
1077 4233 1296 4288 omnino
1329 4233 1690 4301 crediderunt,
1722 4249 1818 4290 ne-

237 4335 350 4394 que
380 4339 446 4376 ex
467 4321 625 4378 Patre
657 4332 711 4378 et
737 4315 894 4387 Filio,
922 4322 1061 4377 sicut
1089 4322 1266 4378 omnis
1288 4321 1662 4377 universaliter
1688 4315 1818 4400 con-

239 4411 432 4482 ﬁtetur
473 4423 528 4469 et
567 4413 738 4469 credit
782 4413 1021 4468 Ecclesia
1066 4429 1188 4468 eum
1241 4413 1564 4484 procedere,
1607 4411 1702 4468 sed
1749 4423 1816 4468 ex

237 4505 410 4578 Patre
440 4522 535 4576 per
559 4505 753 4561 Filium
788 4505 840 4560 in
877 4521 987 4562 sua:
1012 4505 1134 4561 ﬁdei
1163 4505 1498 4576 professione
1526 4503 1818 4575 procedere

239 4599 527 4658 confessus
556 4609 657 4656 est.
684 4600 742 4654 ln
767 4615 872 4672 qua
899 4600 1233 4671 professione
1260 4599 1363 4654 nisi
1389 4599 1598 4669 paritas
1623 4608 1677 4654 et
1708 4595 1820 4654 sin-

238 4691 450 4748 ceritas
488 4692 666 4748 cordis
708 4691 779 4746 sit
813 4706 932 4762 qua:
979 4690 1166 4746 credat
1203 4707 1326 4745 eum
1362 4709 1469 4746 non
1509 4697 1816 4746 creaturam

239 4800 389 4850 esse,
417 4783 510 4838 sed
539 4791 866 4847 creatorem,
900 4798 1001 4838 nec
1032 4781 1193 4836 Patre
1229 4781 1471 4852 Filioque
1531 4783 1812 4846 minorem,

238 4877 342 4935 sed
390 4877 470 4932 eis
511 4876 770 4948 aequalem
809 4884 864 4930 et
907 4873 1416 4930 consubstantialem
1463 4883 1518 4930 et
1571 4877 1638 4931 ab
1670 4871 1818 4930 utro-

238 4985 354 5042 que
392 4964 713 5045 procedere,
761 4966 1122 5038 perniciosum
1170 4967 1320 5022 virus
1362 4968 1560 5038 poterit
1593 4961 1813 5024 exoriri.

239 5059 498 5118 Omnium
539 5073 667 5132 ergo
720 5072 900 5112 rerum
946 5056 1187 5113 deﬁnitio
1227 5057 1351 5112 talis
1385 5071 1501 5112 esse
1539 5057 1693 5112 debet
1736 5067 1814 5124 ut,

238 5151 501 5211 omnibus
534 5150 952 5207 obscuritatibus
979 5166 1072 5205 seu
1100 5149 1538 5220 ambiguitatibus
1561 5150 1816 5220 cxplosis,

239 5246 316 5306 ad
344 5247 776 5305 demonstranda:
804 5246 882 5302 rei
909 5256 1057 5303 recto
1086 5249 1302 5303 tramite
1329 5249 1509 5302 tendat
1536 5247 1814 5314 indicium,

240 5349 303 5397 et
330 5339 378 5395 si
411 5337 639 5395 aliarum
660 5354 838 5394 rerum
867 5337 1106 5394 deﬁnitio
1135 5348 1242 5392 tam
1267 5339 1547 5408 perspicua
1601 5349 1817 5410 tamque

243 5433 412 5490 debet
435 5447 556 5488 esse
578 5429 826 5494 dilucida,
888 5440 947 5486 ut
977 5444 1038 5484 ea
1066 5447 1185 5500 qum
1215 5429 1629 5485 det‘nonstranda
1669 5440 1814 5500 sunt,

241 5525 530 5582 evidenter
571 5523 932 5588 demonstret,
983 5521 1150 5578 multo
1197 5523 1368 5592 magis
1409 5522 1532 5578 ﬁdei
1578 5521 1818 5601 deﬁnitio

245 5616 484 5673 dilucida
521 5624 574 5672 et
599 5615 880 5687 perspicua
907 5625 968 5696 et
999 5615 1146 5670 omni
1185 5615 1536 5687 ambiguitate
1572 5617 1684 5674 sive
1715 5628 1820 5674 tor-

155 5731 167 5773 ε
248 5708 510 5766 tuositate
557 5722 750 5764 carens
794 5721 914 5765 esse
955 5705 1134 5766 debet.
1179 5706 1240 5764 In
1279 5721 1384 5781 qua
1416 5709 1462 5766 si
1501 5709 1702 5784 aliquid
1726 5709 1820 5786 aut

1920 1861 1952 1914 ᾳ
1973 1845 2134 1906 Patre
2155 1863 2247 1917 per
2275 1844 2469 1902 Filium
2509 1846 2804 1917 procedere,
2842 1861 2910 1901 ne
2956 1845 3080 1902 dum
3129 1847 3339 1901 incaute
3377 1847 3490 1900 haec

1917 1937 2211 2008 propositio
2234 1955 2327 2008 per
2354 1938 2409 1992 in
2440 1939 2574 1995 tanti
2609 1939 2851 2010 mysterii
2883 1937 3217 2008 professione
3251 1939 3488 2009 ponitur,

1915 2027 2104 2084 Ariani
2135 2029 2278 2084 illius
2305 2029 2509 2085 erroris
2533 2031 2769 2086 virosum
2806 2031 3059 2100 cuiquam
3097 2030 3346 2100 poculum
3377 2031 3492 2084 smi-

1918 2120 2139 2201 nistret,
2173 2121 2265 2190 qui
2301 2120 2562 2192 Spiritum
2610 2130 2854 2178 sanctum
2897 2130 3200 2179 creaturam
3257 2137 3393 2187 esse,
3437 2131 3492 2178 et

1915 2227 2012 2283 per
2041 2212 2234 2268 Filium
2263 2213 2400 2268 sicut
2421 2221 2474 2269 et
2495 2222 2686 2270 czetera
2716 2229 2836 2284 qua:
2861 2222 3043 2270 creata
3070 2222 3212 2280 sunt,
3247 2207 3508 2270 creatum

1916 2321 2036 2372 esse
2065 2306 2396 2376 blaspbcmat
2429 2323 2440 2358 :
2476 2306 2567 2378 qui
2607 2305 2770 2362 etiam
2799 2307 2880 2362 sui
2907 2307 3242 2378 baptismatis
3273 2307 3487 2362 tinctio-

1915 2411 2037 2452 nem
2062 2411 2166 2452 non
2184 2395 2338 2466 juxta
2369 2396 2526 2452 ﬁdem
2551 2397 2934 2468 evangelicum,
2971 2399 3026 2451 in
3053 2399 3262 2452 nomine
3288 2395 3485 2473 Patris,

1913 2497 1962 2542 et
1989 2485 2148 2554 Filii,
2207 2497 2255 2542 et
2292 2487 2522 2559 Spiritus
2574 2489 2742 2543 sancti
2781 2487 2995 2559 (Matth.
3040 2485 3262 2558 κείνω),
3313 2485 3406 2542 sed
3435 2487 3490 2542 in

1914 2579 2122 2648 nomine
2145 2577 2321 2633 Patris
2343 2595 2435 2649 per
2455 2577 2655 2632 Filium
2680 2579 2736 2632 in
2759 2579 2960 2650 Spiritu
2984 2588 3164 2633 sancto
3187 2575 3489 2633 infelicibus

1913 2673 2214 2742 quibusque
2239 2673 2306 2730 ad
2341 2687 2398 2728 se
2428 2673 2704 2729 conversis
2732 2671 3046 2742 impertivit.
3077 2672 3314 2744 Spiritus
3336 2687 3488 2727 nam-

1913 2755 2017 2835 que
2062 2773 2280 2822 sanctus
2306 2781 2413 2821 non
2444 2773 2712 2832 creatura,
2761 2765 2857 2820 sed
2889 2774 3102 2822 creator
3136 2779 3256 2820 esse
3285 2761 3372 2822 his
3401 2771 3481 2818 te—

1913 2857 2182 2915 stimoniis
2215 2857 2562 2928 approbatur.
2591 2855 2686 2910 Ait
2728 2855 2874 2910 enim
2901 2855 3070 2911 David
3105 2871 3120 2910 :
3180 2846 3342 2908 Verbo
3381 2852 3490 2908 Do-

1911 2933 2040 3000 mini
2068 2945 2181 3010 catli
2205 2945 2403 3016 ﬁrmati
2431 2953 2581 3012 sunt,
2610 2953 2658 2998 et
2688 2943 2890 3016 Spiritu
2915 2945 3020 2998 oris
3046 2943 3160 3014 ejus
3195 2943 3362 2998 omnis
3389 2941 3493 2996 vir-

1916 3046 1998 3094 tus
2032 3053 2212 3092 eorum
2258 3035 2431 3109 (Paul.
2467 3033 2694 3106 xxxnt);
2751 3044 2806 3090 et
2847 3034 3101 3090 Salomon
3133 3033 3261 3090 dicit
3302 3051 3318 3089 :
3371 3031 3493 3104 Ipse

1915 3131 2105 3186 crearit
2132 3147 2192 3184 ea
2221 3147 2313 3202 per
2334 3127 2587 3201 Spiritum
2615 3137 2853 3184 sanctum
2885 3127 3074 3200 (Eccli.
3099 3128 3172 3202 t);
3212 3125 3339 3183 item
3390 3125 3494 3182 Da-

1914 3223 2024 3289 vid,
2049 3222 2240 3278 Emitte
2267 3221 2521 3294 Spiritum
2551 3231 2696 3276 tuum
2718 3231 2765 3276 et
2789 3222 3120 3288 creabantur,
3143 3231 3192 3276 et
3217 3223 3484 3278 renovabis

1911 3304 2102 3386 faciem
2129 3324 2280 3369 terra:
2313 3313 2484 3386 (Psal.
2512 3313 2650 3386 crv);
2705 3323 2759 3368 et
2811 3311 2865 3368 in
2911 3313 3048 3368 libro
3067 3309 3168 3368 Job
3203 3305 3489 3370 scribitur:

1916 3405 2146 3476 Spiritus
2193 3406 2398 3460 divinus
2441 3415 2548 3470 est,
2601 3405 2805 3474 inquit,
2853 3409 2946 3477 qui
2991 3406 3182 3459 creavit
3230 3422 3310 3460 me
3346 3405 3488 3478 (Job.

1910 3497 2140 3569 ,xxxm);
2179 3504 2234 3552 et
2262 3497 2315 3550 in
2338 3497 2475 3552 iihro
2498 3497 2702 3560 Juditb,
2730 3496 2863 3562 Tibi,
2888 3497 3083 3567 inquit,
3110 3499 3292 3552 serviet
3322 3498 3490 3552 omnis

1915 3598 2155 3642 creatura
2195 3596 2283 3640 tua
2310 3604 2328 3642 :
2365 3589 2611 3659 quoniam
2653 3587 2832 3644 dixisti
2860 3598 2908 3641 et
2937 3588 3080 3658 facta
3112 3598 3266 3652 sunt;
3301 3589 3495 3643 misisti

1916 3679 2171 3750 Spiritum
2208 3689 2376 3744 tuum,
2409 3687 2456 3732 et
2499 3678 2777 3748 tediﬁcavit
2833 3677 3060 3751 (Iudith.
3107 3676 3242 3749 xvr).
3305 3677 3491 3734 Tanta:

1914 3772 2057 3827 enim
2091 3770 2374 3842 potestatis
2407 3770 2518 3824 sive
2546 3769 2760 3824 virtutis
2791 3767 3025 3846 Spiritus
3059 3777 3276 3825 sanctus
3309 3779 3491 3824 osten-

1911 3849 2076 3929 ditur,
2115 3874 2175 3918 ut
2209 3864 2326 3932 ipso
2353 3869 2676 3940 cooperante
2705 3878 2902 3932 corpus
2929 3861 3140 3940 Domini
3171 3861 3340 3916 nostri
3363 3859 3490 3918 Jesu
3573 3868 3578 3873 ‘

1915 3955 2134 4020 Christi,
2163 3954 2303 4026 quod
2333 3963 2414 4009 est
2448 3937 2629 4009 nostra
2655 3937 2991 4025 redemptio,
3011 3955 3064 4009 in
3089 3963 3244 4011 utero
3267 3955 3492 4026 virginis

1913 4044 2260 4110 formaretur,
2285 4045 2609 4116 evangelista
2643 4043 2854 4099 dicente
2881 4063 2893 4098 :
2927 4043 3012 4098 Ne
3040 4045 3244 4111 timeas,
3275 4043 3489 4115 Ioseph,

1916 4139 2148 4210 accipere
2179 4137 2410 4192 Mariam
2465 4137 2736 4209 conjugem
2771 4146 2948 4202 tuam;
2977 4137 3116 4207 quod
3158 4137 3293 4190 enim
3342 4136 3395 4191 in
3431 4155 3492 4191 ea

1918 4237 2098 4283 natum
2127 4237 2224 4295 est,
2263 4228 2326 4284 de
2360 4227 2560 4300 Spiritu
2607 4239 2786 4284 sancto
2842 4239 2914 4284 est
2961 4227 3174 4300 (Matth.
3213 4227 3285 4298 l);
3339 4228 3488 4292 item,

1895 4310 2133 4375 -Inrenta
2154 4329 2225 4374 est
2251 4321 2306 4372 in
2328 4329 2472 4373 utero
2492 4319 2684 4374 habens
2707 4319 2770 4374 de
2791 4317 2994 4391 Spiritu
3015 4328 3195 4373 sancto
3216 4317 3366 4389 (Luc.
3392 4319 3486 4389 tt);

1837 4428 2025 4515 Dnon
2075 4409 2217 4482 quod
2251 4407 2545 4464 Salvatoris
2589 4411 2760 4465 nostri
2801 4409 3032 4480 Spiritus
3079 4418 3296 4464 sanctus
3331 4408 3492 4464 Pater

1845 4499 1891 4540 τ’
1923 4503 2179 4563 dicendus
2206 4511 2307 4568 est,
2335 4511 2394 4558 ut
2418 4502 2523 4558 duo
2544 4512 2730 4573 patres
2757 4503 3063 4565 credantur,
3098 4500 3191 4556 sed
3223 4499 3366 4570 quod
3391 4499 3491 4554 Pa-

1920 4597 2022 4650 tris
2067 4603 2122 4650 et
2165 4594 2287 4648 Filii
2336 4593 2479 4648 idem
2531 4593 2766 4664 Spiritus
2814 4599 3030 4646 sanctus
3069 4598 3387 4660 cooperator
3435 4599 3490 4645 et

1919 4688 2080 4742 unius
2104 4685 2386 4757 potestatis
2413 4701 2536 4740 cum
2570 4685 2770 4740 eisdem
2801 4699 2920 4738 esse
2949 4683 3218 4748 credatur,
3262 4681 3489 4738 Domino

1920 4779 2234 4840 aliirmante,
2255 4775 2352 4838 Ite,
2371 4773 2846 4850 inquitdiscipulis,
2861 4773 3117 4846 baptizate
3128 4789 3303 4827 omnes
3317 4783 3488 4842 gentes

1917 4868 1972 4923 in
2001 4869 2206 4922 nomine
2240 4863 2446 4930 Patris,
2495 4873 2541 4918 et
2563 4863 2725 4928 Filii,
2752 4872 2800 4917 et
2826 4862 3052 4934 Spiritus
3080 4864 3246 4917 sancti
3273 4861 3486 4934 (Matth.

1919 4959 2130 5030 xxviii).
2161 4957 2312 5013 Sicut
2337 4957 2480 5012 enim
2505 4955 2762 5010 Dominus
2803 4945 3070 5024 apostolos
3099 4953 3165 5008 ad
3191 4954 3488 5022 przcdican-

1920 5053 2046 5106 dum
2083 5043 2388 5113 destinavit,
2421 5049 2539 5118 pari
2580 5047 2744 5102 etiam
2790 5045 2948 5102 modo
2992 5031 3224 5118 Spiritus
3272 5055 3488 5102 sanctus

1919 5139 2098 5198 facere
2145 5141 2465 5197 declaratur.
2511 5139 2780 5196 Scribitur
2819 5140 2964 5195 enim
3010 5140 3061 5194 in
3095 5138 3320 5192 Actibus
3362 5153 3490 5210 apo-

1919 5235 2178 5291 stolorum
2211 5233 2353 5302 quod
2389 5232 2552 5288 Petro
2593 5233 2860 5303 cogitante
2897 5233 2962 5288 de
2999 5233 3223 5300 visione,
3268 5231 3398 5288 dicit
3438 5235 3489 5290 ei

1891 5327 2154 5398 'Spiritus
2198 5331 2416 5380 sanctus
2448 5342 2460 5377 :
2487 5319 2621 5378 Ecce
2669 5327 2764 5379 viri
2807 5335 3044 5396 qutrrunt
3093 5336 3170 5392 te;
3209 5343 3487 5402 exsurgens

1920 5416 2047 5473 vade
2078 5429 2194 5470 cum
2225 5415 2299 5470 eis
2335 5413 2465 5469 nihil
2499 5416 2761 5482 dubitans,
2795 5417 2918 5488 quia
2953 5435 3045 5488 ego
3076 5435 3162 5474 eos
3191 5420 3308 5474 misi
3339 5420 3407 5474 ad
3440 5429 3489 5472 te

1922 5501 2058 5581 (Act.
2087 5509 2176 5580 x);
2213 5516 2268 5580 et
2308 5509 2473 5564 item:
2511 5508 2788 5580 Segregate
2821 5512 2949 5565 mihi
2989 5508 3216 5566 Paulum
3277 5526 3322 5567 et
3357 5513 3490 5567 Bar-

1920 5599 2108 5654 nabam
2142 5598 2210 5652 ad
2233 5613 2361 5671 opus
2393 5599 2462 5653 ad
2482 5601 2620 5672 quod
2649 5599 2778 5674 elegi
2799 5617 2883 5657 eos
2909 5603 3045 5674 (Act.
3070 5605 3223 5675 xui);
3249 5613 3302 5658 et.
3326 5605 3484 5678 item;

1919 5690 2180 5750 Attendite
2212 5692 2352 5751 vobis
2385 5701 2434 5750 et
2463 5694 2700 5752 universo
2733 5697 2874 5769 gregi
2915 5697 2970 5754 in
3001 5715 3103 5772 quo
3145 5714 3230 5755 vos
3260 5695 3486 5770 Spiritus
