4016 6292
576 264 716 323 1119
1476 259 1538 316 Β.
1578 256 1834 317 CAROLI
1870 253 2088 312 MAGNI
2120 253 2275 313 OPP.
2308 252 2491 311 PARS
2521 253 2589 311 II.
2625 253 2869 313 SECTlO
2904 256 2968 313 ll.
3632 286 3733 344 im

569 389 784 438 sanctus
822 377 1091 433 constituit
1125 375 1392 448 episcopos
1438 371 1578 445 (Act.
1613 369 1729 443 xx).
1766 368 1900 425 Nam
1938 376 1994 423 et
2036 366 2160 422 uni-
2190 370 2243 431 Α
2265 381 2584 423 maneamus
2626 376 2682 424 et
2714 369 2830 438 ipse
2873 368 2931 424 in
2967 371 3122 428 nobis
3152 391 3164 428 :
3209 378 3346 435 unde
3380 391 3430 437 et
3462 384 3511 442 in
3534 390 3737 457 donist

573 489 733 531 versa
760 488 884 529 cum
905 471 1067 526 Patre
1100 477 1155 525 et
1180 469 1338 534 Filio,
1375 473 1436 522 ut
1465 473 1744 522 ostensum
1775 469 1877 528 est,
1904 475 2161 533 procrea-
2263 459 2398 514 nihil
2424 459 2597 530 majus
2618 468 2702 516 est
2721 461 3000 529 cbaritate,
3027 473 3084 519 et
3111 466 3310 524 nullum
3335 481 3411 529 est
3429 476 3738 548 majusdouum

575 567 674 632 vit,
713 572 768 621 et
793 565 935 619 Deus
970 576 1092 617 esse
1119 561 1280 615 unius
1310 573 1433 614 cum
1464 558 1657 613 iisdem
1686 554 1936 649 essentia:
1963 553 2050 609 his
2265 553 2362 649 Dei
2394 568 2559 624 quam
2595 552 2832 649 Spiritus
2861 564 3078 649 sanctus
3103 576 3116 611 :
3154 558 3264 630 ipse
3294 573 3373 618 est
3401 574 3452 621 et
3479 575 3635 641 gratia,
3658 594 3739 649 qua

578 658 849 716 stimoniis
876 656 1225 727 approbatur.
1254 651 1426 707 David
1450 651 1595 705 enim
1629 649 1705 704 ait
1734 662 1749 702 :
1779 647 2008 736 Audiam
2034 644 2161 736 quid
2266 644 2392 714 quia
2420 659 2527 699 non
2554 644 2765 700 meritis
2793 646 3014 712 nostris,
3041 649 3137 704 sed
3164 651 3338 708 divina
3371 656 3605 718 voluntate
3625 644 3739 736 gratis

578 749 824 822 loquatur
869 747 925 800 in
971 760 1052 798 me
1074 742 1330 797 Dominus
1372 740 1534 794 Deus.
1578 738 1722 793 Luce
1754 737 1935 806 itaque
1966 733 2162 790 clarius
2267 738 2442 803 datur,
2479 738 2604 793 inde
2637 740 2811 810 gratia
2837 752 3202 811 nuncupatur.
3237 744 3382 802 Sicut
3410 760 3565 808 autem
3586 733 3740 818 unicum

578 845 792 897 constat
815 834 957 907 quod
985 849 1175 889 omnes
1197 831 1478 902 prophetae
1512 828 1753 884 nonnisi
1781 843 1881 898 per
1903 826 2164 896 Spiritum
2267 830 2363 885 Dei
2409 830 2645 887 Verbum
2698 832 2916 902 proprie
2961 848 3218 891 vocamus
3263 840 3467 897 nomine
3512 843 3739 919 Sapientia,

580 942 826 991 sanctum
875 929 1196 986 annuntient
1245 926 1332 982 vel
1376 925 1686 996 loquantur,
1748 921 1977 977 Domino
2029 927 2167 975 atte-
2266 939 2391 981 cum
2428 926 2499 979 sit
2535 925 2918 981 universaliter
2955 935 3009 981 et
3044 925 3280 998 Spiritus
3327 942 3524 991 sanctus
3560 947 3605 992 et
3632 940 3743 999 Pater

579 1036 779 1094 stante,
803 1026 895 1098 qui
914 1025 1018 1080 ait:
1044 1022 1175 1079 Cum
1200 1022 1393 1077 venerit
1418 1019 1650 1092 Spiritus
1672 1016 1762 1073 ille
1781 1024 1991 1071 sanctus
2013 1029 2166 1087 quem
2268 1016 2383 1087 ipse
2409 1013 2686 1085 Sapientia
2702 1056 2717 1082 ,
2757 1016 2834 1071 ita
2874 1016 3110 1087 Spiritus
3149 1029 3362 1077 sanctus
3386 1026 3573 1095 proprie
3602 1045 3744 1087 num.

581 1118 743 1174 Pater
758 1119 926 1173 mittet
951 1118 1007 1170 in
1028 1116 1237 1170 nomine
1260 1128 1395 1178 meo,
1418 1112 1527 1182 ipse
1550 1127 1635 1165 vos
1656 1109 1860 1163 docebit
1881 1115 1930 1161 et
1954 1114 2168 1161 ventura
2266 1116 2428 1178 patur
2455 1108 2720 1165 vocabulo
2757 1109 3060 1176 charitatis,
3092 1126 3215 1168 cum
3250 1114 3319 1169 sit
3344 1124 3396 1171 et
3412 1116 3551 1173 Pater
3572 1130 3615 1175 et
3631 1123 3743 1183 Filius

580 1211 913 1267 annuntiabit
963 1209 1105 1265 vobis
1147 1207 1331 1280 (Joan.
1371 1203 1486 1277 xv).
1528 1204 1661 1259 Item
1703 1217 1801 1273 per
1848 1200 2167 1270 prophetam
2271 1201 2649 1258 universaliter
2669 1204 2929 1259 Charitas.
2959 1204 3057 1261 Est
3084 1206 3229 1261 enim
3257 1206 3474 1278 Spiritus
3492 1210 3635 1270 Patris
3654 1226 3744 1273 atte-

579 1305 842 1361 Dominus
862 1303 1019 1358 dicit:
1046 1299 1347 1355 Noluerunt
1375 1297 1563 1352 audire
1587 1310 1848 1350 sermones
1877 1308 2019 1348 meos
2039 1307 2169 1364 quos
2270 1303 2471 1362 stante,
2501 1296 2751 1362 Domino,
2783 1297 2876 1367 qui
2916 1299 2994 1354 ait
3018 1314 3033 1353 :
3060 1298 3186 1355 Non
3206 1303 3339 1356 enim
3370 1320 3451 1359 vos
3481 1309 3583 1361 estis
3607 1312 3672 1378 qui
3696 1312 3745 1365 ιο.

512 1422 523 1437 ι
578 1397 827 1454 mandavi
857 1398 913 1451 in
937 1395 1142 1467 Spiritu
1171 1409 1283 1447 meo
1310 1408 1403 1463 per
1425 1407 1483 1445 os
1507 1389 1876 1461 prophetarum
1911 1387 2169 1457 priorum,
2269 1388 2522 1459 quimini,
2579 1387 2670 1443 sed
2710 1386 2944 1459 Spiritus
2976 1389 3161 1446 Patris
3196 1394 3348 1447 vestri
3385 1398 3467 1466 qui
3504 1396 3681 1468 loquitur
3711 1404 3746 1458 is

579 1491 709 1546 dicit
732 1490 1011 1544 Dominus.
1041 1486 1241 1542 Paulus
1263 1497 1477 1554 quoque
1506 1480 1781 1550 apostolus
1816 1479 1884 1535 ad
1914 1478 2171 1534 Hebraeos
2272 1477 2412 1532 vobis
2439 1475 2634 1548 (Marc.
2664 1476 2808 1549 xm).
2844 1478 2940 1534 Est
2972 1487 3029 1536 et
3069 1480 3302 1552 Spiritus
3336 1484 3467 1551 Filii,
3493 1487 3627 1544 Paulo
3659 1500 3747 1547 atte-

581 1583 826 1639 scribens
849 1581 924 1635 ait
953 1598 966 1634 :
996 1578 1329 1648 Testiﬁcatur
1362 1575 1508 1629 nobis
1539 1573 1741 1643 Spiritu
1771 1581 1972 1635 sancto,
2003 1578 2051 1625 et
2076 1570 2173 1625 hoc
2274 1576 2474 1635 stante,
2500 1569 2592 1638 qui
2622 1570 2728 1624 ait:
2763 1569 3015 1642 Quisquis
3043 1582 3218 1628 autem
3245 1573 3485 1645 Spiritum
3508 1577 3659 1634 Christi
3682 1600 3748 1638 non
3772 1604 3776 1609 ο

581 1685 655 1730 est
694 1681 1059 1729 testamentum
1093 1669 1231 1741 quod
1263 1669 1484 1739 dispono
1531 1664 1599 1718 ad
1633 1680 1719 1720 eos
1756 1672 1868 1736 post
1891 1662 2001 1717 dies
2029 1661 2171 1728 illos,
2202 1728 2252 1748 ﬁ
2275 1660 2452 1748 liabet,
2480 1661 2564 1714 hic
2604 1677 2710 1716 non
2737 1670 2813 1716 est
2841 1661 2957 1733 ejus
2999 1661 3181 1735 (Rom.
3212 1663 3353 1738 vui),
3385 1682 3442 1722 ac
3466 1682 3548 1737 per
3569 1668 3647 1724 hoc
3672 1668 3748 1740 Spi

580 1728 995 1819 dicitDominus
1032 1728 1220 1832 (Hebr.
1245 1758 1323 1831 x).
1347 1728 1425 1812 'ln
1456 1755 1683 1812 Actibus
1713 1728 1929 1825 quoque
1958 1760 2176 1823 aposto-
2201 1728 2416 1837 Britus
2445 1751 2729 1806 amborum
2765 1728 2986 1820 dicitur,
3008 1728 3150 1825 'quia
3184 1770 3254 1811 ex
3284 1728 3435 1813 Patre
3466 1728 3515 1813 et
3541 1759 3646 1814 Filio
3667 1728 3749 1830 pio-

582 1858 758 1913 lorum
786 1855 852 1909 ad
878 1854 1143 1908 Ananiam
1188 1851 1388 1907 dixisse
1434 1858 1710 1920 pastorem
1748 1848 2007 1904 Ecclesia:
2039 1848 2175 1921 legi-
2278 1843 2475 1900 cedens
2512 1845 2672 1900 unius
2709 1845 2972 1914 probatur
3017 1862 3141 1903 esse
3185 1849 3485 1927 substantia:
3518 1859 3561 1906 et
3587 1860 3747 1908 natura:

583 1962 747 2003 mus:
774 1945 843 2001 Ut
876 1945 1002 2018 quid
1036 1944 1263 2001 Satanas
1306 1942 1533 2014 implevit
1574 1959 1666 1996 cor
1701 1951 1849 1996 tuum
1887 1942 2093 1996 mentiri
2128 1951 2178 1997 te
2279 1937 2372 2007 qui
2435 1936 2481 1992 si
2534 1937 2807 2007 ingenitus
2839 1938 3138 2006 diceretur,
3187 1942 3292 1997 duo
3333 1952 3500 2012 patres
3528 1944 3752 2014 proﬁteren-

587 2038 810 2110 Spiritui
844 2047 1024 2092 sancto
1062 2035 1199 2103 (Act.
1240 2035 1351 2109 1v)?
1388 2034 1457 2090 Et
1510 2034 1802 2090 ostendens
1842 2050 1967 2090 eum
2005 2034 2178 2090 Deum
2280 2036 2397 2095 tur;
2445 2029 2491 2084 si
2532 2030 2765 2099 genitus,
2799 2030 2904 2086 duo
2939 2030 3036 2086 ﬁlii
3072 2033 3485 2104 incompetenter
3519 2035 3750 2092 dicerentur.

585 2145 725 2196 esse,
759 2130 814 2184 in
844 2130 1297 2199 subsequentibus
1323 2128 1454 2183 dicit
1478 2146 1492 2182 :
1519 2126 1644 2182 Non
1669 2144 1722 2182 es
1745 2127 1989 2181 mentitus
2009 2125 2182 2181 homi-
2282 2118 2390 2174 Sed
2409 2119 2535 2189 quia
2560 2135 2661 2175 nec
2681 2119 2844 2176 Pater
2872 2130 2955 2177 est
2978 2138 3084 2179 nec
3096 2123 3284 2190 Filius,
3308 2126 3422 2181 ideo
3441 2141 3528 2182 nec
3550 2128 3752 2198 ingenitus,

587 2221 761 2287 nibus,
786 2221 877 2276 sed
898 2221 1029 2276 Deo.
1066 2220 1266 2275 Paulus
1292 2234 1508 2292 quoque
1541 2235 1638 2275 vas
1669 2216 1951 2275 electionis
1979 2217 2046 2273 ad
2076 2215 2180 2274 Co-
2281 2229 2385 2269 nec
2429 2215 2677 2285 genitus,
2751 2217 2845 2271 sed
2903 2230 2970 2270 ex
3017 2226 3253 2288 utroque
3306 2220 3570 2290 procedens
3611 2220 3751 2277 dicitur.

587 2313 818 2369 rinthios
856 2313 1045 2369 scribit
1068 2330 1081 2366 :
1107 2312 1401 2367 Divisiones
1446 2320 1619 2366 autem
1658 2310 2004 2365 donationum
2036 2315 2180 2375 sunt,
2283 2301 2445 2359 Pater
2465 2303 2608 2359 enim
2630 2304 2778 2360 solus
2800 2320 2908 2360 non
2930 2315 3011 2362 est
3033 2308 3107 2363 de
3127 2308 3250 2375 alio,
3275 2310 3390 2366 ideo
3409 2312 3535 2367 solus
3550 2312 3754 2382 appellatur

587 2407 727 2461 idem
762 2423 878 2461 vero
907 2406 1138 2478 Spiritus
1164 2421 1182 2459 :
1207 2414 1254 2460 et
1280 2405 1560 2459 divisiones
1596 2403 2008 2457 ministeriorum
2036 2408 2180 2467 sunt,
2285 2395 2574 2468 ingenitus,
2604 2412 2712 2453 non
2741 2396 2959 2467 quidem
2996 2399 3051 2454 in
3084 2399 3392 2472 Scripturis,
3422 2404 3504 2459 sed
3527 2404 3572 2458 in
3601 2417 3751 2459 consuc-

588 2498 727 2552 idem
750 2498 858 2568 ipse
893 2496 1151 2551 Dominus
1187 2511 1206 2551 :
1239 2502 1285 2550 et
1310 2494 1591 2549 divisiones
1635 2493 1997 2563 operationum
2039 2497 2182 2557 sunt,
2285 2491 2471 2547 tudine
2499 2490 2887 2562 disputantium
2906 2501 2963 2549 et
2982 2494 3048 2550 de
3068 2510 3136 2551 re
3162 2504 3312 2552 tanta
3334 2513 3599 2553 sermonem
3613 2498 3753 2567 qualem

591 2592 730 2646 idem
779 2608 895 2646 vero
936 2590 1097 2657 Deus,
1141 2591 1231 2662 qui
1272 2598 1520 2661 operatur
1561 2588 1737 2643 omnia
1776 2587 1833 2641 in
1857 2586 2096 2641 omnibus
2131 2582 2186 2655 (Ι
2287 2584 2556 2640 valuerint
2592 2585 2662 2641 ad
2695 2587 3046 2655 praesentium
3088 2589 3205 2644 sive
3240 2588 3520 2645 futurorum
3548 2586 3756 2660 profectum

597 2683 720 2739 Cor.
755 2681 878 2754 xu).
910 2682 1117 2750 Quibus
1141 2680 1454 2752 apostolicis
1482 2679 1665 2735 verbis
1691 2677 1926 2749 Spiritus
1968 2682 2187 2731 sanctus
2286 2674 2677 2749 proferentium
2708 2694 2722 2731 :
2748 2676 2919 2734 Filius
2952 2677 3106 2734 solus
3134 2678 3203 2735 de
3226 2679 3383 2736 Patre
3406 2687 3480 2735 est
3515 2687 3653 2742 natus,
3681 2678 3756 2731 ideo

594 2775 739 2831 idem
779 2775 940 2840 Deus,
987 2774 1128 2829 idem
1171 2773 1434 2828 Dominus
1476 2771 1803 2828 declaratur.
1865 2768 2013 2824 Idem
2052 2780 2185 2823 vero
2291 2765 2440 2822 solus
2480 2766 2681 2823 dicitur
2714 2768 2960 2838 genitus;
2993 2767 3235 2838 Spiritus
3263 2777 3468 2826 sanctus
3490 2770 3610 2825 solus
3628 2769 3677 2823 de
3692 2765 3756 2821 Pa-

596 2867 858 2921 Dominus
889 2866 945 2920 in
973 2864 1263 2934 Evangelio
1285 2864 1446 2920 dicit:
1478 2862 1710 2935 Spiritus
1735 2869 1809 2917 est
1834 2861 1977 2915 Deus
2003 2859 2185 2932 (Joan.
2296 2866 2375 2913 tre
2396 2867 2451 2913 et
2468 2857 2607 2915 Filio
2627 2858 2889 2928 procedit,
2914 2859 3035 2915 ideo
3061 2861 3217 2917 solus
3242 2862 3503 2918 amborum
3521 2867 3759 2929 nuncupatur

598 2956 699 3029 1v).
748 2958 881 3011 ltem
919 2958 985 3012 ad
1011 2955 1321 3011 Corinthios
1340 2956 1540 3011 Paulus
1586 2955 1831 3011 scribens
1859 2954 1936 3008 ait
1969 2949 2192 3008 :Domi-
2296 2948 2551 3021 Spiritus.
2593 2949 2848 3006 Procedit
2895 2951 3040 3006 enim
3082 2968 3155 3008 ex
3182 2963 3424 3024 utroque,
3452 2969 3541 3010 non
3559 2949 3759 3014 nascendo,

601 3064 699 3102 nus
734 3056 909 3101 autem
934 3045 1166 3117 Spiritus
1191 3055 1265 3101 est
1306 3045 1393 3117 (II
1419 3044 1541 3101 Cor.
1574 3046 1691 3118 1n);
1720 3054 1777 3101 et
1802 3046 1871 3101 ad
1896 3044 2188 3115 Ephesios:
2221 3092 2268 3157 ο
2296 3052 2357 3099 ut
2386 3042 2614 3114 alicujus
2653 3044 2796 3099 ﬁlius
2836 3045 2941 3101 dici
2976 3048 3176 3116 possit.
3208 3047 3476 3103 Diceretur
3507 3054 3646 3100 autem
3671 3041 3763 3095 ﬁlius

877 3140 1042 3157 ,μνη
1150 3156 1153 3157 ν
1334 3149 1346 3157 .
1710 3156 1732 3157 η
2108 3138 2195 3157 η,
2298 3135 2472 3157 τιμε,
2844 3139 2979 3157 μη,
3132 3156 3141 3157 ,
3304 3141 3341 3157 γι
3387 3155 3399 3157 _
3442 3139 3579 3157 se.”
3601 3132 3761 3157 “4;...

604 3138 814 3205 Nolite,
875 3140 1080 3209 inquit,
1132 3138 1434 3194 contristari
1482 3137 1740 3210 Spiritum
1806 3149 2049 3194 sanctam
2096 3138 2195 3193 Dei
2222 3132 2268 3157 υ
2298 3135 2476 3192 Patris
2500 3145 2556 3193 et
2574 3137 2716 3202 Filii,
2744 3138 2812 3203 si,
2838 3139 2981 3208 quod
3005 3139 3267 3194 abhorret
3290 3141 3356 3195 ab
3378 3139 3582 3194 omnium
3600 3132 3764 3189 ﬁdelium

602 3230 819 3304 (Ephes.
847 3232 956 3304 IV);
990 3231 1120 3287 item
1158 3231 1227 3288 ad
1246 3230 1595 3288 Corinthios:
1622 3232 1706 3286 An
1738 3231 1964 3295 nescitis,
1998 3231 2194 3303 inquit,
2300 3230 2567 3294 sensibus,
2596 3244 2718 3284 eum
2749 3232 2909 3286 ambo
2935 3232 3293 3303 genuissent:
3321 3249 3423 3287 non
3448 3227 3643 3302 igiturab
3662 3233 3765 3280 utro.

604 3324 733 3394 quia
772 3323 1004 3378 membra
1057 3333 1226 3379 vestra
1271 3322 1519 3396 templum
1564 3333 1687 3380 sunt
1734 3323 1968 3396 Spiritus
2027 3327 2198 3381 sancti
2301 3340 2406 3395 que
2436 3333 2522 3381 est
2548 3326 2779 3397 genitus,
2820 3328 2914 3383 sed
2949 3329 3201 3398 procedit
3240 3330 3308 3385 ab
3335 3337 3539 3398 utroque
3571 3325 3765 3379 amborum

603 3424 754 3490 quem
778 3415 976 3471 habetis
1006 3433 1038 3470 a
1064 3414 1173 3470 Deo
1202 3413 1256 3488 (Ι
1281 3414 1405 3471 Cor.
1435 3414 1551 3486 vr)?
1578 3424 1634 3471 et
1659 3430 1784 3471 eum
1812 3415 1984 3470 Deum
2009 3414 2067 3470 in
2097 3416 2200 3470 bu-
2303 3414 2557 3486 Spiritus.
2600 3414 2647 3469 A
2690 3414 2850 3473 Patre
2888 3417 3040 3474 illum
3077 3426 3264 3475 autem
3302 3419 3562 3490 procedere
3589 3412 3766 3469 Dominus

607 3505 780 3563 manis
805 3506 1124 3576 corporibus
1151 3505 1486 3563 habitantem
1528 3508 1819 3562 ostendens
1855 3505 2117 3578 adiungit,
2143 3514 2201 3562 et
2304 3520 2489 3563 noster
2512 3506 2669 3565 Jesus
2690 3508 2942 3567 Christus
2970 3511 3270 3583 discipulos
3298 3512 3467 3569 docuit
3486 3510 3633 3566 dicens
3650 3496 3767 3559 {Cum

606 3593 772 3654 dicit;
800 3595 1108 3669 Gloriﬁcate
1138 3614 1261 3670 ergo
1286 3605 1334 3653 et
1355 3605 1560 3670 portate
1584 3596 1754 3653 Deum
1791 3599 1847 3652 in
1877 3613 2094 3669 corpore
2117 3615 2201 3654 ve-
2305 3608 2481 3653 autem
2517 3601 2742 3663 venerit,
2781 3601 2975 3671 inquit,
3015 3601 3343 3670 Paraclitus,
3372 3618 3506 3675 quem
3535 3617 3608 3670 ego
3635 3595 3768 3649 milia!

607 3701 737 3747 stro.
771 3691 874 3761 Qui
904 3692 1033 3748 dum
1057 3693 1144 3749 his
1169 3692 1501 3767 testimoniis
1532 3700 1589 3748 et
1612 3700 1829 3749 creator
1857 3700 1912 3748 et
1937 3693 2079 3749 Deus
2108 3707 2204 3764 ap-
2305 3690 2446 3745 vobis
2472 3707 2503 3743 a
2525 3689 2685 3744 Patre
2709 3689 2966 3762 Spiritum
2994 3694 3251 3761 veritatis,
3272 3695 3359 3766 qui
3391 3711 3421 3747 a
3446 3691 3583 3746 Patre
3597 3682 3769 3759 procedit.

608 3786 885 3858 probetur,
926 3793 981 3841 et
1013 3801 1080 3844 ex
1104 3787 1266 3844 patm
1290 3796 1345 3844 ει
1367 3787 1505 3845 Filio
1533 3788 1602 3844 ab
1627 3788 1777 3844 omni
1807 3788 2075 3845 catholica
2101 3788 2204 3845 Eo.
2306 3780 2395 3836 ille
2425 3782 2777 3837 testimonium
2803 3784 3085 3855 perhibebit
3121 3786 3189 3840 de
3216 3803 3297 3841 me
3327 3785 3492 3858 (Joan.
3514 3781 3606 3852 xv).
3629 3777 3677 3833 Et
3695 3788 3770 3829 ruf-

610 3877 777 3932 clesia
824 3879 1118 3947 procedere
1164 3879 1441 3947 credatur,
1496 3881 1845 3952 quaerendum
1891 3887 1977 3936 est
2019 3888 2204 3936 utrum
2308 3889 2428 3930 sum
2462 3875 2577 3943 ipse
2611 3874 2709 3929 Dei
2749 3880 2803 3928 et
2847 3875 3132 3930 hominum
3169 3877 3428 3932 mediator
3447 3864 3772 3928 Dominnslesns

612 3981 834 4022 necesse
861 3968 933 4021 sit
953 3983 1077 4023 eum
1105 3984 1204 4039 per
1231 3970 1431 4026 Filium
1468 3986 1500 4026 a
1528 3973 1692 4028 Patre
1719 3980 1775 4027 et
1802 3988 1911 4029 non
1932 3973 2114 4043 potius
2137 3986 2205 4028 ex
2308 3965 2556 4024 Christus
2603 3975 2725 4036 post
2772 3968 3229 4025 resurrectionem
3277 3984 3440 4034 suam,
3476 3973 3528 4022 ut
3560 3959 3774 4020 ostende

612 4055 774 4113 Patre
801 4065 856 4111 et
878 4056 1016 4113 Filio
1042 4062 1338 4129 procedere
1364 4061 1625 4132 proﬁteri,
1666 4080 1790 4119 cum
1832 4062 2207 4134 hujuscemodi
2310 4076 2341 4115 a
2377 4075 2436 4116 se
2462 4060 2756 4129 procedere
2799 4058 3061 4129 Spiritum
3104 4070 3353 4118 sanctum
3397 4060 3521 4115 sicut
3544 4064 3589 4111 et
3610 4069 3632 4107 a
3656 4050 3771 4110 Patre,

613 4148 881 4220 professio
908 4164 1084 4221 neque
1119 4150 1173 4206 in
1198 4151 1438 4219 Nicaeno,
1482 4169 1660 4225 neque
1699 4155 1757 4209 in
1778 4153 2207 4213 Chalcedonensi
2304 4150 2587 4207 insuﬁlans
2638 4151 2692 4206 in
2735 4150 3029 4222 discipulos
3067 4168 3200 4210 suos
3237 4154 3331 4220 ait,
3375 4151 3577 4222 Accipite
3600 4142 3774 4215 Spiritu

614 4241 859 4314 symbolo
888 4257 919 4296 a
949 4242 1153 4300 sanctis
1182 4241 1437 4300 Patribus
1463 4242 1608 4301 facta
1636 4245 1965 4302 inveniatur.
1990 4246 2095 4303 Per
2117 4247 2209 4303 Fi-
2309 4253 2548 4300 sanctum
2590 4244 2773 4318 (Joan.
2805 4244 2931 4317 xx);
2979 4246 3073 4317 qui
3104 4247 3213 4303 nisi
3248 4248 3317 4301 ab
3343 4258 3405 4301 eo
3428 4238 3696 4315 procederet.
3716 4241 3776 4284 υθ-

614 4331 746 4386 lium
794 4331 939 4388 enim
989 4348 1153 4404 super
1195 4336 1472 4407 apostolos
1511 4336 1567 4392 in
1619 4337 1743 4410 igne
1789 4338 2059 4410 apparuit,
2107 4354 2208 4410 per
2311 4350 2582 4406 quaquam
2610 4349 2734 4390 eum
2764 4334 3042 4392 insulllans
3071 4336 3349 4407 discipulis
3370 4335 3522 4391 daret.
3563 4327 3678 4385 Unus
3693 4329 3775 4388 ετεο

613 4422 809 4479 Filium
851 4425 1161 4483 hominibus
1197 4428 1355 4483 datus
1384 4436 1498 4496 est,
1548 4431 1807 4501 quoniam
1856 4432 1926 4487 ab
1953 4432 2206 4490 omnibus
2229 4459 2287 4522 Β
2311 4436 2395 4483 est
2423 4425 2657 4498 Spiritus
2684 4426 2958 4517 Patrisiet
2986 4426 3130 4492 Filii,
3177 4443 3333 4493 unus,
3357 4436 3413 4481 ut
3434 4437 3573 4494 supra
3595 4422 3775 4522 memon:

616 4514 851 4584 Spiritus
885 4526 1104 4575 sanctus
1138 4519 1308 4590 accipi
1345 4535 1454 4575 non
1484 4521 1590 4577 nisi
1624 4537 1722 4594 per
1744 4521 1940 4578 Filium
1972 4530 2204 4594 poterat.
2230 4504 2283 4522 δ’
2311 4519 2518 4585 vimus,
2563 4518 2848 4575 amborum
2880 4506 3163 4590 ’Spiritus.
3219 4519 3370 4588 Quod
3421 4518 3462 4572 si
3504 4512 3604 4585 quis
3640 4504 3775 4578 (ῐυίθηί

616 4604 719 4660 Per
743 4606 940 4663 Filium
981 4626 1108 4666 vero
1147 4626 1272 4667 eum
1323 4627 1355 4666 a
1389 4611 1552 4668 Patre
1594 4614 1890 4683 procedere
1937 4614 2206 4685 proﬁteri,
2312 4612 2582 4681 quomodo
2616 4610 2789 4668 Filius
2818 4628 2848 4667 a
2873 4611 3036 4668 Patre
3070 4613 3339 4669 nascendo
3368 4607 3597 4681 procedit.
3618 4596 3773 4669 59mm

617 4698 887 4767 synodicae
928 4700 1254 4758 confessioni
1299 4703 1618 4758 inusitatum
1656 4712 1741 4760 est
1768 4722 1783 4763 :
1811 4707 2065 4776 quoniam
2089 4708 2214 4778 Spi—
2311 4716 2442 4759 vero
2466 4711 2686 4760 sanctus
2720 4705 3077 4774 procedendo’
3102 4721 3212 4761 non
3238 4704 3493 4768 nascitur;
3527 4705 3604 4753 aut
3621 4706 3693 4749 cur
3710 4696 3776 4741 non
3874 4696 3875 4757 j

619 4788 755 4844 ritus
792 4800 1011 4848 sanctus
1052 4804 1112 4849 ut
1146 4811 1175 4849 a
1201 4795 1363 4851 Patre
1397 4798 1658 4867 procedat
1695 4814 1805 4855 non
1835 4808 1957 4872 eget
1986 4800 2211 4858 alterius
2312 4802 2542 4865 uterque
2578 4796 2688 4851 sint
2724 4795 2840 4862 ﬁlii,
2890 4812 3016 4853 cum
3056 4807 3286 4868 uterque
3317 4812 3346 4852 a
3374 4795 3523 4850 Patre
3546 4782 3776 4860 Ρτοοθάυίίῖ
3874 4814 3875 4853 1

619 4882 908 4951 adjutorio,
942 4892 1002 4940 ut
1034 4902 1132 4956 per
1157 4887 1392 4958 aliquem
1425 4890 1716 4960 procedat,
1766 4907 1890 4948 cum
1919 4894 2105 4965 utique
2140 4894 2214 4950 sit
2313 4897 2408 4945 aut
2438 4905 2537 4947 cur
2572 4906 2679 4947 non
2718 4900 2772 4947 et
2811 4892 3049 4964 Spiritus
3096 4902 3311 4949 sanctus
3347 4891 3539 4946 dicatur
3574 4874 3777 4949 ingenitus.
3874 4892 3875 4965 ξ

616 4975 779 5029 tertia
826 4977 882 5029 in
919 4977 1107 5031 eadem
1147 4986 1334 5034 sancta
1373 4981 1639 5039 Trinitate
1681 5000 1913 5056 persona
1958 4995 2013 5044 et
2050 4989 2212 5044 unius
2314 4984 2456 5041 sicut
2476 4983 2668 5051 Pater;
2705 4994 2801 5041 aut
2827 4988 3098 5058 quomodo
3139 4989 3206 5043 ab
3244 4996 3462 5055 utroque
3486 4967 3780 5051 ρωοθάλινπί

620 5083 744 5121 cum
781 5067 945 5124 Patre
993 5077 1048 5124 et
1088 5068 1228 5126 Filio
1272 5073 1344 5127 sit
1388 5078 1675 5145 potestatis
1723 5088 1888 5149 atque
1934 5080 2207 5136 essentia}.
2316 5076 2599 5133 curFilius
2622 5079 2765 5135 dicat
2792 5097 2804 5132 :
2832 5077 2982 5135 Sicut
3003 5079 3156 5135 habet
3173 5078 3332 5133 Pater
3349 5078 3494 5132 vitam
3511 5072 3557 5125 in
3573 5060 3779 5149 “me!in

562 5174 569 5179 ·
621 5155 869 5224 Quicum
897 5175 928 5215 a
954 5175 1012 5215 se
1037 5159 1178 5218 Deus
1202 5164 1291 5230 sit,
1326 5142 1516 5225 ad'nos
1550 5178 1733 5227 autem
1766 5142 1990 5228 relative
2009 5171 2211 5228 donum
2315 5169 2392 5223 sic
2426 5168 2569 5224 dedit
2605 5167 2749 5225 Filio
2791 5171 2949 5225 vitam
2981 5171 3169 5226 habere
3215 5171 3270 5224 in
3301 5166 3550 5237 semetipso
3580 5142 3779 5230 (locu-Vit

621 5255 718 5337 est,
751 5249 1082 5308 distribuens
1102 5254 1330 5327 singulis
1358 5269 1519 5329 prout
1555 5263 1671 5318 vult
1714 5265 2014 5337 gratiarum
2049 5266 2210 5321 dona.
2316 5262 2472 5332 quasi
2502 5270 2659 5318 antea
2702 5263 2819 5319 sine
2843 5264 2953 5319 vita
2988 5264 3130 5320 idem
3164 5263 3328 5319 Filius
3356 5254 3611 5317 exstiterit,
3635 5242 3782 5303 etimne

620 5335 757 5392 Nam
796 5348 850 5395 et
883 5345 1194 5414 prophetias
1221 5349 1419 5421 quibus
1453 5353 1568 5410 vult
1611 5335 1872 5427 impertit,
1904 5364 1961 5412 et
1992 5366 2217 5429 peccata
2315 5352 2478 5409 Patre
2500 5354 2661 5409 dante
2681 5356 3007 5425 susceperit;
3041 5364 3133 5412 aut
3159 5355 3415 5426 quomodo
3435 5350 3575 5405 Pater
3589 5340 3780 5404 uqu

622 5430 820 5529 quibus
844 5435 955 5491 vult
977 5439 1216 5507 dimittit,
1245 5460 1364 5515 qua:
1391 5447 1509 5504 sine
1538 5449 1630 5507 illo
1658 5466 1766 5507 non
1793 5452 2099 5508 donantur:
2124 5452 2217 5523 qui
2319 5446 2435 5501 sine
2460 5445 2619 5513 Filio,
2653 5455 2707 5503 et
2748 5456 2928 5505 tamen
2957 5449 3121 5506 Pater
3148 5447 3329 5521 genuit
3366 5444 3567 5506 Filium;
3601 5436 3673 5490 aut
3698 5432 3783 5529 qut)-

624 5525 748 5583 ίηάθ
768 5530 985 5599 Proprie
1021 5533 1262 5593 Charitas
1295 5550 1656 5612 nuncupatur,
1684 5543 1771 5600 vel
1798 5544 1925 5616 quia
1956 5544 2220 5600 naturali-
2319 5538 2481 5595 modo
2510 5540 2682 5598 Filius
2721 5557 2996 5613 nunquam
3047 5545 3164 5601 sine
3194 5542 3411 5614 Spiritu,
3453 5543 3501 5593 et
3541 5524 3779 5616 tamenn“:

623 5626 708 5674 ter
731 5632 827 5676 eos
859 5637 889 5676 a
919 5623 1118 5693 quibus
1139 5632 1383 5697 procedit
1407 5633 1705 5706 conjungit,
1731 5644 1787 5691 et
1810 5613 1868 5693 se
1891 5652 2058 5692 unum
2092 5651 2218 5693 cum
2321 5631 2446 5689 Nisi
2482 5650 2575 5703 ego
2612 5635 2809 5702 abiero,
2845 5634 3148 5694 Paraclitus
3178 5613 3279 5693 non
3308 5634 3458 5693 veniet
3479 5627 3539 5683 ad
3569 5637 3638 5679 v08
3658 5613 3780 5687 (Ῑοδι

625 5709 708 5771 eis
734 5717 1139 5788 esse-ostendit,
1164 5720 1250 5778 vel
1272 5724 1401 5794 quia
1427 5725 1485 5783 in
1509 5726 1668 5786 nobis
1695 5728 1752 5788 id
1774 5728 1906 5801 agit,
1939 5738 2001 5788 ut
2024 5730 2082 5789 in
2105 5730 2219 5790 Deo
2320 5733 2470 5807 xvr);
2515 5743 2610 5794 aut
2647 5735 2918 5810 quomodo
2946 5735 3118 5796 Filius
3146 5752 3253 5796 non
3288 5736 3351 5795 de
3390 5746 3459 5799 se,
3488 5723 3569 5785 sed
3594 5720 3646 5780 de
3673 5710 3780 5767 PM
