4016 6292
213 310 337 368 1191

974 310 1156 368 LIBRI
1191 311 1533 372 CAROLINI.
1571 346 1643 358 —
1677 315 1898 374 CAPIT.
1938 317 2028 377 DE
2061 317 2251 380 IMAG.
2291 351 2362 368 -—
2398 325 2527 382 LIB.
2565 325 2655 384 III.

3308 338 3453 396 H22

204 435 426 523 est,‘ne.c
454 428 635 523 tamen
663 423 714 479 ei
742 429 825 479 est
847 427 1115 523 posterior
1137 428 1203 483 de
1228 437 1611 523 querst;_aut
1636 447 1772 502 quo—
1792 436 1849 497 Α
1870 437 2145 505 generatio
2186 436 2307 494 Filii
2352 440 2420 497 de
2462 440 2624 496 Patre
2670 440 3003 513 intelligitur,
3048 445 3167 504 sine
3210 456 3452 523 tempore

200 508 356 574 modo
375 515 608 586 Spiritus
635 524 852 571 sanctus
873 516 938 572 de
955 516 1117 573 Patre
1139 520 1379 588 procedit
1403 529 1458 576 et
1483 520 1636 587 Filio,
1671 537 1771 579 nec

202 618 374 666 tamen
400 610 468 665 ab
490 610 569 665 eis
591 609 911 679 prmceditur
931 626 961 664 a
980 612 1174 681 quibus
1202 614 1472 682 procedit:
1498 615 1634 671 sciat
1654 602 1770 671 haec

199 709 252 758 et
273 703 355 758 his
378 700 575 758 similia
602 703 850 757 humanae
878 700 1190 773 fragilitatis
1215 706 1462 761 sensibus
1498 707 1767 762 inscruta-

199 794 322 851 bilia
346 802 400 851 et
421 793 989 864 incomprehensibilia
1019 808 1158 850 esse.
1187 796 1318 863 Quis
1342 797 1489 852 enim
1517 798 1618 853 ista
1640 813 1769 854 con-

198 887 421 943 sideret?
461 886 585 957 quis
626 887 730 944 ista
759 889 1213 958 comprehendat?
1244 888 1303 944 Si
1330 890 1473 945 enim
1519 893 1768 947 humanae

195 983 487 1039 nativitatis
515 983 721 1039 Christi
758 992 970 1040 secreta
1000 1000 1108 1039 non
1137 985 1400 1055 capimus,
1433 985 1630 1041 divina:
1664 1000 1765 1040 na-

196 1083 324 1131 turae
342 1077 597 1147 mysteria
615 1074 885 1147 quomodo
904 1075 1211 1146 capiemus?
1233 1078 1431 1134 Verum
1452 1079 1578 1149 quia
1598 1079 1654 1133 in
1676 1079 1766 1134 illa

193 1177 453 1223 coaeterna
478 1176 533 1222 et
564 1168 757 1239 aequali
782 1176 837 1224 et
865 1169 1188 1239 incorporali
1213 1178 1267 1226 et
1296 1170 1633 1227 ineﬁ‘ahiliter
1664 1171 1767 1227 im-

192 1260 427 1315 mutabili
447 1270 608 1331 atque
636 1262 979 1332 inseparabili
1002 1262 1268 1319 Trinitate
1292 1263 1660 1321 difﬁcillimum
1683 1273 1767 1323 est

190 1354 581 1423 generationem
610 1370 641 1410 a
662 1357 1008 1426 proeessione
1034 1358 1382 1431 distinguere,
1411 1358 1640 1416 suﬂiciat
1664 1362 1767 1418 hoc

190 1446 423 1512 credere,
440 1447 544 1503 hoc
570 1448 796 1505 ﬁrmiter
818 1458 1023 1515 tenere,
1038 1451 1143 1507 hoc
1166 1460 1280 1509 toto
1302 1455 1463 1509 corde
1492 1453 1647 1510 fateri
1665 1455 1766 1511 Pa-

190 1544 320 1594 trem
342 1539 663 1611 ingenitum,
685 1541 883 1596 Filium
907 1544 1167 1614 genitum,
1185 1544 1448 1614 Spiritum
1473 1562 1604 1602 vero
1635 1562 1764 1601 san-

188 1640 326 1687 ctum
354 1648 454 1691 nec
476 1644 720 1691 creatum
745 1652 846 1692 nec
867 1637 1124 1706 genitum,
1150 1640 1247 1694 sed
1274 1653 1341 1694 ex
1366 1638 1525 1695 Patre
1546 1647 1601 1695 et
1625 1639 1764 1696 Filio

184 1726 560 1795 procedentem
595 1745 608 1782 :
652 1728 725 1782 ita
768 1728 1032 1784 duntaxat
1068 1737 1128 1784 ut
1166 1729 1221 1784 in
1257 1729 1596 1787 confessione
1639 1732 1761 1788 ﬁdei

1867 525 2030 582 etiam
2057 531 2329 598 processio
2358 532 2592 602 Spiritus
2618 534 2790 590 sancti
2820 535 2886 590 de
2909 543 3158 608 utroque.
3188 540 3286 597 Est
3308 545 3450 601 enim

1866 615 2029 674 Pater
2052 619 2192 678 Filio
2234 623 2555 694 principium
2598 640 2704 681 non
2738 626 2989 695 creando,
3028 630 3123 686 sed
3164 631 3451 704 gignendo,
3502 668 3513 677 -

1866 722 1973 763 non
1996 716 2234 781 tempore
2254 713 2615 783 procedendo,
2654 716 2748 771 sed
2776 714 3061 775 ineﬁ‘abilis
3084 719 3245 777 Pater
3270 722 3457 780 ineﬂ‘a-

1863 796 2027 853 bilem
2076 798 2273 856 Filium
2321 802 2438 859 sine
2474 818 2581 875 quo
2624 820 2900 876 nunquam
2946 808 3066 875 fuit,
3114 811 3457 871 ineﬁ'abiliter

1864 888 1969 945 sibi
2007 892 2496 963 consempiternum
2526 897 2855 968 generando.
2898 899 2998 956 Est
3034 908 3090 958 et
3118 901 3290 961 Filius
3310 907 3456 978 prin-

1865 978 2063 1051 cipium
2093 998 2202 1039 non
2243 982 2413 1051 Patri,
2465 988 2559 1042 sed
2603 989 2765 1045 rebus
2806 1005 2837 1044 a
2869 1004 2928 1046 se
2964 993 3228 1062 conditis;
3272 1005 3359 1053 est
3401 1006 3459 1054 et

1866 1070 2098 1143 Spiritus
2142 1083 2362 1132 sanctus
2411 1077 2737 1148 principium
2785 1082 3036 1139 omnibus
3096 1098 3216 1155 qua:
3265 1088 3334 1143 ab
3387 1102 3455 1144 eo

1864 1173 2046 1220 creata
2077 1173 2220 1231 sunt,
2253 1167 2380 1237 quia
2406 1167 2553 1225 nullo
2593 1170 2752 1226 modo
2782 1173 3022 1243 separari
3047 1182 3229 1245 potest
3256 1176 3326 1233 ab
3355 1192 3453 1249 ap-

1862 1254 2151 1325 pellatione
2173 1255 2467 1314 Creatoris.
2499 1258 2637 1314 Sunt
2658 1259 2822 1317 Pater
2849 1271 2905 1317 et
2924 1261 3093 1319 Filius
3126 1265 3456 1337 principium

1867 1346 2092 1419 Spiritui
2135 1359 2324 1407 sancto
2366 1367 2474 1408 non
2521 1353 2807 1425 gignendo,
2854 1356 2981 1425 quia
3007 1373 3117 1413 non
3154 1367 3238 1414 est
3264 1359 3454 1429 Filius,

1864 1455 2040 1511 neque
2066 1443 2316 1510 creando,
2366 1444 2511 1515 quia.
2541 1460 2648 1501 non
2696 1455 2781 1501 est
2818 1455 3088 1515 creatura,
3112 1450 3206 1505 sed
3255 1450 3452 1521 dando,

1866 1532 1993 1602 quia
2022 1534 2088 1589 ab
2114 1542 2344 1605 utroque
2384 1537 2649 1606 procedit.
2691 1535 2788 1593 Est
2823 1538 2955 1593 item
3000 1538 3160 1597 Pater
3201 1548 3255 1595 et
3287 1540 3458 1599 Filius

1864 1630 1919 1678 et
1947 1623 2180 1695 Spiritus
2205 1633 2422 1681 sanctus
2448 1641 2618 1681 unum
2664 1628 3012 1699 principium,
3047 1632 3299 1688 omnibus
3334 1647 3457 1703 qua;

1864 1731 1896 1771 a
1931 1732 1991 1774 se
2018 1718 2134 1775 solo
2159 1726 2215 1775 et
2257 1734 2366 1775 uno
2408 1728 2652 1776 creatore
2696 1730 2877 1778 creata
2929 1732 3073 1780 sunt.
3120 1724 3189 1781 Et
3226 1743 3351 1783 cum
3387 1728 3459 1784 sit

187 1833 369 1873 omnes
409 1820 766 1889 opinationes,
809 1836 1000 1878 omnes
1035 1823 1322 1878 verborum
1362 1824 1629 1881 novitates
1672 1841 1762 1881 ca-

1868 1809 2023 1865 Pater
2048 1811 2391 1882 principium,
2430 1820 2485 1868 et
2512 1811 2680 1869 Filius
2724 1814 3068 1886 principium,
3119 1825 3176 1873 et
3223 1816 3459 1890 Spiritus

185 1918 407 1964 veantur
443 1928 456 1964 :
511 1919 565 1966 et
609 1911 695 1966 his
742 1912 922 1968 verbis
963 1912 1156 1984 hisque
1203 1916 1488 1971 sententiis
1525 1915 1760 1972 ﬁdelium

184 2002 447 2058 confessio
517 2003 803 2059 roboretur
865 2019 983 2074 quae
1039 2014 1238 2062 sanctae
1311 2015 1364 2063 et
1431 2007 1763 2063 universales

182 2095 371 2164 synodi
405 2096 460 2150 in
490 2095 736 2167 symbolo
766 2104 1107 2152 taxaverunt.

794 2207 1021 2264 CAPUT
1059 2209 1147 2265 IV.

178 2296 366 2354 Utrum
389 2297 688 2371 Theodorus
702 2298 969 2369 episwpus
993 2297 1477 2371 Hierosolymorum
1500 2310 1633 2354 recte
1654 2318 1765 2356 sen-

245 2371 361 2434 tiat,
389 2371 477 2440 qui
505 2386 620 2423 cum
647 2368 992 2443 Patremsine
1009 2368 1263 2443 principio
1282 2372 1493 2443 penitus
1512 2381 1560 2425 et
1577 2372 1761 2443 sempi-

242 2439 449 2495 ternum
470 2457 524 2495 se
545 2439 750 2494 credere
770 2439 981 2512 dixerit,
1002 2439 1197 2494 Filium
1217 2439 1388 2496 nescio
1412 2442 1507 2496 sub
1528 2459 1630 2512 qua
1652 2439 1765 2496 am-

244 2513 373 2581 bage
404 2512 672 2593 verborum
694 2527 807 2593 ‘non
833 2510 979 2593 aliud
1009 2513 1342 2593 prirtcipium.
1362 2529 1520 2593 quam
1540 2510 1763 2593 Patrem

243 2591 607 2652 agnoscentem
656 2589 705 2634 et
761 2597 825 2635 ea:
881 2582 992 2653 ipso
1046 2582 1431 2638 subsistentiam
1493 2583 1764 2639 habentem

240 2653 511 2722 professus
537 2653 625 2706 sit.

241 2743 312 2798 Et
336 2744 616 2815 superiore
662 2741 878 2812 quidem
928 2743 1164 2814 capitulo
1200 2745 1439 2800 exsecuti
1472 2759 1674 2811 sumus,
1708 2745 1764 2800 in

171 2845 376 2896 sanctze
422 2835 546 2891 ﬁdei
593 2834 930 2892 confessione
975 2835 1266 2892 dilucidam
1320 2845 1375 2892 et
1424 2837 1762 2908 perspicuam

171 2929 541 2987 deﬁnitionem
569 2928 686 2985 ﬁeri
708 2930 921 2995 debere,
951 2937 1005 2985 et
1028 2944 1172 2985 nunc
1197 2929 1507 2986 necessario
1531 2930 1763 3001 idipsnm

170 3023 539 3093 exsequimur.
582 3020 850 3088 Quoniam
898 3020 1004 3075 nisi
1038 3029 1187 3076 recto
1229 3020 1462 3085 tramite,
1514 3021 1765 3076 omnibus

169 3114 493 3183 ambagibus
519 3112 647 3167 hinc
673 3112 797 3166 inde
820 3111 1153 3183 postpositis,
1184 3110 1253 3166 ad
1290 3110 1764 3167 demonstrandam

167 3206 249 3262 rei
278 3204 563 3261 veritatem
584 3219 763 3260 sermo
791 3203 1087 3274 gradiatur,
1126 3210 1181 3257 et
1203 3201 1271 3258 de
1309 3201 1427 3272 ejus
1452 3218 1484 3255 a
1510 3218 1616 3272 quo
1640 3218 1767 3274 pro-

167 3295 341 3353 fertur
381 3296 507 3352 ﬁdei
552 3295 861 3367 integritate
900 3294 968 3349 ab
1013 3292 1358 3349 audientibus
1387 3294 1683 3361 dubitatur,
1710 3303 1767 3350 et

165 3388 442 3446 haeretica:
463 3387 719 3459 pravitati
752 3394 807 3442 et
830 3386 877 3441 si
905 3400 1014 3440 non
1036 3392 1182 3452 voto,
1209 3398 1342 3440 sono
1368 3392 1549 3439 tamen
1575 3397 1769 3454 appro-

165 3484 438 3555 pinquare
460 3481 691 3536 videtur.
721 3479 875 3536 Unde
913 3479 1210 3536 cavendum
1241 3486 1325 3533 est
1363 3492 1430 3532 ne
1454 3476 1511 3531 in
1553 3474 1767 3546 profes-

164 3580 324 3634 sione
344 3575 471 3631 ﬁdei
506 3574 772 3630 Theodori
796 3572 1054 3644 episcopi,
1094 3572 1186 3643 qui
1211 3571 1338 3627 dum
1365 3568 1582 3623 Patrem
1624 3568 1769 3623 dicat

163 3672 289 3729 sine
315 3668 602 3741 principio,
631 3676 687 3724 et
718 3667 915 3722 Filium
940 3682 1049 3722 non
1071 3663 1216 3721 aliud
1242 3662 1570 3733 principium
1605 3675 1768 3731 quam

162 3759 391 3821 Patrem
445 3768 846 3833 agnoscentem,
879 3766 935 3815 et
961 3760 1029 3813 ab
1062 3759 1181 3828 ipso
1226 3753 1635 3810 subsistentiam
1673 3752 1771 3808 ha.

164 3856 412 3924 bentem,
463 3856 623 3912 Pater
658 3853 875 3918 Filium,
931 3858 1025 3906 aut
1067 3857 1327 3918 tempore,
1380 3844 1473 3915 qui
1502 3843 1605 3899 sibi
1643 3857 1771 3899 con-

162 3949 536 4019 sempiternus
571 3953 686 4012 est;
736 3951 829 3999 aut
873 3940 1198 4005 substantia,
1244 3937 1339 4008 qui
1381 3936 1485 3992 sibi
1533 3934 1769 3991 consub-

161 4044 442 4102 stantialis
502 4050 586 4098 est
637 4059 653 4109 ;
710 4049 804 4096 aut
851 4040 1074 4104 honore,
1123 4035 1215 4106 qui
1256 4034 1358 4089 sibi
1397 4031 1620 4102 aequalis
1662 4039 1766 4098 est,

159 4135 482 4210 praecedere
511 4134 836 4205 suspicetur.
872 4131 1029 4199 Quod
1074 4129 1292 4200 quidem
1330 4128 1433 4184 etsi
1478 4142 1509 4182 a
1545 4124 1771 4197 praefato

158 4229 292 4302 viro
313 4236 463 4285 recte
486 4236 543 4283 et
568 4226 834 4283 catholice
874 4223 1132 4288 creditur,
1175 4222 1252 4277 ita
1282 4227 1483 4291 _tamen
1520 4218 1775 4290 ambigue

157 4321 414 4394 positum
435 4326 536 4385 est,
566 4325 629 4373 ut
653 4316 855 4389 legenti
881 4316 946 4371 de
970 4313 1087 4383 ejus
1115 4312 1220 4368 ﬁde
1240 4311 1410 4382 possit
1434 4310 1567 4367 oriri
1592 4310 1771 4382 suspi-

156 4414 278 4481 cio,
307 4411 453 4484 quod
480 4412 796 4482 plerumque
817 4424 925 4464 non
952 4406 1164 4462 inﬁrma
1195 4405 1508 4472 credulitas,
1533 4406 1628 4460 sed
1658 4419 1771 4460 ser-

157 4513 355 4570 monis
390 4510 528 4567 solet
548 4508 760 4565 eﬁicere
784 4505 1087 4563 diﬁicultas.
1116 4503 1380 4572 Quoniam
1403 4503 1564 4573 igitur
1590 4502 1647 4555 in
1668 4501 1772 4557 hac
1794 4524 1852 4588 ι)

156 4602 512 4680 professione
531 4618 640 4658 non
667 4602 846 4657 elucet
867 4598 1145 4656 evidenter
1170 4604 1354 4650 utrum
1380 4593 1497 4664 ejus
1521 4592 1654 4648 ﬁdes
1676 4601 1771 4647 aut

156 4696 400 4772 probari
425 4704 519 4751 aut
546 4694 840 4767 improbari
886 4692 1100 4755 debeat,
1132 4704 1257 4745 cum
1281 4702 1400 4742 eam
1438 4685 1770 4758 probandam

156 4792 359 4865 potius
383 4804 546 4862 quam
570 4785 979 4858 improbandam
1015 4796 1137 4839 esse
1176 4788 1361 4837 nostra
1387 4778 1571 4834 mallet
1596 4778 1774 4833 inten-

154 4889 269 4955 tio,
306 4894 482 4943 restat
508 4895 568 4941 ut
588 4884 733 4956 quod
766 4883 831 4939 de
857 4883 961 4938 hac
996 4895 1057 4936 re
1082 4895 1114 4934 a
1138 4878 1342 4935 sanctis
1370 4875 1621 4932 Patribus
1646 4890 1771 4946 per-

155 4984 443 5054 cepimus,
463 4979 732 5036 credimus
749 4984 805 5031 et
822 4983 1090 5039 tenemus,
1110 4971 1352 5029 breviter
1373 4984 1732 5040 exsequamur
1754 4986 1768 5025 :

155 5077 283 5134 hoc
311 5074 463 5131 enim
489 5073 546 5127 in
569 5070 667 5126 tali
693 5067 1029 5141 professione
1066 5062 1531 5135 expavescendum
1565 5069 1670 5127 est,
1705 5074 1775 5116 ne

156 5167 311 5223 dum
344 5164 510 5221 Pater
536 5162 654 5219 sine
682 5159 948 5232 principio
975 5156 1201 5221 dicitur,
1218 5163 1273 5211 et
1294 5153 1465 5209 Filius
1496 5168 1605 5207 non
1631 5150 1777 5207 aliud

154 5256 510 5330 principium
535 5269 700 5326 quam
725 5252 943 5308 Patrem
971 5264 1282 5321 agnoscere,
1318 5245 1592 5316 antiquior
1616 5243 1779 5300 Pater

156 5349 322 5406 Filio
364 5348 493 5418 quia
538 5344 802 5419 genuerit,
840 5352 897 5399 et
928 5342 1096 5398 Filius
1132 5339 1400 5411 posterior
1441 5337 1601 5392 Patre
1651 5335 1777 5406 quia

158 5440 403 5512 genitus
424 5439 496 5495 sit
523 5437 847 5508 suspicetur,
876 5450 1000 5490 cum
1025 5433 1275 5488 videlicet
1310 5429 1443 5486 nihil
1471 5428 1543 5485 sit
1569 5427 1626 5483 in
1655 5442 1779 5483 san-

159 5546 268 5598 cta
314 5537 586 5593 Trinitate
612 5536 852 5592 anterius
874 5533 1229 5605 posteriusve,
1255 5529 1349 5585 ubi
1379 5527 1513 5584 nihil
1545 5542 1612 5584 ex
1643 5534 1781 5582 tem—

158 5647 321 5703 pore
356 5630 661 5694 inchoatur,
714 5636 777 5682 ut
819 5621 1169 5693 consequenti
1209 5618 1523 5689 perﬁciatur
1562 5616 1618 5671 in
1644 5623 1781 5671 tem-

160 5739 343 5797 pore.
390 5722 654 5792 Quoniam
686 5721 825 5776 sicut
871 5726 984 5773 tres
1023 5728 1269 5785 persona:
1297 5706 1783 5767 consubstantiales

160 5816 295 5876 sibi
322 5823 471 5884 sunt,
511 5815 586 5872 ita
617 5814 783 5871 etiam
809 5807 1274 5881 consempiternte.
1301 5801 1370 5859 Et
1398 5801 1514 5858 sine
1538 5808 1783 5870 tempore

1862 1909 2081 1958 sanctus
2125 1903 2470 1973 principium,
2509 1919 2618 1960 non
2655 1912 2835 1960 tamen
2878 1906 2985 1961 tria
3025 1907 3312 1978 principia,
3363 1910 3459 1967 sed

1860 2008 2029 2049 unum
2066 2000 2151 2049 est
2174 1993 2518 2065 principium,
2558 2011 2667 2050 una
2690 1994 2965 2063 divinitas,
2998 2013 3104 2052 una
3131 1999 3454 2067 substantia,

1860 2104 1969 2144 una
1987 2088 2399 2159 omnipotentia.
2425 2088 2553 2144 Haac
2573 2081 2716 2144 enim
2745 2106 2865 2159 qua:
2886 2091 3125 2146 breviter
3140 2092 3461 2162 perstrinxi-

1860 2195 2003 2247 mus,
2053 2178 2421 2250 praadicatoris
2453 2180 2653 2251 egregii
2694 2180 2981 2250 Augustini
3027 2183 3206 2238 verbis
3254 2198 3452 2253 appro-

1859 2271 2037 2328 banda
2067 2279 2211 2327 sunt.
2243 2270 2336 2327 Ait
2363 2272 2543 2327 enim:
2583 2290 2603 2323 ι
2632 2271 2839 2328 Dicitur
2857 2288 2986 2343 ergo
3025 2272 3248 2329 relative
3272 2274 3454 2342 Pater,

1862 2363 2113 2435 idemque
2132 2364 2354 2420 relative
2389 2364 2589 2419 dicitur
2621 2364 2967 2435 principium,
2998 2373 3053 2421 et
3078 2365 3122 2420 si
3150 2365 3279 2435 quid
3317 2366 3459 2422 forte

1863 2456 2008 2512 aliud
2038 2456 2155 2526 ipse
2176 2456 2337 2511 Pater
2369 2456 2438 2512 ad
2467 2455 2662 2511 Filium
2693 2455 2892 2512 dicitur
2923 2474 2935 2510 :
2978 2457 3301 2527 principium
3328 2472 3459 2513 vero

1863 2546 1933 2601 ad
1955 2546 2136 2602 omnia
2183 2561 2303 2617 qua:
2342 2547 2410 2602 ab
2436 2546 2555 2619 ipso
2604 2554 2751 2603 sunt.
2803 2547 2937 2603 Item
2992 2546 3191 2603 dicitur
3236 2549 3459 2605 relative

1861 2636 2051 2705 Filius,
2085 2638 2310 2694 relative
2339 2638 2538 2694 dicitur
2581 2646 2637 2695 et
2660 2640 2904 2706 verbum,
2956 2647 3011 2695 et
3057 2640 3256 2713 imago,
3301 2648 3357 2695 et
3397 2641 3455 2696 in

1862 2731 2113 2787 omnibus
2164 2731 2250 2787 his
2300 2726 2574 2786 vocabulis
2624 2731 2693 2787 ad
2744 2730 2960 2787 Patrem
3010 2732 3262 2800 refertur,
3318 2732 3458 2787 nihil

1863 2830 2044 2876 autem
2071 2821 2268 2875 horum
2294 2819 2455 2876 Pater
2480 2820 2695 2876 dicitur.
2741 2821 2808 2876 Et
2829 2822 3154 2893 principium
3178 2822 3345 2878 Filius
3375 2823 3456 2878 di-

1864 2911 2007 2968 citur
2032 2927 2047 2966 :
2071 2928 2195 2968 cum
2218 2913 2363 2968 enim
2386 2914 2658 2969 diceretur
2684 2914 2753 2980 ei,
2784 2914 2866 2968 Tu
2898 2908 3019 2985 quis
3044 2915 3137 2970 es?
3160 2914 3455 2984 respondit,

1864 3007 2197 3078 Principium
2229 3008 2355 3078 quia
2382 3018 2437 3063 et
2466 3008 2659 3079 loquor
2688 3007 2859 3063 vobis.
2892 3007 2998 3063 Sed
3021 3008 3263 3078 nunquid
3284 2994 3476 3062 Patris.

1866 3100 2225 3170 principium?
2245 3110 2506 3155 creaturae
2526 3115 2586 3154 se
2604 3100 2803 3170 quippe
2823 3099 3109 3155 ostendere
3129 3099 3319 3163 voluit,
3336 3115 3459 3154 cum

1791 3159 1840 3226 c
1870 3210 1930 3250 se
1949 3195 2084 3250 dixit
2112 3211 2229 3251 esse
2251 3195 2596 3265 principium,
2619 3195 2760 3250 sicut
2782 3206 2837 3249 et
2852 3195 3013 3250 Pater
3031 3196 3354 3266 principium
3382 3202 3468 3250 est

1872 3296 2138 3343 creaturae
2166 3288 2308 3358 quod
2339 3289 2407 3342 ab
2435 3288 2552 3357 ipso
2592 3295 2718 3343 sunt
2758 3287 2958 3341 omnia.
2990 3286 3126 3341 Nam
3164 3294 3218 3341 et
3252 3295 3465 3341 creator

1874 3380 2094 3436 relative
2134 3379 2332 3435 dicitur
2361 3379 2429 3433 ad
2457 3386 2783 3442 creaturam,
2813 3377 2954 3431 sicut
2983 3376 3232 3430 dominus
3255 3377 3321 3430 ad
3352 3390 3468 3430 ser—

1873 3488 2021 3528 vum.
2051 3473 2119 3526 Et
2146 3473 2265 3527 ideo
2294 3487 2419 3526 cum
2448 3471 2676 3525 dicimus
2701 3476 2758 3522 et
2786 3468 3000 3521 Patrem
3033 3465 3379 3537 principium,
3411 3472 3468 3519 et

1873 3564 2071 3622 Filium
2097 3564 2439 3634 principium,
2480 3577 2587 3618 non
2617 3562 2722 3616 duo
2750 3560 3015 3639 principia
3045 3566 3304 3613 creatura:
3333 3557 3487 3637 (Ιίθὶ-⁸

1875 3676 2016 3725 mus,
2048 3660 2172 3729 quia
2200 3657 2361 3712 Pater
2385 3666 2441 3711 et
2469 3654 2636 3709 Filius
2665 3652 2826 3708 simul
2864 3652 2933 3705 ad
2965 3658 3270 3705 creaturam
3296 3664 3466 3705 unum

1874 3752 2198 3825 principium
2224 3759 2327 3814 est,
2355 3748 2494 3803 sicut
2518 3762 2657 3801 unus
2695 3753 2926 3809 creator,
2960 3742 3101 3823 sicut
3126 3755 3267 3795 unus
3301 3740 3463 3796 Deus.

1878 3844 1938 3901 Si
1974 3852 2155 3899 autem
2184 3839 2445 3913 quidquid
2488 3839 2545 3893 in
2571 3853 2630 3894 se
2659 3843 2840 3890 manet
2869 3842 2923 3889 et
2952 3833 3122 3904 gignit
3145 3831 3349 3903 aliquid
3382 3831 3468 3888 vel

1876 3942 2151 4007 operatur,
2164 3931 2487 4004 principium
2510 3935 2593 3984 est
2612 3927 2662 3982 ei
2682 3926 2761 3981 rei
2774 3941 2937 3997 quam
2952 3923 3122 3994 gignit
3135 3921 3219 3977 vel
3234 3922 3285 3979 ci
3304 3937 3466 3992 quam

1841 4070 1849 4078 .
1877 4036 2149 4099 operatur,
2181 4042 2287 4081 non
2314 4008 2603 4094 possumus
2628 4035 2826 4091 negare
2862 4021 3027 4076 etiam
3055 4018 3318 4088 Spiritum
3344 4034 3470 4073 san-

1878 4127 2025 4176 ctum
2045 4127 2192 4175 recte
2212 4116 2317 4174 dici
2343 4116 2685 4187 principium,
2712 4114 2839 4184 quia
2866 4128 2973 4168 non
3002 4126 3127 4165 eum
3152 4124 3470 4180 separamus

1877 4216 1946 4272 ab
1972 4212 2327 4284 appellatione
2347 4208 2642 4274 Creatoris,
2668 4217 2723 4261 et
2749 4206 3009 4275 scriptum
3023 4211 3108 4260 est
3127 4203 3193 4258 de
3216 4201 3308 4258 illo
3328 4198 3472 4271 quod

1877 4316 2151 4378 operetur,
2171 4314 2223 4359 et
2242 4303 2429 4373 utique
2464 4302 2521 4356 in
2551 4315 2609 4355 se
2637 4313 2863 4354 manens
2887 4303 3159 4367 operatur.
3181 4292 3300 4348 Non
3324 4291 3472 4346 enim

1878 4398 1935 4454 in
1961 4396 2165 4467 aliquid
2189 4410 2379 4451 eorum
2401 4409 2520 4463 qua:
2547 4398 2821 4461 operatur,
2864 4388 2978 4459 ipse
3006 4390 3247 4439 mutatur
3280 4389 3334 4436 et
3356 4395 3472 4435 ver-

1876 4482 2029 4556 titur,
2056 4496 2113 4543 et
2147 4502 2268 4557 qua:
2311 4493 2567 4556 operatur
2600 4482 2741 4537 vide.
2780 4478 3091 4550 Unicuique,
3140 4474 3216 4527 ait
3247 4472 3474 4542 Aposto-

1871 4582 1977 4647 lus,
2018 4580 2179 4634 datur
2221 4576 2575 4647 manifestatio
2628 4572 2859 4645 Spiritus
2901 4568 2970 4622 ad
3014 4565 3336 4620 utilitatem:
3374 4562 3471 4617 alii

1870 4673 2079 4745 quidem
2105 4671 2265 4726 datur
2284 4686 2375 4742 per
2397 4667 2655 4739 Spiritum
2677 4679 2846 4720 sermo
2872 4658 3161 4732 sapientiw,
3186 4655 3279 4710 alii
3297 4668 3469 4710 sermo

1871 4767 2104 4822 scientia
2168 4762 2457 4819 secundum
2514 4757 2753 4814 eumdem
2803 4753 3078 4825 Spiritum,
3134 4757 3187 4804 et
3237 4747 3466 4816 reliqua.

1872 4857 2005 4913 Item
2031 4857 2172 4912 idem
2197 4863 2320 4926 post
2338 4868 2510 4925 pauca
2539 4869 2552 4905 :
2580 4848 2715 4903 Nam
2745 4854 2800 4901 et
2826 4842 3100 4914 sigillatim
3143 4839 3191 4894 si
3235 4838 3470 4893 interro-

1873 4966 2063 5023 gemur
2109 4949 2176 5005 de
2227 4948 2435 5018 Spiritu
2491 4950 2696 5006 sancto,
2751 4936 3034 4992 verissime
3084 4930 3470 5023 respondemus

1874 5019 2018 5115 quod
2043 5044 2187 5099 Deus
2210 5041 2302 5106 sit,
2324 5048 2379 5093 et
2402 5051 2527 5094 cum
2550 5034 2712 5089 Patre
2737 5042 2792 5087 et
2813 5027 2953 5084 Filio
2979 5024 3140 5082 simul
3160 5019 3471 5115 unus‘Deus

1874 5110 1976 5193 est.
2026 5135 2203 5192 Unum
2248 5146 2377 5202 ergo
2428 5124 2753 5200 principium
2801 5121 2871 5177 ad
2916 5125 3223 5174 creaturam
3271 5110 3470 5202 dicitur

1876 5231 2037 5294 Deus,
2078 5242 2185 5284 non
2212 5201 2328 5281 duo
2349 5221 2435 5277 vel
2459 5221 2561 5275 tria
2594 5213 2879 5289 principia,
2931 5211 2999 5267 ad
3028 5223 3086 5264 se
3111 5214 3295 5262 autem
3322 5201 3466 5294 invi-

1876 5339 1994 5381 cem
2024 5292 2088 5377 Vin
2124 5318 2405 5380 Trinitate,
2431 5314 2476 5369 si
2505 5312 2729 5384 gignens
2757 5306 2827 5362 ad
2866 5303 2921 5396 id
3129 5295 3300 5396 gignit
3321 5292 3470 5396 prin-

1876 5416 2077 5488 cipium
2116 5418 2220 5477 est,
2274 5408 2436 5464 Pater
2477 5403 2546 5459 ad
2586 5399 2784 5456 Filium
2819 5391 3142 5488 principi-um
3190 5394 3293 5454 est,
3338 5391 3470 5488 quia

1876 5482 2062 5581 genuit
2097 5518 2243 5560 eum.
2275 5498 2469 5557 Utrum
2508 5503 2690 5551 autem
2718 5498 2773 5547 et
2805 5487 2875 5581 ad
2914 5482 3177 5555 Spiritum
3205 5483 3469 5581 sanctum

1876 5568 2196 5675 principium
2223 5594 2296 5651 sit
2317 5591 2500 5656 Pater,
2527 5582 2781 5659 quoniam
2821 5580 3025 5675 dictum
3066 5582 3168 5675 est,
3197 5571 3273 5627 De
3292 5568 3466 5675 ‘Patre

1876 5670 2130 5767 procedit,
2146 5704 2255 5744 non
2282 5700 2449 5758 parva
2482 5678 2710 5755 quaestio
2728 5684 2811 5734 est
2836 5690 2851 5732 :
2879 5674 3005 5746 quia
3043 5671 3090 5727 si
3117 5670 3190 5724 ita
3224 5672 3466 5767 estinon

1872 5756 1988 5863 jam
2011 5756 2337 5858 principium
2354 5784 2439 5837 est
2461 5775 2515 5831 ei
2537 5780 2747 5830 tantum
2776 5766 2857 5827 rei
2877 5766 2983 5826 erit
3005 5776 3170 5835 quam
3188 5756 3359 5829 gignit
3374 5756 3471 5807 aut
