4016 6292
657 252 800 316 1125

1557 248 1617 308 Β.
1655 243 1908 309 CAROLI
1943 243 2158 308 MAGNI
2195 247 2349 308 OPP.
2388 249 2570 309 PARS
2605 249 2669 308 Il.
2711 249 2952 312 SECTIO
2988 249 3056 310 ιι.

3666 275 3762 334 itit

650 375 802 442 facit,
830 373 926 432 sed
957 370 1122 430 etiam
1140 369 1189 428 ei
1219 385 1380 443 quam
1418 370 1530 437 dat,
1560 371 1654 428 ubi
1693 378 1750 427 et
1792 369 1925 426 illud
1964 369 2240 438 elucescit,
2267 375 2323 442 Α
2346 387 2486 428 unus
2511 386 2668 444 apex,
2690 385 2875 426 rerum
2905 369 3166 442 singulare
3199 386 3447 446 cacumen,
3467 394 3582 442 unus
3615 385 3656 443 in
3686 395 3768 450 sub.

652 475 852 538 utpote
877 465 1020 536 quod
1045 465 1176 521 solet
1203 465 1398 520 multos
1432 479 1669 531 movere,
1702 479 1800 520 cur
1823 480 1928 520 non
1972 464 2042 524 sit
2076 464 2245 524 Filius

651 557 818 613 etiam
847 557 1080 630 Spiritus
1108 565 1354 622 sanctus,
1403 573 1524 614 cum
1573 565 1627 612 et
1668 557 1780 628 ipse
1821 572 1852 612 a
1892 556 2053 614 Patre
2089 566 2248 616 exeat

649 649 793 712 sicut
837 650 891 708 in
921 639 1208 721 Evmigelio
1242 650 1462 722 legitur.
1501 649 1627 704 Exit
1665 650 1808 704 enim
1841 665 1949 706 non
1975 651 2245 721 quomodo

649 727 827 813 natus,
860 744 952 804 sed
975 743 1244 814 quomodo
1270 743 1456 810 datus;
1484 750 1538 798 et
1560 742 1682 798 ideo
1703 759 1810 799 non
1833 743 2032 816 dicitur
2052 745 2241 812 Filius,

649 835 775 906 quia
805 849 979 907 neque
1009 841 1166 889 natus
1201 833 1450 890 est‘sicut
1495 833 1823 907 unigenitus,
1849 851 2022 906 neque
2070 834 2246 892 factus

648 933 709 981 ut
737 911 834 996 per
867 925 1096 996 gratiam
1125 927 1442 982 nasceretur
1476 925 1616 984 sicut
1661 941 1781 982 nos.
1814 925 1968 993 Quod
1997 927 2142 984 enim
2179 927 2246 986 de

647 1010 806 1090 Patre
831 1029 1018 1076 natum
1042 1029 1126 1076 est
1148 1021 1216 1077 ad
1246 1020 1462 1078 Patrem
1488 1021 1666 1080 solum
1689 1021 1948 1092 refertur,
1969 1039 2091 1082 cum
2115 1022 2250 1080 dici-

647 1119 737 1182 tur
763 1109 955 1176 Filius,
989 1120 1044 1167 et
1072 1125 1097 1153 α
1125 1111 1248 1168 ideo
1273 1112 1444 1170 Filius
1465 1112 1646 1170 Patris
1680 1123 1765 1170 est
1790 1131 1900 1174 non
1931 1123 1988 1172 et
2011 1123 2199 1176 noster
2225 1135 2239 1172 :

645 1201 788 1272 quod
817 1210 996 1258 autem
1025 1202 1210 1260 datum
1236 1213 1321 1261 est
1348 1213 1402 1259 et
1429 1206 1500 1260 ad
1529 1219 1651 1260 eum
1681 1205 1774 1278 qui
1801 1206 1950 1264 dedit
1988 1206 2241 1276 refertur,

643 1301 699 1349 et
729 1293 798 1347 ad
840 1309 936 1348 eos
958 1295 1155 1362 quibus
1190 1295 1357 1350 dedit.
1383 1295 1570 1367 itaque
1618 1295 1856 1368 Spiritus
1886 1306 2107 1356 sanctus
2135 1315 2242 1358 non

642 1393 854 1440 tantum
877 1384 1053 1441 Patris
1074 1395 1130 1442 et
1162 1387 1283 1444 Filii
1321 1389 1414 1460 qui
1439 1389 1717 1456 dederunt,
1747 1391 1844 1447 sed
1866 1393 2032 1448 etiam
2058 1403 2246 1451 noster

642 1463 844 1534 dicitur
884 1480 978 1552 qui
1013 1481 1364 1551 accepimus;
1397 1482 1538 1538 sicut
1583 1483 1781 1540 dicitur
1828 1485 2044 1543 Domini
2095 1487 2243 1546 salus

643 1573 770 1644 quia
799 1573 892 1640 dat
926 1573 1175 1642 salutem,
1225 1577 1416 1632 eadem
1443 1578 1608 1633 etiam
1639 1587 1826 1636 nostra
1865 1580 2010 1636 salus
2037 1588 2122 1638 est
2146 1583 2241 1652 qui

643 1663 954 1740 accipimus.
985 1663 1156 1724 sltem
1181 1664 1322 1722 idem
1337 1653 1459 1738 post
1473 1683 1646 1740 pauca
1677 1688 1690 1723 :
1715 1688 1733 1722 ι
1767 1670 1826 1728 Si
1852 1686 1982 1743 ergo
2007 1682 2062 1728 et
2095 1655 2242 1743 quod

2345 462 2566 542 stantia,
2591 463 2832 518 trinus‘in
2856 463 3116 531 personis,
3135 479 3444 542 nequaquam
3469 476 3687 534 contribuli
3705 498 3769 540 no-

2344 541 2470 608 men
2499 552 2728 610 inveniri
2773 562 2968 624 potest,
2995 556 3117 626 quia
3153 573 3256 612 non
3289 541 3405 616 alibi
3437 566 3696 624 contribulus
3721 575 3769 628 in.

2343 647 2515 702 veniri
2548 655 2746 718 potest,
2793 647 2898 704 nisi
2931 649 3019 704 ubi
3052 649 3306 708 invenitur
3339 662 3389 708 et
3422 655 3581 714 tribus.
3617 661 3770 732 Spiritus

2345 748 2526 797 autem
2559 747 2776 798 sanctus
2821 757 2928 796 non
2974 741 3115 798 Patri
3156 753 3209 800 et
3251 745 3374 802 Filio
3416 751 3680 810 contribulus
3713 760 3768 812 sed

2343 836 2818 894 consubstantialis
2863 846 2964 892 est.
3015 837 3115 908 Qui
3155 839 3200 894 si
3240 841 3534 899 contribulus
3562 855 3641 912 est,
3663 851 3771 906 tribus

2346 929 2716 984 tantummodo
2739 937 2831 984 aut
2851 928 3126 986 afﬁnitatis
3169 932 3422 999 societate,
3443 937 3562 1006 quod
3583 939 3772 1008 profanum

2344 1029 2428 1078 est
2455 1021 2656 1090 dicere,
2701 1021 2980 1093 jungitur;
3032 1025 3094 1093 si,
3146 1027 3281 1094 quod
3321 1027 3513 1084 credere
3546 1045 3629 1086 non
3663 1034 3770 1092 solum

2345 1115 2656 1181 absurdum,
2680 1115 2775 1171 sed
2795 1115 2960 1170 etiam
2988 1115 3210 1188 impium
3229 1127 3325 1184 est,
3351 1119 3501 1175 tribus
3519 1127 3773 1183 tantummodo

2345 1212 2440 1260 aut
2475 1204 2752 1262 afﬁnitatis
2777 1205 3036 1262 societate
3065 1205 3406 1278 coniungitur,
3429 1225 3520 1266 non
3541 1220 3606 1267 est
3626 1217 3773 1271 conati»

2343 1297 2650 1354 stantialis:
2683 1307 2765 1354 est
2792 1306 2971 1354 autem
3009 1299 3152 1356 Patri
3175 1309 3227 1354 et
3261 1299 3386 1356 Filio
3415 1304 3772 1376 consubstantialis,

2344 1409 2453 1450 non
2476 1393 2640 1468 igitur
2661 1394 2740 1450 eis
2761 1395 3093 1452 contribulus
3111 1396 3391 1452 credendus
3409 1399 3483 1452 est
3501 1409 3576 1454 aut
3593 1399 3773 1458 dicendus.

2341 1484 2399 1540 In
2427 1485 2563 1540 tanti
2593 1486 2736 1541 enim
2763 1487 3007 1560 mysterii
3031 1486 3354 1542 confessione
3394 1489 3560 1558 spretis
3583 1489 3774 1548 dictionun

2343 1579 2694 1646 novitatibus,
2725 1579 3008 1636 suffecerat
3033 1581 3208 1636 dicere
3228 1581 3464 1652 Spiritum
3482 1595 3671 1639 sanctum
3689 1587 3775 1644 Patri

2344 1679 2398 1726 et
2416 1671 2554 1728 Filio
2579 1673 3012 1748 cuessentialem,
3035 1683 3368 1740 coaeternum,
3389 1677 3668 1746 corrqualem,
3679 1680 3776 1736 unius

642 1755 800 1837 datur
825 1755 1147 1826 principium
1195 1758 1360 1814 habet
1402 1774 1524 1816 eum
1553 1777 1586 1816 a
1617 1777 1724 1833 quo
1761 1740 1940 1830 datur,
1965 1765 2091 1848 quia
2112 1740 2239 1822 non
2270 1740 2324 1802 Β
2342 1763 2626 1835 potestatis
2670 1773 2724 1820 et
2753 1765 2959 1836 glorim,
2999 1740 3081 1820 vita
3111 1775 3169 1821 ut
3195 1781 3247 1820 in
3277 1767 3436 1845 tribus
3457 1740 3775 1842 personis'uuius

642 1834 857 1904 aliunde
881 1850 1089 1920 accepit
1113 1849 1242 1905 illud
1264 1851 1408 1922 quod
1430 1853 1498 1907 ab
1523 1853 1640 1924 ipso
1665 1857 1929 1924 procedit,
1960 1834 2242 1916 tutandum

641 1949 726 1996 est
759 1939 977 1994 Patrem
1007 1947 1064 1995 et
1099 1939 1293 1996 Filium
1331 1943 1658 2015 principium
1689 1960 1810 2003 esse
1839 1947 2075 2018 Spiritus
2115 1965 2240 2006 san-

641 2031 734 2095 cti,
764 2047 873 2087 non
907 2033 1012 2088 duo
1038 2033 1322 2104 principia,
1354 2036 1448 2091 sed
1474 2037 1614 2092 sicut
1639 2039 1801 2093 Pater
1821 2047 1876 2096 et
1898 2040 2068 2098 Filius
2100 2057 2240 2098 unus

641 2125 784 2188 Deus
811 2143 824 2180 :
851 2134 904 2180 et
931 2125 1000 2180 ad
1023 2139 1328 2182 creaturam
1355 2128 1576 2187 relative
1603 2147 1742 2186 unus
1769 2130 2000 2190 Creator
2019 2141 2074 2192 et
2099 2150 2239 2192 unus

639 2215 918 2281 Dominus,
949 2216 1030 2270 sic
1064 2217 1288 2273 relative
1327 2221 1395 2275 ad
1447 2220 1708 2292 Spiritum
1767 2233 2017 2282 sanctum
2069 2241 2238 2282 unum

635 2313 984 2386 principium,
1028 2313 1097 2370 ad
1142 2323 1448 2372 creaturam
1479 2335 1610 2376 vero
1658 2319 1821 2376 Pater
1866 2328 1923 2379 et
1966 2321 2138 2378 Filius
2181 2330 2238 2380 et

639 2406 876 2478 Spiritus
900 2415 1122 2464 sanctus
1147 2425 1314 2466 unum
1342 2411 1691 2485 principium,
1729 2415 1874 2474 sicut
1899 2431 2039 2474 unus
2067 2415 2237 2475 Crea-

636 2507 725 2556 tor
745 2507 801 2558 et
826 2515 968 2556 unus
989 2499 1272 2559 Dominus.
1306 2523 1326 2557 ι

1271 2593 1500 2652 CAPUT
1539 2597 1605 2653 Ἴ.

638 2686 792 2762 Ωιιρό
814 2687 1064 2762 Tarasius
1080 2707 1185 2746 non
1200 2699 1336 2745 recte
1348 2690 1604 2762 Spiritum
1624 2703 1866 2749 sanetum
1885 2695 2236 2753 contribulum

707 2759 861 2814 Patri
875 2771 920 2834 et
935 2761 1076 2834 Filio
1090 2762 1300 2834 dixerit,
1320 2759 1437 2834 cuin
1451 2764 1701 2834 sulficeret
1715 2765 1887 2820 dicere
1901 2775 2236 2834 comternum,

706 2831 1218 2898 consubstantialem,
1257 2831 1593 2905 ejusdemque
1607 2837 1845 2891 essentia:
1867 2847 1913 2891 et
1939 2847 2161 2892 naturae.

669 2927 674 2932 '
711 2919 920 2976 Dixisse
951 2938 1164 2992 quoque
1191 2923 1244 2977 in
1277 2939 1388 2980 sua:
1425 2925 1550 2980 fidei
1589 2927 1925 2998 professione
1973 2927 2236 3000 Spiritum

635 3022 880 3068 sanctum
929 3013 1081 3067 Patri
1123 3024 1171 3068 et
1201 3013 1344 3070 Filio
1389 3018 1741 3074 eontribulum
1773 3019 2029 3076 Tarasius
2052 3021 2234 3091 perhi-

2341 1857 2675 1922 substautiae,
2705 1857 2991 1928 potestatis
3035 1863 3088 1912 et
3112 1856 3288 1926 gloriae
3314 1857 3489 1914 summi
3519 1857 3595 1912 Dei
3616 1859 3775 1914 credatur

2338 1954 2394 2002 et
2415 1963 2446 2002 a
2471 1947 2754 2004 catholicis
2789 1947 3133 2014 confiteatur,
3162 1948 3250 2018 qui
3277 1955 3355 2002 est
3377 1963 3520 2018 super
3541 1950 3674 2005 omnia
3691 1949 3777 2004 Deus

2336 2023 2654 2094 benedictus
2681 2039 2734 2093 in
2759 2037 2976 2094 saecula.
3011 2037 3373 2109 Legat-igitur
3415 2039 3617 2112 quisquis
3637 2040 3776 2096 bacno-

2336 2147 2462 2188 men
2499 2133 2557 2188 in
2598 2139 2784 2188 sancta
2821 2131 3090 2187 Trinitate
3125 2139 3267 2188 recte
3307 2125 3634 2188 nominandum
3672 2140 3776 2202 putat,

2337 2231 2393 2279 et
2429 2221 2819 2277 assertionibus
2853 2213 3047 2278 fulcire
3082 2219 3308 2286 affectat,
3345 2222 3430 2278 lib.
3472 2222 3778 2281 xmbeatillilr

2336 2313 2425 2381 rii,
2479 2321 2534 2370 et
2578 2329 2648 2368 xv
2705 2312 3032 2369 sanctissimi
3077 2313 3354 2388 Augustini
3391 2313 3450 2370 de
3485 2313 3634 2370 eadem
3665 2321 3779 2369 sancta

2339 2415 2395 2464 et
2415 2405 2672 2463 ineffabili
2696 2406 2980 2470 Trinitate,
3001 2407 3348 2463 subtilissime
3371 2407 3648 2476 disputantes
3659 2403 3779 2460 etviri-

2337 2499 2465 2556 liter
2510 2500 2838 2567 intonantes,
2879 2501 2934 2554 in
2969 2501 3170 2572 quibus
3203 2509 3321 2556 eum
3352 2500 3446 2556 hoc
3487 2512 3640 2554 nomen
3659 2504 3779 2552 sancte

2339 2575 2612 2654 Trinit‘ati.
2643 2577 2887 2663 aptatum
2915 2593 3144 2650 minime
3186 2593 3451 2664 repererit,
3478 2591 3531 2670 id
3567 2591 3605 2647 ei
3643 2589 3780 2646 minime

2338 2691 2524 2756 aptare
2548 2693 2858 2756 prmSumat,
2898 2685 3157 2756 quoniam
3183 2687 3228 2742 si
3251 2684 3495 2741 ullatenus
3527 2688 3678 2740 sancta
3706 2679 3780 2734 ﬁdei

2338 2777 2663 2836 confessioni
2695 2778 3023 2842 conveniret,
3075 2785 3156 2834 tot
3179 2777 3565 2849 disputationum
3598 2773 3712 2829 silvas
3737 2768 3782 2824 ci-

2335 2856 2524 2940 t‘ugere
2552 2869 2820 2940 nequiret,
2845 2884 2945 2924 nec
2978 2877 3127 2926 esset
3169 2878 3274 2926 tam
3307 2867 3626 2940 eloquentibus
3646 2875 3782 2934 tamque

2336 2961 2649 3020 Latinitatis
2692 2963 2887 3036 peritia
2920 2963 3151 3020 eruditis
3178 2965 3308 3020 viris
3357 2965 3406 3019 in
3445 2955 3784 3032 disputandoalit-

2337 3071 2486 3120 num,
2537 3056 2585 3112 si
2620 3055 2792 3112 errori
2823 3059 2966 3111 esset
2994 3065 3331 3112 extraneum.
3366 3041 3513 3125 Legat
3543 3054 3668 3109 etiam
3688 3055 3784 3104 mte-

633 3106 902 3220 E‘Etjﬂﬂ
933 3108 1556 3220 ἀξέδῖῖξῖυω
1586 3120 1641 3168 et
1669 3113 1872 3220 (Ἠξίυηῖ
1900 3122 1954 3170 et
1987 3131 2018 3170 ³
2047 3115 2234 3172 ωιδ⁰⁹
2259 3123 2308 3190 c
2336 3167 2524 3208 rorum
2553 3150 2947 3210 catholicorum
2969 3150 3193 3208 Patrum
3213 3152 3278 3208 de
3303 3151 3400 3206 (ide
3421 3148 3642 3220 opuscula,
3659 3153 3785 3200 etcum

631 3199 752 3254 liene
781 3196 904 3254 fidei
933 3194 1274 3257 confessione
1305 3201 1522 3272 penitus
1547 3205 1974 3274 convellendum,
2003 3221 2110 3264 non
2140 3224 2232 3265 so-

632 3289 743 3344 lum
773 3291 839 3346 ab
866 3305 1054 3346 eorum
1085 3291 1332 3348 sensibus
1375 3292 1469 3364 qui
1495 3295 1776 3352 litterariae
1804 3297 2041 3354 solertiae
2073 3299 2236 3358 disci-

631 3381 837 3452 plinam
865 3399 973 3440 non
1001 3384 1268 3449 nesciunt,
1297 3385 1392 3440 sed
1426 3385 1592 3440 etiam
1629 3371 1698 3442 ab
1743 3397 1931 3443 eorum
1969 3390 2062 3459 qui
2091 3407 2234 3447 com-

631 3474 886 3531 munibus
928 3483 1140 3531 tantum
1169 3484 1396 3532 utuntur
1440 3477 1635 3536 litteris
1675 3495 1900 3550 prorsus
1934 3483 2238 3554 respuitur,

631 3577 688 3623 et
731 3569 906 3626 modis
935 3570 1185 3625 omnibus
1219 3571 1521 3628 abdicatur.
1571 3572 1669 3627 Est
1719 3573 1864 3628 enim
1895 3575 1951 3630 in
1976 3589 2229 3649 promptu

630 3659 1076 3728 animadvertere,
1105 3662 1250 3733 quod
1281 3663 1420 3718 sicut
1447 3665 1823 3736 consanguinei
1849 3666 2104 3725 dicuntur
2136 3671 2230 3741 qui

629 3752 756 3810 sunt
801 3755 962 3811 unius
1010 3755 1309 3826 sanguinis,
1365 3765 1420 3812 et
1454 3769 1720 3814 consortes
1768 3759 1862 3832 qui
1909 3771 2035 3818 sunt
2069 3764 2230 3820 unius

629 3847 812 3912 sortis,
847 3854 902 3902 et
927 3849 1179 3902 cowtanci
1215 3848 1308 3918 qui
1351 3857 1476 3905 sunt
1503 3851 1663 3907 unius
1706 3853 1904 3921 aetatis,
1935 3841 2027 3926 qui
2065 3857 2228 3912 etiam

628 3940 790 3993 εωευί
815 3938 1084 4003 dicuntur,
1116 3952 1169 3995 et
1206 3941 1498 4012 conformes
1539 3943 1633 4014 qui
1660 3953 1786 4000 sunt
1818 3947 1978 4004 unius
2018 3948 2226 4016 formae,

629 4030 703 4084 ita
733 4032 1010 4085 contributi
1040 4033 1292 4090 dicuntur
1327 4035 1417 4105 qui
1455 4036 1520 4090 de
1559 4053 1664 4091 una
1713 4039 1854 4093 tribu
1894 4047 2039 4094 sunt.
2080 4039 2228 4108 Quo-

628 4117 775 4174 niam
811 4119 1103 4190 loquelaris
1129 4125 1230 4178 ista
1267 4126 1575 4195 prmpdsitio
1613 4128 1754 4182 hanc
1780 4128 1888 4182 vim
1932 4129 2143 4184 obtinet
2171 4139 2232 4187 ut

629 4213 935 4284 ubicunque
953 4215 1006 4269 in
1031 4219 1422 4287 compositione
1440 4205 1731 4278 verborum
1753 4223 1994 4292 ponitur,
2017 4224 2228 4282 diversa

628 4325 858 4385 quaeque
915 4311 1190 4368 cohaerere
1240 4314 1575 4372 demonstret
1625 4335 1637 4372 :
1695 4317 1835 4374 sicut
1894 4327 1949 4375 et
2016 4319 2073 4374 in
2127 4321 2230 4379 hac

627 4397 1032 4473 compositione.
1077 4405 1212 4462 duos
1242 4414 1338 4462 aut
1363 4407 1545 4477 plures
1593 4407 1841 4468 homines
1877 4427 2000 4468 cum
2035 4415 2229 4468 contri-

626 4495 778 4551 bulas
806 4511 1082 4566 vocamus,
1117 4499 1398 4554 evidenter
1438 4518 1533 4558 eos
1563 4503 1627 4558 de
1662 4520 1769 4560 una
1816 4505 1959 4561 tribu
1987 4520 2108 4560 esse
2137 4521 2226 4560 os-
2255 4511 2310 4575 Β

643 4589 911 4646 endimus.
945 4591 1044 4648 Est
1069 4593 1216 4647 enim
1245 4595 1410 4650 tribus
1465 4597 1753 4654 multitudo
1803 4599 2080 4654 hominum
2107 4615 2228 4670 qua:

624 4689 716 4735 aut
755 4683 822 4738 ab
849 4699 956 4738 una
987 4684 1156 4756 stirpe
1188 4702 1356 4758 genus
1403 4688 1568 4755 ducit,
1621 4689 1764 4744 sicut
1799 4691 1866 4746 ab
1902 4689 2070 4746 Jacob
2095 4690 2229 4746 duo—

623 4759 797 4828 decim
825 4775 998 4832 tribus
1027 4779 1361 4848 processisse
1393 4789 1720 4848 noscuntur;
1771 4789 1867 4834 aut
1908 4795 2016 4835 uno
2066 4779 2227 4836 mini-

621 4865 791 4946 sterio
828 4865 1090 4938 fungitur,
1123 4869 1265 4926 sicut
1311 4872 1366 4928 in
1406 4866 1630 4930 exordio
1676 4871 1936 4928 Romanae
1983 4873 2134 4927 urbis
2170 4872 2225 4927 in

622 4963 735 5014 tres
771 4959 989 5014 ordines
1025 4961 1094 5016 ab
1129 4962 1370 5032 ejusdem
1423 4965 1574 5022 urbis
1619 4963 1900 5021 conditore
1949 4961 2224 5020 Romanus

620 5050 852 5120 populus
903 5052 1222 5122 dispertitos
1273 5064 1394 5126 est,
1437 5057 1493 5112 in
1560 5055 1900 5112 senatoribus
1950 5055 2220 5124 videlicet,

623 5140 886 5197 militibus
913 5143 1025 5198 sive
1050 5144 1318 5215 plebibus.
1359 5147 1511 5203 Unde
1554 5148 1818 5204 hactenus
1858 5147 2020 5219 hujus
2051 5150 2223 5204 nomi-

622 5230 708 5298 nis
738 5234 1058 5306 etymologia
1089 5247 1365 5306 servatur,
1408 5248 1463 5296 et
1508 5241 1600 5311 qui
1631 5241 1712 5298 eis
1741 5249 1985 5313 prmsunt
2025 5242 2233 5298 tribuni”

621 5333 913 5395 vocantur;
944 5329 1001 5384 in
1039 5329 1149 5387 Deo
1185 5341 1366 5390 autem
1406 5335 1502 5408 qui
1553 5345 1636 5392 est
1681 5352 1952 5396 summum
1994 5338 2216 5407 bonum,

653 5485 660 5516 _.
694 5438 820 5516 {Et
842 5440 959 5516 ideo
987 5442 1222 5516 Spiritus
1245 5446 1427 5506 Patris
1454 5459 1506 5506 et
1535 5461 1726 5508 noster.
1771 5448 1940 5511 Recte
1987 5469 2054 5510 ex
2091 5453 2220 5510 Lin-

623 5510 960 5594 denbruchii
981 5510 1361 5594 emendatione
1396 5524 1731 5579 restituimus
1758 5510 2079 5594 particulam
2127 5541 2219 5578 ne-

623 5591 1024 5658 ga_tivani,'qnaa
1052 5591 1312 5658 perierat,
1359 5610 1463 5648 non
1493 5604 1540 5649 et
1572 5591 1771 5650 noster.
1807 5595 1980 5652 Filius
2017 5595 2220 5650 dicitur

624 5652 792 5733 solius
813 5652 1000 5733 Patris»
1017 5652 1203 5727 Filius,
1230 5652 1333 5718 non
1363 5665 1528 5720 etiam
1565 5675 1752 5722 noster
1773 5665 1936 5733 titius,
1967 5665 2064 5722 sed
2089 5681 2217 5722 vero

620 5722 816 5808 [ζα-ξιξῇ
853 5726 1098 5808 Spiritus
1141 5722 1584 5808 sanctusqautem
1630 5754 1740 5796 non
1784 5722 1996 5804 tantum
2037 5737 2217 5808 Patris.

621 5802 680 5854 et
695 5795 822 5855 Filii
852 5795 1090 5872 Spiritus
1115 5813 1334 5863 sanctus
1357 5806 1576 5874 dicitur,
1611 5824 1643 5864 a
1671 5795 1870 5880 quibus
1906 5795 2096 5875 datur,
2119 5799 2217 5867 sed

2334 3242 2560 3318 hujusce
2587 3233 2824 3305 nominis
2851 3246 3186 3302 mentionem
3224 3245 3279 3299 in
3319 3251 3423 3300 tam
3451 3241 3620 3300 sublimi
3641 3247 3786 3305 tamque

2331 3337 2595 3408 praeclaro
2641 3337 2860 3408 negotio
2908 3353 3017 3394 non
3073 3338 3352 3408 repererit,
3401 3337 3526 3394 hanc
3561 3340 3788 3402 supervacue

2332 3431 2461 3486 alibi
2491 3445 2560 3490 se.
2594 3431 2861 3495 invenisse
2905 3440 3218 3502 cognoscat.
3266 3431 3508 3500 Quoniam
3535 3426 3665 3484 sicubi
3688 3431 3786 3478 extra

2331 3525 2526 3582 horum
2545 3524 2946 3594 disputationes
2998 3523 3056 3580 in
3096 3532 3302 3582 sanetae
3324 3523 3439 3580 ﬁdei
3465 3519 3719 3577 confessione
3737 3515 3789 3567 inv

2331 3617 2562 3684 venitur,
2617 3627 2712 3674 aut
2759 3619 3167 3690 ineloquentite,
3199 3634 3319 3690 qua:
3363 3613 3602 3689 imperitia:
3633 3611 3682 3664 de
3699 3605 3790 3661 fonte

2329 3709 2594 3780 procedit,
2626 3718 2719 3764 aut
2747 3708 2970 3768 alterius
2998 3711 3201 3783 lingua:
3228 3706 3520 3781 proprietati
3538 3696 3789 3773 deputandum

2331 3811 2434 3869 est,
2457 3817 2578 3872 quae
2609 3803 2927 3874 plerumque
2951 3804 3077 3858 dum
3118 3805 3192 3861 ad
3235 3803 3389 3874 aliam
3429 3801 3626 3872 linguam
3650 3788 3787 3853 tramit

2331 3899 2441 3955 vim
2466 3915 2619 3956 suam
2643 3900 2866 3956 amittit.

2949 3969 3181 4027 CAPUT
3221 3973 3306 4028 Vl.

2330 4045 2420 4141 De
2447 4079 2506 4116 eo
2543 4063 2682 4134 quod
2711 4063 2943 4141 Basilius
2989 4063 3236 4141 fine/ring
3278 4044 3790 4141 cpiscop't‘tshipsttaﬂft

2401 4123 3156 4208 lectionepOstconfessionem
3189 4123 3364 4188 Patris
3391 4123 3570 4208 et'FiIii
3587 4135 3624 4208 et
3643 4123 3790 4208 Spidtttf

2399 4206 2566 4279 sancti
2598 4193 2903 4279 imaginum
2960 4216 3032 4279 et!
3066 4205 3387 4279 {ipsanorunt
3440 4193 3790 4279 escultttjoﬂfﬂi

2401 4269 2758 4332 adorationrrn
2781 4277 3074 4339 inseruerit,
3102 4269 3263 4345 ﬁdem
3289 4293 3343 4332 se
3365 4273 3536 4329 habere
3567 4269 3699 4322 diem
3717 4273 3794 4345 put-

2399 4347 2616 4417 ticipare
2639 4349 2763 4428 ipsis
2791 4344 3207 4428 sanctiﬁcatione
3230 4364 3248 4401 :
3280 4345 3598 4428 remissionem
3619 4344 3792 4428 virgis:

2399 4398 2792 4480 caturmn,’sive
2821 4398 2996 4472 carnis
3045 4419 3483 4480 resurrectionem,
3515 4425 3588 4466 seu
3613 4408 3724 4463 uitam
3743 4398 3793 4468 i"

2399 4497 2574 4542 turam
2605 4490 2818 4542 omnino
2845 4490 3092 4542 tacuerit.

2399 4579 2668 4635 Remissio
2701 4587 3048 4650 peccatorum
3081 4595 3202 4651 quae
3230 4596 3262 4635 a
3297 4577 3484 4635 Basilio
3513 4559 3794 4668 Αῐιςῒιίτεᾩδξ

2328 4679 2491 4744 scopo
2520 4674 2576 4728 in
2602 4689 2714 4730 suae
2738 4674 2874 4729 ﬁdei
2890 4673 3232 4730 confessione
3259 4684 3341 4730 eat
3363 4666 3686 4743 praetermissa.
3705 4663 3792 4710 ἰιιίθτ

2327 4781 2536 4823 summa
2577 4768 2956 4824 ecclesiasticae
2999 4769 3278 4839 dignitatis
3315 4775 3397 4824 est
3438 4761 3704 4820 charismata
3731 4760 3792 4800 nll-
3882 4760 3883 4794 ξ

2326 4859 2601 4915 meranda.
2629 4860 2781 4916 Hanc
2808 4860 3079 4931 Propheta
3099 4861 3299 4931 insigni
3324 4857 3474 4914 laude
3499 4849 3698 4925 prere":
3718 4849 3793 4894 Cum
3882 4861 3883 4931 ί

2323 4961 2418 5006 eos
2445 4951 2637 5008 beatos
2663 4953 2792 5008 dicit
2817 4954 3012 5024 quibus
3036 4953 3138 5008 fit:
3171 4953 3350 5018 Beati,
3381 4947 3627 5020 inquiens,
3649 4940 3793 5009 4'0""
3882 4940 3883 5020 ἲ

2324 5051 2552 5106 remissa!
2587 5061 2706 5105 sunt
2741 5052 3042 5123 iniquitates
3065 5061 3116 5107 et
3141 5061 3364 5124 quorum
3395 5056 3518 5105 tecta
3540 5049 3638 5097 tum
3655 5034 3796 5126 νειεοξίι

2323 5143 2496 5216 (Psat.
2528 5147 2721 5219 xxxii).
2764 5145 2914 5202 Hanc
2940 5131 3049 5202 vox.
3073 5147 3265 5210 Verbi,
3297 5159 3398 5200 vox
3423 5132 3690 5209 Sapientia,
3710 5131 3794 5224 ant-

2322 5253 2418 5294 CllS
2448 5237 2644 5310 Sponsi
2673 5241 2815 5296 inter
2843 5242 3020 5312 prima
3044 5229 3364 5312 evangelieté
3394 5235 3523 5290 tubae
3546 5225 3726 5284 tonitrua
3744 5225 3796 5265 In.

2322 5333 2556 5398 tonavit,
2592 5334 2733 5390 sicut
2765 5335 3028 5405 scriptum
3061 5343 3146 5390 est
3181 5351 3194 5388 :
3231 5332 3299 5387 Et
3332 5328 3459 5386 venit
3487 5327 3539 5379 in
3569 5325 3722 5375 omnem
3745 5317 3796 5356 κ’

2320 5449 2483 5507 etiam
2516 5457 2702 5506 noster
2725 5448 2960 5520 Spiritus
2991 5459 3207 5506 sanctus
3231 5448 3440 5512 dicitur,
3461 5443 3627 5514 quibus
3649 5433 3770 5508 datur.

2395 5523 2422 5549 ι.
2463 5519 2616 5549 Ληηλ
2669 5521 3099 5549 -L-.....t:-..:........
3157 5531 3196 5549 ,ι
3239 5520 3426 5549 Αεησ...»
3468 5525 3510 5549 Μ
3553 5529 3578 5549 η
3605 5499 3795 5549 talltum"

2395 5523 2422 5562 b
2461 5505 2629 5586 Quod,
2665 5505 3114 5576 absurdissimum,
3151 5531 3196 5576 et
3236 5505 3436 5592 dictum:
3467 5505 3510 5569 ἐι
3553 5505 3779 5592 afﬂigi:

2317 5594 2445 5664 ﬁdei
2467 5572 2810 5684 Eoiztesiib'éé
2831 5594 3050 5684 ,ρεηῖειιε
3077 5609 3199 5684 ac".
3240 5572 3795 5684 “!""““'t;-ETf.‘3i‘..‘if

2318 5643 3418 5756 ῖῇἇόςὶιὲῆξιὶὶἇξίιίἓὲῐξὶιιὶξῳεηιξιεμη,
3444 5643 3796 5756 ρῗίίξιζεεξιίξίιιίξςςξ

2318 5713 2744 5808 angustias:
2763 5713 3270 5808 ιιὶῖηῗὲξιρῖίὶἷῗῖ
3292 5713 3416 5808 mg);
3443 5713 3635 5781 Christi
3653 5713 3774 5788 PM“

2317 5809 2386 5866 ab
2409 5805 2666 5865 Ecclesiae
2701 5807 2894 5864 matris
2931 5801 3188 5864 uberibus
3207 5801 3513 5861 convellere.
3546 5816 3562 5848 ι
