  <div class='ocr_page' id='page_1' title='image "/cluster/home/n/w/nwhite01/storage/ocr_20150623/98/hvd.32044015466782/568.png"; bbox 0 0 4016 6292; ppageno 0'>
   <div class='ocr_carea' id='block_1_1' title="bbox 170 306 309 365">
    <p class='ocr_par' dir='ltr' id='par_1_1' title="bbox 170 306 309 365">
     <span class='ocr_line' id='line_1_1' title="bbox 170 306 309 365; baseline 0 -1"><span class='ocrx_word' id='word_1_1' title='bbox 170 306 309 365; x_wconf 68' lang='grc'><strong>1195</strong></span> 
     </span>
    </p>
   </div>
   <div class='ocr_carea' id='block_1_2' title="bbox 951 286 2648 373">
    <p class='ocr_par' dir='ltr' id='par_1_2' title="bbox 951 286 2648 373">
     <span class='ocr_line' id='line_1_2' title="bbox 951 286 2648 373; baseline -0.004 -18"><span class='ocrx_word' id='word_1_2' title='bbox 951 294 1133 367; x_wconf 71' lang='lat' dir='ltr'><strong>LIBRI</strong></span> <span class='ocrx_word' id='word_1_3' title='bbox 1170 290 1514 355; x_wconf 75' lang='lat' dir='ltr'><strong>CAROLINI.</strong></span> <span class='ocrx_word' id='word_1_4' title='bbox 1557 319 1631 339; x_wconf 84' lang='lat'><strong>—-</strong></span> <span class='ocrx_word' id='word_1_5' title='bbox 1663 286 1887 369; x_wconf 75' lang='lat' dir='ltr'><strong>CAPIT.</strong></span> <span class='ocrx_word' id='word_1_6' title='bbox 1926 290 2016 351; x_wconf 81' lang='lat' dir='ltr'><strong>DE</strong></span> <span class='ocrx_word' id='word_1_7' title='bbox 2052 289 2243 351; x_wconf 75' lang='lat' dir='ltr'><strong>lMAG.</strong></span> <span class='ocrx_word' id='word_1_8' title='bbox 2283 320 2359 335; x_wconf 81' lang='lat'><strong>--</strong></span> <span class='ocrx_word' id='word_1_9' title='bbox 2388 291 2517 353; x_wconf 72' lang='lat' dir='ltr'><strong>LIB.</strong></span> <span class='ocrx_word' id='word_1_10' title='bbox 2559 292 2648 373; x_wconf 84' lang='grc' dir='ltr'><strong>ΠΙ.</strong></span> 
     </span>
    </p>
   </div>
   <div class='ocr_carea' id='block_1_3' title="bbox 3303 288 3442 357">
    <p class='ocr_par' dir='ltr' id='par_1_3' title="bbox 3303 288 3442 357">
     <span class='ocr_line' id='line_1_3' title="bbox 3303 288 3442 357; baseline 0.036 -4"><span class='ocrx_word' id='word_1_11' title='bbox 3303 288 3442 357; x_wconf 74' lang='lat'><strong>“26</strong></span> 
     </span>
    </p>
   </div>
   <div class='ocr_carea' id='block_1_4' title="bbox 163 407 3465 494">
    <p class='ocr_par' dir='ltr' id='par_1_4' title="bbox 163 407 3465 494">
     <span class='ocr_line' id='line_1_4' title="bbox 163 407 3465 494; baseline -0.002 -17"><span class='ocrx_word' id='word_1_12' title='bbox 163 423 369 494; x_wconf 79' lang='lat' dir='ltr'><strong>gionent</strong></span> <span class='ocrx_word' id='word_1_13' title='bbox 405 418 549 475; x_wconf 86' lang='lat' dir='ltr'><strong>circa</strong></span> <span class='ocrx_word' id='word_1_14' title='bbox 578 417 867 473; x_wconf 73' lang='lat' dir='ltr'><strong>Iordanem</strong></span> <span class='ocrx_word' id='word_1_15' title='bbox 906 415 1200 488; x_wconf 72' lang='lat' dir='ltr'><strong>prtcdicans</strong></span> <span class='ocrx_word' id='word_1_16' title='bbox 1242 413 1567 485; x_wconf 70' lang='lat' dir='ltr'><strong>baptismum</strong></span> <span class='ocrx_word' id='word_1_17' title='bbox 1591 410 1755 484; x_wconf 75' lang='lat' dir='ltr'><strong>pmni-</strong></span> <span class='ocrx_word' id='word_1_18' title='bbox 1782 411 1832 473; x_wconf 81' lang='grc' dir='ltr'>Α</span> <span class='ocrx_word' id='word_1_19' title='bbox 1857 417 2153 479; x_wconf 85' lang='lat' dir='ltr'><strong>resurgunt,</strong></span> <span class='ocrx_word' id='word_1_20' title='bbox 2176 407 2268 463; x_wconf 90' lang='lat' dir='ltr'><strong>alii</strong></span> <span class='ocrx_word' id='word_1_21' title='bbox 2289 410 2345 464; x_wconf 87' lang='lat' dir='ltr'><strong>in</strong></span> <span class='ocrx_word' id='word_1_22' title='bbox 2366 409 2521 464; x_wconf 83' lang='lat' dir='ltr'><strong>vitam</strong></span> <span class='ocrx_word' id='word_1_23' title='bbox 2545 418 2815 477; x_wconf 59' lang='lat' dir='ltr'><strong>a‘ternamv,</strong></span> <span class='ocrx_word' id='word_1_24' title='bbox 2837 408 2931 465; x_wconf 91' lang='lat' dir='ltr'><strong>alii</strong></span> <span class='ocrx_word' id='word_1_25' title='bbox 2951 407 3011 467; x_wconf 83' lang='lat' dir='ltr'><strong>in</strong></span> <span class='ocrx_word' id='word_1_26' title='bbox 3034 411 3363 483; x_wconf 76' lang='lat' dir='ltr'><strong>opprobrium</strong></span> <span class='ocrx_word' id='word_1_27' title='bbox 3387 426 3465 473; x_wconf 86' lang='lat' dir='ltr'><strong>ut-</strong></span> 
     </span>
    </p>
   </div>
   <div class='ocr_carea' id='block_1_5' title="bbox 164 507 1763 583">
    <p class='ocr_par' dir='ltr' id='par_1_5' title="bbox 164 507 1763 583">
     <span class='ocr_line' id='line_1_5' title="bbox 164 507 1763 583; baseline -0.003 -15"><span class='ocrx_word' id='word_1_28' title='bbox 164 516 342 571; x_wconf 73' lang='lat' dir='ltr'><strong>tentiat</strong></span> <span class='ocrx_word' id='word_1_29' title='bbox 381 514 439 568; x_wconf 81' lang='lat' dir='ltr'><strong>in</strong></span> <span class='ocrx_word' id='word_1_30' title='bbox 483 513 839 568; x_wconf 74' lang='lat' dir='ltr'><strong>remissionem</strong></span> <span class='ocrx_word' id='word_1_31' title='bbox 878 521 1212 583; x_wconf 76' lang='lat' dir='ltr'><strong>peccatorum</strong></span> <span class='ocrx_word' id='word_1_32' title='bbox 1259 509 1410 583; x_wconf 83' lang='lat' dir='ltr'><strong>(Luc.</strong></span> <span class='ocrx_word' id='word_1_33' title='bbox 1453 507 1561 578; x_wconf 74' lang='lat' dir='ltr'><strong>in).</strong></span> <span class='ocrx_word' id='word_1_34' title='bbox 1611 507 1763 563; x_wconf 87' lang='lat' dir='ltr'><strong>Hanc</strong></span> 
     </span>
    </p>
   </div>
   <div class='ocr_carea' id='block_1_6' title="bbox 164 604 1762 678">
    <p class='ocr_par' dir='ltr' id='par_1_6' title="bbox 164 604 1762 678">
     <span class='ocr_line' id='line_1_6' title="bbox 164 604 1762 678; baseline -0.003 -14"><span class='ocrx_word' id='word_1_35' title='bbox 164 611 432 665; x_wconf 72' lang='lat' dir='ltr'><strong>mediator</strong></span> <span class='ocrx_word' id='word_1_36' title='bbox 459 609 555 664; x_wconf 86' lang='lat' dir='ltr'><strong>Dei</strong></span> <span class='ocrx_word' id='word_1_37' title='bbox 586 617 640 664; x_wconf 89' lang='lat' dir='ltr'><strong>et</strong></span> <span class='ocrx_word' id='word_1_38' title='bbox 672 608 984 675; x_wconf 89' lang='lat' dir='ltr'><strong>hominum,</strong></span> <span class='ocrx_word' id='word_1_39' title='bbox 1014 606 1200 678; x_wconf 80' lang='lat' dir='ltr'><strong>Agnus</strong></span> <span class='ocrx_word' id='word_1_40' title='bbox 1227 606 1324 662; x_wconf 91' lang='lat' dir='ltr'><strong>Dei</strong></span> <span class='ocrx_word' id='word_1_41' title='bbox 1354 606 1445 677; x_wconf 87' lang='lat' dir='ltr'><strong>qui</strong></span> <span class='ocrx_word' id='word_1_42' title='bbox 1473 604 1611 661; x_wconf 89' lang='lat' dir='ltr'><strong>tollit</strong></span> <span class='ocrx_word' id='word_1_43' title='bbox 1638 618 1762 674; x_wconf 87' lang='lat' dir='ltr'><strong>pec-</strong></span> 
     </span>
    </p>
   </div>
   <div class='ocr_carea' id='block_1_7' title="bbox 165 698 1762 770">
    <p class='ocr_par' dir='ltr' id='par_1_7' title="bbox 165 698 1762 770">
     <span class='ocr_line' id='line_1_7' title="bbox 165 698 1762 770; baseline -0.004 -14"><span class='ocrx_word' id='word_1_44' title='bbox 165 712 291 756; x_wconf 88' lang='lat' dir='ltr'><strong>cata</strong></span> <span class='ocrx_word' id='word_1_45' title='bbox 328 701 544 765; x_wconf 90' lang='lat' dir='ltr'><strong>mundi,</strong></span> <span class='ocrx_word' id='word_1_46' title='bbox 578 700 778 770; x_wconf 79' lang='lat' dir='ltr'><strong>pietate</strong></span> <span class='ocrx_word' id='word_1_47' title='bbox 812 715 919 769; x_wconf 91' lang='lat' dir='ltr'><strong>qua</strong></span> <span class='ocrx_word' id='word_1_48' title='bbox 952 700 1215 757; x_wconf 89' lang='lat' dir='ltr'><strong>mundum</strong></span> <span class='ocrx_word' id='word_1_49' title='bbox 1247 698 1513 753; x_wconf 80' lang='lat' dir='ltr'><strong>redimere</strong></span> <span class='ocrx_word' id='word_1_50' title='bbox 1539 700 1762 751; x_wconf 84' lang='lat' dir='ltr'><strong>venerat</strong></span> 
     </span>
    </p>
   </div>
   <div class='ocr_carea' id='block_1_8' title="bbox 162 792 1761 864">
    <p class='ocr_par' dir='ltr' id='par_1_8' title="bbox 162 792 1761 864">
     <span class='ocr_line' id='line_1_8' title="bbox 162 792 1761 864; baseline -0.003 -15"><span class='ocrx_word' id='word_1_51' title='bbox 162 795 452 859; x_wconf 85' lang='lat' dir='ltr'><strong>dedicavit,</strong></span> <span class='ocrx_word' id='word_1_52' title='bbox 484 810 606 850; x_wconf 88' lang='lat' dir='ltr'><strong>cum</strong></span> <span class='ocrx_word' id='word_1_53' title='bbox 628 803 685 849; x_wconf 89' lang='lat' dir='ltr'><strong>et</strong></span> <span class='ocrx_word' id='word_1_54' title='bbox 708 795 1032 864; x_wconf 88' lang='lat' dir='ltr'><strong>quibusdam</strong></span> <span class='ocrx_word' id='word_1_55' title='bbox 1055 801 1183 849; x_wconf 88' lang='lat' dir='ltr'><strong>ante</strong></span> <span class='ocrx_word' id='word_1_56' title='bbox 1205 792 1511 863; x_wconf 79' lang='lat' dir='ltr'><strong>passionem</strong></span> <span class='ocrx_word' id='word_1_57' title='bbox 1539 798 1761 862; x_wconf 86' lang='lat' dir='ltr'><strong>peccata</strong></span> 
     </span>
    </p>
   </div>
   <div class='ocr_carea' id='block_1_9' title="bbox 161 885 1760 957">
    <p class='ocr_par' dir='ltr' id='par_1_9' title="bbox 161 885 1760 957">
     <span class='ocr_line' id='line_1_9' title="bbox 161 885 1760 957; baseline -0.001 -15"><span class='ocrx_word' id='word_1_58' title='bbox 161 886 407 950; x_wconf 75' lang='lat' dir='ltr'><strong>remisit,</strong></span> <span class='ocrx_word' id='word_1_59' title='bbox 440 896 496 941; x_wconf 91' lang='lat' dir='ltr'><strong>et</strong></span> <span class='ocrx_word' id='word_1_60' title='bbox 524 894 584 941; x_wconf 89' lang='lat' dir='ltr'><strong>ut</strong></span> <span class='ocrx_word' id='word_1_61' title='bbox 612 888 780 941; x_wconf 79' lang='lat' dir='ltr'><strong>totius</strong></span> <span class='ocrx_word' id='word_1_62' title='bbox 808 886 999 942; x_wconf 89' lang='lat' dir='ltr'><strong>mundi</strong></span> <span class='ocrx_word' id='word_1_63' title='bbox 1024 892 1244 957; x_wconf 73' lang='lat' dir='ltr'><strong>peacata</strong></span> <span class='ocrx_word' id='word_1_64' title='bbox 1274 885 1530 952; x_wconf 80' lang='lat' dir='ltr'><strong>dilueret,</strong></span> <span class='ocrx_word' id='word_1_65' title='bbox 1562 900 1620 941; x_wconf 90' lang='lat' dir='ltr'><strong>se</strong></span> <span class='ocrx_word' id='word_1_66' title='bbox 1650 885 1760 940; x_wconf 89' lang='lat' dir='ltr'><strong>Deo</strong></span> 
     </span>
    </p>
   </div>
   <div class='ocr_carea' id='block_1_10' title="bbox 158 976 1760 1049">
    <p class='ocr_par' dir='ltr' id='par_1_10' title="bbox 158 976 1760 1049">
     <span class='ocr_line' id='line_1_10' title="bbox 158 976 1760 1049; baseline 0 -17"><span class='ocrx_word' id='word_1_67' title='bbox 158 976 309 1033; x_wconf 78' lang='lat' dir='ltr'><strong>Patri</strong></span> <span class='ocrx_word' id='word_1_68' title='bbox 355 979 410 1033; x_wconf 88' lang='lat' dir='ltr'><strong>in</strong></span> <span class='ocrx_word' id='word_1_69' title='bbox 450 978 778 1036; x_wconf 82' lang='lat' dir='ltr'><strong>sacriﬁcium</strong></span> <span class='ocrx_word' id='word_1_70' title='bbox 817 978 1014 1035; x_wconf 79' lang='lat' dir='ltr'><strong>obtulit</strong></span> <span class='ocrx_word' id='word_1_71' title='bbox 1056 994 1072 1033; x_wconf 88' lang='lat'><strong>:</strong></span> <span class='ocrx_word' id='word_1_72' title='bbox 1118 987 1174 1034; x_wconf 89' lang='lat' dir='ltr'><strong>et</strong></span> <span class='ocrx_word' id='word_1_73' title='bbox 1211 986 1273 1033; x_wconf 89' lang='lat' dir='ltr'><strong>ut</strong></span> <span class='ocrx_word' id='word_1_74' title='bbox 1310 979 1452 1035; x_wconf 87' lang='lat' dir='ltr'><strong>hanc</strong></span> <span class='ocrx_word' id='word_1_75' title='bbox 1494 977 1760 1049; x_wconf 87' lang='lat' dir='ltr'><strong>perpetim</strong></span> 
     </span>
    </p>
   </div>
   <div class='ocr_carea' id='block_1_11' title="bbox 158 1068 1761 1141">
    <p class='ocr_par' dir='ltr' id='par_1_11' title="bbox 158 1068 1761 1141">
     <span class='ocr_line' id='line_1_11' title="bbox 158 1068 1761 1141; baseline 0 -17"><span class='ocrx_word' id='word_1_76' title='bbox 158 1070 403 1127; x_wconf 83' lang='lat' dir='ltr'><strong>Ecclesia</strong></span> <span class='ocrx_word' id='word_1_77' title='bbox 441 1072 697 1141; x_wconf 86' lang='lat' dir='ltr'><strong>consequi</strong></span> <span class='ocrx_word' id='word_1_78' title='bbox 728 1072 964 1137; x_wconf 89' lang='lat' dir='ltr'><strong>valeret,</strong></span> <span class='ocrx_word' id='word_1_79' title='bbox 1006 1069 1243 1140; x_wconf 81' lang='lat' dir='ltr'><strong>Spiritus</strong></span> <span class='ocrx_word' id='word_1_80' title='bbox 1278 1069 1329 1125; x_wconf 90' lang='lat' dir='ltr'><strong>ei</strong></span> <span class='ocrx_word' id='word_1_81' title='bbox 1370 1068 1636 1126; x_wconf 84' lang='lat' dir='ltr'><strong>ineti‘abile</strong></span> <span class='ocrx_word' id='word_1_82' title='bbox 1665 1069 1761 1124; x_wconf 90' lang='lat' dir='ltr'><strong>do-</strong></span> 
     </span>
    </p>
   </div>
   <div class='ocr_carea' id='block_1_12' title="bbox 158 1163 1760 1235">
    <p class='ocr_par' dir='ltr' id='par_1_12' title="bbox 158 1163 1760 1235">
     <span class='ocr_line' id='line_1_12' title="bbox 158 1163 1760 1235; baseline 0.001 -17"><span class='ocrx_word' id='word_1_83' title='bbox 158 1179 291 1219; x_wconf 90' lang='lat' dir='ltr'><strong>num</strong></span> <span class='ocrx_word' id='word_1_84' title='bbox 319 1171 374 1219; x_wconf 92' lang='lat' dir='ltr'><strong>et</strong></span> <span class='ocrx_word' id='word_1_85' title='bbox 415 1163 501 1220; x_wconf 88' lang='lat' dir='ltr'><strong>sui</strong></span> <span class='ocrx_word' id='word_1_86' title='bbox 540 1165 873 1221; x_wconf 88' lang='lat' dir='ltr'><strong>characteris</strong></span> <span class='ocrx_word' id='word_1_87' title='bbox 911 1163 1274 1234; x_wconf 82' lang='lat' dir='ltr'><strong>insuperabile</strong></span> <span class='ocrx_word' id='word_1_88' title='bbox 1302 1163 1546 1235; x_wconf 85' lang='lat' dir='ltr'><strong>signum,</strong></span> <span class='ocrx_word' id='word_1_89' title='bbox 1578 1171 1634 1219; x_wconf 87' lang='lat' dir='ltr'><strong>et</strong></span> <span class='ocrx_word' id='word_1_90' title='bbox 1675 1179 1760 1220; x_wconf 87' lang='lat' dir='ltr'><strong>sa-</strong></span> 
     </span>
    </p>
   </div>
   <div class='ocr_carea' id='block_1_13' title="bbox 161 1256 1759 1328">
    <p class='ocr_par' dir='ltr' id='par_1_13' title="bbox 161 1256 1759 1328">
     <span class='ocr_line' id='line_1_13' title="bbox 161 1256 1759 1328; baseline -0.001 -15"><span class='ocrx_word' id='word_1_91' title='bbox 161 1257 437 1313; x_wconf 84' lang='lat' dir='ltr'><strong>crosancti</strong></span> <span class='ocrx_word' id='word_1_92' title='bbox 464 1258 808 1328; x_wconf 72' lang='lat' dir='ltr'><strong>baptismatis</strong></span> <span class='ocrx_word' id='word_1_93' title='bbox 838 1256 1178 1313; x_wconf 89' lang='lat' dir='ltr'><strong>salutiferum</strong></span> <span class='ocrx_word' id='word_1_94' title='bbox 1204 1264 1601 1311; x_wconf 78' lang='lat' dir='ltr'><strong>sacramentum</strong></span> <span class='ocrx_word' id='word_1_95' title='bbox 1631 1272 1759 1311; x_wconf 78' lang='lat' dir='ltr'><strong>con-</strong></span> 
     </span>
    </p>
   </div>
   <div class='ocr_carea' id='block_1_14' title="bbox 162 1347 1761 1423">
    <p class='ocr_par' dir='ltr' id='par_1_14' title="bbox 162 1347 1761 1423">
     <span class='ocr_line' id='line_1_14' title="bbox 162 1347 1761 1423; baseline -0.003 -17"><span class='ocrx_word' id='word_1_96' title='bbox 162 1350 347 1406; x_wconf 86' lang='lat' dir='ltr'><strong>cessit.</strong></span> <span class='ocrx_word' id='word_1_97' title='bbox 393 1350 544 1405; x_wconf 82' lang='lat' dir='ltr'><strong>Banc</strong></span> <span class='ocrx_word' id='word_1_98' title='bbox 585 1348 812 1419; x_wconf 84' lang='lat' dir='ltr'><strong>apostoli</strong></span> <span class='ocrx_word' id='word_1_99' title='bbox 860 1350 935 1423; x_wconf 89' lang='lat' dir='ltr'><strong>in</strong></span> <span class='ocrx_word' id='word_1_100' title='bbox 961 1348 1249 1405; x_wconf 88' lang='lat' dir='ltr'><strong>collatione</strong></span> <span class='ocrx_word' id='word_1_101' title='bbox 1290 1348 1444 1413; x_wconf 92' lang='lat' dir='ltr'><strong>ﬁdei,</strong></span> <span class='ocrx_word' id='word_1_102' title='bbox 1487 1363 1651 1417; x_wconf 86' lang='lat' dir='ltr'><strong>quam</strong></span> <span class='ocrx_word' id='word_1_103' title='bbox 1690 1347 1761 1402; x_wconf 90' lang='lat' dir='ltr'><strong>ah</strong></span> 
     </span>
    </p>
   </div>
   <div class='ocr_carea' id='block_1_15' title="bbox 164 1437 1762 1511">
    <p class='ocr_par' dir='ltr' id='par_1_15' title="bbox 164 1437 1762 1511">
     <span class='ocr_line' id='line_1_15' title="bbox 164 1437 1762 1511; baseline -0.003 -16"><span class='ocrx_word' id='word_1_104' title='bbox 164 1442 393 1497; x_wconf 83' lang='lat' dir='ltr'><strong>invicem</strong></span> <span class='ocrx_word' id='word_1_105' title='bbox 441 1438 735 1497; x_wconf 82' lang='lat' dir='ltr'><strong>discessuri</strong></span> <span class='ocrx_word' id='word_1_106' title='bbox 783 1440 936 1511; x_wconf 85' lang='lat' dir='ltr'><strong>quasi</strong></span> <span class='ocrx_word' id='word_1_107' title='bbox 989 1438 1276 1510; x_wconf 85' lang='lat' dir='ltr'><strong>quamdam</strong></span> <span class='ocrx_word' id='word_1_108' title='bbox 1323 1437 1659 1493; x_wconf 86' lang='lat' dir='ltr'><strong>credulitatis</strong></span> <span class='ocrx_word' id='word_1_109' title='bbox 1705 1443 1762 1493; x_wconf 89' lang='lat' dir='ltr'><strong>et</strong></span> 
     </span>
    </p>
   </div>
   <div class='ocr_carea' id='block_1_16' title="bbox 162 1528 1761 1605">
    <p class='ocr_par' dir='ltr' id='par_1_16' title="bbox 162 1528 1761 1605">
     <span class='ocr_line' id='line_1_16' title="bbox 162 1528 1761 1605; baseline -0.004 -15"><span class='ocrx_word' id='word_1_110' title='bbox 162 1532 567 1605; x_wconf 64' lang='lat' dir='ltr'><strong>praedicationis</strong></span> <span class='ocrx_word' id='word_1_111' title='bbox 591 1546 838 1588; x_wconf 85' lang='lat' dir='ltr'><strong>normam</strong></span> <span class='ocrx_word' id='word_1_112' title='bbox 866 1540 1192 1595; x_wconf 89' lang='lat' dir='ltr'><strong>statuerunt,</strong></span> <span class='ocrx_word' id='word_1_113' title='bbox 1217 1536 1341 1601; x_wconf 75' lang='lat' dir='ltr'><strong>past</strong></span> <span class='ocrx_word' id='word_1_114' title='bbox 1367 1528 1761 1586; x_wconf 84' lang='lat' dir='ltr'><strong>confessionem</strong></span> 
     </span>
    </p>
   </div>
   <div class='ocr_carea' id='block_1_17' title="bbox 167 1622 1762 1697">
    <p class='ocr_par' dir='ltr' id='par_1_17' title="bbox 167 1622 1762 1697">
     <span class='ocr_line' id='line_1_17' title="bbox 167 1622 1762 1697; baseline -0.003 -16"><span class='ocrx_word' id='word_1_115' title='bbox 167 1626 365 1693; x_wconf 86' lang='lat' dir='ltr'><strong>Patris,</strong></span> <span class='ocrx_word' id='word_1_116' title='bbox 394 1632 448 1681; x_wconf 80' lang='lat' dir='ltr'><strong>et</strong></span> <span class='ocrx_word' id='word_1_117' title='bbox 470 1626 614 1693; x_wconf 82' lang='lat' dir='ltr'><strong>Filii,</strong></span> <span class='ocrx_word' id='word_1_118' title='bbox 642 1636 697 1683; x_wconf 89' lang='lat' dir='ltr'><strong>et</strong></span> <span class='ocrx_word' id='word_1_119' title='bbox 723 1626 957 1697; x_wconf 88' lang='lat' dir='ltr'><strong>Spiritus</strong></span> <span class='ocrx_word' id='word_1_120' title='bbox 984 1626 1177 1692; x_wconf 86' lang='lat' dir='ltr'><strong>sancti,</strong></span> <span class='ocrx_word' id='word_1_121' title='bbox 1204 1624 1452 1695; x_wconf 88' lang='lat' dir='ltr'><strong>posuisse</strong></span> <span class='ocrx_word' id='word_1_122' title='bbox 1474 1622 1762 1694; x_wconf 89' lang='lat' dir='ltr'><strong>perhiben-</strong></span> 
     </span>
    </p>
   </div>
   <div class='ocr_carea' id='block_1_18' title="bbox 165 1714 1761 1789">
    <p class='ocr_par' dir='ltr' id='par_1_18' title="bbox 165 1714 1761 1789">
     <span class='ocr_line' id='line_1_18' title="bbox 165 1714 1761 1789; baseline -0.004 -14"><span class='ocrx_word' id='word_1_123' title='bbox 165 1728 256 1775; x_wconf 88' lang='lat' dir='ltr'><strong>tur</strong></span> <span class='ocrx_word' id='word_1_124' title='bbox 287 1738 303 1776; x_wconf 91' lang='lat'><strong>:</strong></span> <span class='ocrx_word' id='word_1_125' title='bbox 333 1729 390 1775; x_wconf 91' lang='lat' dir='ltr'><strong>et</strong></span> <span class='ocrx_word' id='word_1_126' title='bbox 417 1720 473 1775; x_wconf 90' lang='lat' dir='ltr'><strong>in</strong></span> <span class='ocrx_word' id='word_1_127' title='bbox 514 1722 650 1776; x_wconf 90' lang='lat' dir='ltr'><strong>tanti</strong></span> <span class='ocrx_word' id='word_1_128' title='bbox 677 1720 826 1775; x_wconf 84' lang='lat' dir='ltr'><strong>verbi</strong></span> <span class='ocrx_word' id='word_1_129' title='bbox 870 1714 1138 1775; x_wconf 79' lang='lat' dir='ltr'><strong>brevitate</strong></span> <span class='ocrx_word' id='word_1_130' title='bbox 1166 1720 1231 1774; x_wconf 91' lang='lat' dir='ltr'><strong>de</strong></span> <span class='ocrx_word' id='word_1_131' title='bbox 1259 1733 1368 1789; x_wconf 90' lang='lat' dir='ltr'><strong>quo</strong></span> <span class='ocrx_word' id='word_1_132' title='bbox 1405 1732 1504 1787; x_wconf 89' lang='lat' dir='ltr'><strong>per</strong></span> <span class='ocrx_word' id='word_1_133' title='bbox 1531 1715 1761 1786; x_wconf 85' lang='lat' dir='ltr'><strong>prophe-</strong></span> 
     </span>
    </p>
   </div>
   <div class='ocr_carea' id='block_1_19' title="bbox 169 1806 1758 1879">
    <p class='ocr_par' dir='ltr' id='par_1_19' title="bbox 169 1806 1758 1879">
     <span class='ocr_line' id='line_1_19' title="bbox 169 1806 1758 1879; baseline -0.004 -12"><span class='ocrx_word' id='word_1_134' title='bbox 169 1821 277 1867; x_wconf 85' lang='lat' dir='ltr'><strong>tam</strong></span> <span class='ocrx_word' id='word_1_135' title='bbox 305 1812 508 1868; x_wconf 90' lang='lat' dir='ltr'><strong>dictum</strong></span> <span class='ocrx_word' id='word_1_136' title='bbox 534 1821 652 1868; x_wconf 87' lang='lat' dir='ltr'><strong>est:</strong></span> <span class='ocrx_word' id='word_1_137' title='bbox 688 1806 911 1866; x_wconf 81' lang='lat' dir='ltr'><strong>Verbum</strong></span> <span class='ocrx_word' id='word_1_138' title='bbox 940 1811 1294 1865; x_wconf 85' lang='lat' dir='ltr'><strong>abbreviatum</strong></span> <span class='ocrx_word' id='word_1_139' title='bbox 1320 1808 1474 1879; x_wconf 85' lang='lat' dir='ltr'><strong>faciet</strong></span> <span class='ocrx_word' id='word_1_140' title='bbox 1501 1806 1758 1861; x_wconf 80' lang='lat' dir='ltr'><strong>Dominus</strong></span> 
     </span>
    </p>
   </div>
   <div class='ocr_carea' id='block_1_20' title="bbox 162 1901 1759 1978">
    <p class='ocr_par' dir='ltr' id='par_1_20' title="bbox 162 1901 1759 1978">
     <span class='ocr_line' id='line_1_20' title="bbox 162 1901 1759 1978; baseline -0.004 -18"><span class='ocrx_word' id='word_1_141' title='bbox 162 1922 321 1978; x_wconf 82' lang='lat' dir='ltr'><strong>super</strong></span> <span class='ocrx_word' id='word_1_142' title='bbox 345 1915 540 1960; x_wconf 86' lang='lat' dir='ltr'><strong>terram</strong></span> <span class='ocrx_word' id='word_1_143' title='bbox 566 1905 701 1977; x_wconf 82' lang='lat' dir='ltr'><strong>(Isa.</strong></span> <span class='ocrx_word' id='word_1_144' title='bbox 732 1921 796 1973; x_wconf 80' lang='lat' dir='ltr'><strong>x;</strong></span> <span class='ocrx_word' id='word_1_145' title='bbox 829 1903 983 1959; x_wconf 87' lang='lat' dir='ltr'><strong>Rom.</strong></span> <span class='ocrx_word' id='word_1_146' title='bbox 1014 1903 1110 1976; x_wconf 77' lang='lat' dir='ltr'><strong>rx),</strong></span> <span class='ocrx_word' id='word_1_147' title='bbox 1144 1903 1285 1958; x_wconf 88' lang='lat' dir='ltr'><strong>hanc</strong></span> <span class='ocrx_word' id='word_1_148' title='bbox 1309 1917 1510 1973; x_wconf 90' lang='lat' dir='ltr'><strong>ponere</strong></span> <span class='ocrx_word' id='word_1_149' title='bbox 1536 1901 1759 1955; x_wconf 89' lang='lat' dir='ltr'><strong>minime</strong></span> 
     </span>
    </p>
   </div>
   <div class='ocr_carea' id='block_1_21' title="bbox 163 1988 1757 2065">
    <p class='ocr_par' dir='ltr' id='par_1_21' title="bbox 163 1988 1757 2065">
     <span class='ocr_line' id='line_1_21' title="bbox 163 1988 1757 2065; baseline -0.003 -16"><span class='ocrx_word' id='word_1_150' title='bbox 163 1994 504 2063; x_wconf 87' lang='lat' dir='ltr'><strong>distulerunt,</strong></span> <span class='ocrx_word' id='word_1_151' title='bbox 529 1995 661 2065; x_wconf 84' lang='lat' dir='ltr'><strong>quia</strong></span> <span class='ocrx_word' id='word_1_152' title='bbox 683 1993 800 2050; x_wconf 88' lang='lat' dir='ltr'><strong>sine</strong></span> <span class='ocrx_word' id='word_1_153' title='bbox 823 1996 923 2050; x_wconf 89' lang='lat' dir='ltr'><strong>hac</strong></span> <span class='ocrx_word' id='word_1_154' title='bbox 948 1992 1072 2048; x_wconf 91' lang='lat' dir='ltr'><strong>ﬁdei</strong></span> <span class='ocrx_word' id='word_1_155' title='bbox 1101 1988 1465 2049; x_wconf 84' lang='lat' dir='ltr'><strong>sinceritatem</strong></span> <span class='ocrx_word' id='word_1_156' title='bbox 1492 1992 1757 2062; x_wconf 78' lang='lat' dir='ltr'><strong>integram</strong></span> 
     </span>
    </p>
   </div>
   <div class='ocr_carea' id='block_1_22' title="bbox 162 2081 1759 2158">
    <p class='ocr_par' dir='ltr' id='par_1_22' title="bbox 162 2081 1759 2158">
     <span class='ocr_line' id='line_1_22' title="bbox 162 2081 1759 2158; baseline -0.002 -18"><span class='ocrx_word' id='word_1_157' title='bbox 162 2100 288 2142; x_wconf 87' lang='lat' dir='ltr'><strong>esse</strong></span> <span class='ocrx_word' id='word_1_158' title='bbox 313 2088 532 2144; x_wconf 89' lang='lat' dir='ltr'><strong>minime</strong></span> <span class='ocrx_word' id='word_1_159' title='bbox 559 2093 967 2158; x_wconf 79' lang='lat' dir='ltr'><strong>perspexerunt.</strong></span> <span class='ocrx_word' id='word_1_160' title='bbox 1013 2083 1127 2141; x_wconf 88' lang='lat' dir='ltr'><strong>Nec</strong></span> <span class='ocrx_word' id='word_1_161' title='bbox 1156 2084 1398 2141; x_wconf 88' lang='lat' dir='ltr'><strong>cohibuit</strong></span> <span class='ocrx_word' id='word_1_162' title='bbox 1426 2098 1520 2138; x_wconf 90' lang='lat' dir='ltr'><strong>eos</strong></span> <span class='ocrx_word' id='word_1_163' title='bbox 1544 2084 1613 2138; x_wconf 91' lang='lat' dir='ltr'><strong>ah</strong></span> <span class='ocrx_word' id='word_1_164' title='bbox 1641 2081 1759 2150; x_wconf 89' lang='lat' dir='ltr'><strong>ejus</strong></span> 
     </span>
    </p>
   </div>
   <div class='ocr_carea' id='block_1_23' title="bbox 162 2174 1759 2249">
    <p class='ocr_par' dir='ltr' id='par_1_23' title="bbox 162 2174 1759 2249">
     <span class='ocr_line' id='line_1_23' title="bbox 162 2174 1759 2249; baseline -0.004 -16"><span class='ocrx_word' id='word_1_165' title='bbox 162 2178 500 2249; x_wconf 82' lang='lat' dir='ltr'><strong>professione</strong></span> <span class='ocrx_word' id='word_1_166' title='bbox 543 2178 686 2233; x_wconf 89' lang='lat' dir='ltr'><strong>illius</strong></span> <span class='ocrx_word' id='word_1_167' title='bbox 716 2177 946 2249; x_wconf 89' lang='lat' dir='ltr'><strong>symboli</strong></span> <span class='ocrx_word' id='word_1_168' title='bbox 975 2177 1214 2232; x_wconf 76' lang='lat' dir='ltr'><strong>brevitas</strong></span> <span class='ocrx_word' id='word_1_169' title='bbox 1240 2191 1401 2247; x_wconf 89' lang='lat' dir='ltr'><strong>quam</strong></span> <span class='ocrx_word' id='word_1_170' title='bbox 1432 2174 1759 2245; x_wconf 82' lang='lat' dir='ltr'><strong>exposcebat</strong></span> 
     </span>
    </p>
   </div>
   <div class='ocr_carea' id='block_1_24' title="bbox 164 2268 1760 2342">
    <p class='ocr_par' dir='ltr' id='par_1_24' title="bbox 164 2268 1760 2342">
     <span class='ocr_line' id='line_1_24' title="bbox 164 2268 1760 2342; baseline -0.006 -13"><span class='ocrx_word' id='word_1_171' title='bbox 164 2288 336 2338; x_wconf 60' lang='lat' dir='ltr'><strong>sacrae</strong></span> <span class='ocrx_word' id='word_1_172' title='bbox 369 2271 493 2327; x_wconf 88' lang='lat' dir='ltr'><strong>ﬁdei</strong></span> <span class='ocrx_word' id='word_1_173' title='bbox 533 2271 834 2342; x_wconf 82' lang='lat' dir='ltr'><strong>integritas,</strong></span> <span class='ocrx_word' id='word_1_174' title='bbox 879 2271 1125 2340; x_wconf 86' lang='lat' dir='ltr'><strong>tantique</strong></span> <span class='ocrx_word' id='word_1_175' title='bbox 1162 2269 1289 2326; x_wconf 88' lang='lat' dir='ltr'><strong>doni</strong></span> <span class='ocrx_word' id='word_1_176' title='bbox 1324 2268 1628 2323; x_wconf 89' lang='lat' dir='ltr'><strong>veneranda</strong></span> <span class='ocrx_word' id='word_1_177' title='bbox 1668 2282 1760 2322; x_wconf 88' lang='lat' dir='ltr'><strong>su-</strong></span> 
     </span>
    </p>
   </div>
   <div class='ocr_carea' id='block_1_25' title="bbox 162 2363 1759 2435">
    <p class='ocr_par' dir='ltr' id='par_1_25' title="bbox 162 2363 1759 2435">
     <span class='ocr_line' id='line_1_25' title="bbox 162 2363 1759 2435; baseline -0.005 -14"><span class='ocrx_word' id='word_1_178' title='bbox 162 2366 419 2423; x_wconf 84' lang='lat' dir='ltr'><strong>blimitas.</strong></span> <span class='ocrx_word' id='word_1_179' title='bbox 452 2365 538 2420; x_wconf 86' lang='lat' dir='ltr'><strong>Fit</strong></span> <span class='ocrx_word' id='word_1_180' title='bbox 563 2365 705 2420; x_wconf 90' lang='lat' dir='ltr'><strong>enim</strong></span> <span class='ocrx_word' id='word_1_181' title='bbox 745 2379 844 2435; x_wconf 91' lang='lat' dir='ltr'><strong>per</strong></span> <span class='ocrx_word' id='word_1_182' title='bbox 885 2363 1147 2433; x_wconf 82' lang='lat' dir='ltr'><strong>Spiritum</strong></span> <span class='ocrx_word' id='word_1_183' title='bbox 1188 2369 1433 2417; x_wconf 90' lang='lat' dir='ltr'><strong>sanctum</strong></span> <span class='ocrx_word' id='word_1_184' title='bbox 1472 2374 1571 2429; x_wconf 89' lang='lat' dir='ltr'><strong>per</strong></span> <span class='ocrx_word' id='word_1_185' title='bbox 1596 2371 1759 2429; x_wconf 89' lang='lat' dir='ltr'><strong>quem</strong></span> 
     </span>
    </p>
   </div>
   <div class='ocr_carea' id='block_1_26' title="bbox 164 2452 1763 2530">
    <p class='ocr_par' dir='ltr' id='par_1_26' title="bbox 164 2452 1763 2530">
     <span class='ocr_line' id='line_1_26' title="bbox 164 2452 1763 2530; baseline -0.005 -17"><span class='ocrx_word' id='word_1_186' title='bbox 164 2460 516 2514; x_wconf 88' lang='lat' dir='ltr'><strong>remittuntur</strong></span> <span class='ocrx_word' id='word_1_187' title='bbox 554 2464 795 2530; x_wconf 88' lang='lat' dir='ltr'><strong>peccata,</strong></span> <span class='ocrx_word' id='word_1_188' title='bbox 838 2456 951 2512; x_wconf 85' lang='lat' dir='ltr'><strong>sive</strong></span> <span class='ocrx_word' id='word_1_189' title='bbox 995 2455 1308 2526; x_wconf 87' lang='lat' dir='ltr'><strong>sanguinem</strong></span> <span class='ocrx_word' id='word_1_190' title='bbox 1352 2452 1551 2511; x_wconf 86' lang='lat' dir='ltr'><strong>Christi</strong></span> <span class='ocrx_word' id='word_1_191' title='bbox 1594 2454 1684 2522; x_wconf 89' lang='lat' dir='ltr'><strong>qui</strong></span> <span class='ocrx_word' id='word_1_192' title='bbox 1726 2466 1763 2506; x_wconf 18' lang='lat' dir='ltr'><strong>ai</strong></span> 
     </span>
    </p>
   </div>
   <div class='ocr_carea' id='block_1_27' title="bbox 165 2543 1762 2617">
    <p class='ocr_par' dir='ltr' id='par_1_27' title="bbox 165 2543 1762 2617">
     <span class='ocr_line' id='line_1_27' title="bbox 165 2543 1762 2617; baseline -0.006 -10"><span class='ocrx_word' id='word_1_193' title='bbox 165 2552 323 2607; x_wconf 90' lang='lat' dir='ltr'><strong>nobis</strong></span> <span class='ocrx_word' id='word_1_194' title='bbox 352 2553 404 2606; x_wconf 91' lang='lat' dir='ltr'><strong>in</strong></span> <span class='ocrx_word' id='word_1_195' title='bbox 432 2557 774 2609; x_wconf 87' lang='lat' dir='ltr'><strong>sacramento</strong></span> <span class='ocrx_word' id='word_1_196' title='bbox 798 2548 1049 2614; x_wconf 86' lang='lat' dir='ltr'><strong>sumitur,</strong></span> <span class='ocrx_word' id='word_1_197' title='bbox 1073 2556 1128 2603; x_wconf 90' lang='lat' dir='ltr'><strong>et</strong></span> <span class='ocrx_word' id='word_1_198' title='bbox 1151 2561 1251 2617; x_wconf 88' lang='lat' dir='ltr'><strong>pro</strong></span> <span class='ocrx_word' id='word_1_199' title='bbox 1272 2546 1428 2601; x_wconf 89' lang='lat' dir='ltr'><strong>nobis</strong></span> <span class='ocrx_word' id='word_1_200' title='bbox 1452 2543 1653 2599; x_wconf 79' lang='lat' dir='ltr'><strong>eﬁ‘usus</strong></span> <span class='ocrx_word' id='word_1_201' title='bbox 1677 2550 1762 2598; x_wconf 89' lang='lat' dir='ltr'><strong>est</strong></span> 
     </span>
    </p>
   </div>
   <div class='ocr_carea' id='block_1_28' title="bbox 166 2635 1757 2710">
    <p class='ocr_par' dir='ltr' id='par_1_28' title="bbox 166 2635 1757 2710">
     <span class='ocr_line' id='line_1_28' title="bbox 166 2635 1757 2710; baseline -0.006 -11"><span class='ocrx_word' id='word_1_202' title='bbox 166 2644 219 2699; x_wconf 90' lang='lat' dir='ltr'><strong>in</strong></span> <span class='ocrx_word' id='word_1_203' title='bbox 260 2643 634 2698; x_wconf 86' lang='lat' dir='ltr'><strong>remissionem</strong></span> <span class='ocrx_word' id='word_1_204' title='bbox 668 2647 1033 2710; x_wconf 85' lang='lat' dir='ltr'><strong>peccatorum.</strong></span> <span class='ocrx_word' id='word_1_205' title='bbox 1077 2637 1164 2695; x_wconf 85' lang='lat' dir='ltr'><strong>Fit</strong></span> <span class='ocrx_word' id='word_1_206' title='bbox 1192 2646 1246 2692; x_wconf 88' lang='lat' dir='ltr'><strong>et</strong></span> <span class='ocrx_word' id='word_1_207' title='bbox 1286 2651 1385 2707; x_wconf 89' lang='lat' dir='ltr'><strong>per</strong></span> <span class='ocrx_word' id='word_1_208' title='bbox 1422 2646 1616 2705; x_wconf 89' lang='lat' dir='ltr'><strong>aquam</strong></span> <span class='ocrx_word' id='word_1_209' title='bbox 1656 2635 1757 2690; x_wconf 88' lang='lat' dir='ltr'><strong>ba-</strong></span> 
     </span>
    </p>
   </div>
   <div class='ocr_carea' id='block_1_29' title="bbox 163 2726 1759 2811">
    <p class='ocr_par' dir='ltr' id='par_1_29' title="bbox 163 2726 1759 2811">
     <span class='ocr_line' id='line_1_29' title="bbox 163 2726 1759 2811; baseline -0.008 -19"><span class='ocrx_word' id='word_1_210' title='bbox 163 2736 461 2811; x_wconf 86' lang='lat' dir='ltr'><strong>ptismatis,</strong></span> <span class='ocrx_word' id='word_1_211' title='bbox 498 2736 551 2790; x_wconf 88' lang='lat' dir='ltr'><strong>in</strong></span> <span class='ocrx_word' id='word_1_212' title='bbox 577 2749 683 2805; x_wconf 90' lang='lat' dir='ltr'><strong>qua</strong></span> <span class='ocrx_word' id='word_1_213' title='bbox 713 2732 993 2803; x_wconf 83' lang='lat' dir='ltr'><strong>originalis</strong></span> <span class='ocrx_word' id='word_1_214' title='bbox 1020 2746 1175 2787; x_wconf 78' lang='lat' dir='ltr'><strong>noxae</strong></span> <span class='ocrx_word' id='word_1_215' title='bbox 1205 2730 1485 2800; x_wconf 88' lang='lat' dir='ltr'><strong>antiquum</strong></span> <span class='ocrx_word' id='word_1_216' title='bbox 1514 2735 1569 2783; x_wconf 90' lang='lat' dir='ltr'><strong>et</strong></span> <span class='ocrx_word' id='word_1_217' title='bbox 1594 2726 1759 2782; x_wconf 85' lang='lat' dir='ltr'><strong>obso-</strong></span> 
     </span>
    </p>
   </div>
   <div class='ocr_carea' id='block_1_30' title="bbox 164 2819 1757 2895">
    <p class='ocr_par' dir='ltr' id='par_1_30' title="bbox 164 2819 1757 2895">
     <span class='ocr_line' id='line_1_30' title="bbox 164 2819 1757 2895; baseline -0.006 -10"><span class='ocrx_word' id='word_1_218' title='bbox 164 2831 330 2886; x_wconf 90' lang='lat' dir='ltr'><strong>letum</strong></span> <span class='ocrx_word' id='word_1_219' title='bbox 364 2829 558 2885; x_wconf 76' lang='lat' dir='ltr'><strong>minus</strong></span> <span class='ocrx_word' id='word_1_220' title='bbox 584 2828 826 2884; x_wconf 86' lang='lat' dir='ltr'><strong>diluitur.</strong></span> <span class='ocrx_word' id='word_1_221' title='bbox 859 2827 1011 2883; x_wconf 90' lang='lat' dir='ltr'><strong>Unde</strong></span> <span class='ocrx_word' id='word_1_222' title='bbox 1038 2834 1090 2882; x_wconf 91' lang='lat' dir='ltr'><strong>et</strong></span> <span class='ocrx_word' id='word_1_223' title='bbox 1120 2824 1392 2895; x_wconf 88' lang='lat' dir='ltr'><strong>apostolus</strong></span> <span class='ocrx_word' id='word_1_224' title='bbox 1419 2821 1482 2893; x_wconf 88' lang='grc' dir='ltr'><strong>(Ι</strong></span> <span class='ocrx_word' id='word_1_225' title='bbox 1503 2820 1662 2875; x_wconf 86' lang='lat' dir='ltr'><strong>Joan.</strong></span> <span class='ocrx_word' id='word_1_226' title='bbox 1692 2819 1757 2892; x_wconf 85' lang='lat' dir='ltr'><strong>v)</strong></span> 
     </span>
    </p>
   </div>
   <div class='ocr_carea' id='block_1_31' title="bbox 166 2913 1760 2999">
    <p class='ocr_par' dir='ltr' id='par_1_31' title="bbox 166 2913 1760 2999">
     <span class='ocr_line' id='line_1_31' title="bbox 166 2913 1760 2999; baseline -0.007 -21"><span class='ocrx_word' id='word_1_227' title='bbox 166 2931 282 2999; x_wconf 86' lang='lat' dir='ltr'><strong>tres</strong></span> <span class='ocrx_word' id='word_1_228' title='bbox 311 2922 443 2978; x_wconf 85' lang='lat' dir='ltr'><strong>dicit</strong></span> <span class='ocrx_word' id='word_1_229' title='bbox 470 2920 839 2977; x_wconf 88' lang='lat' dir='ltr'><strong>testimonium</strong></span> <span class='ocrx_word' id='word_1_230' title='bbox 872 2918 1191 2989; x_wconf 85' lang='lat' dir='ltr'><strong>perhibere,</strong></span> <span class='ocrx_word' id='word_1_231' title='bbox 1225 2916 1474 2988; x_wconf 85' lang='lat' dir='ltr'><strong>spiritum</strong></span> <span class='ocrx_word' id='word_1_232' title='bbox 1495 2955 1509 2980; x_wconf 93' lang='lat'><strong>,</strong></span> <span class='ocrx_word' id='word_1_233' title='bbox 1543 2913 1760 2985; x_wconf 90' lang='lat' dir='ltr'><strong>sangui-</strong></span> 
     </span>
    </p>
   </div>
   <div class='ocr_carea' id='block_1_32' title="bbox 168 3006 1762 3086">
    <p class='ocr_par' dir='ltr' id='par_1_32' title="bbox 168 3006 1762 3086">
     <span class='ocr_line' id='line_1_32' title="bbox 168 3006 1762 3086; baseline -0.008 -13"><span class='ocrx_word' id='word_1_234' title='bbox 168 3032 290 3073; x_wconf 91' lang='lat' dir='ltr'><strong>nem</strong></span> <span class='ocrx_word' id='word_1_235' title='bbox 307 3058 322 3083; x_wconf 93' lang='lat'><strong>,</strong></span> <span class='ocrx_word' id='word_1_236' title='bbox 351 3022 407 3071; x_wconf 87' lang='lat' dir='ltr'><strong>et</strong></span> <span class='ocrx_word' id='word_1_237' title='bbox 435 3030 660 3086; x_wconf 88' lang='lat' dir='ltr'><strong>aquam,</strong></span> <span class='ocrx_word' id='word_1_238' title='bbox 688 3021 743 3071; x_wconf 90' lang='lat' dir='ltr'><strong>et</strong></span> <span class='ocrx_word' id='word_1_239' title='bbox 767 3020 882 3069; x_wconf 90' lang='lat' dir='ltr'><strong>tres</strong></span> <span class='ocrx_word' id='word_1_240' title='bbox 907 3028 1074 3068; x_wconf 90' lang='lat' dir='ltr'><strong>unum</strong></span> <span class='ocrx_word' id='word_1_241' title='bbox 1100 3026 1222 3068; x_wconf 89' lang='lat' dir='ltr'><strong>esse</strong></span> <span class='ocrx_word' id='word_1_242' title='bbox 1248 3028 1260 3064; x_wconf 91' lang='lat'><strong>:</strong></span> <span class='ocrx_word' id='word_1_243' title='bbox 1292 3009 1418 3081; x_wconf 87' lang='lat' dir='ltr'><strong>quia</strong></span> <span class='ocrx_word' id='word_1_244' title='bbox 1443 3016 1498 3063; x_wconf 91' lang='lat' dir='ltr'><strong>et</strong></span> <span class='ocrx_word' id='word_1_245' title='bbox 1524 3023 1620 3078; x_wconf 89' lang='lat' dir='ltr'><strong>per</strong></span> <span class='ocrx_word' id='word_1_246' title='bbox 1646 3006 1762 3078; x_wconf 90' lang='lat' dir='ltr'><strong>Spi-</strong></span> 
     </span>
    </p>
   </div>
   <div class='ocr_carea' id='block_1_33' title="bbox 167 3098 1763 3175">
    <p class='ocr_par' dir='ltr' id='par_1_33' title="bbox 167 3098 1763 3175">
     <span class='ocr_line' id='line_1_33' title="bbox 167 3098 1763 3175; baseline -0.008 -13"><span class='ocrx_word' id='word_1_247' title='bbox 167 3108 333 3162; x_wconf 83' lang='lat' dir='ltr'><strong>ritum</strong></span> <span class='ocrx_word' id='word_1_248' title='bbox 384 3115 632 3162; x_wconf 88' lang='lat' dir='ltr'><strong>sanctum</strong></span> <span class='ocrx_word' id='word_1_249' title='bbox 683 3112 740 3161; x_wconf 89' lang='lat' dir='ltr'><strong>et</strong></span> <span class='ocrx_word' id='word_1_250' title='bbox 786 3120 885 3175; x_wconf 90' lang='lat' dir='ltr'><strong>per</strong></span> <span class='ocrx_word' id='word_1_251' title='bbox 936 3103 1253 3173; x_wconf 83' lang='lat' dir='ltr'><strong>sanguinem</strong></span> <span class='ocrx_word' id='word_1_252' title='bbox 1305 3098 1503 3156; x_wconf 89' lang='lat' dir='ltr'><strong>Christi</strong></span> <span class='ocrx_word' id='word_1_253' title='bbox 1559 3106 1614 3153; x_wconf 85' lang='lat' dir='ltr'><strong>ct</strong></span> <span class='ocrx_word' id='word_1_254' title='bbox 1662 3112 1763 3167; x_wconf 86' lang='lat' dir='ltr'><strong>per</strong></span> 
     </span>
    </p>
   </div>
   <div class='ocr_carea' id='block_1_34' title="bbox 1861 498 3446 574">
    <p class='ocr_par' dir='ltr' id='par_1_34' title="bbox 1861 498 3446 574">
     <span class='ocr_line' id='line_1_34' title="bbox 1861 498 3446 574; baseline 0.008 -22"><span class='ocrx_word' id='word_1_255' title='bbox 1861 498 2063 557; x_wconf 80' lang='lat' dir='ltr'><strong>videant</strong></span> <span class='ocrx_word' id='word_1_256' title='bbox 2090 516 2291 574; x_wconf 78' lang='lat' dir='ltr'><strong>semper</strong></span> <span class='ocrx_word' id='word_1_257' title='bbox 2318 501 2479 573; x_wconf 82' lang='lat' dir='ltr'><strong>(Dan.</strong></span> <span class='ocrx_word' id='word_1_258' title='bbox 2503 501 2633 573; x_wconf 73' lang='lat' dir='ltr'><strong>xu);</strong></span> <span class='ocrx_word' id='word_1_259' title='bbox 2669 509 2723 557; x_wconf 91' lang='lat' dir='ltr'><strong>ct</strong></span> <span class='ocrx_word' id='word_1_260' title='bbox 2752 502 2869 573; x_wconf 90' lang='lat' dir='ltr'><strong>ipsa</strong></span> <span class='ocrx_word' id='word_1_261' title='bbox 2906 505 3145 561; x_wconf 82' lang='lat' dir='ltr'><strong>Veritatc</strong></span> <span class='ocrx_word' id='word_1_262' title='bbox 3174 508 3242 562; x_wconf 90' lang='lat' dir='ltr'><strong>ad</strong></span> <span class='ocrx_word' id='word_1_263' title='bbox 3268 516 3446 566; x_wconf 87' lang='lat' dir='ltr'><strong>terras</strong></span> 
     </span>
    </p>
   </div>
   <div class='ocr_carea' id='block_1_35' title="bbox 1858 592 3447 666">
    <p class='ocr_par' dir='ltr' id='par_1_35' title="bbox 1858 592 3447 666">
     <span class='ocr_line' id='line_1_35' title="bbox 1858 592 3447 666; baseline 0.006 -19"><span class='ocrx_word' id='word_1_264' title='bbox 1858 607 1958 663; x_wconf 91' lang='lat' dir='ltr'><strong>pro</strong></span> <span class='ocrx_word' id='word_1_265' title='bbox 1981 592 2153 649; x_wconf 88' lang='lat' dir='ltr'><strong>salute</strong></span> <span class='ocrx_word' id='word_1_266' title='bbox 2172 595 2385 666; x_wconf 83' lang='lat' dir='ltr'><strong>generis</strong></span> <span class='ocrx_word' id='word_1_267' title='bbox 2407 596 2627 655; x_wconf 87' lang='lat' dir='ltr'><strong>humani</strong></span> <span class='ocrx_word' id='word_1_268' title='bbox 2651 597 3027 664; x_wconf 85' lang='lat' dir='ltr'><strong>descendente,</strong></span> <span class='ocrx_word' id='word_1_269' title='bbox 3054 600 3274 655; x_wconf 88' lang='lat' dir='ltr'><strong>omnino</strong></span> <span class='ocrx_word' id='word_1_270' title='bbox 3300 617 3447 658; x_wconf 88' lang='lat' dir='ltr'><strong>com-</strong></span> 
     </span>
    </p>
   </div>
   <div class='ocr_carea' id='block_1_36' title="bbox 1860 678 3448 759">
    <p class='ocr_par' dir='ltr' id='par_1_36' title="bbox 1860 678 3448 759">
     <span class='ocr_line' id='line_1_36' title="bbox 1860 678 3448 759; baseline 0.006 -19"><span class='ocrx_word' id='word_1_271' title='bbox 1860 678 2146 742; x_wconf 86' lang='lat' dir='ltr'><strong>mendatur</strong></span> <span class='ocrx_word' id='word_1_272' title='bbox 2173 686 2265 756; x_wconf 88' lang='lat' dir='ltr'><strong>qui</strong></span> <span class='ocrx_word' id='word_1_273' title='bbox 2291 701 2415 743; x_wconf 88' lang='lat' dir='ltr'><strong>eam</strong></span> <span class='ocrx_word' id='word_1_274' title='bbox 2435 695 2490 744; x_wconf 89' lang='lat' dir='ltr'><strong>et</strong></span> <span class='ocrx_word' id='word_1_275' title='bbox 2517 688 2920 759; x_wconf 72' lang='lat' dir='ltr'><strong>prmdicationis</strong></span> <span class='ocrx_word' id='word_1_276' title='bbox 2951 706 3061 747; x_wconf 79' lang='lat' dir='ltr'><strong>suae</strong></span> <span class='ocrx_word' id='word_1_277' title='bbox 3088 695 3448 751; x_wconf 87' lang='lat' dir='ltr'><strong>sacrosanctis</strong></span> 
     </span>
    </p>
   </div>
   <div class='ocr_carea' id='block_1_37' title="bbox 1859 778 3449 846">
    <p class='ocr_par' dir='ltr' id='par_1_37' title="bbox 1859 778 3449 846">
     <span class='ocr_line' id='line_1_37' title="bbox 1859 778 3449 846; baseline 0.006 -13"><span class='ocrx_word' id='word_1_278' title='bbox 1859 778 2094 833; x_wconf 86' lang='lat' dir='ltr'><strong>oraculis</strong></span> <span class='ocrx_word' id='word_1_279' title='bbox 2116 778 2348 846; x_wconf 88' lang='lat' dir='ltr'><strong>edocuit,</strong></span> <span class='ocrx_word' id='word_1_280' title='bbox 2369 788 2427 835; x_wconf 87' lang='lat' dir='ltr'><strong>et</strong></span> <span class='ocrx_word' id='word_1_281' title='bbox 2446 796 2558 836; x_wconf 83' lang='lat' dir='ltr'><strong>suae</strong></span> <span class='ocrx_word' id='word_1_282' title='bbox 2584 781 2995 838; x_wconf 85' lang='lat' dir='ltr'><strong>resurrectionis</strong></span> <span class='ocrx_word' id='word_1_283' title='bbox 3018 783 3240 839; x_wconf 88' lang='lat' dir='ltr'><strong>salutari</strong></span> <span class='ocrx_word' id='word_1_284' title='bbox 3265 800 3449 843; x_wconf 80' lang='lat' dir='ltr'><strong>exem-</strong></span> 
     </span>
    </p>
   </div>
   <div class='ocr_carea' id='block_1_38' title="bbox 1859 860 3449 945">
    <p class='ocr_par' dir='ltr' id='par_1_38' title="bbox 1859 860 3449 945">
     <span class='ocr_line' id='line_1_38' title="bbox 1859 860 3449 945; baseline 0.005 -18"><span class='ocrx_word' id='word_1_285' title='bbox 1859 873 1948 943; x_wconf 91' lang='lat' dir='ltr'><strong>plo</strong></span> <span class='ocrx_word' id='word_1_286' title='bbox 1974 874 2314 930; x_wconf 82' lang='lat' dir='ltr'><strong>monstravit.</strong></span> <span class='ocrx_word' id='word_1_287' title='bbox 2345 873 2402 930; x_wconf 91' lang='lat' dir='ltr'><strong>Si</strong></span> <span class='ocrx_word' id='word_1_288' title='bbox 2430 890 2558 931; x_wconf 87' lang='lat' dir='ltr'><strong>vero</strong></span> <span class='ocrx_word' id='word_1_289' title='bbox 2584 874 2779 945; x_wconf 86' lang='lat' dir='ltr'><strong>aliquis</strong></span> <span class='ocrx_word' id='word_1_290' title='bbox 2805 876 2965 943; x_wconf 87' lang='lat' dir='ltr'><strong>dicat,</strong></span> <span class='ocrx_word' id='word_1_291' title='bbox 2994 876 3094 933; x_wconf 85' lang='lat' dir='ltr'><strong>Job</strong></span> <span class='ocrx_word' id='word_1_292' title='bbox 3120 879 3174 936; x_wconf 90' lang='lat' dir='ltr'><strong>in</strong></span> <span class='ocrx_word' id='word_1_293' title='bbox 3200 880 3303 937; x_wconf 89' lang='lat' dir='ltr'><strong>hac</strong></span> <span class='ocrx_word' id='word_1_294' title='bbox 3327 860 3449 937; x_wconf 77' lang='lat' dir='ltr'><strong>sen-</strong></span> 
     </span>
    </p>
   </div>
   <div class='ocr_carea' id='block_1_39' title="bbox 1860 966 3450 1044">
    <p class='ocr_par' dir='ltr' id='par_1_39' title="bbox 1860 966 3450 1044">
     <span class='ocr_line' id='line_1_39' title="bbox 1860 966 3450 1044; baseline 0.004 -21"><span class='ocrx_word' id='word_1_295' title='bbox 1860 966 2028 1023; x_wconf 83' lang='lat' dir='ltr'><strong>tentia</strong></span> <span class='ocrx_word' id='word_1_296' title='bbox 2051 982 2205 1022; x_wconf 89' lang='lat' dir='ltr'><strong>suam</strong></span> <span class='ocrx_word' id='word_1_297' title='bbox 2232 967 2567 1025; x_wconf 86' lang='lat' dir='ltr'><strong>solummodo</strong></span> <span class='ocrx_word' id='word_1_298' title='bbox 2592 970 3065 1037; x_wconf 85' lang='lat' dir='ltr'><strong>resurrectionem,</strong></span> <span class='ocrx_word' id='word_1_299' title='bbox 3095 987 3202 1028; x_wconf 92' lang='lat' dir='ltr'><strong>non</strong></span> <span class='ocrx_word' id='word_1_300' title='bbox 3224 988 3450 1044; x_wconf 83' lang='lat' dir='ltr'><strong>genera-</strong></span> 
     </span>
    </p>
   </div>
   <div class='ocr_carea' id='block_1_40' title="bbox 1858 1060 3449 1127">
    <p class='ocr_par' dir='ltr' id='par_1_40' title="bbox 1858 1060 3449 1127">
     <span class='ocr_line' id='line_1_40' title="bbox 1858 1060 3449 1127; baseline 0.003 -12"><span class='ocrx_word' id='word_1_301' title='bbox 1858 1060 1964 1115; x_wconf 90' lang='lat' dir='ltr'><strong>lem</strong></span> <span class='ocrx_word' id='word_1_302' title='bbox 1992 1061 2232 1117; x_wconf 87' lang='lat' dir='ltr'><strong>onmium</strong></span> <span class='ocrx_word' id='word_1_303' title='bbox 2278 1062 2555 1117; x_wconf 88' lang='lat' dir='ltr'><strong>hominum</strong></span> <span class='ocrx_word' id='word_1_304' title='bbox 2598 1062 2817 1127; x_wconf 83' lang='lat' dir='ltr'><strong>dixisse,</strong></span> <span class='ocrx_word' id='word_1_305' title='bbox 2859 1064 3042 1118; x_wconf 87' lang='lat' dir='ltr'><strong>audiat</strong></span> <span class='ocrx_word' id='word_1_306' title='bbox 3081 1079 3203 1120; x_wconf 90' lang='lat' dir='ltr'><strong>eum</strong></span> <span class='ocrx_word' id='word_1_307' title='bbox 3248 1065 3302 1119; x_wconf 89' lang='lat' dir='ltr'><strong>in</strong></span> <span class='ocrx_word' id='word_1_308' title='bbox 3343 1066 3449 1121; x_wconf 89' lang='lat' dir='ltr'><strong>alio</strong></span> 
     </span>
    </p>
   </div>
   <div class='ocr_carea' id='block_1_41' title="bbox 1860 1154 3449 1226">
    <p class='ocr_par' dir='ltr' id='par_1_41' title="bbox 1860 1154 3449 1226">
     <span class='ocr_line' id='line_1_41' title="bbox 1860 1154 3449 1226; baseline 0.003 -17"><span class='ocrx_word' id='word_1_309' title='bbox 1860 1155 1981 1212; x_wconf 88' lang='lat' dir='ltr'><strong>loco</strong></span> <span class='ocrx_word' id='word_1_310' title='bbox 2006 1155 2310 1226; x_wconf 89' lang='lat' dir='ltr'><strong>generalem</strong></span> <span class='ocrx_word' id='word_1_311' title='bbox 2341 1156 2581 1211; x_wconf 90' lang='lat' dir='ltr'><strong>omnium</strong></span> <span class='ocrx_word' id='word_1_312' title='bbox 2610 1157 3060 1213; x_wconf 89' lang='lat' dir='ltr'><strong>resurrectionem</strong></span> <span class='ocrx_word' id='word_1_313' title='bbox 3092 1154 3449 1213; x_wconf 70' lang='lat' dir='ltr'><strong>afﬁrmantem</strong></span> 
     </span>
    </p>
   </div>
   <div class='ocr_carea' id='block_1_42' title="bbox 1859 1248 3451 1322">
    <p class='ocr_par' dir='ltr' id='par_1_42' title="bbox 1859 1248 3451 1322">
     <span class='ocr_line' id='line_1_42' title="bbox 1859 1248 3451 1322; baseline 0.003 -21"><span class='ocrx_word' id='word_1_314' title='bbox 1859 1256 1915 1302; x_wconf 91' lang='lat' dir='ltr'><strong>et</strong></span> <span class='ocrx_word' id='word_1_315' title='bbox 1943 1248 2209 1304; x_wconf 87' lang='lat' dir='ltr'><strong>dicentem</strong></span> <span class='ocrx_word' id='word_1_316' title='bbox 2241 1267 2253 1302; x_wconf 88' lang='lat'><strong>:</strong></span> <span class='ocrx_word' id='word_1_317' title='bbox 2285 1248 2509 1319; x_wconf 86' lang='lat' dir='ltr'><strong>Lignum</strong></span> <span class='ocrx_word' id='word_1_318' title='bbox 2539 1249 2693 1304; x_wconf 82' lang='lat' dir='ltr'><strong>habet</strong></span> <span class='ocrx_word' id='word_1_319' title='bbox 2720 1266 2883 1321; x_wconf 88' lang='lat' dir='ltr'><strong>spem,</strong></span> <span class='ocrx_word' id='word_1_320' title='bbox 2914 1252 2961 1305; x_wconf 90' lang='lat' dir='ltr'><strong>si</strong></span> <span class='ocrx_word' id='word_1_321' title='bbox 2987 1251 3264 1322; x_wconf 75' lang='lat' dir='ltr'><strong>pt&#39;wcisum</strong></span> <span class='ocrx_word' id='word_1_322' title='bbox 3292 1250 3451 1320; x_wconf 79' lang='lat' dir='ltr'><strong>fuerit</strong></span> 
     </span>
    </p>
   </div>
   <div class='ocr_carea' id='block_1_43' title="bbox 1862 1342 3453 1413">
    <p class='ocr_par' dir='ltr' id='par_1_43' title="bbox 1862 1342 3453 1413">
     <span class='ocr_line' id='line_1_43' title="bbox 1862 1342 3453 1413; baseline 0.003 -20"><span class='ocrx_word' id='word_1_323' title='bbox 1862 1357 2071 1395; x_wconf 80' lang='lat' dir='ltr'><strong>rursum</strong></span> <span class='ocrx_word' id='word_1_324' title='bbox 2100 1342 2323 1407; x_wconf 79' lang='lat' dir='ltr'><strong>virescit,</strong></span> <span class='ocrx_word' id='word_1_325' title='bbox 2353 1352 2399 1397; x_wconf 86' lang='lat' dir='ltr'><strong>et</strong></span> <span class='ocrx_word' id='word_1_326' title='bbox 2428 1342 2562 1396; x_wconf 86' lang='lat' dir='ltr'><strong>rami</strong></span> <span class='ocrx_word' id='word_1_327' title='bbox 2590 1342 2704 1412; x_wconf 85' lang='lat' dir='ltr'><strong>ejus</strong></span> <span class='ocrx_word' id='word_1_328' title='bbox 2728 1342 2992 1413; x_wconf 83' lang='lat' dir='ltr'><strong>pullulant</strong></span> <span class='ocrx_word' id='word_1_329' title='bbox 3020 1360 3038 1399; x_wconf 90' lang='lat'><strong><em>:</em></strong></span> <span class='ocrx_word' id='word_1_330' title='bbox 3068 1345 3112 1398; x_wconf 82' lang='lat' dir='ltr'><strong>si</strong></span> <span class='ocrx_word' id='word_1_331' title='bbox 3140 1343 3366 1398; x_wconf 83' lang='lat' dir='ltr'><strong>senuerit</strong></span> <span class='ocrx_word' id='word_1_332' title='bbox 3396 1343 3453 1397; x_wconf 85' lang='lat' dir='ltr'><strong>in</strong></span> 
     </span>
    </p>
   </div>
   <div class='ocr_carea' id='block_1_44' title="bbox 1860 1432 3453 1506">
    <p class='ocr_par' dir='ltr' id='par_1_44' title="bbox 1860 1432 3453 1506">
     <span class='ocr_line' id='line_1_44' title="bbox 1860 1432 3453 1506; baseline 0.003 -22"><span class='ocrx_word' id='word_1_333' title='bbox 1860 1439 1999 1486; x_wconf 84' lang='lat' dir='ltr'><strong>terra</strong></span> <span class='ocrx_word' id='word_1_334' title='bbox 2034 1432 2188 1488; x_wconf 81' lang='lat' dir='ltr'><strong>rudia:</strong></span> <span class='ocrx_word' id='word_1_335' title='bbox 2209 1433 2344 1505; x_wconf 84' lang='lat' dir='ltr'><strong>ejus,</strong></span> <span class='ocrx_word' id='word_1_336' title='bbox 2375 1445 2423 1489; x_wconf 89' lang='lat' dir='ltr'><strong>et</strong></span> <span class='ocrx_word' id='word_1_337' title='bbox 2457 1436 2514 1488; x_wconf 86' lang='lat' dir='ltr'><strong>in</strong></span> <span class='ocrx_word' id='word_1_338' title='bbox 2542 1434 2751 1505; x_wconf 84' lang='lat' dir='ltr'><strong>pulvere</strong></span> <span class='ocrx_word' id='word_1_339' title='bbox 2783 1445 3020 1489; x_wconf 87' lang='lat' dir='ltr'><strong>mortuus</strong></span> <span class='ocrx_word' id='word_1_340' title='bbox 3050 1436 3205 1506; x_wconf 78' lang='lat' dir='ltr'><strong>fuerit</strong></span> <span class='ocrx_word' id='word_1_341' title='bbox 3235 1445 3453 1490; x_wconf 86' lang='lat' dir='ltr'><strong>truncus</strong></span> 
     </span>
    </p>
   </div>
   <div class='ocr_carea' id='block_1_45' title="bbox 1861 1524 3454 1599">
    <p class='ocr_par' dir='ltr' id='par_1_45' title="bbox 1861 1524 3454 1599">
     <span class='ocr_line' id='line_1_45' title="bbox 1861 1524 3454 1599; baseline 0.003 -22"><span class='ocrx_word' id='word_1_342' title='bbox 1861 1524 1995 1594; x_wconf 81' lang='lat' dir='ltr'><strong>ejus,</strong></span> <span class='ocrx_word' id='word_1_343' title='bbox 2045 1526 2114 1579; x_wconf 88' lang='lat' dir='ltr'><strong>ad</strong></span> <span class='ocrx_word' id='word_1_344' title='bbox 2157 1527 2368 1581; x_wconf 85' lang='lat' dir='ltr'><strong>odorem</strong></span> <span class='ocrx_word' id='word_1_345' title='bbox 2415 1544 2566 1598; x_wconf 66' lang='lat' dir='ltr'><strong>aquae</strong></span> <span class='ocrx_word' id='word_1_346' title='bbox 2604 1528 2915 1598; x_wconf 77' lang='lat' dir='ltr'><strong>geminabit</strong></span> <span class='ocrx_word' id='word_1_347' title='bbox 2964 1538 3011 1583; x_wconf 86' lang='lat' dir='ltr'><strong>et</strong></span> <span class='ocrx_word' id='word_1_348' title='bbox 3052 1528 3206 1599; x_wconf 79' lang='lat' dir='ltr'><strong>faciet</strong></span> <span class='ocrx_word' id='word_1_349' title='bbox 3249 1543 3454 1581; x_wconf 86' lang='lat' dir='ltr'><strong>comam</strong></span> 
     </span>
    </p>
   </div>
   <div class='ocr_carea' id='block_1_46' title="bbox 1861 1617 3453 1689">
    <p class='ocr_par' dir='ltr' id='par_1_46' title="bbox 1861 1617 3453 1689">
     <span class='ocr_line' id='line_1_46' title="bbox 1861 1617 3453 1689; baseline 0.003 -19"><span class='ocrx_word' id='word_1_350' title='bbox 1861 1617 2013 1687; x_wconf 83' lang='lat' dir='ltr'><strong>quasi</strong></span> <span class='ocrx_word' id='word_1_351' title='bbox 2052 1634 2169 1671; x_wconf 88' lang='lat' dir='ltr'><strong>cum</strong></span> <span class='ocrx_word' id='word_1_352' title='bbox 2211 1619 2437 1688; x_wconf 85' lang='lat' dir='ltr'><strong>primum</strong></span> <span class='ocrx_word' id='word_1_353' title='bbox 2473 1618 2768 1689; x_wconf 81' lang='lat' dir='ltr'><strong>plumatum</strong></span> <span class='ocrx_word' id='word_1_354' title='bbox 2812 1629 2886 1674; x_wconf 87' lang='lat' dir='ltr'><strong>est</strong></span> <span class='ocrx_word' id='word_1_355' title='bbox 2926 1635 2943 1675; x_wconf 87' lang='lat'><strong><em>:</em></strong></span> <span class='ocrx_word' id='word_1_356' title='bbox 2988 1620 3142 1675; x_wconf 84' lang='lat' dir='ltr'><strong>homo</strong></span> <span class='ocrx_word' id='word_1_357' title='bbox 3179 1637 3295 1675; x_wconf 87' lang='lat' dir='ltr'><strong>vero</strong></span> <span class='ocrx_word' id='word_1_358' title='bbox 3335 1636 3453 1674; x_wconf 86' lang='lat' dir='ltr'><strong>cum</strong></span> 
     </span>
    </p>
   </div>
   <div class='ocr_carea' id='block_1_47' title="bbox 1862 1712 3454 1785">
    <p class='ocr_par' dir='ltr' id='par_1_47' title="bbox 1862 1712 3454 1785">
     <span class='ocr_line' id='line_1_47' title="bbox 1862 1712 3454 1785; baseline 0.001 -21"><span class='ocrx_word' id='word_1_359' title='bbox 1862 1720 2099 1767; x_wconf 85' lang='lat' dir='ltr'><strong>mortuus</strong></span> <span class='ocrx_word' id='word_1_360' title='bbox 2148 1712 2307 1781; x_wconf 80' lang='lat' dir='ltr'><strong>fuerit</strong></span> <span class='ocrx_word' id='word_1_361' title='bbox 2357 1723 2403 1765; x_wconf 87' lang='lat' dir='ltr'><strong>et</strong></span> <span class='ocrx_word' id='word_1_362' title='bbox 2453 1713 2683 1768; x_wconf 84' lang='lat' dir='ltr'><strong>nudatus</strong></span> <span class='ocrx_word' id='word_1_363' title='bbox 2738 1722 2891 1785; x_wconf 88' lang='lat' dir='ltr'><strong>atque</strong></span> <span class='ocrx_word' id='word_1_364' title='bbox 2945 1723 3311 1785; x_wconf 85' lang='lat' dir='ltr'><strong>consumptus,</strong></span> <span class='ocrx_word' id='word_1_365' title='bbox 3366 1713 3454 1767; x_wconf 88' lang='lat' dir='ltr'><strong>ubi</strong></span> 
     </span>
    </p>
   </div>
   <div class='ocr_carea' id='block_1_48' title="bbox 1789 1788 3457 1882">
    <p class='ocr_par' dir='ltr' id='par_1_48' title="bbox 1789 1788 3457 1882">
     <span class='ocr_line' id='line_1_48' title="bbox 1789 1788 3457 1882; baseline 0.002 -21"><span class='ocrx_word' id='word_1_366' title='bbox 1789 1788 1838 1850; x_wconf 78' lang='grc' dir='ltr'><strong>Β</strong></span> <span class='ocrx_word' id='word_1_367' title='bbox 1862 1824 2038 1880; x_wconf 75' lang='grc' dir='ltr'><strong>ίμιωδο</strong></span> <span class='ocrx_word' id='word_1_368' title='bbox 2080 1808 2198 1863; x_wconf 87' lang='lat' dir='ltr'><strong>est?</strong></span> <span class='ocrx_word' id='word_1_369' title='bbox 2234 1808 2497 1881; x_wconf 86' lang='lat' dir='ltr'><strong>quomodo</strong></span> <span class='ocrx_word' id='word_1_370' title='bbox 2535 1809 2581 1863; x_wconf 87' lang='lat' dir='ltr'><strong>si</strong></span> <span class='ocrx_word' id='word_1_371' title='bbox 2625 1810 2868 1865; x_wconf 84' lang='lat' dir='ltr'><strong>recedant</strong></span> <span class='ocrx_word' id='word_1_372' title='bbox 2907 1829 3058 1882; x_wconf 75' lang='lat' dir='ltr'><strong>aqua:</strong></span> <span class='ocrx_word' id='word_1_373' title='bbox 3097 1812 3162 1866; x_wconf 86' lang='lat' dir='ltr'><strong>de</strong></span> <span class='ocrx_word' id='word_1_374' title='bbox 3204 1813 3361 1873; x_wconf 84' lang='lat' dir='ltr'><strong>mari,</strong></span> <span class='ocrx_word' id='word_1_375' title='bbox 3406 1819 3457 1865; x_wconf 85' lang='lat' dir='ltr'><strong>et</strong></span> 
     </span>
    </p>
   </div>
   <div class='ocr_carea' id='block_1_49' title="bbox 1861 1900 3455 1971">
    <p class='ocr_par' dir='ltr' id='par_1_49' title="bbox 1861 1900 3455 1971">
     <span class='ocr_line' id='line_1_49' title="bbox 1861 1900 3455 1971; baseline 0.001 -16"><span class='ocrx_word' id='word_1_376' title='bbox 1861 1900 2052 1970; x_wconf 83' lang='lat' dir='ltr'><strong>ﬂuvius</strong></span> <span class='ocrx_word' id='word_1_377' title='bbox 2091 1901 2426 1971; x_wconf 78' lang='lat' dir='ltr'><strong>vacuefactas</strong></span> <span class='ocrx_word' id='word_1_378' title='bbox 2458 1912 2690 1967; x_wconf 86' lang='lat' dir='ltr'><strong>arescat,</strong></span> <span class='ocrx_word' id='word_1_379' title='bbox 2733 1903 2809 1957; x_wconf 88' lang='lat' dir='ltr'><strong>sic</strong></span> <span class='ocrx_word' id='word_1_380' title='bbox 2846 1904 2999 1957; x_wconf 83' lang='lat' dir='ltr'><strong>homo</strong></span> <span class='ocrx_word' id='word_1_381' title='bbox 3037 1920 3153 1957; x_wconf 89' lang='lat' dir='ltr'><strong>cum</strong></span> <span class='ocrx_word' id='word_1_382' title='bbox 3184 1902 3455 1957; x_wconf 84' lang='lat' dir='ltr'><strong>dormierit</strong></span> 
     </span>
    </p>
   </div>
   <div class='ocr_carea' id='block_1_50' title="bbox 1864 1994 3455 2065">
    <p class='ocr_par' dir='ltr' id='par_1_50' title="bbox 1864 1994 3455 2065">
     <span class='ocr_line' id='line_1_50' title="bbox 1864 1994 3455 2065; baseline 0.001 -19"><span class='ocrx_word' id='word_1_383' title='bbox 1864 2009 1968 2048; x_wconf 85' lang='lat' dir='ltr'><strong>non</strong></span> <span class='ocrx_word' id='word_1_384' title='bbox 2001 2004 2250 2063; x_wconf 84' lang='lat' dir='ltr'><strong>resurget,</strong></span> <span class='ocrx_word' id='word_1_385' title='bbox 2295 1994 2459 2049; x_wconf 83' lang='lat' dir='ltr'><strong>donec</strong></span> <span class='ocrx_word' id='word_1_386' title='bbox 2498 2003 2759 2049; x_wconf 88' lang='lat' dir='ltr'><strong>atteratur</strong></span> <span class='ocrx_word' id='word_1_387' title='bbox 2793 1995 2998 2061; x_wconf 68' lang='lat' dir='ltr'><strong>calum,</strong></span> <span class='ocrx_word' id='word_1_388' title='bbox 3042 2013 3135 2051; x_wconf 86' lang='lat' dir='ltr'><strong>nec</strong></span> <span class='ocrx_word' id='word_1_389' title='bbox 3172 1994 3455 2065; x_wconf 80' lang='lat' dir='ltr'><strong>evigilabit,</strong></span> 
     </span>
    </p>
   </div>
   <div class='ocr_carea' id='block_1_51' title="bbox 1863 2085 3458 2159">
    <p class='ocr_par' dir='ltr' id='par_1_51' title="bbox 1863 2085 3458 2159">
     <span class='ocr_line' id='line_1_51' title="bbox 1863 2085 3458 2159; baseline 0.003 -22"><span class='ocrx_word' id='word_1_390' title='bbox 1863 2100 1956 2139; x_wconf 76' lang='lat' dir='ltr'><strong>nec</strong></span> <span class='ocrx_word' id='word_1_391' title='bbox 1990 2093 2262 2153; x_wconf 76' lang='lat' dir='ltr'><strong>consurget</strong></span> <span class='ocrx_word' id='word_1_392' title='bbox 2294 2085 2358 2139; x_wconf 86' lang='lat' dir='ltr'><strong>de</strong></span> <span class='ocrx_word' id='word_1_393' title='bbox 2391 2102 2573 2141; x_wconf 86' lang='lat' dir='ltr'><strong>somno</strong></span> <span class='ocrx_word' id='word_1_394' title='bbox 2607 2103 2703 2140; x_wconf 90' lang='lat' dir='ltr'><strong>suo</strong></span> <span class='ocrx_word' id='word_1_395' title='bbox 2739 2086 2883 2159; x_wconf 87' lang='lat' dir='ltr'><strong>(Job.</strong></span> <span class='ocrx_word' id='word_1_396' title='bbox 2914 2087 3049 2159; x_wconf 75' lang='lat' dir='ltr'><strong>xlv).</strong></span> <span class='ocrx_word' id='word_1_397' title='bbox 3093 2087 3247 2154; x_wconf 82' lang='lat' dir='ltr'><strong>Quod</strong></span> <span class='ocrx_word' id='word_1_398' title='bbox 3285 2095 3458 2142; x_wconf 89' lang='lat' dir='ltr'><strong>totum</strong></span> 
     </span>
    </p>
   </div>
   <div class='ocr_carea' id='block_1_52' title="bbox 1863 2178 3457 2251">
    <p class='ocr_par' dir='ltr' id='par_1_52' title="bbox 1863 2178 3457 2251">
     <span class='ocr_line' id='line_1_52' title="bbox 1863 2178 3457 2251; baseline 0.003 -19"><span class='ocrx_word' id='word_1_399' title='bbox 1863 2178 1937 2232; x_wconf 88' lang='lat' dir='ltr'><strong>ita</strong></span> <span class='ocrx_word' id='word_1_400' title='bbox 1982 2178 2381 2249; x_wconf 87' lang='lat' dir='ltr'><strong>intelligendum</strong></span> <span class='ocrx_word' id='word_1_401' title='bbox 2412 2187 2524 2245; x_wconf 90' lang='lat' dir='ltr'><strong>est,</strong></span> <span class='ocrx_word' id='word_1_402' title='bbox 2548 2191 2574 2220; x_wconf 71' lang='grc' dir='ltr'>α</span> <span class='ocrx_word' id='word_1_403' title='bbox 2598 2180 2853 2249; x_wconf 83' lang='lat' dir='ltr'><strong>Nunquid</strong></span> <span class='ocrx_word' id='word_1_404' title='bbox 2882 2181 3086 2251; x_wconf 78' lang='lat' dir='ltr'><strong>lignum</strong></span> <span class='ocrx_word' id='word_1_405' title='bbox 3118 2182 3281 2237; x_wconf 86' lang='lat' dir='ltr'><strong>habet</strong></span> <span class='ocrx_word' id='word_1_406' title='bbox 3307 2197 3457 2251; x_wconf 89' lang='lat' dir='ltr'><strong>spem</strong></span> 
     </span>
    </p>
   </div>
   <div class='ocr_carea' id='block_1_53' title="bbox 1863 2271 3457 2346">
    <p class='ocr_par' dir='ltr' id='par_1_53' title="bbox 1863 2271 3457 2346">
     <span class='ocr_line' id='line_1_53' title="bbox 1863 2271 3457 2346; baseline 0.004 -20"><span class='ocrx_word' id='word_1_407' title='bbox 1863 2271 2223 2328; x_wconf 89' lang='lat' dir='ltr'><strong>revirescendi</strong></span> <span class='ocrx_word' id='word_1_408' title='bbox 2248 2281 2303 2328; x_wconf 90' lang='lat' dir='ltr'><strong>et</strong></span> <span class='ocrx_word' id='word_1_409' title='bbox 2324 2274 2486 2329; x_wconf 90' lang='lat' dir='ltr'><strong>homo</strong></span> <span class='ocrx_word' id='word_1_410' title='bbox 2512 2289 2620 2329; x_wconf 91' lang='lat' dir='ltr'><strong>non</strong></span> <span class='ocrx_word' id='word_1_411' title='bbox 2648 2275 2809 2331; x_wconf 89' lang='lat' dir='ltr'><strong>habet</strong></span> <span class='ocrx_word' id='word_1_412' title='bbox 2836 2276 3191 2345; x_wconf 79' lang='lat' dir='ltr'><strong>resurgendi?</strong></span> <span class='ocrx_word' id='word_1_413' title='bbox 3216 2277 3457 2346; x_wconf 86' lang='lat' dir='ltr'><strong>nunquid</strong></span> 
     </span>
    </p>
   </div>
   <div class='ocr_carea' id='block_1_54' title="bbox 1862 2365 3456 2438">
    <p class='ocr_par' dir='ltr' id='par_1_54' title="bbox 1862 2365 3456 2438">
     <span class='ocr_line' id='line_1_54' title="bbox 1862 2365 3456 2438; baseline 0.003 -19"><span class='ocrx_word' id='word_1_414' title='bbox 1862 2365 2131 2436; x_wconf 87' lang='lat' dir='ltr'><strong>quomodo</strong></span> <span class='ocrx_word' id='word_1_415' title='bbox 2163 2366 2208 2421; x_wconf 91' lang='lat' dir='ltr'><strong>si</strong></span> <span class='ocrx_word' id='word_1_416' title='bbox 2242 2367 2495 2422; x_wconf 88' lang='lat' dir='ltr'><strong>recedant</strong></span> <span class='ocrx_word' id='word_1_417' title='bbox 2521 2383 2675 2438; x_wconf 69' lang='lat' dir='ltr'><strong>aqum</strong></span> <span class='ocrx_word' id='word_1_418' title='bbox 2702 2368 2768 2423; x_wconf 87' lang='lat' dir='ltr'><strong>de</strong></span> <span class='ocrx_word' id='word_1_419' title='bbox 2791 2368 2928 2423; x_wconf 88' lang='lat' dir='ltr'><strong>mari</strong></span> <span class='ocrx_word' id='word_1_420' title='bbox 2958 2376 3012 2424; x_wconf 89' lang='lat' dir='ltr'><strong>et</strong></span> <span class='ocrx_word' id='word_1_421' title='bbox 3042 2367 3234 2423; x_wconf 82' lang='lat' dir='ltr'><strong>ﬂuvius</strong></span> <span class='ocrx_word' id='word_1_422' title='bbox 3258 2384 3456 2424; x_wconf 84' lang='lat' dir='ltr'><strong>vacue-</strong></span> 
     </span>
    </p>
   </div>
   <div class='ocr_carea' id='block_1_55' title="bbox 1862 2459 3467 2531">
    <p class='ocr_par' dir='ltr' id='par_1_55' title="bbox 1862 2459 3467 2531">
     <span class='ocr_line' id='line_1_55' title="bbox 1862 2459 3467 2531; baseline 0 -17"><span class='ocrx_word' id='word_1_423' title='bbox 1862 2459 2038 2515; x_wconf 88' lang='lat' dir='ltr'><strong>factus</strong></span> <span class='ocrx_word' id='word_1_424' title='bbox 2059 2469 2293 2526; x_wconf 89' lang='lat' dir='ltr'><strong>arescat,</strong></span> <span class='ocrx_word' id='word_1_425' title='bbox 2316 2460 2393 2531; x_wconf 87' lang='lat' dir='ltr'><strong>sic</strong></span> <span class='ocrx_word' id='word_1_426' title='bbox 2412 2460 2575 2515; x_wconf 90' lang='lat' dir='ltr'><strong>homo</strong></span> <span class='ocrx_word' id='word_1_427' title='bbox 2598 2476 2721 2515; x_wconf 90' lang='lat' dir='ltr'><strong>cum</strong></span> <span class='ocrx_word' id='word_1_428' title='bbox 2744 2461 3026 2515; x_wconf 88' lang='lat' dir='ltr'><strong>dormierit</strong></span> <span class='ocrx_word' id='word_1_429' title='bbox 3048 2476 3155 2515; x_wconf 89' lang='lat' dir='ltr'><strong>non</strong></span> <span class='ocrx_word' id='word_1_430' title='bbox 3179 2461 3467 2531; x_wconf 76' lang='lat' dir='ltr'><strong>resurget?</strong></span> 
     </span>
    </p>
   </div>
   <div class='ocr_carea' id='block_1_56' title="bbox 1863 2553 3456 2624">
    <p class='ocr_par' dir='ltr' id='par_1_56' title="bbox 1863 2553 3456 2624">
     <span class='ocr_line' id='line_1_56' title="bbox 1863 2553 3456 2624; baseline -0.001 -15"><span class='ocrx_word' id='word_1_431' title='bbox 1863 2553 2104 2623; x_wconf 87' lang='lat' dir='ltr'><strong>nunquid</strong></span> <span class='ocrx_word' id='word_1_432' title='bbox 2129 2553 2300 2608; x_wconf 91' lang='lat' dir='ltr'><strong>donec</strong></span> <span class='ocrx_word' id='word_1_433' title='bbox 2330 2561 2595 2609; x_wconf 89' lang='lat' dir='ltr'><strong>atteratur</strong></span> <span class='ocrx_word' id='word_1_434' title='bbox 2632 2554 2827 2610; x_wconf 76' lang='lat' dir='ltr'><strong>cmlum</strong></span> <span class='ocrx_word' id='word_1_435' title='bbox 2867 2570 2975 2610; x_wconf 91' lang='lat' dir='ltr'><strong>non</strong></span> <span class='ocrx_word' id='word_1_436' title='bbox 3015 2554 3307 2624; x_wconf 84' lang='lat' dir='ltr'><strong>evigilabit,</strong></span> <span class='ocrx_word' id='word_1_437' title='bbox 3354 2568 3456 2608; x_wconf 85' lang='lat' dir='ltr'><strong>nec</strong></span> 
     </span>
    </p>
   </div>
   <div class='ocr_carea' id='block_1_57' title="bbox 1863 2642 3457 2719">
    <p class='ocr_par' dir='ltr' id='par_1_57' title="bbox 1863 2642 3457 2719">
     <span class='ocr_line' id='line_1_57' title="bbox 1863 2642 3457 2719; baseline 0 -18"><span class='ocrx_word' id='word_1_438' title='bbox 1863 2651 2153 2715; x_wconf 85' lang='lat' dir='ltr'><strong>consurget</strong></span> <span class='ocrx_word' id='word_1_439' title='bbox 2190 2644 2258 2701; x_wconf 91' lang='lat' dir='ltr'><strong>de</strong></span> <span class='ocrx_word' id='word_1_440' title='bbox 2301 2658 2491 2701; x_wconf 87' lang='lat' dir='ltr'><strong>somno</strong></span> <span class='ocrx_word' id='word_1_441' title='bbox 2532 2648 2665 2703; x_wconf 85' lang='lat' dir='ltr'><strong>suo?</strong></span> <span class='ocrx_word' id='word_1_442' title='bbox 2704 2649 2901 2719; x_wconf 89' lang='lat' dir='ltr'><strong>quibus</strong></span> <span class='ocrx_word' id='word_1_443' title='bbox 2933 2647 3114 2703; x_wconf 86' lang='lat' dir='ltr'><strong>verbis</strong></span> <span class='ocrx_word' id='word_1_444' title='bbox 3154 2642 3263 2701; x_wconf 82' lang='lat' dir='ltr'><strong>non</strong></span> <span class='ocrx_word' id='word_1_445' title='bbox 3303 2658 3457 2701; x_wconf 88' lang='lat' dir='ltr'><strong>suam</strong></span> 
     </span>
    </p>
   </div>
   <div class='ocr_carea' id='block_1_58' title="bbox 1864 2732 3459 2811">
    <p class='ocr_par' dir='ltr' id='par_1_58' title="bbox 1864 2732 3459 2811">
     <span class='ocr_line' id='line_1_58' title="bbox 1864 2732 3459 2811; baseline -0.001 -15"><span class='ocrx_word' id='word_1_446' title='bbox 1864 2740 2222 2807; x_wconf 90' lang='lat' dir='ltr'><strong>solummodo,</strong></span> <span class='ocrx_word' id='word_1_447' title='bbox 2256 2741 2349 2795; x_wconf 89' lang='lat' dir='ltr'><strong>sed</strong></span> <span class='ocrx_word' id='word_1_448' title='bbox 2388 2732 2553 2795; x_wconf 77' lang='lat' dir='ltr'><strong>totius</strong></span> <span class='ocrx_word' id='word_1_449' title='bbox 2593 2741 2811 2796; x_wconf 88' lang='lat' dir='ltr'><strong>humani</strong></span> <span class='ocrx_word' id='word_1_450' title='bbox 2851 2741 3064 2811; x_wconf 82' lang='lat' dir='ltr'><strong>generis</strong></span> <span class='ocrx_word' id='word_1_451' title='bbox 3102 2741 3459 2796; x_wconf 89' lang='lat' dir='ltr'><strong>resurrectio-</strong></span> 
     </span>
    </p>
   </div>
   <div class='ocr_carea' id='block_1_59' title="bbox 1862 2830 3459 2904">
    <p class='ocr_par' dir='ltr' id='par_1_59' title="bbox 1862 2830 3459 2904">
     <span class='ocr_line' id='line_1_59' title="bbox 1862 2830 3459 2904; baseline -0.001 -17"><span class='ocrx_word' id='word_1_452' title='bbox 1862 2848 1987 2888; x_wconf 85' lang='lat' dir='ltr'><strong>nem</strong></span> <span class='ocrx_word' id='word_1_453' title='bbox 2033 2833 2339 2904; x_wconf 85' lang='lat' dir='ltr'><strong>generalem</strong></span> <span class='ocrx_word' id='word_1_454' title='bbox 2381 2834 2733 2889; x_wconf 85' lang='lat' dir='ltr'><strong>demonstrat.</strong></span> <span class='ocrx_word' id='word_1_455' title='bbox 2785 2830 3060 2902; x_wconf 86' lang='lat' dir='ltr'><strong>Sequitur.</strong></span> <span class='ocrx_word' id='word_1_456' title='bbox 3104 2831 3255 2887; x_wconf 88' lang='lat' dir='ltr'><strong>Hanc</strong></span> <span class='ocrx_word' id='word_1_457' title='bbox 3296 2831 3459 2886; x_wconf 89' lang='lat' dir='ltr'><strong>etiam</strong></span> 
     </span>
    </p>
   </div>
   <div class='ocr_carea' id='block_1_60' title="bbox 1864 2915 3461 2996">
    <p class='ocr_par' dir='ltr' id='par_1_60' title="bbox 1864 2915 3461 2996">
     <span class='ocr_line' id='line_1_60' title="bbox 1864 2915 3461 2996; baseline -0.001 -15"><span class='ocrx_word' id='word_1_458' title='bbox 1864 2915 2094 2996; x_wconf 85' lang='lat' dir='ltr'><strong>apostoli</strong></span> <span class='ocrx_word' id='word_1_459' title='bbox 2139 2941 2262 2982; x_wconf 88' lang='lat' dir='ltr'><strong>cum</strong></span> <span class='ocrx_word' id='word_1_460' title='bbox 2304 2926 2550 2982; x_wconf 87' lang='lat' dir='ltr'><strong>diversas</strong></span> <span class='ocrx_word' id='word_1_461' title='bbox 2574 2925 2792 2995; x_wconf 82' lang='lat' dir='ltr'><strong>quidem</strong></span> <span class='ocrx_word' id='word_1_462' title='bbox 2831 2924 3081 2979; x_wconf 89' lang='lat' dir='ltr'><strong>nationes</strong></span> <span class='ocrx_word' id='word_1_463' title='bbox 3112 2940 3217 2979; x_wconf 89' lang='lat' dir='ltr'><strong>non</strong></span> <span class='ocrx_word' id='word_1_464' title='bbox 3247 2925 3461 2979; x_wconf 85' lang='lat' dir='ltr'><strong>diversa</strong></span> 
     </span>
    </p>
   </div>
   <div class='ocr_carea' id='block_1_61' title="bbox 1864 3016 3467 3088">
    <p class='ocr_par' dir='ltr' id='par_1_61' title="bbox 1864 3016 3467 3088">
     <span class='ocr_line' id='line_1_61' title="bbox 1864 3016 3467 3088; baseline -0.002 -16"><span class='ocrx_word' id='word_1_465' title='bbox 1864 3019 1989 3083; x_wconf 86' lang='lat' dir='ltr'><strong>ﬁde,</strong></span> <span class='ocrx_word' id='word_1_466' title='bbox 2020 3018 2249 3073; x_wconf 88' lang='lat' dir='ltr'><strong>diversis</strong></span> <span class='ocrx_word' id='word_1_467' title='bbox 2283 3017 2484 3088; x_wconf 83' lang='lat' dir='ltr'><strong>linguis</strong></span> <span class='ocrx_word' id='word_1_468' title='bbox 2513 3018 2737 3083; x_wconf 88' lang='lat' dir='ltr'><strong>imbuti,</strong></span> <span class='ocrx_word' id='word_1_469' title='bbox 2772 3032 2882 3072; x_wconf 89' lang='lat' dir='ltr'><strong>non</strong></span> <span class='ocrx_word' id='word_1_470' title='bbox 2920 3017 3163 3071; x_wconf 81' lang='lat' dir='ltr'><strong>diversas</strong></span> <span class='ocrx_word' id='word_1_471' title='bbox 3203 3016 3467 3071; x_wconf 85' lang='lat' dir='ltr'><strong>constitu-</strong></span> 
     </span>
    </p>
   </div>
   <div class='ocr_carea' id='block_1_62' title="bbox 1867 3108 3471 3179">
    <p class='ocr_par' dir='ltr' id='par_1_62' title="bbox 1867 3108 3471 3179">
     <span class='ocr_line' id='line_1_62' title="bbox 1867 3108 3471 3179; baseline 0 -16"><span class='ocrx_word' id='word_1_472' title='bbox 1867 3111 2041 3165; x_wconf 85' lang='lat' dir='ltr'><strong>tiones</strong></span> <span class='ocrx_word' id='word_1_473' title='bbox 2066 3110 2315 3165; x_wconf 88' lang='lat' dir='ltr'><strong>tradituri</strong></span> <span class='ocrx_word' id='word_1_474' title='bbox 2341 3118 2607 3179; x_wconf 87' lang='lat' dir='ltr'><strong>peterent,</strong></span> <span class='ocrx_word' id='word_1_475' title='bbox 2636 3108 2887 3165; x_wconf 89' lang='lat' dir='ltr'><strong>omnibus</strong></span> <span class='ocrx_word' id='word_1_476' title='bbox 2911 3109 3161 3179; x_wconf 87' lang='lat' dir='ltr'><strong>gentibus</strong></span> <span class='ocrx_word' id='word_1_477' title='bbox 3193 3109 3334 3163; x_wconf 86' lang='lat' dir='ltr'><strong>inter</strong></span> <span class='ocrx_word' id='word_1_478' title='bbox 3356 3123 3471 3163; x_wconf 65' lang='lat' dir='ltr'><strong>ca:-</strong></span> 
     </span>
    </p>
   </div>
   <div class='ocr_carea' id='block_1_63' title="bbox 167 3170 1769 3273">
    <p class='ocr_par' dir='ltr' id='par_1_63' title="bbox 167 3170 1762 3271">
     <span class='ocr_line' id='line_1_63' title="bbox 167 3170 1762 3271; baseline -0.009 -15"><span class='ocrx_word' id='word_1_479' title='bbox 167 3214 361 3270; x_wconf 85' lang='lat' dir='ltr'><strong>aquam</strong></span> <span class='ocrx_word' id='word_1_480' title='bbox 403 3198 745 3271; x_wconf 84' lang='lat' dir='ltr'><strong>baptismatis</strong></span> <span class='ocrx_word' id='word_1_481' title='bbox 786 3170 855 3253; x_wconf 77' lang='lat' dir='ltr'><strong>ad</strong></span> <span class='ocrx_word' id='word_1_482' title='bbox 892 3170 1060 3252; x_wconf 76' lang='lat' dir='ltr'><strong>unum</strong></span> <span class='ocrx_word' id='word_1_483' title='bbox 1084 3194 1411 3263; x_wconf 88' lang='lat' dir='ltr'><strong>compitum,</strong></span> <span class='ocrx_word' id='word_1_484' title='bbox 1458 3191 1511 3246; x_wconf 91' lang='lat' dir='ltr'><strong>id</strong></span> <span class='ocrx_word' id='word_1_485' title='bbox 1537 3197 1649 3255; x_wconf 90' lang='lat' dir='ltr'><strong>est,</strong></span> <span class='ocrx_word' id='word_1_486' title='bbox 1694 3187 1762 3242; x_wconf 90' lang='lat' dir='ltr'><strong>ad</strong></span> 
     </span>
    </p>
   </div>
   <div class='ocr_carea' id='block_1_64' title="bbox 1868 3170 3467 3273">
    <p class='ocr_par' dir='ltr' id='par_1_64' title="bbox 1872 3201 3467 3273">
     <span class='ocr_line' id='line_1_64' title="bbox 1872 3201 3467 3273; baseline -0.001 -17"><span class='ocrx_word' id='word_1_487' title='bbox 1872 3212 1985 3257; x_wconf 86' lang='lat' dir='ltr'><strong>tera</strong></span> <span class='ocrx_word' id='word_1_488' title='bbox 2016 3203 2399 3273; x_wconf 71' lang='lat' dir='ltr'><strong>mysteriorum</strong></span> <span class='ocrx_word' id='word_1_489' title='bbox 2426 3202 2751 3273; x_wconf 86' lang='lat' dir='ltr'><strong>spiritalium</strong></span> <span class='ocrx_word' id='word_1_490' title='bbox 2776 3216 2974 3257; x_wconf 86' lang='lat' dir='ltr'><strong>arcana</strong></span> <span class='ocrx_word' id='word_1_491' title='bbox 3000 3201 3337 3256; x_wconf 80' lang='lat' dir='ltr'><strong>tradiderunt</strong></span> <span class='ocrx_word' id='word_1_492' title='bbox 3363 3217 3377 3253; x_wconf 86' lang='lat'><strong>:</strong></span> <span class='ocrx_word' id='word_1_493' title='bbox 3410 3206 3467 3255; x_wconf 85' lang='lat' dir='ltr'><strong>et</strong></span> 
     </span>
    </p>
   </div>
   <div class='ocr_carea' id='block_1_65' title="bbox 168 3282 1767 3360">
    <p class='ocr_par' dir='ltr' id='par_1_65' title="bbox 168 3282 1767 3360">
     <span class='ocr_line' id='line_1_65' title="bbox 168 3282 1767 3360; baseline -0.009 -12"><span class='ocrx_word' id='word_1_494' title='bbox 168 3292 545 3348; x_wconf 88' lang='lat' dir='ltr'><strong>remissionem</strong></span> <span class='ocrx_word' id='word_1_495' title='bbox 587 3298 936 3360; x_wconf 89' lang='lat' dir='ltr'><strong>peccatorum</strong></span> <span class='ocrx_word' id='word_1_496' title='bbox 979 3287 1311 3359; x_wconf 80' lang='lat' dir='ltr'><strong>pervenitur.</strong></span> <span class='ocrx_word' id='word_1_497' title='bbox 1360 3284 1513 3338; x_wconf 81' lang='lat' dir='ltr'><strong>Hanc</strong></span> <span class='ocrx_word' id='word_1_498' title='bbox 1549 3282 1767 3351; x_wconf 90' lang='lat' dir='ltr'><strong>quidam</strong></span> 
     </span>
    </p>
   </div>
   <div class='ocr_carea' id='block_1_66' title="bbox 169 3374 1772 3461">
    <p class='ocr_par' dir='ltr' id='par_1_66' title="bbox 169 3374 1772 3461">
     <span class='ocr_line' id='line_1_66' title="bbox 169 3374 1772 3461; baseline -0.008 -21"><span class='ocrx_word' id='word_1_499' title='bbox 169 3385 455 3440; x_wconf 88' lang='lat' dir='ltr'><strong>doctorum</strong></span> <span class='ocrx_word' id='word_1_500' title='bbox 492 3398 619 3461; x_wconf 84' lang='lat' dir='ltr'><strong>cum</strong></span> <span class='ocrx_word' id='word_1_501' title='bbox 647 3381 777 3453; x_wconf 90' lang='lat' dir='ltr'><strong>quid</strong></span> <span class='ocrx_word' id='word_1_502' title='bbox 822 3381 893 3435; x_wconf 90' lang='lat' dir='ltr'><strong>sit</strong></span> <span class='ocrx_word' id='word_1_503' title='bbox 932 3380 1193 3434; x_wconf 85' lang='lat' dir='ltr'><strong>canticum</strong></span> <span class='ocrx_word' id='word_1_504' title='bbox 1236 3392 1426 3432; x_wconf 86' lang='lat' dir='ltr'><strong>novum</strong></span> <span class='ocrx_word' id='word_1_505' title='bbox 1468 3374 1772 3429; x_wconf 87' lang='lat' dir='ltr'><strong>luculenter</strong></span> 
     </span>
    </p>
   </div>
   <div class='ocr_carea' id='block_1_67' title="bbox 168 3468 1768 3543">
    <p class='ocr_par' dir='ltr' id='par_1_67' title="bbox 168 3468 1768 3543">
     <span class='ocr_line' id='line_1_67' title="bbox 168 3468 1768 3543; baseline -0.005 -11"><span class='ocrx_word' id='word_1_506' title='bbox 168 3478 494 3542; x_wconf 81' lang='lat' dir='ltr'><strong>dissereret,</strong></span> <span class='ocrx_word' id='word_1_507' title='bbox 543 3478 686 3532; x_wconf 91' lang='lat' dir='ltr'><strong>inter</strong></span> <span class='ocrx_word' id='word_1_508' title='bbox 727 3482 952 3531; x_wconf 70' lang='lat' dir='ltr'><strong>cmteras</strong></span> <span class='ocrx_word' id='word_1_509' title='bbox 990 3474 1262 3529; x_wconf 85' lang='lat' dir='ltr'><strong>novitates</strong></span> <span class='ocrx_word' id='word_1_510' title='bbox 1299 3488 1436 3543; x_wconf 89' lang='lat' dir='ltr'><strong>quas</strong></span> <span class='ocrx_word' id='word_1_511' title='bbox 1475 3472 1529 3525; x_wconf 91' lang='lat' dir='ltr'><strong>in</strong></span> <span class='ocrx_word' id='word_1_512' title='bbox 1568 3468 1768 3525; x_wconf 85' lang='lat' dir='ltr'><strong>Christi</strong></span> 
     </span>
    </p>
   </div>
   <div class='ocr_carea' id='block_1_68' title="bbox 167 3562 1771 3636">
    <p class='ocr_par' dir='ltr' id='par_1_68' title="bbox 167 3562 1771 3636">
     <span class='ocr_line' id='line_1_68' title="bbox 167 3562 1771 3636; baseline -0.008 -9"><span class='ocrx_word' id='word_1_513' title='bbox 167 3570 550 3627; x_wconf 84' lang='lat' dir='ltr'><strong>incarnatione</strong></span> <span class='ocrx_word' id='word_1_514' title='bbox 595 3570 734 3625; x_wconf 86' lang='lat' dir='ltr'><strong>dixit</strong></span> <span class='ocrx_word' id='word_1_515' title='bbox 776 3583 898 3623; x_wconf 80' lang='lat' dir='ltr'><strong>esse</strong></span> <span class='ocrx_word' id='word_1_516' title='bbox 941 3566 1265 3636; x_wconf 87' lang='lat' dir='ltr'><strong>completas,</strong></span> <span class='ocrx_word' id='word_1_517' title='bbox 1311 3562 1648 3618; x_wconf 85' lang='lat' dir='ltr'><strong>enumeravit</strong></span> <span class='ocrx_word' id='word_1_518' title='bbox 1695 3562 1771 3615; x_wconf 90' lang='lat' dir='ltr'><strong>di-</strong></span> 
     </span>
    </p>
   </div>
   <div class='ocr_carea' id='block_1_69' title="bbox 169 3656 1769 3723">
    <p class='ocr_par' dir='ltr' id='par_1_69' title="bbox 169 3656 1769 3723">
     <span class='ocr_line' id='line_1_69' title="bbox 169 3656 1769 3723; baseline -0.009 0"><span class='ocrx_word' id='word_1_519' title='bbox 169 3680 301 3723; x_wconf 73' lang='lat' dir='ltr'><strong>cens</strong></span> <span class='ocrx_word' id='word_1_520' title='bbox 326 3683 341 3718; x_wconf 89' lang='lat'><strong>:</strong></span> <span class='ocrx_word' id='word_1_521' title='bbox 378 3683 398 3717; x_wconf 72' lang='grc' dir='ltr'><strong><em>ι</em></strong></span> <span class='ocrx_word' id='word_1_522' title='bbox 432 3662 642 3720; x_wconf 83' lang='lat' dir='ltr'><strong>Novum</strong></span> <span class='ocrx_word' id='word_1_523' title='bbox 667 3669 749 3718; x_wconf 88' lang='lat' dir='ltr'><strong>est</strong></span> <span class='ocrx_word' id='word_1_524' title='bbox 772 3661 970 3716; x_wconf 87' lang='lat' dir='ltr'><strong>Filium</strong></span> <span class='ocrx_word' id='word_1_525' title='bbox 995 3660 1089 3715; x_wconf 88' lang='lat' dir='ltr'><strong>Dei</strong></span> <span class='ocrx_word' id='word_1_526' title='bbox 1113 3658 1390 3715; x_wconf 87' lang='lat' dir='ltr'><strong>hominem</strong></span> <span class='ocrx_word' id='word_1_527' title='bbox 1413 3656 1548 3719; x_wconf 91' lang='lat' dir='ltr'><strong>ﬁeri,</strong></span> <span class='ocrx_word' id='word_1_528' title='bbox 1570 3669 1769 3710; x_wconf 86' lang='lat' dir='ltr'><strong>novum</strong></span> 
     </span>
    </p>
   </div>
   <div class='ocr_carea' id='block_1_70' title="bbox 169 3746 1772 3814">
    <p class='ocr_par' dir='ltr' id='par_1_70' title="bbox 169 3746 1772 3814">
     <span class='ocr_line' id='line_1_70' title="bbox 169 3746 1772 3814; baseline -0.009 -1"><span class='ocrx_word' id='word_1_529' title='bbox 169 3767 253 3813; x_wconf 85' lang='lat' dir='ltr'><strong>est</strong></span> <span class='ocrx_word' id='word_1_530' title='bbox 277 3755 529 3811; x_wconf 91' lang='lat' dir='ltr'><strong>eumdem</strong></span> <span class='ocrx_word' id='word_1_531' title='bbox 558 3755 626 3810; x_wconf 89' lang='lat' dir='ltr'><strong>ab</strong></span> <span class='ocrx_word' id='word_1_532' title='bbox 652 3753 963 3809; x_wconf 89' lang='lat' dir='ltr'><strong>hominibus</strong></span> <span class='ocrx_word' id='word_1_533' title='bbox 984 3752 1147 3807; x_wconf 89' lang='lat' dir='ltr'><strong>morti</strong></span> <span class='ocrx_word' id='word_1_534' title='bbox 1174 3750 1335 3814; x_wconf 91' lang='lat' dir='ltr'><strong>tradi,</strong></span> <span class='ocrx_word' id='word_1_535' title='bbox 1361 3762 1559 3804; x_wconf 90' lang='lat' dir='ltr'><strong>novum</strong></span> <span class='ocrx_word' id='word_1_536' title='bbox 1583 3755 1665 3801; x_wconf 88' lang='lat' dir='ltr'><strong>est</strong></span> <span class='ocrx_word' id='word_1_537' title='bbox 1686 3746 1772 3801; x_wconf 89' lang='lat' dir='ltr'><strong>die</strong></span> 
     </span>
    </p>
   </div>
   <div class='ocr_carea' id='block_1_71' title="bbox 169 3842 1769 3923">
    <p class='ocr_par' dir='ltr' id='par_1_71' title="bbox 169 3842 1769 3923">
     <span class='ocr_line' id='line_1_71' title="bbox 169 3842 1769 3923; baseline -0.009 -14"><span class='ocrx_word' id='word_1_538' title='bbox 169 3853 332 3909; x_wconf 87' lang='lat' dir='ltr'><strong>tertia</strong></span> <span class='ocrx_word' id='word_1_539' title='bbox 380 3866 617 3923; x_wconf 83' lang='lat' dir='ltr'><strong>surgere,</strong></span> <span class='ocrx_word' id='word_1_540' title='bbox 666 3865 863 3907; x_wconf 89' lang='lat' dir='ltr'><strong>novum</strong></span> <span class='ocrx_word' id='word_1_541' title='bbox 908 3857 993 3905; x_wconf 89' lang='lat' dir='ltr'><strong>est</strong></span> <span class='ocrx_word' id='word_1_542' title='bbox 1034 3862 1158 3904; x_wconf 90' lang='lat' dir='ltr'><strong>cum</strong></span> <span class='ocrx_word' id='word_1_543' title='bbox 1196 3859 1424 3915; x_wconf 89' lang='lat' dir='ltr'><strong>corpore</strong></span> <span class='ocrx_word' id='word_1_544' title='bbox 1468 3845 1536 3899; x_wconf 90' lang='lat' dir='ltr'><strong>ad</strong></span> <span class='ocrx_word' id='word_1_545' title='bbox 1576 3842 1769 3897; x_wconf 87' lang='lat' dir='ltr'><strong>coelum</strong></span> 
     </span>
    </p>
   </div>
   <div class='ocr_carea' id='block_1_72' title="bbox 169 3935 1775 4009">
    <p class='ocr_par' dir='ltr' id='par_1_72' title="bbox 169 3935 1775 4009">
     <span class='ocr_line' id='line_1_72' title="bbox 169 3935 1775 4009; baseline -0.007 -10"><span class='ocrx_word' id='word_1_546' title='bbox 169 3943 487 4009; x_wconf 81' lang='lat' dir='ltr'><strong>ascendere,</strong></span> <span class='ocrx_word' id='word_1_547' title='bbox 524 3958 726 4001; x_wconf 88' lang='lat' dir='ltr'><strong>novum</strong></span> <span class='ocrx_word' id='word_1_548' title='bbox 767 3948 851 3997; x_wconf 92' lang='lat' dir='ltr'><strong>est</strong></span> <span class='ocrx_word' id='word_1_549' title='bbox 888 3939 1262 3996; x_wconf 87' lang='lat' dir='ltr'><strong>remissionem</strong></span> <span class='ocrx_word' id='word_1_550' title='bbox 1297 3944 1643 4008; x_wconf 82' lang='lat' dir='ltr'><strong>peccatorum</strong></span> <span class='ocrx_word' id='word_1_551' title='bbox 1680 3935 1775 3989; x_wconf 89' lang='lat' dir='ltr'><strong>ho-</strong></span> 
     </span>
    </p>
   </div>
   <div class='ocr_carea' id='block_1_73' title="bbox 170 4029 1771 4104">
    <p class='ocr_par' dir='ltr' id='par_1_73' title="bbox 170 4029 1771 4104">
     <span class='ocr_line' id='line_1_73' title="bbox 170 4029 1771 4104; baseline -0.007 -11"><span class='ocrx_word' id='word_1_552' title='bbox 170 4039 413 4093; x_wconf 86' lang='lat' dir='ltr'><strong>minibus</strong></span> <span class='ocrx_word' id='word_1_553' title='bbox 465 4036 599 4092; x_wconf 91' lang='lat' dir='ltr'><strong>dari.</strong></span> <span class='ocrx_word' id='word_1_554' title='bbox 656 4056 675 4089; x_wconf 75' lang='grc' dir='ltr'><strong>ι</strong></span> <span class='ocrx_word' id='word_1_555' title='bbox 727 4035 940 4091; x_wconf 86' lang='lat' dir='ltr'><strong>Novum</strong></span> <span class='ocrx_word' id='word_1_556' title='bbox 989 4033 1172 4104; x_wconf 83' lang='lat' dir='ltr'><strong>itaque</strong></span> <span class='ocrx_word' id='word_1_557' title='bbox 1216 4031 1353 4087; x_wconf 78' lang='lat' dir='ltr'><strong>dixit</strong></span> <span class='ocrx_word' id='word_1_558' title='bbox 1399 4029 1771 4085; x_wconf 88' lang='lat' dir='ltr'><strong>remissionem</strong></span> 
     </span>
    </p>
   </div>
   <div class='ocr_carea' id='block_1_74' title="bbox 169 4121 1774 4202">
    <p class='ocr_par' dir='ltr' id='par_1_74' title="bbox 169 4121 1774 4202">
     <span class='ocr_line' id='line_1_74' title="bbox 169 4121 1774 4202; baseline -0.008 -15"><span class='ocrx_word' id='word_1_559' title='bbox 169 4138 523 4202; x_wconf 77' lang='lat' dir='ltr'><strong>peccatorum</strong></span> <span class='ocrx_word' id='word_1_560' title='bbox 575 4128 887 4186; x_wconf 89' lang='lat' dir='ltr'><strong>hominibus</strong></span> <span class='ocrx_word' id='word_1_561' title='bbox 939 4126 1096 4192; x_wconf 85' lang='lat' dir='ltr'><strong>dari,</strong></span> <span class='ocrx_word' id='word_1_562' title='bbox 1153 4140 1273 4195; x_wconf 68' lang='lat' dir='ltr'><strong>qum</strong></span> <span class='ocrx_word' id='word_1_563' title='bbox 1324 4125 1464 4180; x_wconf 87' lang='lat' dir='ltr'><strong>sicut</strong></span> <span class='ocrx_word' id='word_1_564' title='bbox 1514 4123 1571 4177; x_wconf 92' lang='lat' dir='ltr'><strong>in</strong></span> <span class='ocrx_word' id='word_1_565' title='bbox 1624 4121 1774 4176; x_wconf 87' lang='lat' dir='ltr'><strong>Novo</strong></span> 
     </span>
    </p>
   </div>
   <div class='ocr_carea' id='block_1_75' title="bbox 1871 3295 3467 3365">
    <p class='ocr_par' dir='ltr' id='par_1_75' title="bbox 1871 3295 3467 3365">
     <span class='ocr_line' id='line_1_75' title="bbox 1871 3295 3467 3365; baseline 0 -16"><span class='ocrx_word' id='word_1_566' title='bbox 1871 3312 1938 3349; x_wconf 85' lang='lat' dir='ltr'><strong>ne</strong></span> <span class='ocrx_word' id='word_1_567' title='bbox 1974 3296 2245 3351; x_wconf 82' lang='lat' dir='ltr'><strong>oblivione</strong></span> <span class='ocrx_word' id='word_1_568' title='bbox 2284 3296 2583 3351; x_wconf 87' lang='lat' dir='ltr'><strong>dilueretur</strong></span> <span class='ocrx_word' id='word_1_569' title='bbox 2620 3302 2713 3350; x_wconf 84' lang='lat' dir='ltr'><strong>aut</strong></span> <span class='ocrx_word' id='word_1_570' title='bbox 2752 3295 3006 3350; x_wconf 76' lang='lat' dir='ltr'><strong>haeretica</strong></span> <span class='ocrx_word' id='word_1_571' title='bbox 3044 3295 3311 3365; x_wconf 84' lang='lat' dir='ltr'><strong>pravitate</strong></span> <span class='ocrx_word' id='word_1_572' title='bbox 3347 3308 3467 3349; x_wconf 88' lang='lat' dir='ltr'><strong>cas-</strong></span> 
     </span>
    </p>
   </div>
   <div class='ocr_carea' id='block_1_76' title="bbox 1871 3389 3467 3458">
    <p class='ocr_par' dir='ltr' id='par_1_76' title="bbox 1871 3389 3467 3458">
     <span class='ocr_line' id='line_1_76' title="bbox 1871 3389 3467 3458; baseline -0.001 -14"><span class='ocrx_word' id='word_1_573' title='bbox 1871 3398 1986 3444; x_wconf 89' lang='lat' dir='ltr'><strong>sata</strong></span> <span class='ocrx_word' id='word_1_574' title='bbox 2012 3404 2109 3457; x_wconf 87' lang='lat' dir='ltr'><strong>per</strong></span> <span class='ocrx_word' id='word_1_575' title='bbox 2141 3397 2445 3458; x_wconf 86' lang='lat' dir='ltr'><strong>temporum</strong></span> <span class='ocrx_word' id='word_1_576' title='bbox 2477 3391 2811 3444; x_wconf 87' lang='lat' dir='ltr'><strong>incrementa</strong></span> <span class='ocrx_word' id='word_1_577' title='bbox 2840 3389 3211 3453; x_wconf 81' lang='lat' dir='ltr'><strong>frustraretur,</strong></span> <span class='ocrx_word' id='word_1_578' title='bbox 3244 3389 3297 3442; x_wconf 91' lang='lat' dir='ltr'><strong>in</strong></span> <span class='ocrx_word' id='word_1_579' title='bbox 3321 3404 3467 3457; x_wconf 83' lang='lat' dir='ltr'><strong>sym-</strong></span> 
     </span>
    </p>
   </div>
   <div class='ocr_carea' id='block_1_77' title="bbox 1870 3478 3467 3549">
    <p class='ocr_par' dir='ltr' id='par_1_77' title="bbox 1870 3478 3467 3549">
     <span class='ocr_line' id='line_1_77' title="bbox 1870 3478 3467 3549; baseline -0.001 -13"><span class='ocrx_word' id='word_1_580' title='bbox 1870 3481 1993 3536; x_wconf 87' lang='lat' dir='ltr'><strong>bolo</strong></span> <span class='ocrx_word' id='word_1_581' title='bbox 2019 3488 2334 3549; x_wconf 87' lang='lat' dir='ltr'><strong>posuerunt,</strong></span> <span class='ocrx_word' id='word_1_582' title='bbox 2363 3491 2417 3536; x_wconf 89' lang='lat' dir='ltr'><strong>et</strong></span> <span class='ocrx_word' id='word_1_583' title='bbox 2440 3483 2493 3536; x_wconf 91' lang='lat' dir='ltr'><strong>in</strong></span> <span class='ocrx_word' id='word_1_584' title='bbox 2526 3489 2635 3535; x_wconf 89' lang='lat' dir='ltr'><strong>tam</strong></span> <span class='ocrx_word' id='word_1_585' title='bbox 2667 3481 2979 3535; x_wconf 87' lang='lat' dir='ltr'><strong>authentico</strong></span> <span class='ocrx_word' id='word_1_586' title='bbox 3006 3482 3129 3535; x_wconf 88' lang='lat' dir='ltr'><strong>ﬁdei</strong></span> <span class='ocrx_word' id='word_1_587' title='bbox 3163 3478 3379 3545; x_wconf 72' lang='lat' dir='ltr'><strong>indicio,</strong></span> <span class='ocrx_word' id='word_1_588' title='bbox 3411 3481 3467 3534; x_wconf 90' lang='lat' dir='ltr'><strong>in</strong></span> 
     </span>
    </p>
   </div>
   <div class='ocr_carea' id='block_1_78' title="bbox 1871 3573 3468 3645">
    <p class='ocr_par' dir='ltr' id='par_1_78' title="bbox 1871 3573 3468 3645">
     <span class='ocr_line' id='line_1_78' title="bbox 1871 3573 3468 3645; baseline -0.001 -16"><span class='ocrx_word' id='word_1_589' title='bbox 1871 3590 1978 3645; x_wconf 86' lang='lat' dir='ltr'><strong>quo</strong></span> <span class='ocrx_word' id='word_1_590' title='bbox 2012 3576 2176 3631; x_wconf 89' lang='lat' dir='ltr'><strong>totius</strong></span> <span class='ocrx_word' id='word_1_591' title='bbox 2219 3575 2338 3631; x_wconf 81' lang='lat' dir='ltr'><strong>ﬁdei</strong></span> <span class='ocrx_word' id='word_1_592' title='bbox 2383 3577 2663 3644; x_wconf 84' lang='lat' dir='ltr'><strong>integritas</strong></span> <span class='ocrx_word' id='word_1_593' title='bbox 2702 3575 3007 3631; x_wconf 90' lang='lat' dir='ltr'><strong>admirabili</strong></span> <span class='ocrx_word' id='word_1_594' title='bbox 3047 3573 3309 3630; x_wconf 84' lang='lat' dir='ltr'><strong>brevitate</strong></span> <span class='ocrx_word' id='word_1_595' title='bbox 3338 3588 3468 3632; x_wconf 86' lang='lat' dir='ltr'><strong>con-</strong></span> 
     </span>
    </p>
   </div>
   <div class='ocr_carea' id='block_1_79' title="bbox 1870 3666 3468 3739">
    <p class='ocr_par' dir='ltr' id='par_1_79' title="bbox 1870 3666 3468 3739">
     <span class='ocr_line' id='line_1_79' title="bbox 1870 3666 3468 3739; baseline 0 -18"><span class='ocrx_word' id='word_1_596' title='bbox 1870 3669 2139 3739; x_wconf 87' lang='lat' dir='ltr'><strong>plectitur,</strong></span> <span class='ocrx_word' id='word_1_597' title='bbox 2182 3668 2514 3724; x_wconf 84' lang='lat' dir='ltr'><strong>locaverunt.</strong></span> <span class='ocrx_word' id='word_1_598' title='bbox 2564 3668 2716 3724; x_wconf 84' lang='lat' dir='ltr'><strong>Hanc</strong></span> <span class='ocrx_word' id='word_1_599' title='bbox 2762 3684 2900 3723; x_wconf 91' lang='lat' dir='ltr'><strong>unus</strong></span> <span class='ocrx_word' id='word_1_600' title='bbox 2950 3666 3159 3723; x_wconf 88' lang='lat' dir='ltr'><strong>illorum</strong></span> <span class='ocrx_word' id='word_1_601' title='bbox 3206 3666 3298 3739; x_wconf 86' lang='lat' dir='ltr'><strong>qui</strong></span> <span class='ocrx_word' id='word_1_602' title='bbox 3351 3666 3468 3721; x_wconf 88' lang='lat' dir='ltr'><strong>fera</strong></span> 
     </span>
    </p>
   </div>
   <div class='ocr_carea' id='block_1_80' title="bbox 1872 3759 3470 3833">
    <p class='ocr_par' dir='ltr' id='par_1_80' title="bbox 1872 3759 3470 3833">
     <span class='ocr_line' id='line_1_80' title="bbox 1872 3759 3470 3833; baseline -0.003 -16"><span class='ocrx_word' id='word_1_603' title='bbox 1872 3763 2112 3833; x_wconf 87' lang='lat' dir='ltr'><strong>gentium</strong></span> <span class='ocrx_word' id='word_1_604' title='bbox 2138 3762 2302 3817; x_wconf 90' lang='lat' dir='ltr'><strong>corda</strong></span> <span class='ocrx_word' id='word_1_605' title='bbox 2334 3760 2474 3815; x_wconf 87' lang='lat' dir='ltr'><strong>sacri</strong></span> <span class='ocrx_word' id='word_1_606' title='bbox 2512 3760 2639 3832; x_wconf 85' lang='lat' dir='ltr'><strong>styli</strong></span> <span class='ocrx_word' id='word_1_607' title='bbox 2675 3761 2919 3817; x_wconf 86' lang='lat' dir='ltr'><strong>doctrina</strong></span> <span class='ocrx_word' id='word_1_608' title='bbox 2956 3759 3292 3829; x_wconf 86' lang='lat' dir='ltr'><strong>perdomuit,</strong></span> <span class='ocrx_word' id='word_1_609' title='bbox 3323 3759 3470 3813; x_wconf 88' lang='lat' dir='ltr'><strong>inter</strong></span> 
     </span>
    </p>
   </div>
   <div class='ocr_carea' id='block_1_81' title="bbox 1872 3849 3469 3922">
    <p class='ocr_par' dir='ltr' id='par_1_81' title="bbox 1872 3849 3469 3922">
     <span class='ocr_line' id='line_1_81' title="bbox 1872 3849 3469 3922; baseline 0 -17"><span class='ocrx_word' id='word_1_610' title='bbox 1872 3860 2071 3908; x_wconf 74' lang='lat' dir='ltr'><strong>cmtera</strong></span> <span class='ocrx_word' id='word_1_611' title='bbox 2099 3865 2219 3922; x_wconf 67' lang='lat' dir='ltr'><strong>quae</strong></span> <span class='ocrx_word' id='word_1_612' title='bbox 2250 3852 2315 3908; x_wconf 89' lang='lat' dir='ltr'><strong>de</strong></span> <span class='ocrx_word' id='word_1_613' title='bbox 2347 3866 2409 3906; x_wconf 88' lang='lat' dir='ltr'><strong>ea</strong></span> <span class='ocrx_word' id='word_1_614' title='bbox 2438 3850 2682 3921; x_wconf 76' lang='lat' dir='ltr'><strong>profatus</strong></span> <span class='ocrx_word' id='word_1_615' title='bbox 2712 3859 2827 3916; x_wconf 91' lang='lat' dir='ltr'><strong>est,</strong></span> <span class='ocrx_word' id='word_1_616' title='bbox 2860 3851 2916 3904; x_wconf 91' lang='lat' dir='ltr'><strong>in</strong></span> <span class='ocrx_word' id='word_1_617' title='bbox 2947 3857 3236 3916; x_wconf 85' lang='lat' dir='ltr'><strong>momento,</strong></span> <span class='ocrx_word' id='word_1_618' title='bbox 3269 3849 3320 3904; x_wconf 92' lang='lat' dir='ltr'><strong>in</strong></span> <span class='ocrx_word' id='word_1_619' title='bbox 3356 3850 3469 3905; x_wconf 91' lang='lat' dir='ltr'><strong>ictu</strong></span> 
     </span>
    </p>
   </div>
   <div class='ocr_carea' id='block_1_82' title="bbox 1873 3940 3470 4014">
    <p class='ocr_par' dir='ltr' id='par_1_82' title="bbox 1873 3940 3470 4014">
     <span class='ocr_line' id='line_1_82' title="bbox 1873 3940 3470 4014; baseline -0.001 -16"><span class='ocrx_word' id='word_1_620' title='bbox 1873 3942 2013 3998; x_wconf 89' lang='lat' dir='ltr'><strong>oculi</strong></span> <span class='ocrx_word' id='word_1_621' title='bbox 2056 3942 2169 3998; x_wconf 84' lang='lat' dir='ltr'><strong>fore</strong></span> <span class='ocrx_word' id='word_1_622' title='bbox 2203 3942 2454 4014; x_wconf 76' lang='lat' dir='ltr'><strong>prmdixit</strong></span> <span class='ocrx_word' id='word_1_623' title='bbox 2492 3941 2545 4014; x_wconf 92' lang='grc' dir='ltr'><strong>(Ι</strong></span> <span class='ocrx_word' id='word_1_624' title='bbox 2572 3941 2694 3996; x_wconf 85' lang='lat' dir='ltr'><strong>Cor.</strong></span> <span class='ocrx_word' id='word_1_625' title='bbox 2735 3942 2847 4013; x_wconf 79' lang='lat' dir='ltr'><strong>xv).</strong></span> <span class='ocrx_word' id='word_1_626' title='bbox 2888 3942 3008 3997; x_wconf 82' lang='lat' dir='ltr'><strong>Vita</strong></span> <span class='ocrx_word' id='word_1_627' title='bbox 3050 3956 3262 4013; x_wconf 85' lang='lat' dir='ltr'><strong>quoque</strong></span> <span class='ocrx_word' id='word_1_628' title='bbox 3300 3940 3470 3997; x_wconf 84' lang='lat' dir='ltr'><strong>futuri</strong></span> 
     </span>
    </p>
   </div>
   <div class='ocr_carea' id='block_1_83' title="bbox 1874 4035 3468 4108">
    <p class='ocr_par' dir='ltr' id='par_1_83' title="bbox 1874 4035 3468 4108">
     <span class='ocr_line' id='line_1_83' title="bbox 1874 4035 3468 4108; baseline -0.001 -16"><span class='ocrx_word' id='word_1_629' title='bbox 1874 4038 2076 4101; x_wconf 83' lang='lat' dir='ltr'><strong>saeculi,</strong></span> <span class='ocrx_word' id='word_1_630' title='bbox 2100 4054 2264 4106; x_wconf 90' lang='lat' dir='ltr'><strong>quam</strong></span> <span class='ocrx_word' id='word_1_631' title='bbox 2291 4038 2433 4093; x_wconf 89' lang='lat' dir='ltr'><strong>idem</strong></span> <span class='ocrx_word' id='word_1_632' title='bbox 2459 4037 2692 4093; x_wconf 87' lang='lat' dir='ltr'><strong>Basilius</strong></span> <span class='ocrx_word' id='word_1_633' title='bbox 2716 4036 3051 4108; x_wconf 81' lang='lat' dir='ltr'><strong>negligenter</strong></span> <span class='ocrx_word' id='word_1_634' title='bbox 3074 4035 3355 4091; x_wconf 86' lang='lat' dir='ltr'><strong>reticuisse</strong></span> <span class='ocrx_word' id='word_1_635' title='bbox 3383 4036 3468 4091; x_wconf 91' lang='lat' dir='ltr'><strong>di-</strong></span> 
     </span>
    </p>
   </div>
   <div class='ocr_carea' id='block_1_84' title="bbox 1876 4128 3471 4202">
    <p class='ocr_par' dir='ltr' id='par_1_84' title="bbox 1876 4128 3471 4202">
     <span class='ocr_line' id='line_1_84' title="bbox 1876 4128 3471 4202; baseline -0.002 -17"><span class='ocrx_word' id='word_1_636' title='bbox 1876 4130 2174 4202; x_wconf 87' lang='lat' dir='ltr'><strong>gnoscitur,</strong></span> <span class='ocrx_word' id='word_1_637' title='bbox 2190 4137 2245 4185; x_wconf 88' lang='lat' dir='ltr'><strong>et</strong></span> <span class='ocrx_word' id='word_1_638' title='bbox 2269 4130 2338 4184; x_wconf 91' lang='lat' dir='ltr'><strong>ab</strong></span> <span class='ocrx_word' id='word_1_639' title='bbox 2364 4130 2480 4199; x_wconf 89' lang='lat' dir='ltr'><strong>ipso</strong></span> <span class='ocrx_word' id='word_1_640' title='bbox 2510 4129 2666 4183; x_wconf 91' lang='lat' dir='ltr'><strong>nobis</strong></span> <span class='ocrx_word' id='word_1_641' title='bbox 2687 4129 2918 4183; x_wconf 87' lang='lat' dir='ltr'><strong>Domino</strong></span> <span class='ocrx_word' id='word_1_642' title='bbox 2940 4128 3245 4198; x_wconf 86' lang='lat' dir='ltr'><strong>pollicetur,</strong></span> <span class='ocrx_word' id='word_1_643' title='bbox 3262 4139 3313 4183; x_wconf 81' lang='lat' dir='ltr'><strong>et</strong></span> <span class='ocrx_word' id='word_1_644' title='bbox 3334 4142 3471 4197; x_wconf 87' lang='lat' dir='ltr'><strong>pene</strong></span> 
     </span>
    </p>
   </div>
   <div class='ocr_carea' id='block_1_85' title="bbox 172 4213 1772 4286">
    <p class='ocr_par' dir='ltr' id='par_1_85' title="bbox 172 4213 1772 4286">
     <span class='ocr_line' id='line_1_85' title="bbox 172 4213 1772 4286; baseline -0.006 -9"><span class='ocrx_word' id='word_1_645' title='bbox 172 4222 530 4277; x_wconf 87' lang='lat' dir='ltr'><strong>Testamento</strong></span> <span class='ocrx_word' id='word_1_646' title='bbox 574 4221 751 4286; x_wconf 90' lang='lat' dir='ltr'><strong>datur,</strong></span> <span class='ocrx_word' id='word_1_647' title='bbox 799 4220 854 4273; x_wconf 88' lang='lat' dir='ltr'><strong>in</strong></span> <span class='ocrx_word' id='word_1_648' title='bbox 894 4217 1079 4274; x_wconf 89' lang='lat' dir='ltr'><strong>Veteri</strong></span> <span class='ocrx_word' id='word_1_649' title='bbox 1124 4232 1231 4271; x_wconf 91' lang='lat' dir='ltr'><strong>non</strong></span> <span class='ocrx_word' id='word_1_650' title='bbox 1277 4217 1523 4272; x_wconf 88' lang='lat' dir='ltr'><strong>dabatur.</strong></span> <span class='ocrx_word' id='word_1_651' title='bbox 1569 4213 1772 4285; x_wconf 86' lang='lat' dir='ltr'><strong>Pagina</strong></span> 
     </span>
    </p>
   </div>
   <div class='ocr_carea' id='block_1_86' title="bbox 170 4304 1775 4379">
    <p class='ocr_par' dir='ltr' id='par_1_86' title="bbox 170 4304 1775 4379">
     <span class='ocr_line' id='line_1_86' title="bbox 170 4304 1775 4379; baseline -0.006 -11"><span class='ocrx_word' id='word_1_652' title='bbox 170 4315 320 4368; x_wconf 85' lang='lat' dir='ltr'><strong>enim</strong></span> <span class='ocrx_word' id='word_1_653' title='bbox 371 4312 721 4368; x_wconf 83' lang='lat' dir='ltr'><strong>instrumenti</strong></span> <span class='ocrx_word' id='word_1_654' title='bbox 765 4311 977 4367; x_wconf 79' lang='lat' dir='ltr'><strong>Veteris</strong></span> <span class='ocrx_word' id='word_1_655' title='bbox 1022 4316 1245 4379; x_wconf 88' lang='lat' dir='ltr'><strong>peccata</strong></span> <span class='ocrx_word' id='word_1_656' title='bbox 1293 4323 1399 4362; x_wconf 91' lang='lat' dir='ltr'><strong>non</strong></span> <span class='ocrx_word' id='word_1_657' title='bbox 1445 4305 1630 4371; x_wconf 89' lang='lat' dir='ltr'><strong>diluit,</strong></span> <span class='ocrx_word' id='word_1_658' title='bbox 1680 4304 1775 4359; x_wconf 90' lang='lat' dir='ltr'><strong>sed</strong></span> 
     </span>
    </p>
   </div>
   <div class='ocr_carea' id='block_1_87' title="bbox 172 4397 1774 4473">
    <p class='ocr_par' dir='ltr' id='par_1_87' title="bbox 172 4397 1774 4473">
     <span class='ocr_line' id='line_1_87' title="bbox 172 4397 1774 4473; baseline -0.008 -11"><span class='ocrx_word' id='word_1_659' title='bbox 172 4404 441 4462; x_wconf 89' lang='lat' dir='ltr'><strong>ostendit.</strong></span> <span class='ocrx_word' id='word_1_660' title='bbox 470 4403 664 4459; x_wconf 90' lang='lat' dir='ltr'><strong>Carnis</strong></span> <span class='ocrx_word' id='word_1_661' title='bbox 692 4417 907 4473; x_wconf 91' lang='lat' dir='ltr'><strong>quoque</strong></span> <span class='ocrx_word' id='word_1_662' title='bbox 933 4400 1257 4457; x_wconf 85' lang='lat' dir='ltr'><strong>resurrectio</strong></span> <span class='ocrx_word' id='word_1_663' title='bbox 1285 4413 1446 4469; x_wconf 92' lang='lat' dir='ltr'><strong>quam</strong></span> <span class='ocrx_word' id='word_1_664' title='bbox 1476 4397 1696 4452; x_wconf 88' lang='lat' dir='ltr'><strong>credere</strong></span> <span class='ocrx_word' id='word_1_665' title='bbox 1720 4402 1774 4449; x_wconf 89' lang='lat' dir='ltr'><strong>et</strong></span> 
     </span>
    </p>
   </div>
   <div class='ocr_carea' id='block_1_88' title="bbox 171 4490 1774 4561">
    <p class='ocr_par' dir='ltr' id='par_1_88' title="bbox 171 4490 1774 4561">
     <span class='ocr_line' id='line_1_88' title="bbox 171 4490 1774 4561; baseline -0.011 -3"><span class='ocrx_word' id='word_1_666' title='bbox 171 4499 337 4558; x_wconf 84' lang='lat' dir='ltr'><strong>fateri</strong></span> <span class='ocrx_word' id='word_1_667' title='bbox 363 4496 815 4561; x_wconf 89' lang='lat' dir='ltr'><strong>Christianorum,</strong></span> <span class='ocrx_word' id='word_1_668' title='bbox 841 4511 950 4549; x_wconf 90' lang='lat' dir='ltr'><strong>non</strong></span> <span class='ocrx_word' id='word_1_669' title='bbox 969 4494 1187 4549; x_wconf 84' lang='lat' dir='ltr'><strong>credere</strong></span> <span class='ocrx_word' id='word_1_670' title='bbox 1204 4507 1333 4547; x_wconf 89' lang='lat' dir='ltr'><strong>vero</strong></span> <span class='ocrx_word' id='word_1_671' title='bbox 1355 4490 1774 4544; x_wconf 66' lang='lat' dir='ltr'><strong>Sadducaaorum</strong></span> 
     </span>
    </p>
   </div>
   <div class='ocr_carea' id='block_1_89' title="bbox 171 4579 1776 4662">
    <p class='ocr_par' dir='ltr' id='par_1_89' title="bbox 171 4579 1776 4662">
     <span class='ocr_line' id='line_1_89' title="bbox 171 4579 1776 4662; baseline -0.009 -13"><span class='ocrx_word' id='word_1_672' title='bbox 171 4604 280 4658; x_wconf 91' lang='lat' dir='ltr'><strong>est,</strong></span> <span class='ocrx_word' id='word_1_673' title='bbox 307 4606 475 4662; x_wconf 86' lang='lat' dir='ltr'><strong>quam</strong></span> <span class='ocrx_word' id='word_1_674' title='bbox 496 4588 751 4660; x_wconf 84' lang='lat' dir='ltr'><strong>praefatus</strong></span> <span class='ocrx_word' id='word_1_675' title='bbox 772 4588 1055 4657; x_wconf 88' lang='lat' dir='ltr'><strong>cpiscopus</strong></span> <span class='ocrx_word' id='word_1_676' title='bbox 1078 4585 1132 4641; x_wconf 90' lang='lat' dir='ltr'><strong>in</strong></span> <span class='ocrx_word' id='word_1_677' title='bbox 1160 4601 1270 4640; x_wconf 75' lang='lat' dir='ltr'><strong>sum</strong></span> <span class='ocrx_word' id='word_1_678' title='bbox 1294 4582 1416 4638; x_wconf 84' lang='lat' dir='ltr'><strong>ﬁdei</strong></span> <span class='ocrx_word' id='word_1_679' title='bbox 1439 4579 1776 4653; x_wconf 85' lang='lat' dir='ltr'><strong>professione</strong></span> 
     </span>
    </p>
   </div>
   <div class='ocr_carea' id='block_1_90' title="bbox 1876 4219 3476 4291">
    <p class='ocr_par' dir='ltr' id='par_1_90' title="bbox 1876 4219 3476 4291">
     <span class='ocr_line' id='line_1_90' title="bbox 1876 4219 3476 4291; baseline -0.004 -13"><span class='ocrx_word' id='word_1_680' title='bbox 1876 4224 1932 4280; x_wconf 91' lang='lat' dir='ltr'><strong>in</strong></span> <span class='ocrx_word' id='word_1_681' title='bbox 1948 4224 2198 4281; x_wconf 85' lang='lat' dir='ltr'><strong>omnibus</strong></span> <span class='ocrx_word' id='word_1_682' title='bbox 2216 4228 2523 4278; x_wconf 85' lang='lat' dir='ltr'><strong>sanctarum</strong></span> <span class='ocrx_word' id='word_1_683' title='bbox 2540 4220 2947 4291; x_wconf 88' lang='lat' dir='ltr'><strong>Scripturarum</strong></span> <span class='ocrx_word' id='word_1_684' title='bbox 2965 4219 3200 4276; x_wconf 85' lang='lat' dir='ltr'><strong>oraculis</strong></span> <span class='ocrx_word' id='word_1_685' title='bbox 3218 4220 3476 4288; x_wconf 57' lang='lat' dir='ltr'><strong>praedica-</strong></span> 
     </span>
    </p>
   </div>
   <div class='ocr_carea' id='block_1_91' title="bbox 1880 4310 3471 4384">
    <p class='ocr_par' dir='ltr' id='par_1_91' title="bbox 1880 4310 3471 4384">
     <span class='ocr_line' id='line_1_91' title="bbox 1880 4310 3471 4384; baseline -0.004 -16"><span class='ocrx_word' id='word_1_686' title='bbox 1880 4322 1984 4381; x_wconf 81' lang='lat' dir='ltr'><strong>tur,</strong></span> <span class='ocrx_word' id='word_1_687' title='bbox 2017 4315 2213 4384; x_wconf 88' lang='lat' dir='ltr'><strong>quippe</strong></span> <span class='ocrx_word' id='word_1_688' title='bbox 2238 4329 2361 4370; x_wconf 89' lang='lat' dir='ltr'><strong>cum</strong></span> <span class='ocrx_word' id='word_1_689' title='bbox 2389 4313 2506 4368; x_wconf 88' lang='lat' dir='ltr'><strong>sine</strong></span> <span class='ocrx_word' id='word_1_690' title='bbox 2524 4328 2588 4369; x_wconf 90' lang='lat' dir='ltr'><strong>ea</strong></span> <span class='ocrx_word' id='word_1_691' title='bbox 2609 4312 2791 4369; x_wconf 86' lang='lat' dir='ltr'><strong>carnis</strong></span> <span class='ocrx_word' id='word_1_692' title='bbox 2812 4312 3141 4368; x_wconf 87' lang='lat' dir='ltr'><strong>resurrectio</strong></span> <span class='ocrx_word' id='word_1_693' title='bbox 3168 4311 3243 4365; x_wconf 88' lang='lat' dir='ltr'><strong>nil</strong></span> <span class='ocrx_word' id='word_1_694' title='bbox 3273 4310 3471 4375; x_wconf 84' lang='lat' dir='ltr'><strong>valeat,</strong></span> 
     </span>
    </p>
   </div>
   <div class='ocr_carea' id='block_1_92' title="bbox 1878 4400 3473 4474">
    <p class='ocr_par' dir='ltr' id='par_1_92' title="bbox 1878 4400 3473 4474">
     <span class='ocr_line' id='line_1_92' title="bbox 1878 4400 3473 4474; baseline -0.004 -12"><span class='ocrx_word' id='word_1_695' title='bbox 1878 4414 1933 4462; x_wconf 92' lang='lat' dir='ltr'><strong>ct</strong></span> <span class='ocrx_word' id='word_1_696' title='bbox 1950 4407 2019 4463; x_wconf 88' lang='lat' dir='ltr'><strong>ob</strong></span> <span class='ocrx_word' id='word_1_697' title='bbox 2039 4422 2160 4463; x_wconf 89' lang='lat' dir='ltr'><strong>eam</strong></span> <span class='ocrx_word' id='word_1_698' title='bbox 2182 4405 2585 4474; x_wconf 86' lang='lat' dir='ltr'><strong>adipiscendam</strong></span> <span class='ocrx_word' id='word_1_699' title='bbox 2612 4407 2776 4462; x_wconf 90' lang='lat' dir='ltr'><strong>totius</strong></span> <span class='ocrx_word' id='word_1_700' title='bbox 2796 4412 2996 4460; x_wconf 80' lang='lat' dir='ltr'><strong>nostrae</strong></span> <span class='ocrx_word' id='word_1_701' title='bbox 3014 4401 3288 4471; x_wconf 88' lang='lat' dir='ltr'><strong>religionis</strong></span> <span class='ocrx_word' id='word_1_702' title='bbox 3309 4400 3473 4456; x_wconf 84' lang='lat' dir='ltr'><strong>desu-</strong></span> 
     </span>
    </p>
   </div>
   <div class='ocr_carea' id='block_1_93' title="bbox 1830 4490 3476 4567">
    <p class='ocr_par' dir='ltr' id='par_1_93' title="bbox 1830 4490 3476 4567">
     <span class='ocr_line' id='line_1_93' title="bbox 1830 4490 3476 4567; baseline -0.005 -14"><span class='ocrx_word' id='word_1_703' title='bbox 1830 4544 1857 4567; x_wconf 51' lang='grc' dir='ltr'><em>,κ</em></span> <span class='ocrx_word' id='word_1_704' title='bbox 1878 4497 1967 4553; x_wconf 86' lang='lat' dir='ltr'><strong>det</strong></span> <span class='ocrx_word' id='word_1_705' title='bbox 1997 4497 2246 4553; x_wconf 87' lang='lat' dir='ltr'><strong>intentio.</strong></span> <span class='ocrx_word' id='word_1_706' title='bbox 2275 4496 2428 4553; x_wconf 86' lang='lat' dir='ltr'><strong>Unde</strong></span> <span class='ocrx_word' id='word_1_707' title='bbox 2457 4498 2617 4553; x_wconf 90' lang='lat' dir='ltr'><strong>datur</strong></span> <span class='ocrx_word' id='word_1_708' title='bbox 2638 4496 2869 4567; x_wconf 84' lang='lat' dir='ltr'><strong>intelligi</strong></span> <span class='ocrx_word' id='word_1_709' title='bbox 2895 4511 3004 4552; x_wconf 91' lang='lat' dir='ltr'><strong>non</strong></span> <span class='ocrx_word' id='word_1_710' title='bbox 3031 4509 3157 4549; x_wconf 89' lang='lat' dir='ltr'><strong>eum</strong></span> <span class='ocrx_word' id='word_1_711' title='bbox 3187 4490 3476 4547; x_wconf 88' lang='lat' dir='ltr'><strong>mediocri-</strong></span> 
     </span>
    </p>
   </div>
   <div class='ocr_carea' id='block_1_94' title="bbox 1800 4547 3476 4655">
    <p class='ocr_par' dir='ltr' id='par_1_94' title="bbox 1800 4547 3476 4655">
     <span class='ocr_line' id='line_1_94' title="bbox 1882 4547 3116 4567; baseline -0.003 -15"><span class='ocrx_word' id='word_1_712' title='bbox 1882 4547 1967 4553; x_wconf 59' lang='grc' dir='ltr'><strong>η-</strong></span> <span class='ocrx_word' id='word_1_713' title='bbox 2285 4547 2425 4553; x_wconf 65' lang='lat'>___-</span> <span class='ocrx_word' id='word_1_714' title='bbox 2462 4547 2608 4553; x_wconf 52' lang='grc' dir='ltr'><strong>πη-</strong></span> <span class='ocrx_word' id='word_1_715' title='bbox 2638 4547 2869 4567; x_wconf 60' lang='grc' dir='ltr'><strong>---η---ο-</strong></span> <span class='ocrx_word' id='word_1_716' title='bbox 2895 4547 3002 4552; x_wconf 45' lang='grc' dir='ltr'><strong><em>--νη</em></strong></span> 
     </span>
     <span class='ocr_line' id='line_1_95' title="bbox 1800 4547 3476 4655; baseline -0.005 -10"><span class='ocrx_word' id='word_1_717' title='bbox 1800 4547 1857 4609; x_wconf 69' lang='grc' dir='ltr'>Π</span> <span class='ocrx_word' id='word_1_718' title='bbox 1884 4598 1965 4645; x_wconf 89' lang='lat' dir='ltr'><strong>ter</strong></span> <span class='ocrx_word' id='word_1_719' title='bbox 1994 4590 2271 4655; x_wconf 88' lang='lat' dir='ltr'><strong>delirasse,</strong></span> <span class='ocrx_word' id='word_1_720' title='bbox 2295 4602 2417 4645; x_wconf 90' lang='lat' dir='ltr'><strong>cum</strong></span> <span class='ocrx_word' id='word_1_721' title='bbox 2444 4591 2500 4646; x_wconf 91' lang='lat' dir='ltr'><strong>in</strong></span> <span class='ocrx_word' id='word_1_722' title='bbox 2527 4605 2640 4647; x_wconf 67' lang='lat' dir='ltr'><strong>sua:</strong></span> <span class='ocrx_word' id='word_1_723' title='bbox 2670 4588 2795 4647; x_wconf 89' lang='lat' dir='ltr'><strong>ﬁdei</strong></span> <span class='ocrx_word' id='word_1_724' title='bbox 2822 4585 3165 4644; x_wconf 86' lang='lat' dir='ltr'><strong>confessione</strong></span> <span class='ocrx_word' id='word_1_725' title='bbox 3192 4599 3281 4639; x_wconf 90' lang='lat' dir='ltr'><strong>res</strong></span> <span class='ocrx_word' id='word_1_726' title='bbox 3308 4582 3476 4637; x_wconf 88' lang='lat' dir='ltr'><strong>tantis</strong></span> 
     </span>
    </p>
   </div>
   <div class='ocr_carea' id='block_1_95' title="bbox 172 4675 1773 4748">
    <p class='ocr_par' dir='ltr' id='par_1_95' title="bbox 172 4675 1773 4748">
     <span class='ocr_line' id='line_1_96' title="bbox 172 4675 1773 4748; baseline -0.011 -7"><span class='ocrx_word' id='word_1_727' title='bbox 172 4684 422 4748; x_wconf 85' lang='lat' dir='ltr'><strong>reticuit,</strong></span> <span class='ocrx_word' id='word_1_728' title='bbox 455 4688 511 4737; x_wconf 91' lang='lat' dir='ltr'><strong>et</strong></span> <span class='ocrx_word' id='word_1_729' title='bbox 541 4680 752 4738; x_wconf 80' lang='lat' dir='ltr'><strong>Veteris</strong></span> <span class='ocrx_word' id='word_1_730' title='bbox 788 4677 1135 4733; x_wconf 82' lang='lat' dir='ltr'><strong>instrumenti</strong></span> <span class='ocrx_word' id='word_1_731' title='bbox 1161 4675 1391 4730; x_wconf 86' lang='lat' dir='ltr'><strong>lectione</strong></span> <span class='ocrx_word' id='word_1_732' title='bbox 1418 4678 1773 4737; x_wconf 88' lang='lat' dir='ltr'><strong>monstratur,</strong></span> 
     </span>
    </p>
   </div>
   <div class='ocr_carea' id='block_1_96' title="bbox 171 4763 1779 4844">
    <p class='ocr_par' dir='ltr' id='par_1_96' title="bbox 171 4763 1779 4844">
     <span class='ocr_line' id='line_1_97' title="bbox 171 4763 1779 4844; baseline -0.011 -11"><span class='ocrx_word' id='word_1_733' title='bbox 171 4794 302 4834; x_wconf 89' lang='lat' dir='ltr'><strong>cum</strong></span> <span class='ocrx_word' id='word_1_734' title='bbox 328 4784 388 4831; x_wconf 92' lang='lat' dir='ltr'><strong>et</strong></span> <span class='ocrx_word' id='word_1_735' title='bbox 406 4786 506 4844; x_wconf 87' lang='lat' dir='ltr'><strong>per</strong></span> <span class='ocrx_word' id='word_1_736' title='bbox 530 4771 631 4828; x_wconf 82' lang='lat' dir='ltr'><strong>Job</strong></span> <span class='ocrx_word' id='word_1_737' title='bbox 653 4772 831 4827; x_wconf 84' lang='lat' dir='ltr'><strong>virum</strong></span> <span class='ocrx_word' id='word_1_738' title='bbox 855 4769 1223 4841; x_wconf 79' lang='lat' dir='ltr'><strong>evangelicum</strong></span> <span class='ocrx_word' id='word_1_739' title='bbox 1250 4768 1430 4839; x_wconf 87' lang='lat' dir='ltr'><strong>potius</strong></span> <span class='ocrx_word' id='word_1_740' title='bbox 1451 4779 1612 4835; x_wconf 86' lang='lat' dir='ltr'><strong>quam</strong></span> <span class='ocrx_word' id='word_1_741' title='bbox 1637 4763 1779 4834; x_wconf 85' lang='lat' dir='ltr'><strong>lcga-</strong></span> 
     </span>
    </p>
   </div>
   <div class='ocr_carea' id='block_1_97' title="bbox 169 4855 1779 4938">
    <p class='ocr_par' dir='ltr' id='par_1_97' title="bbox 169 4855 1779 4938">
     <span class='ocr_line' id='line_1_98' title="bbox 169 4855 1779 4938; baseline -0.012 -11"><span class='ocrx_word' id='word_1_742' title='bbox 169 4872 286 4927; x_wconf 87' lang='lat' dir='ltr'><strong>lem</strong></span> <span class='ocrx_word' id='word_1_743' title='bbox 317 4869 520 4925; x_wconf 89' lang='lat' dir='ltr'><strong>dicitur</strong></span> <span class='ocrx_word' id='word_1_744' title='bbox 548 4884 560 4921; x_wconf 91' lang='lat'><strong>:</strong></span> <span class='ocrx_word' id='word_1_745' title='bbox 598 4867 722 4923; x_wconf 86' lang='lat' dir='ltr'><strong>Scio</strong></span> <span class='ocrx_word' id='word_1_746' title='bbox 757 4864 897 4938; x_wconf 88' lang='lat' dir='ltr'><strong>quod</strong></span> <span class='ocrx_word' id='word_1_747' title='bbox 928 4862 1241 4935; x_wconf 86' lang='lat' dir='ltr'><strong>Redemptor</strong></span> <span class='ocrx_word' id='word_1_748' title='bbox 1271 4877 1415 4915; x_wconf 90' lang='lat' dir='ltr'><strong>meus</strong></span> <span class='ocrx_word' id='word_1_749' title='bbox 1443 4858 1602 4925; x_wconf 80' lang='lat' dir='ltr'><strong>vivat,</strong></span> <span class='ocrx_word' id='word_1_750' title='bbox 1645 4864 1692 4911; x_wconf 92' lang='lat' dir='ltr'><strong>et</strong></span> <span class='ocrx_word' id='word_1_751' title='bbox 1722 4855 1779 4908; x_wconf 89' lang='lat' dir='ltr'><strong>in</strong></span> 
     </span>
    </p>
   </div>
   <div class='ocr_carea' id='block_1_98' title="bbox 171 4953 1777 5023">
    <p class='ocr_par' dir='ltr' id='par_1_98' title="bbox 171 4953 1777 5023">
     <span class='ocr_line' id='line_1_99' title="bbox 171 4953 1777 5023; baseline -0.012 -2"><span class='ocrx_word' id='word_1_752' title='bbox 171 4964 467 5021; x_wconf 81' lang='lat' dir='ltr'><strong>novissimo</strong></span> <span class='ocrx_word' id='word_1_753' title='bbox 494 4962 557 5018; x_wconf 85' lang='lat' dir='ltr'><strong>de</strong></span> <span class='ocrx_word' id='word_1_754' title='bbox 582 4971 722 5016; x_wconf 86' lang='lat' dir='ltr'><strong>terra</strong></span> <span class='ocrx_word' id='word_1_755' title='bbox 746 4968 1076 5015; x_wconf 85' lang='lat' dir='ltr'><strong>surrecturus</strong></span> <span class='ocrx_word' id='word_1_756' title='bbox 1097 4959 1217 5023; x_wconf 89' lang='lat' dir='ltr'><strong>sim,</strong></span> <span class='ocrx_word' id='word_1_757' title='bbox 1248 4965 1297 5011; x_wconf 87' lang='lat' dir='ltr'><strong>et</strong></span> <span class='ocrx_word' id='word_1_758' title='bbox 1331 4970 1513 5009; x_wconf 86' lang='lat' dir='ltr'><strong>rursus</strong></span> <span class='ocrx_word' id='word_1_759' title='bbox 1550 4953 1777 5005; x_wconf 88' lang='lat' dir='ltr'><strong>circum-</strong></span> 
     </span>
    </p>
   </div>
   <div class='ocr_carea' id='block_1_99' title="bbox 172 5046 1780 5127">
    <p class='ocr_par' dir='ltr' id='par_1_99' title="bbox 172 5046 1780 5127">
     <span class='ocr_line' id='line_1_100' title="bbox 172 5046 1780 5127; baseline -0.012 -15"><span class='ocrx_word' id='word_1_760' title='bbox 172 5057 354 5112; x_wconf 87' lang='lat' dir='ltr'><strong>dabor</strong></span> <span class='ocrx_word' id='word_1_761' title='bbox 384 5054 517 5127; x_wconf 89' lang='lat' dir='ltr'><strong>pelle</strong></span> <span class='ocrx_word' id='word_1_762' title='bbox 546 5070 661 5108; x_wconf 89' lang='lat' dir='ltr'><strong>mea</strong></span> <span class='ocrx_word' id='word_1_763' title='bbox 695 5062 742 5107; x_wconf 89' lang='lat' dir='ltr'><strong>et</strong></span> <span class='ocrx_word' id='word_1_764' title='bbox 771 5052 826 5107; x_wconf 90' lang='lat' dir='ltr'><strong>in</strong></span> <span class='ocrx_word' id='word_1_765' title='bbox 851 5067 1008 5105; x_wconf 87' lang='lat' dir='ltr'><strong>carne</strong></span> <span class='ocrx_word' id='word_1_766' title='bbox 1037 5066 1152 5105; x_wconf 87' lang='lat' dir='ltr'><strong>mea</strong></span> <span class='ocrx_word' id='word_1_767' title='bbox 1187 5047 1365 5102; x_wconf 89' lang='lat' dir='ltr'><strong>videbo</strong></span> <span class='ocrx_word' id='word_1_768' title='bbox 1390 5046 1595 5099; x_wconf 81' lang='lat' dir='ltr'><strong>Deum:</strong></span> <span class='ocrx_word' id='word_1_769' title='bbox 1631 5056 1780 5113; x_wconf 86' lang='lat' dir='ltr'><strong>quem</strong></span> 
     </span>
    </p>
   </div>
   <div class='ocr_carea' id='block_1_100' title="bbox 173 5137 1783 5220">
    <p class='ocr_par' dir='ltr' id='par_1_100' title="bbox 173 5137 1783 5220">
     <span class='ocr_line' id='line_1_101' title="bbox 173 5137 1783 5220; baseline -0.014 -12"><span class='ocrx_word' id='word_1_770' title='bbox 173 5154 396 5209; x_wconf 79' lang='lat' dir='ltr'><strong>visurus</strong></span> <span class='ocrx_word' id='word_1_771' title='bbox 426 5167 541 5205; x_wconf 89' lang='lat' dir='ltr'><strong>sum</strong></span> <span class='ocrx_word' id='word_1_772' title='bbox 571 5165 662 5220; x_wconf 86' lang='lat' dir='ltr'><strong>ego</strong></span> <span class='ocrx_word' id='word_1_773' title='bbox 696 5148 825 5218; x_wconf 89' lang='lat' dir='ltr'><strong>ipse,</strong></span> <span class='ocrx_word' id='word_1_774' title='bbox 853 5155 898 5199; x_wconf 89' lang='lat' dir='ltr'><strong>et</strong></span> <span class='ocrx_word' id='word_1_775' title='bbox 924 5142 1062 5197; x_wconf 86' lang='lat' dir='ltr'><strong>oculi</strong></span> <span class='ocrx_word' id='word_1_776' title='bbox 1094 5142 1194 5196; x_wconf 87' lang='lat' dir='ltr'><strong>mei</strong></span> <span class='ocrx_word' id='word_1_777' title='bbox 1229 5137 1551 5211; x_wconf 85' lang='lat' dir='ltr'><strong>conspecturi</strong></span> <span class='ocrx_word' id='word_1_778' title='bbox 1582 5142 1703 5188; x_wconf 84' lang='lat' dir='ltr'><strong>sunt</strong></span> <span class='ocrx_word' id='word_1_779' title='bbox 1735 5140 1783 5185; x_wconf 90' lang='lat' dir='ltr'><strong>et</strong></span> 
     </span>
    </p>
   </div>
   <div class='ocr_carea' id='block_1_101' title="bbox 1880 4670 3478 4756">
    <p class='ocr_par' dir='ltr' id='par_1_101' title="bbox 1880 4670 3478 4756">
     <span class='ocr_line' id='line_1_102' title="bbox 1880 4670 3478 4756; baseline -0.008 -17"><span class='ocrx_word' id='word_1_780' title='bbox 1880 4670 2153 4756; x_wconf 84' lang='lat' dir='ltr'><strong>mysteriis</strong></span> <span class='ocrx_word' id='word_1_781' title='bbox 2171 4683 2375 4754; x_wconf 88' lang='lat' dir='ltr'><strong>plenas,</strong></span> <span class='ocrx_word' id='word_1_782' title='bbox 2401 4692 2456 4739; x_wconf 91' lang='lat' dir='ltr'><strong>ct</strong></span> <span class='ocrx_word' id='word_1_783' title='bbox 2477 4698 2670 4738; x_wconf 87' lang='lat' dir='ltr'><strong>revera</strong></span> <span class='ocrx_word' id='word_1_784' title='bbox 2690 4679 2964 4752; x_wconf 87' lang='lat' dir='ltr'><strong>mysteriis</strong></span> <span class='ocrx_word' id='word_1_785' title='bbox 2989 4677 3195 4747; x_wconf 88' lang='lat' dir='ltr'><strong>plenas,</strong></span> <span class='ocrx_word' id='word_1_786' title='bbox 3222 4675 3340 4729; x_wconf 89' lang='lat' dir='ltr'><strong>sine</strong></span> <span class='ocrx_word' id='word_1_787' title='bbox 3362 4673 3478 4743; x_wconf 52' lang='lat' dir='ltr'><strong>quia</strong></span> 
     </span>
    </p>
   </div>
   <div class='ocr_carea' id='block_1_102' title="bbox 1879 4765 3499 4867">
    <p class='ocr_par' dir='ltr' id='par_1_102' title="bbox 1879 4765 3499 4867">
     <span class='ocr_line' id='line_1_103' title="bbox 1879 4765 3499 4867; baseline -0.011 -32"><span class='ocrx_word' id='word_1_788' title='bbox 1879 4778 1978 4835; x_wconf 89' lang='lat' dir='ltr'><strong>bus</strong></span> <span class='ocrx_word' id='word_1_789' title='bbox 1990 4776 2298 4833; x_wconf 84' lang='lat' dir='ltr'><strong>Christiana</strong></span> <span class='ocrx_word' id='word_1_790' title='bbox 2312 4775 2605 4832; x_wconf 88' lang='lat' dir='ltr'><strong>credulitas</strong></span> <span class='ocrx_word' id='word_1_791' title='bbox 2618 4781 2763 4830; x_wconf 87' lang='lat' dir='ltr'><strong>stare</strong></span> <span class='ocrx_word' id='word_1_792' title='bbox 2780 4787 2885 4825; x_wconf 88' lang='lat' dir='ltr'><strong>non</strong></span> <span class='ocrx_word' id='word_1_793' title='bbox 2899 4776 3094 4838; x_wconf 88' lang='lat' dir='ltr'><strong>potest,</strong></span> <span class='ocrx_word' id='word_1_794' title='bbox 3112 4765 3328 4822; x_wconf 88' lang='lat' dir='ltr'><strong>silentio</strong></span> <span class='ocrx_word' id='word_1_795' title='bbox 3345 4779 3499 4867; x_wconf 68' lang='lat' dir='ltr'><strong>prae»|</strong></span> 
     </span>
    </p>
   </div>
   <div class='ocr_carea' id='block_1_103' title="bbox 1880 4856 3477 4929">
    <p class='ocr_par' dir='ltr' id='par_1_103' title="bbox 1880 4856 3477 4929">
     <span class='ocr_line' id='line_1_104' title="bbox 1880 4856 3477 4929; baseline -0.011 0"><span class='ocrx_word' id='word_1_796' title='bbox 1880 4871 2093 4929; x_wconf 86' lang='lat' dir='ltr'><strong>terierit</strong></span> <span class='ocrx_word' id='word_1_797' title='bbox 2134 4880 2189 4927; x_wconf 91' lang='lat' dir='ltr'><strong>et</strong></span> <span class='ocrx_word' id='word_1_798' title='bbox 2226 4872 2280 4927; x_wconf 89' lang='lat' dir='ltr'><strong>in</strong></span> <span class='ocrx_word' id='word_1_799' title='bbox 2310 4885 2496 4927; x_wconf 87' lang='lat' dir='ltr'><strong>earum</strong></span> <span class='ocrx_word' id='word_1_800' title='bbox 2522 4868 2642 4924; x_wconf 90' lang='lat' dir='ltr'><strong>loco</strong></span> <span class='ocrx_word' id='word_1_801' title='bbox 2668 4881 2757 4921; x_wconf 88' lang='lat' dir='ltr'><strong>res</strong></span> <span class='ocrx_word' id='word_1_802' title='bbox 2781 4880 2889 4919; x_wconf 87' lang='lat' dir='ltr'><strong>non</strong></span> <span class='ocrx_word' id='word_1_803' title='bbox 2915 4861 3250 4917; x_wconf 87' lang='lat' dir='ltr'><strong>necessarias</strong></span> <span class='ocrx_word' id='word_1_804' title='bbox 3278 4866 3331 4912; x_wconf 89' lang='lat' dir='ltr'><strong>et</strong></span> <span class='ocrx_word' id='word_1_805' title='bbox 3364 4856 3477 4911; x_wconf 89' lang='lat' dir='ltr'><strong>risu</strong></span> 
     </span>
    </p>
   </div>
   <div class='ocr_carea' id='block_1_104' title="bbox 1885 4954 3479 5039">
    <p class='ocr_par' dir='ltr' id='par_1_104' title="bbox 1885 4954 3479 5039">
     <span class='ocr_line' id='line_1_105' title="bbox 1885 4954 3479 5039; baseline -0.011 -15"><span class='ocrx_word' id='word_1_806' title='bbox 1885 4969 2071 5039; x_wconf 87' lang='lat' dir='ltr'><strong>dignas</strong></span> <span class='ocrx_word' id='word_1_807' title='bbox 2094 4966 2401 5037; x_wconf 88' lang='lat' dir='ltr'><strong>protulerit.</strong></span> <span class='ocrx_word' id='word_1_808' title='bbox 2428 4963 2546 5019; x_wconf 91' lang='lat' dir='ltr'><strong>Non</strong></span> <span class='ocrx_word' id='word_1_809' title='bbox 2568 4962 2730 5033; x_wconf 86' lang='lat' dir='ltr'><strong>igitur</strong></span> <span class='ocrx_word' id='word_1_810' title='bbox 2750 4959 2800 5015; x_wconf 90' lang='lat' dir='ltr'><strong>ei</strong></span> <span class='ocrx_word' id='word_1_811' title='bbox 2822 4959 2942 5014; x_wconf 89' lang='lat' dir='ltr'><strong>ideo</strong></span> <span class='ocrx_word' id='word_1_812' title='bbox 2965 4954 3339 5012; x_wconf 86' lang='lat' dir='ltr'><strong>tantummodo</strong></span> <span class='ocrx_word' id='word_1_813' title='bbox 3362 4967 3479 5007; x_wconf 79' lang='lat' dir='ltr'><strong>suc—</strong></span> 
     </span>
    </p>
   </div>
   <div class='ocr_carea' id='block_1_105' title="bbox 1885 5044 3481 5129">
    <p class='ocr_par' dir='ltr' id='par_1_105' title="bbox 1885 5044 3481 5129">
     <span class='ocr_line' id='line_1_106' title="bbox 1885 5044 3481 5129; baseline -0.013 -11"><span class='ocrx_word' id='word_1_814' title='bbox 1885 5069 2138 5118; x_wconf 89' lang='lat' dir='ltr'><strong>censetur</strong></span> <span class='ocrx_word' id='word_1_815' title='bbox 2158 5059 2283 5129; x_wconf 83' lang='lat' dir='ltr'><strong>quia</strong></span> <span class='ocrx_word' id='word_1_816' title='bbox 2307 5072 2401 5113; x_wconf 86' lang='lat' dir='ltr'><strong>cas</strong></span> <span class='ocrx_word' id='word_1_817' title='bbox 2419 5054 2663 5125; x_wconf 90' lang='lat' dir='ltr'><strong>proﬁteri</strong></span> <span class='ocrx_word' id='word_1_818' title='bbox 2684 5051 2910 5116; x_wconf 86' lang='lat' dir='ltr'><strong>distulit,</strong></span> <span class='ocrx_word' id='word_1_819' title='bbox 2933 5050 2979 5104; x_wconf 89' lang='lat' dir='ltr'><strong>si</strong></span> <span class='ocrx_word' id='word_1_820' title='bbox 3002 5057 3184 5103; x_wconf 89' lang='lat' dir='ltr'><strong>tamen</strong></span> <span class='ocrx_word' id='word_1_821' title='bbox 3205 5060 3299 5101; x_wconf 89' lang='lat' dir='ltr'><strong>eas</strong></span> <span class='ocrx_word' id='word_1_822' title='bbox 3318 5044 3481 5099; x_wconf 88' lang='lat' dir='ltr'><strong>corde</strong></span> 
     </span>
    </p>
   </div>
   <div class='ocr_carea' id='block_1_106' title="bbox 1886 5135 3476 5221">
    <p class='ocr_par' dir='ltr' id='par_1_106' title="bbox 1886 5135 3476 5221">
     <span class='ocr_line' id='line_1_107' title="bbox 1886 5135 3476 5221; baseline -0.013 -11"><span class='ocrx_word' id='word_1_823' title='bbox 1886 5154 2079 5217; x_wconf 87' lang='lat' dir='ltr'><strong>credit,</strong></span> <span class='ocrx_word' id='word_1_824' title='bbox 2105 5168 2227 5208; x_wconf 91' lang='lat' dir='ltr'><strong>cum</strong></span> <span class='ocrx_word' id='word_1_825' title='bbox 2249 5151 2568 5221; x_wconf 86' lang='lat' dir='ltr'><strong>plerumque</strong></span> <span class='ocrx_word' id='word_1_826' title='bbox 2591 5146 2837 5216; x_wconf 71' lang='lat' dir='ltr'><strong>quaedam</strong></span> <span class='ocrx_word' id='word_1_827' title='bbox 2861 5152 2954 5197; x_wconf 90' lang='lat' dir='ltr'><strong>aut</strong></span> <span class='ocrx_word' id='word_1_828' title='bbox 2979 5139 3259 5197; x_wconf 89' lang='lat' dir='ltr'><strong>brevitatis</strong></span> <span class='ocrx_word' id='word_1_829' title='bbox 3279 5135 3476 5200; x_wconf 81' lang='lat' dir='ltr'><strong>studio,</strong></span> 
     </span>
    </p>
   </div>
   <div class='ocr_carea' id='block_1_107' title="bbox 178 5226 1787 5315">
    <p class='ocr_par' dir='ltr' id='par_1_107' title="bbox 178 5226 1787 5315">
     <span class='ocr_line' id='line_1_108' title="bbox 178 5226 1787 5315; baseline -0.013 -14"><span class='ocrx_word' id='word_1_830' title='bbox 178 5263 294 5301; x_wconf 85' lang='lat' dir='ltr'><strong>non</strong></span> <span class='ocrx_word' id='word_1_831' title='bbox 320 5244 461 5298; x_wconf 86' lang='lat' dir='ltr'><strong>alius</strong></span> <span class='ocrx_word' id='word_1_832' title='bbox 486 5243 627 5315; x_wconf 82' lang='lat' dir='ltr'><strong>(Job.</strong></span> <span class='ocrx_word' id='word_1_833' title='bbox 650 5240 797 5308; x_wconf 68' lang='lat' dir='ltr'><strong>xu);</strong></span> <span class='ocrx_word' id='word_1_834' title='bbox 825 5247 877 5295; x_wconf 89' lang='lat' dir='ltr'><strong>et</strong></span> <span class='ocrx_word' id='word_1_835' title='bbox 899 5253 994 5308; x_wconf 89' lang='lat' dir='ltr'><strong>per</strong></span> <span class='ocrx_word' id='word_1_836' title='bbox 1016 5236 1291 5291; x_wconf 85' lang='lat' dir='ltr'><strong>Danielcm</strong></span> <span class='ocrx_word' id='word_1_837' title='bbox 1312 5232 1488 5287; x_wconf 85' lang='lat' dir='ltr'><strong>virum</strong></span> <span class='ocrx_word' id='word_1_838' title='bbox 1514 5226 1787 5285; x_wconf 89' lang='lat' dir='ltr'><strong>sanctissi-</strong></span> 
     </span>
    </p>
   </div>
   <div class='ocr_carea' id='block_1_108' title="bbox 180 5318 1788 5393">
    <p class='ocr_par' dir='ltr' id='par_1_108' title="bbox 180 5318 1788 5393">
     <span class='ocr_line' id='line_1_109' title="bbox 180 5318 1788 5393; baseline -0.012 -1"><span class='ocrx_word' id='word_1_839' title='bbox 180 5353 341 5393; x_wconf 89' lang='lat' dir='ltr'><strong>mum</strong></span> <span class='ocrx_word' id='word_1_840' title='bbox 375 5342 431 5390; x_wconf 91' lang='lat' dir='ltr'><strong>et</strong></span> <span class='ocrx_word' id='word_1_841' title='bbox 464 5348 782 5389; x_wconf 87' lang='lat' dir='ltr'><strong>arcanorum</strong></span> <span class='ocrx_word' id='word_1_842' title='bbox 818 5331 913 5386; x_wconf 88' lang='lat' dir='ltr'><strong>Dei</strong></span> <span class='ocrx_word' id='word_1_843' title='bbox 948 5336 1305 5385; x_wconf 86' lang='lat' dir='ltr'><strong>scrutatorem</strong></span> <span class='ocrx_word' id='word_1_844' title='bbox 1343 5329 1680 5379; x_wconf 87' lang='lat' dir='ltr'><strong>monstratur</strong></span> <span class='ocrx_word' id='word_1_845' title='bbox 1712 5318 1788 5374; x_wconf 87' lang='lat' dir='ltr'><strong>di-</strong></span> 
     </span>
    </p>
   </div>
   <div class='ocr_carea' id='block_1_109' title="bbox 177 5413 1791 5496">
    <p class='ocr_par' dir='ltr' id='par_1_109' title="bbox 177 5413 1791 5496">
     <span class='ocr_line' id='line_1_110' title="bbox 177 5413 1791 5496; baseline -0.012 -10"><span class='ocrx_word' id='word_1_846' title='bbox 177 5438 448 5488; x_wconf 86' lang='lat' dir='ltr'><strong>centem:</strong></span> <span class='ocrx_word' id='word_1_847' title='bbox 478 5426 632 5482; x_wconf 79' lang='lat' dir='ltr'><strong>Multi</strong></span> <span class='ocrx_word' id='word_1_848' title='bbox 667 5426 731 5482; x_wconf 86' lang='lat' dir='ltr'><strong>de</strong></span> <span class='ocrx_word' id='word_1_849' title='bbox 766 5427 847 5481; x_wconf 79' lang='lat' dir='ltr'><strong>Itis</strong></span> <span class='ocrx_word' id='word_1_850' title='bbox 880 5425 969 5496; x_wconf 84' lang='lat' dir='ltr'><strong>qui</strong></span> <span class='ocrx_word' id='word_1_851' title='bbox 1001 5422 1267 5477; x_wconf 85' lang='lat' dir='ltr'><strong>dormiunt</strong></span> <span class='ocrx_word' id='word_1_852' title='bbox 1302 5421 1358 5473; x_wconf 85' lang='lat' dir='ltr'><strong>in</strong></span> <span class='ocrx_word' id='word_1_853' title='bbox 1394 5426 1547 5472; x_wconf 68' lang='lat' dir='ltr'><strong>terra:</strong></span> <span class='ocrx_word' id='word_1_854' title='bbox 1580 5413 1791 5488; x_wconf 82' lang='lat' dir='ltr'><strong>pulvere</strong></span> 
     </span>
    </p>
   </div>
   <div class='ocr_carea' id='block_1_110' title="bbox 1888 5230 3482 5317">
    <p class='ocr_par' dir='ltr' id='par_1_110' title="bbox 1888 5230 3482 5317">
     <span class='ocr_line' id='line_1_111' title="bbox 1888 5230 3482 5317; baseline -0.014 -13"><span class='ocrx_word' id='word_1_855' title='bbox 1888 5258 1981 5304; x_wconf 90' lang='lat' dir='ltr'><strong>aut</strong></span> <span class='ocrx_word' id='word_1_856' title='bbox 2022 5246 2251 5317; x_wconf 89' lang='lat' dir='ltr'><strong>quadam</strong></span> <span class='ocrx_word' id='word_1_857' title='bbox 2299 5241 2587 5298; x_wconf 89' lang='lat' dir='ltr'><strong>occasione</strong></span> <span class='ocrx_word' id='word_1_858' title='bbox 2627 5239 2682 5293; x_wconf 88' lang='lat' dir='ltr'><strong>in</strong></span> <span class='ocrx_word' id='word_1_859' title='bbox 2724 5236 2950 5293; x_wconf 84' lang='lat' dir='ltr'><strong>dicendo</strong></span> <span class='ocrx_word' id='word_1_860' title='bbox 2993 5230 3482 5305; x_wconf 64' lang='lat' dir='ltr'><strong>praetermittuntnr</strong></span> 
     </span>
    </p>
   </div>
   <div class='ocr_carea' id='block_1_111' title="bbox 1889 5321 3487 5411">
    <p class='ocr_par' dir='ltr' id='par_1_111' title="bbox 1889 5321 3487 5411">
     <span class='ocr_line' id='line_1_112' title="bbox 1889 5321 3487 5411; baseline -0.015 -14"><span class='ocrx_word' id='word_1_861' title='bbox 1889 5356 2009 5411; x_wconf 65' lang='lat' dir='ltr'><strong>qua:</strong></span> <span class='ocrx_word' id='word_1_862' title='bbox 2038 5339 2094 5394; x_wconf 91' lang='lat' dir='ltr'><strong>in</strong></span> <span class='ocrx_word' id='word_1_863' title='bbox 2122 5335 2389 5395; x_wconf 89' lang='lat' dir='ltr'><strong>credendo</strong></span> <span class='ocrx_word' id='word_1_864' title='bbox 2418 5332 2650 5388; x_wconf 89' lang='lat' dir='ltr'><strong>ﬁrmiter</strong></span> <span class='ocrx_word' id='word_1_865' title='bbox 2677 5338 2959 5395; x_wconf 67' lang='lat' dir='ltr'><strong>tenentur;</strong></span> <span class='ocrx_word' id='word_1_866' title='bbox 3004 5325 3096 5381; x_wconf 89' lang='lat' dir='ltr'><strong>sed</strong></span> <span class='ocrx_word' id='word_1_867' title='bbox 3127 5323 3253 5394; x_wconf 88' lang='lat' dir='ltr'><strong>quia</strong></span> <span class='ocrx_word' id='word_1_868' title='bbox 3293 5321 3349 5377; x_wconf 91' lang='lat' dir='ltr'><strong>in</strong></span> <span class='ocrx_word' id='word_1_869' title='bbox 3388 5335 3487 5375; x_wconf 83' lang='lat' dir='ltr'><strong>ea-</strong></span> 
     </span>
    </p>
   </div>
   <div class='ocr_carea' id='block_1_112' title="bbox 1889 5416 3483 5498">
    <p class='ocr_par' dir='ltr' id='par_1_112' title="bbox 1889 5416 3483 5498">
     <span class='ocr_line' id='line_1_113' title="bbox 1889 5416 3483 5498; baseline -0.014 -7"><span class='ocrx_word' id='word_1_870' title='bbox 1889 5451 2012 5491; x_wconf 88' lang='lat' dir='ltr'><strong>rum</strong></span> <span class='ocrx_word' id='word_1_871' title='bbox 2036 5435 2155 5489; x_wconf 90' lang='lat' dir='ltr'><strong>loco</strong></span> <span class='ocrx_word' id='word_1_872' title='bbox 2190 5432 2246 5488; x_wconf 91' lang='lat' dir='ltr'><strong>id</strong></span> <span class='ocrx_word' id='word_1_873' title='bbox 2281 5428 2465 5484; x_wconf 86' lang='lat' dir='ltr'><strong>intulit</strong></span> <span class='ocrx_word' id='word_1_874' title='bbox 2495 5426 2639 5498; x_wconf 88' lang='lat' dir='ltr'><strong>quod</strong></span> <span class='ocrx_word' id='word_1_875' title='bbox 2668 5443 2698 5483; x_wconf 91' lang='lat' dir='ltr'><strong>a</strong></span> <span class='ocrx_word' id='word_1_876' title='bbox 2734 5423 2880 5480; x_wconf 89' lang='lat' dir='ltr'><strong>nullo</strong></span> <span class='ocrx_word' id='word_1_877' title='bbox 2915 5428 3229 5480; x_wconf 83' lang='lat' dir='ltr'><strong>sanctorum</strong></span> <span class='ocrx_word' id='word_1_878' title='bbox 3258 5416 3483 5473; x_wconf 84' lang='lat' dir='ltr'><strong>Patrum</strong></span> 
     </span>
    </p>
   </div>
   <div class='ocr_carea' id='block_1_113' title="bbox 1891 5584 3488 5681">
    <p class='ocr_par' dir='ltr' id='par_1_113' title="bbox 1891 5584 3488 5681">
     <span class='ocr_line' id='line_1_114' title="bbox 1891 5584 3488 5681; baseline -0.014 -9"><span class='ocrx_word' id='word_1_879' title='bbox 1891 5616 2085 5671; x_wconf 86' lang='lat' dir='ltr'><strong>Patres</strong></span> <span class='ocrx_word' id='word_1_880' title='bbox 2122 5612 2297 5669; x_wconf 82' lang='lat' dir='ltr'><strong>solent</strong></span> <span class='ocrx_word' id='word_1_881' title='bbox 2345 5584 2558 5681; x_wconf 80' lang='lat' dir='ltr'><strong>tempus</strong></span> <span class='ocrx_word' id='word_1_882' title='bbox 2601 5622 2866 5681; x_wconf 84' lang='lat' dir='ltr'><strong>vernum,</strong></span> <span class='ocrx_word' id='word_1_883' title='bbox 2914 5620 3047 5681; x_wconf 80' lang='lat' dir='ltr'><strong>cum</strong></span> <span class='ocrx_word' id='word_1_884' title='bbox 3079 5601 3302 5659; x_wconf 89' lang='lat' dir='ltr'><strong>arbores</strong></span> <span class='ocrx_word' id='word_1_885' title='bbox 3348 5594 3488 5652; x_wconf 86' lang='lat' dir='ltr'><strong>inci-</strong></span> 
     </span>
    </p>
   </div>
   <div class='ocr_carea' id='block_1_114' title="bbox 1895 5677 3484 5760">
    <p class='ocr_par' dir='ltr' id='par_1_114' title="bbox 1895 5677 3484 5760">
     <span class='ocr_line' id='line_1_115' title="bbox 1895 5677 3484 5760; baseline -0.013 -16"><span class='ocrx_word' id='word_1_886' title='bbox 1895 5690 2053 5760; x_wconf 85' lang='lat' dir='ltr'><strong>piunt.</strong></span> <span class='ocrx_word' id='word_1_887' title='bbox 2075 5686 2427 5751; x_wconf 78' lang='lat' dir='ltr'><strong>revirescere,</strong></span> <span class='ocrx_word' id='word_1_888' title='bbox 2456 5677 2846 5739; x_wconf 76' lang='lat' dir='ltr'><strong>resurrectioui</strong></span> <span class='ocrx_word' id='word_1_889' title='bbox 2875 5677 3057 5737; x_wconf 88' lang='lat' dir='ltr'><strong>carnis</strong></span> <span class='ocrx_word' id='word_1_890' title='bbox 3105 5680 3484 5733; x_wconf 58' lang='lat' dir='ltr'><strong>nostratcom-</strong></span> 
     </span>
    </p>
   </div>
   <div class='ocr_carea' id='block_1_115' title="bbox 1893 5773 2108 5834">
    <p class='ocr_par' dir='ltr' id='par_1_115' title="bbox 1893 5773 2108 5834">
     <span class='ocr_line' id='line_1_116' title="bbox 1893 5773 2108 5834; baseline -0.023 -16"><span class='ocrx_word' id='word_1_891' title='bbox 1893 5773 2108 5834; x_wconf 87' lang='lat' dir='ltr'><strong>parare.</strong></span> 
     </span>
    </p>
   </div>
   <div class='ocr_carea' id='block_1_116' title="bbox 260 5618 1792 5700">
    <p class='ocr_par' dir='ltr' id='par_1_116' title="bbox 260 5618 1792 5700">
     <span class='ocr_line' id='line_1_117' title="bbox 260 5618 1792 5700; baseline -0.012 -15"><span class='ocrx_word' id='word_1_892' title='bbox 260 5644 293 5672; x_wconf 73' lang='grc' dir='ltr'>ι</span> <span class='ocrx_word' id='word_1_893' title='bbox 320 5625 578 5700; x_wconf 81' lang='lat' dir='ltr'><strong>Nunquid</strong></span> <span class='ocrx_word' id='word_1_894' title='bbox 608 5626 984 5700; x_wconf 20' lang='lat' dir='ltr'><strong>lignumhhab‘et</strong></span> <span class='ocrx_word' id='word_1_895' title='bbox 1013 5638 1153 5700; x_wconf 81' lang='lat' dir='ltr'><strong>spem</strong></span> <span class='ocrx_word' id='word_1_896' title='bbox 1182 5618 1544 5700; x_wconf 75' lang='lat' dir='ltr'><strong>revirescendi,</strong></span> <span class='ocrx_word' id='word_1_897' title='bbox 1569 5624 1617 5670; x_wconf 89' lang='lat' dir='ltr'><strong>et</strong></span> <span class='ocrx_word' id='word_1_898' title='bbox 1637 5618 1792 5700; x_wconf 54' lang='lat' dir='ltr'><strong>{conto</strong></span> 
     </span>
    </p>
   </div>
   <div class='ocr_carea' id='block_1_117' title="bbox 178 5689 1795 5771">
    <p class='ocr_par' dir='ltr' id='par_1_117' title="bbox 178 5689 1795 5771">
     <span class='ocr_line' id='line_1_118' title="bbox 178 5689 1795 5771; baseline -0.011 -13"><span class='ocrx_word' id='word_1_899' title='bbox 178 5720 300 5761; x_wconf 85' lang='lat' dir='ltr'><strong>non</strong></span> <span class='ocrx_word' id='word_1_900' title='bbox 338 5689 496 5755; x_wconf 71' lang='lat' dir='ltr'><strong>habet</strong></span> <span class='ocrx_word' id='word_1_901' title='bbox 535 5689 878 5771; x_wconf 58' lang='lat' dir='ltr'><strong>&quot;surgendi?</strong></span> <span class='ocrx_word' id='word_1_902' title='bbox 921 5689 1301 5771; x_wconf 67' lang='lat' dir='ltr'><strong>Restituimus,</strong></span> <span class='ocrx_word' id='word_1_903' title='bbox 1332 5689 1702 5771; x_wconf 71' lang='lat' dir='ltr'><strong>revirescendi,</strong></span> <span class='ocrx_word' id='word_1_904' title='bbox 1726 5693 1795 5771; x_wconf 63' lang='lat' dir='ltr'><strong>ut</strong></span> 
     </span>
    </p>
   </div>
   <div class='ocr_carea' id='block_1_118' title="bbox 177 5758 1793 5851">
    <p class='ocr_par' dir='ltr' id='par_1_118' title="bbox 177 5758 1793 5851">
     <span class='ocr_line' id='line_1_119' title="bbox 177 5758 1793 5851; baseline -0.012 -18"><span class='ocrx_word' id='word_1_905' title='bbox 177 5758 537 5851; x_wconf 71' lang='lat' dir='ltr'><strong>comparatio</strong></span> <span class='ocrx_word' id='word_1_906' title='bbox 564 5771 668 5851; x_wconf 85' lang='lat' dir='ltr'><strong>sibi</strong></span> <span class='ocrx_word' id='word_1_907' title='bbox 685 5758 942 5851; x_wconf 54' lang='lat' dir='ltr'><strong>constet.</strong></span> <span class='ocrx_word' id='word_1_908' title='bbox 975 5764 1376 5851; x_wconf 76' lang='lat' dir='ltr'><strong>consolationis</strong></span> <span class='ocrx_word' id='word_1_909' title='bbox 1397 5762 1582 5851; x_wconf 46' lang='lat' dir='ltr'><strong>&quot;plena</strong></span> <span class='ocrx_word' id='word_1_910' title='bbox 1595 5758 1793 5851; x_wconf 59' lang='lat' dir='ltr'><strong>medi:</strong></span> 
     </span>
    </p>
   </div>
   <div class='ocr_carea' id='block_1_119' title="bbox 178 5833 1796 5914">
    <p class='ocr_par' dir='ltr' id='par_1_119' title="bbox 178 5833 1796 5914">
     <span class='ocr_line' id='line_1_120' title="bbox 178 5833 1796 5914; baseline -0.014 -6"><span class='ocrx_word' id='word_1_911' title='bbox 178 5833 341 5907; x_wconf 56' lang='lat' dir='ltr'><strong>tatio&#39;</strong></span> <span class='ocrx_word' id='word_1_912' title='bbox 373 5851 430 5901; x_wconf 89' lang='lat' dir='ltr'><strong>et</strong></span> <span class='ocrx_word' id='word_1_913' title='bbox 465 5844 695 5902; x_wconf 84' lang='lat' dir='ltr'><strong>ﬁdentes</strong></span> <span class='ocrx_word' id='word_1_914' title='bbox 730 5842 790 5901; x_wconf 84' lang='lat' dir='ltr'><strong>in</strong></span> <span class='ocrx_word' id='word_1_915' title='bbox 822 5850 919 5914; x_wconf 87' lang='lat' dir='ltr'><strong>spe</strong></span> <span class='ocrx_word' id='word_1_916' title='bbox 945 5838 1250 5899; x_wconf 84' lang='lat' dir='ltr'><strong>certissima</strong></span> <span class='ocrx_word' id='word_1_917' title='bbox 1289 5833 1637 5898; x_wconf 89' lang='lat' dir='ltr'><strong>conﬁrmans,</strong></span> <span class='ocrx_word' id='word_1_918' title='bbox 1686 5841 1796 5903; x_wconf 83' lang='lat' dir='ltr'><strong>qua</strong></span> 
     </span>
    </p>
   </div>
  </div>
