4016 6292
542 307 683 365 1127

1445 301 1507 360 Β.
1543 300 1794 360 CAROLI
1825 299 2041 359 MAGNI
2077 300 2229 359 OPP.
2268 300 2448 358 PARS
2482 302 2547 359 ll.
2590 300 2829 359 SECTIO
2862 300 2947 369 11.!

3663 308 3789 368 H98

541 398 606 481 in.
636 419 760 477 ﬁdei
787 415 1141 490 promissione
1168 413 1374 471 illatum
1409 413 1576 471 fuisse
1609 415 1878 486 perlegit:
1912 430 2038 486 quia
2064 423 2121 471 et
2145 417 2202 477 Δ
2224 415 2497 471 tummodo
2534 416 2841 472 somniavit.
2880 415 2957 469 Ita
2988 413 3133 471 enim
3164 428 3392 472 exorsus
3423 423 3509 473 est
3545 433 3561 471 :
3604 437 3625 471 ι
3669 418 3792 477 Con.

541 515 699 572 miles
722 512 815 583 qui
844 510 1110 582 quondam
1134 507 1419 579 pugnavit,
1448 514 1542 562 aut
1565 509 1885 579 quandoque
1916 520 2120 577 pugna-

542 616 700 664 turus
723 612 826 672 est,
870 618 974 660 non
1017 602 1137 658 ideo
1175 601 1421 672 arguitur
1454 599 1500 656 si
1542 603 1611 657 ad
1639 608 1852 669 tempus
1890 614 1996 655 non
2023 614 2124 669 pu-

542 710 688 775 gnet,
716 699 811 756 sed
835 697 882 754 si
913 695 1039 766 fuga
1069 694 1253 763 lapsus
1282 701 1338 748 et
1371 707 1526 749 suam
1554 692 1892 749 nobilitatem
1917 692 2124 763 ignobi-

541 793 678 859 litet,
704 799 760 847 et
781 791 1047 847 sociomm
1068 787 1210 842 vires
1239 785 1418 841 inutili
1443 785 1687 856 exemplo
1708 793 1948 842 enervet.
1978 784 2125 839 Dixit

542 885 687 942 enim
726 879 985 953 praefatus
1021 878 1322 948 episcopus,
1376 885 1663 949 postquam
1700 877 1992 950 imaginum
2030 876 2145 962 ιιό-⁸

541 975 836 1032 orationem
861 978 915 1027 et
938 968 1325 1026 osculationem
1354 969 1494 1024 inter
1516 968 1691 1038 prima
1715 983 1827 1023 suae
1851 966 1975 1023 ﬁdei
1997 983 2120 1023 mu-

540 1069 782 1126 nimenta
826 1065 1003 1122 fassus
1043 1071 1168 1120 est:
1209 1082 1228 1114 ι
1262 1063 1422 1119 ﬁdem
1462 1077 1520 1118 se
1560 1062 1762 1118 habere
1799 1060 2124 1132 participare

541 1158 650 1215 illis
675 1156 1118 1214 sanctificatione.
1149 1172 1168 1206 ι
1199 1152 1309 1209 Nec
1330 1152 1599 1208 immerito
1624 1152 1786 1206 rebus
1812 1148 2121 1217 insensatis,

541 1258 738 1315 etnon
771 1224 947 1303 solum
973 1244 1399 1301 sanctiﬁcatione
1433 1244 1528 1299 sed
1559 1244 1727 1299 etiam
1760 1243 1869 1296 vita
1898 1241 2125 1297 carenti-

539 1341 661 1406 bus,
687 1337 1012 1409 participare
1031 1336 1241 1407 dignus,
1264 1335 1357 1405 qui
1377 1342 1496 1405 post
1513 1332 1906 1389 confessionem
1925 1340 2124 1388 sanctae

542 1440 597 1488 et
621 1431 793 1487 unicae
816 1429 1098 1485 Trinitatis
1124 1429 1179 1483 in
1207 1427 1403 1482 talibus
1430 1427 1619 1482 nzeniis
1652 1426 1810 1483 ﬁdem
1838 1442 1896 1482 se
1925 1427 2125 1481 habere

541 1523 696 1589 dixit,
739 1529 794 1578 et
833 1536 896 1576 ea
932 1536 1053 1590 qua:
1094 1519 1235 1574 inter
1272 1518 1446 1590 prima
1485 1517 1809 1574 Christianae
1848 1516 2125 1587 religionis

542 1612 867 1668 charismata
896 1609 1260 1666 enumeranda
1288 1616 1442 1674 sunt,
1475 1609 1847 1665 remissionem
1877 1608 2127 1665 videlicet

539 1712 907 1777 peccatorum,
950 1702 1129 1759 carnis
1167 1701 1619 1758 resurrectionem
1657 1710 1712 1757 et
1749 1703 1918 1757 vitam
1957 1700 2125 1757 futuri

2223 505 2381 561 ﬁteor
2412 513 2465 561 et
2496 506 2770 575 promitto,
2802 514 2858 560 et
2893 504 3146 574 suscipio,
3184 514 3239 560 et
3275 505 3512 573 osculor,
3552 514 3611 561 et
3646 510 3794 567 adoro

2222 595 2501 667 imagines.
2533 616 2552 650 ι
2580 596 2624 653 0
2649 598 2785 651 mira
2810 594 3079 651 confessio
3106 596 3372 666 episcopi!
3406 594 3451 651 0
3478 597 3708 666 pulchra
3728 602 3796 656 di.

2224 687 2332 742 ctio
2358 688 2681 743 sacerdotis!
2714 686 2759 743 0
2788 687 3052 743 laudanda
3087 687 3298 743 devotio
3329 689 3612 757 prtesulis!
3649 689 3797 746 Tacet

2225 776 2615 834 confessionem
2663 777 3125 834 excellentissime
3175 777 3504 847 maiestatis,
3561 787 3622 833 et
3671 780 3798 837 inso-

2225 877 2321 924 nat
2352 868 2742 926 confessionem
2775 868 3210 924 insolentissimze
3245 869 3526 925 vanitatis.
3571 870 3660 925 Ab
3702 870 3799 939 ejus

2228 960 2562 1018 confessione
2580 961 2773 1031 pedem
2815 960 3045 1017 retrahit
3071 961 3163 1030 qui
3192 960 3344 1023 dixit,
3375 959 3565 1015 Omnis
3594 964 3691 1033 qui
3731 981 3799 1018 me

2225 1056 2489 1127 confessus
2528 1055 2684 1125 fuerit
2731 1070 2908 1108 coram
2943 1052 3257 1119 hominibus,
3299 1053 3595 1122 conﬁtebor
3630 1063 3683 1107 et
3724 1072 3799 1125 ego

2224 1166 2341 1204 eum
2384 1164 2561 1203 coram
2604 1146 2764 1201 Patre
2790 1161 2903 1199 meo
2924 1145 3014 1215 qui
3043 1153 3118 1198 est
3172 1144 3229 1197 in
3278 1142 3422 1197 cali:
3464 1143 3694 1215 (Matth.
3743 1161 3794 1209 ις

2225 1239 2353 1294 Luc.
2385 1237 2484 1311 xu)
2531 1245 2587 1293 et
2611 1238 2664 1291 in
2698 1236 2989 1306 imaginum
3013 1234 3406 1290 confessionem
3428 1236 3562 1291 totis
3584 1251 3650 1290 se
3674 1251 3803 1306 gres-

2225 1329 2375 1384 sibus
2399 1327 2580 1384 infert.
2616 1327 2782 1382 Tacet
2808 1326 2950 1396 quod
2977 1334 3033 1381 et
3081 1326 3169 1381 ille
3216 1324 3371 1380 fateri
3394 1334 3451 1381 et
3497 1334 3732 1381 caeteros
3756 1336 3803 1382 ut

2225 1420 2523 1475 faterentur
2544 1419 2728 1475 debuit
2755 1418 2961 1474 hortari
2971 1441 2996 1483 ,-
3009 1425 3063 1473 et
3105 1417 3281 1474 fassus
3304 1426 3386 1473 est
3409 1418 3558 1488 quod
3603 1434 3707 1474 nec
3734 1419 3804 1475 ille

2224 1512 2382 1568 fateri
2406 1521 2462 1568 et
2482 1528 2551 1568 ne
2577 1512 2760 1568 casteri
2786 1511 3089 1568 faterentur
3108 1511 3293 1567 debuit
3317 1511 3615 1579 reluctari;
3650 1521 3704 1568 et
3727 1515 3801 1583 qui

2225 1619 2494 1675 opponere
2527 1620 2741 1659 murum
2768 1619 2869 1673 pro
2892 1604 3051 1659 domo
3093 1602 3258 1658 Israel
3281 1602 3469 1659 debuit
3488 1611 3547 1659 et
3575 1611 3728 1659 stare
3758 1604 3802 1659 in

2224 1695 2412 1764 proelio
2427 1694 2482 1748 in
2502 1694 2588 1749 die
2609 1694 2842 1758 Domini,
2869 1693 2984 1763 ipse
3003 1693 3071 1748 ad
3092 1692 3378 1748 deditionis
3399 1693 3663 1758 dedecus,
3683 1694 3799 1763 proh

541 1794 724 1852 saeculi
772 1794 1036 1851 desidiose
1080 1793 1448 1864 praetermisit.
1500 1793 1630 1849 Esto
1683 1793 1944 1865 denique,
1992 1794 2125 1850 utile
2153 1778 2203 1840 B
2229 1786 2409 1843 dolor!
2442 1794 2630 1856 sponte
2661 1786 2956 1852 dilabitur;
2981 1783 3108 1856 quia
3155 1783 3405 1840 videlicet
3433 1785 3529 1854 qui
3552 1785 3739 1840 debuit
3776 1801 3802 1839 ι

542 1886 795 1957 quiddam
821 1893 906 1941 est
943 1884 1206 1956 imagines
1245 1883 1492 1950 adorare,
1532 1883 1656 1955 quid
1681 1884 1936 1940 adimitur
1967 1884 2125 1941 Chri-

542 1979 730 2035 stiana:
778 1977 1023 2049 religioni
1072 1977 1117 2032 si
1162 1976 1305 2031 inter
1349 1975 1554 2045 primas
1595 1975 1720 2031 ﬁdei
1752 1970 2126 2046 professiones

541 2070 684 2126 illius
707 2085 920 2142 quoque
947 2069 1028 2125 rei
1062 2067 1327 2139 professio
1362 2066 1468 2123 nun
1497 2069 1671 2134 detur,
1711 2084 1836 2124 cum
1870 2069 2126 2140 pleraque

541 2159 650 2216 sint
672 2176 792 2231 quae
818 2160 961 2215 inter
983 2167 1208 2215 caeteras
1236 2157 1615 2214 ecclesiasticae
1636 2158 1993 2215 institutionis
2016 2168 2129 2214 tra-

540 2246 772 2308 ditiones
797 2250 1042 2306 ﬁdelibus
1083 2248 1282 2305 tradita
1320 2259 1465 2316 sunt,
1510 2267 1740 2321 quorum
1760 2253 1863 2307 etsi
1904 2251 1962 2307 in
2002 2248 2127 2307 ﬁdei

539 2341 875 2399 confessione
893 2342 1158 2412 professio
1180 2351 1404 2407 tacetur,
1427 2343 1562 2398 nihil
1582 2351 1762 2401 tamen
1785 2344 1906 2400 ideo
1925 2352 2126 2400 sancta:

540 2433 786 2504 religioni
810 2434 1100 2489 adimitur?
1134 2435 1243 2491 Aut
1271 2436 1328 2490 in
1353 2452 1463 2517 quo
1481 2435 1827 2506 praejudicat,
1869 2438 1915 2493 si
1940 2452 2127 2492 earum

541 2525 784 2581 adoratio
804 2532 1067 2591 taceatur,
1092 2526 1217 2583 ﬁdei
1239 2528 1565 2599 integritati,
1592 2544 1715 2584 cum
1738 2544 1769 2583 a
1805 2529 2005 2584 sanctis
2026 2528 2129 2583 Pa-

538 2615 715 2672 tribus
744 2617 971 2672 inhibita
997 2619 1176 2689 potius
1200 2634 1365 2688 quam
1395 2618 1641 2674 instituta
1681 2603 1953 2676 credatur.
2010 2620 2128 2674 Non

538 2707 685 2762 enim
722 2722 787 2763 eo
827 2709 987 2765 modo
1034 2708 1349 2780 pracjudicat
1398 2710 1783 2780 praetermissio
1833 2709 2127 2780 imaginum

539 2800 872 2857 adorationis
899 2818 1067 2857 sacra:
1099 2802 1221 2858 ﬁdei
1252 2802 1498 2874 puritati,
1540 2818 1661 2873 qua:
1704 2802 1989 2857 interdicta
2031 2816 2129 2871 po-

537 2891 647 2946 tius
688 2907 851 2961 quam
887 2892 1132 2947 instituta
1161 2900 1262 2958 est,
1308 2893 1447 2947 sicut
1487 2891 1839 2961 praajudicant
1880 2891 2128 2947 remissio

537 2991 906 3053 peccatorum,
938 2985 1119 3040 carnis
1153 2986 1484 3041 resurrectio
1509 2993 1565 3040 et
1598 2985 1708 3039 vita
1743 2984 1911 3039 futuri
1946 2983 2125 3040 seaculi

538 3071 585 3126 si
612 3072 668 3125 in
697 3072 1035 3129 confessione
1072 3074 1579 3143 prmtermittantur,
1617 3090 1737 3144 qua:
1761 3075 1948 3143 utique
1982 3081 2036 3128 et
2069 3074 2122 3128 in

540 3161 781 3216 omnium
805 3161 1209 3233 Scripturarum
1238 3173 1544 3221 sanctarum
1573 3166 1714 3220 serie
1742 3166 2122 3235 praedicantur,

539 3260 624 3319 et,
650 3261 709 3309 ut
733 3254 941 3325 praefati
970 3272 1175 3324 sumus,
1205 3259 1273 3313 ab
1303 3259 1560 3329 apostolis
1589 3260 1645 3314 in
1677 3259 1919 3331 symbolo
1947 3260 2129 3316 lauda-

538 3344 633 3400 bili
663 3346 928 3404 brevitate
953 3343 1210 3405 connexa:
1239 3358 1509 3405 tenentur.

1145 3442 1373 3499 CAPUT
1415 3444 1522 3499 VII.

537 3525 717 3605 De_eo
767 3531 904 3600 quod
956 3530 1276 3588 Theodosius
1317 3534 1504 3605 Amori
1557 3535 1824 3605 episcopus
1872 3535 2126 3590 desidiose

608 3598 983 3671 ﬁdem'sancta:
1022 3613 1069 3655 et
1112 3605 1279 3658 unica:
1313 3598 1595 3658 Trinitatis
1618 3598 1870 3671 tacuerit,
1900 3606 1964 3659 de
1993 3608 2126 3659 ima-

608 3669 813 3738 ginibus
844 3688 960 3726 vero
986 3673 1195 3727 incaute
1222 3683 1270 3727 et
1296 3675 1712 3729 extraordinario
1732 3669 1923 3731 dixerit
1951 3694 1962 3729 :
1987 3676 2126 3730 Con-

609 3738 766 3819 ﬁteor
787 3748 841 3795 et
859 3743 1137 3811 promitto,
1169 3752 1224 3799 et
1250 3744 1511 3819 suscipio,
1535 3754 1589 3799 et
1617 3746 1853 3819 osculor,
1879 3755 1931 3801 et
1960 3748 2124 3819 adoro

607 3811 895 3880 imagines;
934 3823 981 3865 et
1018 3824 1132 3884 post
1168 3831 1337 3884 pauca
1362 3811 1514 3882 {Qui
1556 3832 1661 3871 non
1701 3816 1975 3872 instruunt
2003 3818 2124 3871 dili-

609 3890 797 3948 genter
823 3897 1040 3956 omnem
1066 3885 1280 3939 Christo
1316 3885 1569 3940 dilectum
1605 3886 1857 3956 populum
1895 3889 2125 3944 adorare

607 3956 663 4002 et
683 3952 927 4028 venerari
950 3967 1132 4028 sacras
1153 3964 1207 4008 et
1229 3956 1570 4028 liouorandas
1597 3952 1857 4028 imagines
1880 3959 2120 4014 omnium

606 4026 915 4074 sanctorum
936 4022 1027 4090 qui
1054 4039 1085 4076 a
1105 4025 1299 4080 saeculo
1321 4025 1430 4081 Deo
1451 4022 1790 4094 placuerunt,
1811 4030 2116 4084 anathema.

609 4107 865 4163 Basiliam
896 4110 1143 4168 Anchirae
1166 4115 1476 4186 episcopum
1502 4117 1559 4170 in
1584 4117 1861 4186 superiore
1886 4119 2120 4187 capitulo

509 4192 870 4270 ’arguendum
892 4213 1040 4259 recte
1059 4210 1413 4276 ostendimus,
1439 4226 1504 4267 eo
1523 4212 1667 4281 quod
1691 4228 1801 4268 suae
1830 4213 1952 4268 ﬁdei
1970 4213 2117 4283 jacto

534 4291 844 4351 fundamine
882 4296 937 4350 in
975 4298 1202 4356 aediﬁcio
1242 4310 1351 4357 tam
1391 4303 1702 4360 excellentis
1745 4307 1988 4379 mysterii
2029 4323 2117 4364 res

534 4384 689 4440 valde
725 4389 1061 4445 necessarias
1098 4393 1524 4462 supermdiﬁcare
1558 4397 1871 4469 neglexerit,
1908 4405 1963 4454 et
1997 4398 2113 4455 vice

534 4487 721 4529 earum
767 4490 856 4532 res
896 4479 964 4533 ab
1004 4481 1151 4535 omni
1197 4483 1410 4552 penitus
1455 4486 1725 4558 religionis
1766 4487 1971 4545 fabrica
2018 4490 2115 4545 ab-

532 4564 772 4621 nuendas
811 4569 1237 4638 supertediﬁcare
1271 4574 1421 4631 nisus
1455 4576 1526 4632 sit
1564 4595 1577 4631 :
1616 4577 1671 4632 in
1699 4580 1954 4648 praesenti
1986 4595 2115 4638 vero

533 4653 889 4715 Theodosium
923 4661 1108 4718 Amori
1138 4666 1447 4737 episcopum
1469 4671 1667 4726 rectius
1692 4676 2111 4742 competentius-

530 4760 636 4816 que
671 4754 1000 4820 arguendum
1033 4759 1389 4827 decernimus,
1416 4761 1530 4831 qui,
1570 4762 1715 4818 nullo
1754 4780 1864 4820 sua:
1898 4765 2022 4822 ﬁdei
2058 4767 2115 4823 in

529 4837 753 4907 praefata
783 4845 987 4914 synodo
1011 4849 1186 4916 posito
1216 4849 1582 4918 fundamento,
1626 4869 1713 4909 res
1750 4862 1957 4911 tantum
1996 4857 2112 4912 ina-

528 4944 626 4999 nes
674 4939 728 4986 et
770 4935 975 4991 ratione
1018 4940 1255 4997 seclusas
1299 4944 1530 4999 inaniter
1575 4952 1629 5000 et
1670 4946 2111 5005 irrationabiliter

522 5020 796 5111 aediﬁcare
839 5028 1022 5096 coepit.
1054 5030 1111 5083 In
1154 5032 1297 5088 illius
1338 5037 1481 5090 enim
1518 5036 1744 5093 aediﬁcio
1786 5038 1832 5094 si
1871 5040 1927 5096 id
1967 5042 2111 5111 quod

529 5109 764 5203 inaniter
807 5119 1040 5173 surrexit
1086 5121 1386 5193 dejiciatur,
1436 5128 1625 5183 saltem
1673 5130 1728 5186 id
1781 5134 1924 5203 quod
1972 5109 2109 5190 bene

528 5198 809 5259 fundatum
851 5216 934 5263 est
982 5215 1312 5282 remanebit;
1371 5218 1426 5272 in
1474 5219 1629 5279 istius
1672 5198 1814 5281 vero.
1849 5225 1896 5281 si
1946 5241 2109 5282 omne

520 5294 668 5365 quod
701 5295 859 5388 inane
886 5309 942 5355 et
978 5301 1225 5358 frivolum
1255 5315 1339 5363 est
1366 5310 1698 5381 destituatur,
1732 5317 1810 5371 nil
1847 5318 1992 5388 quod
2022 5332 2107 5374 re-

522 5393 740 5478 maneat
764 5387 869 5441 erit
894 5407 905 5442 :
930 5391 976 5445 si
1000 5406 1129 5464 ergo
1152 5395 1228 5451 illi
1256 5407 1400 5455 recte
1421 5414 1767 5462 succensetur
1787 5387 1881 5478 qui
1903 5418 2105 5466 sanctae

519 5483 577 5532 et
615 5477 790 5569 unicae
818 5479 1097 5542 Trinitatis
1129 5488 1453 5549 confessioni
1496 5477 2107 5569 imaginumiadoratio-

519 5579 641 5663 pem
673 5567 914 5638 inseruit,
958 5577 1126 5633 multo
1158 5583 1356 5639 rectius
1398 5585 1526 5642 huic
1560 5567 1966 5647 succensebitur
2008 5594 2102 5663 qui

519 5654 664 5753 illius
691 5663 885 5718 summi
919 5673 973 5721 et
1003 5666 1286 5729 ineffabilis
1313 5676 1555 5747 mystcrii
1584 5678 1919 5738 confessione
1946 5654 2099 5753 post-

2149 3124 2196 3185 Ο

2224 1892 2390 1948 prava
2436 1876 2778 1933 confessione
2829 1884 2884 1931 et
2931 1892 2962 1929 a
3008 1875 3298 1931 ridiculoso
3339 1890 3535 1931 errore
3587 1875 3800 1930 aliorum

2224 1978 2435 2025 mentes
2464 1982 2714 2025 coercere
2746 1966 3144 2038 praedicationis
3166 1965 3366 2033 studio,
3418 1966 3541 2037 ipse
3579 1967 3797 2036 primum

2226 2060 2333 2116 illis
2354 2062 2565 2117 errandi
2589 2061 2675 2116 via
2700 2058 2933 2117 ellicitur
2954 2076 3134 2132 pravae
3155 2059 3519 2117 confessionis
3543 2062 3795 2132 exemplo.

2227 2150 2379 2219 Quod
2403 2166 2531 2207 vero
2560 2151 2978 2206 anathematizat
3021 2166 3209 2207 omnes
3233 2150 3324 2221 qui
3374 2166 3489 2206 non
3536 2151 3799 2206 instruunt

2227 2257 2439 2298 omnem
2464 2241 2680 2297 Christo
2704 2242 2957 2298 dilectum
2994 2240 3252 2312 populum
3288 2241 3525 2296 adorare
3558 2250 3615 2296 et
3655 2257 3799 2296 vene.

2227 2333 2341 2388 rari
2369 2333 2631 2403 imagines
2665 2334 2906 2388 omnium
2956 2340 3266 2388 sanctorum
3291 2333 3383 2401 qui
3414 2348 3446 2387 a
3474 2332 3680 2387 saeculo
3705 2332 3799 2386 Deo

2225 2427 2569 2500 placuerunt,
2622 2443 2783 2497 quam
2823 2425 3055 2481 absurde
3093 2441 3363 2496 quamque
3403 2426 3632 2480 incaute
3657 2435 3793 2496 agat,

2225 2520 2464 2589 prudens
2508 2519 2680 2574 lector
2717 2519 3004 2592 advertat,
3050 2518 3351 2587 praesertim
3392 2518 3489 2586 qui
3528 2519 3798 2571 anathema

2228 2611 2370 2682 quod
2400 2610 2520 2665 aliis
2536 2610 2823 2665 temeraria
2845 2609 3263 2679 praesumptione
3284 2608 3487 2663 inferre
3513 2610 3797 2671 contendit,

2227 2702 2283 2757 in
2307 2718 2366 2756 se
2389 2718 2619 2771 suosque
2639 2702 3000 2757 irreverenter
3021 2702 3310 2771 intorquet,
3330 2710 3383 2755 et
3404 2700 3577 2754 telum
3605 2716 3717 2770 quo
3736 2698 3799 2753 sui

2227 2796 2429 2851 erroris
2454 2803 2763 2850 extraneam
2781 2796 2975 2850 nititur
2999 2795 3281 2866 perfodere
3302 2805 3545 2865 partem,
3579 2795 3639 2848 in
3666 2810 3798 2849 suam

2228 2888 2531 2957 civiumque
2580 2887 2814 2943 deflectit
2855 2902 3064 2943 necem.
3109 2886 3219 2942 Nec
3265 2887 3462 2942 liberat
3516 2887 3797 2957 imaginum

2228 2982 2468 3035 adoratio
2501 2981 2569 3035 ab
2595 2980 2950 3035 anathematis
2992 2979 3332 3050 colligatione
3364 2994 3517 3043 suos,
3556 2994 3682 3049 qua:
3724 2993 3797 3031 ne-

2227 3084 2373 3132 ctere
2397 3076 2766 3131 tantummodo
2797 3076 3070 3131 nitebatur
3089 3083 3325 3129 exteros.
3369 3073 3797 3128 Anathematizat

2233 3168 2376 3223 enim
2402 3168 2492 3237 qui
2522 3183 2628 3222 non
2658 3167 2930 3222 instruunt
2953 3181 3169 3221 omnem
3197 3161 3416 3220 Christo
3433 3164 3691 3219 dilectum
3715 3178 3798 3232 po-

2229 3259 2415 3330 pulum
2445 3259 2671 3313 adorare
2712 3257 2997 3329 imagines.
3049 3256 3450 3326 Nunquidnam,
3483 3263 3541 3309 ut
3580 3264 3800 3309 caeteros

2229 3358 2459 3414 taceam,
2488 3351 2543 3405 in
2569 3351 2670 3406 sibi
2694 3352 2982 3406 commissa
3003 3350 3156 3419 plebe
3183 3365 3372 3404 omnes
3394 3349 3669 3403 instruunt
3690 3363 3797 3402 om-

2228 3457 2352 3496 nem
2391 3442 2608 3498 Christo
2647 3442 2905 3497 dilectum
2947 3443 3202 3512 populum
3243 3442 3507 3511 Imagines
3550 3442 3795 3505 adorare,

2227 3534 2319 3604 qui
2342 3549 2440 3589 nec
2465 3533 2765 3589 instruendi
2787 3535 2985 3589 habent
3012 3533 3263 3597 ollicium,
3285 3548 3385 3587 nec
3406 3534 3798 3603 praedicationis

2227 3626 2484 3696 gradum?
2513 3625 2753 3695 nunquid
2778 3633 2833 3680 et
2875 3625 2990 3694 ipse
3026 3640 3241 3679 omnem
3286 3624 3509 3679 Christo
3555 3624 3794 3679 dilectum

2224 3718 2477 3787 populum
2508 3718 2759 3772 instruit?
2796 3717 2929 3773 Cum
2956 3718 3205 3773 videlicet
3233 3732 3370 3787 pene
3400 3724 3552 3772 totus
3579 3717 3795 3771 mundus

2225 3809 2422 3865 Christi
2457 3811 2654 3880 populo
2684 3810 2876 3881 plenus
2905 3812 3015 3866 sit:
3058 3812 3312 3881 quoniam
3358 3811 3524 3866 desiit
3568 3820 3791 3866 tantum-

2223 3902 2383 3958 modo
2412 3902 2466 3956 in
2491 3901 2674 3957 Judaaa
2706 3910 2865 3958 notus
2893 3919 3013 3959 esse
3039 3904 3199 3969 Deus,
3228 3903 3321 3960 sed
3363 3904 3422 3957 in
3447 3919 3667 3959 omnem
3700 3913 3793 3958 ter-

2224 4008 2340 4047 ram
2366 3994 2533 4049 exivit
2554 4010 2718 4050 sonus
2746 3997 3146 4065 apostolorum,
3187 4006 3242 4052 et
3270 3997 3479 4067 repleta
3510 4006 3600 4052 est
3634 3994 3792 4052 omnis

2220 4090 2365 4138 terra
2398 4084 2568 4155 gloria
2598 4086 2827 4149 Domini,
2851 4094 2907 4142 et
2928 4102 3116 4143 omnes
3136 4096 3324 4159 gentes
3363 4088 3595 4143 veniunt
3621 4098 3675 4143 et
3715 4088 3792 4142 ad-

2220 4187 2379 4231 orant
2405 4180 2457 4230 in
2481 4186 2767 4246 conspectu
2784 4179 3017 4243 Domini,
3029 4178 3184 4248 juxta
3195 4179 3473 4235 Malachiae
3489 4179 3789 4235 vaticinium

2218 4265 2275 4320 in
2295 4268 2458 4322 verbo
2472 4268 2682 4322 Domini
2711 4269 2959 4335 dicentis,
2983 4270 3059 4323 Ab
3083 4280 3201 4325 ortu
3223 4270 3349 4325 solis
3375 4287 3544 4341 usque
3565 4271 3635 4324 ad
3657 4286 3791 4324 occa-

2218 4372 2334 4411 sum
2359 4373 2606 4428 magnum
2636 4366 2712 4412 est
2740 4376 2925 4414 nomen
2950 4376 3121 4414 meum
3140 4361 3196 4413 in
3223 4359 3483 4431 gentibus,
3513 4371 3562 4414 et
3587 4362 3643 4413 in
3666 4358 3789 4413 omni

2141 4481 2195 4544 υ
2219 4444 2332 4501 loco
2350 4447 2680 4516 sacriﬁcatur
2692 4457 2741 4502 et
2755 4449 2973 4518 offertur
2986 4450 3112 4503 mihi
3137 4451 3307 4503 hostia
3321 4450 3525 4503 munda
3543 4448 3784 4521 (Malm.

2219 4536 2307 4607 ii),
2335 4543 2389 4592 et
2406 4545 2591 4606 pastor
2607 4538 2887 4605 Ecclesiae,
2914 4540 3001 4595 cui
3022 4541 3077 4594 in
3103 4540 3272 4610 ﬁgura
3294 4540 3433 4596 disci
3464 4541 3784 4596 diversorum

2218 4629 2572 4684 animantium
2599 4631 2887 4701 generibus
2908 4631 3050 4702 pleni
3077 4639 3220 4687 totus
3240 4632 3389 4687 orbis
3418 4632 3656 4688 diversis
3676 4648 3785 4703 gen-

2215 4718 2363 4773 tibus
2399 4719 2589 4788 plenus
2624 4721 2694 4776 ad
2738 4722 2834 4777 Dei
2873 4722 3101 4793 gratiam
3139 4723 3412 4778 vocandus
3463 4724 3780 4785 ostenditur,

2215 4808 2345 4864 dicit
2369 4808 2466 4864 :In
2483 4812 2693 4865 veritate
2718 4813 2942 4883 comperi
2964 4829 3209 4883 quoniam
3232 4830 3337 4868 non
3358 4824 3438 4869 est
3456 4830 3782 4886 personarum

2215 4909 2452 4970 acceptor
2471 4900 2633 4967 Deus,
2663 4902 2751 4956 sed
2778 4902 2833 4955 in
2859 4904 2999 4956 omni
3014 4913 3162 4973 gente
3179 4908 3269 4974 qui
3295 4904 3442 4958 timet
3468 4921 3591 4958 eum
3611 4916 3658 4959 et
3680 4920 3782 4974 ope-

2213 5000 2363 5045 ratur
2386 4992 2674 5062 justitiam,
2702 5004 2943 5064 acceptus
2977 5003 3052 5049 est
3076 4994 3153 5048 illi
3181 4995 3320 5066 (Act.
3349 4996 3428 5067 x).
3472 4995 3612 5051 Nam
3636 4997 3679 5052 si
3711 5012 3782 5051 se-

2212 5085 2444 5140 cundum
2469 5085 2584 5154 ejus
2606 5087 3015 5143 deliramentum
3043 5091 3349 5160 quicunque
3374 5107 3487 5148 non
3518 5092 3778 5149 instruunt

2211 5192 2427 5233 omnem
2448 5177 2661 5234 Christo
2691 5180 2946 5236 dilectum
2968 5183 3246 5253 populum,
3277 5185 3628 5241 anathemate
3648 5184 3776 5257 digni

2210 5277 2355 5337 sunt,
2383 5285 2558 5341 neque
2595 5272 2709 5341 ipse
2744 5273 2908 5342 idem,
2948 5291 3122 5347 neque
3148 5278 3453 5349 coepiscopi
3495 5280 3593 5350 qui
3630 5281 3682 5333 in
3702 5293 3778 5332 ea-

2209 5371 2331 5426 dem
2357 5373 2563 5442 synodo
2597 5371 2763 5429 fuisse
2790 5377 3164 5445 perhibentur,
3203 5394 3379 5450 neque
3413 5380 3523 5436 illis
3563 5380 3776 5437 subdita:

2206 5471 2391 5542 plebes
2418 5475 2778 5531 anathematis
2798 5475 3016 5534 vinculo
3037 5495 3224 5535 carere
3246 5481 3495 5550 quibunt,
3531 5483 3659 5552 quia
3685 5480 3775 5536 etsi

2206 5575 2482 5631 instruunt
2519 5576 2747 5632 duarum
2792 5588 2886 5634 aut
2922 5580 3084 5635 trium
3132 5580 3217 5634 vel
3258 5596 3405 5637 certe
3432 5581 3774 5651 plurimarum

2203 5674 2603 5744 provinciarum
2633 5686 2835 5747 gentes.
2877 5695 2986 5735 non
3023 5687 3203 5736 tamen
3228 5695 3445 5736 omnem
3469 5680 3685 5737 Christo
3705 5680 3774 5735 di-

518 5750 714 5823 posita,
742 5754 809 5814 de
831 5756 1044 5817 illarum
1069 5762 1383 5825 adoratione
1410 5766 1609 5854 frivola
1626 5773 1810 5855 nescio
1834 5750 1965 5849 quia
1985 5784 2104 5832 tan-
2201 5777 2402 5834 lectum
2436 5776 2688 5849 populum
2712 5779 3041 5866 .instruunt,
3095 5796 3221 5838 cum
3254 5797 3353 5855 per
3395 5791 3509 5838 tam
3544 5783 3772 5851 prolixas
