4016 6292
1598 298 1704 320 ι.‹
1774 295 1941 316 ’,θ’

179 386 321 446 ι129

960 384 1138 442 LIBRI
1174 386 1514 445 CAROLINI.
1556 419 1625 430 -—
1664 388 1881 451 CAPIT.
1923 391 2010 447 DE
2046 390 2233 449 IMAG.
2275 420 2344 434 —
2377 393 2505 450 LIB.
2543 392 2626 451 III.

3287 401 3425 457 1150

177 515 402 575 tamque
423 510 607 560 vastas
640 500 819 559 mundi
851 508 1033 572 partes
1061 502 1133 559 sit
1166 504 1431 562 catholica
1475 506 1715 562 Ecclesia
1731 547 1749 572 ,
1777 514 1830 571 Α
1855 516 1961 574 tur,
1998 510 2242 565 omnium
2261 519 2442 568 tamen
2465 526 2775 570 sermonum
2796 514 2911 569 sive
2934 512 3229 571 dictionum
3257 520 3428 577 series

177 613 302 670 qum
339 596 526 668 utique
553 594 758 651 Christi
787 594 1014 651 dilectus
1037 595 1265 665 populus
1306 605 1413 665 est,
1447 597 1660 665 dill‘usa,
1696 608 1753 656 et

177 700 297 746 tam
317 703 418 760 per
455 688 762 744 inaccessas
784 694 840 742 et
873 687 1085 759 ignotas
1122 689 1368 745 nationes
1398 690 1488 757 sit,
1526 690 1752 747 Domino

176 780 470 853 largiente,
488 779 730 836 dilatata.
744 776 853 835 Aut
866 794 998 851 ergo
1010 795 1225 837 omnem
1235 780 1438 838 Christi
1458 783 1753 839 Ecclesiam

176 879 253 936 ab
279 877 491 936 oriente
527 890 699 946 usque
731 875 799 931 ad
814 875 1169 943 occidentem,
1205 893 1239 934 a
1277 881 1641 950 septentrione
1661 894 1754 935 us-

177 987 288 1044 que
321 971 389 1027 ad
423 968 705 1025 meridiem
720 1007 735 1034 ,
760 983 822 1025 se
863 983 1096 1040 suosque
1120 970 1415 1042 imaginum
1443 971 1755 1027 adoratione

174 1054 454 1123 instruere
498 1061 845 1133 perdoeebit,
881 1070 973 1116 aut
1015 1062 1309 1118 secundum
1348 1078 1459 1118 suae
1502 1062 1757 1118 vanitatis

174 1155 506 1216 sententiam
526 1168 653 1209 cum
689 1152 851 1209 sociis
873 1151 986 1209 sive
1012 1152 1240 1210 subditis
1273 1152 1602 1209 anathemati
1632 1152 1758 1208 sub-

174 1248 410 1319 iacebit:
428 1245 685 1316 quoniam
710 1242 813 1300 etsi
836 1258 1052 1300 omnem
1071 1243 1326 1314 populum
1347 1246 1615 1301 instruere
1634 1259 1758 1316 pos-

170 1345 331 1404 sent,
368 1351 477 1393 non
513 1335 679 1406 igitur
721 1334 962 1391 omnium
1008 1343 1319 1391 sanctorum
1354 1336 1447 1406 qui
1489 1351 1521 1389 a
1562 1336 1757 1393 smculo

176 1428 294 1484 Deo
339 1426 661 1497 placuerunt
709 1424 970 1497 imagines
1018 1425 1077 1481 in
1114 1440 1341 1495 quarum
1387 1426 1757 1483 adorationem

174 1517 593 1574 universitatem
635 1514 816 1587 populi
865 1516 1224 1583 instruerent,
1254 1516 1454 1572 habere
1486 1526 1753 1587 poterant,

173 1626 413 1683 quorum
434 1609 722 1666 multitudo
744 1615 894 1665 tanta
915 1617 1019 1674 est,
1040 1615 1100 1664 ut
1121 1609 1189 1665 de
1208 1607 1292 1664 bis
1318 1623 1416 1678 per
1435 1607 1759 1679 Prophetam

176 1716 249 1758 ex
275 1717 505 1773 persona
529 1699 655 1756 Filii
691 1698 762 1756 ad
784 1699 1001 1756 Patrem
1023 1699 1271 1756 dicatur:
1304 1698 1480 1754 Nimis
1514 1700 1759 1755 honorati

173 1804 301 1850 sunt
320 1795 480 1851 amici
491 1794 589 1861 tui,
613 1792 774 1861 Deus,
804 1792 960 1848 nimis
979 1792 1303 1863 confortatus
1331 1802 1407 1849 est
1433 1794 1759 1865 principatus

1858 600 2246 672 quadripertita
2271 604 2477 660 ratione
2499 604 2775 660 dividitur.
2812 603 3002 661 Omnis
3028 615 3211 664 autem
3247 622 3427 667 sermo

1859 701 1954 746 aut
1994 694 2209 763 sapiens
2230 703 2314 751 est
2343 703 2399 751 et
2422 695 2671 760 disertus,
2704 697 3027 766 autsapiens
3047 705 3102 755 et
3125 714 3237 755 non
3264 700 3431 758 diser-

1860 789 1967 848 tus,
1994 791 2088 837 aut
2111 784 2347 841 disertus
2375 794 2434 842 et
2459 802 2568 843 non
2589 787 2824 857 sapiens,
2850 796 2944 843 aut
2965 803 3067 846 nec
3089 789 3303 860 sapiens
3326 806 3427 849 nec

1860 873 2112 931 disertus.
2148 875 2376 947 Sapiens
2422 894 2553 951 ergo
2579 887 2664 936 est
2691 887 2746 935 et
2761 878 3015 948 disertus,
3050 883 3188 938 sicut
3209 883 3428 954 plurimi

1810 1038 1819 1048 .
1861 966 2163 1024 divinarum
2190 968 2593 1041 Scripturarum
2614 972 2758 1039 libri,
2785 982 2840 1031 et
2861 982 2919 1028 ut
2945 982 3170 1031 caeteros
3194 984 3427 1046 taceam,

1859 1068 1921 1115 ut
1940 1068 2023 1116 est
2046 1060 2182 1117 liber
2209 1061 2360 1118 Isaia:
2389 1064 2685 1134 prophetae,
2708 1063 2864 1133 cujus
2894 1081 3073 1122 sermo
3122 1074 3178 1124 et
3208 1070 3426 1140 sapiens

1814 1179 1825 1193 -
1857 1160 1961 1219 est,
1988 1161 2172 1225 utpote
2198 1171 2358 1226 quem
2381 1154 2612 1226 Spiritus
2658 1166 2879 1214 sanctus
2917 1160 3232 1228 dictaverit,
3271 1171 3327 1217 et
3351 1164 3431 1219 di-

1860 1252 2056 1311 sertus,
2081 1246 2209 1315 quia
2250 1246 2318 1301 ab
2344 1244 2538 1304 illustri
2575 1255 2629 1304 et
2652 1249 2860 1305 urbano
2895 1251 3014 1306 viro
3048 1251 3288 1323 prolatus
3312 1263 3429 1317 est.

1859 1332 2089 1405 Sapiens
2110 1345 2291 1392 autem
2334 1344 2389 1394 et
2437 1353 2545 1394 non
2573 1340 2838 1417 disertus,
2885 1351 2946 1397 ut
2974 1342 3191 1413 quidam
3217 1344 3273 1400 in
3301 1346 3433 1417 ipsis

1860 1423 2026 1479 etiam
2061 1425 2258 1481 divinis
2288 1414 2584 1498 Scripturis
2614 1429 2900 1486 habentur.
2921 1432 3148 1504 Sapiens
3180 1414 3433 1493 videlicet

1862 1512 1919 1568 in
1945 1516 2332 1573 sententiarum
2361 1518 3199 1585 celsitudinibus-diviniﬂaminis
3214 1537 3434 1587 nectare

1861 1604 2235 1676 promulgatis,
2264 1607 2558 1665 indisertus
2583 1625 2709 1666 vero
2733 1620 2826 1667 aut
2857 1615 3199 1686 simplicitate
3220 1628 3433 1677 sancto-

1862 1709 1984 1749 rum
2006 1696 2265 1767 virorum,
2303 1716 2334 1755 a
2379 1701 2575 1771 quibus
2598 1703 2841 1773 prolatus
2890 1717 2994 1774 est,
3029 1711 3121 1780 qui
3177 1727 3435 1769 sensuum

1861 1787 2040 1857 potius
2071 1805 2235 1859 quam
2263 1792 2552 1848 verborum
2591 1800 2965 1856 venustatibus
3000 1803 3081 1858 uti
3108 1804 3434 1873 maluemnt,

174 1902 367 1940 eorum
400 1902 422 1941 :
441 1884 783 1941 dinumerabo
810 1899 919 1951 eos,
948 1892 997 1938 et
1023 1900 1180 1955 super
1203 1900 1418 1939 arenam
1443 1883 1761 1955 multiplica-
1786 1893 1839 1959 Β
1864 1882 1957 1928 au‘
1979 1875 2353 1947 indigenarum
2382 1877 2634 1950 loquendi
2655 1898 2775 1951 US“:
2801 1882 2943 1965 ᾗιλιθι*
2965 1901 3103 1957 quos
3137 1891 3309 1945 sane“
3333 1892 3438 1948 Viri

177 1975 384 2029 buntur
423 1971 594 2046 (Psal.
650 1974 893 2043 εωιι).
943 1972 1097 2040 Quod
1152 1973 1254 2028 etsi
1298 1973 1641 2045 hyperbolice
1681 1975 1763 2030 di-

174 2075 338 2126 ctum
385 2064 477 2131 sit,
510 2070 655 2121 tanta
676 2078 861 2120 eorum
888 2062 980 2133 qui
1005 2063 1075 2120 ab
1119 2063 1272 2120 initio
1300 2064 1411 2120 Deo
1444 2065 1762 2135 placuerunt

175 2163 312 2212 sunt
341 2155 579 2227 agmina,
605 2162 668 2209 ut
699 2170 801 2211 nec
820 2154 968 2226 pingi
989 2169 1091 2211 nec
1113 2154 1440 2211 dinumerari
1459 2156 1667 2225 possint
1694 2157 1762 2213 ab

174 2244 311 2312 alio,
341 2244 449 2301 nisi
467 2245 535 2301 ab
567 2258 634 2301 eo
653 2244 709 2300 in
728 2242 881 2314 cujus
901 2243 1042 2300 libro
1062 2258 1250 2300 eorum
1277 2244 1476 2315 scripta
1494 2245 1763 2302 habentur

175 2338 425 2394 nomina.
452 2335 590 2393 Nam
613 2336 661 2392 si
680 2351 714 2391 a
737 2350 797 2392 se
820 2335 1015 2407 prolati
1039 2335 1183 2392 idem
1214 2336 1498 2409 episcopus
1532 2338 1761 2394 anathe-

175 2427 346 2483 matis
373 2425 644 2497 iacturam
670 2426 843 2483 vitare
881 2426 1048 2497 cupit,
1076 2442 1297 2484 necesse
1321 2435 1406 2483 est
1433 2435 1494 2484 ut
1520 2428 1763 2484 omnium

176 2527 500 2575 sanctorum
524 2519 618 2590 qui
638 2534 737 2589 per
765 2517 1005 2574 diversas
1040 2518 1229 2576 mundi
1276 2528 1459 2590 partes
1497 2520 1565 2577 ab
1609 2520 1765 2576 initio

176 2612 296 2668 Deo
335 2612 675 2682 placuerunt,
708 2610 968 2684 imagines
1014 2618 1070 2669 et
1116 2611 1314 2669 habeat
1356 2620 1412 2669 et
1458 2613 1674 2680 adoret;
1710 2620 1765 2669 et

176 2702 228 2759 si
268 2718 367 2758 eas
402 2717 517 2773 pra:
545 2700 888 2761 multitudine
917 2702 1001 2760 sui
1042 2703 1243 2761 habere
1288 2703 1611 2774 nequiverit,
1654 2703 1766 2760 imo

177 2792 313 2865 quia
372 2793 650 2864 nequibit,-
682 2808 716 2850 a
738 2808 800 2852 se
840 2808 972 2867 ergo
1004 2794 1218 2867 prolato
1260 2794 1591 2853 anathemati
1627 2793 1765 2853 colla

179 2884 476 2942 submittat

783 2956 1011 3016 CAPUT
1047 2956 1180 3016 VIII.

183 3048 347 3115 Quod
379 3066 509 3120 pene
536 3049 610 3122 de
629 3049 865 3122 omnium
880 3050 985 3121 ﬁde
1025 3049 1325 3121 ambigitur,
1367 3066 1485 3122 cum
1509 3049 1767 3122 Spiritum

253 3130 499 3192 sanctum
524 3120 738 3192 quidam
767 3137 801 3175 a
831 3120 991 3192 [iure
1018 3120 1242 3187 tantum,
1291 3121 1506 3192 quidam
1533 3120 1650 3176 uero
1680 3137 1767 3176 ne-

253 3208 356 3263 que
374 3208 407 3245 a
427 3190 590 3246 Patre
614 3207 779 3262 neque
796 3209 830 3247 a
850 3190 993 3246 Filio
1016 3190 1375 3262 procedentem
1394 3192 1618 3263 confessi
1641 3192 1766 3247 sint.

1864 1965 2031 2021 divini
2067 1968 2217 2025 verbi
2260 1966 2460 2025 latores
2491 1972 2601 2027 nati
2652 1982 2744 2028 aut
2785 1978 3089 2034 conversati
3131 1978 3299 2037 fuisse
3343 1997 3440 2037 no-

1862 2064 2108 2124 scuntur,
2130 2058 2271 2115 sicut
2315 2060 2381 2116 de
2418 2062 2579 2118 beato
2608 2061 2844 2121 Ieremia
2884 2066 3245 2141 Hieronymus
3286 2073 3439 2142 dicit,

1861 2149 2005 2218 quod
2028 2150 2345 2222 simplicitas
2372 2156 2638 2211 sermonis
2665 2156 2732 2212 de
2752 2158 2871 2215 loco
2896 2161 2948 2215 ei
2978 2161 3215 2219 Anatoth
3256 2166 3313 2221 in
3331 2182 3441 2238 quo
3512 2160 3519 2167 ’

1861 2250 2021 2296 natus
2047 2249 2130 2297 est
2162 2247 2471 2301 accesserit.
2513 2246 2757 2305 Disertus
2803 2266 2930 2323 ergo
2967 2261 3022 2308 et
3058 2270 3166 2311 non
3203 2258 3440 2328 sapiens,

1862 2330 2003 2386 sicut
2026 2332 2308 2403 gentilium
2346 2336 2668 2407 scriptorum
2693 2348 2794 2406 est,
2823 2343 2918 2412 qui
2946 2344 3051 2400 etsi
3070 2355 3328 2405 venustus
3355 2359 3440 2406 est

1862 2419 2221 2480 humanarum
2241 2426 2440 2483 artium
2460 2429 2781 2501 eruditione,
2818 2432 3077 2508 insipiens
3096 2446 3287 2498 tamen
3319 2449 3406 2500 est
3420 2486 3437 2511 ,

1863 2511 1991 2580 quia
2019 2521 2073 2568 et
2094 2514 2210 2570 veri
2247 2513 2347 2572 Dei
2379 2520 2571 2576 notitia
2591 2531 2648 2578 et
2672 2524 2950 2582 salutifera
2988 2538 3137 2586 caret
3185 2534 3442 2591 exhorta-

1863 2601 2032 2660 tione.
2058 2604 2155 2661 Est
2175 2615 2230 2662 et
2253 2612 2607 2679 quorumdam
2634 2615 3011 2675 haereticorum
3051 2638 3230 2680 sermo
3273 2626 3445 2683 diser-

1864 2702 1970 2763 tus,
1997 2712 2098 2754 nec
2124 2706 2307 2758 tamen
2332 2704 2566 2774 sapiens,
2593 2708 2686 2777 qui
2733 2710 2839 2765 etsi
2880 2711 3242 2771 humanorum
3288 2717 3444 2790 inge-

1864 2789 2082 2845 niorum
2113 2790 2380 2848 industria
2409 2803 2493 2851 est
2517 2798 2804 2868 expolitus,
2829 2803 3105 2873 sapientia:
3127 2789 3370 2864 veritate,
3390 2820 3449 2865 et

1862 2881 2129 2937 virtutum
2150 2883 2490 2943 documentis
2512 2896 2597 2943 est
2619 2890 2842 2947 omnino
2860 2894 3115 2952 nudatus.
3140 2898 3447 2963 Dedisertis

1864 2987 1993 3029 vero
2021 2988 2123 3030 nec
2155 2982 2337 3031 tamen
2387 2980 2723 3047 sapientibus
2758 2997 2856 3052 per
2898 2984 3095 3042 Isaiam
3130 2991 3449 3062 prophetam

1867 3064 2064 3121 dicitur
2088 3081 2105 3120 :
2146 3066 2411 3139 Populum
2434 3072 2572 3126 enim
2592 3072 2971 3144 imprudentem
3001 3095 3104 3135 non
3123 3082 3339 3151 uidebis,
3358 3102 3450 3156 po-

1867 3155 2049 3227 pulum
2070 3158 2165 3213 alti
2190 3163 2466 3230 sermonis,
2486 3163 2565 3219 ita
2584 3172 2642 3219 ut
2668 3182 2773 3221 non
2796 3171 2962 3238 possis
2977 3170 3264 3245 intelligere
3289 3155 3452 3233 diser-

256 3246 343 3337 ίςι
379 3280 542 3336 pauc
567 3288 623 3335 ει
1157 3246 1407 3338 sanctum
1428 3246 1725 3352 pm“,
1746 3322 1764 3349 ’
1787 3259 1840 3324 ο
1868 3246 2367 3352 titudinen‘t'linguw
2400 3251 2527 3352 ejus
2551 3256 2609 3309 in
2634 3271 2739 3327 qua
2763 3256 2909 3352 nulla
2937 3268 3013 3314 est
3027 3264 3285 3333 sapientia
3312 3265 3449 3335 (Isa.

178 3379 460 3446 quantum
480 3372 672 3428 attinet
703 3372 774 3429 ad
792 3372 1109 3429 brevitatem
1132 3370 1293 3440 hujus
1316 3371 1445 3445 styli
1473 3372 1563 3427 cui
1585 3371 1768 3429 stude-

177 3479 336 3528 mus,
368 3462 594 3519 Domino
619 3469 907 3528 annuente,
941 3462 997 3517 in
1021 3461 1388 3532 superioribus
1406 3470 1768 3519 monstratum

177 3565 294 3614 est.
322 3554 464 3612 Nam
504 3571 630 3612 cum
666 3571 806 3628 pene
833 3570 1022 3613 omnes
1063 3557 1122 3612 in
1157 3556 1381 3629 praefata
1424 3558 1631 3629 synodo
1666 3557 1771 3613 hoc

178 3655 287 3703 aut
306 3647 529 3718 penitus
551 3651 841 3715 tacuerint,
875 3655 970 3703 aut
1009 3648 1261 3719 ambigue
1305 3648 1649 3719 protulerint,
1670 3663 1773 3706 nos

179 3740 354 3812 quasi
397 3739 646 3797 homines
683 3740 920 3797 humana
952 3739 1323 3796 imbecillitate
1362 3739 1769 3811 cogitationum,

177 3841 243 3890 et
275 3846 469 3889 eorum
507 3846 628 3902 quae
649 3844 754 3893 nec
775 3830 1027 3887 audimus
1051 3844 1156 3905 nec
1180 3830 1409 3902 legimus
1432 3830 1626 3901 ignari,
1670 3844 1774 3886 nec

178 3938 386 3982 eorum
399 3921 526 3980 ﬁdei
552 3922 920 3980 testimonium
937 3922 1285 3993 perhibemus
1310 3924 1405 3993 (ιιιὶ
1427 3923 1531 3979 hoc
1556 3922 1772 3979 silentio

178 4012 597 4086 praeterierunt,
627 4026 729 4069 nec
766 4027 954 4070 eorum
976 4013 1072 4082 qui
1111 4012 1361 4084 ambigue
1400 4012 1770 4084 protulerunt,

176 4120 295 4163 nec
334 4105 461 4161 ideo
506 4117 696 4163 eorum
735 4104 1112 4161 credulitatem
1149 4104 1468 4171 abnuimus,
1507 4105 1634 4175 quia
1669 4105 1775 4163 hoc

178 4202 487 4253 tacuerunt
517 4195 604 4252 vel
641 4195 892 4267 ambigue
911 4195 1271 4266 protulerunt.
1315 4196 1579 4266 Quoniam
1603 4197 1775 4267 quali-

176 4297 277 4345 ter
302 4294 528 4343 teneant
554 4286 847 4355 nescimus,
874 4287 973 4345 sed
993 4287 1135 4344 hanc
1167 4302 1284 4344 rem
1319 4297 1376 4344 et
1418 4289 1774 4347 indiscussam

173 4379 498 4453 praeterire,
545 4396 616 4437 ne
641 4381 722 4438 eis
754 4378 982 4438 tacendo
1017 4395 1300 4437 assensum
1333 4383 1577 4451 praebere
1599 4384 1775 4439 videa-

174 4488 340 4540 mur,
365 4480 425 4528 et
450 4472 577 4542 quia
608 4487 717 4529 non
758 4479 1007 4544 patenter
1028 4472 1208 4530 elucet
1236 4474 1367 4544 quid
1388 4474 1535 4540 velit,
1573 4474 1774 4546 impro-

174 4567 326 4623 bare
366 4563 640 4631 timentes,
680 4563 828 4622 illius
856 4564 1092 4621 examini
1131 4577 1469 4621 reservamus
1493 4580 1654 4635 quem
1681 4579 1793 4624 oc-s

174 4655 343 4712 culta
369 4669 481 4711 non
503 4653 715 4712 fallunt.
754 4654 968 4713 Scimus
1002 4655 1234 4726 denique
1281 4672 1375 4714 eos
1413 4656 1557 4713 haud
1588 4659 1778 4729 procul

172 4750 259 4806 ab
297 4761 489 4804 errore
514 4763 657 4817 esse,
681 4748 774 4821 qui
803 4749 851 4805 si
891 4750 962 4806 ab
1003 4763 1071 4804 eo
1100 4748 1222 4806 ideo
1262 4749 1612 4822 elongantur,
1650 4753 1778 4823 quia

175 4842 334 4896 bene
387 4838 455 4895 de
493 4840 599 4896 hac
638 4855 701 4896 re
731 4840 1001 4908 sentiunt,
1036 4840 1159 4896 ideo
1187 4848 1371 4898 tamen
1392 4841 1445 4897 ei
1492 4843 1780 4913 appropin-

174 4937 393 5002 quant,
440 4930 566 5001 quia
601 4933 746 5003 quod
780 4942 929 4991 recte
992 4932 1234 4990 sentiunt
1270 4941 1421 4989 recte
1479 4931 1641 4989 fateri
1683 4947 1779 4989 ne-

171 5020 507 5092 glexerunt,
531 5020 677 5092 quod
711 5030 895 5079 autem
916 5032 1064 5080 recte
1088 5021 1251 5079 corde
1273 5021 1513 5078 creditur
1536 5019 1779 5091 adiusti-

175 5116 356 5184 tiam,
382 5120 532 5171 recte
552 5129 649 5172 ore
673 5114 834 5174 debet
855 5114 1098 5188 proﬁteri
1117 5114 1188 5172 ad
1210 5114 1462 5173 salutem.

812 5205 1042 5263 CAPUT
1076 5205 1169 5261 IX.

169 5300 277 5358 De
298 5316 363 5355 eo
380 5299 521 5370 quod
545 5297 595 5355 si
621 5299 754 5382 forte
780 5299 971 5382 aliquis
998 5315 1146 5382 error
1184 5301 1243 5382 in
1268 5299 1629 5382 praefatorum
1670 5299 1778 5371 epi-

261 5369 553 5442 scoporum
594 5369 954 5442 sententiis'de
988 5369 1093 5442 ﬁde
1106 5369 1324 5441 prolatis
1348 5370 1675 5442 indiscussus
1698 5369 1780 5424 re-

264 5438 783 5512 manserit,propter
817 5438 1173 5512 difﬁcultatem
1196 5450 1243 5495 et
1274 5441 1631 5512 enormitatem
1671 5456 1781 5496 ser-

268 5513 448 5566 monis
499 5509 713 5582 illorum
767 5509 1107 5582 remanebit,
1143 5512 1234 5580 qui
1266 5509 1584 5582 plerumque
1633 5519 1780 5565 tanta

270 5582 501 5653 ignavia
532 5581 729 5653 obsitus
769 5592 844 5653 est
867 5622 883 5647 ,
905 5590 962 5653 ut
982 5580 1109 5653 quid
1136 5580 1435 5653 signiﬁcare
1468 5580 1585 5637 velit
1632 5582 1781 5652 quive

272 5650 461 5707 sensus
488 5652 544 5709 in
569 5667 629 5706 eo
656 5650 1021 5723 intelligendus
1050 5650 1139 5715 sit,
1168 5650 1380 5706 minime
1398 5661 1593 5721 pateat.

272 5740 417 5798 Cum
447 5741 615 5796 multa
640 5740 1003 5798 elocutionum
1028 5741 1137 5801 sint
1173 5757 1389 5813 genera,
1420 5758 1584 5814 quaea
1611 5758 1788 5816 gram-

179 5831 423 5898 maticis
448 5832 564 5891 sive
595 5847 629 5886 a
668 5831 982 5890 rhetoribus
1015 5828 1232 5905 copiose
1281 5850 1347 5892 ac
1388 5838 1537 5895 varie
1562 5838 1784 5896 tradun-

497 5947 772 6011 Psruon.
811 5945 1111 6013 XCVIII.

1872 3338 2089 3409 χχχιιι).
2113 3339 2224 3396 Nec
2244 3340 2479 3399 disertus
2489 3358 2619 3416 ergo
2639 3360 2741 3401 nec
2760 3348 2974 3417 sapiens
2994 3360 3096 3418 est,
3124 3353 3264 3409 sicut
3285 3356 3454 3425 pluri-

1870 3443 2085 3484 morum
2133 3430 2226 3500 qui
2267 3438 2471 3491 temere
2504 3435 2574 3490 ad
2609 3435 2859 3504 qualibet
2907 3439 3146 3496 docenda
3192 3445 3454 3500 accedunt

1872 3527 2161 3591 antequam
2180 3522 2669 3580 sacratissimorum
2684 3541 2940 3583 sensuum
2962 3530 3187 3600 dapibus
3210 3532 3454 3592 reﬁcian-

1871 3618 1962 3665 tur
1986 3620 2041 3666 et
2068 3611 2388 3683 eloquentia:
2413 3615 2749 3672 ornamentis
2785 3616 3126 3686 imbuantur,
3150 3622 3234 3677 vel
3285 3624 3453 3681 etiam

1872 3713 1933 3761 ut
1962 3706 2121 3762 istius
2145 3707 2334 3778 synodi
2380 3708 2649 3779 scriptura
2678 3716 2783 3776 est,
2827 3708 2981 3777 cujus
3018 3726 3233 3769 errores
3274 3714 3455 3772 discu-

1873 3804 1988 3853 tere
2017 3796 2260 3865 nitimur,
2293 3797 2350 3854 in
2376 3797 2530 3869 cujus
2552 3801 2836 3857 sententiis
2874 3818 2977 3859 nec
3012 3818 3271 3861 sensuum
3299 3794 3460 3878 repe.‘

1873 3890 2014 3945 ritur
2045 3898 2300 3958 ornatus,
2358 3907 2460 3948 nec
2501 3908 2569 3947 ex
2614 3892 2935 3964 eloquentia:
2975 3893 3195 3952 ﬂumine
3236 3900 3457 3969 quidam

1873 3980 2156 4036 deducitur
2181 3980 2405 4038 rivulus.
2433 3982 2645 4057 Etcum
2675 3984 2853 4041 omnis
2874 3987 3141 4059 scriptura
3176 3987 3292 4045 aut'
3308 3991 3455 4048 culta

1873 4070 1946 4127 sit
1968 4078 2023 4126 et
2046 4078 2250 4140 aperta,
2282 4079 2376 4127 aut
2409 4073 2553 4129 culta
2580 4082 2636 4130 et
2660 4079 3013 4146 non‘aperta,
3047 4086 3139 4135 aut
3162 4080 3366 4138 inculta
3402 4093 3458 4140 et

1874 4173 2083 4235 aperta,
2110 4174 2206 4220 aut
2237 4179 2337 4222 nec
2376 4168 2521 4223 culta
2571 4183 2671 4225 nec
2709 4179 2920 4241 aperta,
2972 4180 3027 4228 et
3082 4173 3199 4231 haec
3249 4176 3459 4233 duabus

1872 4256 2065 4326 primis
2125 4257 2247 4313 istis
2284 4260 2568 4329 speciebus
2616 4269 2700 4316 est
2750 4261 2957 4331 aliena,
3006 4273 3061 4320 et
3114 4266 3323 4323 duabus
3373 4285 3459 4325 se-

1874 4349 2166 4418 quentibus
2188 4352 2409 4406 omnino
2424 4361 2695 4420 conserta,
2709 4354 2838 4424 quia
2858 4370 2960 4411 nec
2975 4370 3285 4413 sermonum
3307 4358 3457 4414 cultu

1876 4448 1970 4495 aut
1997 4440 2315 4512 eloquentia:
2336 4443 2601 4499 cothurno
2621 4444 2903 4512 attollitur,
2934 4460 3035 4501 nec
3056 4442 3291 4516 puritate
3308 4464 3459 4520 aper-

1877 4544 1947 4591 ta:
1968 4535 2256 4592 locutionis
2277 4538 2499 4605 texitur,
2530 4538 2673 4610 quod
2700 4539 2755 4594 in
2778 4539 2946 4594 altero
2970 4541 3039 4594 ob
3060 4539 3141 4595 sui
3166 4540 3459 4609 puritatem

1802 4614 1860 4677 D
1882 4628 1950 4683 ad
1992 4627 2394 4700 intelligendum
2429 4639 2762 4701 promoveat.
2808 4630 2920 4686 Nec
2957 4631 3100 4686 culta
3136 4640 3219 4687 est
3261 4640 3315 4687 et
3353 4649 3462 4689 non

1885 4730 2091 4794 aperta,
2127 4721 2255 4792 quia
2280 4738 2388 4777 non
2421 4721 2595 4794 longis
2618 4722 2855 4792 periodis
2891 4722 3201 4790 involvitur,
3235 4739 3345 4780 non
3366 4740 3462 4779 va-

1884 4815 1985 4871 riis
2015 4816 2316 4887 topicorum
2340 4817 2786 4889 perplexitatibus
2818 4825 3130 4884 exornatur,
3167 4833 3270 4875 nec
3290 4796 3468 4875 lubri:

1885 4908 1967 4965 eis
1995 4909 2424 4981 syllogismorum
2463 4909 2897 4966 conclusionibus
2921 4926 2989 4966 ex
3034 4911 3298 4968 industria
3349 4911 3465 4968 dia-

1885 4999 2093 5060 lectica:
2138 5003 2270 5058 artis
2293 5002 2631 5058 venientibus
2656 5009 2977 5058 catenatur:
3021 5018 3143 5075 quae
3186 5003 3369 5059 omnia
3406 5010 3467 5061 et

1884 5095 2033 5151 culta
2056 5102 2201 5160 sunt,
2231 5102 2415 5164 utpote
2434 5108 2553 5165 qua:
2581 5094 2877 5164 sophistico
2897 5094 3173 5165 poliuntur
3183 5093 3462 5166 cylindro;

1884 5193 2067 5242 etnon
2088 5193 2291 5256 aperta,
2313 5186 2439 5255 quia
2464 5199 2494 5239 a
2518 5184 2841 5255 simplicium
2858 5184 3121 5241 lectorum
3148 5200 3312 5243 sensu
3329 5199 3467 5261 pro-

1883 5278 1971 5334 cul
2004 5286 2211 5335 remota
2236 5278 2720 5334 eruditissimorum
2740 5278 3112 5335 tantummodo
3141 5292 3201 5335 se
3223 5277 3467 5336 inferunt

1885 5369 2119 5440 ingenio.
2155 5367 2262 5424 Sed
2298 5374 2391 5422 aut
2424 5375 2609 5438 aperta
2651 5378 2753 5434 est,
2792 5385 2911 5440 quae
2942 5368 3244 5426 eruditione
3271 5384 3467 5428 carens

1885 5461 2133 5516 omnibus
2158 5460 2459 5529 legentibus
2487 5462 2599 5517 sive
2621 5461 2961 5519 audientibus
2985 5469 3158 5532 patet;
3191 5469 3284 5519 aut
3312 5462 3465 5518 inor-

1889 5553 2069 5608 dinate
2086 5558 2138 5605 et
2164 5550 2434 5619 incompte
2468 5551 2696 5621 digesta,
2720 5561 2776 5607 et
2820 5531 3139 5609 solmcismis
3191 5551 3461 5618 mutilata,
3530 5531 3560 5557 Δ

1886 5642 2238 5699 barbarismis
2259 5652 2531 5714 corrupta,
2575 5642 2785 5699 caeteris
2824 5643 3079 5700 vitiorum
3116 5641 3317 5700 nubilis
3362 5643 3463 5698 ob-

1892 5738 2068 5803 ducta,
2096 5745 2150 5791 et
2176 5735 2442 5792 luculenta
2467 5737 2711 5791 oratione
2737 5751 2948 5803 carens,
2970 5745 3025 5791 ct
3057 5737 3248 5792 ordine
3276 5741 3467 5789 texen-

1889 5832 2080 5889 dorum
2116 5844 2370 5889 sensuum
2427 5829 2662 5902 exploso,
2694 5844 2792 5887 nec
2822 5830 2963 5888 culta
2989 5836 3075 5915 est
3101 5842 3201 5883 nec
3252 5828 3465 5896 aperta.

2996 5943 3069 6003 36

3484 5948 3503 6007 ἰ
