4016 6292
573 299 700 366 ιιδι

767 436 797 477 e

566 425 797 494 Ideoque
829 425 874 477 si
903 425 1039 475 forte
1085 425 1280 484 aliquis
1311 425 1464 466 error
1501 425 1556 462 ιιι
1600 425 1880 461 sententiis
1918 425 1984 454 ue
2036 425 2139 452 nuc

568 516 791 591 prolatis
827 501 1166 568 indiscussus'
1195 499 1546 564 remanserit,
1576 497 1660 552 his
1695 491 1903 591 anobis
2025 496 2145 591 tue-

570 580 720 665 bitur
743 603 929 667 armis,
963 598 1089 669 quia
1127 610 1186 651 se
1222 593 1418 648 talibus
1451 586 1927 657 incompositamm
1955 580 2147 636 dictio-

571 710 704 755 num
741 694 948 751 abdidit
977 688 1298 750 involucris;
1335 691 1391 739 et
1418 698 1448 737 a
1484 680 1641 736 nobis
1679 677 1800 732 ideo
1819 669 2146 744 deprehendi

571 790 833 862 nequivit,
850 785 977 857 quia
1003 782 1071 837 ad
1083 795 1182 836 nos
1207 775 1517 834 diilicultate
1539 768 1810 828 sermonis
1827 765 1984 838 quasi
2005 775 2145 835 quo-

574 885 698 940 dam
733 879 896 951 pallio
915 869 1386 944 obsitusgadvenit.

1195 959 1422 1018 CAPUT
1469 957 1537 1013 Χ.

574 1060 878 1119 Ridiculose
899 1067 946 1114 et
966 1055 1234 1130 pueriliter
1252 1055 1455 1130 dictum
1478 1052 1534 1104 in
1556 1047 1809 1130 sententia
1825 1042 1955 1130 ﬁdei

643 1116 762 1188 deri
811 1116 1032 1202 episcopi
1059 1125 1372 1202 :_Mirabilis
1418 1123 1559 1176 Deus
1589 1121 1655 1202 in‘
1691 1116 2154 1202 sanctissu‘is

647 1184 909 1262 continuo,
941 1184 1140 1253 sanctis
1169 1197 1256 1266 qui
1288 1197 1343 1249 in
1369 1203 1514 1266 terra
1541 1197 1664 1266 sunt
1707 1187 1823 1256 ejus
1850 1184 2154 1266 miriﬁcayit

645 1251 1350 1330 Bih'h'é'stiudmes'meas
1401 1265 1537 1317 inter
1589 1251 1751 1324 illos;
1777 1267 2025 1326 tanquam
2069 1251 2154 1304 hic

645 1341 931 1400 versiculus
967 1339 1116 1394 illum
1155 1339 1380 1407 priorem
1418 1334 1780 1402 subsequatur.

644 1435 704 1492 ld
723 1449 854 1490 vero
881 1432 1025 1502 quod
1049 1428 1362 1484 Theodorus
1409 1426 1691 1493 episcopus
1714 1421 1814 1474 hos
1845 1417 1981 1471 duos
2009 1409 2158 1467 Psal-

573 1527 751 1585 mistte
795 1521 1092 1580 versiculos
1145 1520 1218 1573 ita
1263 1515 1544 1586 interjecta
1604 1510 1868 1583 particula
1919 1503 2158 1562 adverbii

472 1663 479 1673 .
577 1622 842 1685 continuo,
868 1618 926 1673 in
954 1632 1120 1672 unum
1143 1612 1382 1685 protulit,
1413 1609 1566 1679 quasi
1597 1608 1734 1662 alter
1761 1605 1989 1660 alterum
2014 1600 2160 1656 nulla

577 1710 981 1780 intercapedine
997 1707 1226 1762 aliorum
1253 1715 1505 1758 versuum
1531 1696 1846 1768 interposita
1869 1695 2162 1762 subsequa-

1458 292 1519 347 Β.
1561 285 1813 346 CAROLI
1849 276 2069 338 MAGNI
2104 274 2253 335 OPP.
2290 275 2471 332 PARS
2506 277 2572 333 II.
2614 273 2858 333 SECTIO
2891 272 2960 330 Π.

829 417 874 477 si
903 418 1039 475 forte
1085 412 1280 484 aliquis
1311 421 1464 466 error
1501 408 1556 462 in
1600 379 1880 461 sententiis
1918 399 1984 454 de
2034 396 2139 452 ﬁde
2165 398 2216 458 Α
2242 409 2471 464 sequens
2505 402 2559 450 et
2586 395 2805 449 vitanda
2829 392 3022 458 vitans,
3055 406 3165 448 non
3192 405 3314 448 eam
3338 392 3676 464 postmodum
3699 413 3805 468 pm-

3662 276 3802 334 1152

2243 487 2416 544 nitere
2440 495 2732 552 constaret,
2773 485 2865 540 sed
2894 485 3151 554 quidquid
3178 483 3247 540 de
3289 487 3392 543 hac
3431 501 3490 542 re
3526 488 3710 557 plures
3732 503 3809 546 sa-

2244 579 2481 635 cundum
2536 576 2884 646 apostolicam
2949 577 3340 632 institutionem
3391 586 3578 633 tenere
3625 580 3812 639 vellent

2244 671 2521 736 Ecclesiae,
2546 671 2662 740 ipsa
2685 684 2896 739 quoque
2923 678 3129 725 teneret
3153 687 3169 734 ;
3209 678 3265 724 et
3289 686 3410 740 quae
3435 671 3684 740 pluribus
3699 688 3813 730 oon-

2245 762 2600 819 sentientibus
2635 761 2871 831 antiquis
2913 762 3341 818 institutionibus
3376 764 3557 819 obniti
3593 773 3813 823 tentaret

2247 860 2302 909 et
2331 852 2598 908 obstinata
2622 859 2801 907 mente
2832 852 2900 906 ab
2922 851 3272 907 universitate
3306 853 3664 910 ecclesiastici
3705 872 3813 913 cor-

2247 944 2397 1015 poris
2423 958 2481 999 se
2509 942 2763 998 dirimere
2786 940 2962 1007 vellet,
3002 942 3143 998 hanc
3171 943 3515 1000 detestationi
3553 946 3815 1007 multaret.

2249 1033 2386 1092 Nam
2412 1034 2532 1103 quis
2556 1030 2709 1088 furor
2727 1040 2831 1097 est,
2859 1047 3047 1102 quave
3075 1034 3343 1091 dementia
3370 1047 3429 1092 ut
3471 1040 3642 1094 unius
3671 1045 3817 1110 partis

2253 1130 2494 1186 Ecclesia
2518 1143 2633 1184 rem
2653 1143 2772 1198 quae
2790 1143 2964 1198 neque
2985 1128 3053 1184 ab
3074 1131 3348 1200 apostolis,
3363 1147 3537 1202 neque
3559 1135 3636 1189 ab
3655 1149 3819 1191 eorum

2253 1222 2656 1278 successoribus
2710 1230 2912 1276 statuta
2961 1230 3080 1288 est,
3127 1223 3304 1278 nitens
3355 1232 3601 1280 statuere
3625 1266 3642 1291 ,
3681 1229 3820 1283 totius

2253 1311 2442 1369 mundi
2471 1312 2744 1367 Ecclesias
2792 1322 3016 1369 conetur
3067 1315 3550 1383 anathematizam,
3611 1327 3669 1373 et
3699 1335 3823 1376 com-

2254 1403 2524 1475 pellantur
2553 1413 2647 1458 aut
2670 1406 2982 1476 apostolicis
3005 1407 3268 1462 institutis
3313 1410 3613 1474 contraire,
3650 1420 3738 1466 aut
3769 1413 3822 1468 ab

2259 1496 2366 1552 illis
2402 1497 2613 1568 prolato
2647 1497 2938 1553 vanissimo
2983 1500 3314 1555 anathemati
3361 1500 3694 1570 subjacere?
3739 1503 3824 1559 Sed

2259 1602 2382 1643 cum
2426 1589 2642 1644 illorum
2684 1591 3145 1646 dementissimum
3191 1593 3478 1648 anathema
3510 1593 3628 1649 illis
3678 1598 3826 1664 potius

2261 1693 2424 1748 quam
2463 1679 2619 1734 nobis
2647 1679 2916 1750 jacturam
2962 1681 3263 1751 impertiat,
3312 1684 3527 1739 dicente
3569 1686 3826 1756 Apostolo,

578 1813 687 1869 tur,
721 1770 841 1858 cuin
868 1801 1116 1856 videlicet
1141 1798 1230 1852 hic
1251 1793 1548 1850 versiculus
1566 1805 1725 1861 quem
1748 1789 1894 1842 illum
1918 1785 2162 1839 continuo
2193 1771 2242 1832 Β
2267 1771 2451 1869 Neque
2483 1770 2729 1869 maledici
2771 1789 2985 1869 regnum
3012 1773 3109 1869 [ξεί
3127 1773 3460 1843 possidebunt
3504 1776 3560 1846 (1
3597 1776 3719 1832 Cor.
3744 1777 3826 1851 τι),

579 1897 835 1967 subsequi
857 1897 1001 1959 dicit,
1021 1910 1126 1948 non
1151 1892 1324 1948 solum
1343 1887 1627 1946 confestim
1655 1901 1762 1940 non
1783 1884 2162 1950 subsequatur,
2183 1871 2191 1878 ’

581 1989 678 2045 sed
702 1983 1062 2044 etiam‘l‘erme
1084 1993 1208 2039 ante
1233 1981 1620 2052 quinquaginta
1644 1976 1898 2049 psalmos,
1914 1972 2000 2029 cui
2022 1977 2166 2041 post-

579 2081 803 2153 ponitur
820 2080 1127 2152 praecedere
1163 2083 1436 2139 noscatur,
1472 2089 1580 2128 non
1630 2072 1750 2126 ideo
1783 2069 1936 2123 nobis
1985 2077 2166 2136 repre-

582 2173 820 2229 hendere
850 2170 1004 2226 libuit
1028 2169 1171 2240 quod
1194 2167 1319 2224 ﬁdei
1349 2165 1618 2237 quoddam
1641 2160 2008 2234 praejudicium
2040 2155 2167 2211 affe-

580 2273 688 2331 rat,
719 2263 812 2319 sed
835 2263 961 2333 quia
1001 2260 1225 2318 ridiculo
1261 2261 1344 2316 sui
1377 2253 1779 2329 reprehensioni
1815 2248 2085 2318 subiaceat
2113 2255 2167 2302 et

580 2351 1098 2425 reprehendentibus
1135 2348 1411 2406 deridendi
1457 2345 1741 2402 materiam
1783 2339 2039 2402 conferat,
2073 2351 2168 2406 pa-

575 2454 800 2517 teatque
830 2445 990 2501 talem
1032 2444 1356 2514 scripturam
1387 2456 1496 2496 non
1521 2454 1640 2495 esse
1671 2439 1938 2499 idoneam,
1966 2443 2027 2487 ut
2053 2446 2170 2486 ma-

583 2555 686 2610 gna
713 2538 916 2607 absque
939 2549 1122 2591 errore
1146 2536 1397 2598 instruat,
1424 2547 1544 2602 qua:
1572 2531 1627 2585 in
1651 2527 1835 2599 parvis
1861 2525 2066 2594 absque
2089 2521 2170 2576 vi-

581 2649 712 2705 gore
741 2633 956 2695 titubat,
988 2643 1089 2685 nec
1130 2629 1328 2684 habere
1369 2641 1488 2682 eam
1516 2624 1627 2677 vim
1659 2637 1747 2676 res
1781 2619 1972 2674 dubias
2020 2613 2167 2670 allir-

581 2725 766 2781 mandi
793 2731 848 2779 et
883 2723 1184 2793 incognitas
1222 2718 1468 2783 docendi,
1498 2731 1617 2786 quze
1663 2729 1770 2768 non
1815 2711 1979 2765 habet
2023 2709 2171 2778 inge-

581 2817 734 2871 nium
763 2829 853 2870 res
901 2829 1007 2868 non
1045 2813 1235 2867 dubias
1277 2808 1536 2865 narrandi
1565 2815 1619 2862 et
1651 2813 1808 2863 notas
1840 2798 2167 2874 proferendi.

581 2907 863 2976 Quomodo
893 2923 1022 2977 ergo
1047 2905 1190 2960 illius
1234 2905 1424 2975 synodi
1456 2901 1655 2972 poterit
1696 2898 1863 2966 recipi
1903 2893 2166 2957 doctrina,

581 2998 736 3068 cujus
764 2997 821 3052 in
849 3003 930 3051 tot
957 2995 1090 3051 locis
1126 2993 1538 3063 reprehenditur
1562 2987 1876 3059 scriptura?
1903 2992 1994 3038 aut
2032 2996 2167 3051 quo-

583 3091 746 3147 modo
770 3103 893 3144 cum
920 3087 1132 3143 caeteris
1154 3085 1498 3156 synodalibus
1535 3099 1566 3138 a
1591 3081 1794 3138 sanctis
1819 3077 2063 3149 patribus
2091 3073 2172 3130 di-

2269 1861 2432 1917 etiatn
2459 1862 2502 1916 si
2530 1864 2926 1931 quodammodo
2950 1864 3143 1920 laedere
3172 1875 3374 1934 posset,
3403 1867 3740 1925 tolerabilius
3758 1886 3829 1926 ns-

2267 1954 2352 2011 bis
2374 1965 2519 2012 esset
2542 1956 2671 2012 illud
2694 1959 2902 2027 perpeti
2926 1974 3088 2034 quam
3121 1959 3493 2028 apostolorum
3537 1961 3654 2017 sive
3692 1973 3832 2019 caete

2267 2063 2454 2104 rerum
2481 2058 2790 2104 sanctorum
2823 2050 3044 2104 Patrum
3066 2052 3285 2106 monitis
3307 2053 3502 2119 obniti,
3535 2055 3732 2124 quippe
3757 2057 3831 2125 qui

2269 2155 2392 2196 cum
2419 2139 2663 2196 Susanna
2699 2141 2948 2206 dicimus,
2985 2141 3175 2197 Melius
3199 2155 3276 2198 est
3302 2145 3539 2199 incidere
3579 2146 3642 2199 in
3676 2163 3832 2201 mss

2269 2233 2556 2297 sentinam,
2590 2250 2747 2305 quam
2772 2233 3125 2305 derelinquere
3151 2234 3311 2306 legem
3342 2235 3440 2290 Dei
3482 2239 3658 2291 nostri
3697 2237 3830 2309 (Dan.

2271 2325 2414 2397 xm),
2438 2334 2493 2380 et
2514 2327 2748 2395 pastoris
2777 2326 3032 2382 Ecclesia:
3055 2327 3233 2381 verbis
3270 2326 3639 2397 Iierdocemur
3661 2329 3836 2383 obedire

2272 2429 2506 2488 oportere
2527 2419 2636 2473 Deo
2671 2420 2839 2489 magis
2878 2435 3036 2490 quam
3078 2419 3373 2473 hominibus
3412 2419 3558 2490 (Act.
3595 2419 3676 2491 γ).
3713 2419 3836 2474 Sicut

2271 2513 2417 2568 enim
2453 2514 2672 2570 cuilibet
2699 2514 2897 2569 civium
2935 2514 3050 2570 sive
3079 2514 3338 2585 principis
3374 2513 3648 2570 societate
3671 2513 3838 2570 fructui

2273 2619 2306 2660 a
2331 2605 2600 2661 seditiosis
2626 2605 2946 2674 quibusdam
2975 2605 3066 2675 qui
3090 2611 3276 2659 contra
3303 2603 3614 2676 principem
3643 2615 3698 2660 et
3722 2605 3840 2661 cives

2273 2705 2457 2769 agunt,
2504 2697 2837 2752 tolerabilius
2871 2706 2954 2752 est
2983 2699 3050 2753 ab
3091 2697 3198 2752 illis
3228 2697 3374 2752 illata
3405 2697 3663 2752 convicia
3705 2700 3840 2754 susti-

2271 2806 2424 2854 nere,
2475 2805 2636 2859 quam
2679 2805 2803 2845 cum
2841 2791 2920 2846 eis
2961 2791 3013 2844 in
3053 2791 3370 2845 seditionem
3413 2791 3754 2860 conspirare,
3787 2792 3840 2844 ita

2272 2886 2528 2940 nimirum
2559 2884 2890 2941 tolerabilius
2916 2885 3070 2942 nobis
3097 2892 3200 2951 est,
3240 2885 3309 2939 ab
3333 2884 3441 2939 illis
3471 2885 3747 2940 exsecrari
3769 2884 3840 2954 qui

2273 2977 2435 3032 etiam
2464 2991 2589 3031 suos
2612 2984 2866 3046 parentes
2897 2976 3165 3031 exsecrari
3199 2992 3305 3032 non
3349 2975 3673 3043 formidant,
3707 2992 3842 3047 quam

2276 3081 2400 3122 cum
2435 3066 2541 3122 illis
2575 3082 2663 3123 res
2685 3067 2988 3122 insensatas
3015 3074 3201 3122 contra
3227 3067 3538 3124 divinarum
3562 3069 3840 3140 Scriptura-

585 3182 754 3256 gestis
774 3182 862 3237 vel
891 3180 1157 3251 susceptis
1180 3137 1396 3247 scriptis
1422 3175 1698 3231 societatis
1725 3170 1925 3244 poterit
1949 3166 2172 3238 adipisci
2196 3137 2246 3203 ο
2279 3174 2401 3216 rum
2443 3159 2689 3214 instituta
2730 3158 2978 3214 adorare.
3011 3158 3330 3216 Exsecratio
3354 3177 3593 3238 nauaque
3630 3162 3747 3216 sine
3780 3177 3842 3215 ra-

585 3274 923 3348 dignitatem,
971 3287 1091 3343 quae
1129 3285 1317 3327 earum
1349 3282 1602 3325 sensuum
1647 3274 1702 3322 et
1725 3265 2014 3319 verborum
2037 3259 2175 3331 fugit

581 3367 941 3425 societatem?
975 3365 1087 3421 Illa:
1129 3364 1276 3419 enim
1318 3363 1371 3416 in
1410 3361 1554 3417 nullo
1587 3358 2080 3431 reprehenduntur,
2123 3360 2178 3409 et

584 3460 710 3519 ideo
750 3461 806 3516 in
852 3459 1100 3515 omnibus
1152 3456 1559 3526 suscipiuntur:
1612 3455 1729 3508 haec
1771 3467 1901 3508 vero
1947 3449 2074 3520 quia
2119 3447 2177 3503 in

581 3551 772 3609 multis
801 3550 1232 3622 reprehenditur,
1261 3563 1368 3604 non
1389 3546 1659 3602 immerito
1676 3558 1815 3616 pene
1843 3543 1898 3598 in
1926 3540 2176 3597 omnibus

582 3642 920 3714 repudiatur.

1195 3727 1422 3787 CAPUT
1471 3728 1564 3784 X1.

587 3823 742 3893 Quod
766 3823 1024 3879 inutiliter
1044 3830 1092 3876 et
1121 3821 1327 3876 incaute
1353 3818 1524 3893 Graeci
1548 3815 1840 3873 Ecclesiam
1866 3814 2176 3893 catholicam

657 3897 1106 3950 anathematizare
1152 3893 1326 3945 conati
1361 3893 1464 3944 sint
1508 3892 1563 3944 in
1612 3905 1793 3943 eorum
1842 3887 2060 3959 synodo,
2115 3903 2176 3940 eo

653 3966 793 4036 quod
817 3966 1070 4034 imagines
1091 3980 1195 4017 non
1228 3962 1431 4036 adoret,
1474 3977 1590 4036 cum
1616 3961 1793 4036 utique
1813 3958 1959 4030 prius
1984 3958 2174 4036 debate-

659 4028 763 4089 rint
791 4028 1002 4088 omnino
1033 4034 1257 4088 scrutari
1288 4034 1412 4103 quid
1441 4028 1852 4103 uniuscujusque
1876 4031 2042 4101 partis
2074 4028 2176 4082 Ec-

655 4103 814 4159 clesia
843 4105 908 4157 de
939 4103 1037 4156 hac
1061 4120 1221 4156 causa
1251 4101 1441 4157 sentire
1468 4101 1632 4155 vellet.

655 4195 1052 4252 Ecclesiasticaa
1090 4195 1233 4249 tuba:
1269 4192 1581 4263 praedicatio
1613 4191 1843 4256 intonat,
1861 4199 2176 4261 peccantem

585 4291 813 4346 fratrem
847 4289 1023 4360 primo
1049 4287 1191 4342 clam
1214 4285 1642 4356 corripiendum;
1675 4283 1767 4354 qui
1789 4283 1836 4338 si
1865 4283 2049 4340 audire
2080 4295 2177 4338 no-

584 4383 784 4449 luerit,
833 4395 1079 4439 seorsum
1128 4377 1384 4433 adhibitis
1435 4376 1691 4432 fratribus
1733 4375 1817 4431 vel
1867 4373 2174 4448 corrigendi

583 4476 782 4542 studio,
806 4473 891 4530 vel
922 4469 1276 4529 conveniendi
1311 4468 1617 4523 testimonio
1645 4468 2015 4524 admonendus
2047 4476 2126 4522 est
2153 4484 2168 4534 ;

585 4569 681 4642 qui
715 4569 762 4625 si
787 4576 843 4626 et
869 4567 992 4624 illos
1017 4565 1205 4622 audire
1237 4564 1649 4635 contempserit,
1698 4571 1827 4620 tunc
1871 4564 2054 4620 multis
2085 4579 2174 4618 res

583 4661 917 4719 notescenda
940 4667 1044 4726 est,
1077 4667 1137 4713 ut
1166 4657 1508 4714 detestationi
1535 4672 1656 4712 eum
1696 4658 1946 4723 habeant,
1992 4667 2047 4714 et
2080 4659 2173 4730 qui

581 4754 830 4827 nequivit
870 4751 1070 4810 salvari
1096 4749 1321 4822 pudore,
1365 4748 1542 4804 saltim
1571 4751 1872 4821 opprobriis
1895 4751 2167 4818 salvetur;

583 4848 678 4921 qui
708 4849 757 4906 si
782 4862 958 4918 neque
985 4844 1280 4901 multorum
1317 4843 1670 4901 admonitioni
1711 4862 1991 4903 assensum
2028 4864 2169 4919 prac-

582 4939 794 5008 buerit,
838 4939 1180 4995 ethnicorum
1225 4937 1340 4992 sive
1380 4938 1788 5008 publicanorum
1830 4956 1981 4996 more
2024 4942 2170 4998 dete-

582 5032 811 5093 standus
855 5035 961 5084 est.
995 5026 1094 5083 Cui
1124 5027 1491 5098 praedicationi
1520 5046 1626 5085 non
1659 5030 2003 5088 mediocriter
2050 5031 2170 5087 illo-

580 5133 706 5181 mm
754 5113 999 5176 Ecclesia
1043 5119 1314 5175 contraire
1357 5119 1568 5175 videtur
1612 5138 1730 5192 quae
1774 5123 1940 5178 totius
1982 5124 2169 5178 mundi

581 5207 856 5273 Ecclesias
870 5210 1183 5284 priusquam
1205 5229 1356 5271 more
1381 5215 1746 5271 ecclesiastico
1766 5231 1863 5286 per
1883 5217 2169 5286 epistolare

581 5307 858 5379 eloquium
887 5306 1215 5364 consulendo
1245 5307 1357 5364 sive
1380 5311 1671 5366 scrutando
1692 5309 2016 5381 alloquatur,
2036 5328 2168 5383 pra:-

585 5400 874 5472 sumptive,
900 5399 1014 5456 sive
1045 5401 1282 5468 incaute,
1302 5403 1764 5458 anathematizare
1795 5415 2038 5460 conatur.
2072 5407 2174 5464 De-

585 5504 778 5555 buerat
814 5495 960 5552 enim
995 5497 1062 5552 ad
1105 5493 1603 5565 circumjecentium
1636 5497 2034 5566 provinciarum
2068 5503 2171 5560 Ec-

584 5588 780 5647 clesias
820 5587 1142 5659 legationem
1177 5587 1562 5643 sciscitativam
1602 5587 1796 5654 facere,
1829 5603 2007 5648 utrum
2041 5596 2175 5650 ima-

585 5683 739 5754 gines
783 5680 1000 5738 adorari
1053 5689 1146 5736 aut
1190 5696 1299 5735 non
1347 5681 1562 5736 adorari
1599 5681 1875 5750 deberent,
1905 5694 1984 5755 ut,
2015 5685 2170 5756 juxta

588 5763 864 5862 cujusdam
884 5773 1142 5850 sapientis
1163 5787 1374 5840 vocem,
1395 5787 1494 5846 per
1522 5775 1804 5837 consilium
1825 5786 1879 5836 et
1902 5781 2167 5846 sequenda

2278 3254 2442 3316 tione,
2473 3260 2528 3308 et
2545 3252 2627 3308 ira
2655 3251 2772 3308 sine
2801 3259 3089 3321 potestate,
3113 3261 3169 3308 et
3193 3251 3470 3310 damnatio
3495 3257 3612 3311 sine
3637 3256 3837 3311 auctori

2280 3354 2411 3410 tate,
2437 3351 2698 3415 quantum
2727 3360 2820 3400 eos
2857 3354 3047 3406 contra
3081 3362 3216 3416 quos
3254 3347 3472 3403 inhiant
3515 3349 3738 3404 minime
3779 3350 3846 3403 ιεικ

2275 3435 2430 3502 dunt,
2471 3446 2622 3491 tanto
2647 3445 2896 3492 auctores
2923 3453 3051 3493 suos
3077 3437 3373 3506 majoribus
3402 3441 3580 3495 taediis
3610 3440 3852 3502 alliciunt,

2277 3538 2332 3586 et
2355 3531 2527 3600 magis
2564 3530 2776 3586 desides
2815 3539 2870 3586 et
2914 3531 3252 3601 impatientes
3297 3547 3418 3587 esse
3462 3533 3723 3601 produnt.
3757 3532 3852 3587 Nisi

2275 3637 2406 3694 ergo
2439 3635 2534 3678 eos
2556 3629 2766 3678 vetusta
2789 3623 3059 3692 pernicies
3086 3631 3140 3678 et
3164 3625 3384 3695 antiqua
3412 3625 3551 3692 lues,
3587 3628 3698 3681 dux
3731 3641 3844 3681 mor-

2274 3716 2368 3783 tis,
2401 3716 2558 3772 radix
2578 3716 2862 3781 malorum,
2893 3733 3014 3788 quae
3049 3725 3104 3773 et
3140 3719 3360 3789 angelos
3393 3721 3465 3772 ab
3509 3721 3852 3775 aethereorum

2277 3809 2477 3864 civium
2503 3810 2778 3874 societate,
2809 3818 2865 3863 et
2893 3809 3140 3864 homines
3166 3825 3200 3863 a
3228 3809 3494 3880 ﬂorigerze
3521 3813 3673 3866 sedis
3697 3811 3853 3882 dismi-

2280 3907 2392 3956 tate
2419 3901 2644 3970 expulit,
2671 3901 2904 3957 stimulis
2932 3917 3046 3956 suae
3073 3902 3328 3970 nequitiae
3355 3903 3745 3969 inﬂammaret,
3770 3919 3856 3958 nec

2277 3993 2541 4064 synodum
2586 3993 2655 4050 ob
2698 3993 3002 4050 adorandas
3053 3993 3315 4064 imagines
3361 3994 3483 4049 sine
3529 3995 3854 4051 conhibenu‘a

2275 4087 2631 4157 plurimarum
2661 4085 3049 4142 catholicarum
3087 4093 3144 4140 et
3182 4087 3292 4142 Deo
3336 4087 3577 4143 ﬁdelium
3607 4089 3859 4144 Ecclesia-

2276 4193 2399 4234 rum
2416 4218 2431 4244 ,
2480 4187 2824 4249 aggregatam
2862 4177 3223 4238 universam
3261 4179 3547 4236 nominare
3591 4188 3856 4240 curarent.

2277 4284 2380 4326 nec
2400 4276 2482 4324 tot
2505 4275 2790 4339 tantasque
2809 4268 3076 4324 Ecclesiae
3099 4283 3219 4339 (piae
3239 4269 3425 4339 utique
3443 4284 3650 4340 corpus
3675 4267 3859 4325 Christi

2275 4369 2423 4427 sunt,
2460 4369 2571 4416 tam
2607 4361 2901 4418 insolenter
2933 4363 3396 4418 a-nathematizare
3441 4363 3733 4428 auderent,
3776 4376 3859 4416 nec

2279 4473 2463 4518 rerum
2486 4456 2885 4514 ins’ensatarum
2907 4457 3180 4512 culturam
3201 4464 3257 4513 et
3282 4456 3666 4511 adorationem
3688 4465 3857 4512 contra

2251 4549 2584 4608 divina-rum
2633 4550 2847 4621 apicum
2879 4549 3269 4606 institutionem
3297 4557 3538 4605 statuere
3567 4556 3855 4605 tentarunt.

2279 4644 2448 4701 Nemo
2496 4644 2654 4708 enim,
2708 4641 2784 4696 ait
2830 4642 3149 4712 Apostolus,
3197 4643 3254 4696 in
3285 4643 3473 4713 spiritu
3505 4641 3606 4695 Dei
3660 4643 3857 4714 loquens

2275 4738 2404 4792 dicit
2429 4739 2707 4792 anathema
2730 4736 2858 4791 Iesu
2884 4734 2937 4809 (Ι
2963 4734 3084 4790 Cor.
3111 4735 3232 4806 xu).
3261 4735 3414 4792 Unde
3436 4737 3746 4791 cavendum
3767 4743 3856 4796 est,

2275 4845 2345 4886 ne
2375 4831 2500 4886 dum
2530 4830 2827 4886 Ecclesiam
2856 4841 2977 4898 quae
3003 4835 3084 4883 est
3110 4843 3304 4898 corpus
3329 4826 3527 4883 Christi
3558 4825 3858 4883 inconsulte

2274 4934 2330 4981 et
2356 4926 2567 4980 incaute
2589 4923 3047 4978 anathematizare
3072 4921 3335 4986 nituntur,
3352 4921 3430 4975 illi
3451 4921 3542 4991 qui
3561 4919 3696 4988 eius
3713 4929 3858 4990 caput

2277 5024 2364 5072 est
2409 5014 2660 5084 iniuriam
2706 5014 2909 5070 inferre
2942 5015 3243 5069 videantur.
3289 5012 3463 5068 Tanta
3508 5014 3704 5082 itaque
3737 5013 3857 5067 dile-

2278 5107 2457 5162 ctione
2482 5107 2582 5162 sibi
2607 5105 2858 5162 Christus
2880 5105 3174 5161 Ecclesiam
3204 5104 3413 5172 ascivit,
3441 5113 3501 5160 ut
3529 5104 3858 5176 inseparabi-

2277 5199 2399 5254 liter
2424 5199 2492 5263 ei,
2537 5207 2722 5268 utpote
2751 5206 2913 5268 caput
2935 5199 3165 5268 corpori,
3204 5198 3568 5267 pmemineat,
3604 5205 3665 5252 et
3693 5197 3782 5252 illa
3810 5196 3854 5248 ei

2274 5292 2558 5364 perpetim,
2595 5297 2778 5362 utpote
2807 5307 3002 5362 corpus
3035 5291 3196 5361 capiti
3227 5290 3521 5355 cohiereat,
3563 5299 3622 5345 ut
3653 5305 3889 5368 nequ»,

2275 5401 2438 5456 quam
2465 5383 2678 5454 corpori
2709 5391 2803 5439 aut
2829 5382 3026 5452 iniuria
3060 5392 3152 5439 aut
3177 5381 3589 5438 honorificentia
3613 5381 3890 5437 exhibex‘

2273 5486 2366 5533 tur
2399 5478 2543 5548 quod
2587 5492 2696 5532 non
2726 5478 2794 5532 ad
2837 5486 2999 5547 caput
3044 5474 3330 5531 referatur.
3362 5475 3615 5530 Ecclesiae
3657 5473 3862 5528 etenim

2273 5571 2707 5640 persecutionem
2739 5584 2767 5622 a
2796 5566 2997 5622 Judaeis
3024 5567 3223 5622 illatam
3253 5581 3404 5622 suam
3436 5565 3689 5621 Christus
3720 5562 3860 5618 refe-

2273 5667 2447 5728 rebat,
2481 5681 2604 5719 cum
2648 5663 2829 5732 rapaci
2863 5664 2986 5733 lupo
3017 5661 3197 5727 Saulo,
3226 5662 3450 5716 necdum
3486 5657 3671 5722 Paulo,
3707 5669 3862 5711 mane

2272 5759 2506 5832 pratdam
2538 5758 2593 5813 in
2620 5757 2976 5812 vastationem
2999 5753 3253 5811 Ecclesiae
3275 5751 3592 5820 comedenti,
3624 5759 3863 5824 vespere
