4016 6292
478 170 519 183 κ

242 211 400 277 1133

1028 205 1209 302 LIBRI
1244 204 1587 265 CAROLINL
1627 235 1697 245 —
1729 202 1951 261 CAPIT.
1992 206 2083 264 DE
2116 206 2311 269 IMAG.
2349 237 2422 252 —-
2457 208 2588 267 LIB.
2624 209 2718 268 ΙΙΙ,

3367 217 3508 277 “54

245 327 423 403 splia
448 324 503 381 in
527 322 881 381 saluberrima
907 322 1287 392 przedicatione
1325 321 1437 375 sive
1481 319 1827 390 cpistolarum
1855 320 1906 381 Α
1933 320 2200 375 suetudo?
2236 320 2321 375 vel
2359 328 2417 376 tu
2446 318 2738 377 fortissima
2756 321 2912 378 furiis
2937 321 3049 379 sive
3071 323 3279 382 cunctis
3302 325 3511 389 levibus

245 418 509 475 missione
533 414 789 477 divisuro,
842 412 1090 467 dicebat:
1134 408 1316 475 Saule,
1350 409 1543 476 Saule,
1583 409 1711 481 quid
1752 425 1834 462 me

241 498 569 581 persequeris
606 504 742 577 (Act.
775 502 898 576 ix)?
933 501 1051 557 Non
1100 488 1243 573 quod
1276 500 1365 555 ille
1395 500 1668 556 Christum
1711 513 1835 569 per-

242 610 569 673 sequeretur
594 599 649 654 in
682 596 919 653 aetheriis
941 596 1156 652 arcibus
1181 604 1513 667 regnantem,
1537 591 1627 648 sed
1651 591 1834 646 Eccle-

242 691 384 747 siam
411 690 523 763 jam
565 701 693 746 tunc
724 688 1071 760 pullulantem
1096 696 1149 743 et
1172 688 1225 742 in
1259 686 1416 756 hujus
1452 684 1632 741 szeculi
1657 682 1834 740 horri-

242 785 399 841 sonis
431 784 684 840 ﬁuctibus
719 786 1058 838 natitantem.
1089 780 1333 837 Christus
1361 795 1488 851 ergo
1526 779 1577 834 in
1608 792 1831 847 corpore

240 892 366 945 suo,
396 877 540 948 quod
584 883 669 930 est
712 875 973 939 Ecclesia,
1018 874 1178 929 etiam
1218 888 1359 928 nunc
1403 870 1832 942 persecutionem

240 970 499 1037 sustinet,
550 984 655 1023 non
703 969 919 1038 quidem
962 959 1344 1037 corporaliter,
1391 973 1451 1020 ut
1496 965 1695 1019 dudum
1730 978 1833 1035 pro

240 1062 432 1116 mundi
458 1061 649 1125 salute,
687 1060 782 1116 sed
819 1059 1049 1131 quadam
1078 1059 1295 1129 pietatis
1320 1057 1688 1122 miseratione,
1724 1071 1829 1127 qua

240 1170 469 1210 suorum
499 1153 883 1217 membrorum,
922 1151 975 1205 id
1002 1158 1102 1215 est,
1129 1150 1363 1205 ﬁdelium
1392 1149 1447 1203 in
1476 1150 1680 1203 unitate
1706 1165 1831 1203 san-

239 1256 343 1302 ctze
382 1247 637 1302 Ecclesiae
673 1246 1125 1301 commanentium
1172 1260 1383 1313 semper
1417 1243 1723 1309 miseretur,
1764 1240 1830 1296 de

239 1336 441 1407 quibus
473 1344 592 1391 erat
624 1336 713 1391 ille
738 1337 830 1405 qui
864 1335 1117 1389 dicebat:
1158 1332 1372 1389 Gaudeo
1410 1334 1464 1387 in
1500 1332 1829 1403 passionibus

238 1429 394 1494 meis,
422 1430 545 1500 quia
569 1428 748 1499 erpleo
776 1446 837 1484 ea
863 1446 979 1500 qua?
1000 1428 1185 1482 desunt
1222 1428 1523 1499 passionum
1551 1425 1744 1481 Christi
1773 1426 1830 1480 in

238 1535 402 1573 came
420 1537 536 1573 mea
560 1529 771 1591 propter
795 1536 980 1590 corpus
1007 1519 1120 1590 ejus
1156 1518 1296 1589 quod
1319 1528 1395 1571 est
1423 1514 1659 1570 Ecclesia
1691 1514 1710 1587 (
1730 1512 1831 1569 Co-

239 1610 368 1665 loss.
401 1611 474 1683 ι).
508 1611 657 1667 Hanc
686 1613 1007 1682 passionem,
1038 1628 1197 1683 quam
1242 1610 1487 1666 Christus
1525 1611 1579 1665 in
1626 1609 1827 1665 sanctis

1936 414 2297 471 incitamentis
2335 414 2552 471 inimica
2596 418 2897 487 patientia?
2930 417 3048 487 Quo
3093 419 3379 479 abieratis?
3406 439 3513 496 quo

1935 504 2331 573 discesseratis,
2375 523 2498 563 cum
2538 515 2647 563 tam
2692 508 2933 566 incautas
2968 519 3186 583 tamque
3230 528 3515 584 perversae

1935 596 2401 676 constitutionesa
2452 605 2526 652 tot
2572 600 2940 655 sacerdotibus
2979 602 3180 670 patrari
3227 602 3515 676 videretis,

1934 674 2056 771 cum
2093 687 2346 743 Ecclesia:
2386 696 2468 744 tot
2497 689 2898 746 anathematum
2927 691 3139 748 vincula
3167 692 3368 753 inferre

1932 778 2177 833 neretis?
2212 779 2321 836 Cur
2344 797 2447 835 non
2479 781 2659 836 saltim
2694 782 2748 839 in
2780 776 2989 840 duobus
3024 784 3107 840 vel
3133 786 3304 844 tribus
3333 787 3517 861 hospi-

1932 872 2066 927 tium
2104 873 2412 930 habuistis?
2447 874 2557 931 Cur
2584 892 2773 933 omnes
2801 878 3122 949 sprevistis?
3158 878 3268 936 Cur
3303 882 3517 943 cunctis

1932 973 2169 1020 vestram
2198 967 2496 1023 absentiam
2532 970 2943 1040 praesentastis?
2979 971 3090 1029 Cur
3123 988 3233 1028 non
3254 988 3399 1031 eosa
3434 981 3515 1035 tot

1932 1059 2276 1129 nugis,vestri
2302 1061 2684 1118 moderaminis
2723 1064 3127 1135 compcscuistis
3165 1065 3382 1123 fraznis?
3405 1067 3514 1125 Cur

1931 1164 2041 1203 non
2084 1165 2115 1204 a
2144 1157 2224 1205 tot
2258 1149 2625 1224 deliramentis
2651 1160 2842 1209 vestite
2879 1154 3157 1211 industrize
3199 1157 3515 1217 coercuistis

1931 1236 2198 1319 habenis?
2235 1238 2558 1296 Stimulante
2585 1258 2817 1314 namque
2840 1243 3098 1313 jactantia
3128 1246 3241 1303 sive
3277 1257 3515 1308 ventosa:

1931 1327 2106 1384 laudis
2131 1331 2387 1402 appetitu,
2414 1340 2468 1386 et
2492 1328 2793 1388 ministram
2818 1349 2990 1402 suam,
3010 1335 3130 1407 oris
3158 1336 3407 1395 videlicet
3430 1330 3517 1396 in;

1932 1424 2341 1491 continentiam,
2389 1434 2575 1480 contra
2620 1442 2717 1481 nos
2760 1437 3118 1498 pugnaturam
3167 1416 3519 1502 impellente,

1931 1530 2050 1586 qua:
2078 1518 2259 1572 omnia
2296 1525 2356 1572 ut
2382 1526 2576 1571 cetera
2601 1519 2865 1573 malorum
2904 1519 3140 1576 fomenta
3175 1538 3282 1577 non
3327 1522 3515 1579 incon-

1931 1619 2065 1676 grue
2100 1616 2299 1663 nostrae
2329 1607 2568 1678 legiones
2612 1619 2889 1677 respuunt,
2917 1611 2983 1665 ab
3009 1611 3089 1667 eis
3128 1613 3512 1681 abscessimus,

238 1703 354 1759 suis
374 1704 621 1769 sustinet,
638 1704 802 1759 David
825 1703 1201 1775 praeﬁgurabat
1226 1719 1347 1758 cum
1372 1704 1612 1758 dicebat:
1640 1702 1824 1756 Adhuc
1852 1690 1905 1751 Β
1927 1704 1982 1752 et
2002 1699 2142 1769 apud
2163 1715 2254 1755 eos
2278 1701 2493 1756 tandem
2517 1702 2776 1772 hospitari
2800 1704 3154 1774 nequivimus,
3171 1722 3304 1776 quos
3323 1708 3513 1765 talium

238 1790 425 1848 ludam
453 1804 500 1849 et
529 1796 680 1851 vilior
703 1796 958 1867 apparebo
998 1794 1086 1867 (II
1112 1794 1240 1867 Reg.
1272 1794 1377 1867 vi),
1419 1796 1543 1867 quia
1592 1795 1718 1850 dum
1768 1809 1826 1849 se

237 1888 535 1943 humilians
578 1894 746 1957 usque
790 1889 857 1943 ad
905 1898 1133 1943 mortem
1182 1888 1250 1942 ad
1296 1888 1474 1942 crucis
1518 1887 1826 1958 perveniret

235 1979 582 2049 mysterium,
609 1987 662 2033 et
698 1995 730 2033 a
764 1994 1053 2050 synagoga,
1093 1994 1212 2049 qua:
1250 1977 1452 2033 sterilis
1487 1992 1554 2032 ex
1581 1987 1709 2033 tune
1739 1990 1826 2031 re—

236 2069 462 2135 mansit,
492 2070 877 2142 despiceretur,
912 2070 963 2123 in
990 2069 1186 2124 sudore
1230 2068 1526 2138 sanguineo
1556 2069 1825 2124 membro-

236 2174 360 2214 rum
405 2176 625 2215 suorum
660 2163 937 2231 passiones
961 2160 1276 2217 ostendebat
1321 2176 1439 2216 esse
1482 2159 1709 2228 futuras,
1760 2176 1826 2217 ac

235 2260 430 2308 contra
490 2253 744 2310 Ecclesiae
794 2253 1090 2309 exhibitam
1145 2253 1607 2310 honoriﬁcentiam
1670 2271 1823 2311 suam

234 2359 355 2400 esse
393 2354 621 2401 testatur
645 2364 766 2402 cum
805 2347 971 2403 dicit:
1015 2346 1118 2414 Qui
1149 2366 1235 2403 vos
1265 2350 1475 2419 recipit,
1522 2366 1603 2404 me
1644 2352 1825 2422 recipit

237 2434 455 2507 (Matth.
482 2435 561 2507 ι).
590 2439 677 2506 Ει,
713 2438 959 2504 Quandiu
994 2440 1189 2510 fecistis
1216 2441 1307 2494 uni
1339 2442 1401 2495 de
1428 2443 1655 2497 minimis
1685 2444 1818 2508 istis,

236 2529 366 2582 mihi
387 2529 582 2598 fecistis
607 2531 818 2603 (Matth.
837 2531 985 2605 xxv).
1007 2531 1064 2586 Si
1086 2548 1215 2604 ergo
1241 2532 1313 2588 illi
1345 2532 1411 2590 de
1431 2535 1627 2605 quibus
1644 2550 1822 2590 sermo

233 2633 339 2691 est,
367 2629 646 2683 custodem
683 2629 959 2697 virtutum,
988 2632 1303 2705 magistram
1332 2636 1620 2702 bonorum,
1649 2637 1826 2693 humi-

232 2716 442 2774 litatem
466 2721 936 2792 amplecterentur,
973 2740 1073 2780 nec
1100 2741 1295 2795 corpus
1313 2726 1536 2793 Christi,
1568 2730 1709 2797 quod
1738 2738 1824 2786 est

233 2803 496 2873 Ecclesia,
533 2809 992 2880 impudentissime
1035 2812 1489 2870 anathematizare
1528 2822 1820 2883 tentarent,

234 2913 337 2953 nec
363 2899 433 2953 ob
458 2915 568 2955 sua:
613 2900 721 2955 imo
751 2917 901 2956 vanm
932 2903 1104 2957 laudis
1150 2904 1440 2973 appetitum
1476 2919 1578 2978 pro
1614 2920 1673 2961 re
1709 2916 1822 2963 tam

234 2988 415 3045 inutili
452 2999 669 3062 tamque
699 2989 989 3047 inofﬁciosa
1016 2995 1279 3065 synodum
1308 3003 1681 3068 aggregarent.

837 3129 1064 3186 CAPUT
1102 3131 1216 3186 Χιι.

236 3218 397 3295 Quod
420 3237 617 3295 magno
634 3237 718 3295 es:
760 3231 908 3291 parte
951 3224 1405 3295 mansuetudinem
1433 3230 1485 3278 et
1508 3225 1817 3295 patientiam

306 3292 590 3415 pbjecer‘int
625 3294 681 3348 in
719 3310 822 3348 non
848 3294 1155 3348 continendo
1185 3312 1242 3349 os
1266 3312 1423 3349 suum
1445 3305 1492 3349 et
1510 3292 1818 3350 inordinate

331 3380 494 3433 oquen
536 3381 585 3417 ο.

306 3454 607 3526 Aggregata
637 3454 799 3525 igitur
820 3456 1023 3528 synodo
1049 3454 1093 3510 si
1117 3456 1170 3510 in
1196 3472 1258 3512 ea
1285 3456 1649 3513 ecclesiastico
1670 3470 1817 3511 more

233 3548 495 3620 egissent,
525 3564 611 3603 res
648 3548 979 3603 necessarias
1004 3557 1059 3603 et
1089 3548 1333 3604 ﬁdelibus
1360 3547 1672 3621 profuturas
1695 3564 1819 3619 pcr-

236 3647 555 3703 tractantes,
586 3654 771 3695 omnes
800 3655 990 3695 vocum
1013 3640 1279 3695 novitates
1305 3648 1357 3695 et
1382 3640 1712 3696 inordinatas
1741 3640 1820 3696 lo-

234 3732 517 3788 cutionum
552 3731 755 3786 nrenias
796 3731 1081 3798 evitarent,
1115 3742 1169 3787 et
1210 3733 1599 3788 mediocritatis
1629 3731 1818 3787 callem

236 3831 487 3879 tenentes
518 3838 695 3892 neque
744 3823 810 3877 ab
855 3822 1164 3893 apostolicis
1202 3822 1495 3889 doctrinis,
1541 3838 1717 3895 neque
1750 3822 1833 3891 ab

234 3915 583 3984 antiquarum
619 3913 943 3985 synodorum
974 3914 1400 3969 institutionibus
1445 3914 1816 3981 dissentirent,

232 4006 330 4063 Sed
376 4007 648 4085 patientia:
695 4013 749 4061 et
792 4006 1215 4062 mansuetudinis
1258 4008 1589 4063 ornamentis
1619 4007 1815 4075 ornati,

232 4112 578 4169 nequaquam
598 4096 838 4153 dicentes
860 4099 1058 4153 bonum
1081 4098 1283 4153 malum
1302 4107 1356 4155 et
1378 4100 1576 4154 malum
1597 4098 1816 4168 bonum,

233 4204 499 4267 ponentes
524 4210 765 4250 amarum
790 4193 943 4249 dulce
964 4201 1019 4247 et
1043 4192 1197 4249 dulce
1219 4209 1482 4258 amarum,
1506 4194 1821 4264 prophetico

232 4287 477 4345 sermoni
506 4288 833 4343 contrairent
858 4305 872 4354 ;
900 4295 954 4342 et
983 4302 1045 4341 ea
1065 4302 1184 4357 quae
1205 4287 1511 4343 necessario
1536 4272 1819 4342 statuenda

233 4390 394 4438 erant
416 4380 709 4450 prudenter
741 4386 1056 4441 statuerent,
1081 4386 1135 4432 et
1158 4392 1277 4448 qua:
1296 4377 1519 4432 dicenda
1540 4376 1823 4448 diligenter

1922 1805 2173 1854 (errorum
2202 1792 2518 1848 tumultibus
2546 1793 2764 1857 invasos
2785 1810 2904 1850 esse
2936 1797 3314 1867 comperimus.
3353 1799 3527 1858 Nulla.

1928 1884 2071 1939 enim
2112 1892 2195 1940 est
2220 1885 2449 1941 societas
2474 1886 2578 1941 luci
2609 1898 2661 1942 et
2691 1887 2945 1954 tenebris,
2974 1905 3073 1944 nec
3098 1890 3342 1959 quaedam
3365 1906 3514 1948 com-

1927 1978 2221 2033 municatio
2246 1978 2445 2034 Christi
2472 1988 2525 2035 et
2550 1978 2735 2046 Belial,
2760 1981 3034 2051 quoniam,
3054 1978 3211 2050 juxta
3236 1981 3513 2052 cujusdam

1928 2068 2184 2137 sapientis
2215 2071 2558 2135 sententiam,
2603 2069 2823 2138 spiritus
2864 2070 2979 2137 Dei,
3013 2073 3102 2142 qui
3128 2074 3315 2144 utique
3342 2073 3515 2134 nostri

1927 2162 2197 2217 exercitus
2240 2162 2344 2217 dux
2378 2170 2488 2227 est,
2531 2161 2750 2233 eil‘ugiet
2778 2162 2993 2227 ﬁctum,
3025 2180 3133 2219 non
3158 2165 3422 2221 habitabit
3456 2168 3513 2223 in

1927 2268 2152 2324 corpore
2180 2254 2393 2309 subdito
2434 2255 2689 2326 peccatis.
2736 2254 2853 2309 Non
2899 2256 3043 2310 enim
3088 2272 3188 2312 nos
3232 2256 3286 2312 in
3333 2258 3513 2316 medio

1926 2344 2062 2413 ejus,
2094 2361 2196 2401 nec
2225 2345 2312 2401 ille
2346 2345 2398 2399 in
2433 2345 2611 2401 medio
2644 2347 2814 2402 nostri
2846 2348 3107 2403 habitavit
3136 2350 3229 2419 qui
3257 2350 3383 2407 facit
3422 2368 3485 2407 su

1922 2436 2187 2507 perbiam.
2217 2435 2499 2505 Quoniam,
2522 2445 2677 2506 juxta
2705 2439 2867 2493 verba
2886 2436 3011 2495 Jesu
3039 2438 3133 2494 ﬁlii
3160 2439 3369 2505 Sirach,
3394 2442 3513 2496 adt"

1926 2529 2044 2585 bilis
2078 2547 2253 2586 coram
2282 2531 2392 2585 Deo
2427 2541 2475 2585 et
2515 2532 2808 2586 hominibus
2844 2532 3117 2602 superbia,
3153 2542 3203 2588 et
3233 2551 3511 2608 synagogte

1923 2624 2262 2697 superborum
2290 2642 2394 2679 non
2419 2625 2516 2678 erit
2546 2626 2785 2679 sanitas:
2821 2626 2998 2697 frutex
3034 2625 3172 2681 enim
3196 2628 3393 2698 peccati
3424 2646 3513 2684 ra-

1923 2716 2186 2772 dicabitur
2218 2718 2272 2771 in
2302 2716 2409 2771 illis
2453 2715 2666 2789 (Eccli.,
2701 2715 2843 2789 xui).
2876 2716 3050 2773 Tanto
3076 2720 3218 2773 enim
3244 2719 3299 2773 in
3320 2734 3510 2776 eorum

1922 2812 2129 2882 synodo
2150 2809 2409 2880 discipula
2432 2810 2715 2880 superbiae,
2738 2810 2850 2865 oris
2871 2810 3076 2867 scilicet
3099 2811 3508 2880 incontinentia,

1922 2903 2111 2973 viguit,
2141 2912 2343 2973 quanto
2363 2901 2626 2957 modestia
2651 2902 2764 2957 sive
2785 2902 3071 2972 prudentia
3099 2902 3281 2974 vigere
3303 2905 3510 2973 debuit,

1924 3003 1979 3050 et
2001 2994 2152 3065 cujus
2180 3011 2280 3053 nec
2301 3005 2541 3053 extrema
2552 2998 2778 3069 .quidem
2809 3014 3001 3054 manus
3036 2999 3090 3053 in
3122 2999 3216 3054 tali
3241 3009 3365 3057 actu
3389 3001 3515 3059 duci

1840 3072 1897 3139 α
1919 3085 2123 3154 debuit,
2174 3088 2565 3160 principatum,
2616 3091 2756 3160 proh
2800 3090 2982 3145 dolor!
3038 3092 3241 3159 tenuit;
3289 3101 3343 3148 et
3391 3109 3517 3165 quas

1916 3180 2279 3252 principatum
2319 3189 2500 3236 tenere
2526 3181 2726 3247 debuit,
2751 3198 2851 3237 nec
2881 3188 3125 3238 extrema
3150 3182 3367 3253 quidem
3397 3184 3514 3253 ejus

1919 3289 2112 3328 manus
2151 3273 2362 3329 ilorum
2395 3275 2625 3329 coetibus
2654 3273 2920 3329 interfuit.
2966 3273 3082 3329 Tuo
3109 3274 3293 3344 itaque
3320 3275 3515 3331 instin-

1920 3372 2030 3429 ctu,
2061 3380 2094 3419 ο
2120 3365 2509 3419 incontinentia
2549 3366 2679 3429 oris,
2719 3380 2839 3434 quae
2876 3380 3093 3435 gressus
3135 3365 3416 3420 hominum
3452 3365 3511 3419 in

1920 3464 2067 3511 terra
2104 3455 2399 3510 viventium
2446 3456 2604 3526 dirigi
2651 3457 2926 3526 prohibes,
2966 3458 3179 3512 dicente
3220 3456 3508 3526 Propheta,

1934 3543 2025 3600 Vir
2036 3545 2307 3618 linguosus
2322 3564 2423 3602 non
2436 3546 2855 3620 dirigetursuper
2866 3557 3061 3604 terram
3076 3547 3247 3622 (Psal.
3262 3550 3513 3621 cum),

1920 3646 1977 3694 et
2007 3637 2160 3709 cujus
2186 3641 2313 3693 anni
2342 3640 2423 3695 sui
2447 3650 2728 3711 peccatum
2754 3633 2860 3696 non
2884 3640 3052 3706 deest,
3070 3640 3227 3710 juxta
3248 3641 3399 3708 illud,
3422 3641 3514 3699 Ea:

1920 3728 2250 3802 multiloquio
2280 3747 2382 3785 non
2409 3732 2626 3802 e/fugies
2651 3741 2939 3804 peccatum,
2968 3747 3188 3802 parcens
3224 3742 3398 3788 autem
3425 3731 3512 3788 la-

1923 3819 2020 3874 biis
2044 3820 2247 3890 sapiens
2270 3820 2371 3874 eris
2396 3810 2578 3891 (Prov.
2605 3820 2682 3893 x),
2708 3829 2763 3877 et
2782 3836 2882 3891 per
2899 3837 3060 3893 quam
3082 3822 3262 3878 anima
3277 3823 3509 3892 laeditur,

1918 3909 2067 3983 juxta
2093 3911 2349 3982 sapientis
2370 3928 2555 3968 vocem
2581 3913 2825 3979 dicentis,
2868 3913 2974 3981 Qui
2997 3914 3177 3972 multis
3204 3917 3371 3973 utitur
3389 3933 3508 3973 ver-

1924 3994 2021 4069 bis,
2050 4002 2194 4058 lwdtt
2221 4004 2453 4057 animam
2474 4020 2627 4058 suam
2659 4004 2851 4077 (Eccli.
2880 4005 2997 4079 xx),
3039 4014 3097 4062 et
3131 4021 3253 4079 qua:
3280 4024 3389 4065 non
3415 4022 3508 4065 so-

1922 4097 2034 4153 lum
2066 4099 2390 4169 respondere
2415 4106 2701 4169 antequam
2738 4101 2949 4171 audias,
2975 4116 3168 4158 verum
3194 4103 3357 4163 etiam
3389 4119 3516 4160 sana-

1924 4203 2067 4251 ctam
2088 4192 2384 4249 Ecclesiam
2404 4192 2885 4261 anathematizare,
2903 4202 3192 4268 antequam
3212 4196 3517 4265 alloquetur

1923 4295 2047 4342 tuos
2072 4299 2349 4357 sequaces,
2377 4286 2671 4357 compellis,
2704 4283 2859 4356 juxta
2888 4288 3053 4355 illud,
3106 4287 3211 4355 Qui
3240 4289 3515 4361 respondet

1923 4377 2134 4432 uerbum
2165 4378 2472 4448 priusquam
2504 4377 2708 4451 audiat,
2740 4376 2965 4434 stultitia
3002 4386 3078 4433 est
3106 4378 3208 4444 illi,
3246 4387 3297 4434 ct
3325 4395 3514 4450 oppro-

234 4470 501 4535 dicerent,
530 4477 585 4523 et
612 4479 793 4540 spreto
817 4484 1148 4540 supervacuo
1165 4476 1221 4524 et
1242 4468 1668 4524 extraordinario
1692 4485 1821 4525 ana-
1841 4459 1907 4524 Β
1925 4473 2095 4528 brium
2118 4470 2300 4544 (Prov.
2333 4469 2514 4544 xvrn),
2548 4479 2603 4529 te
2639 4483 2865 4544 urgente
2905 4473 2980 4529 ita
3004 4472 3225 4543 penitus
3262 4481 3513 4537 Wmm

235 4563 499 4631 themate,
528 4577 616 4619 res
638 4563 797 4618 utiles
838 4563 1189 4632 perducerent
1210 4603 1225 4627 ,
1256 4576 1344 4618 res
1379 4562 1523 4617 vero‘
1542 4561 1825 4633 ambiguas

233 4665 335 4712 aut
363 4665 513 4711 certe
539 4655 755 4710 inutiles
776 4654 988 4711 silentio
1023 4653 1333 4720 multarent,
1359 4662 1412 4709 et
1434 4662 1631 4710 nostra;
1651 4654 1823 4727 partis

236 4751 357 4809 sive
381 4758 699 4805 cacterarum
730 4748 913 4803 mundi
944 4748 1174 4817 partium
1207 4745 1462 4803 Ecclesia:
1493 4762 1676 4803 eorum
1714 4755 1824 4802 sta-

235 4843 376 4899 tutis
392 4849 665 4915 parerent.
691 4838 797 4895 Sed
824 4839 1077 4909 quoniam
1102 4837 1428 4908 impossibile
1447 4845 1530 4894 est
1552 4849 1606 4894 et
1635 4855 1823 4895 eorum

234 4933 461 4989 statutis
492 4947 771 4986 assensum
796 4931 1035 5001 pnebere
1070 4938 1124 4984 et
1160 4929 1395 5000 antiquis
1420 4939 1635 5000 patrum
1664 4930 1822 4986 insti-

237 5024 544 5080 tutionibus
564 5038 913 5094 parere,cum
938 5020 1185 5077 videlicet
1211 5020 1353 5074 inter
1375 5035 1431 5075 se
1453 5020 1663 5075 diversa
1693 5021 1821 5087 sint,

239 5126 300 5174 et
325 5126 586 5187 quantum
614 5115 704 5170 lux
740 5113 995 5181 tenebris,
1022 5115 1134 5167 vita
1163 5122 1355 5178 morte,
1386 5113 1521 5168 visio
1561 5114 1822 5182 caecitate,

238 5209 489 5283 probitas
541 5207 912 5278 improbitate,
962 5205 1170 5276 paritas
1227 5203 1566 5274 impuritate,
1622 5204 1826 5259 sanitas

240 5302 583 5378 aegritudine,
617 5308 822 5355 tantum
857 5314 1047 5354 eorum
1081 5297 1324 5352 instituta
1349 5314 1378 5351 a
1406 5305 1708 5351 sanctorum
1732 5311 1827 5366 pa—

243 5404 393 5452 trum
431 5395 690 5450 institutis
719 5393 938 5460 distent,
973 5393 1193 5457 idcirco,
1218 5392 1573 5447 deterioribus
1601 5391 1822 5461 spretis,

239 5488 548 5562 potioribus
581 5488 815 5541 contenti
852 5501 1055 5551 sumus,
1090 5492 1143 5537 et
1186 5483 1509 5553 contemptis
1548 5481 1827 5537 fallacibus

242 5579 583 5637 diverticulis
609 5586 815 5634 certum
851 5594 916 5633 ac
952 5577 1153 5648 regium
1184 5576 1454 5629 tramitem
1486 5585 1667 5631 tenere
1691 5574 1829 5629 desi-

244 5675 523 5739 deramus.
563 5670 687 5740 Ubi,
725 5685 936 5743 quaeso,
989 5667 1433 5743 przestantissima
1475 5667 1645 5724 virtus
1679 5682 1829 5724 man-

1924 4566 2161 4621 abnuere
2204 4564 2535 4621 consortium
2552 4605 2569 4632 ,
2619 4573 2683 4620 ut
2724 4572 2911 4621 nostra
2939 4566 3168 4625 societas
3218 4564 3277 4623 in
3321 4580 3513 4631 eorum

1923 4654 2199 4711 mentibus
2235 4668 2338 4710 nec
2367 4653 2485 4711 leve
2520 4653 2740 4725 quidem
2778 4663 2962 4726 posset
2996 4654 3306 4726 imprimere
3346 4655 3515 4713 vesti-

1924 4747 2092 4820 gium.
2123 4746 2234 4804 Nos
2261 4748 2408 4804 enim
2433 4748 2584 4819 sequi
2605 4748 2769 4804 decor
2787 4748 2919 4804 vitae
2935 4755 3039 4815 est,
3063 4755 3120 4803 et
3138 4763 3236 4804 nos
3254 4761 3519 4818 spernere

1924 4853 2080 4897 error
2105 4839 2350 4906 insaniat,
2378 4846 2436 4897 et
2460 4840 2752 4896 secundum
2779 4839 3051 4911 magistra:
3073 4848 3272 4901 nostra:
3300 4839 3514 4910 sapien-

1924 4935 2015 4990 tia:
2029 4948 2239 4999 vocem,
2257 4931 2448 4987 Exitus
2474 4932 2638 4988 nostri
2658 4931 2828 4986 exitus
2848 4932 2965 4986 vita:
2984 4940 3105 4987 sunt
3122 4929 3313 5005 (Eccli.
3333 4930 3512 5003 ων).

1924 5024 2041 5081 Nisi
2064 5026 2210 5081 enim
2246 5022 2522 5095 legislator
2565 5031 2876 5078 nostrorum
2924 5022 3255 5083 monitorum
3305 5033 3518 5090 sequax.

1926 5117 2138 5184 fuisset,
2156 5124 2211 5172 et
2232 5116 2406 5171 nostri
2425 5114 2814 5172 moderaminis
2834 5114 3145 5172 retinaculis
3164 5128 3383 5185 gressus
3400 5127 3515 5177 sum

1928 5210 2125 5265 mentis
2170 5221 2442 5264 connexos
2482 5207 2778 5274 habuisset,
2826 5208 3036 5263 dicente
3080 5206 3399 5276 Scriptura:
3439 5205 3513 5261 Et

1928 5310 2041 5356 erat
2086 5298 2293 5370 Moyses
2335 5306 2638 5352 mansuetus
2675 5314 2784 5369 pra:
2813 5298 3049 5352 omnibus
3078 5295 3393 5361 hominibus,
3418 5294 3512 5367 qui

1929 5400 2051 5446 sunt
2090 5405 2246 5461 super
2281 5397 2493 5455 terram,
2525 5403 2865 5459 nequaquam
2890 5391 3144 5443 tantoties
3170 5386 3365 5442 divinis
3385 5384 3513 5441 allo-

1932 5480 2071 5551 quiis
2094 5478 2380 5543 frueretur,
2400 5493 2573 5548 neque
2596 5487 2675 5533 tot
2686 5478 3064 5550 mysteriorum
3086 5478 3317 5544 arcanis,
3337 5474 3515 5530 Domi-

1932 5588 2005 5627 no
2022 5572 2347 5636 insinuante,
2376 5571 2725 5635 imbueretur,
2746 5585 2845 5625 nec
2862 5570 2928 5625 de
2947 5586 3014 5626 eo
3034 5570 3101 5624 ab
3122 5569 3311 5625 eodem
3331 5580 3513 5621 rerum

1934 5663 2175 5723 omnium
2208 5663 2437 5720 Domino
2457 5662 2761 5729 diceretur:
2793 5662 2859 5725 At
2888 5680 2990 5719 non
3010 5664 3142 5717 sicut
3168 5674 3345 5717 servus
3370 5670 3517 5717 meus
