4016 6292
504 250 640 313 1155

1381 250 1450 308 Β.’
1481 246 1734 309 CAROLI
1771 245 1989 305 MAGNI
2024 242 2177 302 OPP.
2219 241 2403 300 PARS
2438 244 2503 301 Il.
2547 243 2789 303 SECTIO
2830 246 2893 303 II.

3626 250 3785 307 1156

404 372 417 381 ‘
504 367 731 439 Moyses,
763 365 833 422 ad
855 380 1007 439 quem
1041 364 1226 437 loquor
1254 362 1389 434 facie
1435 363 1506 418 ad
1531 363 1739 435 faciem,
1776 362 1909 416 sicut
1936 356 2079 430 loqui
2106 358 2160 421 Α
2181 356 2266 412 nsi
2289 366 2435 425 sunt,
2465 358 2552 414 his
2591 360 2770 416 verbis
2797 359 3081 417 Psalmista
3121 375 3180 418 se
3205 363 3504 419 coercitum
3528 379 3655 422 esse
3685 364 3790 421 de-

502 461 631 518 solet
672 462 825 517 homo
854 460 924 515 ad
965 460 1190 515 amicum
1226 473 1381 512 suum
1421 456 1621 529 (Num.
1646 455 1777 529 xu).
1803 456 2085 512 Patientia:

501 551 690 623 itaque
733 558 787 609 et
833 548 1258 605 mansuetudinis
1299 548 1472 602 virtus
1513 555 1569 602 et
1608 545 1829 603 abillis
1862 561 2086 616 prorsus

502 644 712 716 abjecta
741 657 859 700 esse
899 643 1230 713 perhibetur,
1266 642 1357 711 qui
1384 655 1603 713 pessum
1631 648 1687 697 et
1714 640 2086 697 extraordina-

501 737 585 793 rie
606 737 671 793 ad
703 734 1023 791 catholicam
1043 731 1343 789 Ecclesiam
1366 732 1929 788 anathematizandam
1954 746 2083 803 syn-

501 827 667 885 odum
708 838 999 897 aggregare
1027 822 1131 879 nisi
1168 830 1314 891 sunt,
1341 830 1397 879 et
1419 839 1537 879 eam
1566 839 1686 895 quae
1712 823 2087 880 benedictione

498 922 757 990 perpetua
799 913 1083 970 benedicta
1120 920 1221 978 est,
1254 912 1576 969 maledicere
1622 912 1828 969 insanis
1864 912 2087 967 ausibus

499 1009 681 1066 conati
715 1013 861 1074 sunt,
898 1014 954 1062 et
999 1021 1032 1062 a
1067 1003 1223 1061 nobis
1275 1003 1402 1060 ﬁdei
1429 1004 1651 1061 brachio
1700 1011 1756 1059 et
1782 1002 2085 1059 dilectionis

496 1116 662 1158 manu
681 1109 736 1157 et
762 1099 943 1157 cordis
965 1098 1217 1170 amplexu
1243 1098 1420 1154 modis
1447 1098 1700 1153 omnibus
1728 1103 1811 1152 est
1839 1094 2080 1150 adeunda

495 1202 553 1250 et
582 1194 851 1265 perpetim
898 1191 1201 1248 retinenda.
1240 1189 1333 1245 Ait
1361 1191 1508 1245 enim
1533 1189 1819 1245 Psalmista
1848 1204 1864 1242 :
1897 1187 2081 1243 Dulcis

493 1294 545 1342 et
571 1292 875 1340 mansuetus
903 1283 1191 1350 Dominus,
1220 1291 1430 1354 propter
1455 1282 1552 1336 hoc
1582 1281 1744 1353 legem
1774 1280 1957 1335 statuit
1991 1279 2085 1334 de-

493 1375 848 1449 linquentibus
894 1377 952 1431 in
985 1377 1106 1430 via:
1135 1375 1315 1446 dirigit
1347 1376 1497 1429 mites
1533 1375 1587 1427 in
1620 1373 1849 1445 judicio,
1881 1372 2083 1427 docebit

492 1476 792 1523 mansuetos
822 1467 933 1523 vias
962 1484 1086 1521 suas
1110 1464 1282 1537 (Psal.
1309 1464 1482 1537 xxxv).
1515 1464 1667 1521 Unde
1696 1465 1855 1521 datur
1888 1463 2085 1518 intelli-

492 1560 568 1632 gi,
598 1560 742 1631 quod
760 1560 854 1630 qui
879 1558 1147 1614 mansueti
1177 1557 1390 1621 Domini
1417 1572 1619 1628 sequax
1641 1572 1763 1613 esse
1790 1555 2080 1623 desiderat,

2184 458 2399 507 cantat:
2423 450 2570 518 Dixi,
2615 450 2921 507 Custodiam
2948 454 3057 508 vias
3080 470 3225 509 meas
3253 463 3311 508 ut
3334 471 3439 509 non
3469 455 3785 527 delinquat-

2182 546 2241 601 in
2266 545 2447 619 lingua
2468 563 2605 614 mea,
2627 547 2779 619 posui
2798 548 2880 602 ori
2900 564 3013 603 meo
3029 548 3324 603 custodiam
3347 548 3523 621 (Psal.
3548 548 3783 620 XXXIX);

2181 643 2241 692 et
2267 644 2328 692 ut
2345 638 2586 695 coerceri
2608 637 2715 693 rite
2744 638 2943 706 valeat,
2972 639 3059 694 his
3086 638 3337 711 precibus
3358 640 3652 695 Dominum
3683 640 3786 694 ἰωι

2181 730 2398 804 plorare
2429 732 2735 787 contendit:
2759 731 2927 800 Pone,
2949 733 3194 801 Domine,
3217 735 3508 789 custodiam
3537 751 3619 787 on
3640 750 3781 799 meo,

2182 831 2235 880 et
2282 826 2472 881 ostium
2516 826 2925 880 circumstantia:
2956 825 3109 882 labiis
3139 829 3298 894 meis,
3326 837 3382 883 ut
3414 844 3519 881 non
3550 826 3785 881 declines

2182 932 2276 971 cor
2295 933 2467 971 meum
2494 917 2551 972 in
2574 916 2728 972 verba
2757 916 2974 973 malitia:
2999 917 3173 989 (Psal.
3200 920 3368 991 cm).
3408 918 3465 973 Si
3500 933 3637 991 ergo
3663 933 3782 973 om-

2181 1008 2275 1064 nia
2301 1000 2422 1079 quae
2450 1024 2548 1081 per
2576 1009 2900 1080 patientiam
2928 1019 2984 1064 et
3010 1010 3479 1065 mansuetudinem
3514 1025 3547 1064 a
3575 1008 3782 1065 sanctis

2181 1102 2427 1172 patribus
2452 1101 2565 1157 sive
2586 1101 2643 1155 in
2652 1100 2855 1166 Veteri,
2874 1101 2988 1157 sive
3000 1100 3059 1156 in
3079 1099 3230 1157 Novo
3251 1101 3607 1157 Testamento
3627 1107 3780 1172 gesta

2181 1199 2311 1249 sunt
2347 1183 2773 1257 innumeremus,
2825 1200 2881 1247 et
2921 1207 2953 1247 e
2997 1192 3269 1248 contrario
3298 1208 3418 1263 quae
3451 1194 3556 1262 per
3589 1207 3780 1263 super-

2180 1284 2329 1343 biam
2366 1284 2480 1341 sive
2520 1286 2635 1342 oris
2664 1285 3116 1341 incontinentiam
3145 1302 3177 1340 a
3212 1285 3445 1357 perditis
3472 1286 3783 1356 quibusque

2181 1386 2489 1450 perpetrata
2525 1386 2671 1444 sunt,
2710 1378 2922 1435 edicere
2961 1392 3234 1444 curemus,
3280 1385 3338 1432 et
3386 1376 3592 1446 quibus
3630 1374 3783 1431 testi-

2180 1466 2380 1523 moniis
2407 1465 2514 1523 hoc
2537 1467 2728 1522 vitium
2755 1467 3125 1538 perhibeatur,
3152 1482 3261 1522 non
3294 1465 3473 1521 dicam
3497 1466 3663 1521 unius
3691 1482 3782 1520 ca-

2180 1556 2357 1626 pituli,
2385 1557 2482 1614 sed
2509 1572 2611 1613 nec
2652 1556 2872 1627 quidem
2912 1558 3073 1613 unius
3098 1557 3225 1612 libri
3254 1562 3437 1611 textus
3461 1563 3661 1611 cuncta
3684 1570 3780 1625 po-

491 1651 962 1706 mansuetudinem
1005 1666 1114 1706 non
1144 1649 1303 1706 debet
1349 1664 1623 1720 spernere,
1672 1648 1768 1705 sed
1795 1656 1855 1704 ut
1885 1648 1951 1704 de
1977 1647 2081 1703 viis
2108 1716 2146 1720 _
2184 1647 2313 1702 terit
2335 1648 2631 1704 continere.
2656 1647 2812 1704 Nunc
2835 1655 3020 1703 autem
3046 1647 3365 1703 monstratis
3388 1661 3461 1701 ex
3477 1654 3637 1716 parte
3657 1660 3775 1714 quae

491 1742 707 1802 Domini
738 1744 1015 1811 doceatur,
1044 1758 1165 1800 eam
1199 1743 1251 1798 ei
1275 1716 1528 1799 convenit
1551 1742 1822 1813 amplecti.
1860 1743 1919 1797 In
1947 1741 2080 1801 Pro-
2105 1716 2159 1779 Β
2183 1741 2415 1812 egerint,
2450 1755 2637 1811 quaeve
2665 1755 2828 1811 agere
2866 1740 3169 1805 debuerint,
3195 1745 3252 1794 et
3277 1738 3501 1793 illomm
3526 1737 3688 1807 nugis
3712 1752 3778 1792 ex

490 1836 697 1892 verbiis
742 1851 959 1906 quoque
991 1834 1290 1891 scribitur:
1323 1833 1630 1889 Mansuetus
1669 1834 1748 1888 vir
1775 1833 1947 1889 cordis
1973 1850 2082 1889 me-
2178 1839 2334 1901 parte
2367 1831 2646 1898 discussis,
2680 1830 2750 1887 ad
2794 1830 2899 1887 alia
2929 1847 3049 1903 qua:
3095 1830 3224 1886 huic
3267 1829 3424 1901 operi
3471 1828 3777 1885 necessaria

496 1927 647 1983 dicus
677 1936 749 1982 est
780 1944 799 1982 :
828 1927 969 1982 tinea
1007 1935 1183 1981 autem
1213 1926 1415 1981 ossibus
1457 1941 1550 1980 cor
1574 1924 1867 1998 intelligens
1896 1925 2079 2000 (Prov.

490 2020 629 2093 xvi).
657 2020 789 2075 Item
817 2019 891 2076 ibi
916 2035 931 2074 :
961 2019 1153 2075 Melior
1179 2029 1254 2075 est
1280 2028 1582 2076 mansuetus
1627 2038 1744 2075 cum
1769 2021 2081 2089 humilitate,

490 2129 648 2186 quam
673 2114 760 2185 qui
781 2113 965 2167 dividit
989 2114 1224 2179 praedam
1246 2130 1363 2168 cum
1394 2113 1797 2169 contumeliosis.
1821 2113 1881 2169 In
1898 2113 2087 2171 Eccle-

489 2208 711 2264 siastico
733 2221 949 2278 quoque
976 2205 1177 2278 legitur
1206 2224 1220 2260 :
1252 2204 1384 2274 Fili,
1414 2208 1472 2261 in
1501 2210 1902 2263 mansuetudine
1928 2227 2087 2281 opera

381 2349 399 2365 ,
490 2308 583 2352 tua
608 2297 817 2368 perﬁce,
846 2306 894 2352 et
934 2296 999 2350 ab
1034 2297 1177 2351 omni
1220 2297 1428 2351 homine
1458 2297 1673 2370 diligere
1700 2298 1891 2371 (Eccli.
1928 2299 2078 2372 xm).

488 2387 625 2442 Item
647 2386 739 2442 ubi
767 2402 929 2457 supra
963 2400 979 2440 :
1009 2385 1140 2441 Esto
1185 2397 1490 2442 mansuetus
1517 2389 1586 2443 ad
1622 2390 1943 2445 audiendum
1979 2408 2086 2446 ver-

491 2476 635 2544 bum,
658 2486 716 2531 ut
737 2476 1018 2548 intelligas,
1046 2486 1095 2532 et
1119 2493 1235 2531 cum
1265 2478 1524 2549 sapientia
1550 2478 1759 2549 loquere
1782 2498 2086 2553 responsum

488 2585 668 2625 verum
710 2569 902 2640 (Eceli.
939 2570 1018 2643 v).
1071 2569 1208 2625 Nam
1248 2578 1303 2627 et
1333 2571 1625 2643 prmfectus
1649 2573 1806 2631 Jesus
1835 2576 1977 2632 ﬁlius
2002 2576 2088 2631 Si-

488 2664 625 2720 rach
646 2664 722 2719 ita
744 2664 986 2719 intonat:
1007 2662 1139 2732 Fili,
1169 2666 1226 2721 in
1250 2667 1652 2722 mansuetudine
1678 2686 1827 2724 serva
1852 2670 2087 2725 animam

487 2765 661 2822 tuam,
697 2764 747 2810 et
768 2756 838 2810 da
880 2755 963 2810 illi
991 2757 1243 2812 honorem
1278 2758 1565 2813 secundum
1597 2760 1903 2831 dignitatem
1933 2779 2087 2817 suam

487 2844 684 2918 (Eccli.
729 2845 809 2920 ι).
858 2844 1057 2903 Doctor
1097 2849 1281 2920 itaque
1325 2851 1565 2921 gentium
1617 2852 1693 2907 ita
1722 2854 1791 2909 ad
1824 2854 2087 2925 Ephesios

484 2940 678 2997 scribit
710 2955 723 2995 ε
755 2938 981 2996 Obsecro
1011 2958 1097 2997 vos
1125 2959 1217 3014 ego
1244 2944 1443 3000 vinctus
1483 2947 1540 3001 in
1564 2946 1813 3014 Domino,
1850 2957 1907 3002 ut
1931 2947 2089 3018 digne

2182 1931 2329 1993 sunt,
2356 1924 2589 1980 Domino
2611 1926 2961 1981 accedamus.

2770 2038 3001 2097 CAPUT
3037 2036 3175 2095 XIII.

2186 2130 2328 2200 Quia
2355 2136 2546 2188 mulier
2564 2133 2619 2187 in
2640 2131 2841 2203 synodo
2862 2131 3048 2203 docere
3072 2146 3175 2203 non
3194 2128 3363 2203 debet,
3390 2127 3529 2182 sicut
3548 2124 3773 2182 Harena

2502 2204 2559 2256 in
2591 2199 2770 2257 eorum
2796 2202 2995 2274 synodo
3022 2201 3204 2270 fecisse
3235 2199 3448 2270 legitur.

2255 2298 2393 2353 Cum
2418 2310 2554 2368 pene
2590 2297 2643 2351 in
2681 2297 2932 2352 omnibus
2970 2294 3062 2349 illa
3105 2295 3342 2366 synodus
3366 2309 3492 2364 qua:
3531 2307 3641 2364 pro
3696 2292 3778 2347 ad—

2185 2388 2405 2444 erandis
2420 2388 2747 2457 imaginibus
2771 2396 3059 2459 aggregata
3081 2392 3182 2451 est,
3210 2384 3527 2439 divinarum
3541 2383 3782 2454 Scriptu-

2186 2494 2374 2535 rarum
2396 2479 2767 2537 saluberrimis
2792 2477 3054 2535 institutis
3079 2476 3402 2549 refragetur,
3428 2478 3490 2533 in
3527 2475 3636 2531 hac
3661 2490 3785 2547 quo-

2187 2584 2293 2640 que
2316 2577 2471 2639 parte
2482 2570 2679 2640 oppido
2690 2568 2951 2640 refragari
2963 2568 3069 2623 illis
3083 2569 3313 2633 videtur,
3330 2566 3483 2637 quod
3503 2566 3785 2621 mulierem

2187 2642 2573 2718 institutricem
2615 2662 2731 2718 sive
2768 2661 3067 2718 doctricem
3107 2659 3363 2715 habuisse
3404 2658 3737 2729 perhibetur
3769 2678 3783 2713 :

2188 2755 2332 2826 quod
2355 2756 2572 2827 quidem
2598 2771 2708 2812 non
2730 2756 2903 2812 solum
2926 2755 3120 2815 divinae
3141 2753 3276 2826 legis
3302 2753 3677 2819 documentis,
3701 2753 3789 2810 sed

2188 2845 2359 2916 ipsius
2402 2853 2611 2901 naturae
2656 2846 2775 2918 lege
2808 2845 3101 2903 inhibetur.
3133 2845 3252 2902 Non
3284 2845 3432 2901 enim
3476 2862 3611 2902 eam
3637 2861 3787 2901 sexus

2187 2936 2454 3010 fragilitas
2482 2940 2596 2995 sive
2641 2939 2809 2994 animi
2854 2938 3127 2995 mobilitas
3162 2939 3424 2995 doctrinae
3452 2940 3575 2995 sive
3600 2940 3789 3010 praela-

485 3029 766 3084 ambuletis
795 3031 1080 3099 vocatione,
1106 3050 1213 3104 qua
1235 3036 1405 3089 vocati
1431 3038 1575 3104 estis,
1600 3054 1719 3092 cum
1745 3038 1886 3092 omni
1910 3038 2087 3093 humi-
2104 3071 2162 3140 α
2190 3030 2354 3087 tionis
2379 3044 2544 3101 super
2572 3030 2719 3087 viros
2746 3030 2957 3101 apicem
2986 3040 3175 3088 tenere
3212 3031 3507 3102 permittit,
3536 3034 3636 3089 sed
3675 3042 3789 3090 tan-

485 3118 636 3175 litate
676 3128 725 3176 et
763 3122 1184 3190 mansuetudine,
1237 3141 1357 3181 cum
1384 3128 1839 3199 magnanimitate,
1865 3147 2087 3203 suppor-
2107 3118 2162 3140 ’⁸
2179 3118 2355 3205 quam
2380 3121 2649 3179 inﬁrmius
2669 3138 2764 3179 vas
2784 3131 2842 3197 et
2864 3124 2935 3179 ad
2961 3123 3337 3193 decipiendum
3363 3123 3580 3181 facilius
3605 3126 3788 3181 subdi-

486 3221 659 3268 tantes
688 3214 909 3268 invicem
939 3216 995 3270 in
1027 3218 1299 3286 charitate,
1331 3218 1545 3275 solliciti
1588 3238 1795 3277 servare
1833 3225 2087 3281 unitatem

486 3304 704 3374 spiritus
724 3305 781 3359 in
797 3304 1003 3360 vinculo
1022 3308 1168 3378 pacis
1183 3308 1401 3380 (Ephes.
1428 3310 1529 3383 ιγ).
1549 3310 1615 3366 Ει
1630 3309 1864 3368 Jacobus
1876 3299 2099 3385 εψοειο-⁸

488 3393 578 3449 lus
604 3394 740 3450 dicit
769 3413 782 3450 :
816 3394 948 3462 Quis
962 3398 1194 3469 prudens
1212 3411 1261 3455 et
1282 3402 1451 3458 sciens
1477 3413 1722 3471 vestrum,
1749 3416 2001 3461 monstret
2022 3406 2088 3463 de

485 3486 621 3542 bona
651 3504 803 3558 apere
846 3492 1289 3546 conversationem
1333 3510 1483 3547 suam
1522 3495 1578 3548 in
1604 3496 2002 3552 mansuetudine
2039 3507 2087 3554 et

488 3576 773 3650 prudentia
802 3577 1012 3651 (Iacob.
1042 3580 1152 3654 ill).
1191 3581 1399 3649 Quibus
1423 3583 1675 3640 omnibus
1697 3587 1981 3658 praeceptis
2009 3588 2087 3644 illi

486 3668 678 3741 procul
715 3668 878 3725 dubio
909 3672 1077 3727 renisi
1112 3681 1239 3728 sunt
1281 3673 1375 3744 qui
1407 3684 1632 3747 propter
1660 3677 1957 3750 imaginum
1995 3681 2086 3737 ad-

489 3760 799 3815 orationem
824 3759 1084 3818 Ecclesiae
1113 3763 1233 3818 ausi
1262 3772 1389 3820 sunt
1417 3767 1708 3823 anathema
1727 3767 1949 3835 inferre,
1968 3786 2093 3840 qua:

486 3852 679 3923 utique
710 3859 865 3911 tanto
914 3862 998 3910 est
1049 3855 1310 3912 immunis
1352 3859 1421 3914 ab
1467 3874 1658 3916 eorum
1705 3862 2092 3921 maledictione

487 3958 611 4013 qua:
637 3944 835 4013 injusta
861 3954 964 4014 εει,
1005 3956 1207 4018 quanto
1248 3966 1279 4006 a
1302 3950 1520 4008 Christo
1559 3954 1651 4025 qui
1692 3968 1816 4009 eam
1859 3955 2091 4013 redemit

490 4033 749 4089 delinitur
762 4037 1018 4093 unctione
1032 4039 1251 4106 laetitiae,
1270 4057 1391 4112 qua:
1406 4043 1873 4101 immarcescibilis
1890 4055 1945 4102 et
1964 4062 2092 4117 per-

488 4131 653 4195 petua
687 4134 791 4182 est.
821 4127 898 4183 De
921 4127 1208 4198 prudentia
1232 4148 1448 4203 quoque
1476 4143 1532 4189 et
1556 4136 1817 4205 patientia
1837 4146 1892 4193 et
1918 4142 2093 4196 conti-

488 4214 678 4270 nentia
705 4216 818 4272 oris
846 4220 1111 4289 scriptum
1136 4228 1219 4275 est
1244 4236 1259 4275 :
1292 4221 1396 4290 Qui
1423 4227 1592 4295 parcit
1616 4227 1825 4283 verbum
1854 4230 2092 4302 proferre

490 4305 708 4375 durum,
758 4308 969 4379 prodest
1009 4311 1058 4366 ei
1092 4327 1113 4366 :
1138 4313 1340 4382 patiens
1388 4325 1564 4393 autem
1610 4319 1689 4373 vir
1730 4322 1938 4393 sapiens
1989 4333 2087 4378 est.

2190 3227 2303 3272 tam
2330 3223 2387 3271 ει
2428 3215 2574 3271 virili
2623 3216 2948 3272 auctoritate
2984 3228 3291 3287 repressam
3319 3231 3443 3273 esse
3484 3216 3791 3286 eompelliL.

2191 3309 2347 3367 Unde
2367 3317 2424 3365 et
2448 3309 2646 3366 divinis
2670 3308 2882 3382 legibus
2912 3310 3183 3366 sancitum
3214 3318 3316 3377 est,
3349 3312 3601 3381 quaedam
3629 3310 3789 3367 femi-

2190 3417 2386 3457 narum
2413 3409 2538 3458 vota
2569 3401 2712 3457 virili
2739 3402 3130 3459 deliberatione
3152 3404 3361 3459 cassari
3394 3419 3581 3474 posse,
3608 3414 3665 3461 et
3689 3406 3787 3461 hu-

2188 3494 2365 3551 manis
2395 3495 2749 3552 constitutum
2795 3502 2897 3560 est,
2930 3494 3162 3552 feminas
3208 3497 3486 3567 innuptas,
3543 3500 3786 3569 quamvis

2187 3596 2459 3659 provecta:
2484 3588 2594 3644 sint
2610 3574 2812 3656 aetatis,
2830 3599 3052 3660 propter
3073 3590 3245 3659 ipsam
3281 3591 3450 3646 animi
3481 3592 3782 3659 levitatem,

2189 3680 2245 3735 in
2271 3680 2440 3736 tutela
2473 3680 2771 3737 consistere
2805 3681 3021 3736 debere.
3053 3680 3313 3737 Novimus
3352 3682 3509 3737 enim
3531 3683 3786 3738 feminam

2188 3788 2352 3828 causa
2392 3772 2582 3842 prolis,
2632 3788 2795 3828 causa
2842 3771 3117 3841 adiutorii,
3146 3788 3308 3830 causa
3352 3774 3784 3837 incontinentiae,

2189 3864 2307 3920 viro
2352 3864 2572 3921 concedi
2606 3864 2824 3920 solere:
2853 3880 3020 3921 causa
3061 3880 3191 3922 vero
3239 3866 3471 3923 docendi
3521 3882 3783 3937 nusquam

2187 3959 2682 4030 penitus‘legimus.
2712 3958 2888 4016 Causa
2930 3960 3152 4031 inquam
3189 3961 3375 4032 prolis,
3402 3971 3465 4018 ut
3496 3962 3556 4018 in
3593 3963 3787 4020 Genesi

2187 4048 2388 4121 legitur
2416 4068 2429 4104 :
2463 4049 2533 4104 Et
2563 4051 2823 4106 benedixit
2847 4068 2935 4108 eos
2959 4051 3139 4108 dicens
3165 4070 3183 4107 :
3208 4052 3438 4109 Crescite
3462 4064 3515 4111 et
3539 4055 3793 4126 multipli-

2190 4140 2381 4194 camini
2403 4138 2566 4212 (Gen.
2599 4141 2676 4213 ι).
2712 4141 2831 4198 Hoc
2866 4150 2953 4198 est
3000 4143 3147 4198 enim
3189 4145 3609 4201 matrimonium
3653 4145 3792 4216 quod

2189 4244 2365 4301 neque
2389 4233 2691 4288 secundum
2722 4233 3001 4306 Pelagium
3023 4241 3308 4306 peccatum
3334 4249 3460 4289 esse
3490 4235 3793 4305 putandum

2189 4331 2292 4389 est,
2311 4338 2487 4393 neque
2509 4325 2803 4380 secundum
2820 4323 3167 4380 Iovinianum
3180 4325 3483 4397 virginitati
3505 4341 3794 4396 coaequan-

683 4401 829 4505 enim
842 4403 1094 4511 .vcrbum
1118 4411 1297 4474 potest
1329 4420 1449 4463 esse
1472 4408 1671 4489 (durius
1699 4414 2087 4471 anathemate?
2112 4449 2171 4511 Β
2193 4417 2320 4471 dum
2353 4435 2366 4470 :
2398 4417 2493 4472 sed
2516 4417 2800 4487 virginitas
2820 4417 2897 4472 illi
2916 4416 3252 4487 praeferenda
3278 4427 3363 4474 est
3387 4426 3622 4489 propter
3640 4435 3793 4473 mun-

492 4494 640 4566 quod
663 4493 711 4550 si
737 4494 984 4565 proferre
1025 4496 1243 4555 incaute
1268 4509 1577 4570 parcerent,
1610 4519 1721 4559 non
1744 4504 1903 4575 longe
1946 4522 1975 4561 a
1999 4507 2087 4563 via
2112 4493 2167 4511 ”’
2191 4509 2338 4566 ditiae
2383 4509 2731 4566 sanctitatem
2775 4516 2832 4567 et
2876 4510 3119 4581 carperis
3162 4511 3559 4583 integritatem,
3584 4512 3791 4568 dicente

490 4587 852 4645 discederent.
881 4587 991 4646 Aut
1015 4605 1137 4662 quae
1175 4592 1437 4663 patientia
1468 4605 1563 4651 aut
1588 4599 1873 4667 prudentia
1899 4600 1955 4653 in
1982 4601 2088 4656 hoc

490 4676 710 4750 negotio
753 4678 864 4736 illis
911 4680 1099 4738 utilior
1141 4693 1305 4751 esset,
1355 4702 1520 4757 quam
1555 4696 1617 4743 ut
1664 4689 1965 4745 Ecclesiam
1991 4706 2090 4761 per

491 4770 736 4829 diversas
758 4774 945 4830 mundi
978 4783 1159 4845 partes
1187 4778 1539 4834 constitutam
1560 4780 1673 4836 suis
1694 4780 1937 4851 apicibus
1962 4799 2092 4839 con-

490 4866 754 4934 sulerent,
784 4875 840 4924 et
860 4869 1006 4939 quod
1032 4871 1277 4927 omnium
1303 4888 1561 4929 assensus
1587 4873 1932 4940 decrevisset,
1960 4893 2091 4947 pru-

458 4960 461 4965 ⁴
493 4962 684 5016 denter
698 4968 754 5017 et
774 4961 1042 5032 patienter
1067 4964 1378 5020 sancirent?
1392 4965 1599 5020 Dicitur
1618 4965 1762 5019 enim
1782 4980 1882 5035 per
1904 4982 2091 5038 quem-

492 5046 976 5121 dam'sapientem
1009 5069 1021 5104 :
1054 5051 1330 5123 Palpebrw
1385 5063 1489 5108 tua:
1541 5056 1838 5125 prwcedant
1883 5075 2087 5128 gressus

492 5149 615 5194 tuos
644 5141 827 5212 (Prov.
858 5142 958 5211 1v).
1006 5142 1066 5196 In
1092 5158 1198 5211 quo
1237 5143 1381 5197 dicto
1426 5144 1554 5198 dum
1603 5148 1962 5217 metonymice
1995 5164 2094 5219 per

491 5229 779 5302 palpebras
801 5232 1091 5302 providens
1116 5241 1241 5288 ante
1262 5241 1381 5286 acta
1412 5235 1717 5303 consilium,
1748 5247 1800 5292 et
1822 5254 1922 5309 per
1943 5256 2091 5310 gres-

493 5337 589 5379 sus
618 5321 769 5390 ipsas
797 5323 1038 5379 actiones
1083 5325 1368 5396 signiﬁcet,
1397 5326 1552 5383 nobis
1590 5330 1976 5401 perspicaciter
2000 5333 2087 5389 in-

495 5424 645 5481 llllll,
674 5425 734 5469 ut
776 5429 989 5486 semper
1034 5426 1341 5472 nostrarum
1375 5421 1650 5477 actionum
1681 5426 1937 5482 exercitia
1966 5443 2092 5498 pro-

494 5506 621 5562 vida
645 5514 701 5562 et
724 5506 1009 5576 prudentia
1030 5508 1362 5578 praeveniunt
1388 5513 1634 5582 consilia,
1662 5524 1721 5571 ut
1747 5527 1907 5574 antea
1932 5535 2087 5576 men-

498 5597 573 5654 tis
615 5597 805 5654 oculus
830 5598 1124 5670 praavideat
1148 5600 1204 5655 in
1247 5603 1443 5673 quibus
1472 5621 1532 5663 se
1562 5610 1903 5680 postmodum
1935 5621 2090 5669 actus

500 5690 775 5751 extendat.
804 5690 852 5749 A
875 5690 1213 5767 multiloquio
1236 5696 1401 5770 igitur
1427 5716 1537 5775 quo
1561 5700 1649 5781 illi
1672 5702 1728 5761 in
1752 5719 1850 5762 sua
1882 5708 2089 5781 synodo

2189 4602 2449 4673 Apostolo
2480 4621 2493 4657 :
2528 4602 2712 4674 Nupta
2738 4603 2933 4674 cogitat
2958 4619 3077 4674 qua:
3114 4613 3235 4659 sunt
3286 4604 3495 4670 mundi,
3529 4603 3791 4675 quomodo

2188 4691 2391 4763 placeat
2437 4693 2583 4759 viro;
2612 4695 2757 4765 uirgo
2787 4703 2964 4749 autem
3002 4694 3192 4765 cogitat
3219 4712 3338 4767 qua:
3378 4704 3504 4750 sunt
3555 4696 3788 4760 Domini,

2188 4787 2449 4857 quomodo
2484 4786 2686 4858 placeat
2721 4788 2980 4857 Domino,
3019 4797 3077 4843 ut
3126 4790 3193 4843 sit
3241 4798 3427 4844 saneta
3472 4807 3700 4861 corpore
3743 4795 3791 4842 et

2189 4879 2377 4949 spiritu
2412 4878 2466 4952 (1
2496 4878 2618 4934 Cor.
2661 4881 2782 4952 vn).
2809 4879 2947 4935 Illud
2986 4895 3117 4936 vero
3144 4896 3458 4951 quanquam
3482 4881 3664 4938 altero
3690 4879 3789 4937 sibi

2189 4972 2414 5044 praelato
2442 4989 2551 5028 non
2588 4980 2673 5029 est
2707 4972 3086 5042 abjiciendum,
3114 4989 3289 5045 neque
3321 4974 3550 5030 omnino
3572 4984 3791 5045 postpo-

2190 5064 2448 5132 nendum,
2491 5065 2583 5120 sed
2615 5081 2737 5121 cum
2769 5065 2942 5137 gratia
2976 5066 3063 5123 his
3099 5067 3296 5137 quibus
3339 5068 3604 5139 competit
3631 5080 3788 5138 appe-

2192 5160 2434 5224 tendum,
2463 5160 2717 5229 quoniam
2748 5168 2831 5215 est
2860 5168 2914 5216 et
2937 5176 3062 5234 erga
3084 5177 3143 5217 se
3162 5177 3269 5217 non
3291 5163 3785 5218 extraordinarium

2191 5256 2247 5305 et
2281 5263 2406 5318 erga
2442 5249 2809 5319 virginitatem
2854 5251 3170 5306 secundum.
3200 5251 3300 5307 Est
3334 5253 3481 5308 enim
3506 5254 3788 5326 virginita-

2192 5340 2263 5395 tis
2289 5340 2658 5406 seminarium,
2687 5341 2813 5410 quia
2855 5341 2997 5396 sicut
3037 5358 3140 5397 uva
3181 5358 3290 5398 non
3325 5343 3544 5401 aliunde
3588 5347 3696 5402 nisi
3722 5361 3785 5400 ex

2192 5434 2304 5488 vite
2346 5434 2602 5499 nascitur,
2650 5433 2725 5487 ita
2767 5441 2823 5488 et
2870 5434 3151 5503 virginitas
3179 5451 3290 5490 non
3335 5436 3555 5493 aliunde
3589 5438 3697 5492 nisi
3723 5452 3786 5489 ex

2192 5527 2541 5584 matrimonio
2556 5528 2824 5599 gignitur;
2853 5536 2909 5584 et
2927 5544 3236 5599 quanquam
3263 5529 3336 5585 sit
3354 5530 3641 5601 virginitas
3662 5544 3787 5584 ccu-

2192 5621 2421 5677 tesimus
2462 5621 2687 5689 fructus,
2740 5623 2905 5679 habet
2950 5632 3132 5679 tamen
3166 5623 3306 5681 infra
3337 5640 3396 5680 se
3425 5626 3781 5684 tricesimum,

2194 5714 2249 5774 id
2279 5723 2361 5772 est
2404 5717 2828 5786 matrimonium,
2859 5717 3003 5773 inter
3021 5732 3158 5790 quos
3182 5719 3393 5778 medius
3411 5719 3783 5789 sexagesimus
