4016 6292
228 304 363 364 H37

952 322 956 326 -
1002 292 1180 351 unm
1218 287 1564 350 CAROLINI.
1606 317 1679 329 —
1714 281 1937 343 CAPIT.
1979 283 2072 346 DE
2108 287 2300 347 mae.
2339 257 2572 348 -ξιλιιι,
2614 287 2702 349 ιιι.

3343 296 3484 363 1158

224 432 329 487 est,
356 415 449 491 qui
476 416 533 472 in
555 401 858 471 vnduis'non
880 409 1301 481 ineomp'etcnter
1322 405 1600 477 accipitur.
1628 402 1802 458 Causa
1829 401 1881 462 Α
1907 402 2051 469 quod
2098 406 2446 475 prmemincre
2491 407 2700 462 caeteris
2752 404 3009 463 membris
3060 406 3251 478 debet,
3303 410 3486 471 inﬁma

221 518 408 584 itaque
429 507 682 579 adjutorii
709 505 906 563 femina
928 504 1046 560 viro
1066 515 1322 559 concessa
1337 507 1441 564 est,
1466 498 1680 553 dicente
1701 496 1808 551 Do-

218 609 375 663 mino
402 619 418 658 :
452 603 574 659 Non
594 610 668 656 est
686 601 875 656 bonum
896 598 1156 651 hominem
1178 592 1348 648 solum
1378 606 1507 656 esse,
1547 589 1804 660 faciamus

217 701 270 755 ei
297 696 625 769 adjutorium
654 692 823 748 simile
844 691 943 747 sibi
969 687 1122 760 (Gen.
1150 687 1236 759 ιι).
1267 687 1440 742 Causa
1467 698 1596 738 vero
1622 682 1807 737 incon-

219 790 484 854 tinentiae,
517 786 671 856 juxta
706 782 837 839 illud
872 778 1115 851 Apostoli
1151 793 1167 832 :
1202 776 1305 843 Qui
1334 774 1659 831 incontinens
1706 779 1802 837 est,

218 881 385 935 nubat
406 897 426 945 ;
451 886 506 933 et
527 866 724 932 iterum
750 891 766 929 :
792 872 983 927 Melius
1009 880 1084 926 est
1111 869 1301 923 nubere
1314 881 1473 938 quam
1492 864 1576 920 uri
1599 859 1656 933 (I
1676 859 1802 917 Cor.

216 970 341 1030 vn).
382 970 781 1036 lnterrogemus
814 977 944 1034 ergo
991 959 1329 1031 Apostolum,
1371 956 1518 1012 dicat
1557 953 1805 1025 egregius

214 1062 574 1134 praedicator,
627 1057 772 1113 dicat
822 1069 919 1110 vas
963 1053 1242 1110 electionis
1266 1092 1281 1118 ,
1344 1058 1527 1105 utrum
1575 1047 1804 1104 feminas

214 1154 416 1209 docere
443 1150 742 1222 permittat,
768 1163 837 1203 an
866 1147 921 1203 in
948 1146 1096 1202 viros
1120 1143 1401 1200 dominari.
1432 1142 1524 1197 Ait
1555 1139 1700 1195 enim
1734 1138 1805 1195 ad

215 1244 563 1300 Timotheum
589 1257 606 1297 :
643 1238 839 1295 Mulier
858 1240 917 1294 in
938 1236 1145 1293 silentio
1171 1236 1338 1290 discat
1366 1250 1486 1289 cum
1511 1232 1653 1287 omni
1679 1230 1803 1286 sub—

212 1337 439 1400 iectione
466 1349 484 1387 :
515 1333 700 1387 docere
745 1338 918 1384 autem
957 1326 1165 1382 mulieri
1194 1342 1298 1380 non
1340 1324 1602 1396 permitto,
1638 1338 1801 1393 neque

210 1427 479 1481 dominari
506 1425 563 1479 in
592 1424 778 1487 virum,
818 1420 908 1476 sed
951 1436 1061 1475 esse
1103 1420 1162 1473 in
1205 1417 1411 1473 silentio
1446 1415 1498 1488 (ι
1535 1414 1669 1469 Tim.
1708 1412 1797 1485 ιι).

210 1519 318 1585 Qui
343 1517 499 1589 quasi
549 1516 996 1583 interrogaretur,
1026 1526 1127 1568 cur
1159 1523 1282 1565 eam
1321 1516 1377 1565 et
1404 1508 1597 1564 docere
1623 1512 1678 1560 et
1705 1505 1801 1560 do-

210 1610 413 1665 minari
442 1610 499 1663 in
541 1607 717 1662 virum
741 1604 1098 1677 prohibuerit,
1140 1603 1333 1669 Adam,
1370 1601 1561 1671 inquit,
1598 1600 1801 1670 primus

208 1703 474 1772 formatus
509 1709 606 1765 est,
642 1698 762 1754 inde
785 1698 932 1763 Eva;
971 1704 1028 1752 et
1052 1695 1226 1752 Adam
1268 1711 1376 1751 non
1404 1702 1489 1749 est
1522 1693 1797 1758 seductus,

1882 499 2075 591 .petat,
2104 505 2159 551 et
2177 497 2341 569 pedes
2366 498 2458 569 qui
2492 498 2702 554 eteteris
2729 499 2987 557 membris
3012 502 3488 572 prmeminentibus

1904 585 2091 644 inﬁma
2132 590 2248 647 loca
2294 600 2498 657 tenent,
2545 593 2756 649 caeteris
2793 594 3207 665 praceminentes
3233 597 3304 653 ad
3330 613 3488 669 supe-

1903 680 2052 739 riora
2095 685 2371 753 tollantur,
2413 688 2600 757 sicque
2648 697 2855 745 naturae
2899 692 3032 747 ordo
3075 697 3395 763 permutatis
3422 711 3489 753 ac

1902 777 2083 845 potius
2108 780 2377 848 perversis
2393 780 2597 853 legibus
2621 780 2873 839 fcedetur.
2900 784 3039 840 Nam
3058 786 3103 841 si
3124 785 3265 844 forte
3290 787 3489 860 aliquis

1902 862 1991 922 his
2009 870 2366 927 sacrosanctis
2390 872 2697 943 apostolicis
2723 875 3149 934 institutionibus
3176 878 3346 934 obniti
3369 887 3488 936 ten-

1900 961 2047 1026 tans,
2069 960 2322 1018 mulieres
2347 963 2491 1020 viros
2514 965 2708 1021 docere
2732 965 2970 1037 virisque
3005 984 3256 1041 pratesse,
3285 978 3339 1026 et
3361 987 3488 1044 syn-

1900 1051 2036 1108 odos
2071 1053 2354 1137 instituere
2391 1056 2605 1125 debere,
2657 1058 2777 1119 ideo
2811 1058 3078 1117 allirmare
3120 1062 3271 1118 nisus
3300 1062 3486 1131 fuerit,

1904 1148 2045 1218 quod
2070 1150 2366 1205 secundum
2405 1152 2725 1223 evangelica:
2750 1155 2893 1209 tubae
2924 1156 3258 1225 praeconium
3287 1157 3487 1214 mulie-

1902 1254 1993 1295 res
2017 1242 2206 1297 crebro
2226 1243 2507 1299 mediatori
2532 1244 2629 1300 Dei
2652 1253 2707 1300 et
2728 1246 3007 1302 hominum
3037 1246 3484 1318 ministraverint,

1904 1333 1972 1388 a‘d
1993 1334 2157 1403 pedes
2182 1335 2388 1390 scilicet
2409 1334 2525 1405 ejus
2550 1338 2817 1406 sedentes,
2842 1348 2896 1395 et
2916 1342 3140 1397 verbum
3169 1357 3236 1399 ex
3256 1360 3353 1401 ore
3369 1347 3488 1419 ejus

1902 1425 2198 1489 audientes,
2226 1443 2289 1483 ac
2322 1428 2465 1483 circa
2488 1427 2743 1501 frequens
2769 1433 3128 1492 ministerium
3156 1446 3487 1511 satagentes,

1902 1523 1958 1571 et
1977 1516 2231 1589 laerymis
2258 1519 2424 1589 pedes
2444 1518 2562 1590 ejus
2588 1521 2846 1594 rigantes,
2874 1532 2929 1581 et
2956 1527 3168 1599 capillis
3190 1536 3486 1601 tergentes,

1900 1613 1957 1662 et
1982 1622 2177 1678 corpus
2209 1607 2326 1679 ejus
2363 1610 2501 1667 miro
2532 1622 2929 1685 unguentorum
2973 1617 3183 1690 liquore
3210 1620 3482 1690 linientes,

1900 1710 2133 1768 eumque
2158 1700 2227 1755 ad
2244 1701 2553 1783 passionem
2586 1715 2897 1776 pergentem
2940 1711 3093 1780 sequi
3121 1727 3231 1767 non
3267 1713 3489 1771 distule-

209 1766 410 1850 inulier
460 1800 641 1849 autem
690 1790 911 1848 seducta
960 1790 1015 1845 in
1072 1787 1517 1859 praevaricatione
1566 1784 1669 1841 fuit
1697 1802 1712 1838 :
1740 1790 1803 1842 ut
1827 1766 1882 1834 Β
1905 1766 2131 1855 rint,_et
2169 1766 2293 1863 post
2316 1766 2772 1851 resurrectionem
2798 1795 2914 1866 ejus
2942 1766 3147 1869 ad‘ejus
3173 1766 3489 1861 monumen-

207 1904 376 1943 nosse
401 1901 684 1959 possemus
708 1884 910 1941 ideirco
931 1883 983 1938 ei
1022 1890 1076 1938 et
1104 1881 1363 1939 doctrina:
1392 1887 1445 1933 et
1472 1877 1798 1935 dominatio-

205 1979 300 2033 nis
321 1978 637 2049 dignitatem
660 1976 729 2032 ab
747 1973 1007 2045 Apostolo
1028 1972 1082 2028 in
1102 1972 1279 2027 virum
1294 1960 1515 2025 minime
1535 1983 1656 2025 esse
1671 1984 1803 2025 con-

201 2082 446 2129 cessam,
469 2066 590 2136 quia
611 2080 718 2120 non
741 2071 804 2120 ut
828 2064 1067 2129 doceret,
1094 2062 1190 2117 sed
1211 2068 1271 2115 ut
1296 2060 1574 2131 adjuvaret
1601 2058 1799 2128 virum,

205 2174 313 2214 nec
340 2165 403 2213 ut
425 2157 476 2213 ei
502 2162 778 2228 prmesset,
814 2156 909 2212 sed
930 2155 1195 2221 subesset,
1220 2152 1436 2209 condita
1461 2166 1582 2207 esse
1614 2151 1801 2222 perhi-

203 2253 390 2316 betur,
415 2250 531 2305 sive
553 2249 683 2321 quia
706 2248 888 2303 animo
907 2254 993 2302 est
1020 2245 1287 2300 inﬁrmior
1311 2250 1366 2299 et
1387 2244 1455 2300 ad
1482 2243 1801 2299 tentandum

202 2342 441 2400 facilior.
473 2342 600 2397 Non
623 2343 780 2409 enim,
804 2348 866 2396 ut
891 2341 967 2396 ait
985 2338 1295 2412 Apostolus,
1323 2339 1402 2394 vir
1422 2347 1631 2411 propter
1650 2339 1803 2410 femi-
1836 2338 1845 2347 ’

204 2452 352 2501 nam,
382 2436 476 2490 sed
498 2435 695 2505 femina
720 2443 930 2506 propter
960 2435 1129 2489 virum
1159 2441 1336 2488 creata
1377 2439 1451 2486 est
1472 2430 1524 2504 (1
1547 2429 1669 2485 Cor.
1693 2430 1797 2502 ιι).

202 2529 343 2585 Nam
368 2530 417 2585 si
444 2530 567 2600 quis
607 2529 747 2585 forte
773 2527 912 2584 tanti
945 2528 1149 2585 erroris
1193 2524 1668 2598 praesumptionem
1696 2524 1801 2579 hoe

202 2622 372 2677 aneili
413 2620 556 2676 tueri
598 2621 823 2687 nitatur,
878 2620 1020 2691 quod
1064 2619 1205 2675 idem
1251 2617 1543 2688 apostolus,
1582 2631 1705 2672 cum
1733 2615 1801 2671 de

201 2713 397 2770 habitu
426 2723 485 2770 et
510 2714 842 2770 continentia
865 2727 1065 2768 annum
1095 2718 1299 2783 ageret,
1324 2710 1419 2775 ait,
1444 2708 1582 2763 Bene
1609 2706 1800 2761 docen-

200 2815 282 2861 tes
308 2805 365 2877 (I
402 2805 541 2860 Tim.
574 2805 649 2879 v),
680 2805 776 2863 sed
817 2797 1157 2876 prudentiam
1186 2803 1433 2867 doceant,
1461 2798 1799 2871 per-pendant

200 2899 354 2969 quod
396 2912 509 2954 non
541 2913 637 2954 eas
667 2899 865 2954 docere
885 2897 1173 2969 quamdam
1208 2894 1474 2951 insaniam
1498 2892 1584 2948 vel
1609 2907 1799 2963 quam-

180 2980 330 3046 dam
352 2989 704 3045 traditionem
739 2990 1101 3046 sacrosanctis
1119 2987 1340 3044 Patrum
1369 2986 1800 3043 institutionibus

201 3082 573 3150 resistentem,
600 3082 685 3139 vel
706 3089 855 3139 certe
879 3082 1160 3153 cujusdam
1197 3083 1484 3138 insensatae
1508 3081 1586 3137 rei
1615 3080 1800 3136 adora-

199 3166 433 3238 tionem,
487 3174 583 3230 sed
628 3174 975 3246 prudentiam
1008 3180 1065 3229 et
1110 3173 1250 3230 bene
1290 3172 1506 3229 vivendi
1553 3171 1800 3242 exempla

200 3266 551 3338 permiserit;
576 3281 679 3323 nec
723 3280 816 3322 eas
854 3266 910 3322 id
946 3266 1127 3321 facere
1166 3265 1222 3320 in
1248 3266 1499 3332 ecclesia,
1538 3279 1714 3334 neque
1743 3264 1800 3319 in

199 3364 499 3421 conventu,
530 3372 708 3428 neque
750 3358 807 3413 in
852 3357 1077 3429 synodo,
1111 3357 1205 3413 sed
1250 3357 1503 3428 privatim
1544 3356 1799 3428 longtevse

198 3450 387 3508 statis
409 3451 743 3522 experientia
775 3458 832 3507 et
875 3450 1111 3521 explosis
1134 3458 1359 3521 propter
1379 3450 1479 3505 :evi
1508 3449 1801 3504 maturita-

199 3553 316 3600 tem
355 3542 616 3599 vitiorum
659 3544 962 3609 incentivis,
1012 3544 1154 3599 inter
1188 3543 1513 3599 domesticos
1538 3543 1801 3613 permise-

199 3636 307 3703 rit;
342 3650 446 3692 nec
468 3651 678 3703 omnes,
709 3636 806 3692 sed
826 3651 920 3692 eas
955 3651 1075 3707 quae
1108 3637 1164 3691 in
1194 3637 1447 3708 operibus
1469 3634 1626 3692 bonis
1649 3634 1801 3690 testi-

199 3728 453 3784 monium
477 3728 694 3792 habent,
726 3743 846 3799 quae
870 3729 1114 3799 hospites
1128 3728 1414 3798 recipiunt,
1445 3743 1565 3799 quae
1586 3734 1801 3782 sancto-

198 3837 331 3876 rum
378 3821 544 3892 pedes
583 3821 797 3887 lavant,
843 3836 963 3892 qua:
1012 3820 1414 3877 tribulationem
1471 3819 1801 3891 patientibus

199 3906 644 3979 subministrant,
683 3928 803 3984 qua:
855 3928 1016 3968 omne
1064 3928 1201 3984 Opus
1245 3913 1444 3969 bonum
1497 3911 1800 3969 subsecuta:

198 4013 354 4071 sunt,
384 4020 612 4077 quarum
634 4012 689 4062 et
713 4004 830 4075 ipse
864 4004 1128 4070 incessus,
1148 4011 1348 4069 motus,
1370 4003 1571 4070 vultus,
1596 4016 1796 4070 sermo,

198 4092 503 4161 silentium,
538 4095 829 4165 quamdam
862 4109 1031 4150 sacra:
1055 4093 1401 4152 continentiae
1431 4101 1601 4165 gestet
1630 4094 1800 4149 hone-

196 4193 430 4241 statem.
459 4185 619 4241 Aliud
657 4194 742 4242 est
773 4186 920 4241 enim
962 4185 1426 4241 matremfamilias
1476 4185 1801 4242 domesticos

197 4279 391 4334 verbis
436 4285 493 4333 et
525 4280 787 4349 exemplis
828 4279 1064 4344 erudire,
1100 4280 1245 4335 aliud
1294 4280 1641 4337 antestitibus
1687 4281 1802 4337 sive
1846 4340 1865 4353 Ἰ

195 4368 358 4427 omni
394 4369 761 4427 ecclesiastico
804 4371 981 4427 ordini
1020 4371 1106 4427 vel
1131 4372 1295 4426 etiam
1324 4372 1554 4442 publica}
1597 4374 1803 4444 synodo

1906 1885 2021 1933 tum
2040 1890 2384 1939 recurrentes
2408 1882 2524 1952 ejus
2539 1886 2920 1942 sacratissime
2940 1892 3352 1948 resurrectionis
3373 1892 3489 1963 glo-

1900 1969 2108 2026 riosum
2129 1973 2448 2045 mysterium
2476 1983 2531 2030 et
2550 1976 2738 2047 primae
2763 1979 3112 2049 cognoverint
3137 1989 3193 2036 et
3214 1980 3491 2053 discipulis

1903 2062 2235 2131 nuntiarent,
2289 2065 2685 2124 animadvertat
2718 2071 2862 2141 quod
2900 2071 3045 2129 aliud
3095 2073 3167 2130 sit
3217 2075 3285 2132 ad
3328 2076 3492 2146 pedes

1902 2156 2116 2212 Domini
2161 2159 2366 2228 sedere,
2407 2169 2463 2216 et
2495 2169 2692 2219 czctera
2730 2180 2852 2234 qua:
2892 2166 3252 2235 prmmisimus
3307 2185 3488 2242 agere,

1902 2251 2048 2308 aliud
2076 2253 2309 2325 synodos
2330 2262 2587 2325 statuere,
2622 2256 2679 2312 in
2716 2260 3069 2317 conventibus
3097 2262 3244 2319 viros
3270 2264 3489 2331 docere,

1900 2357 2184 2413 perversas
2227 2348 2641 2406 constitutiones
2678 2350 3029 2419 tradere,-et
3065 2354 3199 2411 viris
3243 2357 3489 2427 praeferri

1901 2442 2173 2504 appetere.
2197 2435 2305 2493 Illa:
2330 2438 2530 2494 etenim
2553 2448 2740 2512 typum
2768 2450 2969 2498 sanctae
2993 2444 3251 2502 Ecclesiae
3271 2456 3490 2519 gestan-

1901 2531 1985 2580 tes
2008 2525 2235 2583 Domino
2278 2529 2675 2600 ministravere,
2709 2540 2766 2589 et
2807 2536 3192 2594 sacratissimis
3217 2537 3336 2610 ejus
3358 2539 3492 2599 allo-

1900 2619 2044 2690 quiis
2074 2621 2340 2678 inhmscre
2368 2638 2383 2677 :
2410 2624 2530 2679 ista:
2560 2640 2689 2681 vero
2711 2627 2759 2682 si
2801 2643 2920 2698 qua:
2966 2637 3114 2697 sunt,
3147 2628 3380 2689 Athalite
3405 2634 3492 2690 ni-

1897 2713 2095 2768 mirum
2138 2714 2384 2785 exempla
2416 2724 2733 2786 sequuntur,
2761 2734 2881 2789 quae
2926 2720 3054 2776 dum
3089 2720 3223 2778 viris
3256 2737 3492 2794 pricesse

1900 2803 2285 2877 incompetenti
2327 2806 2594 2864 desiderio
2629 2809 2855 2880 appetit,
2908 2826 3047 2881 pene
3095 2828 3257 2870 omne
3302 2830 3491 2879 semen

1898 2896 2107 2966 regium
2136 2896 2387 2964 extinxit,
2419 2905 2476 2955 et
2517 2898 2602 2954 sui
2642 2896 3013 2956 nefandissimi
3042 2903 3236 2973 capitis
3268 2904 3491 2965 interitu

1900 2988 1966 3044 ad
1998 2988 2251 3044 ultimum
2281 2989 2558 3062 indignam
2582 2991 2752 3047 vitam
2775 2991 2937 3065 digna
2970 2998 3145 3053 morte
3170 2995 3363 3058 ﬁnivit.
3388 2997 3493 3055 Fo-

1824 3122 1875 3190 c
1902 3079 2049 3183 mina
2082 3095 2212 3185 vero
2237 3080 2442 3138 idcirco
2463 3081 2677 3140 Domini
2706 3092 2763 3140 et
2795 3086 3083 3143 salvatoris
3109 3088 3283 3149 nostri
3310 3104 3494 3150 resur-

1902 3170 2158 3228 rectionis
2180 3173 2480 3231 nuntiatrix
2505 3189 2630 3231 esse
2671 3175 3036 3245 existimatur,
3065 3186 3125 3235 ut
3153 3179 3280 3252 quia
3314 3179 3496 3239 fuerat

1899 3266 1950 3323 ei
1972 3264 2173 3321 femina
2197 3266 2265 3322 de
2285 3266 2438 3323 caelis
2455 3266 2523 3323 ad
2544 3275 2719 3325 terras
2738 3269 2977 3326 venienti
2996 3271 3121 3339 iter,
3149 3272 3307 3329 fieret
3325 3274 3496 3332 etiam

1898 3358 1948 3415 ei
1970 3373 2002 3413 a
2031 3358 2194 3414 terris
2218 3357 2287 3413 ad
2312 3358 2478 3415 caelos
2508 3358 2756 3415 redeunti
2785 3359 2967 3427 index,
3010 3369 3065 3416 et
3086 3378 3248 3433 quem
3272 3363 3496 3420 venien-

1899 3459 2007 3507 tem
2049 3450 2217 3506 Maria
2257 3450 2408 3522 Virgo
2443 3452 2642 3508 mundo
2668 3451 2852 3518 edidit,
2890 3454 3204 3511 redeuntem
3232 3455 3494 3514 nimirum

1898 3542 2066 3598 Maria
2089 3559 2121 3597 a
2143 3543 2370 3599 Domino
2398 3551 2587 3599 sanata
2613 3542 2889 3614 discipulis
2918 3546 3215 3603 nuntiaret.
3246 3545 3352 3615 Qui
3377 3562 3495 3606 me—

1899 3633 2077 3690 diator
2102 3634 2199 3689 Dei
2226 3642 2282 3689 et
2320 3634 2601 3692 hominum
2631 3651 2740 3690 non
2769 3634 2973 3692 idcirco
3002 3637 3070 3694 de
3098 3639 3300 3699 femina
3329 3648 3494 3701 natus

1899 3740 2019 3781 esse
2041 3724 2374 3796 perhibetur,
2400 3732 2460 3781 ut
2488 3725 2780 3795 femineum
2813 3743 3004 3783 sexum
3026 3728 3159 3786 viris
3187 3730 3490 3802 praeferret,

1900 3816 1993 3871 sed
2015 3824 2075 3870 ut
2100 3823 2389 3886 utrumque
2412 3829 2603 3873 sexum
2633 3816 2689 3870 in
2707 3817 2920 3887 culpam
2948 3816 3156 3889 lapsum
3178 3830 3291 3876 sua:
3311 3820 3493 3877 incar-

1900 3906 2136 3963 nationis
2175 3906 2439 3979 mysterio
2486 3906 2776 3965 redimeret
2807 3924 2823 3963 :
2849 3909 3026 3964 virum
3053 3909 3324 3979 videlicet,
3365 3913 3496 3983 quia

1899 3998 1985 4054 vir
2028 3999 2146 4053 ﬁeri
2189 4013 2289 4069 pro
2330 4006 2515 4055 nostra
2550 3999 2726 4056 salute
2755 3999 3006 4073 dignatus
3039 4008 3144 4069 est,
3173 4000 3334 4072 juxta
3361 4002 3495 4063 illud

1898 4092 2308 4169 propheticum:
2336 4091 2473 4148 Ecce
2499 4094 2660 4148 veniet
2687 4094 2784 4161 vir,
2823 4094 2997 4150 oriens
3038 4106 3113 4150 est
3143 4112 3331 4153 nomen
3378 4097 3493 4166 ejus

1902 4183 2089 4255 (Zach.
2117 4183 2224 4256 vr);
2253 4184 2319 4240 de
2346 4197 2453 4255 quo
2490 4183 2780 4249 scribitur,
2807 4184 2992 4238 Iesum
3034 4183 3378 4240 Nazarenam
3421 4186 3493 4240 vi-

1903 4293 2021 4330 rum
2047 4276 2391 4348 approbatum
2412 4294 2446 4329 a
2465 4275 2575 4331 Deo
2621 4277 2896 4332 virtutibus
2925 4286 2974 4332 et
3011 4277 3194 4350 signis,
3222 4294 3339 4349 qua:
3369 4278 3493 4347 fecit

1902 4384 1994 4439 per
2020 4367 2171 4421 illum
2213 4367 2471 4421 Dominus
2510 4368 2649 4440 (Act.
2674 4366 2773 4440 n);
2803 4367 3062 4424 feminam
3086 4384 3237 4437 vero,
3269 4369 3398 4440 quia
3422 4369 3493 4427 de

195 4459 458 4534 quadam
500 4460 710 4518 inutilia
752 4464 1035 4520 docentem
1081 4464 1361 4528 interesse,
1397 4478 1521 4519 cum
1553 4463 1799 4521 videlicet
1820 4458 2105 4549 Dlemina
2142 4457 2260 4514 sine
2286 4458 2396 4514 ullo
2420 4460 2704 4516 masculini
2743 4476 2906 4518 sexus
2931 4462 3182 4530 contagio
3220 4462 3373 4517 nasci
3411 4462 3494 4519 di.

195 4551 311 4607 ista
342 4565 466 4622 quae
507 4552 831 4611 domesticos
852 4604 855 4611 .
876 4555 1215 4621 exhortatur,
1254 4571 1441 4611 eorum
1468 4562 1522 4611 et
1548 4570 1705 4611 suum
1740 4556 1798 4613 in

195 4658 496 4700 commune
518 4645 744 4717 adipisci
763 4647 944 4718 cupiat
962 4647 1286 4719 profectum,
1318 4649 1410 4705 illa
1430 4664 1561 4706 vero
1588 4650 1643 4705 in
1670 4665 1803 4707 con-

195 4744 373 4793 ventu
426 4746 665 4795 ventosa:
705 4747 916 4797 tantum
959 4741 1133 4798 laudis
1166 4751 1221 4798 et
1265 4743 1430 4800 solius
1474 4748 1800 4819 arrogantia:

194 4827 413 4884 ambiat
455 4832 774 4901 appetitum.
831 4831 984 4889 Sicut
1032 4834 1195 4905 igitur
1229 4845 1390 4906 caput
1420 4837 1519 4892 viri
1545 4837 1798 4896 Christus

194 4928 307 4986 εει,
336 4919 415 4975 ita
454 4921 711 4979 nimirum
750 4933 913 4995 caput
958 4926 1203 4983 mulieris
1238 4928 1340 4993 vir,
1372 4944 1436 4984 ac
1474 4944 1571 4999 per
1611 4930 1715 4987 hoc
1753 4931 1801 4987 si

195 5011 405 5068 mulier
432 5014 566 5070 viris
604 5030 841 5087 praeesse
884 5018 1072 5085 debet,
1101 5019 1215 5089 jam
1244 5034 1433 5076 eorum
1480 5028 1640 5091 caput
1666 5029 1750 5078 est
1781 5038 1797 5083 :

194 5118 257 5167 et
275 5111 323 5165 si
350 5109 445 5165 illa
464 5126 653 5168 eorum
672 5122 833 5183 caput
849 5121 953 5182 est,
982 5114 1059 5169 illi
1078 5116 1387 5171 necessario
1412 5125 1574 5187 caput
1593 5116 1799 5173 Christi

194 5210 389 5257 erunt.
424 5202 540 5259 Non
575 5213 756 5260 autem
779 5206 921 5262 ullus
945 5216 1106 5278 caput
1134 5207 1336 5263 Christi
1363 5216 1564 5279 praeter
1582 5207 1800 5265 Patrem

195 5308 327 5349 esse
367 5302 568 5364 potest,
627 5299 924 5353 secundum
977 5297 1295 5369 Apostolum
1343 5300 1437 5369 qui
1484 5299 1578 5364 ait,
1627 5297 1802 5371 Caput

197 5383 406 5441 Christi
448 5387 589 5443 Deus
613 5388 666 5463 (1
692 5389 815 5445 Cor.
833 5390 934 5463 xi),
962 5398 1017 5447 et
1041 5391 1109 5447 de
1132 5408 1240 5463 quo
1275 5391 1332 5448 in
1361 5391 1600 5449 Canticis
1627 5392 1801 5448 canti-

195 5493 398 5536 corum
426 5481 654 5538 dicitur:
680 5481 849 5555 Caput
872 5483 987 5555 ejus
1015 5501 1207 5539 aurum
1234 5486 1486 5556 optimum
1511 5483 1689 5558 (Cant.
1719 5484 1796 5557 v).

198 5571 327 5630 Non
367 5574 532 5644 igitur
557 5575 752 5632 mulier
790 5577 921 5633 viris
959 5594 1019 5633 se
1056 5575 1394 5649 przeferendo
1426 5592 1616 5633 eorum
1640 5587 1802 5649 caput

195 5679 331 5723 esse
357 5666 537 5735 debet,
565 5683 633 5724 ne
653 5667 781 5725 dum
802 5684 965 5725 sexus
990 5669 1213 5726 inferior
1236 5668 1377 5725 ultra
1405 5686 1463 5725 se
1484 5686 1648 5742 quam
1667 5671 1803 5728 ordo

200 5759 479 5849 exposcit,
523 5760 740 5834 attollit,
786 5772 844 5821 et
884 5761 1151 5839 superiori
1179 5762 1330 5823 sexui
1362 5762 1603 5840 prtefert,
1635 5773 1809 5849 caput,

1903 4557 2098 4623 gnatus
2126 4556 2229 4617 est,
2256 4558 2312 4605 et
2339 4550 2621 4622 utriusque
2649 4566 2813 4634 sexus
2848 4551 2991 4608 sicut
3014 4567 3177 4610 verus
3219 4552 3491 4624 conditor,

1901 4644 1978 4700 ita
2003 4643 2171 4700 etiam
2202 4659 2365 4701 verus
2384 4653 2668 4727 permanet
2692 4654 3048 4707 restaurator.

2484 4758 2710 4818 CAPUT
2745 4760 2887 4817 XIV.

1904 4873 2102 4931 Contra
2127 4891 2215 4931 eos
2233 4875 2325 4947 qui
2349 4874 2552 4941 dicunt,
2574 4875 2672 4930 Dei
2699 4884 3053 4946 cooperantes
3072 4893 3173 4936 nos
3196 4878 3492 4937 direximus

1974 4961 2309 5019 congregare
2340 4961 2459 5010 vos,
2502 4947 2607 5001 sive
2630 4949 2984 5019 congregavit
3009 4965 3107 5008 vos
3130 4951 3274 5007 Deus
3310 4952 3495 5007 consi-

1974 5014 2106 5071 liuni
2130 5014 2409 5089 proprium
2439 5023 2678 5072 statuere
2702 5014 2912 5077 voletis.

1972 5109 2034 5164 In
2059 5109 2233 5179 primo
2278 5107 2438 5179 hujus
2484 5108 2664 5180 aperis
2708 5109 2847 5169 libro
2886 5113 2943 5171 in
2969 5114 3145 5185 prima
3168 5124 3322 5188 parte
3346 5116 3493 5183 libri,

1905 5214 2031 5256 cum
2073 5214 2261 5255 eorum
2286 5214 2440 5256 error
2465 5198 2826 5258 discuteretur
2854 5204 2947 5275 qui
2981 5205 3168 5263 dicunt
3188 5206 3360 5263 Deum
3395 5209 3499 5264 sibi

1906 5308 2245 5364 conregnare,
2278 5290 2671 5362 aliquantulum
2719 5294 3051 5365 disputatum
3092 5306 3208 5368 est,
3236 5299 3378 5355 unde
3407 5299 3499 5356 hic

1907 5402 2122 5458 quoque
2167 5399 2341 5452 error,
2378 5399 2487 5455 quo
2529 5400 2589 5442 se
2619 5385 2719 5441 Dei
2760 5397 3095 5460 cooperantes
3143 5391 3499 5463 superciliose

1902 5481 2127 5552 jactant,
2152 5478 2357 5535 cassari
2392 5486 2606 5549 potest:
2632 5482 2886 5551 quoniam
2899 5489 2956 5539 et
2981 5483 3152 5539 Deum
3178 5484 3281 5541 sibi
3304 5498 3502 5542 conre-

1908 5590 2090 5646 gnare,
2116 5584 2171 5629 et
2199 5574 2295 5629 Dei
2338 5581 2691 5645 cooperantes
2728 5591 2871 5644 esse,
2905 5592 3015 5634 non
3047 5578 3345 5646 humiliter,
3385 5592 3497 5634 non

1909 5674 2219 5726 sanctorum
2245 5681 2436 5737 regum
2474 5666 2736 5738 exemplis
2755 5669 3027 5738 contenti,
3046 5684 3156 5726 non
3182 5678 3496 5726 sanctarum

1885 5760 2312 5839 ,Scripturarum
2342 5760 2770 5837 institutionibus
2792 5763 3060 5841 instructi,
3087 5763 3182 5824 sed
3205 5773 3497 5842 perperam
