4016 6292
538 348 679 408 H39

1416 348 1478 403 B.
1517 320 1768 407 (Ἃιιοιι
1807 345 2025 404 ιιιαιιι
2058 345 2212 406 ore,
2247 345 2429 405 PARS
2464 347 2528 406 ιι.
2567 349 2809 409 SECTIO
2841 350 2906 408 ιι.

3668 355 3829 412 ιιιο

536 474 594 522 ει
611 464 754 521 fastu
780 463 1104 536 arrogantia:
1123 461 1251 518 elati
1270 461 1530 528 delirant;
1556 471 1610 520 et
1631 463 1756 519 dum
1778 469 2035 531 appetunt
2057 460 2112 515 id
2139 462 2192 523 Α
2214 460 2377 517 licum
2391 464 2701 532 perenniter
2711 464 2969 520 exstinxit
2987 462 3232 519 exitium.
3246 462 3618 535 Cogitationes
3650 483 3817 524 nan-

538 557 642 612 sibi
662 572 920 628 usurpare
952 554 1092 627 quod
1116 570 1223 609 non
1241 554 1516 624 competit,
1546 553 1837 609 timendum
1857 560 1942 608 est
1967 566 2037 607 ne
2057 548 2112 607 id

538 646 789 702 amittant
812 645 954 717 quod
991 645 1261 715 competit,
1290 645 1416 715 quia
1449 645 1692 714 quisquis
1715 644 1882 699 ambit
1902 642 2107 711 illicita,

540 740 788 795 amittere
808 738 942 795 solet
968 737 1251 808 acquisita.
1272 734 1379 791 Sed
1404 736 1681 806 quoniam,
1705 743 1766 788 ut
1787 730 1998 804 prmfati
2021 746 2114 789 su-

538 848 677 899 mus,
702 834 755 888 in
775 832 1141 902 superioribus
1155 816 1419 887 hicerror
1438 846 1501 886 ex
1528 839 1680 901 parte
1707 829 1980 884 discussus
2005 828 2112 893 est,

536 941 679 981 nunc
707 925 775 980 ad
802 925 857 980 id
884 925 1026 995 quod
1050 924 1171 979 ideo
1204 923 1322 979 illos
1334 924 1425 995 qui
1447 925 1502 979 in
1516 924 1701 979 eadem
1715 922 1919 995 synodo
1946 920 2112 978 fuisse

534 1022 829 1069 noscuntur
852 1023 1205 1086 congregatos
1222 1014 1425 1082 dicunt,
1456 1022 1515 1068 ut
1534 1028 1630 1083 per
1653 1028 1746 1069 eos
1774 1012 1916 1067 Deus
1936 1010 2113 1067 consi-

533 1104 667 1159 lium
700 1122 858 1162 suum
888 1113 1170 1174 statueret,
1207 1112 1406 1162 nostra:
1436 1104 1811 1174 disputationis
1838 1110 2111 1157 vertamus

535 1200 843 1255 articulum.
883 1200 1077 1256 Dicunt
1105 1198 1288 1255 enim:
1326 1196 1664 1270 Congregavit
1699 1213 1783 1250 vos
1803 1193 1943 1249 Deus
1981 1209 2107 1248 con-

532 1289 710 1345 silium
747 1293 1014 1363 praprium
1044 1300 1271 1345 statuere
1299 1289 1491 1355 volens,
1510 1288 1662 1359 quasi
1690 1304 1797 1342 non
1850 1287 2110 1357 scriptum

534 1383 623 1447 sit,
642 1382 745 1449 Qui
770 1384 886 1439 vivit
914 1386 970 1440 in
989 1395 1238 1439 internum
1265 1383 1453 1438 creavit
1483 1382 1659 1436 omnia
1685 1378 1862 1447 simul,
1878 1391 1931 1435 et
1956 1379 2112 1449 quasi

533 1473 646 1530 Deo
671 1477 915 1546 quaedam
944 1493 1079 1533 nova
1107 1476 1356 1532 voluntas
1386 1491 1506 1546 quae
1531 1484 1691 1530 antea
1732 1490 1840 1529 non
1873 1488 2113 1529 accesse-

532 1573 638 1632 rat,
671 1567 928 1622 accedat:
960 1568 1025 1624 de
1048 1582 1155 1638 quo
1176 1582 1274 1637 per
1297 1567 1615 1637 prophetam
1663 1557 1953 1622 scribitur:
1988 1562 2113 1620 Sta-

533 1658 633 1711 tuit
657 1674 719 1712 ea
744 1658 798 1712 in
821 1667 1068 1713 aeternum
1102 1667 1149 1712 et
1176 1658 1231 1711 in
1250 1656 1498 1713 swculum
1531 1654 1710 1712 swculi
1734 1697 1748 1721 ,
1797 1664 2112 1728 praeceptum

533 1752 721 1821 posuit,
745 1760 794 1805 et
831 1768 934 1806 non
966 1751 1247 1823 prceteribit
1303 1748 1475 1824 (Psal.
1506 1752 1761 1823 CXLVIII);
1819 1756 1912 1805 aut
1955 1747 2111 1819 quasi

2210 567 2316 623 que
2338 555 2519 610 cordis
2545 553 2662 622 ejus
2690 555 3217 626 prmdestinationem
3240 555 3441 612 interni
3468 555 3592 624 eius
3609 557 3820 626 iudicii

2210 641 2461 703 innuunt.
2487 644 2543 699 in
2565 646 2760 716 quibus
2783 655 2975 703 cuncta
3001 648 3239 717 reposita
3275 656 3405 702 sunt
3427 663 3554 718 quae
3576 651 3671 705 vel
3700 651 3805 707 {ne

2209 743 2339 791 runt
2361 736 2447 791 vel
2501 739 2848 807 sequentibus
2875 739 3088 794 saeculis
3114 738 3295 795 futura
3323 742 3650 798 succedunt.
3704 743 3803 799 llo

2190 825 2415 899 .minum
2437 830 2636 885 etenim
2660 831 2884 887 consilia
2929 831 3246 901 plerumque
3287 830 3631 888 frustrantur
3658 853 3675 888 :
3705 835 3814 890 Do-

2211 919 2345 976 mini
2369 931 2549 978 autem
2572 923 2857 979 consilium
2881 932 3167 994 permanet
3210 923 3265 977 in
3289 932 3581 979 tetcrnum.
3628 925 3813 982 Bono

2210 1012 2356 1069 enim
2381 1015 2626 1071 mortalis
2651 1015 2850 1071 caduca
2894 1016 3054 1086 sapit,
3078 1023 3318 1071 aeternus
3360 1016 3628 1072 Dominus
3667 1034 3810 1074 nuu-

2211 1119 2371 1174 quam
2403 1106 2844 1176 reprehendenda
2875 1106 3174 1165 constituit.
3208 1107 3362 1162 Unde
3388 1114 3447 1161 et
3469 1106 3581 1162 hoc
3617 1108 3807 1164 oonsi-

2209 1198 2344 1253 lium
2357 1200 2500 1268 quod
2531 1199 2605 1254 illi
2634 1200 2816 1255 dicunt
2828 1201 2971 1270 quod
2984 1214 3082 1271 per
3093 1214 3188 1254 eos
3208 1199 3470 1255 Dominus
3497 1200 3802 1265 statuissa,

2210 1289 2332 1345 ideo
2356 1305 2388 1344 a
2417 1290 2645 1347 Domino
2679 1299 2941 1347 statutum
2970 1304 3090 1347 esse
3131 1291 3354 1346 minime
3380 1292 3649 1358 creditur,
3678 1293 3803 1362 qui
3842 1275 3853 1291 ’

2204 1382 2505 1453 Dominicis
2530 1385 2812 1454 praeceptis
2855 1384 3126 1440 contraire
3168 1384 3527 1454 digncsmtur,
3571 1400 3700 1439 cum
3731 1384 3805 1440 vi-

2212 1476 2407 1533 delicet
2427 1483 2482 1531 et
2501 1492 2597 1546 per
2624 1476 2837 1532 Veteris
2862 1486 2917 1532 et
2948 1493 3044 1547 per
3090 1476 3226 1533 Novi
3260 1477 3599 1532 Testamenti
3646 1477 3800 1545 pagi-

2211 1582 2339 1622 nam
2362 1567 2504 1622 Deus
2531 1582 2591 1623 se
2628 1567 2803 1623 solum
2838 1569 3052 1624 adorari
3096 1584 3193 1624 seu
3225 1568 3330 1623 coli
3364 1566 3692 1630 instituerit,
3718 1567 3800 1622 isti

2214 1668 2395 1715 autem
2420 1659 2679 1730 quasdam
2706 1676 2793 1717 res
2820 1660 3122 1718 insensatas
3149 1661 3460 1718 adcrandas
3481 1660 3601 1715 sive
3631 1658 3799 1714 colen-

2214 1753 2312 1807 das
2367 1767 2488 1808 esse
2542 1752 2929 1809 absurdissima
2981 1753 3365 1809 deliberatione
3425 1756 3797 1821 percenseam.

535 1840 699 1897 ullius
746 1804 1074 1897 adminiculo
1118 1804 1368 1913 indiguus
1395 1841 1597 1897 idcirco
1622 1804 1754 1897 alids
1792 1848 2109 1911 congreget,
2142 1804 2188 1871 Β
2208 1841 2333 1903 ,Νοιι
2359 1843 2504 1898 enim
2533 1844 2676 1898 Deus
2709 1844 3103 1900 commutabilis
3131 1852 3232 1907 est,
3272 1852 3333 1900 ut
3381 1804 3509 1914 qtria:
3533 1853 3687 1897 antea
3719 1843 3799 1897 in-

535 1940 595 1987 ut
613 1933 847 2003 plurium
882 1933 1266 1989 deliberatione
1310 1932 1437 2003 quid
1467 1948 1626 2001 agere
1655 1932 1848 1987 debeat
1894 1937 2112 1986 statuat.

534 2023 631 2080 Est
662 2025 805 2080 enim
833 2025 1106 2081 consilium
1140 2041 1171 2081 a
1218 2024 1547 2081 consulendo
1578 2024 1781 2082 dictum
1805 2063 1821 2090 ,
1876 2038 1983 2094 quo
2021 2020 2119 2076 ali-

538 2114 666 2185 quid
686 2122 778 2170 aut
806 2114 1037 2171 faciendi
1067 2122 1161 2170 aut
1203 2130 1311 2171 non
1338 2113 1569 2171 faciendi
1605 2114 1822 2171 assidua
1873 2113 2119 2169 conside-

535 2205 746 2261 ratione
771 2206 1092 2263 decernitur.
1122 2207 1217 2261 Est
1241 2206 1386 2263 enim
1413 2221 1583 2278 genus
1610 2220 1788 2261 causa:
1818 2204 1962 2275 quod
1992 2218 2117 2258 ora-

535 2301 684 2351 tores
708 2296 1111 2352 deliberativum
1143 2296 1367 2363 dicunt,
1423 2296 1479 2350 in
1513 2312 1620 2365 quo
1645 2310 1841 2366 genere
1894 2293 1962 2349 de
2000 2293 2120 2364 qui-

533 2385 770 2443 buslibet
789 2388 913 2443 vitae
936 2386 1259 2443 utilitatibus
1285 2387 1415 2458 quid
1448 2395 1541 2442 aut
1562 2387 1755 2443 debeat
1770 2393 1863 2441 aut
1887 2400 1994 2440 non
2027 2385 2119 2440 ἀει-

520 2479 660 2535 'beat
685 2479 803 2535 fieri
829 2487 1108 2537 tractatur.
1138 2479 1275 2535 Sunt
1303 2481 1446 2535 enim
1473 2481 1528 2536 in
1548 2496 1613 2536 eo
1639 2479 1820 2535 suasio
1836 2487 1891 2533 et
1915 2478 2119 2535 dissua-

535 2571 637 2637 sio,
670 2570 724 2626 id
745 2578 847 2639 est,
872 2572 937 2628 de
977 2572 1271 2643 expetendo
1304 2577 1358 2627 et
1390 2570 1667 2643 fugiendo,
1690 2570 1756 2627 de
1792 2569 2038 2626 faciendo
2066 2577 2121 2625 et

534 2678 645 2719 non
681 2662 945 2721 faciendo.
978 2664 1038 2720 lu
1066 2666 1317 2721 suasione
1347 2674 1525 2721 autem
1551 2666 1656 2721 duo
1702 2674 1827 2721 sunt
1854 2664 2077 2720 fortiora
2099 2707 2116 2733 ,

538 2769 662 2826 spes
685 2765 739 2812 et
766 2764 962 2814 metus.
996 2756 1129 2824 Quia
1162 2757 1323 2829 igitur
1352 2757 1494 2814 Deus
1515 2757 1856 2827 omnipotens
1882 2756 2120 2822 est,ideo

538 2847 736 2903 nullius
762 2855 845 2903 est
893 2848 1161 2917 indiguus,
1186 2849 1411 2920 ideoque
1457 2865 1561 2904 nec
1593 2848 1814 2903 alterius
1869 2848 2123 2903 suasione

538 2940 606 2995 ad
629 2956 692 2997 ea
717 2956 836 3010 quae
864 2955 973 2995 non
1002 2941 1116 2995 vult
1146 2943 1449 3012 peragenda
1486 2948 1833 3011 promovetur
1855 2981 1870 3007 ,
1918 2955 2020 2996 nec
2052 2939 2120 2996 ab

541 3031 628 3086 his
654 3046 773 3101 qua:
794 3046 952 3103 agere
981 3032 1097 3087 vult
1119 3028 1278 3087 ullius
1305 3033 1641 3088 dissuasione
1661 3040 1988 3098 removetur,
2020 3046 2121 3088 nec

539 3121 773 3192 quodam
815 3132 964 3178 metu
1000 3124 1068 3179 ab
1095 3123 1379 3194 aliquibus,
1404 3140 1525 3194 quae
1565 3139 1723 3196 agere
1751 3125 1865 3179 vult
1912 3122 2119 3194 agenda

539 3215 803 3283 hortatur,
834 3230 934 3272 nec
973 3231 1095 3273 cum
1151 3215 1257 3272 alio
1315 3216 1523 3272 consilii
1548 3215 1632 3271 sui
1680 3214 2119 3272 deliberationem

524 3306 745 3363 statuit.
775 3307 981 3376 Quibus
1011 3310 1261 3366 omnibus
1284 3310 1332 3366 si
1379 3308 1684 3382 indigeret,
1743 3309 2123 3366 necessitatem

541 3408 834 3471 pateretur,
862 3403 1204 3474 omnipotens
1230 3419 1340 3459 non
1391 3412 1577 3460 esset:
1614 3412 1697 3461 est
1725 3412 1904 3460 autem
1949 3403 2125 3459 omni-

532 3498 751 3564 potens,
781 3492 985 3550 nullam
1011 3495 1178 3567 igitur
1225 3495 1573 3568 indigentiam
1598 3496 1780 3563 habet,
1810 3512 1874 3551 ac
1897 3511 1995 3566 per
2021 3496 2124 3551 hoc

530 3587 815 3644 incautum
841 3597 923 3645 est
943 3590 1120 3645 dicere
1147 3605 1164 3646 :
1196 3588 1537 3662 Cangregavit
1568 3606 1653 3645 vos
1678 3582 1819 3644 Deus
1850 3586 2123 3643 consilium

532 3676 809 3754 proprium
835 3690 1064 3737 statuere
1092 3681 1287 3738 volens.
1310 3679 1605 3738 Consilium
1631 3695 1866 3751 namque
1908 3678 2003 3735 Dei
2029 3676 2123 3733 Fi-

535 3772 651 3829 lius
674 3780 776 3840 est,
805 3774 897 3845 qui
933 3789 1042 3830 non
1079 3782 1315 3831 statutus
1356 3783 1442 3831 est
1481 3791 1512 3830 a
1542 3774 1703 3830 Patre
1728 3774 1958 3846 quadam
1990 3772 2123 3829 deli-

534 3862 842 3931 beratione,
872 3867 965 3922 sed
999 3865 1210 3938 genitus
1237 3874 1365 3922 ante
1410 3864 1606 3924 saecula
1634 3864 1891 3921 ineﬂ‘abili
1930 3863 2125 3920 nativi-

538 3960 676 4020 tate,
704 3963 867 4025 quem
908 3954 1072 4011 Pater
1109 3957 1394 4029 genuisse,
1433 3965 1490 4013 et
1530 3958 1647 4014 sine
1691 3972 1799 4027 quo
1847 3971 2124 4026 nunquam

538 4038 713 4098 fuisse
738 4058 771 4097 a
794 4043 1039 4101 fidelibus
1069 4047 1341 4105 .creditur.
1386 4047 1485 4103 Est
1523 4049 1670 4103 enim
1712 4047 1976 4118 sapientia
2028 4047 2125 4104 Dei

545 4129 724 4188 Patris
769 4147 890 4204 quae
931 4134 982 4190 ei
1032 4139 1459 4208 ocnsempiterna
1501 4146 1620 4204 est,
1673 4147 1729 4194 et
1778 4155 1898 4209 qua:
1954 4140 2121 4194 dicit:

544 4226 677 4281 Ante
703 4223 858 4281 colles
908 4242 1001 4296 ego
1033 4229 1383 4297 parturiebar,
1412 4227 1584 4283 adhuc
1609 4238 1805 4282 terram
1853 4245 1959 4283 non
1983 4229 2121 4298 fece-

545 4328 649 4384 rat,
679 4318 888 4390 quando
914 4317 1133 4390 parabat
1163 4319 1333 4386 ccelos,
1370 4319 1583 4375 aderam
1609 4316 1722 4386 illi;
1756 4320 1881 4374 dum
1907 4319 2123 4375 vallaret

542 4408 681 4462 mari
705 4410 1011 4475 terminum,
1038 4417 1085 4465 et
1131 4408 1291 4481 legem
1319 4421 1529 4481 poneret
1557 4411 1729 4483 aquis,
1762 4428 1855 4483 ego
1880 4428 1998 4466 cum
2031 4408 2122 4466 illo

542 4516 687 4556 eram
716 4499 896 4576 (Prov.
920 4506 1064 4575 vui).
1095 4501 1226 4570 Quae
1258 4503 1419 4558 etiam
1450 4503 1822 4560 celsitudinem
1850 4519 2003 4559 suam
2036 4504 2122 4559 his

541 4592 723 4649 verbis
746 4592 1077 4649 demonstrat
1104 4595 1286 4650 dicens
1312 4613 1325 4649 :
1357 4592 1470 4667 Ego
1499 4594 1552 4649 in
1583 4595 1867 4659 altissimis,
1890 4596 2120 4651 habitavi

543 4694 598 4744 et
636 4686 853 4742 thronus
886 4694 1030 4741 meus
1054 4688 1112 4743 in
1139 4687 1383 4742 columna
1424 4686 1574 4741 nubis
1601 4685 1789 4759 (Eccli.
1835 4688 2019 4759 xxiv);
2063 4696 2119 4743 et

543 4777 740 4839 iterum
763 4793 779 4833 :
810 4777 1009 4850 Cyrum
1032 4781 1157 4836 coeli
1174 4780 1387 4835 circuiri
1404 4778 1518 4833 sola
1538 4819 1553 4845 ,
1592 4788 1640 4833 et
1664 4782 1719 4834 in
1743 4780 1984 4851 [luctibus
2006 4797 2119 4835 ma-

535 4870 617 4933 ris
636 4871 918 4938 mbulaui,
938 4874 997 4927 in
1028 4890 1232 4929 omnem
1260 4878 1463 4944 gentem
1497 4880 1547 4926 et
1571 4873 1629 4926 in
1640 4887 1851 4927 omnem
1869 4872 2119 4944 populum

539 4963 824 5039 primatu
862 4963 1034 5028 anui;
1070 4971 1127 5017 et
1166 4963 1364 5017 iterum
1400 4979 1415 5017 :
1456 4961 1572 5034 Ego
1626 4963 1775 5034 quasi
1819 4961 2118 5016 terebinthis

541 5055 767 5127 eapandi
809 5069 982 5108 ramos
1024 5062 1187 5109 meos.
1226 5051 1340 5126 Ego
1386 5054 1485 5127 feci
1509 5064 1563 5110 ut
1591 5058 1816 5109 oriretur
1852 5053 2038 5123 lucifer
2060 5054 2118 5108 in

541 5146 690 5203 calo.
712 5144 826 5218 Ego
849 5160 1025 5201 omnes
1047 5147 1136 5217 qui
1171 5162 1253 5202 me
1294 5158 1472 5203 amant
1524 5147 1705 5219 diligo.
1751 5146 1940 5201 Exitus
1980 5144 2116 5200 enim

540 5236 645 5293 mei
671 5237 846 5293 uitus
871 5237 989 5293 vita
1010 5245 1150 5294 sunt.
1202 5238 1277 5293 De
1306 5238 1408 5294 hoc
1450 5238 1593 5297 enim
1627 5237 1852 5294 consilio
1879 5235 2118 5292 Psalmo-

541 5327 778 5401 graphus
804 5328 977 5386 dixit:
1007 5327 1297 5386 Consilium
1323 5330 1538 5386 Domini
1568 5339 1741 5386 manet
1759 5332 1814 5385 in
1841 5338 2113 5395 wtemum,

541 5421 877 5495 cogitationes
892 5423 1061 5480 cordis
1072 5424 1187 5499 ejus
1202 5426 1257 5479 in
1270 5425 1517 5481 saeculum
1538 5425 1716 5481 διεσαιὶ
1733 5423 1903 5498 (Psal.
1924 5431 2112 5495 XXXV).

539 5511 645 5582 Qui
662 5512 779 5570 ideo
797 5512 1076 5571 consilium
1097 5514 1314 5583 dicitur,
1338 5530 1402 5571 eo
1429 5515 1573 5586 quod
1592 5513 1979 5571 incarnationis
2000 5513 2116 5584 ejus

542 5614 798 5662 arcanum
821 5607 890 5661 ad
904 5605 1549 5662 consulendum'bumano
1575 5605 1758 5677 generi
1796 5603 1867 5659 sit
1889 5620 2110 5661 conces-

542 5702 682 5766 sum,
706 5697 850 5769 quod
876 5695 1159 5752 consilium
1189 5697 1332 5752 nulla
1370 5705 1531 5753 aetate
1568 5697 1893 5763 dissolvitur,
1924 5697 2018 5753 sed
2059 5696 2114 5752 in

542 5792 802 5852 aeternum
825 5789 1168 5864 manet,'quia
1187 5788 1528 5863 triumphalis
1544 5802 1692 5849 mors
1705 5791 1917 5850 Domini
1936 5792 2115 5850 diabo-

2214 1933 2465 1989 hibuerat
2494 1934 2652 1987 modo
2678 1933 2980 2004 peragenda
3017 1932 3315 1997 concedat,
3372 1935 3473 1988 sed
3496 1933 3636 2002 quod
3674 1939 3799 1986 ante

2217 2025 2413 2081 saecula
2442 2025 2498 2079 in
2527 2026 2753 2080 consilio
2786 2042 2905 2091 suo,
2929 2028 3031 2081 hoc
3049 2036 3153 2091 est,
3179 2027 3235 2080 in
3263 2025 3399 2080 Filio
3422 2066 3440 2089 ,
3487 2025 3793 2089 constituat,

2216 2131 2430 2186 semper
2448 2118 2660 2172 stabilia
2681 2131 2799 2172 esse
2817 2118 3100 2187 permittit,
3129 2118 3266 2173 Isaia
3292 2124 3599 2173 attestante
3628 2117 3717 2184 qui
3736 2130 3795 2169 ει

2214 2224 2446 2280 persona
2474 2210 2569 2265 Dei
2615 2210 2791 2266 Patris
2838 2211 2943 2265 ait:
2976 2209 3140 2265 Omne
3175 2210 3455 2264 consiﬁuns
3491 2225 3674 2262 meum
3701 2218 3795 2261 stc-

2219 2300 2320 2356 bile
2338 2303 2458 2367 erit,
2488 2312 2535 2357 et
2570 2303 2745 2356 omnia
2788 2317 3105 2373 quacunque
3135 2301 3357 2371 cogitavi
3395 2300 3643 2369 efﬁciant
3673 2296 3790 2367 (Isi.

2219 2393 2387 2465 XLVI).
2414 2393 2526 2449 Hoc
2555 2394 2757 2448 etenim
2790 2392 3094 2456 consilium,
3117 2391 3169 2445 id
3202 2400 3284 2446 est
3325 2390 3523 2453 Filius,
3550 2399 3615 2442 et
3649 2397 3793 2441 testa-

2219 2498 2461 2546 mentum
2507 2488 2720 2551 dicitur,
2750 2488 2893 2544 unde
2922 2493 2975 2541 et
3002 2484 3261 2541 Jeremias
3303 2485 3419 2538 ait:
3451 2482 3515 2538 Si
3558 2500 3668 2537 non
3687 2488 3797 2535 esset

2218 2592 2581 2640 testamentum
2607 2598 2779 2636 meum
2800 2581 2857 2635 in
2879 2579 3117 2635 custodia
3151 2578 3234 2632 die
3255 2592 3315 2630 ac
3348 2585 3525 2639 nocte,
3552 2580 3801 2644 praeque

2220 2674 2334 2731 cali
2352 2684 2400 2729 et
2415 2684 2566 2729 terra:
2586 2690 2690 2728 non
2710 2672 2986 2726 dedissem.
3009 2671 3084 2725 De
3101 2686 3209 2740 quo
3228 2676 3563 2725 testamento
3582 2666 3799 2722 dicitur:

2220 2767 2292 2822 Et
2335 2775 2694 2821 testamentum
2742 2764 2887 2835 pacis
2934 2764 3032 2817 erit
3067 2762 3125 2816 in
3150 2759 3471 2816 Jerusalem.
3531 2756 3802 2827 Quom

2204 2874 2349 2930 ergo
2371 2859 2511 2915 Deus
2536 2857 2654 2912 illos
2686 2857 2807 2913 ideo
2827 2862 3173 2926 congregaret
3198 2863 3259 2907 ιιι
3277 2868 3376 2923 per
3402 2867 3502 2907 eos
3522 2850 3800 2907 consilium

2217 2953 2498 3025 proprium
2520 2960 2802 3016 statueret,
2825 2959 2886 3005 ut
2930 2950 3005 3004 illi
3036 2949 3347 3013 somniant,
3406 2948 3462 3002 in
3497 2962 3612 3016 quo
3666 2953 3798 3000 tanta

2174 3092 2181 3099 ,
2221 3053 2306 3101 est
2328 3045 2555 3100 scientia
2575 3052 2634 3099 ut
2660 3058 2761 3098 nec
2783 3042 3054 3113 praeterita
3097 3041 3146 3095 ei
3174 3039 3443 3110 quasdam,
3470 3053 3577 3093 nec
3608 3037 3797 3101 futura,

2142 3170 2191 3236 ρ
2221 3139 2317 3196 sed
2340 3139 2522 3194 omnia
2554 3136 2839 3208 prazscntia
2891 3135 3017 3197 sint,
3047 3133 3200 3203 cujus
3238 3133 3601 3189 substantiam

2222 3239 2328 3296 est,
2356 3230 2501 3285 nulla
2537 3236 2717 3299 potest
2755 3228 3021 3298 attingere
3061 3225 3278 3295 opinio,
3330 3224 3472 3278 nulla
3508 3221 3800 3290 complecti

2220 3322 2484 3385 definitio,
2508 3322 2760 3392 quoniam
2792 3320 2910 3389 plus
2955 3325 3039 3374 est
3061 3334 3225 3388 quam
3268 3317 3527 3387 quidquid
3574 3314 3683 3370 dici
3708 3323 3803 3369 aut

2223 3413 2448 3485 cogitari
2483 3412 2690 3481 potest?
2715 3411 2810 3466 Est
2841 3410 2985 3465 enim
3029 3410 3253 3480 spiritus
3302 3416 3500 3465 natura
3535 3406 3755 3477 simplex
3776 3445 3795 3472 ,

2222 3501 2316 3558 lux
2339 3502 2743 3568 inaccessibilis,
2770 3500 3070 3569 invisibilis,
3101 3499 3515 3563 inaestimabilis,
3544 3498 3797 3561 inﬁnitus,

2221 3594 2514 3665 perfectus,
2554 3594 2753 3650 nullius
2773 3610 2973 3666 egens,
3020 3603 3273 3655 aeternus,
3305 3590 3673 3654 immortalis,
3718 3589 3798 3644 cui

2222 3686 2404 3751 omnia
2425 3686 2631 3751 vivunt,
2662 3702 2695 3739 a
2722 3700 2827 3755 quo
2850 3685 3033 3740 omnia
3081 3685 3294 3740 initium
3325 3690 3623 3740 consecuta
3643 3689 3794 3746 sunt,

2222 3779 2583 3844 venerandus,
2610 3776 2929 3848 diligendus,
2946 3776 3283 3839 metuendus,
3309 3784 3466 3841 extra
3487 3791 3655 3846 quem
3673 3770 3799 3828 nihil

2222 3878 2329 3935 est,
2361 3869 2469 3924 imo
2500 3868 2557 3923 in
2584 3882 2691 3938 quo
2743 3875 2869 3922 sunt
2905 3866 3089 3921 omnia
3138 3879 3363 3935 quasque
3418 3873 3553 3919 sunt
3594 3876 3798 3918 sursum

2223 3963 2558 4025 deorsumve,
2595 3976 2805 4017 summa
2839 3968 2894 4016 et
2929 3960 3054 4025 ima,
3081 3959 3425 4029 omnipotens
3444 3997 3464 4023 ,
3520 3956 3704 4013 omnia
3728 3965 3800 4009 tc-

2223 4070 2377 4121 nens,
2403 4069 2529 4109 vere
2554 4054 2609 4109 in
2626 4053 2876 4109 omnibus
2907 4052 3058 4107 dive’s
3079 4092 3094 4116 ,
3145 4051 3271 4120 quia
3309 4049 3449 4105 nihil
3472 4058 3562 4104 est
3584 4047 3678 4103 ubi
3702 4060 3801 4101 non

2223 4148 2315 4213 sit,
2338 4162 2439 4202 nec
2463 4146 2660 4214 aliquis
2686 4145 2736 4199 ei
2763 4144 2911 4200 locus
2942 4144 3141 4199 absens
3185 4151 3287 4205 est,
3312 4140 3561 4210 exceptis
3615 4138 3799 4208 impio-

2224 4253 2345 4297 rum
2378 4237 2650 4302 cordibus,
2674 4236 2766 4291 ubi
2791 4236 3037 4306 quamvis
3073 4235 3145 4289 sit
3189 4249 3287 4304 per
3308 4234 3611 4304 potentiam
3636 4273 3654 4298 ,
3700 4248 3799 4289 non

2224 4340 2308 4391 est
2328 4338 2510 4386 tamen
2544 4344 2641 4399 per
2675 4327 2922 4399 gratiam,
2966 4327 3060 4397 qui
3093 4326 3292 4395 ubique
3317 4339 3439 4379 esse
3486 4324 3578 4379 his
3615 4323 3801 4379 divina

2225 4422 2358 4492 legis
2383 4418 2705 4477 testimoniis
2733 4417 3134 4487 comprobatur.
3159 4414 3253 4469 Ait
3299 4414 3447 4468 enim
3482 4414 3795 4469 Psalmista:

2152 4528 2206 4595 ι)
2231 4512 2346 4579 Quo
2372 4510 2456 4564 ibo
2493 4510 2557 4563 ab
2580 4508 2765 4579 spiritu
2790 4516 2901 4573 tuo,
2924 4516 2972 4560 et
2998 4524 3031 4595 a
3056 4506 3191 4578 [acie
3224 4516 3317 4559 tua
3331 4521 3435 4576 quo
3459 4504 3709 4575 fugiam?
3742 4502 3798 4559 Si

2221 4600 2501 4661 ascendere
2539 4600 2595 4654 in
2618 4597 2823 4663 coelum,
2848 4606 2905 4651 tu
2932 4594 3040 4651 illic
3064 4614 3137 4660 es,
3162 4606 3211 4651 et
3237 4597 3283 4651 si
3305 4595 3628 4651 descendere
3648 4597 3703 4650 is
3726 4596 3798 4650 in-

2220 4696 2447 4767 fernum,
2478 4691 2634 4756 ades;
2664 4690 2710 4745 si
2740 4704 3006 4760 sumpsero
3045 4705 3242 4759 pennas
3276 4705 3419 4742 meas
3459 4698 3589 4743 ante
3618 4688 3791 4750 ιω..

2187 4824 2192 4829 -
2219 4796 2267 4842 et
2294 4784 2591 4840 habitavero
2616 4782 2673 4836 in
2695 4781 2937 4837 extremis
2964 4781 3125 4834 maris
3149 4820 3166 4848 ,
3220 4781 3409 4834 etenim
3453 4778 3589 4835 illuc
3624 4793 3796 4834 manu

2218 4887 2313 4934 tua
2340 4872 2557 4930 deducet
2614 4889 2695 4927 me
2723 4912 2740 4938 ,
2799 4880 2847 4925 et
2885 4870 3070 4925 tenebit
3130 4886 3213 4925 me
3256 4869 3473 4925 dextera
3513 4879 3610 4925 tua
3636 4866 3795 4943 (PsaL

2219 4967 2505 5041 cxxxvm).
2534 4964 2592 5021 In
2618 4962 2757 5021 Isaia
2780 4978 2994 5035 quoque
3033 4962 3270 5034 legitur:
3314 4959 3551 5019 Sanctus
3599 4972 3798 5018 saneta

2217 5072 2429 5118 sanctus
2452 5059 2706 5113 Dominus
2742 5055 2881 5109 Deus
2915 5054 3166 5119 Sabaoth,
3187 5054 3341 5124 plena
3367 5054 3444 5108 est
3469 5064 3615 5109 terra
3639 5053 3797 5126 gloria

2217 5150 2507 5224 majestatis
2533 5157 2636 5202 tua:
2666 5144 2801 5220 (Isa.
2827 5141 2925 5217 vr).
2955 5143 3062 5200 Per
3080 5140 3369 5199 Jeremiam
3399 5158 3621 5214 quoque
3641 5142 3792 5197 dicit:

2217 5240 2363 5299 Deus
2386 5240 2807 5312 appropinquans
2845 5252 2938 5308 ego
2967 5250 3104 5301 sum,
3136 5234 3260 5288 dicit
3292 5230 3577 5300 Dominus,
3604 5244 3653 5289 et
3699 5247 3791 5286 nos

2217 5334 2359 5392 Deus
2393 5332 2457 5388 de
2485 5331 2764 5402 longinquo
2788 5346 2808 5385 :
2831 5326 2971 5401 quod
2995 5328 3041 5382 si
3067 5327 3348 5381 absconsus
3375 5325 3538 5395 fuerit
3575 5326 3725 5379 homo
3747 5323 3796 5375 is

2218 5414 2428 5492 abditis,
2451 5440 2542 5494 ego
2571 5438 2690 5477 eum
2722 5419 2921 5475 videbo.
2975 5417 3164 5473 Nonne
3188 5416 3373 5471 caelum
3411 5426 3461 5470 et
3488 5426 3686 5470 terram
3711 5426 3796 5477 ego

2216 5514 2441 5587 impleo?
2464 5514 2589 5568 dicit
2619 5512 2871 5566 Dominus
2902 5508 3117 5582 (Jerem.
3164 5508 3345 5577 mn).
3375 5506 3541 5561 Liber
3591 5514 3797 5574 quoque

2219 5607 2506 5678 Sapientim
2533 5604 2693 5661 dicit:
2740 5602 2967 5659 Sanctus
2995 5600 3131 5654 enim
3176 5598 3388 5670 spiritus
3413 5596 3712 5667 sapientiw,
3748 5597 3795 5644 ct

2219 5717 2322 5755 non
2351 5698 2581 5752 liberavit
2604 5694 2939 5750 maledictum
2960 5711 2991 5746 a
3014 5692 3166 5746 labiis
3190 5691 3320 5754 suis,
3345 5691 3595 5765 quoniam
3617 5699 3790 5740 renum

2215 5792 2360 5851 illius
2391 5791 2532 5848 testis
2552 5800 2626 5847 est
2646 5787 2808 5851 Deus,
2834 5796 2881 5844 et
2917 5784 3109 5841 cordis.
3127 5782 3269 5841 illius
3299 5779 3594 5853 speculator
3616 5786 3691 5835 est
3716 5780 3787 5832 ve-
