4016 6292
218 308 364 367 ιω

1007 302 1188 364 LIBRI
1220 304 1563 366 CAROLINI.
1600 335 1673 351 -—
1702 303 1925 365 CAPIT.
1964 301 2281 363 DEJMAG.
2318 332 2390 346 —
2424 301 2553 361 LIB.
2591 300 2681 361 ill.

3330 300 3475 365 ut!

216 439 334 487 rus,
357 428 407 478 st
436 420 633 492 lingua
676 396 912 489 auditor;
935 422 1061 492 quia
1093 422 1308 494 spiritus
1334 422 1550 479 Domini
1588 421 1800 494 replebit
1825 420 1877 486 Α
1893 419 2170 490 jestatibus
2195 419 2391 489 faciens
2424 418 2665 491 prodigia
2699 416 2897 481 (Exod.
2922 417 3053 491 xv)?
3080 417 3155 476 De
3180 434 3288 491 quo
3313 424 3477 478 etiam

218 513 405 567 urbem
469 520 730 567 terrarum
771 511 925 583 (Sep.
950 511 1014 584 ι).
1063 512 1125 568 In
1170 512 1547 568 Ecclesiastico
1590 526 1807 583 quoque

218 602 521 667 scribitur:
548 600 811 668 Quoniam
834 602 1000 658 multa
1025 604 1282 675 sapientia
1304 604 1419 670 Dei,
1448 604 1597 675 fortis
1627 605 1681 659 in
1704 618 1803 675 po-

218 695 407 760 tentia,
438 693 617 750 videns
649 710 826 750 omnes
851 696 964 750 sine
1003 697 1416 762 intermissione;
1451 696 1543 768 qui
1577 696 1806 751 bonitate

218 800 324 843 uta
350 800 469 839 eum
492 785 583 855 qui
613 799 716 840 non
740 793 856 839 erm
888 785 1100 849 creauit,
1114 778 1326 853 justitia
1350 801 1471 839 eum
1498 785 1588 856 qui
1624 800 1806 856 pecca-

221 884 371 931 uerat
393 875 773 941 condemnavit,
804 875 1164 931 misericordia
1211 877 1316 930 imo
1366 892 1558 949 magna
1603 876 1807 932 miseri-

218 966 411 1022 cordia
432 981 553 1021 aut
584 966 675 1038 qui
710 968 936 1038 perierat
969 968 1278 1023 restauravit
1304 967 1493 1041 (Eccli.
1523 968 1680 1042 xm).
1729 968 1806 1026 De

220 1073 333 1131 quo
384 1073 482 1128 per
514 1059 836 1128 Prophetam
871 1059 1112 1116 dicitur:
1142 1060 1340 1133 Magna
1394 1079 1550 1134 opera
1594 1062 1807 1116 Domini

221 1150 484 1221 exquisita
505 1151 561 1205 in
599 1162 774 1206 omnes
805 1150 1094 1207 voluntates
1138 1153 1253 1224 ejus
1276 1170 1296 1209 :
1325 1154 1582 1224 confessio
1606 1164 1656 1210 et
1692 1172 1808 1211 ma-

217 1242 523 1314 gniﬁcentia
546 1257 676 1313 opus
694 1243 837 1313 ejus,
873 1251 921 1298 et
951 1245 1159 1311 iustitia
1198 1247 1315 1317 ejus
1354 1256 1528 1302 manet
1552 1248 1611 1301 in
1640 1263 1808 1301 περιι-

220 1329 335 1387 lsuu
358 1332 541 1388 saeculi
570 1331 744 1405 (Psal.
780 1333 890 1406 ον).
917 1334 988 1390 Et
1016 1335 1246 1391 iterum:
1276 1336 1546 1393 Universa
1575 1339 1670 1393 vice
1698 1338 1807 1393 Do-

220 1429 357 1483 mini
384 1430 745 1486 misericordia
789 1443 839 1487 α
868 1435 1057 1489 ueritas
1088 1434 1258 1506 (Psal.
1309 1436 1470 1508 xxv);
1522 1445 1576 1493 et
1605 1440 1689 1495 cui
1711 1450 1811 1509 per

219 1518 473 1576 eumdem
487 1520 807 1591 Prophetam
830 1524 1058 1579 dicitur:
1084 1525 1154 1581 Et
1180 1536 1258 1593 tu,
1282 1527 1505 1584 Domine
1523 1530 1682 1599 Deus,
1706 1534 1808 1587 mi-

217 1624 425 1669 seratur
451 1623 500 1669 et
537 1616 853 1683 misericors,
906 1621 1108 1690 patiens
1134 1630 1182 1676 et
1217 1623 1396 1678 multrc
1439 1625 1809 1683 misericordiae

217 1712 451 1760 εἰνάτη
475 1705 651 1777 (Psal.
692 1708 936 1781 LXXXVI).
986 1710 1237 1783 Nunquid
1280 1728 1405 1768 eum
1430 1730 1590 1785 quem
1639 1716 1811 1781 domi-

1902 522 2000 583 per
2046 511 2388 567 Psalmistam
2445 511 2681 567 dicitur:
2705 510 2966 578 Quoniam
3018 513 3134 585 quis
3175 514 3231 568 in
3259 514 3479 573 nubibus

1904 602 2195 673 irquabitur
2236 600 2480 668 Domino,
2518 612 2611 657 aut
2655 604 2769 675 quis
2817 603 3005 659 similis
3053 604 3154 660 erit
3182 604 3292 662 Deo
3346 607 3482 663 inter

1900 692 2039 761 ﬁlios
2061 693 2195 747 Dei?
2216 692 2355 748 Deus
2378 693 2466 765 qui
2489 691 2817 765 gloriﬁcatur
2835 693 2889 748 in
2912 693 3131 749 consilio
3156 704 3480 763 sanctorum,

1900 800 2119 857 magnus
2148 794 2194 841 et
2220 786 2523 841 metuendus
2547 803 2702 858 super
2730 802 2906 840 omnes
2924 785 3016 857 qui
3038 787 3092 841 in
3118 786 3339 841 circuitu
3367 785 3484 858 ejus

1900 885 2041 930 sunt.
2073 876 2293 931 Domine
2313 876 2455 932 Deus
2484 878 2752 945 virtutum,
2782 878 2898 950 quis
2920 877 3108 933 similis
3131 877 3264 933 tibi?
3288 876 3483 934 Potens

1902 982 1978 1033 es,
2016 965 2258 1037 Domine,
2296 977 2345 1026 el
2391 967 2577 1026 veritas
2630 980 2722 1026 tua
2793 971 2849 1028 in
2901 972 3121 1028 circuitu
3173 982 3263 1029 tuo
3308 971 3480 1044 (Psal.

1904 1060 2149 1134 Lxxnx).

2502 1152 2729 1212 CAPUT
2767 1152 2884 1212 XV.

1907 1256 2102 1343 Contra
2124 1286 2223 1343 Aeas
2259 1270 2551 1343 quidicunt
2576 1288 2595 1326 :
2620 1272 2679 1327 Si
2700 1272 2845 1328 enim
2868 1270 3172 1342 imperiales
3188 1270 3399 1343 effigies
3428 1280 3485 1327 et

1979 1340 2239 1412 imagines
2264 1340 2488 1396 emissas
2512 1342 2563 1396 in
2593 1343 2837 1398 civitates
2866 1352 2921 1398 et
2944 1340 3264 1412 provincias
3294 1340 3484 1398 obvia-

1976 1411 2109 1484 bunt
2127 1412 2306 1483 populi
2333 1427 2455 1484 cum
2476 1414 2646 1484 cereis
2671 1411 3197 1484 etthymiamatibus,
3228 1428 3333 1468 non
3360 1429 3487 1468 cera

1975 1481 2247 1551 perfusam
2282 1483 2519 1537 tabulam
2563 1481 2908 1547 honorantes,
2950 1482 3044 1539 sed
3079 1484 3480 1553 imperatorem,

1916 1610 1923 1613 _
1977 1563 2183 1636 quanto
2214 1554 2383 1636 magis
2413 1562 2624 1636 oportet
2654 1554 2993 1636 inlineclesiis
3013 1554 3226 1636 Christi
3265 1554 3482 1636 depingi

1981 1623 2243 1696 imagines
2264 1623 2548 1679 salvatoris
2569 1625 2735 1681 nostri
2761 1624 2854 1680 Dei
2876 1632 2930 1681 et
2950 1625 3283 1682 intemeratae
3296 1623 3486 1681 matris

1981 1693 2115 1764 ejus'
2130 1704 2186 1753 et
2212 1703 2520 1752 sanctorum
2545 1696 2819 1752 omnium?

219 1797 471 1855 nationes
491 1800 739 1867 adorant,
762 1809 999 1857 tremunt
1018 1812 1308 1874 potestates
1335 1848 1349 1869 ,
1405 1815 1461 1863 et
1497 1808 1808 1867 ccelestibus
1838 1800 1883 1864 Β
1979 1808 2233 1882 Quisquis
2288 1808 2513 1880 alicujus
2556 1809 2688 1865 artis
2735 1808 2918 1867 sedula
2945 1807 3295 1864 meditatione
3341 1804 3492 1877 cupit

220 1889 443 1961 hymnis
468 1891 772 1948 laetabunda
798 1894 1109 1964 angelorum
1133 1897 1399 1953 collaudat
1414 1901 1623 1966 militia,
1649 1917 1809 1973 quem

218 1983 509 2039 clientium
536 1993 590 2040 et
614 1988 906 2056 seraphim,
939 1990 1193 2046 sublimes
1221 1992 1449 2049 virtutes
1490 1994 1605 2064 ejus
1630 1988 1808 2052 scien-

218 2075 303 2131 tia
335 2075 570 2146 repletas,
594 2075 713 2146 ejus
739 2094 921 2135 amore
944 2082 1215 2150 ardentes,
1239 2099 1400 2139 sensu
1423 2085 1644 2144 minime
1663 2103 1812 2146 com-

218 2167 563 2237 prehendere
586 2168 786 2235 valent,
816 2186 978 2241 quem
1020 2189 1180 2228 nemo
1200 2176 1351 2230 novit
1388 2178 1494 2233 nisi
1523 2178 1690 2236 Filius
1716 2181 1811 2252 qui

220 2259 413 2343 utique
441 2261 603 2317 tutius
628 2269 713 2317 est
741 2278 862 2318 cum
898 2278 966 2320 eo
994 2265 1325 2333 substantiae,
1355 2270 1576 2326 credere
1617 2287 1812 2343 oppor-

214 2342 419 2404 tunum
455 2358 541 2405 est
584 2359 645 2406 ut
671 2351 895 2409 alterius
927 2355 1153 2412 consilio
1196 2360 1393 2429 egeat?
1428 2368 1483 2415 et
1506 2360 1631 2416 ideo
1676 2342 1812 2420 alios

222 2449 488 2498 convocet
510 2451 571 2497 ut
590 2458 687 2513 per
705 2444 841 2501 alios
865 2447 1149 2504 consilium
1178 2466 1335 2506 suum
1385 2453 1616 2508 statuat?
1640 2453 1687 2511 0
1716 2456 1810 2511 de-

222 2533 623 2590 mentissitha
654 2536 874 2603 dicam,
896 2553 929 2593 ο
963 2541 1166 2598 insulsa
1196 2543 1414 2610 locutio,
1438 2560 1472 2601 ο
1504 2547 1667 2603 verba
1684 2563 1814 2603 cun-

222 2623 331 2681 etis
353 2624 549 2683 tivinis
582 2628 764 2683 verbis
805 2630 1132 2688 obnitential
1161 2650 1283 2704 quae
1300 2636 1345 2691 si
1372 2637 1441 2693 ab
1484 2637 1567 2693 his
1618 2640 1814 2709 quibus

224 2714 371 2773 dicta
406 2724 534 2772 sunt
563 2717 938 2789 defenduntur,
965 2723 1190 2781 insania:
1219 2726 1397 2782 vicina
1424 2737 1581 2795 sunt;
1617 2730 1663 2785 si
1705 2746 1813 2785 non

223 2805 609 2877 deformantur,
642 2811 957 2880 ignorantia:
979 2823 1034 2870 et
1062 2816 1288 2887 ignaviae
1332 2819 1637 2891 deputanda
1663 2830 1809 2878 sunt.

221 2896 521 2957 Adberere
548 2904 693 2960 enim
715 2904 826 2959 Deo
873 2908 998 2976 quis
1049 2918 1226 2979 potest
1280 2914 1437 2970 bonis
1485 2916 1695 2973 actibus
1724 2919 1812 2973 in-

223 2991 504 3059 sisteado,
545 2996 685 3052 sicut
740 2994 833 3053 ille
867 3002 1115 3070 cupiebat
1151 3004 1243 3073 qui
1279 3004 1432 3072 dixit,
1465 3006 1597 3062 Mihi
1637 3018 1813 3065 autem

223 3082 498 3139 adhaerere
529 3085 639 3141 Deo
682 3088 872 3145 bonum
904 3101 980 3145 est
1017 3093 1190 3163 (Psal.
1242 3097 1476 3171 cum);
1524 3100 1812 3156 consilium

1909 1900 2111 1958 habere
2138 1901 2410 1972 peritiam,
2442 1918 2545 1957 non
2567 1899 3069 1972 imperitorum,sed
3092 1898 3390 1968 peritorum
3409 1913 3493 1954 ar-

1911 1980 2116 2049 tiﬁcum
2154 1993 2372 2049 monitis
2398 1994 2718 2049 adhaerendo
2741 1994 3008 2051 discendae
3040 1993 3146 2048 arti
3183 1992 3388 2063 praebet
3410 1991 3495 2047 in-

1912 2084 2185 2156 stantiam,
2211 2106 2310 2146 nec
2334 2088 2549 2145 allectat
2593 2105 2781 2145 eorum
2807 2090 2909 2145 sibi
2937 2088 3305 2159 magisterium
3328 2102 3489 2143 usur-

1910 2199 2061 2261 pare,
2087 2200 2222 2255 quos
2270 2185 2415 2241 videt
2462 2185 2518 2239 in
2560 2184 2780 2256 propria
2813 2193 2931 2240 arte
2980 2184 3161 2240 minus
3206 2184 3395 2241 doctos
3436 2190 3496 2240 et

1913 2276 2264 2348 despicabiles
2292 2291 2430 2341 esse,
2462 2292 2530 2331 ne
2564 2278 2689 2332 dum
2716 2276 2985 2334 desiderat
2996 2273 3215 2330 instanti
3239 2289 3404 2345 opere
3421 2291 3493 2332 ex

1913 2371 2104 2444 adepta
2133 2378 2248 2423 arte
2276 2368 2499 2439 adipisci
2524 2367 2733 2425 laudem
2759 2407 2776 2435 ,
2827 2368 3097 2425 incassum
3119 2374 3175 2422 et
3202 2381 3360 2421 suum
3388 2366 3490 2422 de-

1910 2462 2099 2533 perdat
2122 2476 2274 2531 opus,
2306 2469 2360 2516 et
2376 2460 2587 2517 caeteris
2608 2461 2677 2514 sit
2699 2460 2754 2515 in
2783 2459 3277 2517 subsannationem.
3305 2456 3420 2513 Hoc
3456 2471 3496 2514 a

1913 2552 2215 2607 liberalium
2244 2552 2440 2606 artium
2476 2550 2849 2615 sectatoribus,
2879 2550 2984 2607 hoc
3010 2566 3040 2604 a
3071 2547 3315 2615 medicis,
3338 2548 3441 2604 hoc
3460 2560 3499 2606 a

1913 2643 2252 2698 metallorum
2275 2640 2657 2698 conﬂatoribus
2679 2642 2791 2697 sive
2816 2640 3177 2712 sculptoribus
3194 2681 3210 2704 ,
3241 2640 3345 2699 hoc
3364 2655 3397 2695 a
3426 2638 3497 2696 li-

1913 2753 2141 2810 gnorum
2159 2735 2502 2807 lapidumque
2530 2735 2840 2799 cmsoribus,
2857 2735 2960 2790 hoc
2982 2735 3051 2790 ab
3064 2748 3318 2807 agrorum
3329 2732 3499 2790 culto-

1914 2828 2066 2884 ribus
2086 2828 2191 2883 ﬁxa
2213 2827 2423 2883 ratione
2447 2828 2799 2884 observatur:
2827 2825 2999 2884 solum
3021 2827 3090 2882 ab
3112 2826 3198 2883 his
3212 2827 3500 2885 observare

1914 2902 2224 2990 negligitur,
2252 2919 2345 2990 qui
2370 2929 2430 2974 ut
2455 2919 2718 2990 imagines
2738 2930 2965 2975 adorare
2992 2918 3298 2983 instituant.
3321 2934 3355 2972 a
3374 2932 3501 2987 pra-

1913 3012 1996 3065 vis
2025 3011 2187 3066 rebus
2218 3010 2462 3080 exempla
2489 3025 2703 3067 sumere
2731 3009 3005 3075 affectant,
3027 3018 3083 3066 et
3118 3025 3234 3066 rem
3284 3016 3396 3065 tam
3418 3008 3502 3065 in-

1915 3100 2102 3155 utilem
2141 3109 2357 3171 tamque
2384 3117 2695 3172 perversam
2730 3116 3115 3172 nouuunquam
3159 3100 3318 3157 bonis
3343 3100 3503 3159 rebus

222 3182 413 3268 autem
551 3177 680 3234 dare
707 3195 866 3236 nemo
884 3192 1079 3252 potest,
1103 3195 1188 3241 est
1215 3188 1359 3243 enim
1402 3202 1592 3247 auctor
1613 3200 1668 3247 et
1689 3192 1808 3249 ibus
1832 3185 1880 3248 Ο
1912 3191 2356 3264 incompetenter,
2382 3193 2695 3263 plerumque
2708 3192 3240 3268 gperversisastruere
3257 3193 3504 3251 nituntur

222 3264 474 3327 omnium
494 3267 778 3336 honorum,
807 3280 883 3339 et,
910 3282 971 3326 ut
991 3277 1182 3332 crebro
1215 3279 1467 3345 diximus,
1496 3280 1695 3338 nullius
1728 3286 1814 3339 in-

220 3354 447 3425 diguus.
471 3356 720 3430 Magnus,
744 3362 818 3418 ait
844 3363 1132 3436 Propheta,
1161 3368 1416 3426 Dominus
1437 3384 1611 3428 noster
1635 3384 1683 3428 et
1701 3392 1817 3430 ma-

221 3459 335 3519 gna
366 3446 526 3502 uirtus
557 3449 705 3519 ejus,
747 3462 794 3506 et
823 3456 1094 3525 sapientia;-
1136 3460 1251 3530 ejus
1278 3476 1381 3517 non
1432 3473 1506 3519 est
1546 3482 1813 3523 numerus.

221 3532 352 3625 Pio,
389 3550 573 3605 quaso
616 3550 801 3598 sancte
824 3544 1013 3613 Isaias,
1041 3549 1128 3605 dic
1153 3552 1486 3610 nobilissime
1504 3564 1706 3625 vatum,
1729 3558 1818 3615 dic

222 3622 529 3684 Domiuime
564 3630 954 3692 incarnationis
981 3648 1038 3695 et
1067 3643 1309 3710 gentium
1332 3646 1631 3703 vocationis
1652 3622 1816 3703 evan-

220 3716 403 3793 gelice
437 3721 617 3789 potius
639 3739 801 3794 quam
830 3731 1147 3799 prophetioe
1186 3744 1435 3793 narrator
1461 3778 1476 3803 ,
1519 3738 1606 3794 dic
1632 3747 1815 3795 utrum

222 3811 430 3883 aliquis
454 3830 675 3874 sensum
688 3821 900 3878 Domini
929 3839 1253 3896 cognoscere
1280 3839 1475 3901 potest,
1500 3842 1592 3886 aut
1612 3833 1662 3888 ei
1689 3848 1818 3890 con-

221 3907 470 3967 siliarius
499 3910 642 3968 cllici
664 3914 844 3970 valet?
881 3916 1015 3984 Quis
1038 3921 1181 3974 enim
1218 3926 1452 3993 cognorit
1473 3942 1679 3980 sensum
1709 3925 1819 3981 Do-

221 3999 404 4054 nini?
422 4012 515 4056 aut
542 4005 661 4075 quis
693 4008 1029 4065 consiliarius
1061 4012 1176 4082 ejus
1217 4013 1359 4083 fuit?
1403 4032 1521 4070 cum
1566 4032 1668 4087 quo
1698 4017 1818 4072 iniit

223 4092 531 4160 consilium,
554 4103 605 4151 et
632 4099 860 4154 erudiuit
878 4116 1003 4155 eum
1031 4105 1267 4170 scientia,
1288 4115 1336 4159 et
1363 4106 1500 4160 ciam
1526 4106 1819 4178 prudentiae

223 4186 460 4241 ostendit
490 4187 571 4243 illi
625 4188 760 4261 (Isa.
813 4193 941 4264 IL)?
964 4193 1101 4249 Item
1126 4195 1268 4252 idem
1324 4198 1590 4268 propheta
1642 4197 1815 4254 dicit:

224 4277 494 4350 Nunquid
518 4286 683 4339 nescis
706 4294 756 4340 et
782 4302 890 4341 non
911 4287 1148 4343 audisti?
1172 4289 1313 4345 Deus
1344 4293 1685 4363 sempiternus
1711 4291 1822 4347 Do-

222 4370 410 4427 minus
436 4375 526 4444 qui
549 4378 740 4431 creavit
776 4380 1027 4435 terminos
1052 4391 1224 4446 term,
1253 4398 1358 4435 non
1395 4391 1469 4436 est
1525 4382 1773 4451 deﬁciam
1800 4423 1817 4450 ,

224 4478 400 4533 neque
438 4464 715 4535 laborans,
764 4486 857 4525 nec
902 4481 978 4527 est
1024 4473 1351 4544 investigatio
1401 4475 1673 4545 sapientiw
1704 4475 1820 4545 ejus

1917 3284 2294 3355 impudenter;
2326 3287 2445 3342 etin
2471 3287 2688 3342 modum
2704 3286 3001 3351 temulenti,
3024 3286 3295 3358 quinimio
3312 3285 3499 3342 made-

1916 3376 2089 3433 factus
2154 3395 2305 3434 mero
2356 3378 2712 3434 trementibus
2776 3377 3071 3441 membris,
3138 3376 3498 3433 titubantibus

1915 3467 2208 3538 gressibus,
2242 3468 2457 3524 nudatis
2496 3468 2771 3532 sensibus,
2803 3468 2964 3524 modo
3014 3466 3286 3532 barbaris,
3336 3464 3499 3522 modo

1914 3554 2127 3615 Latinis
2154 3559 2324 3616 utitur
2345 3560 2544 3627 verbis,
2571 3558 2729 3615 modo
2752 3559 2956 3630 ignium
2980 3558 3254 3615 caloribus
3277 3597 3293 3622 ,
3339 3556 3501 3613 modo

1915 3636 2232 3726 pruinarum
2278 3652 2579 3710 delectatur
2606 3650 2900 3723 algoribus,
2931 3649 3090 3707 modo
3118 3649 3390 3705 insensate
3410 3645 3502 3716 ja-

1917 3761 2060 3812 cere,
2090 3745 2252 3803 modo
2274 3745 2544 3802 enerviter
2581 3744 2876 3800 delectatur
2903 3741 3086 3798 ludere
3105 3781 3122 3808 ,
3167 3748 3224 3796 et
3268 3739 3327 3795 in
3351 3738 3498 3795 nulla

1916 3847 2071 3911 parte
2112 3838 2278 3895 lixam
2300 3839 2507 3894 habens
2530 3836 2882 3895 intentionem
2903 3874 2942 3903 ,,
2959 3834 3067 3891 huc
3089 3831 3318 3902 illucque
3341 3838 3501 3887 nuta-

1917 3930 2155 3989 bundam
2176 3938 2231 3986 et
2255 3928 2483 3986 rationis
2502 3943 2724 4000 egenam
2763 3925 2956 3982 eti’erre
2984 3939 3095 3982 non
3122 3922 3321 3981 desinit
3344 3935 3500 3978 men-

1918 4031 2027 4079 tem
2052 4041 2065 4077 :
2098 4023 2172 4078 ita
2196 4021 2285 4079 isti
2308 4019 2466 4077 modo
2494 4019 2797 4076 divinarum
2830 4016 3233 4089 Scripturarum
3260 4012 3504 4070 testimo-

1918 4098 2026 4170 niis
2051 4114 2478 4186 incompetenter
2513 4111 2806 4179 adhibitis,
2853 4110 3017 4167 modo
3062 4123 3281 4167 suarum
3331 4120 3504 4165 asser-

1922 4208 2126 4266 tionum
2156 4206 2524 4264 deliramentis
2547 4244 2564 4272 ,
2620 4204 2782 4261 modo
2829 4202 2992 4270 mala,
3030 4201 3192 4257 modo
3240 4197 3504 4255 malarum

1920 4300 2279 4372 quarumdam
2335 4312 2517 4355 rerum
2573 4296 2946 4366 malorumque
2994 4300 3213 4351 actuum
3247 4288 3506 4357 exemplis

1923 4409 2083 4450 suum
2126 4392 2374 4446 nituntur
2416 4402 2798 4460 usquequaque
2831 4386 3047 4455 ﬁrmare
3074 4396 3334 4439 errorem.
3372 4378 3504 4434 Nam

1923 4482 2047 4553 quis
2074 4478 2224 4537 furor
2253 4488 2336 4536 est
2369 4492 2555 4551 quasve
2575 4477 2865 4541 dementia,
2897 4483 2957 4530 ut
2980 4474 3084 4530 hoc
3127 4472 3185 4528 in
3203 4469 3505 4540 exemplum

226 4557 448 4631 (Ibid).
478 4559 632 4616 Dicat
654 4564 823 4619 etiam
852 4566 1110 4637 magister
1159 4566 1395 4638 gentium
1441 4568 1571 4638 quid
1602 4567 1668 4623 de
1720 4567 1825 4624 hac
1852 4562 1907 4625 D
1928 4569 2327 4627 adorandarum
2356 4570 2654 4642 imaginum
2692 4566 2980 4624 ridiculum
3007 4564 3325 4629 adducatur,
3364 4561 3505 4630 quod

224 4658 295 4701 re
313 4649 534 4703 sentiat.
557 4650 647 4705 Ait
668 4654 847 4708 enim:
877 4654 922 4709 0
950 4655 1174 4711 altitudo
1195 4657 1495 4712 divitiarum
1549 4658 1819 4729 sapientis:

225 4744 281 4792 et
308 4737 544 4793 scientiae
572 4740 675 4795 Dei
696 4758 718 4796 :
742 4759 902 4814 quam
936 4746 1481 4817 incomprehensibilia
1528 4757 1652 4804 sunt
1668 4749 1820 4820 judi-

225 4830 317 4885 cia
352 4831 468 4901 ejus
494 4842 541 4887 et
582 4834 961 4908 investigabiles
1003 4840 1101 4894 vite
1129 4839 1243 4910 ejus
1271 4838 1449 4911 (Rom.
1487 4840 1601 4912 xx)!
1654 4839 1837 4911 Cujus

224 4922 381 4977 enim
403 4923 605 4993 judicia
640 4927 1203 5000 incomprehensibilia
1231 4940 1287 4988 et
1319 4933 1423 4991 vite
1472 4932 1822 5005 investiga‘bi-

223 5013 314 5072 les
338 5024 487 5083 sunt,
519 5017 665 5075 nullo
689 5022 851 5077 modo
870 5023 1169 5079 credendus
1198 5032 1283 5080 est
1332 5024 1556 5080 alterius
1594 5024 1820 5081 consilio

224 5106 304 5163 ad
336 5122 426 5163 res
453 5108 828 5169 deliberandas
859 5129 1039 5185 egere,
1071 5117 1197 5187 quia
1236 5116 1382 5173 sicut
1416 5124 1633 5184 natura,
1664 5117 1739 5172 ita
1764 5124 1820 5174 et

222 5198 499 5269 sapientia
530 5216 693 5274 super
720 5221 910 5263 omnes
937 5215 1040 5275 est,
1066 5217 1121 5264 et
1139 5210 1281 5265 sicut
1323 5209 1594 5280 cozequari
1622 5210 1672 5265 ei
1701 5211 1822 5280 quis

224 5290 427 5361 nequit
444 5307 543 5362 per
558 5303 830 5362 naturam,
856 5298 933 5353 ita
967 5315 1068 5355 nec
1100 5297 1214 5368 ejus
1262 5300 1499 5356 scientiae
1531 5307 1712 5371 potest
1730 5288 1825 5357 ali-

225 5384 369 5455 quid
398 5384 632 5444 conferri
663 5405 764 5461 per
782 5391 1086 5447 consilium.
1141 5392 1435 5449 Consilium
1483 5393 1629 5449 enim
1659 5395 1727 5450 ab
1756 5409 1822 5452 eo

226 5479 518 5549 mitur,
542 5483 636 5554 qui
660 5492 755 5539 aut
774 5500 874 5556 per
895 5494 1167 5551 naturam,
1187 5495 1279 5541 aut
1296 5499 1393 5557 per
1410 5485 1822 5559 intelligentiam

228 5569 420 5626 socius
449 5582 553 5630 est.
576 5574 689 5631 Deo
708 5585 888 5633 autem
915 5577 1093 5633 nullus
1115 5578 1338 5648 aequalis
1364 5620 1379 5646 ,
1429 5578 1607 5634 nullus
1642 5579 1821 5635 socius

228 5674 343 5732 αι,
370 5665 585 5733 dicente
609 5670 825 5743 Moyse:
855 5671 985 5738 Quis
1008 5671 1195 5727 similis
1229 5672 1319 5726 tibi
1344 5674 1400 5727 in
1428 5673 1528 5737 dis,
1566 5672 1821 5728 Domine?

228 5760 359 5825 αιίι
374 5760 1046 5838 άηαὸαίδῌιοκονὲρακ,
1074 5774 1306 5856 sanctus,
1329 5763 1606 5835 mirabilis,
1630 5766 1685 5822 in
1706 5774 1817 5822 ma-

1593 5898 1603 5907 ο
1652 5891 1681 5907 A‘
1712 5902 1727 5905 _

1927 4661 2313 4731 imperatorum
2369 4661 2632 4733 imagines
2669 4660 2724 4716 in
2770 4656 3084 4714 civitatibus
3114 4663 3172 4711 et
3219 4654 3276 4713 in
3314 4651 3505 4723 plateis

1926 4753 2240 4820 adorantur,
2255 4763 2310 4809 et
2332 4768 2363 4809 a
2386 4768 2445 4810 re
2471 4752 2661 4809 illicita
2687 4764 2776 4807 res
2799 4749 2986 4807 illicita
3006 4746 3241 4804 stabilita'
3257 4736 3510 4815 paretur?

1926 4832 2125 4925 Doctor
2158 4846 2304 4905 enim
2320 4847 2560 4918 gentium
2594 4861 2703 4902 non
2727 4859 2824 4901 vos
2856 4844 3246 4915 imperatorum
3269 4838 3509 4895 imitato—

1925 4956 2033 5006 res,
2056 4939 2153 4997 sed
2184 4955 2332 5007 suos,
2361 4938 2471 4995 imo
2498 4937 2699 4995 Christi
2726 4936 2851 4994 ﬁeri
2864 4936 3115 4992 hortatur
3141 4932 3348 4995 dicens,
3373 4925 3507 4981 Imi-

1925 5024 2120 5093 tatores
2145 5030 2244 5084 mei
2265 5038 2426 5085 estote
2449 5028 2584 5083 sicut
2614 5036 2661 5082 et
2686 5042 2795 5098 ego'
2806 5023 3000 5081 Christi
3014 5022 3067 5092 (1
3086 5020 3211 5078 Cor.
3234 5019 3344 5091 XI);
3371 5024 3429 5074 et
3448 5023 3508 5073 ut

1928 5120 2314 5192 imperatorum
2351 5118 2525 5175 fasces
2572 5118 2687 5174 sive
2710 5116 2856 5190 vulgi
2898 5115 3192 5173 bacchatus
3219 5128 3253 5168 a
3272 5108 3509 5168 Christi-

1929 5211 2172 5271 colarum
2200 5211 2471 5268 mentibus
2497 5211 2795 5277 dirimeret,
2824 5208 2928 5263 ait:
2956 5206 3123 5263 Nobis
3135 5202 3322 5277 quibus
3350 5198 3508 5256 Chri-

1928 5288 2041 5360 stus
2067 5302 2349 5373 cruciﬁxus
2379 5310 2476 5368 est,
2518 5301 2643 5373 quid
2677 5301 2824 5355 nobis
2858 5316 2977 5354 cum
3000 5297 3115 5366 foro
3145 5292 3199 5366 (Ι
3225 5292 3347 5350 Cor.
3394 5289 3509 5362 Vt)?

1930 5392 2053 5451 Jam
2073 5410 2200 5452 vero
2227 5394 2355 5466 quia
2387 5394 2454 5450 de
2483 5393 2788 5450 forensibus
2815 5392 2931 5448 sive
2952 5387 3181 5462 publicis
3206 5384 3508 5444 actionibus

1933 5486 2175 5556 exempla
2203 5500 2417 5543 sumere
2458 5486 2600 5541 intra
2641 5491 2882 5541 sanctam
2910 5481 3208 5539 Ecclesium
3233 5476 3503 5539 affectant.

1924 5594 2023 5633 cur
2041 5593 2149 5632 non
2198 5576 2442 5634 scenicas
2464 5577 2817 5646 mimicasque
2840 5590 3033 5646 nugas,
3064 5572 3147 5628 vel
3175 5573 3341 5628 etiam
3384 5583 3481 5623 cru

1923 5671 2170 5727 delitates
2195 5687 2315 5742 quae
2337 5669 2393 5725 in
2421 5670 2650 5725 theatris
2687 5669 2800 5725 sive
2829 5668 2885 5724 in
2909 5666 3208 5725 orchestris
3250 5664 3315 5717 de
3363 5658 3503 5713 ludis

1922 5760 2254 5836 gladiatoriis
2276 5759 2562 5821 infeliciter
2586 5761 2745 5832 nunt,
2772 5762 2875 5821 sibi
2899 5758 3194 5833 usurpant?
3241 5755 3349 5814 Cur
3396 5764 3503 5809 non

2149 5852 2158 5863 .
2363 5871 2373 5881 ι
3151 5856 3239 5879 επ.
