4016 6292
479 336 621 399 1143

1348 325 1409 379 Β.
1438 320 1699 379 ‘GABOLI
1737 317 1955 377 MAGNI
1988 307 2140 372 OPP.
2180 312 2359 372 PARS
2395 313 2460 370 ll.
2498 311 2741 371 SEGTlO
2774 312 2839 369 Π.
2944 324 2955 333 ’

3600 312 3739 375 li“

479 452 660 507 clerus
684 458 809 504 cum
842 440 1096 500 autestite
1141 452 1291 496 more
1333 436 1597 493 secuturis
1618 434 1873 506 populum
1914 431 2062 487 velut
2088 430 2143 492 Δ
2164 429 2405 496 machus,
2437 430 2551 486 sive
2577 429 2858 499 imaginem
2887 440 3123 494 auream,
3149 432 3215 483 ut
3235 426 3423 484 caeteri
3454 432 3741 489 transtule.

479 538 765 595 retiarium
788 532 1117 591 insectatur?
1149 530 1258 585 Cur
1304 542 1415 583 non
1440 534 1550 582 tota
1575 526 1705 582 circi
1738 522 1958 596 gentilia
1976 519 2064 577 vel

481 631 666 701 potius
688 625 926 682 infelicia
956 620 1197 691 exempla
1228 626 1487 684 sectatur,
1510 617 1604 688 qui
1642 615 1846 672 Christi
1881 621 2066 669 custo-

484 721 567 777 dit
585 716 914 776 Ecclesium?
943 714 1050 769 Sed
1085 712 1224 767 absit
1243 709 1508 769 catholica
1534 708 1812 779 religione,
1829 714 1891 762 ut
1906 704 2069 761 actio-

489 824 587 863 nes
613 818 893 878 perversas
935 815 1070 870 quas
1110 799 1319 869 pridem
1344 804 1595 869 proterva
1620 794 1841 867 gerebat
1893 791 2067 864 genti-

492 897 639 962 litas,
669 908 811 951 nunc
862 890 1169 946 Christiana
1213 889 1455 944 imitetur
1492 896 1548 943 et
1587 893 1766 942 servet
1811 883 2072 956 gravitas.

500 987 701 1042 Nostra
756 984 893 1038 enim
941 982 1293 1047 conversatio,
1349 980 1427 1035 ait
1462 977 1781 1050 Apostolus,
1832 977 1890 1030 in
1930 974 2073 1031 culis

498 1086 572 1132 est
603 1074 822 1149 (Philip.
847 1074 955 1146 ιιι).
980 1073 1210 1143 Ideoque
1225 1071 1470 1144 quisquis
1491 1070 1584 1125 illo
1612 1069 1831 1125 tendere
1861 1067 2074 1123 deside-

495 1174 580 1221 rat
616 1181 723 1235 quo
757 1172 918 1235 caput
973 1173 1220 1221 nostrum
1247 1163 1496 1219 Christus
1530 1160 1829 1233 praecessit,
1856 1173 1962 1213 non
1983 1158 2078 1213 de-

500 1259 587 1314 bet
602 1258 719 1312 fieri
733 1265 968 1313 sectator
978 1256 1276 1313 forensium
1298 1255 1380 1310 vel
1402 1253 1741 1325 publicarum
1771 1251 2079 1317 actionum,

498 1349 593 1405 sed
620 1348 788 1419 ipsius
823 1347 1017 1419 capitis
1062 1346 1234 1402 nostri
1273 1344 1493 1409 Christi,
1527 1350 1620 1398 aut
1647 1341 1766 1412 eius
1812 1339 2082 1396 membro-

500 1457 642 1507 rum,
685 1439 1050 1509 apostolorum
1103 1436 1353 1493 videlicet
1398 1435 1513 1492 sive
1555 1431 1974 1505 apostolioorum
2003 1429 2084 1486 vi-

503 1547 709 1589 rorum.
742 1530 1000 1602 Exempla
1027 1530 1174 1585 enim
1214 1543 1379 1600 prava
1420 1527 1497 1583 ita
1545 1524 1827 1583 catholicis
1865 1524 2084 1579 vitanda

504 1634 649 1690 sunt,
672 1624 812 1679 sicut
834 1631 889 1679 et
914 1622 1156 1679 seductio
1177 1621 1440 1677 malorum
1458 1620 1756 1683 hominum,
1776 1618 1888 1673 sive
1908 1615 2083 1672 socie-

2168 530 2315 590 runt,
2347 523 2675 579 voluerimus
2709 521 2907 591 legere,
2945 519 3181 578 cultores
3211 520 3310 578 Dei
3349 536 3476 578 eam
3522 523 3746 582 adorare

2170 631 2278 675 non
2332 617 2546 672 debent.
2592 614 2734 685 Ergo
2773 612 2986 684 iudices
3016 619 3065 667 et
3100 613 3374 683 principes
3422 614 3611 670 sreeuli
3663 617 3746 685 qui

2171 708 2573 779 imperatorum.
2603 713 2811 762 statuas
2860 704 3083 761 adorant
3115 714 3171 761 et
3215 705 3498 775 imagines,
3550 705 3655 761 hoc
3697 719 3750 762 se

2173 799 2353 857 facere
2401 798 2703 870 intelligant
2743 797 2887 867 quod
2928 803 3042 852 tres
3081 795 3237 868 pueri
3282 795 3468 852 facere
3510 796 3752 853 nolentes

2173 895 2492 966 placuerunt
2533 895 2665 950 Deo.
2709 892 2778 948 Et
2813 892 3050 947 notanda
3075 890 3402 961 proprietas,
3456 889 3592 945 deos
3638 888 3751 956 coli,

2176 988 2464 1058 imaginem
2492 985 2709 1042 adorari
2735 983 2943 1051 dicunt,
2977 983 3122 1054 quod
3146 991 3438 1053 utrumque
3466 980 3647 1037 servis
3670 981 3755 1038 Dei

2177 1095 2286 1137 non
2315 1078 2584 1136 convenit.
2624 1096 2644 1130 ι
2680 1077 2821 1133 Ecce
2842 1076 3018 1132 sancti
3044 1074 3149 1130 viri
3175 1074 3519 1131 documentis
3549 1073 3758 1129 instrui-

2178 1185 2320 1235 mur,
2344 1170 2728 1239 imperatorum
2749 1168 3011 1240 imagines
3034 1166 3250 1223 adorari
3293 1166 3525 1221 minime
3553 1165 3757 1222 debere.

2179 1257 2248 1315 Et
2271 1259 2396 1330 quis
2419 1268 2530 1314 tam
2551 1273 2842 1330 pervorsus
2869 1272 2963 1313 eas
2987 1272 3095 1313 non
3122 1257 3297 1313 solum
3321 1256 3562 1312 adorare
3593 1257 3761 1311 decer-

2180 1358 2293 1416 nat,
2321 1351 2415 1406 sed
2450 1350 2520 1406 ab
2552 1364 2742 1405 earum
2767 1348 3081 1405 adoratione
3107 1348 3352 1418 exempla
3378 1348 3758 1419 pervcrsitatis

2182 1438 2253 1496 ad
2280 1440 2507 1495 aliarum
2526 1439 2875 1495 nihilominus
2908 1439 3205 1511 imaginum
3227 1439 3615 1495 adorationem
3639 1454 3765 1496 assu-

2184 1532 2341 1587 mat?
2394 1532 2465 1587 Et
2515 1531 2565 1586 si
2606 1531 2853 1587 homines
2896 1531 3157 1587 mortales
3192 1530 3472 1600 protervia
3519 1531 3768 1586 vanitatis

2187 1620 2379 1687 inflati,
2431 1635 2630 1691 pompa
2681 1620 2928 1677 saeculari
2979 1618 3128 1685 elati,
3167 1620 3438 1675 honorum
3483 1619 3770 1675 ambitione

506 1725 591 1773 tas
612 1715 951 1786 injustorum,
980 1715 1191 1772 dicente
1213 1714 1441 1773 Domino
1466 1730 1480 1767 :
1508 1712 1632 1768 Non
1645 1713 1829 1767 audies
1846 1709 2087 1766 auditum
2188 1712 2390 1783 cupidi,
2415 1710 2681 1781 iactantia
2708 1711 2872 1781 pleni,
2899 1711 3019 1768 loco
3044 1710 3469 1782 circumscripti,
3511 1711 3627 1766 situ
3658 1726 3771 1766 con-

506 1824 717 1873 ranum,
766 1824 869 1862 non
893 1808 1182 1862 consenties
1232 1822 1352 1860 cum
1380 1806 1579 1876 injuste
1625 1804 1743 1873 ﬁeri
1772 1804 1915 1858 testis
1940 1802 2086 1873 inju—
2111 1790 2164 1857 Β
2187 1802 2343 1872 tenti,
2373 1804 2500 1875 quia
2533 1819 2643 1860 non
2671 1803 2871 1874 ubique
2892 1816 3012 1859 esse
3038 1811 3311 1874 poterant,
3362 1803 3493 1857 ideo
3518 1800 3775 1872 imagines

508 1910 652 1965 stus;
686 1914 791 1954 non
820 1900 923 1953 eris
951 1914 1070 1953 cum
1103 1896 1342 1969 pluribus
1384 1898 1441 1950 in
1470 1894 1695 1950 malitia.
1732 1892 1921 1950 Odisse
1942 1892 2090 1947 enim
2187 1915 2315 1956 suas
2338 1898 2648 1954 hominibus
2666 1897 2968 1953 adorandas
2985 1898 3333 1962 mandavere,
3359 1895 3562 1966 quiain
3584 1895 3772 1965 seipsis

511 1990 672 2046 debet
698 1990 1060 2056 Christianus,
1087 1988 1332 2058 exemplo
1358 1986 1679 2053 Psalmistae,
1701 2001 1796 2042 eos
1825 1984 1918 2057 qui
1965 1984 2093 2039 ode-
2188 2009 2297 2050 non
2321 1992 2520 2062 ubique
2544 1997 2795 2061 poterant
2827 1989 3063 2055 adorari,
3087 1990 3216 2061 quid
3248 2004 3485 2045 necesse
3510 1996 3594 2043 est
3613 1988 3773 2042 Deum

511 2083 934 2139 runtDominum
958 2091 1013 2138 et
1031 2096 1194 2152 super
1213 2081 1461 2137 inimicos
1481 2078 1597 2149 ejus
1622 2080 1897 2134 tabescere
1916 2075 2107 2148 (Psal.~
2191 2085 2249 2140 in
2299 2083 2531 2154 imagine
2570 2083 2821 2147 adorare,
2993 2082 3502 2152 incircumscriptus
3546 2088 3654 2145 est,
3692 2079 3774 2151 qui

514 2174 756 2247 cxxxtx).
784 2173 968 2244 Neque
1003 2172 1147 2228 enim
1195 2171 1395 2228 Tobias
1434 2171 1519 2227 vir
1558 2168 1853 2241 probabilis
1884 2176 1938 2223 et
1984 2167 2094 2222 Deo
2194 2176 2393 2245 ubique
2415 2184 2563 2231 tctus
2587 2182 2691 2242 est,
2720 2174 2921 2244 ubique
2944 2173 3207 2230 mirabilis
3235 2174 3327 2244 qui
3353 2172 3481 2230 loco
3509 2188 3627 2228 non
3667 2188 3781 2229 con-

516 2267 715 2322 charus
751 2266 922 2322 lilium
948 2281 1104 2322 suum
1128 2265 1372 2336 exempla
1396 2279 1650 2335 perversa
1673 2262 1865 2319 sectari
1915 2260 2097 2317 horta-
2196 2271 2417 2336 tinetur,
2470 2269 2577 2325 situ
2616 2283 2726 2323 non
2756 2266 3235 2332 circumscribitur,
3284 2280 3475 2337 quem,
3530 2265 3681 2320 sicut
3718 2263 3783 2318 ait

520 2364 695 2426 batur,
723 2373 846 2415 cum
869 2359 1110 2414 dicebat:
1149 2355 1297 2424 Vide,
1317 2356 1496 2426 ﬁli,ne
1510 2356 1743 2427 sequaris
1770 2355 1869 2407 iter
1895 2353 2100 2423 iniquo-

2223 2360 2478 2428 ialomon,
2504 2358 2689 2416 caelum
2715 2368 2764 2413 et
2789 2358 2904 2413 coeli
2927 2357 3175 2413 caelorum
3194 2374 3300 2413 non
3318 2359 3547 2429 capiunt
3575 2355 3668 2429 (II
3696 2342 3786 2410 Ps:

519 2470 657 2517 rum,
672 2462 718 2506 et
743 2450 1023 2506 multitudo
1050 2450 1373 2521 peccantium
1396 2464 1501 2503 non
1514 2448 1735 2503 suadeat
1758 2455 1828 2513 te,
1852 2445 2101 2517 quoniam

521 2543 781 2615 stipendia
814 2558 992 2598 eorum
1018 2558 1158 2597 mors
1188 2549 1296 2607 est;
1324 2549 1381 2594 tu
1404 2548 1579 2595 autem
1607 2539 1654 2594 si
1674 2545 1917 2609 operatus
1941 2535 2104 2607 {ueris

523 2638 807 2701 veritatem,
856 2636 950 2690 erit
983 2643 1241 2705 respectus
1260 2633 1359 2689 Dei
1386 2634 1442 2687 in
1486 2631 1725 2704 operibus
1751 2631 1871 2695 tuis,
1904 2638 1950 2683 et
1988 2642 2108 2682 cum

528 2728 765 2783 omnibus
791 2729 881 2800 qui
906 2728 1107 2799 faciunt
1118 2728 1383 2798 justitiam
1410 2725 1746 2782 hwreditabis
1766 2726 1925 2781 vitam
1958 2708 2112 2778 atter-

530 2837 657 2875 nam
679 2819 832 2892 (Tob.
853 2820 952 2891 1v).
979 2819 1235 2890 Quisquis
1261 2834 1391 2892 ergo
1419 2819 1607 2875 videns
1636 2818 1898 2890 imagines
1946 2815 2113 2886 impe-

532 2919 778 2968 ratorum
803 2912 1016 2967 adorari
1037 2927 1067 2966 a
1086 2911 1407 2981 populorum
1427 2910 1769 2980 frequentiis,
1798 2910 1902 2966 hoc
1925 2921 2113 2964 exem-

535 3006 626 3073 plo
644 3004 886 3059 munitus
923 3004 1186 3074 imagines
1212 3004 1437 3060 adorare
1461 3010 1748 3073 percenset
1768 3001 1825 3057 in
1852 2999 2117 3065 basilicis,

536 3100 666 3157 huic
708 3099 881 3155 sancti
920 3098 1023 3153 viri
1047 3105 1313 3168 przecepto
1356 3113 1467 3154 non
1494 3096 1839 3154 mediocriter
1864 3091 2119 3151 reluctari

539 3191 901 3258 convincitur,
924 3206 1025 3247 nec
1042 3206 1165 3246 cum
1188 3190 1357 3245 David
1379 3190 1559 3247 dicere
1589 3189 1789 3260 poterit
1818 3204 1833 3244 :
1862 3186 1987 3242 Non
2006 3184 2119 3242 sedi

538 3284 598 3338 in
638 3279 856 3336 consilio
898 3280 1162 3346 vanitatis,
1198 3289 1247 3335 et
1286 3297 1403 3335 cum
1450 3280 1632 3353 iniqua
1674 3278 1967 3351 gerentibus
2016 3292 2125 3332 non

539 3375 802 3441 introibo;
832 3374 952 3430 odio
985 3373 1145 3429 habui
1182 3373 1634 3444 congregationem
1658 3369 2032 3443 malignorum,
2073 3374 2126 3423 et

544 3486 663 3525 cum
683 3469 860 3541 impiis
879 3485 983 3523 non
1006 3467 1225 3533 sedebo;
1255 3466 1437 3521 lavabo
1458 3465 1595 3521 inter
1619 3467 1917 3521 innocentes
1937 3477 2127 3518 manus

543 3575 709 3625 meas,
733 3565 781 3613 et
801 3556 1135 3613 circumdabo
1161 3555 1326 3611 altare
1349 3563 1517 3621 tuum,
1533 3553 1754 3609 Domine
1768 3551 1939 3626 (Psal.
1952 3549 2128 3621 nvr).

550 3649 660 3706 Sed
683 3650 731 3705 si
774 3648 1010 3705 fortasse
1049 3645 1273 3716 hujusce
1304 3646 1507 3703 erroris
1554 3644 1805 3701 defensor
1832 3642 1995 3709 dicet,
2031 3640 2133 3695 im-

548 3748 863 3813 peratorum
889 3740 1150 3812 imagines
1173 3740 1399 3794 adorare
1427 3744 1709 3809 peccatum
1731 3751 1840 3792 non
1876 3742 1979 3800 est,
2014 3747 2134 3804 per-

551 3830 752 3900 pendat
774 3838 977 3901 quanta
1002 3828 1173 3901 gloria
1197 3828 1369 3884 tribus
1391 3827 1577 3898 pueris
1598 3826 1653 3883 id
1693 3824 1871 3881 facere
1900 3821 2135 3880 nolenti-

556 3923 658 3976 bus
679 3921 735 3977 in
754 3918 1015 3993 ﬂagrante
1035 3919 1249 3976 camino
1270 3918 1460 3991 angelo
1479 3919 1693 3975 coalitus
1713 3918 1933 3983 emisso,
1957 3914 2140 3971 edacis

557 4012 676 4082 rogi
702 4009 977 4065 ﬂammam
1001 4011 1307 4067 excutiente
1342 4019 1398 4066 et
1440 4008 1779 4067 salutiferum
1816 4022 1996 4065 rorem
2032 4006 2141 4063 illis

560 4103 927 4173 impertiente,
948 4103 1147 4159 collata
1183 4105 1273 4171 sit,
1299 4112 1607 4175 quantoque
1629 4102 1891 4158 miraculo
1918 4100 2143 4173 Babylo-

562 4194 719 4250 nicus
737 4182 990 4263 princeps
1016 4194 1159 4249 inter
1178 4210 1273 4250 eos
1311 4210 1369 4250 se
1394 4195 1592 4251 vidisse
1630 4194 1862 4250 similem
1893 4192 2004 4248 filio
2044 4194 2144 4250 Dei

564 4292 818 4352 testetur,
841 4299 951 4339 non
978 4284 1046 4340 ad
1082 4299 1258 4349 suam,
1300 4285 1396 4340 sed
1430 4286 1499 4341 ad
1531 4282 1748 4339 illorum
1795 4282 2022 4354 gloriam
2058 4281 2146 4339 vel

566 4378 732 4434 etiam
784 4378 853 4434 ad
896 4392 1049 4433 suam
1102 4377 1458 4448 pertinaciam
1503 4374 1865 4434 refutaudam.
1908 4374 2148 4432 Audiant

567 4469 734 4526 etiam
779 4462 998 4525 beatum
1040 4466 1428 4541 Hieronymum
1457 4468 1515 4524 iu
1561 4467 1955 4525 commentario
1982 4480 2146 4537 quem

569 4562 627 4617 in
645 4561 785 4618 libro
801 4561 1036 4618 Danielis
1056 4561 1224 4618 edidit
1242 4561 1420 4617 taliter
1439 4561 1706 4618 dicentem
1728 4577 1745 4616 :
1777 4580 1798 4615 ι
1830 4560 1967 4617 Ecce
1986 4562 2143 4627 enim,

572 4652 768 4724 inquit,
810 4652 952 4708 Deus
982 4663 1157 4709 noster
1187 4668 1341 4725 quem
1377 4650 1598 4708 colimus
1631 4660 1797 4725 potest
1824 4654 2021 4725 eripere
2055 4668 2150 4709 nos

576 4743 640 4797 de
689 4743 893 4799 camino
944 4745 1079 4816 ignis
1105 4743 1359 4811 ardentis,
1393 4751 1443 4799 et
1474 4742 1539 4797 de
1581 4743 1823 4799 mnibus
1864 4744 1990 4811 tuis,
2038 4759 2151 4809 rex,

577 4833 817 4890 liberare.
847 4833 1001 4891 Unde
1021 4843 1304 4905 putaverat
1322 4849 1382 4892 se
1406 4842 1616 4889 terrere
1639 4848 1857 4903 pueros,
1888 4833 2013 4890 inde
2036 4847 2156 4889 cer-

580 4926 663 4982 nit
686 4925 743 4981 in
766 4925 849 4981 eis
873 4926 1156 4981 materiam
1177 4924 1531 4981 fortitudinis.
1556 4922 1669 4980 Nec
1688 4925 1745 4980 in
1771 4924 1989 4994 longum
2010 4921 2157 4979 ditl‘e-

579 5024 730 5085 runt,
759 5017 854 5073 sed
876 5030 1116 5086 praesens
1139 5016 1244 5071 sibi
1262 5015 1585 5087 pollicentur
1604 5015 1862 5071 auxilium
1882 5016 2154 5071 dicentes:

583 5107 725 5165 Ecce
746 5107 890 5162 enim
912 5106 1057 5161 Deus
1082 5114 1266 5161 noster
1286 5122 1445 5177 quem
1471 5107 1720 5175 colimus,
1757 5109 1871 5178 ipse
1894 5121 1995 5162 nos
2017 5104 2162 5161 etde

585 5213 654 5254 eo
677 5197 822 5268 quod
853 5195 1080 5252 minaris
1101 5197 1369 5266 incendio,
1394 5207 1449 5255 et
1474 5199 1539 5257 de
1575 5200 1680 5256 tuis
1708 5206 1889 5269 potest
1913 5196 2163 5252 manibus

587 5288 837 5345 liberare.
868 5286 1021 5353 Quod
1054 5289 1098 5342 si
1121 5287 1341 5345 noluerit
1366 5308 1384 5345 :
1406 5290 1636 5347 Pulchre
1662 5291 1732 5347 ad
1763 5291 1818 5347 id
1842 5289 1986 5360 quod
2014 5287 2165 5344 dixe-

586 5388 718 5438 rat:
758 5382 932 5438 Potest
961 5386 1157 5457 eripere
1194 5404 1306 5454 nos,
1337 5404 1445 5444 non
1493 5388 1674 5443 intulit
1718 5385 2072 5452 contrarium,
2119 5384 2166 5439 si

592 5491 696 5528 non
719 5476 926 5545 poterit,
984 5477 1097 5543 sed,
1132 5480 1178 5534 si
1208 5480 1465 5536 noluerit:
1503 5489 1563 5535 ut
1590 5495 1697 5535 non
1722 5476 2168 5549 impossibilitatis

594 5563 711 5629 Dei,
763 5564 858 5619 sed
894 5566 1184 5624 voluntatis
1230 5570 1301 5626 sit
1338 5571 1383 5626 si
1407 5571 1686 5641 perierint.
1713 5569 1912 5623 Notum
1941 5566 2035 5621 tibi
2077 5569 2167 5635 sit,

597 5671 707 5722 rex,
731 5657 869 5727 quod
907 5659 1030 5713 deos
1053 5668 1168 5714 tuos
1200 5678 1303 5716 non
1342 5662 1581 5729 colimus,
1607 5672 1655 5717 et
1683 5670 1912 5715 statuam
1955 5676 2171 5715 auream

600 5764 754 5831 quam
780 5752 1011 5821 ercxisti,
1042 5768 1142 5813 non
1171 5754 1470 5811 adoramus.
1505 5756 1630 5812 Sive
1655 5762 1904 5820 statuam,
1929 5759 1987 5807 ut
2018 5751 2173 5827 Sym-

2204 2454 2306 2510 ral.
2338 2453 2440 2527 γι),
2464 2468 2626 2524 quem
2650 2468 2757 2508 non
2783 2452 2931 2522 capit
2948 2452 3198 2518 mundus,
3227 2452 3322 2508 sed
3347 2451 3442 2507 ille
3473 2452 3633 2522 capit
3652 2465 3788 2505 mun-

2206 2551 2372 2607 dum?
2394 2548 2528 2606 Cum
2560 2548 2707 2604 enim
2733 2554 2884 2602 tanta
2907 2545 2977 2601 sit
3002 2544 3119 2616 ejus
3155 2545 3351 2612 virtus,
3406 2552 3571 2601 tanta
3610 2545 3788 2616 gloria,

2207 2651 2359 2701 tanta
2382 2642 2643 2713 potentia,
2658 2656 2767 2697 non
2792 2633 2877 2697 cst
2900 2639 3219 2710 quaerendus
3244 2638 3302 2695 in
3324 2639 3687 2709 imaginibus,
3711 2639 3794 2695 sed

2210 2733 2270 2790 in
2301 2732 2517 2788 mundis
2541 2739 2598 2787 et
2620 2732 2823 2788 sanctis
2839 2729 3178 2801 pectoribus;
3214 2744 3326 2785 non
3360 2737 3449 2785 est
3491 2729 3794 2785 adorandus

2213 2829 2271 2883 in
2291 2826 2502 2897 depicta
2525 2825 2730 2891 tabula,
2764 2824 2858 2880 sed
2888 2823 2944 2879 in
2979 2823 3102 2880 aula
3144 2830 3349 2888 sancta,
3398 2821 3628 2878 dicente
3685 2822 3799 2879 Pro-

2215 2918 2398 2990 pheta,
2428 2916 2660 2972 Adorate
2694 2914 2979 2970 Dominum
3011 2914 3068 2969 in
3090 2913 3217 2969 aula
3243 2921 3431 2968 sancta
3463 2914 3591 2984 ejus
3638 2910 3799 2985 (Psal.

2217 3008 2392 3083 xxxx),
2422 3008 2515 3080 qui
2547 3023 2658 3063 non
2691 3006 2963 3062 invenitur
2985 3020 3084 3077 per
3105 3006 3377 3076 picturam
3406 3005 3638 3061 statutis
3660 3004 3801 3068 locis,

2222 3105 2317 3162 sed
2342 3117 2442 3174 per
2472 3115 2637 3172 opera
2655 3115 2687 3156 a
2719 3100 2991 3156 mentibus
3035 3098 3159 3169 piis,
3211 3112 3373 3169 quem
3396 3108 3529 3154 ‘nou
3566 3098 3624 3152 in
3674 3096 3808 3161 tom,

2224 3212 2333 3253 non
2362 3196 2418 3250 in
2439 3195 2669 3266 pictura,
2692 3207 2805 3250 non
2827 3192 3025 3249 tabulis
3047 3191 3191 3247 Elias
3212 3190 3509 3262 quaerebat,
3539 3190 3643 3244 sed
3688 3187 3810 3242 ubi-

2227 3303 2331 3361 que
2353 3301 2480 3344 eum
2507 3292 2834 3357 praesentem
2869 3284 3074 3340 sciebat
3099 3284 3152 3339 ei
3180 3283 3274 3355 qui
3304 3297 3365 3339 se
3413 3282 3671 3337 instantia
3712 3280 3817 3335 bo-

2226 3395 2422 3438 norum
2444 3393 2668 3448 operum
2692 3384 3014 3447 praesentem
3040 3375 3358 3433 exhibuerat
3398 3389 3524 3430 cum
3551 3372 3772 3428 dicebat
3795 3388 3813 3425 :

2238 3470 2379 3527 Vivit
2399 3469 2651 3524 Dominus
2667 3470 2723 3525 in
2744 3468 2899 3539 cujus
2919 3475 3192 3538 conspectu
3204 3475 3285 3521 sto
3313 3464 3439 3537 (111
3476 3463 3614 3535 Reg.
3654 3461 3815 3534 xm).

2228 3559 2290 3617 lu
2304 3551 2502 3617 t'abulis
2519 3574 2649 3631 ergo
2675 3559 2867 3623 Deum,
2890 3558 2986 3629 qui
3019 3556 3266 3614 inlocalis
3276 3564 3331 3611 et
3350 3555 3818 3626 omnipotensest,

2232 3653 2459 3709 adorare
2483 3651 2641 3718 velle,
2674 3651 2816 3706 sicut
2840 3648 3069 3721 gentiles
3101 3662 3261 3720 reges
3300 3662 3432 3704 suos
3456 3646 3666 3702 locales
3713 3646 3821 3700 sive

2234 3743 2491 3801 mortales
2529 3742 2847 3806 adorabant,
2890 3738 3178 3811 profanum
3214 3744 3303 3795 est
3341 3745 3396 3794 et
3448 3734 3821 3794 incredulitati

2236 3837 2492 3893 vicinum.
2536 3833 2751 3890 Nullam
2803 3831 2950 3889 enim
2994 3831 3100 3887 hoc
3145 3829 3321 3887 scelus
3356 3826 3557 3884 fecisse
3598 3827 3826 3897 legimus

2237 3935 2471 4000 gentem,
2510 3923 2618 3981 nisi
2640 3922 2965 3995 Babylonios
3000 3928 3058 3978 et
3080 3920 3369 3985 Romanos,
3401 3918 3489 3974 vel
3518 3932 3622 3973 eas
3641 3924 3827 3988 gentes

2240 4033 2362 4089 quas
2390 4017 2458 4072 ab
2483 4016 2572 4071 his
2594 4023 2691 4070 aut
2716 4015 2972 4082 subactae,
3017 4020 3111 4069 aut
3141 4011 3385 4067 ﬁnitimzc
3433 4008 3611 4075 fuere,
3638 4018 3737 4064 aut
3762 4008 3829 4063 ab

2240 4111 2328 4168 his
2354 4109 2600 4180 exempla
2629 4119 2931 4179 sumpsere,
2958 4113 3024 4161 ut
3047 4104 3188 4162 sicut
3216 4103 3273 4159 in
3290 4102 3589 4181 ferocitate
3616 4101 3737 4157 sive
3780 4115 3833 4154 m

2242 4200 2558 4258 fortitudine
2578 4201 2696 4257 hau:
2719 4200 2826 4257 duo
2848 4208 3017 4271 regna
3041 4196 3255 4255 caeteris
3278 4193 3466 4251 mundi
3492 4192 3685 4265 regnis
3701 4189 3835 4248 emi-

2243 4296 2428 4353 nuisse
2468 4300 2786 4359 noscuntur,
2835 4292 2913 4347 ita
2953 4289 3120 4346 etiam
3173 4288 3230 4344 in
3270 4284 3516 4343 colendis
3573 4284 3739 4339 idolis
3784 4288 3839 4338 et

2247 4383 2538 4441 adorandis
2553 4382 2812 4452 proniora
2828 4379 2997 4436 fuisse
3014 4378 3323 4435 credantur.
3340 4374 3470 4431 Fuit
3488 4375 3679 4445 itaque
3698 4374 3841 4429 inter

2249 4474 2367 4531 haec
2392 4473 2498 4531 duo
2521 4470 2817 4529 fortissima
2844 4484 3011 4540 regna
3038 4484 3234 4539 magna
3257 4467 3671 4532 concordantia,
3726 4480 3840 4520 ma-

2252 4581 2359 4638 gna
2387 4564 2703 4630 similitudo,
2728 4576 2927 4633 magna
2945 4560 3257 4626 crudelitas,
3280 4572 3481 4630 magna
3519 4558 3696 4613 etiam
3734 4557 3835 4611 tor-

2254 4654 2447 4721 titudo,
2478 4662 2532 4710 et
2551 4666 2741 4709 revera
2769 4651 3027 4708 fortitudo
3049 4665 3172 4721 quae
3205 4654 3415 4706 caeteris
3441 4649 3639 4703 mundi
3664 4645 3844 4719 regni

2256 4761 2356 4803 suo
2380 4753 2622 4816 tempore
2658 4743 3024 4815 imperaverit.
3069 4740 3206 4797 Nam
3242 4749 3302 4797 ut
3327 4739 3462 4796 illud
3500 4742 3572 4795 ab
3613 4740 3841 4803 oriente,

2257 4838 2335 4894 ita
2356 4836 2614 4892 nimirum
2637 4834 2782 4891 istud
2803 4833 3033 4889 eminuit
3050 4833 3119 4888 ab
3138 4830 3448 4896 occidente;
3477 4829 3619 4886 illud
3644 4827 3846 4885 mundo

2258 4926 2605 4999 pubescente,
2648 4925 2791 4981 istud
2814 4924 2930 4994 jam
2950 4924 3152 4979 mundo
3184 4930 3525 4979 senescente.
3552 4921 3690 4977 Nam
3730 4935 3849 4979 om-

2261 5030 2407 5081 nem,
2430 5021 2492 5069 ut
2518 5015 2669 5070 aiunt
2693 5014 2955 5080 historia},
2986 5012 3265 5084 Babylonii
3293 5012 3448 5083 regni
3472 5012 3850 5068 hereditatem

2264 5116 2319 5166 et
2345 5107 2515 5179 apicis
2538 5105 2815 5182 cqmulum
2840 5106 3143 5162 Romanum
3172 5104 3411 5174 suscepit
3437 5103 3750 5174 imperium,
3793 5110 3852 5157 et

2265 5201 2410 5256 inter
2436 5200 2554 5255 haec
2582 5198 2690 5254 duo
2711 5210 2879 5268 regna
2911 5195 3068 5267 quasi
3091 5195 3236 5251 inter
3272 5202 3489 5265 patrem
3531 5209 3717 5250 senem
3754 5191 3853 5262 qui

2261 5295 2374 5367 jam
2393 5309 2553 5367 posse
2574 5293 2812 5360 desierit,
2845 5300 2902 5349 et
2937 5292 3108 5348 tilium
3147 5291 3434 5362 parvulum
3474 5291 3574 5362 qui
3617 5291 3851 5346 necdum

2269 5386 2579 5444 dominandi
2615 5387 2762 5442 vires
2805 5385 3094 5456 acceperit,
3130 5386 3238 5440 duo
3278 5398 3447 5454 regna
3489 5385 3612 5440 vice
3654 5382 3858 5439 tutoris

2271 5477 2557 5533 Persarum
2578 5477 2830 5533 videlicet
2848 5476 2964 5532 sive
2984 5475 3333 5531 Macedonum
3351 5474 3521 5530 fuisse
3541 5473 3854 5529 traduntur.

2234 5562 2238 5571 ’
2272 5569 2341 5624 At
2367 5570 2493 5625 dum
2517 5570 2708 5634 haeres,
2742 5569 2796 5624 id
2820 5574 2923 5634 est,
2966 5567 3269 5622 Romanum
3309 5566 3620 5636 imperium,
3664 5563 3861 5621 adole-

2274 5663 2373 5728 vit,
2423 5662 2526 5719 hoc
2572 5662 2717 5732 quod
2771 5654 2969 5717 tutoris
3001 5658 3178 5715 locum
3227 5658 3445 5714 tenebat
3480 5655 3767 5721 abscessit,
3802 5660 3863 5712 et

2277 5754 2509 5825 suscepit
2559 5753 2926 5813 haereditatem
2975 5754 3115 5823 illius
3166 5754 3480 5837 adolescens
3515 5769 3676 5827 quam
3696 5758 3865 5823 pater
