4016 6292
212 328 361 388 1145

993 314 1177 376 LIBRI
1208 293 1556 378 canem;
1576 348 1658 377 ,-
1694 317 1913 409 CAPIT.
1952 316 2044 381 DE
2077 320 2267 382 MAG.
2306 351 2377 368 --
2413 324 2542 385 LIB.
2581 325 2672 389 III.

3313 333 3455 393 H46

208 444 471 503 amiserat
510 443 809 497 wteranus
852 442 870 485 :
918 442 1150 502 quorum
1210 433 1441 490 duorum
1495 447 1785 507 regnorum
1805 437 1863 501 Α
1885 436 2057 510 (Psat.
2074 440 2398 514 cxxxn).Et
2411 442 2668 501 Dominus
2678 441 2908 501 Abrahae
2928 441 3153 502 dixerit:
3172 444 3233 504 Si
3242 452 3491 520 possunt'

209 529 599 595 consonantias
631 528 745 584 sive
783 524 1101 583 concordias
1137 526 1390 597 persequi
1424 526 1643 598 longum
1680 536 1789 584 est.

208 628 373 692 Nam,
401 633 462 681 ut
486 629 683 679 czctera
710 625 1003 683 taceamus,
1028 616 1086 671 in
1108 616 1211 672 hac
1231 625 1387 687 parte
1428 632 1539 691 non
1567 616 1789 675 minima

207 717 529 777 earumdem
550 725 841 785 regnorum
875 708 1228 766 consonantia
1259 716 1363 778 est,
1386 710 1531 783 quod
1564 717 1793 780 utraque

207 826 371 884 reges
402 823 528 865 suos
554 807 611 861 in
635 802 829 861 statuis
849 802 960 858 sive
982 801 1304 872 imaginibus
1320 816 1418 871 per
1434 816 1652 872 campos
1678 801 1791 857 sive

208 904 423 977 plateas
452 899 679 955 adorare
702 892 1031 959 censuerint,
1056 900 1110 948 et
1128 892 1245 948 haec
1271 891 1449 949 facere
1485 892 1792 950 nolentibus

208 995 428 1051 diversa
479 987 744 1059 supplicia
790 984 1092 1040 intulerint.
1139 982 1276 1040 Nam
1311 984 1414 1040 hoc
1441 984 1643 1040 malum
1664 1000 1788 1040 cum

207 1083 427 1143 exteris
464 1079 622 1137 malis
665 1093 784 1149 qum
825 1074 1028 1131 Christi
1062 1074 1293 1131 adventu
1335 1074 1595 1132 frustrata
1642 1082 1788 1142 sunt,

207 1175 467 1236 frustrari
492 1172 713 1229 omnino
744 1170 923 1236 debet,
949 1176 1005 1224 et
1028 1183 1137 1224 non
1159 1169 1332 1224 solum
1360 1170 1427 1226 ab
1460 1185 1526 1226 eo
1571 1169 1641 1225 ad
1683 1168 1791 1224 alia

204 1268 523 1344 peragenda
568 1263 815 1334 exempla
865 1270 989 1319 sunt
1025 1262 1304 1329 sumenda,
1353 1264 1447 1320 sed
1494 1264 1726 1335 idipsum
1758 1280 1793 1321 τι

208 1359 557 1422 Christicolis
590 1357 852 1414 radicitus
875 1362 958 1412 est
981 1354 1403 1426 exstirpandum,
1429 1368 1499 1411 ne
1527 1371 1654 1426 qua,
1699 1371 1791 1412 se-

207 1455 452 1511 cundum
474 1449 810 1520 Apostolnm,
840 1446 996 1502 radia:
1032 1446 1399 1501 amaritudinis
1429 1463 1639 1501 rursum
1676 1447 1793 1518 pul-

206 1547 340 1602 lulet
360 1556 409 1600 et
430 1545 665 1616 inquinet
683 1532 874 1596 multos
909 1538 1067 1612 (Heb.
1102 1539 1225 1610 xu).
1252 1538 1389 1593 Nam
1418 1555 1540 1595 cum
1575 1549 1793 1609 aposto-

207 1637 331 1693 licis
352 1637 688 1691 instruamur
716 1629 1056 1689 documentis
1084 1630 1286 1685 nullam
1317 1646 1416 1685 nos
1440 1631 1569 1686 dare
1594 1630 1792 1688 debere

205 1726 555 1783 occasionem
577 1723 835 1795 maligno,
883 1738 981 1779 cur
1018 1722 1181 1778 talem
1214 1723 1507 1794 gentilibus
1547 1725 1790 1781 occasio-

1888 530 2052 587 stella:
2080 533 2195 589 caeli
2226 536 2491 595 numerari
2523 552 2632 607 pre
2667 535 3015 604 multitudine,
3048 553 3222 594 semen
3259 556 3461 610 quoque

1888 630 2037 678 tuum
2091 628 2360 682 numerari
2417 628 2607 696 poterit
2657 625 2812 700 (Gen.
2870 629 2986 700 xv).
3031 627 3228 685 Semen
3278 639 3463 689 autem

1888 715 2118 773 Abrahae
2146 733 2334 774 omnes
2353 720 2634 776 credentes
2658 733 2798 784 esse,
2829 720 3081 777 omnibus
3114 721 3460 781 manifestum

1888 814 1991 863 est.
2029 808 2149 878 Ipse
2189 810 2333 864 enim
2367 817 2450 865 est
2474 817 2631 880 pater
2661 810 2918 883 gentium,
2960 811 3016 867 in
3041 811 3195 882 cujus
3229 814 3458 884 semine,

1890 899 1946 957 id
1981 909 2066 958 est
2091 901 2148 957 in
2171 901 2407 969 Christo,
2449 904 2834 960 benedicentur
2878 919 3067 962 omnes
3106 914 3321 978 gentes;
3368 906 3462 980 qui

1889 994 2183 1051 secundum
2218 994 2538 1066 apostolum,
2566 1010 2673 1051 non
2701 1011 2766 1051 ex
2801 995 3233 1063 circumcisione,
3258 997 3352 1053 sed
3394 1011 3463 1052 ex

1889 1085 2208 1142 credulitate
2240 1085 2443 1142 amicus
2473 1086 2569 1141 Dei
2596 1093 2819 1142 vocatus
2846 1096 2950 1154 est,
2977 1102 3078 1143 nec
3116 1087 3167 1142 ei
3208 1087 3462 1143 observa-

1890 1177 1967 1235 tio
2002 1176 2152 1251 legis,
2200 1179 2294 1235 sed
2338 1178 2628 1236 credulitas
2666 1179 2788 1236 ﬁdei
2823 1179 2890 1236 ad
2914 1177 3183 1250 justitiam
3217 1186 3464 1251 reputata

1889 1279 1995 1330 est.

2481 1364 2706 1423 CAPUT
2737 1364 2874 1423 XVI.

1892 1461 2087 1518 Contra
2107 1475 2194 1517 eos
2217 1462 2305 1534 qui
2329 1461 2511 1534 dicunt
2533 1461 2670 1532 quod
2700 1460 2946 1534 imaginis
2968 1461 3137 1514 honor
3162 1449 3467 1531 inwprimam

2453 1531 2677 1602 [orntum
2696 1531 2907 1586 transit.

1962 1627 2383 1685 Usitatissimum
2410 1596 2465 1679 et
2508 1623 2701 1694 oppido
2724 1621 3203 1678 familiarissimum
3225 1596 3343 1675 illis
3372 1617 3463 1689 qui

1890 1722 1946 1776 in
1968 1720 2256 1776 aderandis
2280 1716 2604 1789 imaginibus
2625 1721 2871 1779 :estuant,
2896 1714 3001 1770 hoc
3020 1722 3124 1780 est,
3156 1721 3218 1767 ut
3243 1711 3467 1767 credant

206 1832 335 1872 nem
383 1817 570 1871 demus
613 1813 925 1870 mortalium
972 1829 1159 1885 regum
1202 1814 1465 1884 imagines
1517 1816 1790 1872 adorando
1818 1822 1868 1883 B
1891 1821 1946 1869 et
1971 1818 2217 1869 asscrant
2264 1810 2514 1881 imaginis
2568 1807 2829 1863 honorem
2860 1806 2914 1861 in
2952 1804 3195 1861 eamdem
3240 1803 3467 1858 formam

203 1916 263 1963 et
290 1909 360 1962 ab
394 1907 481 1963 his
505 1905 750 1975 exempla
777 1905 1070 1962 sumendo?
1105 1913 1166 1960 ut
1189 1905 1345 1962 nobis
1380 1906 1622 1978 ingerere
1663 1924 1788 1979 pos-

202 2001 323 2057 sint
371 2000 607 2055 dicentes
643 2016 656 2053 :
694 1997 804 2053 Nos
844 2013 1031 2054 eorum
1075 1999 1361 2055 simulacra
1396 2000 1481 2054 vel
1524 2000 1787 2074 imagines

201 2093 504 2148 adoramus
522 2089 765 2161 quosve!
792 2104 920 2145 vera
942 2089 1202 2160 religione
1233 2091 1362 2147 deos
1382 2091 1671 2157 credimus,
1700 2092 1786 2148 vel

202 2182 557 2251 antiquorum
590 2178 974 2236 traditionibus
1008 2180 1151 2236 docti
1178 2180 1304 2236 deos
1342 2196 1450 2236 non
1474 2196 1595 2238 esse
1617 2182 1789 2238 nesci-

200 2288 330 2327 mus
363 2289 377 2325 :
408 2286 506 2327 vos
559 2285 712 2336 vero,
744 2270 939 2345 quibus
976 2270 1120 2326 istud
1170 2271 1501 2328 abominatio
1544 2280 1650 2339 est,
1686 2287 1787 2329 cur

202 2363 473 2433 imagines
495 2362 773 2418 hominum
795 2362 880 2418 vel
905 2360 1045 2418 ceris
1070 2363 1242 2432 pictas
1278 2364 1364 2419 vel
1400 2364 1633 2421 metallis
1655 2380 1786 2421 con-

200 2454 364 2509 ﬂatas
388 2455 488 2509 sub
503 2468 689 2524 regum
719 2453 1017 2509 reverentia
1042 2454 1202 2509 etiam
1230 2455 1442 2525 publica
1474 2456 1787 2513 adoratione

201 2544 565 2611 veneramini,
590 2553 667 2611 et,
696 2553 756 2600 ut
783 2545 885 2614 ipsi
909 2546 1230 2615 praedicatis,
1257 2548 1367 2603 Deo
1384 2556 1592 2604 tantum
1618 2551 1787 2608 hono-

203 2652 324 2691 rem
345 2636 585 2692 debitum
604 2636 768 2692 etiam
789 2637 1096 2693 hominibus
1114 2637 1283 2694 datis?
1303 2639 1454 2706 Quod
1472 2641 1518 2696 si
1538 2641 1786 2701 illicitum

199 2726 420 2798 legique
449 2727 779 2784 contrarium
824 2737 927 2795 est,
959 2745 1056 2786 cur
1095 2730 1198 2786 hoc
1230 2730 1426 2797 facitis,
1470 2731 1783 2803 Christiani,

202 2827 301 2872 aut
331 2834 431 2873 cur
453 2817 621 2874 vestri
658 2834 766 2874 non
791 2819 1078 2890 prohibent
1101 2822 1441 2878 sacerdotes?
1462 2839 1531 2880 ne
1561 2825 1614 2880 id
1644 2826 1787 2896 quod

200 2911 261 2967 id
290 2912 668 2983 ignorantibus
689 2914 845 2969 nobis
864 2928 965 2985 pro
987 2914 1269 2986 sacrilegio
1300 2916 1590 2985 ascribitis,
1618 2920 1789 2976 scien-

203 3014 292 3061 tes
320 3005 423 3060 sub
446 3003 607 3061 cilicii
638 3008 984 3062 excusatione
1007 3008 1264 3064 subeatis.
1296 3008 1427 3077 Quae
1455 3009 1581 3065 dum
1618 3018 1673 3065 et
1702 3012 1789 3068 his

200 3094 406 3151 similia
425 3095 616 3166 primis
640 3096 760 3152 ﬁdei
784 3097 1116 3166 temporibus
1141 3113 1172 3153 a
1190 3098 1525 3170 philosophis
1546 3102 1787 3174 gentium

1887 1920 2045 1977 posse
2089 1904 2323 1960 transire
2349 1901 2501 1972 cujus
2528 1901 2705 1971 imago
2728 1906 2830 1954 est.
2882 1897 3037 1964 Quod
3065 1894 3281 1966 quidem
3328 1908 3466 1963 quo-

1886 1999 2047 2055 modo
2069 1998 2185 2053 ﬁeri
2212 1996 2408 2061 valeat,
2431 2003 2486 2050 et
2514 2003 2698 2048 utrum
2723 1992 2838 2047 ﬁeri
2869 1990 3059 2054 valeat,
3084 1988 3231 2043 nulla
3259 1987 3468 2040 ratione

1885 2092 2200 2162 percipitur,
2251 2104 2352 2144 nec
2408 2087 2711 2143 divinorum
2761 2083 3094 2153 eloquiorum
3145 2077 3471 2135 testimoniis

1887 2183 2234 2256 approbatur.
2280 2179 2659 2250 Nunquidnam
2686 2174 2857 2232 sancti
2890 2172 2983 2244 qui
3003 2187 3104 2242 pro
3128 2168 3337 2226 meritis
3358 2166 3470 2224 suis

1886 2277 2125 2333 cmlestia
2171 2288 2337 2343 regna
2367 2270 2731 2328 conscendere
2767 2266 3070 2330 valuerunt,
3113 2275 3340 2332 quorum
3389 2257 3468 2313 illi

1886 2368 2181 2426 inofﬁcioso
2237 2365 2494 2436 obsequio
2542 2361 2803 2433 imagines
2853 2358 3080 2414 adorare
3125 2357 3464 2424 percensent,

1886 2461 2285 2534 superstitiosos
2324 2465 2417 2514 aut
2454 2466 2816 2527 supervacuos
2845 2449 3080 2506 honores
3128 2439 3473 2500 ambierunt?

1884 2553 2138 2624 Nunquid
2173 2550 2385 2607 adorari
2414 2562 2474 2605 se
2501 2540 2902 2619 permiserunt?
2947 2539 3175 2607 Quidam
3216 2534 3358 2590 enim
3399 2546 3468 2588 ex

1886 2645 1993 2701 illis
2018 2623 2211 2713 abjecti
2234 2656 2354 2698 esse
2379 2640 2683 2711 cupiebant,
2718 2642 2779 2691 ut
2814 2631 3031 2689 Domini
3077 2627 3306 2699 gratiam
3352 2639 3468 2679 me-
3552 2623 3562 2635 ‘

1886 2745 2136 2794 rerentur
2162 2750 2180 2790 :
2215 2736 2281 2791 de
2302 2733 2497 2807 quibus
2515 2738 2632 2785 erat
2660 2727 2747 2783 ille
2770 2726 2863 2797 qui
2897 2724 3110 2781 dicebat
3141 2738 3154 2774 :
3189 2717 3341 2788 Elogi
3373 2715 3470 2769 ab-

1877 2830 2051 2900 jectus
2077 2843 2186 2883 esse
2213 2826 2270 2880 in
2313 2825 2468 2879 domo
2499 2821 2595 2876 Dei
2629 2818 2795 2889 magis
2840 2831 2998 2889 quam
3032 2810 3270 2900 habitare
3305 2809 3361 2862 in
3389 2814 3470 2859 ta-

1887 2898 2181 2973 bernaculis
2207 2921 2536 2986 peccatorum
2576 2906 2747 2981 (Psal.
2778 2900 3035 2973 Lxmv);
3077 2898 3294 2969 quidam
3339 2908 3470 2949 vero

1886 3007 2144 3080 ﬂagellari
2174 3005 2351 3076 potius
2380 3017 2541 3074 quam
2564 2996 2813 3056 venerari
2832 2994 3139 3051 maluerunt
3164 3008 3179 3044 :
3208 2987 3364 3045 testis
3385 2991 3468 3042 est

1889 3100 1976 3155 ille
2007 3098 2098 3170 qui
2127 3098 2261 3154 dixit
2294 3114 2308 3150 :
2348 3095 2463 3166 Ego
2488 3101 2662 3148 autem
2691 3106 2792 3146 non
2808 3087 2986 3159 solum
3015 3083 3246 3154 alligari,
3270 3093 3475 3135 verum-

201 3188 412 3245 nostris
441 3188 588 3244 illata
614 3187 865 3256 fuissent,
892 3190 1062 3245 nostri
1097 3190 1279 3248 taliter
1319 3171 1663 3264 respondisse
1708 3193 1790 3251 fe-
1811 3183 1862 3258 ο
1889 3192 2046 3248 etiam
2073 3190 2207 3245 mori
2252 3204 2346 3261 pro
2370 3186 2575 3242 Christo
2619 3189 2837 3255 paratus
2875 3193 3013 3234 sum.
3044 3173 3163 3230 Non
3196 3171 3340 3264 enim
3372 3182 3470 3223 eos

201 3287 407 3336 runtur
454 3298 469 3335 :
516 3280 631 3337 Hoc
676 3296 909 3353 namque
956 3284 1099 3353 quod
1149 3285 1327 3342 dicitis
1373 3301 1472 3343 nec
1531 3288 1793 3346 debemus

198 3374 462 3443 probare,
499 3389 601 3431 nec
629 3389 937 3444 possumus,
965 3378 1092 3448 quia
1129 3378 1467 3436 evidentibus
1486 3379 1583 3436 Dei
1606 3380 1790 3449 dictis,

200 3478 323 3520 non
374 3464 660 3532 elementa,
698 3482 805 3522 non
842 3468 1083 3538 angelos,
1126 3484 1228 3526 nec
1250 3470 1522 3539 quoslibet
1554 3471 1679 3528 caeli
1725 3488 1792 3530 ac

200 3560 377 3609 terrm
422 3553 506 3607 vel
551 3554 692 3611 aeris
741 3555 1075 3627 principatus
1130 3558 1358 3616 adorare
1401 3560 1790 3630 permittimur.

202 3646 391 3702 Divini
415 3647 559 3703 enim
600 3648 829 3718 speciale
856 3649 961 3707 hoc
1002 3666 1201 3708 nomen
1229 3660 1313 3708 est
1344 3652 1506 3708 cilicii
1541 3661 1598 3708 et
1632 3653 1797 3712 altius

202 3738 364 3794 omni
403 3744 620 3793 terrena
655 3740 1006 3795 veneratione
1044 3740 1129 3794 vel
1162 3742 1483 3808 reverentia,
1527 3743 1622 3799 sed
1651 3743 1793 3801 sicut

202 3826 268 3882 in
290 3825 596 3895 hujusmodi
618 3828 817 3884 malum
842 3830 1076 3899 primum
1099 3830 1331 3886 adolatio
1353 3831 1601 3888 homines
1621 3833 1795 3905 impu-

202 3918 298 3983 lit,
340 3919 421 3974 sic
457 3936 602 3976 nunc
636 3921 704 3977 ab
735 3936 919 3978 errore
967 3924 1297 3981 consuetudo
1321 3924 1413 3981 vix
1452 3902 1796 3984 revocatjln

204 4024 322 4079 quo
362 4018 544 4066 tamen
576 4012 793 4068 incauto
819 4014 1079 4086 obsequio
1120 4031 1429 4087 quanquam
1451 4017 1663 4075 divinus
1683 4034 1795 4075 non

203 4100 651 4169 deprehendatur
701 4102 876 4159 cultus
899 4143 915 4170 ,
967 4104 1063 4159 sed
1123 4114 1343 4177 propter
1388 4107 1793 4166 similitudinem

1892 3287 2159 3342 honorum
2185 3281 2531 3351 appetitores,
2560 3274 2655 3331 sed
2670 3270 2943 3343 spirituali
2967 3268 3155 3340 vigore
3182 3263 3475 3333 ﬂagrantes

1892 3385 1945 3433 et
1969 3383 2159 3432 contra
2197 3373 2425 3427 adversa
2461 3367 2698 3424 munitos
2745 3371 2906 3433 atque
2940 3361 3064 3431 igne
3107 3351 3477 3412 tribulationis

1892 3470 2142 3527 decoctos
2177 3473 2232 3521 et
2271 3461 2557 3519 mundanis
2596 3454 3015 3514 adversitatibus
3058 3449 3311 3506 fortiores
3346 3444 3476 3501 ell'e-

1892 3566 2028 3624 etos,
2055 3558 2245 3612 doctor
2267 3553 2508 3627 gentium
2536 3549 2701 3604 fuisse
2723 3547 3133 3606 commemorat,
3163 3552 3287 3594 cum
3312 3548 3476 3606 quos-

1894 3653 2016 3709 dam
2063 3664 2132 3706 ex
2182 3647 2288 3704 illis
2342 3645 2473 3701 dicit
2511 3649 2769 3707 tantatos,
2826 3647 2889 3692 ut
2920 3634 3176 3699 Achiam;
3210 3628 3471 3701 quosdam

1892 3743 2174 3814 lapidatus,
2226 3748 2287 3794 ut
2333 3734 2653 3793 Zachariam
2685 3739 2740 3788 et
2783 3729 3149 3799 Stephanum;
3207 3720 3471 3814 quosdam

1894 3810 2107 3892 illorum
2134 3817 2328 3898 sectos,
2361 3838 2422 3886 ut
2442 3829 2656 3893 Isaiam,
2696 3824 2789 3895 qui
2830 3837 2929 3894 per
2968 3818 3195 3890 ﬁguram
3226 3810 3477 3886 syllepsis

1894 3928 2175 4001 pluraliter
2193 3925 2438 3997 ponitur;
2470 3918 2732 3991 quosdam
2758 3916 2815 3971 in
2839 3911 3112 3971 occisione
3137 3906 3298 3980 gladii
3324 3918 3477 3961 mor-

1894 4027 2035 4085 tuos,
2075 4017 2216 4074 sicut
2271 4015 2455 4086 plures
2493 4010 2879 4082 prophetarum
2927 4000 3094 4058 fuisse
3137 4004 3471 4061 noscuntur;

1895 4111 2153 4182 quosdam
2178 4107 2435 4165 circuisse
2455 4104 2511 4159 in
2539 4099 2845 4164 melotibus,
2875 4113 2931 4152 ιιι
2951 4092 3182 4167 pellibus
3215 4087 3475 4182 caprinis,

202 4192 528 4249 amabilium
542 4195 783 4251 vultuum
805 4196 1000 4268 gaudia
1018 4176 1224 4253 intenta
1246 4199 1368 4269 plus
1389 4200 1609 4269 faciant,
1633 4218 1795 4272 quam
1894 4176 2035 4256 sicut
2075 4198 2248 4255 Eliam
2299 4202 2353 4252 et
2375 4193 2674 4256 Joannem;
2713 4185 2977 4258 quosdam
3017 4176 3478 4272 angustat08_8ive

200 4295 309 4342 aut
336 4288 394 4343 hi
421 4287 563 4345 forte
604 4292 824 4362 exigant
868 4293 1066 4362 quibus
1114 4268 1373 4363 delertur,
1421 4305 1514 4353 aut
1546 4268 1796 4372 peris-gi
1895 4300 2115 4363 egentes
2161 4287 2325 4344 M856
2357 4285 2567 4354 “liqu
2602 4281 2823 4372 dignun?
2862 4290 2970 4332 “0"
3000 4272 3170 4372 “fisse
3193 4268 3475 4372 ωῗηδξηηῗ

199 4386 466 4450 oporteat
477 4358 1210 4449 deferentes,reverentiores
1234 4358 1412 4442 tamen
1432 4397 1488 4443 et
1505 4358 1800 4447 districtio-
1895 4358 2036 4441 sicut
2080 4382 2148 4436 de
2172 4391 2312 4450 Ρθῐιθ
2351 4375 2602 4433 omnibus
2653 4368 2856 4427 εθῐιοῐίε
2906 4364 3109 4437 Ρίῖεείω
3151 4358 3478 4417 ετθάθηάυω

198 4467 458 4525 reshanc
478 4472 916 4528 consuetudinem
938 4474 1796 4549 perhorrentChristiani,quibus
1818 4541 1864 4549 _
1896 4479 1999 4539 εει,
2042 4473 2431 4527 commemorat
2462 4463 2621 4538 (Heb-
2647 4461 2728 4533 XI)
2753 4479 2767 4518 ε
2807 4459 3004 4530 quibus
3031 4451 3295 4549 “3‘”st
3311 4462 3481 4549 Po?”

198 4561 399 4617 taliter
448 4562 613 4619 illatis
639 4579 747 4620 non
785 4539 1007 4636 apparet
1040 4582 1155 4634 eos,
1202 4575 1334 4625 tunc
1381 4539 1795 4645 regumimagi-
1818 4541 1875 4603 D
1899 4572 2102 4623 stratur
2150 4578 2260 4618 non
2290 4575 2385 4617 eos
2438 4559 2724 4620 honorum,
2768 4551 2868 4645 sed
2919 4548 3181 4645 virtutum
3211 4539 3480 4645 desiderio

199 4666 313 4709 nes
340 4651 572 4710 adorare
608 4655 916 4724 censuisse,
973 4672 1280 4727 quanquam
1330 4661 1490 4716 rudes
1523 4661 1701 4719 adhuc
1739 4671 1797 4720 et

199 4745 448 4802 necdum
497 4746 686 4804 solidat
753 4749 823 4804 ad
871 4750 1276 4821 percipiendum
1302 4752 1558 4832 §olidnm
1614 4754 1796 4811 cibum

202 4844 425 4893 mentes
453 4836 733 4895 hominum
781 4837 985 4895 fuerint
1036 4839 1103 4896 de
1151 4842 1450 4913 gentilitate
1497 4860 1792 4901 conversae.

198 4928 333 4985 lam
346 4944 478 4985 vero
500 4930 629 5001 quia
646 4931 831 4987 dicunt
855 4932 1100 5004 exemplo
1121 4933 1480 5004 imperialium
1501 4935 1795 5008 imaginum

198 5022 505 5093 imaginem
528 5023 625 5080 Dei
649 5024 734 5079 vel
776 5033 981 5081 sanctte
1027 5025 1123 5082 Dei
1164 5028 1446 5097 genitricis
1483 5027 1664 5085 Mariae
1700 5030 1786 5086 vel

199 5114 456 5173 omnium
477 5123 785 5170 sanctorum
811 5117 1026 5171 adorari
1057 5118 1275 5185 debere,
1300 5134 1462 5189 quam
1500 5119 1572 5175 sit
1606 5121 1797 5176 absur-

200 5202 343 5260 dum
375 5219 603 5274 quamve
626 5205 819 5262 inutile
837 5207 891 5260 in
918 5216 1174 5277 promptu
1210 5216 1311 5274 cst,
1342 5209 1507 5264 etiam
1552 5210 1666 5266 sive
1694 5212 1800 5268 hoc

198 5294 468 5366 capitulo,
498 5295 612 5351 sive
635 5296 691 5353 in
719 5297 841 5354 aliis
870 5314 937 5353 ex
973 5307 1126 5369 parte
1154 5308 1513 5356 monstratum
1540 5310 1642 5356 est.
1668 5302 1799 5357 Nul-

194 5387 296 5443 lus
317 5387 467 5442 enim
499 5396 696 5457 prmter
719 5388 889 5443 Deum
924 5390 1347 5460 omnipotentem
1380 5392 1622 5448 omnium
1668 5409 1795 5450 san-

198 5487 430 5538 ctorum
474 5479 736 5551 imagines
792 5481 879 5537 vel
926 5482 1144 5537 nomina
1182 5483 1384 5538 habere
1432 5483 1516 5538 vel
1562 5486 1797 5542 retinere

197 5579 413 5645 potest,
442 5570 653 5628 dicente
671 5573 941 5645 Propheta
966 5592 980 5628 :
1011 5572 1185 5630 Nimis
1216 5575 1460 5630 honorati
1493 5586 1614 5633 sunt
1640 5580 1796 5636 amici

201 5671 311 5737 tul,
341 5668 505 5735 Deus,
540 5670 693 5726 nimis
744 5669 1071 5741 confortatus
1100 5679 1175 5725 est
1214 5672 1537 5742 principatus
1574 5690 1753 5728 eorum
1774 5690 1795 5729 :

202 5762 556 5843 dinumerabo
616 5780 703 5825 eos
756 5772 804 5823 et
841 5780 998 5840 super
1050 5778 1266 5829 arenam
1306 5761 1797 5837 multiplicabuntur

1899 4666 2177 4713 aestuasse.
2207 4652 2342 4708 Nam
2367 4651 2414 4707 si
2452 4648 2744 4705 ambitione
2765 4644 3033 4699 bonorum
3058 4637 3186 4693 dum
3228 4631 3478 4689 mortali-

1898 4761 1983 4806 ter
2032 4749 2295 4814 viverent,
2348 4752 2649 4810 uterentur,
2706 4755 2813 4794 non
2848 4736 3011 4794 hodie
3066 4733 3125 4788 in
3166 4726 3480 4788 coelestibus

1901 4848 2050 4897 tanta
2075 4840 2244 4911 gloria
2270 4838 2607 4901 fruerentur;
2632 4832 2759 4887 dum
2795 4842 2925 4899 ergo
2950 4824 3022 4881 sit
3054 4821 3161 4879 illis
3192 4835 3225 4874 a
3250 4816 3480 4911 Domino

1899 4933 2075 4988 honor
2084 4908 2386 5000 perpetuus
2405 4926 2715 4990 attributus,
2760 4935 2869 4976 non
2893 4923 3021 4975 sunt
3042 4908 3480 4969 transitoriorum

1901 5022 2165 5079 honorum
2197 5018 2421 5089 indigni.

1971 5110 2157 5167 Honor
2207 5086 2391 5178 itaque
2416 5105 2574 5176 digne
2612 5109 2923 5158 sanctorum
2971 5094 3310 5167 corporibus,
3355 5086 3481 5146 reli-
3518 5116 3529 5126 -

1902 5203 2044 5273 quiis
2089 5202 2203 5257 sive
2250 5198 2489 5256 basilicis
2540 5195 2831 5261 exhibitus,
2867 5200 2923 5249 et
2962 5184 3315 5260 omnipotenti
3367 5182 3481 5239 Deo

1903 5305 1959 5353 et
1978 5295 2182 5351 sanctis
2210 5292 2326 5362 ejus
2375 5299 2559 5346 manet
2596 5296 2880 5360 acceptus;
2930 5286 3303 5353 incompetens
3348 5290 3482 5334 vero

1902 5398 1957 5446 et
2004 5388 2278 5453 indecens,
2316 5399 2419 5440 nec
2444 5383 2557 5438 Deo
2579 5397 2682 5437 nec
2730 5378 2930 5437 sanctis
2955 5374 3073 5447 ejus
3099 5379 3283 5430 manet
3328 5382 3483 5427 acce-

1902 5492 2044 5554 ptus.

1974 5572 2111 5627 Hinc
2133 5577 2218 5626 est
2236 5568 2379 5641 quod
2408 5568 2597 5624 beatus
2622 5564 2821 5635 Ioseph
2848 5569 2971 5634 post
2995 5557 3337 5632 prophetiam
3359 5567 3484 5611 ossa

1902 5681 1997 5721 sua
2027 5680 2150 5721 cum
2189 5662 2525 5733 adiuratione
2553 5660 2678 5715 ﬁliis
2723 5657 2891 5714 Israel
2932 5657 3001 5712 ad
3042 5663 3248 5709 terram
3293 5661 3484 5719 repro-

1900 5758 2175 5817 missionis
2202 5757 2443 5815 venturis
2490 5769 2673 5812 secum
2726 5749 3015 5809 deferenda
3064 5749 3368 5821 percenset,
3392 5751 3486 5818 ne,
