  <div class='ocr_page' id='page_1' title='image "/cluster/home/n/w/nwhite01/storage/ocr_20150623/98/hvd.32044015466782/579.png"; bbox 0 0 4016 6292; ppageno 0'>
   <div class='ocr_carea' id='block_1_1' title="bbox 510 316 685 378">
    <p class='ocr_par' dir='ltr' id='par_1_1' title="bbox 510 316 685 378">
     <span class='ocr_line' id='line_1_1' title="bbox 510 316 685 378; baseline -0.006 0"><span class='ocrx_word' id='word_1_1' title='bbox 510 316 647 378; x_wconf 62' lang='grc'><strong>1147</strong></span> <span class='ocrx_word' id='word_1_2' title='bbox 680 324 685 329; x_wconf 75' lang='grc'><em>’</em></span> 
     </span>
    </p>
   </div>
   <div class='ocr_carea' id='block_1_2' title="bbox 1346 278 2943 377">
    <p class='ocr_par' dir='ltr' id='par_1_2' title="bbox 1346 278 2943 377">
     <span class='ocr_line' id='line_1_2' title="bbox 1346 278 2943 377; baseline -0.004 -2"><span class='ocrx_word' id='word_1_3' title='bbox 1346 322 1351 329; x_wconf 93' lang='grc'>·</span> <span class='ocrx_word' id='word_1_4' title='bbox 1388 313 1450 375; x_wconf 80' lang='lat' dir='ltr'><strong>s.</strong></span> <span class='ocrx_word' id='word_1_5' title='bbox 1486 310 1737 377; x_wconf 69' lang='lat' dir='ltr'><strong>canon</strong></span> <span class='ocrx_word' id='word_1_6' title='bbox 1769 310 1986 373; x_wconf 74' lang='lat' dir='ltr'><strong>MAGNI</strong></span> <span class='ocrx_word' id='word_1_7' title='bbox 2021 306 2173 373; x_wconf 72' lang='lat' dir='ltr'><strong>our.</strong></span> <span class='ocrx_word' id='word_1_8' title='bbox 2209 308 2392 370; x_wconf 62' lang='lat' dir='ltr'><strong>rans</strong></span> <span class='ocrx_word' id='word_1_9' title='bbox 2420 310 2489 370; x_wconf 93' lang='grc' dir='ltr'>ιι.</span> <span class='ocrx_word' id='word_1_10' title='bbox 2530 300 2773 371; x_wconf 74' lang='lat' dir='ltr'><strong>seem</strong></span> <span class='ocrx_word' id='word_1_11' title='bbox 2804 302 2871 369; x_wconf 88' lang='grc' dir='ltr'>ιι.</span> <span class='ocrx_word' id='word_1_12' title='bbox 2938 278 2943 281; x_wconf 55' lang='grc'>⁷</span> 
     </span>
    </p>
   </div>
   <div class='ocr_carea' id='block_1_3' title="bbox 3608 307 3760 368">
    <p class='ocr_par' dir='ltr' id='par_1_3' title="bbox 3608 307 3760 368">
     <span class='ocr_line' id='line_1_3' title="bbox 3608 307 3760 368; baseline 0 -1"><span class='ocrx_word' id='word_1_13' title='bbox 3608 307 3760 368; x_wconf 69' lang='grc'><strong>1118</strong></span> 
     </span>
    </p>
   </div>
   <div class='ocr_carea' id='block_1_4' title="bbox 502 398 3759 511">
    <p class='ocr_par' dir='ltr' id='par_1_4' title="bbox 502 398 3759 511">
     <span class='ocr_line' id='line_1_4' title="bbox 502 398 3759 511; baseline -0.002 -21"><span class='ocrx_word' id='word_1_14' title='bbox 502 434 631 490; x_wconf 90' lang='lat' dir='ltr'><strong>dum</strong></span> <span class='ocrx_word' id='word_1_15' title='bbox 657 422 897 502; x_wconf 67' lang='lat' dir='ltr'><strong>Egyptli</strong></span> <span class='ocrx_word' id='word_1_16' title='bbox 917 398 1183 488; x_wconf 86' lang='lat' dir='ltr'><strong>memores</strong></span> <span class='ocrx_word' id='word_1_17' title='bbox 1208 437 1389 487; x_wconf 81' lang='lat' dir='ltr'><strong>essent</strong></span> <span class='ocrx_word' id='word_1_18' title='bbox 1412 430 1574 496; x_wconf 90' lang='lat' dir='ltr'><strong>illius,</strong></span> <span class='ocrx_word' id='word_1_19' title='bbox 1604 430 1717 487; x_wconf 89' lang='lat' dir='ltr'><strong>sive</strong></span> <span class='ocrx_word' id='word_1_20' title='bbox 1742 428 2072 511; x_wconf 84' lang='lat' dir='ltr'><strong>administra-</strong></span> <span class='ocrx_word' id='word_1_21' title='bbox 2097 422 2297 491; x_wconf 62' lang='lat' dir='ltr'><strong>Aidei</strong></span> <span class='ocrx_word' id='word_1_22' title='bbox 2337 426 2539 481; x_wconf 83' lang='lat' dir='ltr'><strong>habere</strong></span> <span class='ocrx_word' id='word_1_23' title='bbox 2565 425 3005 491; x_wconf 81' lang='lat' dir='ltr'><strong>emolumentum,</strong></span> <span class='ocrx_word' id='word_1_24' title='bbox 3051 434 3117 481; x_wconf 85' lang='lat' dir='ltr'><strong>eo</strong></span> <span class='ocrx_word' id='word_1_25' title='bbox 3167 421 3313 494; x_wconf 86' lang='lat' dir='ltr'><strong>quod</strong></span> <span class='ocrx_word' id='word_1_26' title='bbox 3338 424 3593 495; x_wconf 77' lang='lat' dir='ltr'><strong>operibus</strong></span> <span class='ocrx_word' id='word_1_27' title='bbox 3642 426 3759 482; x_wconf 74' lang='lat' dir='ltr'><strong>sint</strong></span> 
     </span>
    </p>
   </div>
   <div class='ocr_carea' id='block_1_5' title="bbox 505 520 2077 593">
    <p class='ocr_par' dir='ltr' id='par_1_5' title="bbox 505 520 2077 593">
     <span class='ocr_line' id='line_1_5' title="bbox 505 520 2077 593; baseline -0.001 -17"><span class='ocrx_word' id='word_1_28' title='bbox 505 522 667 579; x_wconf 90' lang='lat' dir='ltr'><strong>tionis</strong></span> <span class='ocrx_word' id='word_1_29' title='bbox 689 536 794 592; x_wconf 88' lang='lat' dir='ltr'><strong>qua</strong></span> <span class='ocrx_word' id='word_1_30' title='bbox 831 523 887 577; x_wconf 90' lang='lat' dir='ltr'><strong>in</strong></span> <span class='ocrx_word' id='word_1_31' title='bbox 930 536 1121 593; x_wconf 89' lang='lat' dir='ltr'><strong>magna</strong></span> <span class='ocrx_word' id='word_1_32' title='bbox 1145 528 1385 593; x_wconf 75' lang='lat' dir='ltr'><strong>egestate</strong></span> <span class='ocrx_word' id='word_1_33' title='bbox 1411 520 1704 593; x_wconf 66' lang='lat' dir='ltr'><strong>Egyptum</strong></span> <span class='ocrx_word' id='word_1_34' title='bbox 1747 520 2077 593; x_wconf 87' lang='lat' dir='ltr'><strong>gubernave-</strong></span> 
     </span>
    </p>
   </div>
   <div class='ocr_carea' id='block_1_6' title="bbox 505 612 2071 685">
    <p class='ocr_par' dir='ltr' id='par_1_6' title="bbox 505 612 2071 685">
     <span class='ocr_line' id='line_1_6' title="bbox 505 612 2071 685; baseline -0.001 -15"><span class='ocrx_word' id='word_1_35' title='bbox 505 621 608 680; x_wconf 81' lang='lat' dir='ltr'><strong>rat,</strong></span> <span class='ocrx_word' id='word_1_36' title='bbox 639 612 759 685; x_wconf 84' lang='lat' dir='ltr'><strong>ejus</strong></span> <span class='ocrx_word' id='word_1_37' title='bbox 787 614 996 669; x_wconf 90' lang='lat' dir='ltr'><strong>ossibus</strong></span> <span class='ocrx_word' id='word_1_38' title='bbox 1026 613 1270 669; x_wconf 76' lang='lat' dir='ltr'><strong>inutilem</strong></span> <span class='ocrx_word' id='word_1_39' title='bbox 1294 613 1611 669; x_wconf 77' lang='lat' dir='ltr'><strong>exhiberem</strong></span> <span class='ocrx_word' id='word_1_40' title='bbox 1639 614 2071 680; x_wconf 75' lang='lat' dir='ltr'><strong>venerationem;</strong></span> 
     </span>
    </p>
   </div>
   <div class='ocr_carea' id='block_1_7' title="bbox 505 705 2075 777">
    <p class='ocr_par' dir='ltr' id='par_1_7' title="bbox 505 705 2075 777">
     <span class='ocr_line' id='line_1_7' title="bbox 505 705 2075 777; baseline 0 -16"><span class='ocrx_word' id='word_1_41' title='bbox 505 714 561 761; x_wconf 89' lang='lat' dir='ltr'><strong>et</strong></span> <span class='ocrx_word' id='word_1_42' title='bbox 582 706 675 777; x_wconf 91' lang='lat' dir='ltr'><strong>qui</strong></span> <span class='ocrx_word' id='word_1_43' title='bbox 699 714 816 761; x_wconf 88' lang='lat' dir='ltr'><strong>erat</strong></span> <span class='ocrx_word' id='word_1_44' title='bbox 842 707 896 762; x_wconf 87' lang='lat' dir='ltr'><strong>in</strong></span> <span class='ocrx_word' id='word_1_45' title='bbox 926 705 1020 761; x_wconf 89' lang='lat' dir='ltr'><strong>Dei</strong></span> <span class='ocrx_word' id='word_1_46' title='bbox 1046 707 1309 762; x_wconf 75' lang='lat' dir='ltr'><strong>creatoris</strong></span> <span class='ocrx_word' id='word_1_47' title='bbox 1333 707 1615 762; x_wconf 81' lang='lat' dir='ltr'><strong>devotione</strong></span> <span class='ocrx_word' id='word_1_48' title='bbox 1654 705 1919 773; x_wconf 80' lang='lat' dir='ltr'><strong>ﬁrmatus,</strong></span> <span class='ocrx_word' id='word_1_49' title='bbox 1955 714 2009 763; x_wconf 90' lang='lat' dir='ltr'><strong>et</strong></span> <span class='ocrx_word' id='word_1_50' title='bbox 2045 721 2075 761; x_wconf 93' lang='lat' dir='ltr'><strong>a</strong></span> 
     </span>
    </p>
   </div>
   <div class='ocr_carea' id='block_1_8' title="bbox 505 797 2078 872">
    <p class='ocr_par' dir='ltr' id='par_1_8' title="bbox 505 797 2078 872">
     <span class='ocr_line' id='line_1_8' title="bbox 505 797 2078 872; baseline 0.001 -17"><span class='ocrx_word' id='word_1_51' title='bbox 505 812 643 855; x_wconf 89' lang='lat' dir='ltr'><strong>vana</strong></span> <span class='ocrx_word' id='word_1_52' title='bbox 677 798 1058 869; x_wconf 82' lang='lat' dir='ltr'><strong>superstitione</strong></span> <span class='ocrx_word' id='word_1_53' title='bbox 1090 797 1468 872; x_wconf 66' lang='lat' dir='ltr'><strong>Egyptiorum</strong></span> <span class='ocrx_word' id='word_1_54' title='bbox 1497 800 1717 856; x_wconf 85' lang='lat' dir='ltr'><strong>omnino</strong></span> <span class='ocrx_word' id='word_1_55' title='bbox 1740 800 1966 868; x_wconf 90' lang='lat' dir='ltr'><strong>alienus,</strong></span> <span class='ocrx_word' id='word_1_56' title='bbox 2012 812 2078 856; x_wconf 92' lang='lat' dir='ltr'><strong>eo</strong></span> 
     </span>
    </p>
   </div>
   <div class='ocr_carea' id='block_1_9' title="bbox 505 892 2077 964">
    <p class='ocr_par' dir='ltr' id='par_1_9' title="bbox 505 892 2077 964">
     <span class='ocr_line' id='line_1_9' title="bbox 505 892 2077 964; baseline 0.001 -18"><span class='ocrx_word' id='word_1_57' title='bbox 505 892 822 962; x_wconf 81' lang='lat' dir='ltr'><strong>propensius</strong></span> <span class='ocrx_word' id='word_1_58' title='bbox 858 904 1009 949; x_wconf 88' lang='lat' dir='ltr'><strong>suam</strong></span> <span class='ocrx_word' id='word_1_59' title='bbox 1037 893 1343 949; x_wconf 89' lang='lat' dir='ltr'><strong>ostenderet</strong></span> <span class='ocrx_word' id='word_1_60' title='bbox 1379 893 1740 960; x_wconf 84' lang='lat' dir='ltr'><strong>sanctitatem,</strong></span> <span class='ocrx_word' id='word_1_61' title='bbox 1768 907 1874 964; x_wconf 91' lang='lat' dir='ltr'><strong>quo</strong></span> <span class='ocrx_word' id='word_1_62' title='bbox 1914 899 1969 950; x_wconf 91' lang='lat' dir='ltr'><strong>et</strong></span> <span class='ocrx_word' id='word_1_63' title='bbox 1992 893 2077 948; x_wconf 83' lang='lat' dir='ltr'><strong>vi—</strong></span> 
     </span>
    </p>
   </div>
   <div class='ocr_carea' id='block_1_10' title="bbox 509 980 2078 1056">
    <p class='ocr_par' dir='ltr' id='par_1_10' title="bbox 509 980 2078 1056">
     <span class='ocr_line' id='line_1_10' title="bbox 509 980 2078 1056; baseline 0.003 -20"><span class='ocrx_word' id='word_1_64' title='bbox 509 997 639 1037; x_wconf 88' lang='lat' dir='ltr'><strong>vens</strong></span> <span class='ocrx_word' id='word_1_65' title='bbox 662 980 937 1039; x_wconf 83' lang='lat' dir='ltr'><strong>humiliter</strong></span> <span class='ocrx_word' id='word_1_66' title='bbox 966 989 1021 1038; x_wconf 91' lang='lat' dir='ltr'><strong>et</strong></span> <span class='ocrx_word' id='word_1_67' title='bbox 1046 991 1192 1040; x_wconf 92' lang='lat' dir='ltr'><strong>recte</strong></span> <span class='ocrx_word' id='word_1_68' title='bbox 1217 985 1328 1041; x_wconf 92' lang='lat' dir='ltr'><strong>Deo</strong></span> <span class='ocrx_word' id='word_1_69' title='bbox 1350 986 1616 1052; x_wconf 90' lang='lat' dir='ltr'><strong>servierit,</strong></span> <span class='ocrx_word' id='word_1_70' title='bbox 1646 994 1701 1042; x_wconf 93' lang='lat' dir='ltr'><strong>et</strong></span> <span class='ocrx_word' id='word_1_71' title='bbox 1726 994 1845 1056; x_wconf 89' lang='lat' dir='ltr'><strong>post</strong></span> <span class='ocrx_word' id='word_1_72' title='bbox 1871 986 2078 1041; x_wconf 90' lang='lat' dir='ltr'><strong>obitum</strong></span> 
     </span>
    </p>
   </div>
   <div class='ocr_carea' id='block_1_11' title="bbox 507 1072 2079 1149">
    <p class='ocr_par' dir='ltr' id='par_1_11' title="bbox 507 1072 2079 1149">
     <span class='ocr_line' id='line_1_11' title="bbox 507 1072 2079 1149; baseline 0.005 -22"><span class='ocrx_word' id='word_1_73' title='bbox 507 1072 778 1129; x_wconf 86' lang='lat' dir='ltr'><strong>cineribus</strong></span> <span class='ocrx_word' id='word_1_74' title='bbox 806 1074 920 1130; x_wconf 87' lang='lat' dir='ltr'><strong>suis</strong></span> <span class='ocrx_word' id='word_1_75' title='bbox 958 1074 1324 1146; x_wconf 89' lang='lat' dir='ltr'><strong>iucompetens</strong></span> <span class='ocrx_word' id='word_1_76' title='bbox 1362 1078 1679 1149; x_wconf 85' lang='lat' dir='ltr'><strong>obsequium</strong></span> <span class='ocrx_word' id='word_1_77' title='bbox 1718 1078 1962 1134; x_wconf 89' lang='lat' dir='ltr'><strong>exhiberi</strong></span> <span class='ocrx_word' id='word_1_78' title='bbox 1991 1094 2079 1135; x_wconf 91' lang='lat' dir='ltr'><strong>re-</strong></span> 
     </span>
    </p>
   </div>
   <div class='ocr_carea' id='block_1_12' title="bbox 507 1163 2081 1240">
    <p class='ocr_par' dir='ltr' id='par_1_12' title="bbox 507 1163 2081 1240">
     <span class='ocr_line' id='line_1_12' title="bbox 507 1163 2081 1240; baseline 0.004 -21"><span class='ocrx_word' id='word_1_79' title='bbox 507 1164 795 1219; x_wconf 89' lang='lat' dir='ltr'><strong>cusaverit.</strong></span> <span class='ocrx_word' id='word_1_80' title='bbox 820 1163 955 1221; x_wconf 91' lang='lat' dir='ltr'><strong>Cum</strong></span> <span class='ocrx_word' id='word_1_81' title='bbox 989 1181 1118 1237; x_wconf 88' lang='lat' dir='ltr'><strong>ergo</strong></span> <span class='ocrx_word' id='word_1_82' title='bbox 1144 1168 1316 1222; x_wconf 86' lang='lat' dir='ltr'><strong>sancti</strong></span> <span class='ocrx_word' id='word_1_83' title='bbox 1359 1169 1460 1223; x_wconf 92' lang='lat' dir='ltr'><strong>viri</strong></span> <span class='ocrx_word' id='word_1_84' title='bbox 1497 1177 1552 1224; x_wconf 91' lang='lat' dir='ltr'><strong>et</strong></span> <span class='ocrx_word' id='word_1_85' title='bbox 1599 1170 1711 1225; x_wconf 88' lang='lat' dir='ltr'><strong>Deo</strong></span> <span class='ocrx_word' id='word_1_86' title='bbox 1758 1186 1856 1240; x_wconf 90' lang='lat' dir='ltr'><strong>per</strong></span> <span class='ocrx_word' id='word_1_87' title='bbox 1900 1172 2081 1227; x_wconf 87' lang='lat' dir='ltr'><strong>omnia</strong></span> 
     </span>
    </p>
   </div>
   <div class='ocr_carea' id='block_1_13' title="bbox 508 1255 2084 1330">
    <p class='ocr_par' dir='ltr' id='par_1_13' title="bbox 508 1255 2084 1330">
     <span class='ocr_line' id='line_1_13' title="bbox 508 1255 2084 1330; baseline 0.006 -22"><span class='ocrx_word' id='word_1_88' title='bbox 508 1255 716 1324; x_wconf 87' lang='lat' dir='ltr'><strong>accepti</strong></span> <span class='ocrx_word' id='word_1_89' title='bbox 751 1271 887 1310; x_wconf 90' lang='lat' dir='ltr'><strong>vana</strong></span> <span class='ocrx_word' id='word_1_90' title='bbox 931 1258 1189 1327; x_wconf 86' lang='lat' dir='ltr'><strong>obsequia</strong></span> <span class='ocrx_word' id='word_1_91' title='bbox 1219 1259 1497 1314; x_wconf 87' lang='lat' dir='ltr'><strong>hominum</strong></span> <span class='ocrx_word' id='word_1_92' title='bbox 1544 1260 1916 1330; x_wconf 82' lang='lat' dir='ltr'><strong>devitaverint,</strong></span> <span class='ocrx_word' id='word_1_93' title='bbox 1944 1264 2084 1319; x_wconf 90' lang='lat' dir='ltr'><strong>sicut</strong></span> 
     </span>
    </p>
   </div>
   <div class='ocr_carea' id='block_1_14' title="bbox 508 1345 2085 1423">
    <p class='ocr_par' dir='ltr' id='par_1_14' title="bbox 508 1345 2085 1423">
     <span class='ocr_line' id='line_1_14' title="bbox 508 1345 2085 1423; baseline 0.005 -22"><span class='ocrx_word' id='word_1_94' title='bbox 508 1345 704 1403; x_wconf 86' lang='lat' dir='ltr'><strong>Paulus</strong></span> <span class='ocrx_word' id='word_1_95' title='bbox 725 1357 780 1403; x_wconf 90' lang='lat' dir='ltr'><strong>et</strong></span> <span class='ocrx_word' id='word_1_96' title='bbox 802 1348 1075 1413; x_wconf 82' lang='lat' dir='ltr'><strong>Barnabas</strong></span> <span class='ocrx_word' id='word_1_97' title='bbox 1094 1350 1400 1421; x_wconf 86' lang='lat' dir='ltr'><strong>Lycaonum</strong></span> <span class='ocrx_word' id='word_1_98' title='bbox 1428 1353 1800 1421; x_wconf 89' lang='lat' dir='ltr'><strong>superstitiosa</strong></span> <span class='ocrx_word' id='word_1_99' title='bbox 1824 1354 2085 1423; x_wconf 87' lang='lat' dir='ltr'><strong>obsequia</strong></span> 
     </span>
    </p>
   </div>
   <div class='ocr_carea' id='block_1_15' title="bbox 412 1437 2088 1509">
    <p class='ocr_par' dir='ltr' id='par_1_15' title="bbox 412 1437 2088 1509">
     <span class='ocr_line' id='line_1_15' title="bbox 412 1437 2088 1509; baseline 0.005 -17"><span class='ocrx_word' id='word_1_100' title='bbox 412 1500 421 1509; x_wconf 39' lang='grc'>,</span> <span class='ocrx_word' id='word_1_101' title='bbox 507 1437 777 1495; x_wconf 76' lang='lat' dir='ltr'><strong>devitasse</strong></span> <span class='ocrx_word' id='word_1_102' title='bbox 795 1448 1111 1508; x_wconf 90' lang='lat' dir='ltr'><strong>noscuntur,</strong></span> <span class='ocrx_word' id='word_1_103' title='bbox 1151 1452 1205 1498; x_wconf 90' lang='lat' dir='ltr'><strong>et</strong></span> <span class='ocrx_word' id='word_1_104' title='bbox 1234 1440 1428 1499; x_wconf 90' lang='lat' dir='ltr'><strong>Petrus</strong></span> <span class='ocrx_word' id='word_1_105' title='bbox 1455 1444 1690 1500; x_wconf 83' lang='lat' dir='ltr'><strong>Cornelii</strong></span> <span class='ocrx_word' id='word_1_106' title='bbox 1718 1446 1963 1502; x_wconf 87' lang='lat' dir='ltr'><strong>devotam</strong></span> <span class='ocrx_word' id='word_1_107' title='bbox 1995 1460 2088 1501; x_wconf 89' lang='lat' dir='ltr'><strong>ve-</strong></span> 
     </span>
    </p>
   </div>
   <div class='ocr_carea' id='block_1_16' title="bbox 509 1531 2085 1609">
    <p class='ocr_par' dir='ltr' id='par_1_16' title="bbox 509 1531 2085 1609">
     <span class='ocr_line' id='line_1_16' title="bbox 509 1531 2085 1609; baseline 0.005 -23"><span class='ocrx_word' id='word_1_108' title='bbox 509 1531 844 1588; x_wconf 76' lang='lat' dir='ltr'><strong>nerationem</strong></span> <span class='ocrx_word' id='word_1_109' title='bbox 893 1535 1189 1604; x_wconf 75' lang='lat' dir='ltr'><strong>spreverit,</strong></span> <span class='ocrx_word' id='word_1_110' title='bbox 1245 1537 1467 1607; x_wconf 76' lang='lat' dir='ltr'><strong>angelus</strong></span> <span class='ocrx_word' id='word_1_111' title='bbox 1486 1538 1651 1592; x_wconf 91' lang='lat' dir='ltr'><strong>etiam</strong></span> <span class='ocrx_word' id='word_1_112' title='bbox 1682 1538 1737 1592; x_wconf 93' lang='lat' dir='ltr'><strong>in</strong></span> <span class='ocrx_word' id='word_1_113' title='bbox 1765 1537 2085 1609; x_wconf 79' lang='lat' dir='ltr'><strong>Apocalypsi</strong></span> 
     </span>
    </p>
   </div>
   <div class='ocr_carea' id='block_1_17' title="bbox 512 1622 2085 1703">
    <p class='ocr_par' dir='ltr' id='par_1_17' title="bbox 512 1622 2085 1703">
     <span class='ocr_line' id='line_1_17' title="bbox 512 1622 2085 1703; baseline 0.006 -25"><span class='ocrx_word' id='word_1_114' title='bbox 512 1622 777 1681; x_wconf 77' lang='lat' dir='ltr'><strong>Joannem</strong></span> <span class='ocrx_word' id='word_1_115' title='bbox 810 1643 880 1684; x_wconf 88' lang='lat' dir='ltr'><strong>ue</strong></span> <span class='ocrx_word' id='word_1_116' title='bbox 908 1643 967 1685; x_wconf 88' lang='lat' dir='ltr'><strong>se</strong></span> <span class='ocrx_word' id='word_1_117' title='bbox 995 1629 1244 1686; x_wconf 87' lang='lat' dir='ltr'><strong>adoraret</strong></span> <span class='ocrx_word' id='word_1_118' title='bbox 1278 1631 1637 1700; x_wconf 86' lang='lat' dir='ltr'><strong>prohibuerit,</strong></span> <span class='ocrx_word' id='word_1_119' title='bbox 1677 1625 1808 1703; x_wconf 85' lang='lat' dir='ltr'><strong>quis</strong></span> <span class='ocrx_word' id='word_1_120' title='bbox 1830 1647 1924 1687; x_wconf 90' lang='lat' dir='ltr'><strong>eos</strong></span> <span class='ocrx_word' id='word_1_121' title='bbox 1963 1648 2085 1688; x_wconf 89' lang='lat' dir='ltr'><strong>cre-</strong></span> 
     </span>
    </p>
   </div>
   <div class='ocr_carea' id='block_1_18' title="bbox 2175 514 3766 590">
    <p class='ocr_par' dir='ltr' id='par_1_18' title="bbox 2175 514 3766 590">
     <span class='ocr_line' id='line_1_18' title="bbox 2175 514 3766 590; baseline 0.001 -17"><span class='ocrx_word' id='word_1_122' title='bbox 2175 515 2399 587; x_wconf 85' lang='lat' dir='ltr'><strong>subjecti</strong></span> <span class='ocrx_word' id='word_1_123' title='bbox 2425 520 2711 590; x_wconf 90' lang='lat' dir='ltr'><strong>pictorum.</strong></span> <span class='ocrx_word' id='word_1_124' title='bbox 2749 516 2884 572; x_wconf 84' lang='lat' dir='ltr'><strong>Nam</strong></span> <span class='ocrx_word' id='word_1_125' title='bbox 2921 517 3024 574; x_wconf 89' lang='lat' dir='ltr'><strong>etsi</strong></span> <span class='ocrx_word' id='word_1_126' title='bbox 3049 530 3080 572; x_wconf 92' lang='lat' dir='ltr'><strong>a</strong></span> <span class='ocrx_word' id='word_1_127' title='bbox 3103 514 3280 573; x_wconf 88' lang='lat' dir='ltr'><strong>doctis</strong></span> <span class='ocrx_word' id='word_1_128' title='bbox 3316 518 3619 589; x_wconf 76' lang='lat' dir='ltr'><strong>quibusque</strong></span> <span class='ocrx_word' id='word_1_129' title='bbox 3682 520 3766 575; x_wconf 79' lang='lat' dir='ltr'><strong>vi-</strong></span> 
     </span>
    </p>
   </div>
   <div class='ocr_carea' id='block_1_19' title="bbox 2177 610 3764 683">
    <p class='ocr_par' dir='ltr' id='par_1_19' title="bbox 2177 610 3764 683">
     <span class='ocr_line' id='line_1_19' title="bbox 2177 610 3764 683; baseline 0.004 -19"><span class='ocrx_word' id='word_1_130' title='bbox 2177 610 2277 664; x_wconf 89' lang='lat' dir='ltr'><strong>tari</strong></span> <span class='ocrx_word' id='word_1_131' title='bbox 2326 613 2497 682; x_wconf 90' lang='lat' dir='ltr'><strong>possit</strong></span> <span class='ocrx_word' id='word_1_132' title='bbox 2540 612 2643 667; x_wconf 93' lang='lat' dir='ltr'><strong>hoc</strong></span> <span class='ocrx_word' id='word_1_133' title='bbox 2696 611 2838 682; x_wconf 89' lang='lat' dir='ltr'><strong>quod</strong></span> <span class='ocrx_word' id='word_1_134' title='bbox 2886 610 2962 667; x_wconf 89' lang='lat' dir='ltr'><strong>illi</strong></span> <span class='ocrx_word' id='word_1_135' title='bbox 2992 613 3046 666; x_wconf 89' lang='lat' dir='ltr'><strong>in</strong></span> <span class='ocrx_word' id='word_1_136' title='bbox 3091 611 3378 667; x_wconf 90' lang='lat' dir='ltr'><strong>adorandis</strong></span> <span class='ocrx_word' id='word_1_137' title='bbox 3426 612 3764 683; x_wconf 63' lang='lat' dir='ltr'><strong>imaginhs</strong></span> 
     </span>
    </p>
   </div>
   <div class='ocr_carea' id='block_1_20' title="bbox 2175 702 3763 775">
    <p class='ocr_par' dir='ltr' id='par_1_20' title="bbox 2175 702 3763 775">
     <span class='ocr_line' id='line_1_20' title="bbox 2175 702 3763 775; baseline 0.004 -20"><span class='ocrx_word' id='word_1_138' title='bbox 2175 708 2449 769; x_wconf 90' lang='lat' dir='ltr'><strong>exercent,</strong></span> <span class='ocrx_word' id='word_1_139' title='bbox 2478 703 2569 772; x_wconf 90' lang='lat' dir='ltr'><strong>qui</strong></span> <span class='ocrx_word' id='word_1_140' title='bbox 2593 702 2839 759; x_wconf 86' lang='lat' dir='ltr'><strong>videlicet</strong></span> <span class='ocrx_word' id='word_1_141' title='bbox 2854 718 2963 759; x_wconf 90' lang='lat' dir='ltr'><strong>nou</strong></span> <span class='ocrx_word' id='word_1_142' title='bbox 2987 704 3078 775; x_wconf 88' lang='lat' dir='ltr'><strong>qui</strong></span> <span class='ocrx_word' id='word_1_143' title='bbox 3100 704 3227 769; x_wconf 88' lang='lat' dir='ltr'><strong>sint,</strong></span> <span class='ocrx_word' id='word_1_144' title='bbox 3252 704 3345 759; x_wconf 90' lang='lat' dir='ltr'><strong>sed</strong></span> <span class='ocrx_word' id='word_1_145' title='bbox 3366 703 3489 774; x_wconf 88' lang='lat' dir='ltr'><strong>quid</strong></span> <span class='ocrx_word' id='word_1_146' title='bbox 3514 705 3763 761; x_wconf 73' lang='lat' dir='ltr'><strong>innixam</strong></span> 
     </span>
    </p>
   </div>
   <div class='ocr_carea' id='block_1_21' title="bbox 2176 797 3763 868">
    <p class='ocr_par' dir='ltr' id='par_1_21' title="bbox 2176 797 3763 868">
     <span class='ocr_line' id='line_1_21' title="bbox 2176 797 3763 868; baseline 0.004 -19"><span class='ocrx_word' id='word_1_147' title='bbox 2176 804 2519 862; x_wconf 84' lang='lat' dir='ltr'><strong>venerantur,</strong></span> <span class='ocrx_word' id='word_1_148' title='bbox 2579 797 2808 853; x_wconf 90' lang='lat' dir='ltr'><strong>indoctis</strong></span> <span class='ocrx_word' id='word_1_149' title='bbox 2857 805 3035 853; x_wconf 88' lang='lat' dir='ltr'><strong>tamen</strong></span> <span class='ocrx_word' id='word_1_150' title='bbox 3091 798 3393 868; x_wconf 84' lang='lat' dir='ltr'><strong>quibusque</strong></span> <span class='ocrx_word' id='word_1_151' title='bbox 3434 797 3763 856; x_wconf 75' lang='lat' dir='ltr'><strong>scandalum</strong></span> 
     </span>
    </p>
   </div>
   <div class='ocr_carea' id='block_1_22' title="bbox 2175 890 3771 962">
    <p class='ocr_par' dir='ltr' id='par_1_22' title="bbox 2175 890 3771 962">
     <span class='ocr_line' id='line_1_22' title="bbox 2175 890 3771 962; baseline 0.004 -18"><span class='ocrx_word' id='word_1_152' title='bbox 2175 897 2452 962; x_wconf 76' lang='lat' dir='ltr'><strong>generant,</strong></span> <span class='ocrx_word' id='word_1_153' title='bbox 2475 892 2567 962; x_wconf 88' lang='lat' dir='ltr'><strong>qui</strong></span> <span class='ocrx_word' id='word_1_154' title='bbox 2588 890 2723 948; x_wconf 89' lang='lat' dir='ltr'><strong>nihil</strong></span> <span class='ocrx_word' id='word_1_155' title='bbox 2744 890 2887 949; x_wconf 89' lang='lat' dir='ltr'><strong>aliud</strong></span> <span class='ocrx_word' id='word_1_156' title='bbox 2913 892 2968 946; x_wconf 91' lang='lat' dir='ltr'><strong>in</strong></span> <span class='ocrx_word' id='word_1_157' title='bbox 2988 891 3072 947; x_wconf 91' lang='lat' dir='ltr'><strong>his</strong></span> <span class='ocrx_word' id='word_1_158' title='bbox 3093 900 3290 962; x_wconf 65' lang='lat' dir='ltr'><strong>praeter</strong></span> <span class='ocrx_word' id='word_1_159' title='bbox 3325 892 3380 948; x_wconf 87' lang='lat' dir='ltr'><strong>id</strong></span> <span class='ocrx_word' id='word_1_160' title='bbox 3403 893 3548 962; x_wconf 83' lang='lat' dir='ltr'><strong>quod</strong></span> <span class='ocrx_word' id='word_1_161' title='bbox 3571 895 3771 951; x_wconf 80' lang='lat' dir='ltr'><strong>vident</strong></span> 
     </span>
    </p>
   </div>
   <div class='ocr_carea' id='block_1_23' title="bbox 2178 981 3771 1040">
    <p class='ocr_par' dir='ltr' id='par_1_23' title="bbox 2178 981 3771 1040">
     <span class='ocr_line' id='line_1_23' title="bbox 2178 981 3771 1040; baseline 0.003 -4"><span class='ocrx_word' id='word_1_162' title='bbox 2178 990 2502 1037; x_wconf 90' lang='lat' dir='ltr'><strong>venerantur</strong></span> <span class='ocrx_word' id='word_1_163' title='bbox 2525 989 2579 1037; x_wconf 92' lang='lat' dir='ltr'><strong>et</strong></span> <span class='ocrx_word' id='word_1_164' title='bbox 2608 982 2853 1037; x_wconf 88' lang='lat' dir='ltr'><strong>adorant.</strong></span> <span class='ocrx_word' id='word_1_165' title='bbox 2889 981 3042 1038; x_wconf 91' lang='lat' dir='ltr'><strong>Unde</strong></span> <span class='ocrx_word' id='word_1_166' title='bbox 3066 982 3363 1037; x_wconf 86' lang='lat' dir='ltr'><strong>cavendum</strong></span> <span class='ocrx_word' id='word_1_167' title='bbox 3381 991 3465 1037; x_wconf 91' lang='lat' dir='ltr'><strong>est</strong></span> <span class='ocrx_word' id='word_1_168' title='bbox 3489 997 3561 1038; x_wconf 90' lang='lat' dir='ltr'><strong>ne</strong></span> <span class='ocrx_word' id='word_1_169' title='bbox 3591 997 3771 1040; x_wconf 69' lang='lat' dir='ltr'><strong>evan-</strong></span> 
     </span>
    </p>
   </div>
   <div class='ocr_carea' id='block_1_24' title="bbox 2178 1075 3771 1149">
    <p class='ocr_par' dir='ltr' id='par_1_24' title="bbox 2178 1075 3771 1149">
     <span class='ocr_line' id='line_1_24' title="bbox 2178 1075 3771 1149; baseline 0.003 -18"><span class='ocrx_word' id='word_1_170' title='bbox 2178 1076 2403 1149; x_wconf 87' lang='lat' dir='ltr'><strong>gelicam</strong></span> <span class='ocrx_word' id='word_1_171' title='bbox 2455 1077 2777 1134; x_wconf 89' lang='lat' dir='ltr'><strong>sententiam</strong></span> <span class='ocrx_word' id='word_1_172' title='bbox 2833 1075 3083 1142; x_wconf 86' lang='lat' dir='ltr'><strong>subeant,</strong></span> <span class='ocrx_word' id='word_1_173' title='bbox 3132 1076 3225 1148; x_wconf 89' lang='lat' dir='ltr'><strong>qui</strong></span> <span class='ocrx_word' id='word_1_174' title='bbox 3277 1084 3357 1131; x_wconf 85' lang='lat' dir='ltr'><strong>tot</strong></span> <span class='ocrx_word' id='word_1_175' title='bbox 3413 1077 3639 1147; x_wconf 89' lang='lat' dir='ltr'><strong>pusillos</strong></span> <span class='ocrx_word' id='word_1_176' title='bbox 3706 1078 3771 1134; x_wconf 84' lang='lat' dir='ltr'><strong>ad</strong></span> 
     </span>
    </p>
   </div>
   <div class='ocr_carea' id='block_1_25' title="bbox 2180 1167 3769 1240">
    <p class='ocr_par' dir='ltr' id='par_1_25' title="bbox 2180 1167 3769 1240">
     <span class='ocr_line' id='line_1_25' title="bbox 2180 1167 3769 1240; baseline -0.001 -15"><span class='ocrx_word' id='word_1_177' title='bbox 2180 1170 2648 1226; x_wconf 88' lang='lat' dir='ltr'><strong>scandalizandum</strong></span> <span class='ocrx_word' id='word_1_178' title='bbox 2688 1167 2986 1238; x_wconf 91' lang='lat' dir='ltr'><strong>impellunt,</strong></span> <span class='ocrx_word' id='word_1_179' title='bbox 3016 1167 3273 1240; x_wconf 89' lang='lat' dir='ltr'><strong>quoniam</strong></span> <span class='ocrx_word' id='word_1_180' title='bbox 3302 1169 3347 1222; x_wconf 89' lang='lat' dir='ltr'><strong>si</strong></span> <span class='ocrx_word' id='word_1_181' title='bbox 3384 1168 3430 1223; x_wconf 91' lang='lat' dir='ltr'><strong>is</strong></span> <span class='ocrx_word' id='word_1_182' title='bbox 3454 1170 3547 1239; x_wconf 89' lang='lat' dir='ltr'><strong>qui</strong></span> <span class='ocrx_word' id='word_1_183' title='bbox 3589 1186 3769 1224; x_wconf 85' lang='lat' dir='ltr'><strong>unum</strong></span> 
     </span>
    </p>
   </div>
   <div class='ocr_carea' id='block_1_26' title="bbox 2181 1257 3772 1330">
    <p class='ocr_par' dir='ltr' id='par_1_26' title="bbox 2181 1257 3772 1330">
     <span class='ocr_line' id='line_1_26' title="bbox 2181 1257 3772 1330; baseline -0.001 -14"><span class='ocrx_word' id='word_1_184' title='bbox 2181 1260 2245 1316; x_wconf 91' lang='lat' dir='ltr'><strong>de</strong></span> <span class='ocrx_word' id='word_1_185' title='bbox 2295 1260 2503 1330; x_wconf 87' lang='lat' dir='ltr'><strong>pusillis</strong></span> <span class='ocrx_word' id='word_1_186' title='bbox 2549 1259 3013 1325; x_wconf 87' lang='lat' dir='ltr'><strong>scandalizaverit,</strong></span> <span class='ocrx_word' id='word_1_187' title='bbox 3064 1257 3586 1315; x_wconf 68' lang='lat' dir='ltr'><strong>formidolosissimte</strong></span> <span class='ocrx_word' id='word_1_188' title='bbox 3631 1275 3772 1315; x_wconf 78' lang='lat' dir='ltr'><strong>seat-</strong></span> 
     </span>
    </p>
   </div>
   <div class='ocr_carea' id='block_1_27' title="bbox 2181 1348 3776 1420">
    <p class='ocr_par' dir='ltr' id='par_1_27' title="bbox 2181 1348 3776 1420">
     <span class='ocr_line' id='line_1_27' title="bbox 2181 1348 3776 1420; baseline -0.001 -14"><span class='ocrx_word' id='word_1_189' title='bbox 2181 1351 2363 1406; x_wconf 67' lang='lat' dir='ltr'><strong>tentiaa</strong></span> <span class='ocrx_word' id='word_1_190' title='bbox 2394 1348 2653 1420; x_wconf 88' lang='lat' dir='ltr'><strong>subjacet,</strong></span> <span class='ocrx_word' id='word_1_191' title='bbox 2686 1349 2854 1405; x_wconf 91' lang='lat' dir='ltr'><strong>multo</strong></span> <span class='ocrx_word' id='word_1_192' title='bbox 2894 1349 3065 1420; x_wconf 90' lang='lat' dir='ltr'><strong>magis</strong></span> <span class='ocrx_word' id='word_1_193' title='bbox 3108 1348 3372 1403; x_wconf 82' lang='lat' dir='ltr'><strong>exitiabili</strong></span> <span class='ocrx_word' id='word_1_194' title='bbox 3396 1348 3487 1403; x_wconf 86' lang='lat' dir='ltr'><strong>ille</strong></span> <span class='ocrx_word' id='word_1_195' title='bbox 3535 1348 3776 1404; x_wconf 77' lang='lat' dir='ltr'><strong>ferietur</strong></span> 
     </span>
    </p>
   </div>
   <div class='ocr_carea' id='block_1_28' title="bbox 2181 1440 3775 1513">
    <p class='ocr_par' dir='ltr' id='par_1_28' title="bbox 2181 1440 3775 1513">
     <span class='ocr_line' id='line_1_28' title="bbox 2181 1440 3775 1513; baseline -0.001 -14"><span class='ocrx_word' id='word_1_196' title='bbox 2181 1445 2490 1509; x_wconf 83' lang='lat' dir='ltr'><strong>severitate,</strong></span> <span class='ocrx_word' id='word_1_197' title='bbox 2522 1443 2614 1513; x_wconf 91' lang='lat' dir='ltr'><strong>qui</strong></span> <span class='ocrx_word' id='word_1_198' title='bbox 2647 1457 2783 1512; x_wconf 89' lang='lat' dir='ltr'><strong>pene</strong></span> <span class='ocrx_word' id='word_1_199' title='bbox 2819 1454 3033 1499; x_wconf 89' lang='lat' dir='ltr'><strong>omnem</strong></span> <span class='ocrx_word' id='word_1_200' title='bbox 3073 1440 3274 1497; x_wconf 87' lang='lat' dir='ltr'><strong>Christi</strong></span> <span class='ocrx_word' id='word_1_201' title='bbox 3318 1440 3621 1497; x_wconf 87' lang='lat' dir='ltr'><strong>Ecclesiam</strong></span> <span class='ocrx_word' id='word_1_202' title='bbox 3678 1449 3775 1497; x_wconf 83' lang='lat' dir='ltr'><strong>aut</strong></span> 
     </span>
    </p>
   </div>
   <div class='ocr_carea' id='block_1_29' title="bbox 2182 1537 3774 1609">
    <p class='ocr_par' dir='ltr' id='par_1_29' title="bbox 2182 1537 3774 1609">
     <span class='ocr_line' id='line_1_29' title="bbox 2182 1537 3774 1609; baseline 0.001 -16"><span class='ocrx_word' id='word_1_203' title='bbox 2182 1538 2250 1593; x_wconf 90' lang='lat' dir='ltr'><strong>ad</strong></span> <span class='ocrx_word' id='word_1_204' title='bbox 2278 1538 2540 1609; x_wconf 78' lang='lat' dir='ltr'><strong>imagines</strong></span> <span class='ocrx_word' id='word_1_205' title='bbox 2567 1538 2871 1594; x_wconf 76' lang='lat' dir='ltr'><strong>adorandus</strong></span> <span class='ocrx_word' id='word_1_206' title='bbox 2909 1537 3155 1608; x_wconf 86' lang='lat' dir='ltr'><strong>impellit,</strong></span> <span class='ocrx_word' id='word_1_207' title='bbox 3186 1546 3279 1592; x_wconf 91' lang='lat' dir='ltr'><strong>aut</strong></span> <span class='ocrx_word' id='word_1_208' title='bbox 3318 1538 3616 1606; x_wconf 82' lang='lat' dir='ltr'><strong>imaginum</strong></span> <span class='ocrx_word' id='word_1_209' title='bbox 3670 1541 3774 1594; x_wconf 77' lang='lat' dir='ltr'><strong>ad-</strong></span> 
     </span>
    </p>
   </div>
   <div class='ocr_carea' id='block_1_30' title="bbox 2183 1630 3775 1701">
    <p class='ocr_par' dir='ltr' id='par_1_30' title="bbox 2183 1630 3775 1701">
     <span class='ocr_line' id='line_1_30' title="bbox 2183 1630 3775 1701; baseline 0 -14"><span class='ocrx_word' id='word_1_210' title='bbox 2183 1631 2485 1687; x_wconf 90' lang='lat' dir='ltr'><strong>orationem</strong></span> <span class='ocrx_word' id='word_1_211' title='bbox 2525 1638 2844 1701; x_wconf 90' lang='lat' dir='ltr'><strong>spernentes</strong></span> <span class='ocrx_word' id='word_1_212' title='bbox 2895 1630 3225 1685; x_wconf 88' lang='lat' dir='ltr'><strong>anathemati</strong></span> <span class='ocrx_word' id='word_1_213' title='bbox 3271 1630 3567 1686; x_wconf 86' lang='lat' dir='ltr'><strong>submittit.</strong></span> <span class='ocrx_word' id='word_1_214' title='bbox 3614 1630 3775 1698; x_wconf 80' lang='lat' dir='ltr'><strong>Quod</strong></span> 
     </span>
    </p>
   </div>
   <div class='ocr_carea' id='block_1_31' title="bbox 510 1717 3772 1794">
    <p class='ocr_par' dir='ltr' id='par_1_31' title="bbox 510 1717 3772 1794">
     <span class='ocr_line' id='line_1_31' title="bbox 510 1717 3772 1794; baseline 0.002 -21"><span class='ocrx_word' id='word_1_215' title='bbox 510 1720 601 1774; x_wconf 88' lang='lat' dir='ltr'><strong>dat</strong></span> <span class='ocrx_word' id='word_1_216' title='bbox 632 1717 925 1792; x_wconf 84' lang='lat' dir='ltr'><strong>imaginum</strong></span> <span class='ocrx_word' id='word_1_217' title='bbox 953 1721 1269 1778; x_wconf 90' lang='lat' dir='ltr'><strong>adoratione</strong></span> <span class='ocrx_word' id='word_1_218' title='bbox 1296 1722 1573 1789; x_wconf 89' lang='lat' dir='ltr'><strong>delectari,</strong></span> <span class='ocrx_word' id='word_1_219' title='bbox 1619 1732 1711 1778; x_wconf 91' lang='lat' dir='ltr'><strong>aut</strong></span> <span class='ocrx_word' id='word_1_220' title='bbox 1751 1725 2083 1794; x_wconf 90' lang='lat' dir='ltr'><strong>picturarum</strong></span> <span class='ocrx_word' id='word_1_221' title='bbox 2120 1790 2153 1794; x_wconf 37' lang='grc' dir='ltr'><strong>Δ</strong></span> <span class='ocrx_word' id='word_1_222' title='bbox 2184 1732 2480 1793; x_wconf 74' lang='lat' dir='ltr'><strong>utrumque</strong></span> <span class='ocrx_word' id='word_1_223' title='bbox 2522 1738 2647 1778; x_wconf 89' lang='lat' dir='ltr'><strong>cum</strong></span> <span class='ocrx_word' id='word_1_224' title='bbox 2688 1738 2883 1793; x_wconf 81' lang='lat' dir='ltr'><strong>magna</strong></span> <span class='ocrx_word' id='word_1_225' title='bbox 2933 1722 3142 1777; x_wconf 87' lang='lat' dir='ltr'><strong>cautela</strong></span> <span class='ocrx_word' id='word_1_226' title='bbox 3168 1722 3343 1777; x_wconf 87' lang='lat' dir='ltr'><strong>vitare</strong></span> <span class='ocrx_word' id='word_1_227' title='bbox 3399 1725 3772 1779; x_wconf 82' lang='lat' dir='ltr'><strong>necessarium</strong></span> 
     </span>
    </p>
   </div>
   <div class='ocr_carea' id='block_1_32' title="bbox 511 1790 3773 1889">
    <p class='ocr_par' dir='ltr' id='par_1_32' title="bbox 511 1790 3773 1889">
     <span class='ocr_line' id='line_1_32' title="bbox 511 1790 3773 1889; baseline 0 -20"><span class='ocrx_word' id='word_1_228' title='bbox 511 1790 785 1883; x_wconf 80' lang='lat' dir='ltr'><strong>obsequiis</strong></span> <span class='ocrx_word' id='word_1_229' title='bbox 804 1814 1117 1880; x_wconf 87' lang='lat' dir='ltr'><strong>demulceri,</strong></span> <span class='ocrx_word' id='word_1_230' title='bbox 1143 1824 1238 1871; x_wconf 92' lang='lat' dir='ltr'><strong>aut</strong></span> <span class='ocrx_word' id='word_1_231' title='bbox 1266 1817 1497 1886; x_wconf 89' lang='lat' dir='ltr'><strong>qualiter</strong></span> <span class='ocrx_word' id='word_1_232' title='bbox 1518 1818 1586 1873; x_wconf 93' lang='lat' dir='ltr'><strong>ad</strong></span> <span class='ocrx_word' id='word_1_233' title='bbox 1602 1832 1695 1874; x_wconf 89' lang='lat' dir='ltr'><strong>eos</strong></span> <span class='ocrx_word' id='word_1_234' title='bbox 1716 1790 1890 1874; x_wconf 78' lang='lat' dir='ltr'><strong>honor</strong></span> <span class='ocrx_word' id='word_1_235' title='bbox 1912 1820 2087 1889; x_wconf 89' lang='lat' dir='ltr'><strong>pictu-</strong></span> <span class='ocrx_word' id='word_1_236' title='bbox 2115 1790 2292 1883; x_wconf 71' lang='lat' dir='ltr'><strong>n&#39;est,</strong></span> <span class='ocrx_word' id='word_1_237' title='bbox 2321 1790 2536 1870; x_wconf 71' lang='lat' dir='ltr'><strong>nedum</strong></span> <span class='ocrx_word' id='word_1_238' title='bbox 2566 1815 2620 1870; x_wconf 93' lang='lat' dir='ltr'><strong>in</strong></span> <span class='ocrx_word' id='word_1_239' title='bbox 2650 1790 2958 1870; x_wconf 83' lang='lat' dir='ltr'><strong>utramlibet</strong></span> <span class='ocrx_word' id='word_1_240' title='bbox 2984 1821 3193 1884; x_wconf 88' lang='lat' dir='ltr'><strong>partem</strong></span> <span class='ocrx_word' id='word_1_241' title='bbox 3219 1813 3345 1884; x_wconf 91' lang='lat' dir='ltr'><strong>plus</strong></span> <span class='ocrx_word' id='word_1_242' title='bbox 3366 1827 3428 1868; x_wconf 89' lang='lat' dir='ltr'><strong>se</strong></span> <span class='ocrx_word' id='word_1_243' title='bbox 3456 1814 3581 1884; x_wconf 89' lang='lat' dir='ltr'><strong>quis</strong></span> <span class='ocrx_word' id='word_1_244' title='bbox 3606 1828 3773 1885; x_wconf 80' lang='lat' dir='ltr'><strong>quam</strong></span> 
     </span>
    </p>
   </div>
   <div class='ocr_carea' id='block_1_33' title="bbox 511 1904 2092 1980">
    <p class='ocr_par' dir='ltr' id='par_1_33' title="bbox 511 1904 2092 1980">
     <span class='ocr_line' id='line_1_33' title="bbox 511 1904 2092 1980; baseline 0.004 -22"><span class='ocrx_word' id='word_1_245' title='bbox 511 1904 587 1959; x_wconf 90' lang='lat' dir='ltr'><strong>ris</strong></span> <span class='ocrx_word' id='word_1_246' title='bbox 616 1905 889 1961; x_wconf 77' lang='lat' dir='ltr'><strong>exhibitus</strong></span> <span class='ocrx_word' id='word_1_247' title='bbox 913 1921 1034 1976; x_wconf 82' lang='lat' dir='ltr'><strong>quae</strong></span> <span class='ocrx_word' id='word_1_248' title='bbox 1056 1922 1163 1961; x_wconf 86' lang='lat' dir='ltr'><strong>nec</strong></span> <span class='ocrx_word' id='word_1_249' title='bbox 1188 1908 1255 1963; x_wconf 93' lang='lat' dir='ltr'><strong>de</strong></span> <span class='ocrx_word' id='word_1_250' title='bbox 1279 1908 1495 1964; x_wconf 92' lang='lat' dir='ltr'><strong>illorum</strong></span> <span class='ocrx_word' id='word_1_251' title='bbox 1522 1924 1769 1980; x_wconf 90' lang='lat' dir='ltr'><strong>corpore,</strong></span> <span class='ocrx_word' id='word_1_252' title='bbox 1803 1925 1897 1965; x_wconf 91' lang='lat' dir='ltr'><strong>seu</strong></span> <span class='ocrx_word' id='word_1_253' title='bbox 1926 1910 2092 1965; x_wconf 90' lang='lat' dir='ltr'><strong>vesti-</strong></span> 
     </span>
    </p>
   </div>
   <div class='ocr_carea' id='block_1_34' title="bbox 508 1994 2090 2070">
    <p class='ocr_par' dir='ltr' id='par_1_34' title="bbox 508 1994 2090 2070">
     <span class='ocr_line' id='line_1_34' title="bbox 508 1994 2090 2070; baseline 0.003 -20"><span class='ocrx_word' id='word_1_254' title='bbox 508 1994 612 2051; x_wconf 90' lang='lat' dir='ltr'><strong>bus</strong></span> <span class='ocrx_word' id='word_1_255' title='bbox 640 2003 785 2062; x_wconf 86' lang='lat' dir='ltr'><strong>sunt,</strong></span> <span class='ocrx_word' id='word_1_256' title='bbox 815 1997 908 2052; x_wconf 90' lang='lat' dir='ltr'><strong>sed</strong></span> <span class='ocrx_word' id='word_1_257' title='bbox 939 2012 1040 2067; x_wconf 89' lang='lat' dir='ltr'><strong>pro</strong></span> <span class='ocrx_word' id='word_1_258' title='bbox 1064 2006 1223 2069; x_wconf 90' lang='lat' dir='ltr'><strong>captu</strong></span> <span class='ocrx_word' id='word_1_259' title='bbox 1250 2000 1450 2070; x_wconf 89' lang='lat' dir='ltr'><strong>ingenii</strong></span> <span class='ocrx_word' id='word_1_260' title='bbox 1475 1997 1735 2070; x_wconf 89' lang='lat' dir='ltr'><strong>cujusque</strong></span> <span class='ocrx_word' id='word_1_261' title='bbox 1759 2002 1827 2057; x_wconf 89' lang='lat' dir='ltr'><strong>ab</strong></span> <span class='ocrx_word' id='word_1_262' title='bbox 1869 1998 2090 2055; x_wconf 86' lang='lat' dir='ltr'><strong>artiﬁci-</strong></span> 
     </span>
    </p>
   </div>
   <div class='ocr_carea' id='block_1_35' title="bbox 510 2087 2092 2162">
    <p class='ocr_par' dir='ltr' id='par_1_35' title="bbox 510 2087 2092 2162">
     <span class='ocr_line' id='line_1_35' title="bbox 510 2087 2092 2162; baseline 0.004 -20"><span class='ocrx_word' id='word_1_263' title='bbox 510 2087 612 2142; x_wconf 89' lang='lat' dir='ltr'><strong>bus</strong></span> <span class='ocrx_word' id='word_1_264' title='bbox 638 2097 1031 2158; x_wconf 71' lang='lat' dir='ltr'><strong>prazparantur,</strong></span> <span class='ocrx_word' id='word_1_265' title='bbox 1066 2092 1267 2161; x_wconf 88' lang='lat' dir='ltr'><strong>poterit</strong></span> <span class='ocrx_word' id='word_1_266' title='bbox 1293 2094 1613 2162; x_wconf 86' lang='lat' dir='ltr'><strong>pervenire?</strong></span> <span class='ocrx_word' id='word_1_267' title='bbox 1645 2092 1760 2149; x_wconf 83' lang='lat' dir='ltr'><strong>Non</strong></span> <span class='ocrx_word' id='word_1_268' title='bbox 1786 2095 1930 2150; x_wconf 90' lang='lat' dir='ltr'><strong>enim</strong></span> <span class='ocrx_word' id='word_1_269' title='bbox 1960 2093 2092 2150; x_wconf 91' lang='lat' dir='ltr'><strong>deli-</strong></span> 
     </span>
    </p>
   </div>
   <div class='ocr_carea' id='block_1_36' title="bbox 508 2178 2090 2260">
    <p class='ocr_par' dir='ltr' id='par_1_36' title="bbox 508 2178 2090 2260">
     <span class='ocr_line' id='line_1_36' title="bbox 508 2178 2090 2260; baseline 0.005 -25"><span class='ocrx_word' id='word_1_270' title='bbox 508 2181 731 2236; x_wconf 84' lang='lat' dir='ltr'><strong>niuntur</strong></span> <span class='ocrx_word' id='word_1_271' title='bbox 756 2183 1025 2253; x_wconf 90' lang='lat' dir='ltr'><strong>pictorum</strong></span> <span class='ocrx_word' id='word_1_272' title='bbox 1051 2185 1305 2253; x_wconf 90' lang='lat' dir='ltr'><strong>operibus</strong></span> <span class='ocrx_word' id='word_1_273' title='bbox 1328 2186 1419 2256; x_wconf 87' lang='lat' dir='ltr'><strong>qui</strong></span> <span class='ocrx_word' id='word_1_274' title='bbox 1456 2203 1579 2242; x_wconf 89' lang='lat' dir='ltr'><strong>cum</strong></span> <span class='ocrx_word' id='word_1_275' title='bbox 1616 2178 1834 2244; x_wconf 79' lang='lat' dir='ltr'><strong>Christo</strong></span> <span class='ocrx_word' id='word_1_276' title='bbox 1862 2196 2090 2260; x_wconf 87' lang='lat' dir='ltr'><strong>regnant</strong></span> 
     </span>
    </p>
   </div>
   <div class='ocr_carea' id='block_1_37' title="bbox 508 2270 2091 2347">
    <p class='ocr_par' dir='ltr' id='par_1_37' title="bbox 508 2270 2091 2347">
     <span class='ocr_line' id='line_1_37' title="bbox 508 2270 2091 2347; baseline 0.006 -22"><span class='ocrx_word' id='word_1_277' title='bbox 508 2270 566 2325; x_wconf 92' lang='lat' dir='ltr'><strong>in</strong></span> <span class='ocrx_word' id='word_1_278' title='bbox 595 2270 922 2338; x_wconf 78' lang='lat' dir='ltr'><strong>cmlestibus,</strong></span> <span class='ocrx_word' id='word_1_279' title='bbox 976 2289 1077 2330; x_wconf 92' lang='lat' dir='ltr'><strong>nec</strong></span> <span class='ocrx_word' id='word_1_280' title='bbox 1114 2276 1358 2331; x_wconf 88' lang='lat' dir='ltr'><strong>ambiunt</strong></span> <span class='ocrx_word' id='word_1_281' title='bbox 1401 2278 1469 2333; x_wconf 90' lang='lat' dir='ltr'><strong>ab</strong></span> <span class='ocrx_word' id='word_1_282' title='bbox 1503 2277 1785 2347; x_wconf 84' lang='lat' dir='ltr'><strong>opiﬁcibus</strong></span> <span class='ocrx_word' id='word_1_283' title='bbox 1810 2280 1865 2333; x_wconf 89' lang='lat' dir='ltr'><strong>in</strong></span> <span class='ocrx_word' id='word_1_284' title='bbox 1893 2278 2091 2335; x_wconf 90' lang='lat' dir='ltr'><strong>tabulis</strong></span> 
     </span>
    </p>
   </div>
   <div class='ocr_carea' id='block_1_38' title="bbox 509 2362 2091 2438">
    <p class='ocr_par' dir='ltr' id='par_1_38' title="bbox 509 2362 2091 2438">
     <span class='ocr_line' id='line_1_38' title="bbox 509 2362 2091 2438; baseline 0.006 -20"><span class='ocrx_word' id='word_1_285' title='bbox 509 2362 622 2418; x_wconf 76' lang='lat' dir='ltr'><strong>sive</strong></span> <span class='ocrx_word' id='word_1_286' title='bbox 659 2364 714 2418; x_wconf 88' lang='lat' dir='ltr'><strong>in</strong></span> <span class='ocrx_word' id='word_1_287' title='bbox 743 2365 1041 2434; x_wconf 85' lang='lat' dir='ltr'><strong>parietibus</strong></span> <span class='ocrx_word' id='word_1_288' title='bbox 1065 2365 1234 2438; x_wconf 86' lang='lat' dir='ltr'><strong>pingi,</strong></span> <span class='ocrx_word' id='word_1_289' title='bbox 1259 2368 1353 2437; x_wconf 90' lang='lat' dir='ltr'><strong>qui</strong></span> <span class='ocrx_word' id='word_1_290' title='bbox 1393 2384 1423 2422; x_wconf 90' lang='lat' dir='ltr'><strong>a</strong></span> <span class='ocrx_word' id='word_1_291' title='bbox 1450 2367 1668 2424; x_wconf 89' lang='lat' dir='ltr'><strong>Christo</strong></span> <span class='ocrx_word' id='word_1_292' title='bbox 1699 2368 1754 2424; x_wconf 89' lang='lat' dir='ltr'><strong>iu</strong></span> <span class='ocrx_word' id='word_1_293' title='bbox 1790 2369 1930 2426; x_wconf 89' lang='lat' dir='ltr'><strong>libro</strong></span> <span class='ocrx_word' id='word_1_294' title='bbox 1965 2371 2091 2428; x_wconf 71' lang='lat' dir='ltr'><strong>vita:</strong></span> 
     </span>
    </p>
   </div>
   <div class='ocr_carea' id='block_1_39' title="bbox 509 2460 2091 2533">
    <p class='ocr_par' dir='ltr' id='par_1_39' title="bbox 509 2460 2091 2533">
     <span class='ocr_line' id='line_1_39' title="bbox 509 2460 2091 2533; baseline 0.005 -23"><span class='ocrx_word' id='word_1_295' title='bbox 509 2465 824 2513; x_wconf 86' lang='lat' dir='ltr'><strong>meruerunt</strong></span> <span class='ocrx_word' id='word_1_296' title='bbox 872 2460 1093 2514; x_wconf 86' lang='lat' dir='ltr'><strong>ascribi.</strong></span> <span class='ocrx_word' id='word_1_297' title='bbox 1153 2460 1344 2516; x_wconf 88' lang='lat' dir='ltr'><strong>Dicant</strong></span> <span class='ocrx_word' id='word_1_298' title='bbox 1389 2461 1553 2533; x_wconf 88' lang='lat' dir='ltr'><strong>igitur</strong></span> <span class='ocrx_word' id='word_1_299' title='bbox 1599 2463 1794 2532; x_wconf 89' lang='lat' dir='ltr'><strong>quibus</strong></span> <span class='ocrx_word' id='word_1_300' title='bbox 1842 2462 1946 2518; x_wconf 92' lang='lat' dir='ltr'><strong>hoc</strong></span> <span class='ocrx_word' id='word_1_301' title='bbox 1979 2472 2091 2519; x_wconf 91' lang='lat' dir='ltr'><strong>tam</strong></span> 
     </span>
    </p>
   </div>
   <div class='ocr_carea' id='block_1_40' title="bbox 506 2549 2091 2624">
    <p class='ocr_par' dir='ltr' id='par_1_40' title="bbox 506 2549 2091 2624">
     <span class='ocr_line' id='line_1_40' title="bbox 506 2549 2091 2624; baseline 0.006 -23"><span class='ocrx_word' id='word_1_302' title='bbox 506 2549 781 2619; x_wconf 86' lang='lat' dir='ltr'><strong>peculiare</strong></span> <span class='ocrx_word' id='word_1_303' title='bbox 806 2557 892 2606; x_wconf 90' lang='lat' dir='ltr'><strong>est</strong></span> <span class='ocrx_word' id='word_1_304' title='bbox 920 2549 1117 2617; x_wconf 83' lang='lat' dir='ltr'><strong>dicere,</strong></span> <span class='ocrx_word' id='word_1_305' title='bbox 1141 2554 1286 2623; x_wconf 86' lang='lat' dir='ltr'><strong>quod</strong></span> <span class='ocrx_word' id='word_1_306' title='bbox 1308 2554 1557 2624; x_wconf 87' lang='lat' dir='ltr'><strong>imaginis</strong></span> <span class='ocrx_word' id='word_1_307' title='bbox 1579 2554 1752 2608; x_wconf 88' lang='lat' dir='ltr'><strong>honor</strong></span> <span class='ocrx_word' id='word_1_308' title='bbox 1784 2552 1836 2607; x_wconf 90' lang='lat' dir='ltr'><strong>in</strong></span> <span class='ocrx_word' id='word_1_309' title='bbox 1859 2554 2091 2624; x_wconf 90' lang='lat' dir='ltr'><strong>primam</strong></span> 
     </span>
    </p>
   </div>
   <div class='ocr_carea' id='block_1_41' title="bbox 508 2638 2091 2719">
    <p class='ocr_par' dir='ltr' id='par_1_41' title="bbox 508 2638 2091 2719">
     <span class='ocr_line' id='line_1_41' title="bbox 508 2638 2091 2719; baseline 0.004 -23"><span class='ocrx_word' id='word_1_310' title='bbox 508 2638 741 2698; x_wconf 85' lang='lat' dir='ltr'><strong>formam</strong></span> <span class='ocrx_word' id='word_1_311' title='bbox 767 2645 984 2711; x_wconf 88' lang='lat' dir='ltr'><strong>transit,</strong></span> <span class='ocrx_word' id='word_1_312' title='bbox 1010 2645 1191 2701; x_wconf 88' lang='lat' dir='ltr'><strong>dicant</strong></span> <span class='ocrx_word' id='word_1_313' title='bbox 1225 2647 1317 2702; x_wconf 91' lang='lat' dir='ltr'><strong>ubi</strong></span> <span class='ocrx_word' id='word_1_314' title='bbox 1364 2647 1465 2702; x_wconf 91' lang='lat' dir='ltr'><strong>hoc</strong></span> <span class='ocrx_word' id='word_1_315' title='bbox 1510 2646 1737 2719; x_wconf 88' lang='lat' dir='ltr'><strong>legerint</strong></span> <span class='ocrx_word' id='word_1_316' title='bbox 1771 2656 1862 2701; x_wconf 91' lang='lat' dir='ltr'><strong>aut</strong></span> <span class='ocrx_word' id='word_1_317' title='bbox 1896 2648 2091 2718; x_wconf 90' lang='lat' dir='ltr'><strong>quibus</strong></span> 
     </span>
    </p>
   </div>
   <div class='ocr_carea' id='block_1_42' title="bbox 508 2734 2093 2812">
    <p class='ocr_par' dir='ltr' id='par_1_42' title="bbox 508 2734 2093 2812">
     <span class='ocr_line' id='line_1_42' title="bbox 508 2734 2093 2812; baseline 0.006 -24"><span class='ocrx_word' id='word_1_318' title='bbox 508 2734 722 2790; x_wconf 87' lang='lat' dir='ltr'><strong>valeant</strong></span> <span class='ocrx_word' id='word_1_319' title='bbox 745 2737 1072 2795; x_wconf 87' lang='lat' dir='ltr'><strong>testimoniis</strong></span> <span class='ocrx_word' id='word_1_320' title='bbox 1110 2740 1429 2810; x_wconf 89' lang='lat' dir='ltr'><strong>approbare.</strong></span> <span class='ocrx_word' id='word_1_321' title='bbox 1466 2741 1725 2796; x_wconf 91' lang='lat' dir='ltr'><strong>Dominus</strong></span> <span class='ocrx_word' id='word_1_322' title='bbox 1770 2756 2002 2812; x_wconf 87' lang='lat' dir='ltr'><strong>namque</strong></span> <span class='ocrx_word' id='word_1_323' title='bbox 2036 2748 2093 2797; x_wconf 93' lang='lat' dir='ltr'><strong>et</strong></span> 
     </span>
    </p>
   </div>
   <div class='ocr_carea' id='block_1_43' title="bbox 511 2822 2093 2902">
    <p class='ocr_par' dir='ltr' id='par_1_43' title="bbox 511 2822 2093 2902">
     <span class='ocr_line' id='line_1_43' title="bbox 511 2822 2093 2902; baseline 0.005 -24"><span class='ocrx_word' id='word_1_324' title='bbox 511 2822 758 2882; x_wconf 78' lang='lat' dir='ltr'><strong>Salvator</strong></span> <span class='ocrx_word' id='word_1_325' title='bbox 786 2836 971 2883; x_wconf 83' lang='lat' dir='ltr'><strong>noster</strong></span> <span class='ocrx_word' id='word_1_326' title='bbox 1001 2844 1108 2882; x_wconf 88' lang='lat' dir='ltr'><strong>non</strong></span> <span class='ocrx_word' id='word_1_327' title='bbox 1140 2831 1217 2883; x_wconf 89' lang='lat' dir='ltr'><strong>ait</strong></span> <span class='ocrx_word' id='word_1_328' title='bbox 1246 2848 1258 2883; x_wconf 91' lang='lat'>:</span> <span class='ocrx_word' id='word_1_329' title='bbox 1297 2831 1544 2897; x_wconf 81' lang='lat' dir='ltr'><strong>Quandiu</strong></span> <span class='ocrx_word' id='word_1_330' title='bbox 1592 2830 1799 2886; x_wconf 81' lang='lat' dir='ltr'><strong>fecistis</strong></span> <span class='ocrx_word' id='word_1_331' title='bbox 1845 2830 2093 2902; x_wconf 87' lang='lat' dir='ltr'><strong>imagini-</strong></span> 
     </span>
    </p>
   </div>
   <div class='ocr_carea' id='block_1_44' title="bbox 509 2915 2091 2988">
    <p class='ocr_par' dir='ltr' id='par_1_44' title="bbox 509 2915 2091 2988">
     <span class='ocr_line' id='line_1_44' title="bbox 509 2915 2091 2988; baseline 0.004 -18"><span class='ocrx_word' id='word_1_332' title='bbox 509 2915 631 2981; x_wconf 88' lang='lat' dir='ltr'><strong>bus,</strong></span> <span class='ocrx_word' id='word_1_333' title='bbox 662 2917 777 2981; x_wconf 88' lang='lat' dir='ltr'><strong>sed,</strong></span> <span class='ocrx_word' id='word_1_334' title='bbox 817 2916 1070 2982; x_wconf 81' lang='lat' dir='ltr'><strong>Quandiu</strong></span> <span class='ocrx_word' id='word_1_335' title='bbox 1096 2919 1293 2988; x_wconf 76' lang='lat' dir='ltr'><strong>fecistis</strong></span> <span class='ocrx_word' id='word_1_336' title='bbox 1317 2921 1411 2975; x_wconf 87' lang='lat' dir='ltr'><strong>uni</strong></span> <span class='ocrx_word' id='word_1_337' title='bbox 1447 2922 1511 2974; x_wconf 86' lang='lat' dir='ltr'><strong>de</strong></span> <span class='ocrx_word' id='word_1_338' title='bbox 1539 2922 1769 2976; x_wconf 75' lang='lat' dir='ltr'><strong>minimis</strong></span> <span class='ocrx_word' id='word_1_339' title='bbox 1799 2923 1931 2987; x_wconf 86' lang='lat' dir='ltr'><strong>istis,</strong></span> <span class='ocrx_word' id='word_1_340' title='bbox 1962 2923 2091 2977; x_wconf 75' lang='lat' dir='ltr'><strong>milii</strong></span> 
     </span>
    </p>
   </div>
   <div class='ocr_carea' id='block_1_45' title="bbox 511 3005 2084 3084">
    <p class='ocr_par' dir='ltr' id='par_1_45' title="bbox 511 3005 2084 3084">
     <span class='ocr_line' id='line_1_45' title="bbox 511 3005 2084 3084; baseline 0.006 -26"><span class='ocrx_word' id='word_1_341' title='bbox 511 3005 707 3075; x_wconf 75' lang='lat' dir='ltr'><strong>fecistis</strong></span> <span class='ocrx_word' id='word_1_342' title='bbox 749 3006 965 3079; x_wconf 75' lang='lat' dir='ltr'><strong>(Matth.</strong></span> <span class='ocrx_word' id='word_1_343' title='bbox 1006 3009 1176 3080; x_wconf 85' lang='lat' dir='ltr'><strong>xxv);</strong></span> <span class='ocrx_word' id='word_1_344' title='bbox 1213 3026 1315 3066; x_wconf 92' lang='lat' dir='ltr'><strong>nec</strong></span> <span class='ocrx_word' id='word_1_345' title='bbox 1351 3012 1426 3066; x_wconf 88' lang='lat' dir='ltr'><strong>ait</strong></span> <span class='ocrx_word' id='word_1_346' title='bbox 1458 3029 1470 3065; x_wconf 91' lang='lat'><strong>:</strong></span> <span class='ocrx_word' id='word_1_347' title='bbox 1515 3011 1618 3078; x_wconf 87' lang='lat' dir='ltr'><strong>Qui</strong></span> <span class='ocrx_word' id='word_1_348' title='bbox 1654 3013 1934 3084; x_wconf 88' lang='lat' dir='ltr'><strong>imagines,</strong></span> <span class='ocrx_word' id='word_1_349' title='bbox 1971 3012 2084 3078; x_wconf 91' lang='lat' dir='ltr'><strong>sed,</strong></span> 
     </span>
    </p>
   </div>
   <div class='ocr_carea' id='block_1_46' title="bbox 514 3095 2088 3177">
    <p class='ocr_par' dir='ltr' id='par_1_46' title="bbox 514 3095 2088 3177">
     <span class='ocr_line' id='line_1_46' title="bbox 514 3095 2088 3177; baseline 0.009 -27"><span class='ocrx_word' id='word_1_350' title='bbox 514 3095 618 3162; x_wconf 82' lang='lat' dir='ltr'><strong>Qui</strong></span> <span class='ocrx_word' id='word_1_351' title='bbox 642 3114 727 3152; x_wconf 80' lang='lat' dir='ltr'><strong>vos</strong></span> <span class='ocrx_word' id='word_1_352' title='bbox 756 3100 934 3170; x_wconf 75' lang='lat' dir='ltr'><strong>recipit</strong></span> <span class='ocrx_word' id='word_1_353' title='bbox 958 3118 1039 3156; x_wconf 88' lang='lat' dir='ltr'><strong>me</strong></span> <span class='ocrx_word' id='word_1_354' title='bbox 1084 3103 1263 3174; x_wconf 83' lang='lat' dir='ltr'><strong>recipit</strong></span> <span class='ocrx_word' id='word_1_355' title='bbox 1293 3102 1506 3177; x_wconf 81' lang='lat' dir='ltr'><strong>(Matth.</strong></span> <span class='ocrx_word' id='word_1_356' title='bbox 1538 3102 1626 3177; x_wconf 89' lang='lat' dir='ltr'><strong>x);</strong></span> <span class='ocrx_word' id='word_1_357' title='bbox 1661 3121 1760 3161; x_wconf 90' lang='lat' dir='ltr'><strong>nec</strong></span> <span class='ocrx_word' id='word_1_358' title='bbox 1798 3106 2088 3176; x_wconf 85' lang='lat' dir='ltr'><strong>Apostolus</strong></span> 
     </span>
    </p>
   </div>
   <div class='ocr_carea' id='block_1_47' title="bbox 512 3189 2086 3269">
    <p class='ocr_par' dir='ltr' id='par_1_47' title="bbox 512 3189 2086 3269">
     <span class='ocr_line' id='line_1_47' title="bbox 512 3189 2086 3269; baseline 0.007 -26"><span class='ocrx_word' id='word_1_359' title='bbox 512 3190 589 3244; x_wconf 85' lang='lat' dir='ltr'><strong>ait</strong></span> <span class='ocrx_word' id='word_1_360' title='bbox 616 3207 629 3244; x_wconf 86' lang='lat'><strong>:</strong></span> <span class='ocrx_word' id='word_1_361' title='bbox 668 3189 1262 3266; x_wconf 87' lang='lat' dir='ltr'><strong>Diligamusimagines,</strong></span> <span class='ocrx_word' id='word_1_362' title='bbox 1289 3196 1384 3252; x_wconf 93' lang='lat' dir='ltr'><strong>sed</strong></span> <span class='ocrx_word' id='word_1_363' title='bbox 1402 3196 1687 3268; x_wconf 84' lang='lat' dir='ltr'><strong>diligamus</strong></span> <span class='ocrx_word' id='word_1_364' title='bbox 1723 3215 1816 3254; x_wconf 86' lang='lat' dir='ltr'><strong>nos</strong></span> <span class='ocrx_word' id='word_1_365' title='bbox 1845 3200 2086 3269; x_wconf 79' lang='lat' dir='ltr'><strong>invicem,</strong></span> 
     </span>
    </p>
   </div>
   <div class='ocr_carea' id='block_1_48' title="bbox 513 3282 2088 3363">
    <p class='ocr_par' dir='ltr' id='par_1_48' title="bbox 513 3282 2088 3363">
     <span class='ocr_line' id='line_1_48' title="bbox 513 3282 2088 3363; baseline 0.007 -27"><span class='ocrx_word' id='word_1_366' title='bbox 513 3282 635 3352; x_wconf 65' lang='lat' dir='ltr'><strong>quia</strong></span> <span class='ocrx_word' id='word_1_367' title='bbox 672 3283 902 3340; x_wconf 76' lang='lat' dir='ltr'><strong>charitas</strong></span> <span class='ocrx_word' id='word_1_368' title='bbox 941 3302 1007 3340; x_wconf 75' lang='lat' dir='ltr'><strong>ea:</strong></span> <span class='ocrx_word' id='word_1_369' title='bbox 1034 3287 1142 3342; x_wconf 87' lang='lat' dir='ltr'><strong>Deo</strong></span> <span class='ocrx_word' id='word_1_370' title='bbox 1186 3298 1261 3347; x_wconf 83' lang='lat' dir='ltr'><strong>est</strong></span> <span class='ocrx_word' id='word_1_371' title='bbox 1306 3288 1484 3361; x_wconf 85' lang='lat' dir='ltr'><strong>(Rom.</strong></span> <span class='ocrx_word' id='word_1_372' title='bbox 1523 3306 1641 3355; x_wconf 85' lang='lat' dir='ltr'><strong>xm,</strong></span> <span class='ocrx_word' id='word_1_373' title='bbox 1683 3299 1730 3344; x_wconf 88' lang='lat' dir='ltr'><strong>et</strong></span> <span class='ocrx_word' id='word_1_374' title='bbox 1774 3290 1805 3346; x_wconf 86' lang='grc'><em>1</em></span> <span class='ocrx_word' id='word_1_375' title='bbox 1849 3290 1966 3346; x_wconf 91' lang='lat' dir='ltr'><strong>Pet.</strong></span> <span class='ocrx_word' id='word_1_376' title='bbox 2014 3292 2088 3363; x_wconf 89' lang='grc' dir='ltr'><strong>ι);</strong></span> 
     </span>
    </p>
   </div>
   <div class='ocr_carea' id='block_1_49' title="bbox 514 3374 2094 3447">
    <p class='ocr_par' dir='ltr' id='par_1_49' title="bbox 514 3374 2094 3447">
     <span class='ocr_line' id='line_1_49' title="bbox 514 3374 2094 3447; baseline 0.008 -19"><span class='ocrx_word' id='word_1_377' title='bbox 514 3388 614 3429; x_wconf 88' lang='lat' dir='ltr'><strong>nec</strong></span> <span class='ocrx_word' id='word_1_378' title='bbox 633 3374 930 3447; x_wconf 73' lang='lat' dir='ltr'><strong>imaginum</strong></span> <span class='ocrx_word' id='word_1_379' title='bbox 958 3394 1145 3446; x_wconf 87' lang='lat' dir='ltr'><strong>onera,</strong></span> <span class='ocrx_word' id='word_1_380' title='bbox 1188 3381 1281 3436; x_wconf 89' lang='lat' dir='ltr'><strong>sed</strong></span> <span class='ocrx_word' id='word_1_381' title='bbox 1338 3389 1523 3437; x_wconf 90' lang='lat' dir='ltr'><strong>nostra</strong></span> <span class='ocrx_word' id='word_1_382' title='bbox 1562 3381 1881 3438; x_wconf 90' lang='lat' dir='ltr'><strong>alterutrum</strong></span> <span class='ocrx_word' id='word_1_383' title='bbox 1906 3393 2094 3441; x_wconf 91' lang='lat' dir='ltr'><strong>mutuo</strong></span> 
     </span>
    </p>
   </div>
   <div class='ocr_carea' id='block_1_50' title="bbox 515 3464 2094 3537">
    <p class='ocr_par' dir='ltr' id='par_1_50' title="bbox 515 3464 2094 3537">
     <span class='ocr_line' id='line_1_50' title="bbox 515 3464 2094 3537; baseline 0.008 -18"><span class='ocrx_word' id='word_1_384' title='bbox 515 3464 756 3522; x_wconf 84' lang='lat' dir='ltr'><strong>vehenda</strong></span> <span class='ocrx_word' id='word_1_385' title='bbox 791 3470 1103 3537; x_wconf 85' lang='lat' dir='ltr'><strong>percensuit</strong></span> <span class='ocrx_word' id='word_1_386' title='bbox 1126 3471 1351 3528; x_wconf 90' lang='lat' dir='ltr'><strong>dicens:</strong></span> <span class='ocrx_word' id='word_1_387' title='bbox 1392 3471 1540 3528; x_wconf 84' lang='lat' dir='ltr'><strong>Alter</strong></span> <span class='ocrx_word' id='word_1_388' title='bbox 1584 3472 1800 3529; x_wconf 85' lang='lat' dir='ltr'><strong>alterius</strong></span> <span class='ocrx_word' id='word_1_389' title='bbox 1826 3492 1983 3529; x_wconf 87' lang='lat' dir='ltr'><strong>onera</strong></span> <span class='ocrx_word' id='word_1_390' title='bbox 2013 3493 2094 3532; x_wconf 81' lang='lat' dir='ltr'><strong>ve-</strong></span> 
     </span>
    </p>
   </div>
   <div class='ocr_carea' id='block_1_51' title="bbox 515 3562 2091 3640">
    <p class='ocr_par' dir='ltr' id='par_1_51' title="bbox 515 3562 2091 3640">
     <span class='ocr_line' id='line_1_51' title="bbox 515 3562 2091 3640; baseline 0.008 -30"><span class='ocrx_word' id='word_1_391' title='bbox 515 3564 624 3611; x_wconf 86' lang='lat' dir='ltr'><strong>stra</strong></span> <span class='ocrx_word' id='word_1_392' title='bbox 643 3568 865 3630; x_wconf 83' lang='lat' dir='ltr'><strong>portate,</strong></span> <span class='ocrx_word' id='word_1_393' title='bbox 891 3570 939 3616; x_wconf 91' lang='lat' dir='ltr'><strong>et</strong></span> <span class='ocrx_word' id='word_1_394' title='bbox 959 3563 1035 3616; x_wconf 81' lang='lat' dir='ltr'><strong>sic</strong></span> <span class='ocrx_word' id='word_1_395' title='bbox 1054 3562 1402 3634; x_wconf 84' lang='lat' dir='ltr'><strong>adimplebitis</strong></span> <span class='ocrx_word' id='word_1_396' title='bbox 1423 3564 1584 3635; x_wconf 85' lang='lat' dir='ltr'><strong>legem</strong></span> <span class='ocrx_word' id='word_1_397' title='bbox 1604 3562 1800 3620; x_wconf 83' lang='lat' dir='ltr'><strong>Christi</strong></span> <span class='ocrx_word' id='word_1_398' title='bbox 1823 3565 1965 3639; x_wconf 80' lang='lat' dir='ltr'><strong>(Gal.</strong></span> <span class='ocrx_word' id='word_1_399' title='bbox 1990 3566 2091 3640; x_wconf 76' lang='grc' dir='ltr'><strong>γι).</strong></span> 
     </span>
    </p>
   </div>
   <div class='ocr_carea' id='block_1_52' title="bbox 517 3648 2096 3732">
    <p class='ocr_par' dir='ltr' id='par_1_52' title="bbox 517 3648 2096 3732">
     <span class='ocr_line' id='line_1_52' title="bbox 517 3648 2096 3732; baseline 0.008 -28"><span class='ocrx_word' id='word_1_400' title='bbox 517 3648 651 3705; x_wconf 85' lang='lat' dir='ltr'><strong>Nam</strong></span> <span class='ocrx_word' id='word_1_401' title='bbox 676 3667 801 3707; x_wconf 84' lang='lat' dir='ltr'><strong>cum</strong></span> <span class='ocrx_word' id='word_1_402' title='bbox 839 3653 1101 3727; x_wconf 82' lang='lat' dir='ltr'><strong>imagines</strong></span> <span class='ocrx_word' id='word_1_403' title='bbox 1135 3654 1450 3728; x_wconf 87' lang='lat' dir='ltr'><strong>plerumque</strong></span> <span class='ocrx_word' id='word_1_404' title='bbox 1490 3658 1787 3714; x_wconf 90' lang='lat' dir='ltr'><strong>secundum</strong></span> <span class='ocrx_word' id='word_1_405' title='bbox 1820 3659 2096 3732; x_wconf 90' lang='lat' dir='ltr'><strong>ingenium</strong></span> 
     </span>
    </p>
   </div>
   <div class='ocr_carea' id='block_1_53' title="bbox 516 3740 2098 3814">
    <p class='ocr_par' dir='ltr' id='par_1_53' title="bbox 516 3740 2098 3814">
     <span class='ocr_line' id='line_1_53' title="bbox 516 3740 2098 3814; baseline 0.006 -18"><span class='ocrx_word' id='word_1_406' title='bbox 516 3740 784 3799; x_wconf 75' lang='lat' dir='ltr'><strong>artiﬁcum</strong></span> <span class='ocrx_word' id='word_1_407' title='bbox 831 3742 984 3812; x_wconf 84' lang='lat' dir='ltr'><strong>fiant,</strong></span> <span class='ocrx_word' id='word_1_408' title='bbox 1014 3753 1073 3801; x_wconf 93' lang='lat' dir='ltr'><strong>ut</strong></span> <span class='ocrx_word' id='word_1_409' title='bbox 1108 3748 1269 3804; x_wconf 88' lang='lat' dir='ltr'><strong>modo</strong></span> <span class='ocrx_word' id='word_1_410' title='bbox 1298 3748 1408 3803; x_wconf 89' lang='lat' dir='ltr'><strong>sint</strong></span> <span class='ocrx_word' id='word_1_411' title='bbox 1438 3747 1707 3814; x_wconf 72' lang='lat' dir='ltr'><strong>formosm,</strong></span> <span class='ocrx_word' id='word_1_412' title='bbox 1741 3748 1899 3804; x_wconf 91' lang='lat' dir='ltr'><strong>modo</strong></span> <span class='ocrx_word' id='word_1_413' title='bbox 1924 3746 2098 3805; x_wconf 82' lang='lat' dir='ltr'><strong>defor-</strong></span> 
     </span>
    </p>
   </div>
   <div class='ocr_carea' id='block_1_54' title="bbox 517 3840 2094 3913">
    <p class='ocr_par' dir='ltr' id='par_1_54' title="bbox 517 3840 2094 3913">
     <span class='ocr_line' id='line_1_54' title="bbox 517 3840 2094 3913; baseline 0.006 -21"><span class='ocrx_word' id='word_1_414' title='bbox 517 3852 652 3905; x_wconf 87' lang='lat' dir='ltr'><strong>mes,</strong></span> <span class='ocrx_word' id='word_1_415' title='bbox 678 3854 1061 3912; x_wconf 84' lang='lat' dir='ltr'><strong>nonnunquam</strong></span> <span class='ocrx_word' id='word_1_416' title='bbox 1097 3841 1356 3912; x_wconf 70' lang='lat' dir='ltr'><strong>pulchrze,</strong></span> <span class='ocrx_word' id='word_1_417' title='bbox 1386 3842 1672 3913; x_wconf 90' lang='lat' dir='ltr'><strong>aliquando</strong></span> <span class='ocrx_word' id='word_1_418' title='bbox 1720 3843 1883 3900; x_wconf 90' lang='lat' dir='ltr'><strong>etiam</strong></span> <span class='ocrx_word' id='word_1_419' title='bbox 1918 3840 2094 3911; x_wconf 64' lang='lat' dir='ltr'><strong>fmdre,</strong></span> 
     </span>
    </p>
   </div>
   <div class='ocr_carea' id='block_1_55' title="bbox 518 3922 2100 4008">
    <p class='ocr_par' dir='ltr' id='par_1_55' title="bbox 518 3922 2100 4008">
     <span class='ocr_line' id='line_1_55' title="bbox 518 3922 2100 4008; baseline 0.006 -22"><span class='ocrx_word' id='word_1_420' title='bbox 518 3933 765 4001; x_wconf 66' lang='lat' dir='ltr'><strong>quaedam</strong></span> <span class='ocrx_word' id='word_1_421' title='bbox 790 3933 898 3989; x_wconf 86' lang='lat' dir='ltr'><strong>illis</strong></span> <span class='ocrx_word' id='word_1_422' title='bbox 934 3922 1165 4005; x_wconf 80' lang='lat' dir='ltr'><strong>quorum</strong></span> <span class='ocrx_word' id='word_1_423' title='bbox 1194 3946 1320 3992; x_wconf 91' lang='lat' dir='ltr'><strong>sunt</strong></span> <span class='ocrx_word' id='word_1_424' title='bbox 1357 3934 1663 4004; x_wconf 68' lang='lat' dir='ltr'><strong>simillimae,</strong></span> <span class='ocrx_word' id='word_1_425' title='bbox 1698 3938 1944 4008; x_wconf 61' lang='lat' dir='ltr'><strong>quaedam</strong></span> <span class='ocrx_word' id='word_1_426' title='bbox 1971 3950 2100 3995; x_wconf 89' lang='lat' dir='ltr'><strong>vero</strong></span> 
     </span>
    </p>
   </div>
   <div class='ocr_carea' id='block_1_56' title="bbox 520 4020 2098 4102">
    <p class='ocr_par' dir='ltr' id='par_1_56' title="bbox 520 4020 2098 4102">
     <span class='ocr_line' id='line_1_56' title="bbox 520 4020 2098 4102; baseline 0.006 -26"><span class='ocrx_word' id='word_1_427' title='bbox 520 4020 851 4091; x_wconf 87' lang='lat' dir='ltr'><strong>dissimiles,</strong></span> <span class='ocrx_word' id='word_1_428' title='bbox 901 4028 1151 4096; x_wconf 63' lang='lat' dir='ltr'><strong>quaedam</strong></span> <span class='ocrx_word' id='word_1_429' title='bbox 1202 4030 1441 4086; x_wconf 89' lang='lat' dir='ltr'><strong>novitate</strong></span> <span class='ocrx_word' id='word_1_430' title='bbox 1488 4027 1755 4102; x_wconf 89' lang='lat' dir='ltr'><strong>fulgentes</strong></span> <span class='ocrx_word' id='word_1_431' title='bbox 1778 4071 1793 4097; x_wconf 96' lang='lat'><strong>,</strong></span> <span class='ocrx_word' id='word_1_432' title='bbox 1854 4030 2098 4101; x_wconf 59' lang='lat' dir='ltr'><strong>quasdam</strong></span> 
     </span>
    </p>
   </div>
   <div class='ocr_carea' id='block_1_57' title="bbox 519 4111 2103 4191">
    <p class='ocr_par' dir='ltr' id='par_1_57' title="bbox 519 4111 2103 4191">
     <span class='ocr_line' id='line_1_57' title="bbox 519 4111 2103 4191; baseline 0.007 -24"><span class='ocrx_word' id='word_1_433' title='bbox 519 4111 685 4167; x_wconf 82' lang='lat' dir='ltr'><strong>etiam</strong></span> <span class='ocrx_word' id='word_1_434' title='bbox 709 4121 978 4171; x_wconf 84' lang='lat' dir='ltr'><strong>vetustate</strong></span> <span class='ocrx_word' id='word_1_435' title='bbox 1002 4116 1343 4186; x_wconf 83' lang='lat' dir='ltr'><strong>fatescentes,</strong></span> <span class='ocrx_word' id='word_1_436' title='bbox 1371 4122 1720 4190; x_wconf 65' lang='lat' dir='ltr'><strong>quaarendum</strong></span> <span class='ocrx_word' id='word_1_437' title='bbox 1749 4130 1831 4177; x_wconf 92' lang='lat' dir='ltr'><strong>est</strong></span> <span class='ocrx_word' id='word_1_438' title='bbox 1871 4137 1989 4191; x_wconf 86' lang='lat' dir='ltr'><strong>quae</strong></span> <span class='ocrx_word' id='word_1_439' title='bbox 2014 4138 2103 4178; x_wconf 91' lang='lat' dir='ltr'><strong>ea-</strong></span> 
     </span>
    </p>
   </div>
   <div class='ocr_carea' id='block_1_58' title="bbox 522 4203 2100 4283">
    <p class='ocr_par' dir='ltr' id='par_1_58' title="bbox 522 4203 2100 4283">
     <span class='ocr_line' id='line_1_58' title="bbox 522 4203 2100 4283; baseline 0.005 -22"><span class='ocrx_word' id='word_1_440' title='bbox 522 4217 646 4261; x_wconf 80' lang='lat' dir='ltr'><strong>rum</strong></span> <span class='ocrx_word' id='word_1_441' title='bbox 671 4203 779 4259; x_wconf 91' lang='lat' dir='ltr'><strong>sint</strong></span> <span class='ocrx_word' id='word_1_442' title='bbox 808 4205 1255 4278; x_wconf 80' lang='lat' dir='ltr'><strong>honorabiliores,</strong></span> <span class='ocrx_word' id='word_1_443' title='bbox 1276 4218 1457 4266; x_wconf 89' lang='lat' dir='ltr'><strong>utrum</strong></span> <span class='ocrx_word' id='word_1_444' title='bbox 1486 4226 1565 4267; x_wconf 65' lang='lat' dir='ltr'><strong>ea:</strong></span> <span class='ocrx_word' id='word_1_445' title='bbox 1583 4227 1705 4283; x_wconf 68' lang='lat' dir='ltr'><strong>quae</strong></span> <span class='ocrx_word' id='word_1_446' title='bbox 1729 4213 2100 4283; x_wconf 85' lang='lat' dir='ltr'><strong>pretiosiores,</strong></span> 
     </span>
    </p>
   </div>
   <div class='ocr_carea' id='block_1_59' title="bbox 521 4301 2107 4376">
    <p class='ocr_par' dir='ltr' id='par_1_59' title="bbox 521 4301 2107 4376">
     <span class='ocr_line' id='line_1_59' title="bbox 521 4301 2107 4376; baseline 0.004 -22"><span class='ocrx_word' id='word_1_447' title='bbox 521 4312 588 4354; x_wconf 84' lang='lat' dir='ltr'><strong>an</strong></span> <span class='ocrx_word' id='word_1_448' title='bbox 613 4313 692 4355; x_wconf 72' lang='lat' dir='ltr'><strong>em</strong></span> <span class='ocrx_word' id='word_1_449' title='bbox 714 4314 837 4371; x_wconf 68' lang='lat' dir='ltr'><strong>quae</strong></span> <span class='ocrx_word' id='word_1_450' title='bbox 857 4301 1078 4357; x_wconf 77' lang='lat' dir='ltr'><strong>viliores</strong></span> <span class='ocrx_word' id='word_1_451' title='bbox 1116 4317 1236 4358; x_wconf 87' lang='lat' dir='ltr'><strong>esse</strong></span> <span class='ocrx_word' id='word_1_452' title='bbox 1266 4313 1587 4371; x_wconf 89' lang='lat' dir='ltr'><strong>noscuntur,</strong></span> <span class='ocrx_word' id='word_1_453' title='bbox 1608 4305 1862 4376; x_wconf 87' lang='lat' dir='ltr'><strong>quoniam</strong></span> <span class='ocrx_word' id='word_1_454' title='bbox 1907 4305 1954 4360; x_wconf 91' lang='lat' dir='ltr'><strong>si</strong></span> <span class='ocrx_word' id='word_1_455' title='bbox 1980 4320 2107 4374; x_wconf 87' lang='lat' dir='ltr'><strong>pre-</strong></span> 
     </span>
    </p>
   </div>
   <div class='ocr_carea' id='block_1_60' title="bbox 514 4390 2105 4466">
    <p class='ocr_par' dir='ltr' id='par_1_60' title="bbox 514 4390 2105 4466">
     <span class='ocr_line' id='line_1_60' title="bbox 514 4390 2105 4466; baseline 0.003 -19"><span class='ocrx_word' id='word_1_456' title='bbox 514 4390 777 4448; x_wconf 71' lang='lat' dir='ltr'><strong>tiosiores</strong></span> <span class='ocrx_word' id='word_1_457' title='bbox 788 4393 919 4463; x_wconf 87' lang='lat' dir='ltr'><strong>plus</strong></span> <span class='ocrx_word' id='word_1_458' title='bbox 941 4393 1142 4450; x_wconf 86' lang='lat' dir='ltr'><strong>habent</strong></span> <span class='ocrx_word' id='word_1_459' title='bbox 1166 4395 1407 4461; x_wconf 90' lang='lat' dir='ltr'><strong>honoris,</strong></span> <span class='ocrx_word' id='word_1_460' title='bbox 1432 4398 1612 4466; x_wconf 91' lang='lat' dir='ltr'><strong>operis</strong></span> <span class='ocrx_word' id='word_1_461' title='bbox 1637 4397 1694 4452; x_wconf 92' lang='lat' dir='ltr'><strong>in</strong></span> <span class='ocrx_word' id='word_1_462' title='bbox 1727 4397 1809 4453; x_wconf 91' lang='lat' dir='ltr'><strong>eis</strong></span> <span class='ocrx_word' id='word_1_463' title='bbox 1834 4412 1996 4452; x_wconf 89' lang='lat' dir='ltr'><strong>causa</strong></span> <span class='ocrx_word' id='word_1_464' title='bbox 2018 4395 2105 4452; x_wconf 87' lang='lat' dir='ltr'><strong>vel</strong></span> 
     </span>
    </p>
   </div>
   <div class='ocr_carea' id='block_1_61' title="bbox 2189 1904 3769 1980">
    <p class='ocr_par' dir='ltr' id='par_1_61' title="bbox 2189 1904 3769 1980">
     <span class='ocr_line' id='line_1_61' title="bbox 2189 1904 3769 1980; baseline -0.002 -14"><span class='ocrx_word' id='word_1_465' title='bbox 2189 1907 2322 1966; x_wconf 91' lang='lat' dir='ltr'><strong>ordo</strong></span> <span class='ocrx_word' id='word_1_466' title='bbox 2342 1908 2605 1979; x_wconf 75' lang='lat' dir='ltr'><strong>exposcit,</strong></span> <span class='ocrx_word' id='word_1_467' title='bbox 2647 1907 2950 1980; x_wconf 83' lang='lat' dir='ltr'><strong>impegerit,</strong></span> <span class='ocrx_word' id='word_1_468' title='bbox 2975 1904 3242 1976; x_wconf 90' lang='lat' dir='ltr'><strong>jacturam</strong></span> <span class='ocrx_word' id='word_1_469' title='bbox 3272 1921 3388 1963; x_wconf 64' lang='lat' dir='ltr'><strong>suae</strong></span> <span class='ocrx_word' id='word_1_470' title='bbox 3431 1906 3614 1965; x_wconf 85' lang='lat' dir='ltr'><strong>salutis</strong></span> <span class='ocrx_word' id='word_1_471' title='bbox 3648 1908 3769 1965; x_wconf 84' lang='lat' dir='ltr'><strong>evi-</strong></span> 
     </span>
    </p>
   </div>
   <div class='ocr_carea' id='block_1_62' title="bbox 2190 2002 2677 2074">
    <p class='ocr_par' dir='ltr' id='par_1_62' title="bbox 2190 2002 2677 2074">
     <span class='ocr_line' id='line_1_62' title="bbox 2190 2002 2677 2074; baseline -0.008 -15"><span class='ocrx_word' id='word_1_472' title='bbox 2190 2010 2305 2059; x_wconf 86' lang='lat' dir='ltr'><strong>tare</strong></span> <span class='ocrx_word' id='word_1_473' title='bbox 2340 2018 2449 2058; x_wconf 90' lang='lat' dir='ltr'><strong>uon</strong></span> <span class='ocrx_word' id='word_1_474' title='bbox 2484 2002 2677 2074; x_wconf 87' lang='lat' dir='ltr'><strong>possit.</strong></span> 
     </span>
    </p>
   </div>
   <div class='ocr_carea' id='block_1_63' title="bbox 2755 2069 3192 2128">
    <p class='ocr_par' dir='ltr' id='par_1_63' title="bbox 2755 2069 3192 2128">
     <span class='ocr_line' id='line_1_63' title="bbox 2755 2069 3192 2128; baseline -0.005 -1"><span class='ocrx_word' id='word_1_475' title='bbox 2755 2070 2985 2128; x_wconf 85' lang='lat' dir='ltr'><strong>CAPUT</strong></span> <span class='ocrx_word' id='word_1_476' title='bbox 3032 2069 3192 2127; x_wconf 74' lang='lat' dir='ltr'><strong>XVII.</strong></span> 
     </span>
    </p>
   </div>
   <div class='ocr_carea' id='block_1_64' title="bbox 2191 2160 3773 2235">
    <p class='ocr_par' dir='ltr' id='par_1_64' title="bbox 2191 2160 3773 2235">
     <span class='ocr_line' id='line_1_64' title="bbox 2191 2160 3773 2235; baseline 0 -18"><span class='ocrx_word' id='word_1_477' title='bbox 2191 2163 2346 2232; x_wconf 81' lang='lat' dir='ltr'><strong>Quod</strong></span> <span class='ocrx_word' id='word_1_478' title='bbox 2390 2162 2619 2235; x_wconf 77' lang='lat' dir='ltr'><strong>infauste</strong></span> <span class='ocrx_word' id='word_1_479' title='bbox 2647 2171 2695 2217; x_wconf 86' lang='lat' dir='ltr'><strong>et</strong></span> <span class='ocrx_word' id='word_1_480' title='bbox 2730 2162 3115 2235; x_wconf 67' lang='lat' dir='ltr'><strong>prweipjtattter</strong></span> <span class='ocrx_word' id='word_1_481' title='bbox 3149 2163 3261 2235; x_wconf 79' lang='lat' dir='ltr'><strong>sive</strong></span> <span class='ocrx_word' id='word_1_482' title='bbox 3287 2160 3773 2235; x_wconf 70' lang='lat' dir='ltr'><strong>insipienter_Cou—</strong></span> 
     </span>
    </p>
   </div>
   <div class='ocr_carea' id='block_1_65' title="bbox 2254 2232 3775 2304">
    <p class='ocr_par' dir='ltr' id='par_1_65' title="bbox 2254 2232 3775 2304">
     <span class='ocr_line' id='line_1_65' title="bbox 2254 2232 3775 2304; baseline -0.009 -14"><span class='ocrx_word' id='word_1_483' title='bbox 2254 2232 2517 2290; x_wconf 74' lang='lat' dir='ltr'><strong>stantinus</strong></span> <span class='ocrx_word' id='word_1_484' title='bbox 2546 2232 2864 2289; x_wconf 64' lang='lat' dir='ltr'><strong>Constantia:</strong></span> <span class='ocrx_word' id='word_1_485' title='bbox 3079 2233 3348 2304; x_wconf 69' lang='grc' dir='ltr'><strong>φίεοορω</strong></span> <span class='ocrx_word' id='word_1_486' title='bbox 3373 2233 3515 2287; x_wconf 66' lang='grc' dir='ltr'><strong>ἀίσσει</strong></span> <span class='ocrx_word' id='word_1_487' title='bbox 3541 2250 3564 2288; x_wconf 71' lang='grc' dir='ltr'><em>ε</em></span> <span class='ocrx_word' id='word_1_488' title='bbox 3593 2232 3775 2289; x_wconf 61' lang='grc' dir='ltr'><strong>δεκί-</strong></span> 
     </span>
    </p>
   </div>
   <div class='ocr_carea' id='block_1_66' title="bbox 2258 2303 3772 2376">
    <p class='ocr_par' dir='ltr' id='par_1_66' title="bbox 2258 2303 3772 2376">
     <span class='ocr_line' id='line_1_66' title="bbox 2258 2303 3772 2376; baseline -0.003 -15"><span class='ocrx_word' id='word_1_489' title='bbox 2258 2306 2348 2376; x_wconf 90' lang='lat' dir='ltr'><strong>pio</strong></span> <span class='ocrx_word' id='word_1_490' title='bbox 2371 2314 2425 2361; x_wconf 91' lang='lat' dir='ltr'><strong>et</strong></span> <span class='ocrx_word' id='word_1_491' title='bbox 2457 2306 2751 2376; x_wconf 90' lang='lat' dir='ltr'><strong>amplector</strong></span> <span class='ocrx_word' id='word_1_492' title='bbox 2778 2303 3164 2376; x_wconf 83' lang='lat' dir='ltr'><strong>honorabiliter</strong></span> <span class='ocrx_word' id='word_1_493' title='bbox 3184 2303 3400 2376; x_wconf 83' lang='lat' dir='ltr'><strong>sanctas</strong></span> <span class='ocrx_word' id='word_1_494' title='bbox 3426 2312 3485 2376; x_wconf 80' lang='lat' dir='ltr'><strong>et</strong></span> <span class='ocrx_word' id='word_1_495' title='bbox 3509 2318 3772 2376; x_wconf 53' lang='lat' dir='ltr'><strong>veneram</strong></span> 
     </span>
    </p>
   </div>
   <div class='ocr_carea' id='block_1_67' title="bbox 2260 2374 3776 2447">
    <p class='ocr_par' dir='ltr' id='par_1_67' title="bbox 2260 2374 3776 2447">
     <span class='ocr_line' id='line_1_67' title="bbox 2260 2374 3776 2447; baseline -0.001 -15"><span class='ocrx_word' id='word_1_496' title='bbox 2260 2374 2356 2433; x_wconf 81' lang='lat' dir='ltr'><strong>das</strong></span> <span class='ocrx_word' id='word_1_497' title='bbox 2381 2374 2639 2447; x_wconf 79' lang='lat' dir='ltr'><strong>imagines</strong></span> <span class='ocrx_word' id='word_1_498' title='bbox 2658 2376 2948 2447; x_wconf 80' lang='lat' dir='ltr'><strong>secundum</strong></span> <span class='ocrx_word' id='word_1_499' title='bbox 2974 2374 3253 2447; x_wconf 65' lang='lat' dir='ltr'><strong>servitium</strong></span> <span class='ocrx_word' id='word_1_500' title='bbox 3277 2374 3619 2447; x_wconf 79' lang='lat' dir='ltr'><strong>adorationis</strong></span> <span class='ocrx_word' id='word_1_501' title='bbox 3640 2374 3776 2444; x_wconf 82' lang='lat' dir='ltr'><strong>quod</strong></span> 
     </span>
    </p>
   </div>
   <div class='ocr_carea' id='block_1_68' title="bbox 2259 2444 3774 2509">
    <p class='ocr_par' dir='ltr' id='par_1_68' title="bbox 2259 2444 3774 2509">
     <span class='ocr_line' id='line_1_68' title="bbox 2259 2444 3774 2509; baseline -0.003 -6"><span class='ocrx_word' id='word_1_502' title='bbox 2259 2444 2701 2503; x_wconf 73' lang='lat' dir='ltr'><strong>consubstantiali</strong></span> <span class='ocrx_word' id='word_1_503' title='bbox 2726 2456 2780 2500; x_wconf 90' lang='lat' dir='ltr'><strong>et</strong></span> <span class='ocrx_word' id='word_1_504' title='bbox 2806 2444 3137 2500; x_wconf 78' lang='lat' dir='ltr'><strong>viviﬁcatrici</strong></span> <span class='ocrx_word' id='word_1_505' title='bbox 3171 2445 3418 2499; x_wconf 84' lang='lat' dir='ltr'><strong>Triuitati</strong></span> <span class='ocrx_word' id='word_1_506' title='bbox 3453 2445 3691 2509; x_wconf 88' lang='lat' dir='ltr'><strong>emitto;</strong></span> <span class='ocrx_word' id='word_1_507' title='bbox 3723 2454 3774 2499; x_wconf 84' lang='lat' dir='ltr'><strong>et</strong></span> 
     </span>
    </p>
   </div>
   <div class='ocr_carea' id='block_1_69' title="bbox 2258 2516 3778 2589">
    <p class='ocr_par' dir='ltr' id='par_1_69' title="bbox 2258 2516 3778 2589">
     <span class='ocr_line' id='line_1_69' title="bbox 2258 2516 3778 2589; baseline -0.002 -16"><span class='ocrx_word' id='word_1_508' title='bbox 2258 2518 2353 2589; x_wconf 87' lang='lat' dir='ltr'><strong>qui</strong></span> <span class='ocrx_word' id='word_1_509' title='bbox 2378 2519 2457 2574; x_wconf 91' lang='lat' dir='ltr'><strong>sic</strong></span> <span class='ocrx_word' id='word_1_510' title='bbox 2495 2534 2602 2572; x_wconf 92' lang='lat' dir='ltr'><strong>non</strong></span> <span class='ocrx_word' id='word_1_511' title='bbox 2637 2518 2872 2589; x_wconf 86' lang='lat' dir='ltr'><strong>sentiunt</strong></span> <span class='ocrx_word' id='word_1_512' title='bbox 2914 2516 3421 2589; x_wconf 74' lang='lat' dir='ltr'><strong>nequegloriﬁcant</strong></span> <span class='ocrx_word' id='word_1_513' title='bbox 3444 2555 3462 2579; x_wconf 92' lang='lat'><strong>,</strong></span> <span class='ocrx_word' id='word_1_514' title='bbox 3514 2531 3548 2569; x_wconf 85' lang='lat' dir='ltr'><strong>a</strong></span> <span class='ocrx_word' id='word_1_515' title='bbox 3592 2526 3778 2570; x_wconf 80' lang='lat' dir='ltr'><strong>sancta</strong></span> 
     </span>
    </p>
   </div>
   <div class='ocr_carea' id='block_1_70' title="bbox 2259 2586 3779 2658">
    <p class='ocr_par' dir='ltr' id='par_1_70' title="bbox 2259 2586 3779 2658">
     <span class='ocr_line' id='line_1_70' title="bbox 2259 2586 3779 2658; baseline -0.002 -13"><span class='ocrx_word' id='word_1_516' title='bbox 2259 2586 2523 2645; x_wconf 77' lang='lat' dir='ltr'><strong>catholica</strong></span> <span class='ocrx_word' id='word_1_517' title='bbox 2551 2598 2607 2645; x_wconf 90' lang='lat' dir='ltr'><strong>et</strong></span> <span class='ocrx_word' id='word_1_518' title='bbox 2645 2587 2935 2658; x_wconf 88' lang='lat' dir='ltr'><strong>apostolica</strong></span> <span class='ocrx_word' id='word_1_519' title='bbox 2979 2586 3217 2658; x_wconf 82' lang='lat' dir='ltr'><strong>Ecclesia</strong></span> <span class='ocrx_word' id='word_1_520' title='bbox 3257 2601 3511 2657; x_wconf 85' lang='lat' dir='ltr'><strong>segrego,</strong></span> <span class='ocrx_word' id='word_1_521' title='bbox 3561 2596 3623 2642; x_wconf 87' lang='lat' dir='ltr'><strong>et</strong></span> <span class='ocrx_word' id='word_1_522' title='bbox 3650 2602 3779 2642; x_wconf 81' lang='lat' dir='ltr'><strong>ana-</strong></span> 
     </span>
    </p>
   </div>
   <div class='ocr_carea' id='block_1_71' title="bbox 2258 2657 3777 2727">
    <p class='ocr_par' dir='ltr' id='par_1_71' title="bbox 2258 2657 3777 2727">
     <span class='ocr_line' id='line_1_71' title="bbox 2258 2657 3777 2727; baseline -0.002 -11"><span class='ocrx_word' id='word_1_523' title='bbox 2258 2661 2484 2716; x_wconf 87' lang='lat' dir='ltr'><strong>themati</strong></span> <span class='ocrx_word' id='word_1_524' title='bbox 2527 2657 2807 2722; x_wconf 85' lang='lat' dir='ltr'><strong>submitlo,</strong></span> <span class='ocrx_word' id='word_1_525' title='bbox 2854 2667 2908 2713; x_wconf 92' lang='lat' dir='ltr'><strong>et</strong></span> <span class='ocrx_word' id='word_1_526' title='bbox 2951 2657 3092 2727; x_wconf 87' lang='lat' dir='ltr'><strong>parti</strong></span> <span class='ocrx_word' id='word_1_527' title='bbox 3123 2658 3214 2727; x_wconf 92' lang='lat' dir='ltr'><strong>qui</strong></span> <span class='ocrx_word' id='word_1_528' title='bbox 3244 2658 3661 2727; x_wconf 86' lang='lat' dir='ltr'><strong>abnegaverunt</strong></span> <span class='ocrx_word' id='word_1_529' title='bbox 3703 2659 3777 2713; x_wconf 81' lang='lat' dir='ltr'><strong>in-</strong></span> 
     </span>
    </p>
   </div>
   <div class='ocr_carea' id='block_1_72' title="bbox 2261 2726 3779 2798">
    <p class='ocr_par' dir='ltr' id='par_1_72' title="bbox 2261 2726 3779 2798">
     <span class='ocr_line' id='line_1_72' title="bbox 2261 2726 3779 2798; baseline -0.001 -12"><span class='ocrx_word' id='word_1_530' title='bbox 2261 2738 2535 2787; x_wconf 88' lang='lat' dir='ltr'><strong>carnatam</strong></span> <span class='ocrx_word' id='word_1_531' title='bbox 2558 2740 2611 2785; x_wconf 90' lang='lat' dir='ltr'><strong>et</strong></span> <span class='ocrx_word' id='word_1_532' title='bbox 2638 2726 3424 2798; x_wconf 34' lang='lat' dir='ltr'><strong>salvabilem’dispensationem</strong></span> <span class='ocrx_word' id='word_1_533' title='bbox 3439 2726 3649 2785; x_wconf 86' lang='lat' dir='ltr'><strong>Christi</strong></span> <span class='ocrx_word' id='word_1_534' title='bbox 3672 2728 3779 2784; x_wconf 87' lang='lat' dir='ltr'><strong>veri</strong></span> 
     </span>
    </p>
   </div>
   <div class='ocr_carea' id='block_1_73' title="bbox 2259 2801 2801 2859">
    <p class='ocr_par' dir='ltr' id='par_1_73' title="bbox 2259 2801 2801 2859">
     <span class='ocr_line' id='line_1_73' title="bbox 2259 2801 2801 2859; baseline -0.006 -2"><span class='ocrx_word' id='word_1_535' title='bbox 2259 2801 2355 2857; x_wconf 89' lang='lat' dir='ltr'><strong>Dei</strong></span> <span class='ocrx_word' id='word_1_536' title='bbox 2383 2802 2557 2859; x_wconf 88' lang='lat' dir='ltr'><strong>nostri</strong></span> <span class='ocrx_word' id='word_1_537' title='bbox 2589 2801 2801 2857; x_wconf 89' lang='lat' dir='ltr'><strong>emitto.</strong></span> 
     </span>
    </p>
   </div>
   <div class='ocr_carea' id='block_1_74' title="bbox 2259 2889 3783 2966">
    <p class='ocr_par' dir='ltr' id='par_1_74' title="bbox 2259 2889 3783 2966">
     <span class='ocr_line' id='line_1_74' title="bbox 2259 2889 3783 2966; baseline -0.001 -16"><span class='ocrx_word' id='word_1_538' title='bbox 2259 2893 2431 2962; x_wconf 83' lang='lat' dir='ltr'><strong>Quam</strong></span> <span class='ocrx_word' id='word_1_539' title='bbox 2456 2894 2856 2966; x_wconf 73' lang='lat' dir='ltr'><strong>praecipitanter</strong></span> <span class='ocrx_word' id='word_1_540' title='bbox 2896 2900 2970 2957; x_wconf 89' lang='lat' dir='ltr'><strong>et,</strong></span> <span class='ocrx_word' id='word_1_541' title='bbox 2997 2899 3059 2946; x_wconf 91' lang='lat' dir='ltr'><strong>ut</strong></span> <span class='ocrx_word' id='word_1_542' title='bbox 3081 2890 3154 2946; x_wconf 87' lang='lat' dir='ltr'><strong>ita</strong></span> <span class='ocrx_word' id='word_1_543' title='bbox 3181 2889 3431 2956; x_wconf 78' lang='lat' dir='ltr'><strong>dixerim,</strong></span> <span class='ocrx_word' id='word_1_544' title='bbox 3460 2889 3783 2961; x_wconf 73' lang='lat' dir='ltr'><strong>insipienter</strong></span> 
     </span>
    </p>
   </div>
   <div class='ocr_carea' id='block_1_75' title="bbox 2190 2966 3781 3054">
    <p class='ocr_par' dir='ltr' id='par_1_75' title="bbox 2190 2966 3781 3054">
     <span class='ocr_line' id='line_1_75' title="bbox 2190 2966 3781 3054; baseline -0.004 -13"><span class='ocrx_word' id='word_1_545' title='bbox 2190 2966 2576 3041; x_wconf 74' lang='lat' dir='ltr'><strong>Constantinus</strong></span> <span class='ocrx_word' id='word_1_546' title='bbox 2630 2983 2959 3040; x_wconf 73' lang='lat' dir='ltr'><strong>Constantia:</strong></span> <span class='ocrx_word' id='word_1_547' title='bbox 3006 2981 3169 3054; x_wconf 84' lang='lat' dir='ltr'><strong>Cypri</strong></span> <span class='ocrx_word' id='word_1_548' title='bbox 3225 2981 3517 3052; x_wconf 87' lang='lat' dir='ltr'><strong>episcopus</strong></span> <span class='ocrx_word' id='word_1_549' title='bbox 3572 2980 3781 3035; x_wconf 59' lang='lat' dir='ltr'><strong>cateia</strong></span> 
     </span>
    </p>
   </div>
   <div class='ocr_carea' id='block_1_76' title="bbox 2190 3070 3777 3145">
    <p class='ocr_par' dir='ltr' id='par_1_76' title="bbox 2190 3070 3777 3145">
     <span class='ocr_line' id='line_1_76' title="bbox 2190 3070 3777 3145; baseline -0.006 -12"><span class='ocrx_word' id='word_1_550' title='bbox 2190 3076 2650 3133; x_wconf 67' lang='lat' dir='ltr'><strong>consentientibus</strong></span> <span class='ocrx_word' id='word_1_551' title='bbox 2673 3090 2732 3131; x_wconf 87' lang='lat' dir='ltr'><strong>se</strong></span> <span class='ocrx_word' id='word_1_552' title='bbox 2765 3080 3138 3145; x_wconf 89' lang='lat' dir='ltr'><strong>suscepturum</strong></span> <span class='ocrx_word' id='word_1_553' title='bbox 3172 3078 3227 3127; x_wconf 90' lang='lat' dir='ltr'><strong>et</strong></span> <span class='ocrx_word' id='word_1_554' title='bbox 3271 3070 3648 3141; x_wconf 68' lang='lat' dir='ltr'><strong>amplexuum</strong></span> <span class='ocrx_word' id='word_1_555' title='bbox 3678 3071 3777 3125; x_wconf 86' lang='lat' dir='ltr'><strong>ho-</strong></span> 
     </span>
    </p>
   </div>
   <div class='ocr_carea' id='block_1_77' title="bbox 2193 3161 3773 3240">
    <p class='ocr_par' dir='ltr' id='par_1_77' title="bbox 2193 3161 3773 3240">
     <span class='ocr_line' id='line_1_77' title="bbox 2193 3161 3773 3240; baseline -0.006 -15"><span class='ocrx_word' id='word_1_556' title='bbox 2193 3169 2507 3226; x_wconf 70' lang='lat' dir='ltr'><strong>norabiliter</strong></span> <span class='ocrx_word' id='word_1_557' title='bbox 2527 3167 2787 3240; x_wconf 87' lang='lat' dir='ltr'><strong>imagines</strong></span> <span class='ocrx_word' id='word_1_558' title='bbox 2806 3166 3022 3231; x_wconf 81' lang='lat' dir='ltr'><strong>dixerit,</strong></span> <span class='ocrx_word' id='word_1_559' title='bbox 3041 3172 3094 3221; x_wconf 91' lang='lat' dir='ltr'><strong>et</strong></span> <span class='ocrx_word' id='word_1_560' title='bbox 3115 3164 3396 3220; x_wconf 72' lang='lat' dir='ltr'><strong>servitium</strong></span> <span class='ocrx_word' id='word_1_561' title='bbox 3418 3161 3773 3228; x_wconf 76' lang='lat' dir='ltr'><strong>adorationis,</strong></span> 
     </span>
    </p>
   </div>
   <div class='ocr_carea' id='block_1_78' title="bbox 2192 3254 3779 3333">
    <p class='ocr_par' dir='ltr' id='par_1_78' title="bbox 2192 3254 3779 3333">
     <span class='ocr_line' id='line_1_78' title="bbox 2192 3254 3779 3333; baseline -0.008 -14"><span class='ocrx_word' id='word_1_562' title='bbox 2192 3262 2336 3333; x_wconf 74' lang='lat' dir='ltr'><strong>quod</strong></span> <span class='ocrx_word' id='word_1_563' title='bbox 2358 3259 2802 3317; x_wconf 83' lang='lat' dir='ltr'><strong>consubstantiali</strong></span> <span class='ocrx_word' id='word_1_564' title='bbox 2825 3267 2881 3314; x_wconf 91' lang='lat' dir='ltr'><strong>et</strong></span> <span class='ocrx_word' id='word_1_565' title='bbox 2901 3256 3236 3313; x_wconf 70' lang='lat' dir='ltr'><strong>viviﬁcatrici</strong></span> <span class='ocrx_word' id='word_1_566' title='bbox 3257 3254 3502 3309; x_wconf 80' lang='lat' dir='ltr'><strong>Trinitati</strong></span> <span class='ocrx_word' id='word_1_567' title='bbox 3523 3254 3779 3316; x_wconf 73' lang='lat' dir='ltr'><strong>debetur,</strong></span> 
     </span>
    </p>
   </div>
   <div class='ocr_carea' id='block_1_79' title="bbox 2192 3349 3783 3423">
    <p class='ocr_par' dir='ltr' id='par_1_79' title="bbox 2192 3349 3783 3423">
     <span class='ocr_line' id='line_1_79' title="bbox 2192 3349 3783 3423; baseline -0.008 -11"><span class='ocrx_word' id='word_1_568' title='bbox 2192 3355 2244 3413; x_wconf 87' lang='lat' dir='ltr'><strong>ei</strong></span> <span class='ocrx_word' id='word_1_569' title='bbox 2270 3372 2329 3412; x_wconf 91' lang='lat' dir='ltr'><strong>se</strong></span> <span class='ocrx_word' id='word_1_570' title='bbox 2358 3354 2692 3410; x_wconf 88' lang='lat' dir='ltr'><strong>redditurum</strong></span> <span class='ocrx_word' id='word_1_571' title='bbox 2719 3351 2999 3423; x_wconf 82' lang='lat' dir='ltr'><strong>garrierit,</strong></span> <span class='ocrx_word' id='word_1_572' title='bbox 3037 3365 3144 3406; x_wconf 90' lang='lat' dir='ltr'><strong>non</strong></span> <span class='ocrx_word' id='word_1_573' title='bbox 3168 3356 3253 3404; x_wconf 90' lang='lat' dir='ltr'><strong>est</strong></span> <span class='ocrx_word' id='word_1_574' title='bbox 3278 3349 3564 3419; x_wconf 84' lang='lat' dir='ltr'><strong>plurimum</strong></span> <span class='ocrx_word' id='word_1_575' title='bbox 3586 3353 3783 3400; x_wconf 67' lang='lat' dir='ltr'><strong>nostra</strong></span> 
     </span>
    </p>
   </div>
   <div class='ocr_carea' id='block_1_80' title="bbox 2195 3437 3780 3517">
    <p class='ocr_par' dir='ltr' id='par_1_80' title="bbox 2195 3437 3780 3517">
     <span class='ocr_line' id='line_1_80' title="bbox 2195 3437 3780 3517; baseline -0.007 -14"><span class='ocrx_word' id='word_1_576' title='bbox 2195 3447 2558 3517; x_wconf 73' lang='lat' dir='ltr'><strong>tisputatione</strong></span> <span class='ocrx_word' id='word_1_577' title='bbox 2600 3445 2995 3501; x_wconf 85' lang='lat' dir='ltr'><strong>discutiendum</strong></span> <span class='ocrx_word' id='word_1_578' title='bbox 3021 3484 3035 3510; x_wconf 95' lang='lat'><strong>,</strong></span> <span class='ocrx_word' id='word_1_579' title='bbox 3085 3441 3344 3512; x_wconf 83' lang='lat' dir='ltr'><strong>quoniam</strong></span> <span class='ocrx_word' id='word_1_580' title='bbox 3389 3439 3642 3496; x_wconf 84' lang='lat' dir='ltr'><strong>omnibus</strong></span> <span class='ocrx_word' id='word_1_581' title='bbox 3686 3437 3780 3507; x_wconf 79' lang='lat' dir='ltr'><strong>qui</strong></span> 
     </span>
    </p>
   </div>
   <div class='ocr_carea' id='block_1_81' title="bbox 2194 3533 3776 3609">
    <p class='ocr_par' dir='ltr' id='par_1_81' title="bbox 2194 3533 3776 3609">
     <span class='ocr_line' id='line_1_81' title="bbox 2194 3533 3776 3609; baseline -0.007 -13"><span class='ocrx_word' id='word_1_582' title='bbox 2194 3540 2297 3596; x_wconf 89' lang='lat' dir='ltr'><strong>hoc</strong></span> <span class='ocrx_word' id='word_1_583' title='bbox 2324 3540 2408 3595; x_wconf 83' lang='lat' dir='ltr'><strong>vel</strong></span> <span class='ocrx_word' id='word_1_584' title='bbox 2444 3539 2629 3609; x_wconf 84' lang='lat' dir='ltr'><strong>legunt</strong></span> <span class='ocrx_word' id='word_1_585' title='bbox 2658 3538 2742 3593; x_wconf 89' lang='lat' dir='ltr'><strong>vel</strong></span> <span class='ocrx_word' id='word_1_586' title='bbox 2778 3538 3003 3593; x_wconf 89' lang='lat' dir='ltr'><strong>audiunt</strong></span> <span class='ocrx_word' id='word_1_587' title='bbox 3051 3535 3256 3606; x_wconf 88' lang='lat' dir='ltr'><strong>liquido</strong></span> <span class='ocrx_word' id='word_1_588' title='bbox 3291 3541 3443 3604; x_wconf 86' lang='lat' dir='ltr'><strong>patet</strong></span> <span class='ocrx_word' id='word_1_589' title='bbox 3485 3533 3639 3587; x_wconf 85' lang='lat' dir='ltr'><strong>illum</strong></span> <span class='ocrx_word' id='word_1_590' title='bbox 3670 3545 3776 3586; x_wconf 85' lang='lat' dir='ltr'><strong>non</strong></span> 
     </span>
    </p>
   </div>
   <div class='ocr_carea' id='block_1_82' title="bbox 2193 3624 3775 3705">
    <p class='ocr_par' dir='ltr' id='par_1_82' title="bbox 2193 3624 3775 3705">
     <span class='ocr_line' id='line_1_82' title="bbox 2193 3624 3775 3705; baseline -0.01 -10"><span class='ocrx_word' id='word_1_591' title='bbox 2193 3637 2390 3694; x_wconf 90' lang='lat' dir='ltr'><strong>modici</strong></span> <span class='ocrx_word' id='word_1_592' title='bbox 2425 3635 2626 3691; x_wconf 90' lang='lat' dir='ltr'><strong>erroris</strong></span> <span class='ocrx_word' id='word_1_593' title='bbox 2665 3633 3013 3705; x_wconf 86' lang='lat' dir='ltr'><strong>voraginibus</strong></span> <span class='ocrx_word' id='word_1_594' title='bbox 3051 3632 3363 3686; x_wconf 90' lang='lat' dir='ltr'><strong>immersum</strong></span> <span class='ocrx_word' id='word_1_595' title='bbox 3389 3670 3405 3693; x_wconf 96' lang='lat'><strong>,</strong></span> <span class='ocrx_word' id='word_1_596' title='bbox 3450 3628 3653 3699; x_wconf 84' lang='lat' dir='ltr'><strong>quippe</strong></span> <span class='ocrx_word' id='word_1_597' title='bbox 3688 3624 3775 3696; x_wconf 77' lang='lat' dir='ltr'><strong>qui</strong></span> 
     </span>
    </p>
   </div>
   <div class='ocr_carea' id='block_1_83' title="bbox 2196 3719 3775 3789">
    <p class='ocr_par' dir='ltr' id='par_1_83' title="bbox 2196 3719 3775 3789">
     <span class='ocr_line' id='line_1_83' title="bbox 2196 3719 3775 3789; baseline -0.01 1"><span class='ocrx_word' id='word_1_598' title='bbox 2196 3731 2475 3789; x_wconf 78' lang='lat' dir='ltr'><strong>set&#39;Vitium</strong></span> <span class='ocrx_word' id='word_1_599' title='bbox 2520 3730 2620 3787; x_wconf 91' lang='lat' dir='ltr'><strong>soli</strong></span> <span class='ocrx_word' id='word_1_600' title='bbox 2647 3729 2885 3785; x_wconf 89' lang='lat' dir='ltr'><strong>debitum</strong></span> <span class='ocrx_word' id='word_1_601' title='bbox 2910 3725 3155 3784; x_wconf 90' lang='lat' dir='ltr'><strong>Creatori</strong></span> <span class='ocrx_word' id='word_1_602' title='bbox 3190 3722 3451 3780; x_wconf 85' lang='lat' dir='ltr'><strong>exhibere</strong></span> <span class='ocrx_word' id='word_1_603' title='bbox 3479 3736 3541 3777; x_wconf 88' lang='lat' dir='ltr'><strong>se</strong></span> <span class='ocrx_word' id='word_1_604' title='bbox 3585 3719 3775 3775; x_wconf 74' lang='lat' dir='ltr'><strong>fatetur</strong></span> 
     </span>
    </p>
   </div>
   <div class='ocr_carea' id='block_1_84' title="bbox 2197 3814 3773 3892">
    <p class='ocr_par' dir='ltr' id='par_1_84' title="bbox 2197 3814 3773 3892">
     <span class='ocr_line' id='line_1_84' title="bbox 2197 3814 3773 3892; baseline -0.009 -10"><span class='ocrx_word' id='word_1_605' title='bbox 2197 3824 2460 3882; x_wconf 85' lang='lat' dir='ltr'><strong>creaturis</strong></span> <span class='ocrx_word' id='word_1_606' title='bbox 2483 3866 2498 3891; x_wconf 94' lang='lat'><strong>,</strong></span> <span class='ocrx_word' id='word_1_607' title='bbox 2533 3829 2587 3879; x_wconf 89' lang='lat' dir='ltr'><strong>et</strong></span> <span class='ocrx_word' id='word_1_608' title='bbox 2625 3822 2752 3879; x_wconf 91' lang='lat' dir='ltr'><strong>dum</strong></span> <span class='ocrx_word' id='word_1_609' title='bbox 2800 3822 2947 3892; x_wconf 90' lang='lat' dir='ltr'><strong>cupit</strong></span> <span class='ocrx_word' id='word_1_610' title='bbox 2991 3818 3171 3874; x_wconf 89' lang='lat' dir='ltr'><strong>favere</strong></span> <span class='ocrx_word' id='word_1_611' title='bbox 3212 3816 3441 3887; x_wconf 83' lang='lat' dir='ltr'><strong>picturis</strong></span> <span class='ocrx_word' id='word_1_612' title='bbox 3484 3814 3773 3871; x_wconf 85' lang='lat' dir='ltr'><strong>reluctatur</strong></span> 
     </span>
    </p>
   </div>
   <div class='ocr_carea' id='block_1_85' title="bbox 2197 3907 3780 3983">
    <p class='ocr_par' dir='ltr' id='par_1_85' title="bbox 2197 3907 3780 3983">
     <span class='ocr_line' id='line_1_85' title="bbox 2197 3907 3780 3983; baseline -0.008 -10"><span class='ocrx_word' id='word_1_613' title='bbox 2197 3916 2408 3973; x_wconf 90' lang='lat' dir='ltr'><strong>cunctis</strong></span> <span class='ocrx_word' id='word_1_614' title='bbox 2437 3916 2607 3971; x_wconf 89' lang='lat' dir='ltr'><strong>sacris</strong></span> <span class='ocrx_word' id='word_1_615' title='bbox 2632 3912 2945 3983; x_wconf 87' lang='lat' dir='ltr'><strong>Scripturis.</strong></span> <span class='ocrx_word' id='word_1_616' title='bbox 2985 3909 3115 3980; x_wconf 86' lang='lat' dir='ltr'><strong>Quis</strong></span> <span class='ocrx_word' id='word_1_617' title='bbox 3135 3923 3264 3980; x_wconf 88' lang='lat' dir='ltr'><strong>ergo</strong></span> <span class='ocrx_word' id='word_1_618' title='bbox 3288 3922 3532 3977; x_wconf 87' lang='lat' dir='ltr'><strong>unquam</strong></span> <span class='ocrx_word' id='word_1_619' title='bbox 3556 3907 3676 3962; x_wconf 84' lang='lat' dir='ltr'><strong>sani</strong></span> <span class='ocrx_word' id='word_1_620' title='bbox 3697 3919 3780 3960; x_wconf 84' lang='lat' dir='ltr'><strong>ca-</strong></span> 
     </span>
    </p>
   </div>
   <div class='ocr_carea' id='block_1_86' title="bbox 2197 3998 3779 4080">
    <p class='ocr_par' dir='ltr' id='par_1_86' title="bbox 2197 3998 3779 4080">
     <span class='ocr_line' id='line_1_86' title="bbox 2197 3998 3779 4080; baseline -0.006 -17"><span class='ocrx_word' id='word_1_621' title='bbox 2197 4009 2327 4080; x_wconf 82' lang='lat' dir='ltr'><strong>pitis</strong></span> <span class='ocrx_word' id='word_1_622' title='bbox 2356 4008 2516 4063; x_wconf 87' lang='lat' dir='ltr'><strong>talem</strong></span> <span class='ocrx_word' id='word_1_623' title='bbox 2543 4007 2930 4063; x_wconf 89' lang='lat' dir='ltr'><strong>absurditatem</strong></span> <span class='ocrx_word' id='word_1_624' title='bbox 2968 4003 3053 4060; x_wconf 89' lang='lat' dir='ltr'><strong>vel</strong></span> <span class='ocrx_word' id='word_1_625' title='bbox 3084 4002 3283 4059; x_wconf 80' lang='lat' dir='ltr'><strong>dixerit</strong></span> <span class='ocrx_word' id='word_1_626' title='bbox 3307 3998 3393 4057; x_wconf 85' lang='lat' dir='ltr'><strong>vel</strong></span> <span class='ocrx_word' id='word_1_627' title='bbox 3426 3999 3637 4056; x_wconf 84' lang='lat' dir='ltr'><strong>dicenti</strong></span> <span class='ocrx_word' id='word_1_628' title='bbox 3663 4010 3779 4054; x_wconf 75' lang='lat' dir='ltr'><strong>wn-</strong></span> 
     </span>
    </p>
   </div>
   <div class='ocr_carea' id='block_1_87' title="bbox 2202 4092 3772 4166">
    <p class='ocr_par' dir='ltr' id='par_1_87' title="bbox 2202 4092 3772 4166">
     <span class='ocr_line' id='line_1_87' title="bbox 2202 4092 3772 4166; baseline -0.008 -9"><span class='ocrx_word' id='word_1_629' title='bbox 2202 4101 2455 4166; x_wconf 84' lang='lat' dir='ltr'><strong>senserit,</strong></span> <span class='ocrx_word' id='word_1_630' title='bbox 2504 4109 2565 4155; x_wconf 92' lang='lat' dir='ltr'><strong>ut</strong></span> <span class='ocrx_word' id='word_1_631' title='bbox 2599 4100 2655 4155; x_wconf 91' lang='lat' dir='ltr'><strong>in</strong></span> <span class='ocrx_word' id='word_1_632' title='bbox 2704 4106 2853 4154; x_wconf 90' lang='lat' dir='ltr'><strong>tanto</strong></span> <span class='ocrx_word' id='word_1_633' title='bbox 2895 4098 3100 4153; x_wconf 90' lang='lat' dir='ltr'><strong>honore</strong></span> <span class='ocrx_word' id='word_1_634' title='bbox 3148 4094 3414 4150; x_wconf 87' lang='lat' dir='ltr'><strong>habeatur</strong></span> <span class='ocrx_word' id='word_1_635' title='bbox 3447 4092 3772 4163; x_wconf 77' lang='lat' dir='ltr'><strong>picturarum</strong></span> 
     </span>
    </p>
   </div>
   <div class='ocr_carea' id='block_1_88' title="bbox 2200 4188 3780 4263">
    <p class='ocr_par' dir='ltr' id='par_1_88' title="bbox 2200 4188 3780 4263">
     <span class='ocr_line' id='line_1_88' title="bbox 2200 4188 3780 4263; baseline -0.004 -14"><span class='ocrx_word' id='word_1_636' title='bbox 2200 4195 2455 4259; x_wconf 87' lang='lat' dir='ltr'><strong>varietas,</strong></span> <span class='ocrx_word' id='word_1_637' title='bbox 2480 4200 2681 4263; x_wconf 90' lang='lat' dir='ltr'><strong>quanto</strong></span> <span class='ocrx_word' id='word_1_638' title='bbox 2709 4199 2892 4248; x_wconf 83' lang='lat' dir='ltr'><strong>sancta</strong></span> <span class='ocrx_word' id='word_1_639' title='bbox 2911 4232 2925 4256; x_wconf 95' lang='lat'><strong>,</strong></span> <span class='ocrx_word' id='word_1_640' title='bbox 2954 4189 3275 4246; x_wconf 77' lang='lat' dir='ltr'><strong>vivificatrix</strong></span> <span class='ocrx_word' id='word_1_641' title='bbox 3300 4196 3354 4243; x_wconf 89' lang='lat' dir='ltr'><strong>et</strong></span> <span class='ocrx_word' id='word_1_642' title='bbox 3375 4188 3622 4243; x_wconf 87' lang='lat' dir='ltr'><strong>omnium</strong></span> <span class='ocrx_word' id='word_1_643' title='bbox 3645 4198 3780 4242; x_wconf 84' lang='lat' dir='ltr'><strong>crea-</strong></span> 
     </span>
    </p>
   </div>
   <div class='ocr_carea' id='block_1_89' title="bbox 2200 4281 3775 4357">
    <p class='ocr_par' dir='ltr' id='par_1_89' title="bbox 2200 4281 3775 4357">
     <span class='ocr_line' id='line_1_89' title="bbox 2200 4281 3775 4357; baseline -0.006 -13"><span class='ocrx_word' id='word_1_644' title='bbox 2200 4289 2309 4344; x_wconf 82' lang='lat' dir='ltr'><strong>trix</strong></span> <span class='ocrx_word' id='word_1_645' title='bbox 2339 4287 2620 4343; x_wconf 86' lang='lat' dir='ltr'><strong>Trinitas?</strong></span> <span class='ocrx_word' id='word_1_646' title='bbox 2648 4295 2703 4343; x_wconf 91' lang='lat' dir='ltr'><strong>et</strong></span> <span class='ocrx_word' id='word_1_647' title='bbox 2731 4286 2837 4343; x_wconf 88' lang='lat' dir='ltr'><strong>tale</strong></span> <span class='ocrx_word' id='word_1_648' title='bbox 2878 4286 3214 4357; x_wconf 86' lang='lat' dir='ltr'><strong>impendatur</strong></span> <span class='ocrx_word' id='word_1_649' title='bbox 3240 4282 3524 4339; x_wconf 88' lang='lat' dir='ltr'><strong>servitium</strong></span> <span class='ocrx_word' id='word_1_650' title='bbox 3546 4281 3775 4352; x_wconf 64' lang='lat' dir='ltr'><strong>pictura,</strong></span> 
     </span>
    </p>
   </div>
   <div class='ocr_carea' id='block_1_90' title="bbox 2205 4370 3779 4451">
    <p class='ocr_par' dir='ltr' id='par_1_90' title="bbox 2205 4370 3779 4451">
     <span class='ocr_line' id='line_1_90' title="bbox 2205 4370 3779 4451; baseline -0.005 -19"><span class='ocrx_word' id='word_1_651' title='bbox 2205 4379 2362 4451; x_wconf 83' lang='lat' dir='ltr'><strong>quale</strong></span> <span class='ocrx_word' id='word_1_652' title='bbox 2398 4379 2683 4434; x_wconf 79' lang='lat' dir='ltr'><strong>exhibetur</strong></span> <span class='ocrx_word' id='word_1_653' title='bbox 2730 4378 2959 4433; x_wconf 89' lang='lat' dir='ltr'><strong>Domino</strong></span> <span class='ocrx_word' id='word_1_654' title='bbox 2989 4377 3157 4431; x_wconf 87' lang='lat' dir='ltr'><strong>totius</strong></span> <span class='ocrx_word' id='word_1_655' title='bbox 3184 4382 3445 4431; x_wconf 71' lang='lat' dir='ltr'><strong>creaturae</strong></span> <span class='ocrx_word' id='word_1_656' title='bbox 3465 4372 3492 4426; x_wconf 81' lang='lat'><strong>?</strong></span> <span class='ocrx_word' id='word_1_657' title='bbox 3533 4370 3645 4426; x_wconf 77' lang='lat' dir='ltr'><strong>Aut</strong></span> <span class='ocrx_word' id='word_1_658' title='bbox 3672 4370 3779 4441; x_wconf 62' lang='grc' dir='ltr'><strong>(μὴ</strong></span> 
     </span>
    </p>
   </div>
   <div class='ocr_carea' id='block_1_91' title="bbox 516 4461 2109 4569">
    <p class='ocr_par' dir='ltr' id='par_1_91' title="bbox 516 4486 2105 4559">
     <span class='ocr_line' id='line_1_91' title="bbox 516 4486 2105 4559; baseline 0.002 -18"><span class='ocrx_word' id='word_1_659' title='bbox 516 4486 870 4543; x_wconf 77' lang='lat' dir='ltr'><strong>materiarum</strong></span> <span class='ocrx_word' id='word_1_660' title='bbox 891 4488 1126 4559; x_wconf 86' lang='lat' dir='ltr'><strong>qualitas</strong></span> <span class='ocrx_word' id='word_1_661' title='bbox 1155 4488 1318 4545; x_wconf 87' lang='lat' dir='ltr'><strong>habet</strong></span> <span class='ocrx_word' id='word_1_662' title='bbox 1345 4491 1765 4556; x_wconf 87' lang='lat' dir='ltr'><strong>venerationem,</strong></span> <span class='ocrx_word' id='word_1_663' title='bbox 1787 4507 1895 4546; x_wconf 92' lang='lat' dir='ltr'><strong>non</strong></span> <span class='ocrx_word' id='word_1_664' title='bbox 1923 4488 2105 4544; x_wconf 83' lang='lat' dir='ltr'><strong>fervor</strong></span> 
     </span>
    </p>
   </div>
   <div class='ocr_carea' id='block_1_92' title="bbox 2204 4461 3779 4569">
    <p class='ocr_par' dir='ltr' id='par_1_92' title="bbox 2207 4461 3779 4539">
     <span class='ocr_line' id='line_1_92' title="bbox 2207 4461 3779 4539; baseline -0.006 -13"><span class='ocrx_word' id='word_1_665' title='bbox 2207 4472 2357 4527; x_wconf 90' lang='lat' dir='ltr'><strong>illum</strong></span> <span class='ocrx_word' id='word_1_666' title='bbox 2372 4469 2497 4525; x_wconf 85' lang='lat' dir='ltr'><strong>talia</strong></span> <span class='ocrx_word' id='word_1_667' title='bbox 2511 4477 2862 4525; x_wconf 89' lang='lat' dir='ltr'><strong>nauseantem</strong></span> <span class='ocrx_word' id='word_1_668' title='bbox 2887 4469 3066 4539; x_wconf 89' lang='lat' dir='ltr'><strong>potius</strong></span> <span class='ocrx_word' id='word_1_669' title='bbox 3082 4482 3241 4537; x_wconf 89' lang='lat' dir='ltr'><strong>quam</strong></span> <span class='ocrx_word' id='word_1_670' title='bbox 3263 4466 3581 4535; x_wconf 88' lang='lat' dir='ltr'><strong>loquentem</strong></span> <span class='ocrx_word' id='word_1_671' title='bbox 3607 4461 3779 4517; x_wconf 81' lang='lat' dir='ltr'><strong>audire</strong></span> 
     </span>
    </p>
   </div>
   <div class='ocr_carea' id='block_1_93' title="bbox 514 4582 2103 4656">
    <p class='ocr_par' dir='ltr' id='par_1_93' title="bbox 514 4582 2103 4656">
     <span class='ocr_line' id='line_1_93' title="bbox 514 4582 2103 4656; baseline -0.001 -14"><span class='ocrx_word' id='word_1_672' title='bbox 514 4582 853 4653; x_wconf 77' lang='lat' dir='ltr'><strong>devotionis;</strong></span> <span class='ocrx_word' id='word_1_673' title='bbox 899 4587 946 4643; x_wconf 90' lang='lat' dir='ltr'><strong>si</strong></span> <span class='ocrx_word' id='word_1_674' title='bbox 990 4601 1122 4643; x_wconf 86' lang='lat' dir='ltr'><strong>vero</strong></span> <span class='ocrx_word' id='word_1_675' title='bbox 1148 4587 1367 4644; x_wconf 89' lang='lat' dir='ltr'><strong>viliores</strong></span> <span class='ocrx_word' id='word_1_676' title='bbox 1392 4601 1471 4643; x_wconf 77' lang='lat' dir='ltr'><strong>ea:</strong></span> <span class='ocrx_word' id='word_1_677' title='bbox 1511 4603 1631 4656; x_wconf 80' lang='lat' dir='ltr'><strong>qua:</strong></span> <span class='ocrx_word' id='word_1_678' title='bbox 1673 4588 1853 4642; x_wconf 90' lang='lat' dir='ltr'><strong>minus</strong></span> <span class='ocrx_word' id='word_1_679' title='bbox 1896 4585 2103 4643; x_wconf 89' lang='lat' dir='ltr'><strong>similes</strong></span> 
     </span>
    </p>
   </div>
   <div class='ocr_carea' id='block_1_94' title="bbox 516 4677 2101 4753">
    <p class='ocr_par' dir='ltr' id='par_1_94' title="bbox 516 4677 2101 4753">
     <span class='ocr_line' id='line_1_94' title="bbox 516 4677 2101 4753; baseline 0.001 -20"><span class='ocrx_word' id='word_1_680' title='bbox 516 4684 650 4733; x_wconf 72' lang='lat' dir='ltr'><strong>sunt</strong></span> <span class='ocrx_word' id='word_1_681' title='bbox 690 4678 904 4735; x_wconf 87' lang='lat' dir='ltr'><strong>illorum</strong></span> <span class='ocrx_word' id='word_1_682' title='bbox 932 4682 1129 4751; x_wconf 86' lang='lat' dir='ltr'><strong>quibus</strong></span> <span class='ocrx_word' id='word_1_683' title='bbox 1171 4680 1344 4753; x_wconf 86' lang='lat' dir='ltr'><strong>aptari</strong></span> <span class='ocrx_word' id='word_1_684' title='bbox 1390 4687 1667 4750; x_wconf 89' lang='lat' dir='ltr'><strong>parantur,</strong></span> <span class='ocrx_word' id='word_1_685' title='bbox 1712 4677 1970 4749; x_wconf 76' lang='lat' dir='ltr'><strong>injustam</strong></span> <span class='ocrx_word' id='word_1_686' title='bbox 1997 4685 2101 4744; x_wconf 92' lang='lat' dir='ltr'><strong>est,</strong></span> 
     </span>
    </p>
   </div>
   <div class='ocr_carea' id='block_1_95' title="bbox 522 4769 2105 4843">
    <p class='ocr_par' dir='ltr' id='par_1_95' title="bbox 522 4769 2105 4843">
     <span class='ocr_line' id='line_1_95' title="bbox 522 4769 2105 4843; baseline -0.001 -18"><span class='ocrx_word' id='word_1_687' title='bbox 522 4783 646 4825; x_wconf 88' lang='lat' dir='ltr'><strong>cum</strong></span> <span class='ocrx_word' id='word_1_688' title='bbox 684 4770 768 4826; x_wconf 62' lang='lat' dir='ltr'><strong>hu:</strong></span> <span class='ocrx_word' id='word_1_689' title='bbox 788 4786 909 4842; x_wconf 69' lang='lat' dir='ltr'><strong>qua:</strong></span> <span class='ocrx_word' id='word_1_690' title='bbox 929 4787 1031 4828; x_wconf 89' lang='lat' dir='ltr'><strong>nec</strong></span> <span class='ocrx_word' id='word_1_691' title='bbox 1060 4787 1225 4843; x_wconf 85' lang='lat' dir='ltr'><strong>opere</strong></span> <span class='ocrx_word' id='word_1_692' title='bbox 1261 4787 1361 4828; x_wconf 87' lang='lat' dir='ltr'><strong>nec</strong></span> <span class='ocrx_word' id='word_1_693' title='bbox 1385 4771 1613 4826; x_wconf 89' lang='lat' dir='ltr'><strong>materia</strong></span> <span class='ocrx_word' id='word_1_694' title='bbox 1641 4769 1976 4840; x_wconf 65' lang='lat' dir='ltr'><strong>praecellunt,</strong></span> <span class='ocrx_word' id='word_1_695' title='bbox 2003 4782 2105 4824; x_wconf 88' lang='lat' dir='ltr'><strong>nec</strong></span> 
     </span>
    </p>
   </div>
   <div class='ocr_carea' id='block_1_96' title="bbox 514 4861 2107 4933">
    <p class='ocr_par' dir='ltr' id='par_1_96' title="bbox 514 4861 2107 4933">
     <span class='ocr_line' id='line_1_96' title="bbox 514 4861 2107 4933; baseline 0 -15"><span class='ocrx_word' id='word_1_696' title='bbox 514 4864 767 4933; x_wconf 87' lang='lat' dir='ltr'><strong>personis</strong></span> <span class='ocrx_word' id='word_1_697' title='bbox 787 4864 992 4920; x_wconf 89' lang='lat' dir='ltr'><strong>similes</strong></span> <span class='ocrx_word' id='word_1_698' title='bbox 1017 4879 1139 4921; x_wconf 86' lang='lat' dir='ltr'><strong>esse</strong></span> <span class='ocrx_word' id='word_1_699' title='bbox 1160 4872 1477 4929; x_wconf 82' lang='lat' dir='ltr'><strong>noscuntur,</strong></span> <span class='ocrx_word' id='word_1_700' title='bbox 1518 4863 1731 4918; x_wconf 90' lang='lat' dir='ltr'><strong>auctius</strong></span> <span class='ocrx_word' id='word_1_701' title='bbox 1757 4861 2107 4932; x_wconf 89' lang='lat' dir='ltr'><strong>propensius-</strong></span> 
     </span>
    </p>
   </div>
   <div class='ocr_carea' id='block_1_97' title="bbox 524 4952 2107 5024">
    <p class='ocr_par' dir='ltr' id='par_1_97' title="bbox 524 4952 2107 5024">
     <span class='ocr_line' id='line_1_97' title="bbox 524 4952 2107 5024; baseline 0.002 -17"><span class='ocrx_word' id='word_1_702' title='bbox 524 4968 629 5024; x_wconf 93' lang='lat' dir='ltr'><strong>que</strong></span> <span class='ocrx_word' id='word_1_703' title='bbox 675 4965 1022 5009; x_wconf 90' lang='lat' dir='ltr'><strong>venerantur.</strong></span> <span class='ocrx_word' id='word_1_704' title='bbox 1054 4954 1193 5008; x_wconf 82' lang='lat' dir='ltr'><strong>Nam</strong></span> <span class='ocrx_word' id='word_1_705' title='bbox 1225 4954 1351 5009; x_wconf 92' lang='lat' dir='ltr'><strong>dum</strong></span> <span class='ocrx_word' id='word_1_706' title='bbox 1394 4969 1492 5009; x_wconf 91' lang='lat' dir='ltr'><strong>nos</strong></span> <span class='ocrx_word' id='word_1_707' title='bbox 1522 4953 1656 5009; x_wconf 86' lang='lat' dir='ltr'><strong>nihil</strong></span> <span class='ocrx_word' id='word_1_708' title='bbox 1684 4953 1739 5008; x_wconf 90' lang='lat' dir='ltr'><strong>in</strong></span> <span class='ocrx_word' id='word_1_709' title='bbox 1780 4952 2107 5024; x_wconf 79' lang='lat' dir='ltr'><strong>imaginibus</strong></span> 
     </span>
    </p>
   </div>
   <div class='ocr_carea' id='block_1_98' title="bbox 512 5044 2109 5116">
    <p class='ocr_par' dir='ltr' id='par_1_98' title="bbox 512 5044 2109 5116">
     <span class='ocr_line' id='line_1_98' title="bbox 512 5044 2109 5116; baseline -0.001 -17"><span class='ocrx_word' id='word_1_710' title='bbox 512 5058 842 5114; x_wconf 74' lang='lat' dir='ltr'><strong>spernamus</strong></span> <span class='ocrx_word' id='word_1_711' title='bbox 872 5053 1074 5115; x_wconf 68' lang='lat' dir='ltr'><strong>prater</strong></span> <span class='ocrx_word' id='word_1_712' title='bbox 1094 5045 1484 5111; x_wconf 76' lang='lat' dir='ltr'><strong>adorationem,</strong></span> <span class='ocrx_word' id='word_1_713' title='bbox 1520 5046 1718 5116; x_wconf 88' lang='lat' dir='ltr'><strong>quippe</strong></span> <span class='ocrx_word' id='word_1_714' title='bbox 1738 5045 1831 5114; x_wconf 91' lang='lat' dir='ltr'><strong>qui</strong></span> <span class='ocrx_word' id='word_1_715' title='bbox 1873 5044 1929 5100; x_wconf 93' lang='lat' dir='ltr'><strong>in</strong></span> <span class='ocrx_word' id='word_1_716' title='bbox 1960 5044 2109 5100; x_wconf 81' lang='lat' dir='ltr'><strong>basi-</strong></span> 
     </span>
    </p>
   </div>
   <div class='ocr_carea' id='block_1_99' title="bbox 512 5134 2108 5208">
    <p class='ocr_par' dir='ltr' id='par_1_99' title="bbox 512 5134 2108 5208">
     <span class='ocr_line' id='line_1_99' title="bbox 512 5134 2108 5208; baseline 0.001 -18"><span class='ocrx_word' id='word_1_717' title='bbox 512 5136 647 5191; x_wconf 55' lang='lat' dir='ltr'><strong>flicis</strong></span> <span class='ocrx_word' id='word_1_718' title='bbox 684 5145 994 5193; x_wconf 86' lang='lat' dir='ltr'><strong>sanctorum</strong></span> <span class='ocrx_word' id='word_1_719' title='bbox 1033 5137 1300 5208; x_wconf 88' lang='lat' dir='ltr'><strong>imagines</strong></span> <span class='ocrx_word' id='word_1_720' title='bbox 1347 5153 1456 5194; x_wconf 92' lang='lat' dir='ltr'><strong>non</strong></span> <span class='ocrx_word' id='word_1_721' title='bbox 1499 5138 1568 5194; x_wconf 88' lang='lat' dir='ltr'><strong>ad</strong></span> <span class='ocrx_word' id='word_1_722' title='bbox 1609 5136 1966 5201; x_wconf 84' lang='lat' dir='ltr'><strong>adorandum,</strong></span> <span class='ocrx_word' id='word_1_723' title='bbox 2012 5134 2108 5192; x_wconf 90' lang='lat' dir='ltr'><strong>sed</strong></span> 
     </span>
    </p>
   </div>
   <div class='ocr_carea' id='block_1_100' title="bbox 526 5229 2136 5321">
    <p class='ocr_par' dir='ltr' id='par_1_100' title="bbox 526 5229 2136 5321">
     <span class='ocr_line' id='line_1_100' title="bbox 526 5229 2136 5321; baseline 0 -38"><span class='ocrx_word' id='word_1_724' title='bbox 526 5229 596 5283; x_wconf 83' lang='lat' dir='ltr'><strong>ad</strong></span> <span class='ocrx_word' id='word_1_725' title='bbox 635 5230 955 5285; x_wconf 86' lang='lat' dir='ltr'><strong>memoriam</strong></span> <span class='ocrx_word' id='word_1_726' title='bbox 1004 5240 1189 5286; x_wconf 86' lang='lat' dir='ltr'><strong>rerum</strong></span> <span class='ocrx_word' id='word_1_727' title='bbox 1226 5240 1498 5304; x_wconf 84' lang='lat' dir='ltr'><strong>gestarum</strong></span> <span class='ocrx_word' id='word_1_728' title='bbox 1539 5237 1595 5291; x_wconf 86' lang='lat' dir='ltr'><strong>et</strong></span> <span class='ocrx_word' id='word_1_729' title='bbox 1634 5235 1973 5284; x_wconf 87' lang='lat' dir='ltr'><strong>venustatem</strong></span> <span class='ocrx_word' id='word_1_730' title='bbox 2014 5242 2109 5297; x_wconf 88' lang='lat' dir='ltr'><strong>pa-</strong></span> <span class='ocrx_word' id='word_1_731' title='bbox 2127 5282 2136 5321; x_wconf 46' lang='grc' dir='ltr'><strong>ι</strong></span> 
     </span>
    </p>
   </div>
   <div class='ocr_carea' id='block_1_101' title="bbox 506 5319 2108 5393">
    <p class='ocr_par' dir='ltr' id='par_1_101' title="bbox 506 5319 2108 5393">
     <span class='ocr_line' id='line_1_101' title="bbox 506 5319 2108 5393; baseline 0.002 -20"><span class='ocrx_word' id='word_1_732' title='bbox 506 5319 940 5377; x_wconf 61' lang='lat' dir='ltr'><strong>«rictum-habere</strong></span> <span class='ocrx_word' id='word_1_733' title='bbox 960 5323 1344 5392; x_wconf 84' lang='lat' dir='ltr'><strong>permittimus,</strong></span> <span class='ocrx_word' id='word_1_734' title='bbox 1370 5323 1443 5379; x_wconf 93' lang='lat' dir='ltr'><strong>illi</strong></span> <span class='ocrx_word' id='word_1_735' title='bbox 1464 5337 1593 5377; x_wconf 85' lang='lat' dir='ltr'><strong>vero</strong></span> <span class='ocrx_word' id='word_1_736' title='bbox 1601 5336 1740 5393; x_wconf 87' lang='lat' dir='ltr'><strong>pene</strong></span> <span class='ocrx_word' id='word_1_737' title='bbox 1759 5336 1975 5377; x_wconf 90' lang='lat' dir='ltr'><strong>omnem</strong></span> <span class='ocrx_word' id='word_1_738' title='bbox 1995 5334 2108 5376; x_wconf 70' lang='lat' dir='ltr'><strong>suae</strong></span> 
     </span>
    </p>
   </div>
   <div class='ocr_carea' id='block_1_102' title="bbox 527 5408 2110 5485">
    <p class='ocr_par' dir='ltr' id='par_1_102' title="bbox 527 5408 2110 5485">
     <span class='ocr_line' id='line_1_102' title="bbox 527 5408 2110 5485; baseline -0.001 -18"><span class='ocrx_word' id='word_1_739' title='bbox 527 5408 864 5467; x_wconf 77' lang='lat' dir='ltr'><strong>credulitatis</strong></span> <span class='ocrx_word' id='word_1_740' title='bbox 884 5428 1034 5483; x_wconf 91' lang='lat' dir='ltr'><strong>spem</strong></span> <span class='ocrx_word' id='word_1_741' title='bbox 1069 5414 1126 5468; x_wconf 90' lang='lat' dir='ltr'><strong>in</strong></span> <span class='ocrx_word' id='word_1_742' title='bbox 1162 5413 1484 5485; x_wconf 89' lang='lat' dir='ltr'><strong>imaginibus</strong></span> <span class='ocrx_word' id='word_1_743' title='bbox 1511 5413 1802 5478; x_wconf 89' lang='lat' dir='ltr'><strong>collocent,</strong></span> <span class='ocrx_word' id='word_1_744' title='bbox 1834 5418 2005 5467; x_wconf 89' lang='lat' dir='ltr'><strong>restat</strong></span> <span class='ocrx_word' id='word_1_745' title='bbox 2050 5416 2110 5465; x_wconf 90' lang='lat' dir='ltr'><strong>ut</strong></span> 
     </span>
    </p>
   </div>
   <div class='ocr_carea' id='block_1_103' title="bbox 525 5502 2108 5576">
    <p class='ocr_par' dir='ltr' id='par_1_103' title="bbox 525 5502 2108 5576">
     <span class='ocr_line' id='line_1_103' title="bbox 525 5502 2108 5576; baseline 0.002 -19"><span class='ocrx_word' id='word_1_746' title='bbox 525 5514 628 5557; x_wconf 86' lang='lat' dir='ltr'><strong>nos</strong></span> <span class='ocrx_word' id='word_1_747' title='bbox 647 5511 863 5559; x_wconf 87' lang='lat' dir='ltr'><strong>sanctos</strong></span> <span class='ocrx_word' id='word_1_748' title='bbox 895 5505 951 5559; x_wconf 90' lang='lat' dir='ltr'><strong>in</strong></span> <span class='ocrx_word' id='word_1_749' title='bbox 981 5520 1171 5561; x_wconf 91' lang='lat' dir='ltr'><strong>eorum</strong></span> <span class='ocrx_word' id='word_1_750' title='bbox 1199 5506 1516 5575; x_wconf 89' lang='lat' dir='ltr'><strong>corporibus</strong></span> <span class='ocrx_word' id='word_1_751' title='bbox 1545 5505 1630 5561; x_wconf 85' lang='lat' dir='ltr'><strong>vel</strong></span> <span class='ocrx_word' id='word_1_752' title='bbox 1655 5505 1835 5576; x_wconf 89' lang='lat' dir='ltr'><strong>potius</strong></span> <span class='ocrx_word' id='word_1_753' title='bbox 1862 5502 2108 5573; x_wconf 90' lang='lat' dir='ltr'><strong>reliquiis</strong></span> 
     </span>
    </p>
   </div>
   <div class='ocr_carea' id='block_1_104' title="bbox 504 5595 2108 5667">
    <p class='ocr_par' dir='ltr' id='par_1_104' title="bbox 504 5595 2108 5667">
     <span class='ocr_line' id='line_1_104' title="bbox 504 5595 2108 5667; baseline -0.001 -14"><span class='ocrx_word' id='word_1_754' title='bbox 504 5608 836 5665; x_wconf 75' lang='lat' dir='ltr'><strong>corporum,</strong></span> <span class='ocrx_word' id='word_1_755' title='bbox 881 5610 978 5653; x_wconf 83' lang='lat' dir='ltr'><strong>seu</strong></span> <span class='ocrx_word' id='word_1_756' title='bbox 1004 5599 1171 5654; x_wconf 90' lang='lat' dir='ltr'><strong>etiam</strong></span> <span class='ocrx_word' id='word_1_757' title='bbox 1206 5600 1543 5656; x_wconf 88' lang='lat' dir='ltr'><strong>vestimentis</strong></span> <span class='ocrx_word' id='word_1_758' title='bbox 1571 5614 1907 5664; x_wconf 88' lang='lat' dir='ltr'><strong>veneremur,</strong></span> <span class='ocrx_word' id='word_1_759' title='bbox 1949 5595 2108 5667; x_wconf 87' lang='lat' dir='ltr'><strong>juxta</strong></span> 
     </span>
    </p>
   </div>
   <div class='ocr_carea' id='block_1_105' title="bbox 508 5688 2107 5761">
    <p class='ocr_par' dir='ltr' id='par_1_105' title="bbox 508 5688 2107 5761">
     <span class='ocr_line' id='line_1_105' title="bbox 508 5688 2107 5761; baseline 0.002 -19"><span class='ocrx_word' id='word_1_760' title='bbox 508 5688 882 5759; x_wconf 75' lang='lat' dir='ltr'><strong>.ntiquorum</strong></span> <span class='ocrx_word' id='word_1_761' title='bbox 916 5690 1137 5747; x_wconf 84' lang='lat' dir='ltr'><strong>Patrum</strong></span> <span class='ocrx_word' id='word_1_762' title='bbox 1167 5691 1508 5747; x_wconf 85' lang='lat' dir='ltr'><strong>traditionem</strong></span> <span class='ocrx_word' id='word_1_763' title='bbox 1535 5708 1549 5745; x_wconf 90' lang='lat'><strong>:</strong></span> <span class='ocrx_word' id='word_1_764' title='bbox 1591 5690 1670 5745; x_wconf 91' lang='lat' dir='ltr'><strong>illi</strong></span> <span class='ocrx_word' id='word_1_765' title='bbox 1714 5704 1845 5746; x_wconf 89' lang='lat' dir='ltr'><strong>vero</strong></span> <span class='ocrx_word' id='word_1_766' title='bbox 1875 5690 2107 5761; x_wconf 85' lang='lat' dir='ltr'><strong>parietes</strong></span> 
     </span>
    </p>
   </div>
   <div class='ocr_carea' id='block_1_106' title="bbox 530 5780 2108 5859">
    <p class='ocr_par' dir='ltr' id='par_1_106' title="bbox 530 5780 2108 5859">
     <span class='ocr_line' id='line_1_106' title="bbox 530 5780 2108 5859; baseline -0.002 -17"><span class='ocrx_word' id='word_1_767' title='bbox 530 5787 586 5843; x_wconf 80' lang='lat' dir='ltr'><strong>et</strong></span> <span class='ocrx_word' id='word_1_768' title='bbox 627 5780 840 5844; x_wconf 82' lang='lat' dir='ltr'><strong>tabulas</strong></span> <span class='ocrx_word' id='word_1_769' title='bbox 884 5783 1173 5843; x_wconf 81' lang='lat' dir='ltr'><strong>adorantes</strong></span> <span class='ocrx_word' id='word_1_770' title='bbox 1204 5783 1264 5843; x_wconf 88' lang='lat' dir='ltr'><strong>in</strong></span> <span class='ocrx_word' id='word_1_771' title='bbox 1306 5798 1373 5846; x_wconf 81' lang='lat' dir='ltr'><strong>eo</strong></span> <span class='ocrx_word' id='word_1_772' title='bbox 1408 5797 1471 5844; x_wconf 79' lang='lat' dir='ltr'><strong>se</strong></span> <span class='ocrx_word' id='word_1_773' title='bbox 1493 5781 1824 5843; x_wconf 80' lang='lat' dir='ltr'><strong>arbitrentur</strong></span> <span class='ocrx_word' id='word_1_774' title='bbox 1850 5796 2108 5859; x_wconf 76' lang='lat' dir='ltr'><strong>magnum</strong></span> 
     </span>
    </p>
   </div>
   <div class='ocr_carea' id='block_1_107' title="bbox 2203 4556 3774 4635">
    <p class='ocr_par' dir='ltr' id='par_1_107' title="bbox 2203 4556 3774 4635">
     <span class='ocr_line' id='line_1_107' title="bbox 2203 4556 3774 4635; baseline -0.006 -18"><span class='ocrx_word' id='word_1_775' title='bbox 2203 4563 2522 4635; x_wconf 86' lang='lat' dir='ltr'><strong>pateretur?</strong></span> <span class='ocrx_word' id='word_1_776' title='bbox 2553 4560 2659 4617; x_wconf 77' lang='lat' dir='ltr'><strong>Aut</strong></span> <span class='ocrx_word' id='word_1_777' title='bbox 2689 4577 2807 4633; x_wconf 70' lang='lat' dir='ltr'><strong>qua:</strong></span> <span class='ocrx_word' id='word_1_778' title='bbox 2836 4575 2995 4616; x_wconf 91' lang='lat' dir='ltr'><strong>aures</strong></span> <span class='ocrx_word' id='word_1_779' title='bbox 3020 4556 3433 4615; x_wconf 73' lang='lat' dir='ltr'><strong>tanti-facinoris</strong></span> <span class='ocrx_word' id='word_1_780' title='bbox 3458 4569 3663 4613; x_wconf 80' lang='lat' dir='ltr'><strong>noxam</strong></span> <span class='ocrx_word' id='word_1_781' title='bbox 3686 4564 3774 4608; x_wconf 69' lang='lat' dir='ltr'><strong>nm</strong></span> 
     </span>
    </p>
   </div>
   <div class='ocr_carea' id='block_1_108' title="bbox 2205 4647 3773 4726">
    <p class='ocr_par' dir='ltr' id='par_1_108' title="bbox 2205 4647 3773 4726">
     <span class='ocr_line' id='line_1_108' title="bbox 2205 4647 3773 4726; baseline -0.005 -15"><span class='ocrx_word' id='word_1_782' title='bbox 2205 4656 2455 4712; x_wconf 89' lang='lat' dir='ltr'><strong>abdicare</strong></span> <span class='ocrx_word' id='word_1_783' title='bbox 2500 4648 2679 4726; x_wconf 84' lang='lat' dir='ltr'><strong>potius</strong></span> <span class='ocrx_word' id='word_1_784' title='bbox 2721 4668 2884 4726; x_wconf 87' lang='lat' dir='ltr'><strong>quam</strong></span> <span class='ocrx_word' id='word_1_785' title='bbox 2932 4653 3208 4724; x_wconf 89' lang='lat' dir='ltr'><strong>percipere</strong></span> <span class='ocrx_word' id='word_1_786' title='bbox 3249 4650 3601 4707; x_wconf 79' lang='lat' dir='ltr'><strong>niterentur?</strong></span> <span class='ocrx_word' id='word_1_787' title='bbox 3645 4647 3773 4714; x_wconf 79' lang='lat' dir='ltr'><strong>Quo-</strong></span> 
     </span>
    </p>
   </div>
   <div class='ocr_carea' id='block_1_109' title="bbox 2204 4742 3776 4819">
    <p class='ocr_par' dir='ltr' id='par_1_109' title="bbox 2204 4742 3776 4819">
     <span class='ocr_line' id='line_1_109' title="bbox 2204 4742 3776 4819; baseline -0.005 -15"><span class='ocrx_word' id='word_1_788' title='bbox 2204 4748 2352 4805; x_wconf 88' lang='lat' dir='ltr'><strong>niam</strong></span> <span class='ocrx_word' id='word_1_789' title='bbox 2399 4747 2616 4819; x_wconf 86' lang='lat' dir='ltr'><strong>quidem</strong></span> <span class='ocrx_word' id='word_1_790' title='bbox 2664 4762 2979 4819; x_wconf 89' lang='lat' dir='ltr'><strong>perversum</strong></span> <span class='ocrx_word' id='word_1_791' title='bbox 3017 4754 3101 4802; x_wconf 88' lang='lat' dir='ltr'><strong>est</strong></span> <span class='ocrx_word' id='word_1_792' title='bbox 3149 4752 3211 4802; x_wconf 91' lang='lat' dir='ltr'><strong>ut</strong></span> <span class='ocrx_word' id='word_1_793' title='bbox 3251 4742 3590 4816; x_wconf 86' lang='lat' dir='ltr'><strong>quibuslibet</strong></span> <span class='ocrx_word' id='word_1_794' title='bbox 3634 4742 3776 4796; x_wconf 77' lang='lat' dir='ltr'><strong>rebus</strong></span> 
     </span>
    </p>
   </div>
   <div class='ocr_carea' id='block_1_110' title="bbox 2202 4832 3773 4913">
    <p class='ocr_par' dir='ltr' id='par_1_110' title="bbox 2202 4832 3773 4913">
     <span class='ocr_line' id='line_1_110' title="bbox 2202 4832 3773 4913; baseline -0.005 -15"><span class='ocrx_word' id='word_1_795' title='bbox 2202 4842 2496 4899; x_wconf 85' lang='lat' dir='ltr'><strong>insensatis</strong></span> <span class='ocrx_word' id='word_1_796' title='bbox 2552 4841 2657 4897; x_wconf 88' lang='lat' dir='ltr'><strong>tale</strong></span> <span class='ocrx_word' id='word_1_797' title='bbox 2712 4841 3058 4913; x_wconf 89' lang='lat' dir='ltr'><strong>impendatur</strong></span> <span class='ocrx_word' id='word_1_798' title='bbox 3108 4837 3390 4895; x_wconf 90' lang='lat' dir='ltr'><strong>servitium</strong></span> <span class='ocrx_word' id='word_1_799' title='bbox 3440 4832 3773 4893; x_wconf 73' lang='lat' dir='ltr'><strong>adoth</strong></span> 
     </span>
    </p>
   </div>
   <div class='ocr_carea' id='block_1_111' title="bbox 2206 4927 3776 5008">
    <p class='ocr_par' dir='ltr' id='par_1_111' title="bbox 2206 4927 3776 5008">
     <span class='ocr_line' id='line_1_111' title="bbox 2206 4927 3776 5008; baseline -0.005 -19"><span class='ocrx_word' id='word_1_800' title='bbox 2206 4932 2363 5008; x_wconf 90' lang='lat' dir='ltr'><strong>quale</strong></span> <span class='ocrx_word' id='word_1_801' title='bbox 2391 4934 2503 4993; x_wconf 91' lang='lat' dir='ltr'><strong>Deo</strong></span> <span class='ocrx_word' id='word_1_802' title='bbox 2530 4933 2882 5005; x_wconf 89' lang='lat' dir='ltr'><strong>omnipotenti</strong></span> <span class='ocrx_word' id='word_1_803' title='bbox 2914 4932 3002 4988; x_wconf 91' lang='lat' dir='ltr'><strong>cui</strong></span> <span class='ocrx_word' id='word_1_804' title='bbox 3027 4946 3136 4988; x_wconf 90' lang='lat' dir='ltr'><strong>non</strong></span> <span class='ocrx_word' id='word_1_805' title='bbox 3163 4937 3246 4986; x_wconf 87' lang='lat' dir='ltr'><strong>est</strong></span> <span class='ocrx_word' id='word_1_806' title='bbox 3290 4927 3489 4985; x_wconf 89' lang='lat' dir='ltr'><strong>similis</strong></span> <span class='ocrx_word' id='word_1_807' title='bbox 3514 4969 3532 4995; x_wconf 96' lang='lat'><strong>,</strong></span> <span class='ocrx_word' id='word_1_808' title='bbox 3572 4927 3661 4984; x_wconf 89' lang='lat' dir='ltr'><strong>cui</strong></span> <span class='ocrx_word' id='word_1_809' title='bbox 3700 4932 3776 4996; x_wconf 76' lang='lat' dir='ltr'><strong>per</strong></span> 
     </span>
    </p>
   </div>
   <div class='ocr_carea' id='block_1_112' title="bbox 2206 5016 3779 5094">
    <p class='ocr_par' dir='ltr' id='par_1_112' title="bbox 2206 5016 3779 5094">
     <span class='ocr_line' id='line_1_112' title="bbox 2206 5016 3779 5094; baseline -0.008 -10"><span class='ocrx_word' id='word_1_810' title='bbox 2206 5026 2549 5085; x_wconf 89' lang='lat' dir='ltr'><strong>Salomonem</strong></span> <span class='ocrx_word' id='word_1_811' title='bbox 2583 5027 2781 5084; x_wconf 89' lang='lat' dir='ltr'><strong>dicitur</strong></span> <span class='ocrx_word' id='word_1_812' title='bbox 2804 5067 2820 5094; x_wconf 94' lang='lat'><strong>,</strong></span> <span class='ocrx_word' id='word_1_813' title='bbox 2857 5024 3099 5091; x_wconf 69' lang='lat' dir='ltr'><strong>nomine,</strong></span> <span class='ocrx_word' id='word_1_814' title='bbox 3128 5040 3233 5078; x_wconf 82' lang='lat' dir='ltr'><strong>non</strong></span> <span class='ocrx_word' id='word_1_815' title='bbox 3273 5030 3349 5077; x_wconf 88' lang='lat' dir='ltr'><strong>est</strong></span> <span class='ocrx_word' id='word_1_816' title='bbox 3393 5020 3491 5076; x_wconf 85' lang='lat' dir='ltr'><strong>tibi</strong></span> <span class='ocrx_word' id='word_1_817' title='bbox 3530 5016 3779 5076; x_wconf 70' lang='lat' dir='ltr'><strong>similist!</strong></span> 
     </span>
    </p>
   </div>
   <div class='ocr_carea' id='block_1_113' title="bbox 2207 5106 3777 5188">
    <p class='ocr_par' dir='ltr' id='par_1_113' title="bbox 2207 5106 3777 5188">
     <span class='ocr_line' id='line_1_113' title="bbox 2207 5106 3777 5188; baseline -0.007 -12"><span class='ocrx_word' id='word_1_818' title='bbox 2207 5119 2332 5176; x_wconf 72' lang='lat' dir='ltr'><strong>caelo</strong></span> <span class='ocrx_word' id='word_1_819' title='bbox 2376 5138 2583 5175; x_wconf 88' lang='lat' dir='ltr'><strong>sursum</strong></span> <span class='ocrx_word' id='word_1_820' title='bbox 2614 5137 2706 5175; x_wconf 84' lang='lat' dir='ltr'><strong>nec</strong></span> <span class='ocrx_word' id='word_1_821' title='bbox 2741 5118 2797 5173; x_wconf 84' lang='lat' dir='ltr'><strong>in</strong></span> <span class='ocrx_word' id='word_1_822' title='bbox 2842 5126 2981 5173; x_wconf 90' lang='lat' dir='ltr'><strong>terra</strong></span> <span class='ocrx_word' id='word_1_823' title='bbox 3021 5116 3264 5171; x_wconf 83' lang='lat' dir='ltr'><strong>deorsum</strong></span> <span class='ocrx_word' id='word_1_824' title='bbox 3330 5112 3424 5188; x_wconf 85' lang='lat' dir='ltr'><strong>(Il</strong></span> <span class='ocrx_word' id='word_1_825' title='bbox 3453 5111 3648 5168; x_wconf 68' lang='lat' dir='ltr'><strong>Par-al.</strong></span> <span class='ocrx_word' id='word_1_826' title='bbox 3694 5106 3777 5180; x_wconf 59' lang='lat' dir='ltr'><strong>vt}.</strong></span> 
     </span>
    </p>
   </div>
   <div class='ocr_carea' id='block_1_114' title="bbox 2207 5202 3781 5284">
    <p class='ocr_par' dir='ltr' id='par_1_114' title="bbox 2207 5202 3781 5284">
     <span class='ocr_line' id='line_1_114' title="bbox 2207 5202 3781 5284; baseline -0.008 -15"><span class='ocrx_word' id='word_1_827' title='bbox 2207 5211 2341 5270; x_wconf 91' lang='lat' dir='ltr'><strong>Cum</strong></span> <span class='ocrx_word' id='word_1_828' title='bbox 2372 5229 2476 5283; x_wconf 91' lang='lat' dir='ltr'><strong>qua</strong></span> <span class='ocrx_word' id='word_1_829' title='bbox 2512 5228 2641 5284; x_wconf 87' lang='lat' dir='ltr'><strong>ergo</strong></span> <span class='ocrx_word' id='word_1_830' title='bbox 2685 5206 2883 5277; x_wconf 92' lang='lat' dir='ltr'><strong>fronte,</strong></span> <span class='ocrx_word' id='word_1_831' title='bbox 2924 5216 2987 5263; x_wconf 92' lang='lat' dir='ltr'><strong>ut</strong></span> <span class='ocrx_word' id='word_1_832' title='bbox 3033 5208 3098 5263; x_wconf 89' lang='lat' dir='ltr'><strong>de</strong></span> <span class='ocrx_word' id='word_1_833' title='bbox 3141 5205 3355 5263; x_wconf 60' lang='lat' dir='ltr'><strong>caeteris</strong></span> <span class='ocrx_word' id='word_1_834' title='bbox 3401 5215 3659 5269; x_wconf 84' lang='lat' dir='ltr'><strong>taceam,</strong></span> <span class='ocrx_word' id='word_1_835' title='bbox 3695 5202 3781 5256; x_wconf 75' lang='lat' dir='ltr'><strong>hoc</strong></span> 
     </span>
    </p>
   </div>
   <div class='ocr_carea' id='block_1_115' title="bbox 2206 5295 3782 5373">
    <p class='ocr_par' dir='ltr' id='par_1_115' title="bbox 2206 5295 3782 5373">
     <span class='ocr_line' id='line_1_115' title="bbox 2206 5295 3782 5373; baseline -0.004 -15"><span class='ocrx_word' id='word_1_836' title='bbox 2206 5320 2375 5358; x_wconf 91' lang='lat' dir='ltr'><strong>unum</strong></span> <span class='ocrx_word' id='word_1_837' title='bbox 2404 5320 2615 5360; x_wconf 89' lang='lat' dir='ltr'><strong>comma</strong></span> <span class='ocrx_word' id='word_1_838' title='bbox 2658 5302 2853 5359; x_wconf 70' lang='lat' dir='ltr'><strong>divinae</strong></span> <span class='ocrx_word' id='word_1_839' title='bbox 2893 5300 3027 5373; x_wconf 91' lang='lat' dir='ltr'><strong>legis</strong></span> <span class='ocrx_word' id='word_1_840' title='bbox 3074 5299 3265 5366; x_wconf 88' lang='lat' dir='ltr'><strong>audit,</strong></span> <span class='ocrx_word' id='word_1_841' title='bbox 3310 5296 3605 5353; x_wconf 70' lang='lat' dir='ltr'><strong>Dominam</strong></span> <span class='ocrx_word' id='word_1_842' title='bbox 3632 5295 3782 5351; x_wconf 63' lang='lat' dir='ltr'><strong>Da!</strong></span> 
     </span>
    </p>
   </div>
   <div class='ocr_carea' id='block_1_116' title="bbox 2208 5386 3783 5463">
    <p class='ocr_par' dir='ltr' id='par_1_116' title="bbox 2208 5386 3783 5463">
     <span class='ocr_line' id='line_1_116' title="bbox 2208 5386 3783 5463; baseline -0.006 -14"><span class='ocrx_word' id='word_1_843' title='bbox 2208 5404 2355 5449; x_wconf 89' lang='lat' dir='ltr'><strong>tuum</strong></span> <span class='ocrx_word' id='word_1_844' title='bbox 2395 5394 2661 5461; x_wconf 87' lang='lat' dir='ltr'><strong>adorabis,</strong></span> <span class='ocrx_word' id='word_1_845' title='bbox 2700 5404 2748 5450; x_wconf 90' lang='lat' dir='ltr'><strong>et</strong></span> <span class='ocrx_word' id='word_1_846' title='bbox 2781 5392 2862 5448; x_wconf 82' lang='lat' dir='ltr'><strong>illi</strong></span> <span class='ocrx_word' id='word_1_847' title='bbox 2885 5391 2984 5448; x_wconf 82' lang='lat' dir='ltr'><strong>soli</strong></span> <span class='ocrx_word' id='word_1_848' title='bbox 3012 5391 3198 5447; x_wconf 80' lang='lat' dir='ltr'><strong>servies</strong></span> <span class='ocrx_word' id='word_1_849' title='bbox 3233 5388 3413 5463; x_wconf 82' lang='lat' dir='ltr'><strong>(Deut.</strong></span> <span class='ocrx_word' id='word_1_850' title='bbox 3444 5387 3550 5461; x_wconf 70' lang='grc' dir='ltr'><strong>γι),</strong></span> <span class='ocrx_word' id='word_1_851' title='bbox 3577 5388 3669 5459; x_wconf 86' lang='lat' dir='ltr'><strong>qui</strong></span> <span class='ocrx_word' id='word_1_852' title='bbox 3694 5386 3783 5440; x_wconf 78' lang='lat' dir='ltr'><strong>hoc</strong></span> 
     </span>
    </p>
   </div>
   <div class='ocr_carea' id='block_1_117' title="bbox 2209 5472 3778 5560">
    <p class='ocr_par' dir='ltr' id='par_1_117' title="bbox 2209 5472 3778 5560">
     <span class='ocr_line' id='line_1_117' title="bbox 2209 5472 3778 5560; baseline -0.006 -15"><span class='ocrx_word' id='word_1_853' title='bbox 2209 5498 2393 5560; x_wconf 90' lang='lat' dir='ltr'><strong>spreto</strong></span> <span class='ocrx_word' id='word_1_854' title='bbox 2428 5506 2537 5545; x_wconf 90' lang='lat' dir='ltr'><strong>non</strong></span> <span class='ocrx_word' id='word_1_855' title='bbox 2562 5488 2737 5545; x_wconf 91' lang='lat' dir='ltr'><strong>solum</strong></span> <span class='ocrx_word' id='word_1_856' title='bbox 2762 5486 3029 5543; x_wconf 90' lang='lat' dir='ltr'><strong>creaturis</strong></span> <span class='ocrx_word' id='word_1_857' title='bbox 3070 5472 3391 5552; x_wconf 83' lang='lat' dir='ltr'><strong>servit,sed</strong></span> <span class='ocrx_word' id='word_1_858' title='bbox 3412 5496 3606 5538; x_wconf 85' lang='lat' dir='ltr'><strong>earum</strong></span> <span class='ocrx_word' id='word_1_859' title='bbox 3630 5477 3778 5537; x_wconf 77' lang='lat' dir='ltr'><strong>servi-</strong></span> 
     </span>
    </p>
   </div>
   <div class='ocr_carea' id='block_1_118' title="bbox 2209 5569 3785 5650">
    <p class='ocr_par' dir='ltr' id='par_1_118' title="bbox 2209 5569 3785 5650">
     <span class='ocr_line' id='line_1_118' title="bbox 2209 5569 3785 5650; baseline -0.009 -10"><span class='ocrx_word' id='word_1_860' title='bbox 2209 5586 2343 5641; x_wconf 90' lang='lat' dir='ltr'><strong>tium</strong></span> <span class='ocrx_word' id='word_1_861' title='bbox 2370 5585 2592 5641; x_wconf 84' lang='lat' dir='ltr'><strong>servitio</strong></span> <span class='ocrx_word' id='word_1_862' title='bbox 2621 5583 2732 5638; x_wconf 91' lang='lat' dir='ltr'><strong>Deo</strong></span> <span class='ocrx_word' id='word_1_863' title='bbox 2759 5580 2938 5637; x_wconf 89' lang='lat' dir='ltr'><strong>debito</strong></span> <span class='ocrx_word' id='word_1_864' title='bbox 2975 5578 3309 5650; x_wconf 68' lang='lat' dir='ltr'><strong>aequiparare</strong></span> <span class='ocrx_word' id='word_1_865' title='bbox 3332 5572 3655 5631; x_wconf 81' lang='lat' dir='ltr'><strong>contendit?</strong></span> <span class='ocrx_word' id='word_1_866' title='bbox 3678 5569 3785 5627; x_wconf 73' lang='lat' dir='ltr'><strong>Stet</strong></span> 
     </span>
    </p>
   </div>
   <div class='ocr_carea' id='block_1_119' title="bbox 2209 5665 3780 5749">
    <p class='ocr_par' dir='ltr' id='par_1_119' title="bbox 2209 5665 3780 5749">
     <span class='ocr_line' id='line_1_119' title="bbox 2209 5665 3780 5749; baseline -0.013 -12"><span class='ocrx_word' id='word_1_867' title='bbox 2209 5695 2447 5749; x_wconf 88' lang='lat' dir='ltr'><strong>namque</strong></span> <span class='ocrx_word' id='word_1_868' title='bbox 2490 5678 2773 5748; x_wconf 89' lang='lat' dir='ltr'><strong>episcopus</strong></span> <span class='ocrx_word' id='word_1_869' title='bbox 2816 5674 2871 5729; x_wconf 94' lang='lat' dir='ltr'><strong>in</strong></span> <span class='ocrx_word' id='word_1_870' title='bbox 2906 5672 3179 5737; x_wconf 87' lang='lat' dir='ltr'><strong>Ecclesia,</strong></span> <span class='ocrx_word' id='word_1_871' title='bbox 3222 5676 3278 5725; x_wconf 90' lang='lat' dir='ltr'><strong>et</strong></span> <span class='ocrx_word' id='word_1_872' title='bbox 3308 5667 3476 5740; x_wconf 89' lang='lat' dir='ltr'><strong>legat,</strong></span> <span class='ocrx_word' id='word_1_873' title='bbox 3515 5665 3780 5721; x_wconf 67' lang='lat' dir='ltr'><strong>Donum</strong></span> 
     </span>
    </p>
   </div>
   <div class='ocr_carea' id='block_1_120' title="bbox 2198 5749 3781 5844">
    <p class='ocr_par' dir='ltr' id='par_1_120' title="bbox 2198 5749 3781 5844">
     <span class='ocr_line' id='line_1_120' title="bbox 2198 5749 3781 5844; baseline -0.015 -12"><span class='ocrx_word' id='word_1_874' title='bbox 2198 5772 2379 5844; x_wconf 52' lang='lat' dir='ltr'><strong>,Deum</strong></span> <span class='ocrx_word' id='word_1_875' title='bbox 2406 5782 2555 5828; x_wconf 87' lang='lat' dir='ltr'><strong>tuum</strong></span> <span class='ocrx_word' id='word_1_876' title='bbox 2578 5766 2846 5839; x_wconf 81' lang='lat' dir='ltr'><strong>adorabis,</strong></span> <span class='ocrx_word' id='word_1_877' title='bbox 2874 5772 2923 5824; x_wconf 85' lang='lat' dir='ltr'><strong>et</strong></span> <span class='ocrx_word' id='word_1_878' title='bbox 2950 5762 3031 5828; x_wconf 75' lang='lat' dir='ltr'><strong>illi</strong></span> <span class='ocrx_word' id='word_1_879' title='bbox 3057 5762 3157 5821; x_wconf 82' lang='lat' dir='ltr'><strong>soli</strong></span> <span class='ocrx_word' id='word_1_880' title='bbox 3181 5761 3394 5830; x_wconf 72' lang='lat' dir='ltr'><strong>serviet,</strong></span> <span class='ocrx_word' id='word_1_881' title='bbox 3430 5765 3487 5817; x_wconf 85' lang='lat' dir='ltr'><strong>et</strong></span> <span class='ocrx_word' id='word_1_882' title='bbox 3509 5768 3635 5816; x_wconf 77' lang='lat' dir='ltr'><strong>mox</strong></span> <span class='ocrx_word' id='word_1_883' title='bbox 3658 5760 3712 5811; x_wconf 90' lang='lat' dir='ltr'><strong>ut</strong></span> <span class='ocrx_word' id='word_1_884' title='bbox 3734 5749 3781 5808; x_wconf 63' lang='grc' dir='ltr'><strong>ἣ</strong></span> 
     </span>
    </p>
   </div>
  </div>
