4016 6292
206 342 353 406 1119

987 334 1171 396 LIBRI
1200 316 1549 394 (unum
1586 357 1660 373 -
1954 328 2045 388 nr:
2080 330 2276 391 IMAG.
2312 364 2385 378 -
2416 324 2548 393 LIB.
2583 333 2667 392 tu.

3327 318 3466 383 M50

204 473 476 526 meum
506 459 710 520 sederit
732 458 876 515 dicat
899 473 913 511 :
958 475 980 510 ε
1010 454 1257 524 Suscipio
1289 460 1345 508 et
1367 449 1664 521 amplector
1680 446 1781 501 ho—
1807 438 1860 504 Α
1882 448 2073 506 mundi
2096 452 2200 507 hoc
2238 461 2485 517 testatur,
2532 452 2843 520 redemptor
2870 444 3080 518 generis
3104 442 3326 503 humani
3361 441 3468 501 hoc

202 559 528 620 norabiliter
553 562 770 612 sanctas
797 559 853 607 et
885 548 1217 606 venerandas
1242 545 1501 615 imagines
1527 583 1540 606 ,
1587 548 1642 596 et
1682 538 1787 593 illis

203 654 487 715 servitium
515 645 865 710 adorationis,
887 642 1030 713 quod
1055 635 1496 696 consubstantiali
1524 641 1578 690 et
1616 630 1788 686 viviﬁ-

202 745 398 804 eatrici
418 739 672 797 Trinitati
699 738 946 800 debetur,
963 731 1234 802 impendo,
1265 750 1285 783 ι
1308 727 1502 797 sicque
1535 739 1596 781 se
1629 724 1685 778 in
1714 722 1790 778 di-

203 840 350 893 vinis
387 834 570 890 verbis
614 827 951 889 instabilem,
999 837 1059 879 se
1100 821 1245 877 aliud
1290 833 1386 875 ore
1425 815 1784 888 proﬁtentem,

206 927 357 986 aliud
392 926 556 983 corde
590 922 917 983 credentem,
962 915 1105 970 aliud
1141 913 1340 969 divinis
1366 909 1576 981 paginis
1602 908 1789 978 legen-

203 1030 340 1086 tem,
374 1018 521 1074 aliud
550 1016 605 1071 in
629 1022 786 1068 antro
804 1010 1043 1081 pectoris
1068 1006 1153 1063 sui
1183 1011 1455 1061 tenentem
1474 1044 1488 1067 ,
1516 1010 1571 1057 et
1598 996 1793 1055 divinis

202 1111 391 1167 verbis
413 1108 747 1166 obtinentem
765 1145 781 1170 ,
822 1110 877 1158 et
917 1115 1041 1157 suas
1076 1113 1244 1169 nugas
1272 1095 1564 1152 Dominicis
1586 1104 1790 1164 praece-

204 1205 320 1277 ptis
368 1200 742 1273 praeferentem
790 1198 1139 1251 demomtret.
1187 1189 1321 1245 Nam
1363 1201 1486 1243 cum
1527 1184 1628 1240 sibi
1656 1182 1795 1237 suis~

207 1276 318 1368 que
351 1295 702 1364 dignoscatur
738 1289 792 1343 in
821 1303 917 1342 sua
942 1298 1194 1355 perversa
1217 1279 1550 1352 professione
1580 1276 1792 1337 obesse,

207 1367 373 1445 nobis
405 1402 436 1440 e
464 1382 737 1440 contrario
780 1380 874 1451 qui
905 1379 1120 1433 illorum
1162 1375 1320 1444 nugis
1342 1371 1501 1427 reniti
1528 1367 1794 1437 cupimus,

208 1482 553 1554 dignoscitur
584 1478 870 1548 prodesse,
904 1488 1027 1528 eum
1047 1470 1299 1527 videlicet
1322 1476 1565 1521 errorem
1595 1458 1800 1528 detegit

210 1550 529 1636 infaustum,
562 1583 723 1641 quem
754 1566 830 1623 illi
867 1566 1116 1620 videntur
1137 1562 1386 1633 plebibus
1408 1558 1654 1626 ingerere
1678 1550 1799 1620 pal—

212 1670 425 1724 liatum.
473 1665 638 1719 Aiunt
661 1661 805 1716 enim
835 1676 850 1712 :
905 1674 926 1708 (
954 1651 1085 1711 "Non
1120 1656 1407 1709 adoramus
1436 1646 1698 1717 imagines
1742 1648 1803 1695 ut

207 1760 417 1821 Deum,
462 1771 565 1810 nec
595 1753 700 1809 illis
729 1749 895 1807 divini
935 1747 1141 1804 servitii
1167 1746 1373 1801 cultum
1420 1738 1796 1808 impendimus,

208 1850 311 1907 sed
354 1848 485 1903 dum
516 1846 640 1900 illas
677 1843 966 1912 aspicimus
1004 1847 1061 1893 et
1101 1838 1422 1896 adoramus,
1470 1830 1565 1885 illo
1603 1825 1799 1881 mentis

210 1950 425 1998 nostra:
449 1953 669 1994 acumen
698 1935 999 2004 deﬁgimus,
1036 1930 1127 1984 ubi
1153 1943 1247 1983 eos
1273 1939 1503 1997 quorum
1529 1921 1632 1975 illae
1653 1922 1798 1981 sunt,

209 2047 344 2089 esse
386 2046 491 2086 non
522 2030 848 2100 ignoramus.
881 2045 900 2077 ι
944 2023 1014 2077 At
1042 2031 1231 2077 contra
1268 2019 1370 2073 iste
1409 2015 1621 2070 illorum
1648 2013 1805 2067 deteu

211 2140 354 2198 gens
396 2127 735 2185 errorem,et
772 2133 924 2173 suam
955 2116 1193 2186 pandens
1242 2113 1443 2179 absque
1480 2107 1588 2162 ulla
1614 2106 1807 2160 obum-

210 2196 469 2274 bratione
504 2212 907 2283 cogitationem,
954 2207 1150 2263 fatetur
1177 2221 1235 2260 se
1262 2203 1421 2275 quale
1462 2208 1661 2255 sancta:
1688 2196 1809 2251 Tri-

210 2310 415 2373 nitati,
463 2306 570 2361 tale
599 2304 704 2359 illis
750 2303 1007 2358 exhibere
1047 2298 1325 2355 servitium
1349 2336 1364 2359 ,
1416 2294 1687 2360 talemque
1715 2289 1811 2344 ad—

214 2402 543 2466 orationem,
592 2399 777 2468 sicque
805 2394 1191 2451 absurditatem
1237 2404 1400 2460 quam
1433 2388 1509 2443 illi
1540 2387 1809 2441 introrsus

212 2480 458 2551 retinent
489 2493 736 2557 latenter,
780 2490 919 2543 hanc
959 2487 1060 2541 iste
1098 2484 1267 2556 egerit
1291 2488 1557 2552 patenter.
1599 2477 1708 2532 Nec
1733 2475 1813 2529 la-

210 2597 336 2645 tere
374 2586 681 2658 quempiam
710 2589 885 2652 potest
934 2580 1159 2635 illorum
1197 2576 1444 2646 ignavia,
1498 2586 1623 2627 cum
1668 2569 1813 2624 hanc

211 2679 423 2753 pandat
471 2676 695 2744 hujusce
746 2670 1103 2742 professionis.
1141 2666 1429 2722 sententia.
1494 2662 1628 2730 Quia
1682 2674 1812 2728 ergo

212 2751 414 2827 omnes
437 2766 531 2837 qui
557 2780 656 2820 suo
683 2776 868 2817 errore
896 2761 1218 2816 dissentiunt
1249 2773 1279 2810 a
1315 2763 1503 2810 sancta
1548 2751 1812 2806 catholica

210 2867 277 2916 et
300 2858 596 2929 apostolica
624 2854 864 2910 Ecclesia
888 2866 1195 2922 segregare
1237 2857 1291 2904 et
1329 2846 1658 2902 anathemati
1685 2846 1814 2900 sub-

210 2955 463 3018 mittere,
487 2960 542 3007 et
566 2951 671 3005 illis
684 2951 779 3021 qui
794 2949 999 3004 Domini
1022 2946 1147 3002 Iesu
1163 2946 1359 3001 Christi
1383 2942 1812 2999 incarnationem

218 3044 562 3101 salutiferam
586 3044 807 3097 credere
855 3046 1259 3099 recusaverunt.
1295 3036 1575 3090 admittere
1601 3033 1807 3095 nititur,

218 3142 443 3205 quantae
470 3134 542 3187 sit
572 3132 832 3189 fatuitatis
873 3130 1081 3187 cunctis
1109 3128 1409 3200 legentibus
1448 3126 1618 3195 liquet
1648 3139 1814 3193 agno-

218 3243 400 3291 scere,
449 3226 643 3297 quippe
683 3224 774 3293 qui
802 3240 913 3279 sna:
944 3222 1169 3294 ignavia:
1209 3223 1489 3277 demersus
1532 3219 1812 3286 barathro,

212 3319 362 3375 dum
387 3326 612 3372 caeteros
639 3317 706 3372 ad
731 3331 790 3371 se
816 3322 999 3371 eccum
1023 3315 1148 3368 talia
1172 3329 1427 3383 passuros
1450 3311 1738 3381 protrahit,
1771 3311 1819 3366 si

214 3424 368 3480 quos
397 3410 532 3464 tanti
571 3408 797 3479 periculi
834 3408 1143 3476 voraginem
1188 3408 1359 3461 vitare
1381 3406 1675 3476 conspicit,
1724 3419 1819 3461 eos

218 3501 491 3557 conviciis
535 3508 589 3554 et
618 3499 1020 3555 contumeliosis
1063 3498 1311 3561 affatibus
1357 3499 1645 3570 objurgare
1690 3514 1820 3553 con-

218 3593 427 3648 tendit.
455 3591 591 3647 Nam
621 3608 741 3662 quae
772 3592 997 3658 insania,
1037 3592 1121 3647 vel
1155 3608 1273 3662 qua:
1302 3590 1537 3646 amentia
1566 3601 1668 3655 est,
1700 3587 1820 3645 ideo

212 3684 435 3742 ‘Christi
484 3685 697 3765 plebem
724 3687 791 3742 ab
821 3685 1075 3741 Ecclesiae
1116 3685 1306 3741 matris
1350 3685 1605 3739 uberibus
1633 3678 1819 3738 conari

224 3778 536 3835 convellere
560 3819 575 3844 ,
606 3792 671 3834 eo
703 3779 847 3848 quod
882 3776 1161 3833 servitium
1188 3776 1286 3831 soli
1321 3776 1432 3830 Deo
1463 3774 1707 3831 debitum
1734 3790 1822 3830 re-

220 3870 335 3926 bus
380 3886 543 3925 sensu
571 3871 880 3926 carentibus
917 3870 1180 3925 obnititur
1220 3866 1521 3923 exhibere?
1564 3865 1672 3921 Aut
1700 3882 1821 3936 qure

221 3963 563 4033 perversitas
586 3970 669 4017 est
698 3962 932 4032 mquales
954 3960 1199 4032 judicare
1228 3960 1349 4016 illos
1379 3959 1469 4030 qui
1506 3959 1820 4015 mediatoris

222 4052 332 4108 Dei
350 4053 693 4108 etbominum
717 4051 917 4109 Christi
936 4052 1063 4108 Jesu
1080 4052 1481 4108 vivitlcatricem
1496 4050 1823 4106 incarnatio—
1878 4079 1885 4087 ·

222 4164 361 4205 nem
374 4152 642 4206 obstinata
658 4158 836 4206 mente
850 4150 1070 4205 credere
1099 4154 1368 4214 recusant,
1389 4146 1492 4202 illis
1505 4147 1594 4217 qui
1604 4187 1618 4213 ,
1635 4155 1822 4218 spreto

224 4242 532 4298 secundum
578 4242 770 4297 divinae
819 4241 953 4310 legis
984 4241 1269 4310 imperium
1305 4248 1676 4295 creaturarum
1706 4254 1823 4294 om-

224 4333 388 4388 nium
419 4333 661 4399 servitio,
688 4333 788 4389 soli
816 4333 945 4402 Deo,
979 4334 1067 4388 cui
1100 4334 1282 4388 omnia
1320 4331 1671 4397 famulantur,
1704 4346 1821 4385 ser-

222 4427 731 4483 vire'desiderant:
781 4427 925 4483 aliud
971 4435 1055 4483 est
1092 4428 1235 4481 enim
1280 4425 1463 4482 mundi
1498 4424 1825 4495 redemptio-

222 4536 363 4578 nem
395 4537 503 4577 non
528 4522 775 4589 credere,
804 4522 948 4579 aliud
977 4523 1076 4578 soli
1096 4522 1210 4577 Deo
1233 4522 1369 4577 velle
1394 4521 1628 4588 servire;
1675 4479 1819 4576 aliud
1850 4529 1903 4590 ι)
1925 4500 1981 4553 in
2021 4504 2142 4552 “"0
2191 4492 2408 4590 mon"?
2460 4481 2814 4586 Ρηοθδείξνίι·
2866 4479 2946 4582 ξέκ

224 4624 319 4671 est
348 4616 579 4669 salutem
610 4614 793 4671 mundi
821 4631 1093 4685 spernere,
1144 4615 1288 4669 aliud
1314 4614 1605 4685 imaginum
1633 4612 1826 4668 adora-

223 4708 441 4763 tionem
472 4715 817 4763 contemnere
842 4725 856 4772 ;
884 4706 1028 4762 aliud
1063 4714 1145 4761 est
1172 4705 1464 4761 salutiferis
1496 4704 1720 4760 monitis
1745 4721 1827 4761 re-

220 4796 440 4870 fragari
457 4840 472 4864 ,
508 4799 652 4855 aliud
673 4798 825 4854 vanis
850 4806 903 4853 et
929 4797 1315 4868 superstitiosis
1340 4795 1613 4867 obsequiis
1640 4794 1822 4850 reniti.

221 4888 386 4948 Idem
430 4904 659 4961 namque
696 4889 957 4945 Dominus
998 4899 1051 4945 et
1078 4887 1326 4943 Salvator
1366 4904 1488 4943 cum
1525 4897 1580 4943 et
1607 4903 1702 4957 per
1735 4902 1827 4958 pa-

223 4981 422 5055 ginam
470 4982 679 5038 Veteris
727 4981 1071 5037 Testamenti'
1104 4981 1368 5052 imagines
1414 4978 1641 5034 adorare
1689 4977 1828 5033 inhi-

224 5071 439 5137 buerit,
467 5083 521 5127 et
544 5087 641 5144 per
662 5073 996 5144 corporalem
1019 5073 1361 5143 praesentiam
1398 5070 1687 5142 imaginem
1713 5069 1827 5126 Cae-

224 5164 385 5223 saris
404 5162 601 5221 Caesari
624 5166 801 5236 potius
822 5164 1149 5221 reddendam
1173 5179 1334 5234 quam
1361 5163 1687 5218 adorandam
1707 5178 1830 5217 cen-

224 5257 434 5323 suerit,
470 5259 595 5313 talia
626 5260 680 5313 in
706 5274 763 5315 se
787 5258 1039 5314 credendi
1066 5267 1333 5329 praecepta
1363 5256 1589 5312 contulit
1607 5256 1822 5329 dicens:

231 5348 350 5419 Qui
381 5349 545 5406 credit
580 5351 635 5406 in
674 5366 774 5419 me,
814 5348 965 5405 habet
1012 5326 1168 5406 vitam
1209 5326 1457 5406 (sternam
1492 5346 1671 5420 (Joan.
1702 5326 1820 5419 vt);

227 5450 295 5501 et
320 5443 555 5498 iterum:
591 5442 705 5515 Ego
751 5458 867 5498 sum
898 5445 1087 5498 ostium
1132 5454 1179 5497 et
1221 5443 1358 5509 vita,
1388 5441 1433 5495 si
1467 5441 1582 5513 quis
1625 5457 1718 5512 per
1744 5455 1828 5493 mc

226 5541 504 5596 introierit
516 5539 821 5606 satvabilur,
839 5548 887 5595 et
904 5537 1224 5610 ingredietur
1244 5545 1289 5590 et
1310 5533 1645 5606 regredietur,
1673 5544 1720 5588 et
1737 5550 1827 5605 pa-

229 5650 373 5695 scua
400 5637 621 5692 inveniet
645 5638 826 5711 (Joan.
855 5635 911 5708 Χ)
937 5648 951 5701 ;
984 5643 1037 5688 et
1058 5632 1255 5687 iterum
1280 5647 1294 5684 :
1331 5628 1587 5700 Nisi’quis
1616 5634 1827 5681 renatus

240 5728 407 5801 fuerit
437 5745 501 5784 ea;
529 5746 667 5801 aqua
692 5738 740 5783 et
769 5724 971 5800 Spiritu
1003 5732 1211 5791 sancto,
1253 5737 1356 5776 non
1401 5718 1612 5772 intrabit
1649 5717 1705 5770 in
1745 5732 1827 5770 re-

222 5832 408 5896 gnum
432 5820 689 5895 caelorum
706 5817 889 5895 (lauti.
929 5818 1037 5894 ut).
1089 5815 1304 5877 Veritas
1339 5813 1443 5874 hoc
1479 5811 1638 5884 dicit,
1679 5808 1825 5871 salus

1886 550 2160 611 protatnr:
2187 552 2239 601 et
2260 547 2380 616 quis
2396 554 2502 599 tam
2517 543 2683 600 hebes
2704 549 2919 611 tamque
2931 537 3108 610 segnis
3121 551 3305 608 parem
3319 535 3468 593 illum

1884 633 2109 705 iudicet.
2127 641 2216 709 qui
2239 639 2323 695 his
2337 646 2444 693 tam
2462 633 2785 692 authenticis
2800 633 3017 689 monitis
3030 629 3367 695 contradicit,
3393 626 3471 684 illi

1888 732 1980 802 qui
2007 731 2330 801 centemptis
2358 730 2552 785 divinis
2574 726 2899 798 eloquiisres
2924 725 3038 780 sine
3059 739 3218 779 sensu
3248 721 3473 777 adorare

1889 825 2231 880 contemnit?
2270 824 2418 887 Esto,
2454 822 2718 892 imagines
2739 819 2967 874 adorare
3000 816 3171 871 virtus
3196 823 3252 869 et
3271 814 3473 869 bonum

1889 930 2024 986 opus
2063 925 2145 971 est
2170 930 2184 970 :
2208 916 2574 985 nunquidnam
2602 912 2726 969 ﬁdei
2752 910 2954 981 mquari
2982 904 3201 980 potest?
3229 906 3363 962 Cum
3392 914 3474 961 ta-

1890 1006 2018 1066 men
2042 1010 2252 1066 (nnctis
2280 1010 2435 1064 bonis
2460 1006 2714 1077 operibus
2741 1005 3097 1061 insistendum
3123 999 3224 1067 sit,
3271 998 3477 1053 nullum

1893 1119 2029 1174 Opus
2054 1103 2252 1158 bonum
2276 1100 2343 1155 ad
2369 1099 2661 1170 perfectam
2705 1095 2933 1151 salutem
2962 1106 3286 1164 quemquam
3313 1088 3479 1142 addu-

1894 1211 2017 1253 cere
2045 1196 2205 1261 valet,
2231 1193 2337 1248 nisi
2359 1192 2480 1247 ﬁdei
2508 1190 2858 1245 fundamento
2881 1192 3272 1256 superponatur
3289 1186 3343 1235 et
3364 1177 3479 1248 ejus

1896 1288 2193 1343 munimine
2222 1285 2497 1340 fulciatur.
2542 1282 2816 1338 Abraham
2858 1278 3088 1348 denique
3123 1289 3229 1329 non
3258 1288 3324 1328 ex
3355 1284 3483 1341 ope—

1897 1380 2067 1443 ribus,
2104 1379 2197 1434 sed
2230 1393 2298 1431 ex
2335 1376 2440 1432 ﬁde
2461 1373 2785 1444 iustiﬁcatus
2809 1378 2929 1437 est;
2959 1370 3169 1440 Moyses
3196 1366 3299 1420 lide
3323 1377 3483 1436 gran-

1899 1471 1983 1527 dis
2013 1470 2185 1524 factus
2212 1474 2334 1535 est;
2383 1465 2554 1522 sancti
2599 1480 2704 1536 per
2731 1463 2890 1518 ﬁdem
2921 1461 3168 1516 vicerunt
3193 1470 3388 1527 regna,
3429 1452 3486 1508 et

1901 1551 2072 1619 sancti
2100 1578 2286 1616 omnes
2313 1559 2465 1631 juxta
2498 1558 2655 1614 ﬁdem
2682 1553 2918 1612 defuncti
2945 1561 3090 1608 sunt.
3121 1549 3189 1605 Et
3213 1546 3485 1618 Propheta

1903 1657 2051 1722 dicit,
2084 1654 2275 1710 Omnia
2301 1669 2457 1724 opera
2484 1650 2596 1721 ejus
2624 1650 2679 1703 in
2705 1647 2808 1716 ﬁde
2843 1642 3014 1718 (Psul.
3039 1638 3234 1713 χχχιιι)
3260 1655 3276 1706 ;
3300 1643 3355 1693 et
3370 1636 3487 1691 Do-

1905 1748 2085 1803 minus
2116 1748 2169 1801 in
2201 1743 2521 1814 Evangelio,
2560 1739 2718 1794 Fides
2748 1748 2837 1793 tua
2862 1745 2930 1804 te,
2960 1734 3152 1805 inquit,
3182 1729 3381 1788 salvum
3410 1726 3490 1799 {es

1904 1841 1972 1894 cit
2004 1838 2197 1909 (Marc.
2225 1839 2279 1902 x)
2306 1854 2320 1903 ;
2350 1837 2480 1890 item
2516 1834 2699 1889 idem:
2740 1831 2904 1885 Amen
2941 1829 3057 1883 dico
3087 1824 3257 1890 vobis,
3295 1822 3341 1878 si
3394 1822 3491 1875 Ita-

1904 1931 2076 1987 bueris
2098 1930 2256 1999 [idem
2283 1937 2329 1982 et
2361 1943 2464 1982 non
2490 1922 2874 1988 ha’sitaveritis,
2915 1936 3019 1974 non
3045 1916 3214 1973 solum
3242 1913 3307 1968 de
3336 1909 3494 1983 [icui-

1906 2042 2002 2080 nea
2030 2023 2264 2093 facietis,
2299 2020 2390 2075 sed
2428 2028 2474 2074 et
2515 2020 2560 2073 si
2600 2018 2720 2072 huic
2760 2015 2924 2070 monti
2951 2009 3232 2067 dixeritis:
3275 2004 3421 2062 Tolle
3444 2008 3494 2059 et

1897 2115 2048 2188 jacta
2078 2124 2125 2169 te
2157 2114 2211 2167 in
2237 2128 2399 2175 mare,
2438 2111 2569 2180 ﬁet;
2620 2116 2666 2162 et
2694 2106 2870 2161 omnia
2899 2116 3220 2175 qua’cunquc
3245 2093 3495 2170 petieritis

1906 2186 1963 2264 in
1989 2209 2221 2262 oratione
2241 2203 2502 2259 credentes
2529 2198 2790 2269 accipietis
2813 2194 3027 2270 (Matth.
3050 2191 3185 2262 XXI).
3220 2186 3374 2246 Unde
3402 2186 3495 2241 da-

1910 2312 1998 2358 tur
2020 2299 2241 2370 intelligi
2279 2296 2489 2353 caeteris
2512 2292 2803 2349 virtutibus
2825 2289 2982 2344 ﬁdem
3015 2283 3405 2357 praeeminere;
3440 2283 3495 2333 et

1910 2406 2215 2464 quanquam
2255 2389 2304 2444 ci
2344 2402 2466 2459 spes
2505 2393 2558 2441 et
2601 2383 2838 2439 Charitas
2863 2383 3269 2439 connectantur,
3314 2381 3496 2427 tamen

1909 2498 2007 2558 per
2036 2484 2195 2539 ﬁdem
2240 2482 2308 2538 ad
2350 2495 2443 2535 eas
2480 2477 2810 2550 pervenitur.
2858 2472 2969 2528 Nec
3005 2470 3121 2542 pari
3149 2466 3496 2524 damnatione

1905 2555 2226 2650 iudicandus
2252 2582 2336 2630 est
2370 2573 2464 2644 qui
2497 2572 2553 2626 in
2585 2568 2796 2626 caneris
2825 2564 3079 2637 operibus
3112 2575 3273 2632 quam
3304 2556 3396 2628 qui
3441 2555 3498 2611 in

1912 2670 2016 2726 ﬁde
2040 2667 2331 2738 delinquit,
2379 2664 2635 2735 quoniam
2679 2660 2895 2732 quidem
2932 2672 3053 2712 cum
3080 2653 3259 2710 nullus
3292 2651 3498 2719 absque

1913 2763 2016 2818 ﬁde
2044 2763 2304 2834 imagines
2330 2757 2605 2815 adoranda
2630 2752 2828 2811 salvari
2852 2744 3042 2821 possit,
3077 2740 3500 2803 innumerabiles

1912 2855 1967 2911 in
1995 2855 2198 2911 calesti
2230 2853 2401 2923 patria
2426 2858 2550 2907 sunt
2565 2849 2803 2919 legiones
2828 2860 2946 2914 quae
2963 2842 3074 2898 sive
3099 2856 3195 2911 per
3216 2834 3497 2908 martyria,

1913 2950 2025 3005 sive
2049 2965 2146 3018 per
2171 2944 2551 3005 innocentiam,
2581 2941 2692 2996 sive
2714 2954 2811 3009 per
2840 2934 3183 2992 solitudinem
3213 2942 3504 2986 conversa-

1912 3044 2105 3107 tionis,
2155 3056 2277 3095 cum
2322 3037 2581 3109 imagines
2624 3034 2839 3105 penitus
2882 3046 2983 3086 nec
3031 3024 3346 3090 habuerint,
3401 3034 3505 3077 nec

1842 3159 1891 3225 ε
1919 3135 2280 3196 adoraverint,
2323 3147 2421 3201 per
2446 3127 2567 3184 ﬁdei
2605 3134 2783 3180 tamen
2808 3120 3209 3180 observantiam
3244 3111 3505 3173 culicolis

1921 3231 2150 3288 actibus
2172 3226 2360 3285 sociati
2383 3220 2658 3295 perpetuis
2680 3215 2889 3291 gaudiis
2915 3212 3287 3286 perfruuntur.

2486 3374 2716 3434 CAPUT
2754 3370 2943 3429 XVIII.

1922 3502 2076 3574 Quod
2106 3499 2369 3574 Eutimius
2415 3493 2695 3551 Sardensis
2721 3490 2909 3574 ,φρίκᾳ

1991 3573 2208 3630 stantini
2247 3585 2423 3625 errore
2478 3581 2581 3619 non
2622 3560 2845 3616 multum

2248 3618 2380 3697 toto
2398 3618 2574 3694 corde
2614 3632 2848 3700 suscipio
2885 3625 3232 3702 venerandos
3244 3618 3506 3702 imagines

2142 3692 2455 3771 cBBdééénu
2482 3709 2686 3762 honore
2714 3692 2776 3759 et
2799 3695 3147 3774 amplectibili
3168 3692 3502 3774 adcretione.

1988 3762 2114 3844 Ῐιῑόξ
2475 3777 2632 3833 aliter
2676 3781 2768 3829 aut
2810 3762 3082 3853 contrarie
3126 3762 3365 3853 sentiunt
3410 3763 3505 3853 aut

1991 3834 2373 3930 dogmati-ian;
2386 3834 2595 3930 contra
2637 3853 2851 3930 sanctas
2890 3834 3507 3930 intagines‘alie‘n‘o‘sa‘ca:

1990 3901 2774 4055 Egl'i'c‘aeglicclesiac'deputans
2796 3925 2853 3970 et
2882 3901 3119 3984 pndico
3141 3914 3197 3963 et
3223 3901 3508 3961 hereticos

1991 4019 2173 4055 attnun
2202 4017 2277 4055 Ιοο

1991 4019 2173 4059 annuo
2179 4017 2256 4056 ιιο
2263 4038 2277 4054 ο

1991 4125 2127 4181 Cum
2179 4116 2449 4175 Eutimius
2490 4108 2777 4167 Sardensis
2818 4104 3106 4175 episcopus
3150 4094 3508 4156 Constantino

1921 4217 2251 4279 Constantina
2284 4212 2447 4284 Cypri
2490 4209 2742 4279 episcopo
2774 4218 2910 4275 pene
2949 4214 3052 4272 par
3088 4199 3161 4254 sit
3206 4197 3260 4251 in
3296 4193 3510 4250 confes-

1924 4315 2104 4377 sione,
2150 4323 2259 4365 non
2290 4314 2375 4361 est
2407 4303 2717 4373 ambiguum
2764 4310 2951 4367 parem
2976 4307 3071 4348 eos
3107 4291 3305 4344 habere
3348 4286 3508 4340 ﬁdem

1922 4374 2218 4476 paremque
2262 4397 2552 4465 adepturus
2590 4388 3019 4447 retributionem,
3068 4380 3174 4436 nisi
3206 4374 3511 4434 emendatio

3154 4470 3300 4526 enim
3347 4464 3511 4521 corde

1925 4601 2155 4658 uterque
2181 4600 2240 4641 se
2262 4579 2553 4639 conﬁtetur
2577 4574 2850 4643 suscipere
2872 4566 3132 4636 imagines
3157 4576 3280 4617 cum
3297 4571 3512 4615 summo

1926 4651 2132 4739 honore
2168 4686 2222 4735 et
2262 4670 2607 4745 amplectibili
2633 4664 2966 4722 adoratione.
2993 4657 3040 4714 Ο
3063 4651 3514 4745 demensepisco-

1924 4790 2118 4849 porum
2156 4768 2425 4829 confessio
2449 4772 2540 4832 ,‘o
2581 4761 2769 4816 insana
2813 4749 3105 4825 praesulum
3154 4741 3505 4816 prtedicatiot

1925 4831 2166 4924 Ecclesia
2192 4831 2457 4919 catholica
2483 4867 2616 4910 voce
2636 4846 2925 4920 praescium
2950 4834 3336 4897 incarnationis
3358 4831 3514 4887 Chri-

1925 4964 1995 5021 sti
2041 4958 2358 5033 mysterium
2387 4966 2445 5007 se
2490 4943 2789 5013 suscepisse
2834 4931 3239 5006 congratulans,
3282 4923 3512 4981 Domine

1926 5052 2057 5113 dicit
2079 5020 2116 5108 τ’
2131 5048 2488 5120 Suscepintus,
2513 5039 2677 5101 Deus,
2712 5028 3130 5089 miscricordiam
3153 5033 3300 5077 tuam
3321 5020 3388 5120 in.
3406 5030 3515 5070 atc-

1925 5110 2213 5217 diatempli
2248 5110 2345 5208 tui,
2395 5145 2449 5193 et
2473 5133 2562 5191 isti
2591 5130 2815 5187 dicunt:
2867 5119 3196 5191 Suscipimus
3230 5123 3279 5169 ct
3319 5110 3514 5167 ador»

1924 5206 2041 5299 mus
2064 5206 2340 5310 minus.
2378 5231 2607 5287 Caterva
2636 5220 2967 5281 credentium
2999 5214 3273 5271 Christum
3311 5206 3403 5279 qui
3429 5212 3515 5261 est

1923 5353 2028 5409 pax
2067 5300 2271 5393 nosira,
2312 5325 2403 5397 qui
2449 5322 2574 5378 fecit
2600 5326 2829 5385 utraque
2855 5324 3019 5366 unum
3042 5349 3057 5375 ,
3102 5301 3374 5377 apostolos
3397 5300 3514 5356 sive

1926 5391 2266 5501 apostolicos
2289 5391 2435 5473 viros
2473 5412 2747 5480 suscipere
2773 5409 3031 5477 precatur
3057 5399 3243 5457 dicens
3269 5410 3284 5450 :
3332 5391 3514 5449 Susci-

1924 5487 2069 5595 piunt
2093 5524 2292 5572 montes
2317 5525 2498 5583 pacem
2524 5504 2702 5579 populi
2727 5503 2825 5568 tui,
2855 5507 2910 5554 et
2935 5496 3024 5554 isti
3066 5496 3252 5552 dicunt
3283 5509 3297 5546 :
3332 5487 3513 5546 Susci—

1923 5583 2094 5687 pimus
2143 5606 2395 5676 imagines
2454 5597 2762 5654 adorationc
2810 5586 3164 5664 amplcctibili.
3214 5583 3512 5687 (ἐπιλεξᾞό

1924 5667 2012 5764 isti
2038 5715 2174 5774 pene
2194 5711 2411 5755 omnem
2437 5690 2624 5748 auxilii
2654 5687 2738 5743 sui
2771 5700 2923 5756 spem
2945 5683 3000 5736 in
3030 5676 3353 5749 imaginibus
3379 5667 3514 5724 defl-

1910 5762 2075 5878 gant,
2114 5807 2225 5856 non
2250 5784 2598 5850 mediocriter
2620 5794 2653 5839 a
2684 5786 2877 5839 sancta
2902 5782 2960 5833 et
2984 5765 3274 5831 universali
3295 5762 3513 5826 diues.

2946 3502 3008 3539 us
3043 3501 3076 3537 a
3115 3476 3325 3553 prafati
3367 3472 3505 3553 Con:

2928 3543 3129 3609 iacenti?
3165 3543 3236 3605 in'
3265 3564 3324 3603 eo
3366 3543 3507 3618 quod
