4016 6292
514 346 653 409 1151

1336 390 1343 395 .
1400 346 1459 403 Β.
1496 344 1749 405 CAROLI
1783 341 2001 401 MAGNI
2037 339 2188 399 OPP.
2226 339 2408 398 PARS
2439 338 2506 397 Π.
2548 337 2793 397 SECTIO
2822 336 2897 395 Il.

3649 335 3803 394 “52

517 466 658 522 tiunt
682 462 945 533 Ecclesia,
983 477 1103 535 quae
1134 478 1283 534 spem
1322 463 1505 520 auxilii
1530 465 1614 521 sui
1652 480 1760 521 non
1790 465 1843 520 in
1872 464 2097 535 picturae
2120 460 2171 522 Δ
2198 474 2316 516 rum
2358 459 2655 526 dissuasor,
2688 459 2893 515 idcirco
2931 454 3240 514 hominibus
3261 446 3549 527 persuasit
3566 464 3805 513 creatu-

517 556 682 622 fucis,
732 571 841 613 non
865 555 923 612 in
959 556 1282 612 manufactis
1308 555 1579 612 artiﬁcum
1603 556 1876 626 operibus,
1917 555 2015 611 sed
2042 555 2100 609 in

518 647 630 704 Deo
655 650 895 703 omnium
930 654 1175 702 creatore
1208 646 1429 719 deﬁgit,
1474 663 1595 718 qua:
1638 646 1800 702 habet
1827 644 2100 714 adjutores

518 738 791 808 apostolos
826 747 879 793 et
908 736 1231 807 apostolicos
1256 738 1403 793 viros
1425 778 1442 804 ,
1488 737 1579 807 qui
1616 752 1716 807 pro
1758 752 1823 791 ea
1860 733 2102 805 quotidie

520 828 808 885 Dominum
860 828 1241 900 interpellant,
1295 836 1350 884 et
1392 837 1702 900 susceptum
1752 827 1890 883 dono
1928 823 2101 881 sancti

520 921 755 993 Spiritus
778 921 845 977 de
885 922 1132 991 supernis
1172 922 1391 978 sedibus
1421 922 1650 977 imbrem
1680 928 1879 976 sancta:
1905 917 2103 989 praedi~

520 1016 763 1079 cationis,
794 1022 981 1085 utpote
1007 1014 1205 1069 altiora
1231 1014 1284 1069 in
1312 1013 1553 1069 Ecclesia
1576 1012 1692 1068 loca
1722 1011 1967 1069 ﬁdelibus
1989 1009 2104 1081 ple-

518 1107 676 1163 bibus
701 1107 815 1163 sive
841 1107 1143 1164 rectoribus
1171 1104 1499 1171 diﬁ’undunt,
1549 1104 1841 1161 secundum
1871 1102 1985 1159 Joel
2008 1118 2106 1157 va-

519 1197 767 1253 ticinium
810 1198 1081 1253 dicentis:
1127 1195 1197 1251 Et
1250 1197 1347 1251 erit
1386 1197 1443 1250 in
1482 1195 1577 1250 illa
1622 1196 1727 1261 die,
1778 1192 2105 1248 distillabunt

518 1298 714 1345 montes
754 1290 1081 1345 dulcedinem
1106 1332 1121 1355 ,
1172 1299 1219 1343 et
1266 1288 1422 1344 colles
1460 1290 1623 1361 fluent
1652 1287 1733 1343 lac
1776 1284 1934 1358 (Joel.
1978 1284 2101 1356 tu);

519 1384 661 1452 quod
686 1384 851 1438 etiam
884 1384 969 1439 his
999 1383 1179 1438 verbis
1216 1380 1468 1437 Ezechiel
1500 1381 1708 1437 intonat
1745 1378 1972 1436 dicens:
2010 1375 2108 1432 Ve—

517 1476 613 1532 stri
640 1486 814 1531 autem
834 1485 1033 1530 montes
1074 1473 1246 1528 Israel
1265 1474 1460 1544 facient
1485 1490 1659 1538 uvam,
1694 1481 1741 1526 et
1774 1471 2002 1542 fructum
2025 1484 2109 1523 ve-

516 1576 683 1622 strum
711 1584 862 1639 quem
884 1583 971 1623 vos
999 1566 1387 1621 manducabitis
1414 1564 1636 1636 populus
1659 1581 1823 1618 meus.
1856 1561 1986 1630 Quae
2006 1576 2109 1616 uva

517 1667 573 1713 et
600 1659 690 1729 qui
721 1657 960 1726 fructus,
997 1672 1307 1728 quanquam
1335 1655 1584 1713 Christus
1623 1656 1883 1711 Dominus
1911 1653 2110 1710 intelli-

520 1760 679 1823 gatur
703 1752 796 1822 qui
825 1751 891 1807 de
925 1751 1203 1807 montibus
1227 1750 1392 1806 Israel
1416 1750 1699 1820 processit,
1730 1765 1760 1804 a
1786 1746 2109 1820 patriarchis

517 1845 768 1901 videlicet
805 1843 1080 1899 hominem
1126 1857 1426 1907 assumens,
1471 1849 1649 1913 potest
1689 1841 1850 1896 etiam
1878 1839 2103 1895 dulcedo
2131 1824 2179 1885 Β

518 1934 917 2009 praedicationis
940 1934 1107 1989 veteri
1131 1942 1186 1990 ct
1209 1949 1350 1990 novo
1366 1934 1715 1989 Testamento
1732 1934 2107 2004 compaginata

520 2026 775 2097 intelligi,
800 2042 919 2095 qum
940 2024 1259 2080 diﬁ‘unditur
1273 2041 1369 2095 per
1394 2013 1677 2081 humilium
1703 2026 1939 2081 ﬁdelium
1962 2041 2109 2082 men-

521 2125 632 2182 tes,
671 2126 727 2172 et
749 2118 1149 2173 incredulorum
1174 2117 1337 2173 corda
1365 2119 1435 2174 ad
1458 2118 1785 2174 credendum
1811 2127 1865 2175 et
1907 2118 1975 2173 ad
1997 2117 2111 2173 fru-

521 2218 667 2266 ctum
716 2209 1045 2265 afferendum
1101 2208 1381 2265 molliﬁcat
1405 2251 1420 2276 ,
1479 2218 1534 2265 et
1589 2218 1865 2266 rectorum
1919 2224 2111 2265 sensus

521 2310 737 2363 aeterna:
760 2300 873 2372 spei
899 2301 1255 2358 retributione
1278 2300 1536 2367 laetiﬁcat,
1576 2318 1776 2373 eosque
1795 2300 2004 2372 justitia
2030 2303 2114 2359 in-

522 2392 613 2447 dui
657 2400 858 2449 etcum
900 2392 1159 2461 subjectis
1189 2394 1437 2464 plebibus
1482 2394 1593 2448 Deo
1620 2395 1879 2465 hymnum
1916 2410 2114 2451 canere

520 2486 856 2550 exhortatur,
905 2483 1265 2556 impleturque
1309 2485 1441 2542 illud
1465 2483 1881 2555 propheticum:
1927 2487 2112 2559 Campi

521 2578 598 2631 tui
634 2576 967 2647 replebantur
1002 2576 1255 2644 ubertate,
1296 2578 1626 2649 pinguescent
1676 2579 1809 2648 fines
1836 2579 2026 2636 deserti
2065 2589 2115 2637 et

523 2666 871 2723 exsultatione
920 2666 1077 2722 colles
1117 2670 1498 2742 accingamur;
1544 2670 1715 2725 induti
1758 2682 1880 2727 sunt
1927 2675 2118 2731 arietes

524 2761 695 2815 ovium
728 2768 776 2815 et
817 2759 1075 2815 convalles
1098 2760 1437 2816 abundabunt
1462 2762 1720 2832 frumento
1748 2780 1767 2819 :
1794 2766 1983 2819 etenim
2005 2765 2118 2820 cla-

524 2856 756 2919 mabunt,
799 2861 847 2907 et
888 2852 1138 2924 hymnum
1175 2853 1346 2909 dicent
1393 2853 1565 2927 (Psal.
1596 2853 1746 2925 va).
1782 2854 1950 2911 Levat
1972 2857 2118 2912 enim

523 2947 708 3002 oculos
735 2961 862 3001 suos
888 2946 955 3000 ad
981 2961 1095 3012 eos,
1126 2962 1249 3001 eum
1277 2946 1438 3002 dicit:
1474 2944 1657 3002 Levavi
1681 2945 1860 3002 oculos
1882 2964 2022 3003 meos
2049 2947 2118 3001 ad

525 3048 743 3106 montes,
774 3037 910 3094 unde
933 3039 1094 3092 veniet
1122 3039 1384 3093 auxilium
1419 3040 1548 3094 mihi
1579 3039 1757 3112 (Psal.
1782 3041 1954 3112 οιωιι).
1998 3041 2119 3098 Non

526 3132 677 3188 enim
696 3132 809 3186 ait:
857 3131 1052 3187 Levavi
1077 3131 1264 3188 oculos
1292 3146 1441 3187 meos
1475 3133 1544 3188 ad
1582 3148 1671 3189 res
1696 3133 2017 3202 insensatas,
2060 3144 2121 3190 ut

526 3224 595 3278 ab
633 3223 718 3279 his
760 3222 1084 3294 adjutorium
1131 3222 1499 3293 adipiscerer;
1531 3223 1626 3279 sed
1651 3265 1664 3287 ,
1715 3223 1902 3279 Levavi
1944 3223 2120 3281 oculos

527 3332 667 3369 meos
692 3315 761 3370 ad
787 3325 1006 3381 montes,
1043 3315 1112 3370 ad
1138 3330 1233 3371 eos
1269 3316 1519 3371 videlicet
1542 3323 1757 3372 montes
1787 3332 1948 3387 super
1982 3332 2121 3387 quos

529 3404 773 3462 Ecclesia
794 3406 992 3462 Christi
1016 3405 1237 3463 fundata
1269 3414 1375 3474 est,
1404 3408 1617 3464 dicente
1642 3408 1929 3479 Propheta,
1974 3407 2125 3464 Fun-

528 3498 776 3556 damenta
806 3501 923 3572 ejus
956 3502 1013 3555 in
1066 3501 1329 3567 montibus
1363 3502 1559 3555 sanctis
1608 3501 1781 3574 (Psal.
1836 3502 2120 3575 LXXXVII);

530 3592 623 3664 qui
654 3594 815 3649 etiam
841 3593 1085 3649 videntes
1123 3593 1346 3650 liberari
1385 3594 1643 3665 populum
1680 3595 1774 3651 Dei
1803 3612 1834 3650 a
1860 3597 2124 3652 servitute

532 3684 816 3758 Egyptia,
853 3694 909 3744 ct
932 3687 999 3742 ad
1026 3696 1227 3744 terram
1265 3689 1703 3760 repromissionis
1734 3692 2122 3759 conscendere,

535 3779 717 3847 idest,
758 3780 943 3836 mundi
974 3779 1135 3851 hujus
1176 3795 1539 3837 mrumnosam
1570 3782 1905 3848 servitutem,
1939 3782 2124 3839 ﬁdeles

534 3888 776 3943 quosque
799 3888 1077 3943 spernere,
1123 3880 1179 3930 et
1206 3874 1275 3928 ad
1293 3879 1552 3930 :eternam
1581 3875 1812 3944 patriam
1840 3875 2127 3931 convolare

534 3965 825 4028 exsultant,
858 3965 1073 4020 dicente
1105 3966 1297 4022 eodem
1321 3966 1665 4022 sanctissimo
1686 3967 2082 4037 Prophetarum
2106 3983 2122 4023 :

537 4056 738 4111 Montes
765 4056 1153 4113 exsultaverunt
1196 4065 1252 4113 ut
1283 4059 1510 4125 arietes,
1547 4069 1593 4114 et
1635 4059 1791 4115 colles
1829 4062 1964 4116 sicut
2003 4063 2127 4133 agni

536 4148 708 4201 ovium
752 4146 924 4218 (Psal.
984 4149 1152 4221 cxrv).
1210 4148 1468 4219 Quisquis
1510 4166 1642 4221 ergo
1678 4152 1745 4206 ad
1789 4152 1887 4208 hos
1914 4160 2128 4209 montes

537 4246 717 4308 spreta
748 4255 873 4295 cum
915 4241 1127 4296 caeteris
1163 4242 1494 4297 vanitatibus
1522 4252 1896 4299 creaturarum
1937 4246 2129 4301 adora-

538 4332 703 4400 tione,
751 4332 851 4389 soli
895 4333 1008 4390 Deo
1053 4333 1335 4390 servitium
1380 4336 1664 4404 exhibens,
1700 4336 1896 4393 mentis
1943 4338 2130 4394 oculos

539 4441 730 4483 somno
750 4427 1080 4484 inﬁdelitatis
1101 4426 1322 4498 depulso
1359 4428 1520 4495 levat,
1567 4446 1691 4486 cum
1715 4431 1875 4486 aeriae
1896 4439 2133 4500 potesta-

539 4528 622 4576 tes
650 4521 761 4576 sive
786 4535 973 4576 earum
1011 4534 1269 4591 sequaces
1311 4520 1529 4592 superbi
1560 4522 1761 4593 quique
1787 4522 1856 4577 ad
1882 4523 2132 4578 exitiabi-

541 4611 621 4667 les
650 4611 811 4668 Erebi
840 4611 1134 4667 densitates
1169 4611 1549 4667 descenderiut
1571 4652 1587 4678 ,
1636 4629 1745 4668 non
1778 4614 2027 4679 timebit,
2074 4620 2130 4669 et

541 4718 664 4759 cum
688 4704 898 4760 caeteris
919 4702 1289 4773 hujuscemodi
1313 4704 1625 4761 hominibus
1655 4722 1779 4762 cum
1816 4722 2025 4762 summa
2041 4706 2133 4776 ju-

539 4799 799 4854 hilatione
846 4799 1087 4855 cantabit
1121 4815 1137 4854 :
1182 4799 1469 4873 Propterea
1511 4816 1615 4855 non
1667 4800 1961 4855 timebimus
2001 4801 2127 4856 dum

542 4889 938 4945 conturbabitur
956 4900 1118 4958 terra,
1143 4899 1189 4946 et
1204 4891 1589 4962 transferentur
1608 4900 1808 4946 montes
1830 4891 1885 4945 in
1900 4908 1990 4945 cor
2015 4908 2133 4947 ma-

540 4982 634 5037 ris.
666 4981 967 5037 Sonuerunt
1004 4990 1051 5036 et
1088 4982 1312 5036 turbata:
1335 4991 1473 5037 sunt‘
1498 4999 1650 5054 aqua:
1670 4984 1806 5054 ejus,
1835 4982 2131 5038 conturbati

540 5083 659 5130 sunt
688 5081 886 5128 montes
909 5076 967 5128 in
986 5074 1295 5144 fortitudine
1317 5074 1433 5144 ejus
1464 5073 1637 5145 (Psal.
1667 5077 1837 5151 xnvt).
1867 5074 2004 5143 Quia
2037 5074 2136 5145 igi‘

564 5180 634 5220 ur
657 5165 913 5235 antiquus
947 5164 1137 5229 hostis,
1183 5162 1335 5233 cujus
1374 5166 1633 5223 satellites
1661 5168 1716 5223 in
1744 5167 1912 5224 sacris
1937 5165 2132 5222 litteris

539 5254 856 5327 plerumque
880 5255 1135 5309 montium
1161 5255 1377 5312 nomine
1406 5257 1776 5329 designantur,
1806 5259 2019 5315 illorum
2048 5258 2134 5313 in-

540 5345 850 5402 dubitanter
868 5346 1151 5412 montium,
1173 5347 1528 5420 malignorum
1545 5350 1796 5406 videlicet
1818 5349 2128 5420 spirituum,

543 5437 608 5492 de
651 5435 847 5507 quibus
890 5452 989 5507 per
1026 5437 1236 5495 Nahum
1277 5442 1596 5511 prophetam
1637 5441 1838 5498 dicitur
1868 5456 1884 5496 :
1920 5440 2129 5496 Montes

543 5529 786 5584 commoti
815 5538 933 5585 sunt
958 5532 1021 5586 ab
1055 5532 1168 5599 illo,
1216 5542 1263 5589 et
1302 5532 1459 5589 colles
1502 5542 1822 5589 tremuerunt
1864 5531 2128 5605 (Na/tum.

544 5620 620 5693 1);
660 5629 716 5675 et
747 5622 812 5677 de
836 5622 1031 5692 quibus
1051 5624 1339 5694 Apostolus
1369 5624 1501 5680 dicit
1528 5643 1540 5678 :
1585 5623 1646 5680 Si
1667 5624 1897 5678 habuero
1927 5636 2130 5676 omnem

546 5714 718 5788 ﬁdem,
758 5716 831 5769 ita
872 5724 927 5771 ut
956 5727 1155 5773 montes
1195 5719 1512 5790 transferam
1556 5717 1607 5790 (Ι
1664 5717 1787 5772 Cor.
1825 5717 1970 5787 xm),
2015 5728 2135 5769 om-

546 5807 695 5883 ujum
714 5808 979 5873 malorum
1007 5826 1221 5884 suasor,
1256 5820 1313 5871 et
1333 5828 1364 5871 e
1395 5810 1673 5873 contrario
1697 5809 1942 5870 omnium
1962 5809 2162 5904 bono-1

2149 3197 2196 3261 C

2200 567 2292 609 ras
2312 552 2511 620 colere,
2535 560 2595 607 ut
2621 567 2716 608 eos
2749 567 2778 606 a
2804 560 3048 607 creatore
3081 557 3367 616 averteret,
3394 550 3541 606 illius
3558 564 3807 621 persna-

2199 643 2441 701 sionibus
2460 644 2715 714 pessimis
2745 651 2927 700 actum
2948 650 3061 710 est,
3109 650 3168 697 ut
3192 650 3566 699 creaturarum
3585 642 3808 697 adora-

2201 734 2277 790 tio
2327 735 2647 791 inolesceret
2668 774 2685 801 ,
2742 749 2864 805 qua:
2922 734 3023 790 sub
3067 740 3335 805 praetextu
3382 733 3808 804 quodammodo

2200 827 2475 899 religionis
2508 836 2563 883 et
2588 827 2905 884 reverentiae
2937 833 3269 894 sanctorum,
3317 841 3570 897 magnum
3599 826 3670 882 in
3717 826 3810 883 hi

2201 918 2378 975 locum
2401 927 2568 985 tenet,
2601 921 2695 992 qui
2719 920 2984 991 imagines
3004 935 3062 976 se
3085 935 3155 976 ex
3183 926 3298 976 toto
3317 920 3478 977 corde
3504 921 3812 991 suscipere

2201 1022 2257 1070 et
2278 1014 2505 1071 adorare
2531 1014 2787 1070 fatentur.
2832 1012 2969 1068 Nam
2999 1014 3129 1069 dum
3150 1014 3432 1069 amborum
3463 1028 3631 1070 error
3656 1030 3812 1085 pene

2200 1120 2318 1178 par,
2347 1117 2409 1165 ut
2434 1106 2647 1178 prtefati
2694 1122 2914 1172 sumus,
2959 1106 3048 1171 sit,
3084 1106 3139 1160 in
3168 1120 3234 1161 eo
3258 1120 3490 1176 namque
3524 1106 3811 1177 quodam-

2202 1204 2364 1260 modo
2386 1204 2567 1274 dispar
2593 1218 2715 1260 esse
2737 1202 3091 1272 dignoscitur,
3118 1201 3262 1271 quod
3287 1200 3693 1257 Constantinus
3712 1215 3811 1257 eos

2205 1295 2297 1365 qui
2327 1295 2606 1351 servitium
2634 1295 2736 1351 soli
2764 1295 2876 1350 Deo
2917 1293 3158 1349 debitum
3188 1294 3454 1348 creaturis
3478 1293 3812 1363 impendens

2205 1395 2478 1455 recusant,
2521 1388 2767 1445 inﬁdeles
2810 1396 2866 1443 et
2916 1386 3224 1443 incredulos
3262 1385 3484 1455 iudicat,
3519 1386 3812 1441 Eutimius

2207 1498 2336 1539 vero
2354 1499 2465 1540 non
2482 1498 2577 1538 eos
2592 1490 2652 1536 ut
2674 1481 3006 1549 incredulos,
3032 1481 3129 1536 sed
3156 1488 3215 1535 ut
3239 1478 3523 1535 haereticos
3551 1479 3811 1545 damnat,

2207 1577 2298 1648 qui
2323 1586 2502 1633 tamen
2524 1583 2669 1642 sunt,
2691 1583 2752 1630 ut
2778 1576 2857 1631 ait
2891 1574 3141 1631 Sedulius
3177 1574 3246 1630 de
3271 1575 3617 1645 quibusdam,

2360 1667 2517 1717 Ambo
2540 1679 2712 1718 errore
2734 1678 2881 1730 pares
2902 1678 3178 1729 quanquam
3200 1666 3396 1717 diversa
3412 1676 3722 1729 sequentes,

2211 1752 2304 1823 qui
2327 1752 2576 1808 videlicet
2605 1752 2675 1808 ob
2704 1751 2867 1809 unius
2891 1750 3094 1808 erroris
3135 1750 3405 1807 insaniam
3431 1759 3682 1807 sanctam
3706 1766 3813 1805 ca-

2208 1844 2458 1901 tholicam
2480 1844 2676 1914 partim
2700 1842 3053 1908 incredulam,
3080 1841 3279 1912 partim
3314 1841 3625 1897 haereticam
3648 1857 3815 1896 mesi-

2207 1940 2416 1995 timtur
2462 1936 2782 1992 Ecclesium.
2821 1935 2958 1990 Nam
3005 1934 3049 1990 si
3102 1950 3203 1991 nos
3252 1949 3445 1990 omnes
3478 1933 3812 2005 generaliter

2205 2031 2520 2095 Christiani,
2546 2030 2636 2100 qui
2652 2029 2852 2100 spretis
2870 2036 3243 2085 creaturarum
3266 2027 3497 2083 culturis
3515 2027 3812 2082 servitium
3909 2088 3920 2103 θ

2207 2123 2307 2179 soli
2334 2123 2445 2178 Deo
2487 2122 2726 2177 debitum
2764 2121 2844 2177 illi
2886 2120 2986 2176 soli
3028 2120 3343 2189 impendere
3384 2120 3662 2190 cupimus,
3710 2119 3802 2174 cui

2207 2213 2404 2270 merito
2448 2211 2550 2268 soli
2576 2213 2822 2279 debetur,
2864 2212 2985 2269 ideo
3010 2211 3271 2276 haeretici,
3323 2211 3455 2281 quia
3480 2210 3814 2281 imaginibus

2208 2319 2317 2360 non
2347 2303 2611 2359 servimus
2632 2345 2648 2370 ,
2696 2304 2765 2359 ab
2804 2302 2921 2359 istis
2949 2302 3258 2373 iudicamur
3278 2342 3295 2369 ,
3326 2302 3405 2357 illi
3451 2301 3815 2371 proculdubio

2210 2399 2325 2455 sive
2352 2406 2477 2454 ante
2514 2397 2804 2453 adventum
2846 2396 3205 2466 redemptoris
3226 2436 3242 2461 ,
3290 2396 3405 2450 sive
3442 2404 3574 2466 post
3612 2396 3815 2451 adven-

2213 2500 2360 2557 tum,
2405 2490 2497 2560 qui
2528 2488 2796 2545 creaturis
2838 2488 3240 2553 inserviebam,
3283 2486 3510 2543 omnino
3558 2484 3815 2542 catholici

2208 2582 2634 2653 iudicabuntur;
2677 2588 2733 2636 et
2775 2581 2822 2636 si
2856 2580 2938 2636 illi
2975 2578 3272 2646 increduli,
3316 2587 3374 2635 et
3410 2592 3613 2634 revera
3643 2579 3817 2633 incre-

2215 2675 2348 2741 duli,
2396 2674 2524 2745 quia
2566 2687 2667 2745 pro
2709 2679 2956 2729 creatore
2998 2677 3281 2728 creaturas
3317 2670 3599 2735 colebant,
3645 2669 3817 2725 modis

2216 2767 2468 2824 omnibus
2483 2766 2794 2836 judicantur
2813 2806 2828 2830 ,
2880 2779 2980 2820 nos
3008 2763 3101 2833 qui
3130 2763 3225 2817 uni
3253 2771 3310 2819 et
3333 2762 3437 2819 soli
3479 2763 3597 2818 Deo
3625 2761 3818 2833 spretis

2217 2858 2549 2914 vanitatibus
2582 2857 2872 2922 servimus,
2897 2863 2954 2911 et
2986 2854 3104 2924 ejus
3128 2855 3336 2911 sanctis
3374 2870 3729 2926 consequens
3764 2864 3820 2912 et

2219 2965 2516 3022 congruum
2544 2948 2865 3019 obsequium
2894 2946 3263 3017 impertimus,
3313 2945 3575 3003 catholici
3602 2955 3661 3002 et
3692 2945 3820 3003 lide-

2220 3046 2301 3101 lcs
2328 3043 2649 3101 habebimur
2674 3049 2731 3098 et
2758 3040 3149 3111 judicabimur.

2817 3153 3045 3212 CAPUT
3084 3152 3228 3209 XIX.

2226 3272 2426 3329 Inutile
2447 3268 2511 3327 ‘et
2533 3268 2793 3325 dementia
2816 3267 3081 3340 prolatum
3119 3274 3167 3322 et
3194 3266 3309 3340 risu
3350 3265 3583 3340 dignum
3606 3265 3822 3340 dictum

2293 3345 2481 3420 Agapii
2509 3342 2765 3420 Cresarear
2790 3336 3138 3420 Cappadocia:
3427 3336 3823 3420 reprehenditur

2293 3408 2432 3540 isn'eo
2453 3413 2591 3495 quod
2631 3411 2795 3465 dixit:
2839 3408 3117 3481 Scriptum
3144 3408 3228 3465 est
3266 3408 3322 3464 in
3346 3408 3568 3463 nostris
3621 3408 3823 3462 divinis

2338 3494 2614 3555 crlpturts.

2296 3576 2364 3632 Et
2386 3577 2703 3646 plerumque
2739 3574 3011 3646 imperitia
3043 3588 3172 3630 sons
3197 3579 3300 3638 est,
3345 3579 3404 3627 et
3456 3570 3680 3637 insons;
3727 3568 3820 3625 sed

2225 3671 2497 3742 imperitia
2511 3685 2639 3725 sons
2650 3671 2843 3726 crebro
2855 3676 2913 3725 ut
2929 3666 3130 3723 olliciat
3144 3664 3687 3735 elaborat,imperitia
3697 3677 3821 3718 vero

2225 3765 2414 3823 insons
2432 3762 2649 3820 allicere
2672 3762 2804 3817 nulli
2840 3760 3074 3817 allectat.
3128 3759 3233 3815 Sed
3253 3760 3380 3814 dum
3408 3766 3705 3827 utrumque
3730 3770 3818 3828 ge-

2225 3872 2329 3913 nus
2360 3873 2471 3913 non
2498 3855 2570 3911 sit
2595 3864 2821 3926 peccato
2855 3851 3179 3923 subjectum,
3202 3858 3498 3932 utrumque
3529 3861 3713 3904 tamen
3743 3853 3818 3901 est

2226 3944 2637 4018 reprehensioni
2660 3945 2973 4009 obnoxium,
3015 3944 3269 4015 quoniam
3306 3941 3584 4012 imperitia
3629 3946 3821 3995 sunset

2224 4046 2451 4109 peccato
2476 4036 2739 4108 subjacet,
2770 4043 2956 4107 utpote
2981 4051 3103 4107 quae
3122 4035 3380 4106 probrosa
3410 4032 3688 4088 alliciendi
3723 4032 3817 4086 im-

2226 4129 2447 4199 pellitur
2465 4129 2760 4194 voluntate,
2785 4135 2841 4183 et
2864 4126 3296 4199 reprehensioni,
3337 4125 3453 4180 sive
3476 4126 3607 4195 quia
3636 4138 3821 4195 pecca-

2231 4229 2343 4275 tum
2365 4236 2470 4275 non
2494 4229 2646 4276 caret
2667 4218 3110 4289 reprehensione,
3146 4218 3259 4274 sive
3280 4217 3406 4288 quia
3430 4218 3581 4289 quod
3604 4218 3690 4273 vel
3709 4232 3821 4288 pro-

2229 4314 2375 4369 fatur
2392 4313 2477 4369 vel
2513 4321 2792 4384 operatur,
2833 4320 2887 4369 et
2939 4312 3253 4382 insipienter
3280 4311 3337 4367 id
3371 4309 3508 4367 facit
3529 4321 3590 4367 et
3652 4311 3823 4366 ineru-

2230 4406 2369 4474 dite;
2401 4406 2670 4477 imperitia
2696 4419 2826 4461 vero
2850 4404 3037 4462 insons
3059 4405 3162 4463 etsi
3190 4405 3245 4459 in
3268 4418 3334 4459 eo
3368 4412 3605 4474 peccato
3626 4410 3819 4467 careat,

2230 4515 2298 4557 eo
2334 4500 2479 4571 quod
2500 4499 2771 4556 neminem
2809 4499 2975 4566 laedit,
3016 4497 3437 4571 reprehensione
3492 4506 3682 4554 tamen
3724 4512 3820 4553 non

2232 4602 2401 4659 caret,
2428 4593 2554 4663 quia
2580 4606 2741 4648 omne
2767 4591 3077 4663 imperitum
3098 4589 3435 4647 ineruditum
3461 4598 3572 4657 est,
3601 4600 3659 4647 et
3676 4602 3819 4646 omne

2232 4684 2560 4740 ineruditum
2597 4684 3003 4754 reprehensioni
3044 4682 3366 4739 succumbit.
3456 4683 3539 4739 Ac
3581 4698 3683 4754 per
3731 4684 3819 4738 hoc

2232 4777 2736 4834 ridiculosissimum
2753 4777 2955 4834 dictum
2978 4775 3166 4848 Agapii
3188 4774 3453 4832 Caesarea:
3478 4773 3819 4846 Cappadocia

2231 4869 2487 4941 episcopi,
2536 4870 2681 4939 quod
2702 4870 2839 4926 dixit
2880 4885 2895 4923 :
2937 4868 3204 4940 Scriptum
3225 4877 3300 4924 est
3337 4869 3395 4922 in
3421 4869 3625 4923 nostris
3648 4866 3820 4923 diuinis

2231 4962 2537 5033 scripturis:
2572 4968 2666 5015 aut
2698 4961 2871 5017 eidem
2894 4959 3299 5032 reprehensioni
3315 4975 3439 5030 quae
3468 4969 3701 5031 peccato
3734 4960 3819 5015 ob-

2240 5053 2401 5109 noxia
2426 5058 2530 5120 est,
2568 5060 2665 5107 aut
2690 5052 2865 5109 eidem
2890 5067 3011 5123 quae
3037 5051 3321 5123 imperitia:
3342 5050 3617 5122 subjacet,
3646 5053 3821 5109 cedere

2240 5145 2645 5217 comprobatur,
2676 5144 2929 5216 quoniam
2960 5153 3054 5200 aut
3096 5157 3159 5200 eo
3179 5150 3405 5213 peccato
3439 5144 3682 5200 obnoxia
3728 5152 3818 5208 est,

2239 5240 2383 5313 quod
2427 5254 2535 5310 quo
2569 5245 2731 5309 pacto
2750 5237 3021 5308 principes
3042 5251 3229 5295 eorum
3258 5237 3385 5292 dum
3412 5235 3525 5291 sint
3565 5236 3817 5299 homines.

2238 5330 2452 5387 caeteris
2478 5330 2808 5387 mortalitate
2851 5345 2961 5385 non
2983 5327 3290 5392 dissimiles,
3317 5328 3490 5384 Deum
3510 5328 3617 5384 sibi
3645 5341 3812 5384 conre-

2238 5439 2406 5497 gnare
2427 5424 2631 5489 dicunt,
2667 5431 2722 5479 et
2748 5438 2806 5477 se
2829 5422 2975 5476 diuos
3008 5434 3211 5490 suaque
3232 5430 3385 5491 gesta
3406 5420 3491 5476 vel
3519 5421 3663 5479 dicta
3688 5421 3811 5475 dira-

2234 5517 2309 5573 lia
2334 5524 2669 5588 nuncupant,
2694 5531 2760 5571 eo
2795 5513 3053 5570 nimirum
3074 5522 3234 5586 pacto
3261 5530 3387 5569 suas
3426 5512 3730 5586 Scripturas
3752 5509 3813 5565 di

2234 5609 2380 5664 vinas
2404 5616 2746 5678 nuncupant;
2779 5614 2871 5662 aut
2902 5606 2957 5661 in
2982 5620 3047 5662 eo
3070 5603 3484 5678 reprehensioni
3504 5600 3818 5665 succumbit,

2235 5703 2382 5774 quod
2422 5701 2748 5773 eloquentiae
2778 5698 3006 5767 inscius,
3055 5697 3312 5770 loquendi
3338 5698 3641 5754 venustatis
3678 5695 3813 5767 igna-

2234 5812 2330 5859 rus
2356 5796 2485 5905 dum
2505 5795 2686 5856 dicere
2708 5794 2990 5867 debuerat,
3029 5793 3089 5857 in
3132 5792 3339 5855 nostris
3363 5791 3662 5901 codicibus
3687 5783 3841 5905 divi;
