4016 6292
149 300 293 362 “53

933 293 1114 353 LIBRI
1151 292 1495 352 CAROLINL
1536 321 1606 335 --
1641 289 1865 350 CAPIT.
1898 290 1987 349 DE
2017 290 2207 351 IMAG.
2246 320 2318 333 —
2353 289 2484 348 LIB.
2519 290 2608 350 Ill.

3260 290 3405 357 ΗΜ

147 426 246 470 nas
275 406 587 479 Seripturas
626 403 1059 472 continentibus,
1101 414 1194 461 aut
1234 405 1439 477 aliquid
1474 403 1723 475 hujusce—
1748 406 1803 469 Α
1827 404 2135 460 monasterii
2160 384 2335 462 sancti
2358 404 2589 465 Andreae
2625 403 2683 461 in
2721 417 2864 478 sape
2908 415 3207 465 memorata
3225 410 3408 469 vanis-

146 499 316 565 modi,
338 498 395 553 id
414 512 446 551 e
466 493 740 552 contrario
768 493 1123 565 incomposite
1146 502 1201 549 et
1220 493 1506 550 ridiculose
1527 491 1727 549 dixisse

144 592 338 655 fertur,
390 590 445 643 in
472 587 665 642 nostris
699 585 891 641 divinis
916 586 1189 657 scripturis
1220 602 1243 642 :
1296 586 1440 657 quod
1486 585 1726 656 quidem,

145 685 286 741 sicut
322 678 535 752 praefati
552 692 757 744 sumus,
786 676 1108 747 arrogantia:
1133 675 1296 743 fastu,
1337 692 1444 747 quo
1476 685 1532 732 et
1557 675 1728 731 Deum

144 776 250 832 sibi
275 786 611 843 conregnare
653 778 709 828 et
729 786 788 828 se
815 771 968 827 divos
1011 784 1323 842 nuncupare
1372 778 1724 841 praesumunt,

142 866 436 940 protulisse
464 864 778 928 creduntur,
813 862 1025 917 insania
1050 870 1155 919 est.
1230 860 1291 918 Si
1307 876 1437 917 vero
1473 861 1619 917 aliud
1646 861 1730 917 di-

144 975 270 1017 cere
299 958 600 1030 cupientes,
628 954 775 1012 aliud
797 954 1005 1021 dixere,
1034 969 1138 1010 nec
1155 961 1308 1010 tanta
1334 953 1392 1009 in
1417 953 1500 1009 eis
1525 953 1730 1009 acumi-

145 1052 231 1107 nis
252 1051 340 1106 vis
375 1056 479 1114 est,
515 1054 575 1103 ut
608 1062 729 1118 quae
766 1045 930 1102 corde
981 1045 1309 1116 wncipiunt,
1333 1044 1424 1099 vix
1460 1044 1626 1100 certis
1664 1058 1729 1099 ac

144 1144 381 1217 propriis
409 1139 590 1197 verbis
611 1137 919 1211 signiﬁcare
935 1145 1152 1209 queant,
1182 1135 1395 1208 ignavia
1418 1141 1530 1193 est:
1555 1150 1620 1190 ac
1631 1149 1729 1206 per

145 1235 250 1295 hoc
278 1237 337 1293 in
365 1233 632 1291 utramvis
664 1240 875 1303 partem
908 1246 1009 1302 per
1060 1231 1215 1287 devia
1236 1238 1329 1285 aut
1366 1229 1616 1301 superbia
1649 1226 1729 1284 fe-

146 1338 343 1387 runtur
352 1328 502 1393 elati,
534 1334 627 1381 aut
644 1326 830 1396 ignora
837 1322 961 1379 mia:
980 1322 1288 1394 caliginosis
1301 1321 1609 1377 retinaculis
1620 1336 1734 1375 cre-

147 1423 350 1478 duntur
367 1417 587 1475 addicti.
654 1415 787 1484 Quis
816 1430 944 1487 ergo
977 1429 1214 1485 unquam
1239 1414 1355 1469 sani
1398 1414 1590 1483 capitis
1624 1412 1731 1467 tale

146 1513 276 1585 quid
296 1509 535 1567 dixerit?
566 1507 702 1575 Quis
729 1522 875 1563 sana:
894 1506 1091 1562 mentis
1121 1506 1226 1561 tale
1247 1505 1375 1575 quid
1406 1504 1734 1575 protulerit?

146 1606 276 1675 Qua:
310 1605 586 1671 vecordia,
622 1618 810 1673 quieve
848 1603 920 1657 sit
947 1601 1185 1657 amentia
1224 1601 1497 1655 hominem
1529 1608 1734 1655 morta-

145 1698 270 1764 lem,
316 1696 662 1769 passionibus
704 1692 1094 1763 subjaeentem,
1138 1692 1345 1747 dicere:
1366 1689 1631 1761 Scriptum
1653 1698 1730 1745 est

1825 497 1962 554 sima
1985 500 2210 571 synodo,
2234 516 2354 571 quae
2375 514 2473 571 pro
2494 499 2784 557 aderandis
2794 499 3119 572 imaginibus
3138 508 3288 574 gesta
3303 510 3409 571 est,

1826 588 2012 657 refert,
2049 588 2167 645 Vidi
2202 591 2446 663 angelum
2476 592 2532 646 in
2554 593 2781 663 imgine
2822 601 3208 666 persequentem
3233 593 3401 649 multi-

1826 683 2061 739 tudinem
2086 685 2451 740 barbarorum.
2474 683 2613 739 Nam
2636 684 2766 739 dum
2794 684 2849 740 hi
2872 686 2965 756 qui
2989 684 3047 742 in
3071 686 3259 744 eadem
3283 702 3413 759 syn-

1829 776 1935 833 odo
1970 777 2140 834 fuisse
2173 785 2562 842 memorantur,
2621 776 3073 848 patriarcharum,
3123 779 3409 851 propheta-

1827 885 1950 925 rum
1973 879 2400 942 ceterorumque
2428 880 2743 926 sanctorum
2766 879 2825 927 et
2860 870 3149 927 illustrium
3168 873 3412 930 virorum

1826 962 1990 1017 verba
2012 963 2082 1018 ob
2104 962 2400 1034 imaginum
2412 962 2784 1018 adorationem
2805 962 3179 1020 stabiliendam
3197 973 3412 1035 pertur-

1826 1050 1958 1107 bare
1980 1052 2242 1119 nitantur,
2256 1068 2352 1109 eos
2375 1053 2607 1123 denique
2624 1053 2964 1125 patriarchas
2977 1055 3223 1126 quaedam
3238 1057 3417 1127 egisse

1827 1157 1947 1213 quae
1972 1158 2080 1199 non
2123 1143 2333 1215 egerint
2377 1144 2728 1211 mentiantur,
2785 1159 2896 1200 non
2921 1150 3007 1199 est
3034 1144 3335 1201 mirandum
3369 1145 3415 1201 si

1828 1232 1992 1288 etiam
2004 1234 2269 1290 Joannem
2284 1234 2730 1307 Chrysostomnm
2743 1236 2874 1292 talia
2903 1237 3104 1293 dixisse
3125 1238 3403 1294 criminen-

1828 1331 1937 1380 tur.
1964 1325 2218 1396 Nunquid
2237 1325 2383 1381 enim
2409 1327 2666 1398 prtel’atus
2710 1328 2795 1382 vir
2838 1336 2950 1383 tam
2976 1328 3253 1399 eloquens,
3280 1337 3401 1385 tam-

1830 1430 1937 1486 que
1968 1416 2212 1472 eruditus
2233 1416 2438 1472 diceret
2467 1430 2483 1471 :
2527 1416 2643 1471 Vidi
2687 1417 2930 1489 angelum
2967 1420 3023 1473 in
3046 1420 3274 1492 imagine
3297 1437 3419 1493 per-

1828 1514 2121 1576 sequentem
2140 1505 2485 1561 barbarorum
2509 1508 2919 1577 multitudinem,
2971 1526 3094 1566 cum
3120 1513 3287 1569 sciret
3322 1527 3421 1568 an-

1829 1598 2072 1671 gelorum
2102 1598 2464 1656 immortalem
2486 1608 2738 1655 naturam
2757 1616 3098 1674 nequaquam
3135 1611 3195 1660 ut
3216 1606 3287 1661 ab
3323 1606 3423 1662 ho-

1829 1690 2066 1748 minibus
2100 1692 2349 1748 videatur
2389 1694 2729 1765 picturarum
2759 1709 2880 1751 esse
2904 1696 3202 1768 indignam.
3282 1697 3423 1754 Sunt

145 1792 201 1845 in
233 1790 429 1845 nostris
481 1787 671 1842 divinis
713 1782 1026 1856 scripturis?
1061 1782 1121 1838 Si
1168 1797 1299 1854 ergo
1325 1782 1516 1836 nostris
1539 1821 1554 1847 ,
1604 1796 1740 1851 quo-
1766 1774 1815 1836 Β
1843 1779 1985 1836 enim
2018 1789 2212 1837 natura
2245 1782 2486 1853 spiritus,
2523 1781 2699 1839 cilicio
2747 1784 2943 1856 angeli,
2982 1787 3075 1856 qui
3107 1794 3170 1841 ut
3215 1787 3284 1841 ab
3329 1788 3424 1845 ho-

147 1882 309 1938 modo
322 1880 513 1935 divinis
538 1878 644 1934 .’Et
675 1877 720 1933 si
742 1876 953 1943 divinis,
981 1874 1252 1946 quomodo
1271 1874 1503 1930 nostris?
1529 1873 1612 1927 Ab
1633 1873 1736 1928 ho-

145 1975 295 2029 mine
321 1988 447 2043 ergo
473 1971 751 2028 derivatur
780 1969 1068 2034 humanus,
1103 1982 1135 2023 a
1164 1967 1275 2023 Deo
1298 1965 1572 2021 derivatur
1599 1964 1738 2017 divi-

146 2080 270 2117 nus.
344 2063 550 2118 Nostrae
600 2062 804 2118 etenim
851 2058 1135 2130 scriptura:
1158 2056 1407 2113 humana:
1435 2064 1591 2122 sunt,
1641 2054 1740 2110 Dei

143 2154 446 2225 Scriptura:
471 2151 666 2209 divinae
714 2159 841 2209 sunt
872 2170 887 2206 :
926 2151 995 2208 de
1022 2149 1299 2207 codicibus
1328 2158 1507 2204 tamen
1537 2155 1739 2205 sanctae
1772 2204 1777 2215 ,

142 2246 278 2318 legis
325 2245 506 2302 dicere
537 2260 640 2301 nos
681 2246 822 2301 ratio
864 2245 1147 2316 permittit,
1191 2244 1356 2298 nostri
1390 2242 1592 2297 codices
1617 2282 1631 2307 ,
1672 2241 1741 2296 de

146 2340 448 2410 Scripturis
475 2354 603 2395 vero
631 2338 828 2395 divinis
871 2353 980 2394 non
1019 2337 1180 2392 aliter
1224 2335 1330 2392 nisi
1355 2336 1565 2391 divinas
1595 2334 1741 2391 Scri-

144 2442 336 2507 pturas
356 2439 506 2488 recte
525 2439 580 2486 et
608 2430 989 2486 convenienter
1024 2428 1322 2485 secundum
1360 2427 1626 2483 rationem
1657 2427 1741 2482 di-

145 2537 272 2579 cere
300 2522 569 2576 valemus.
629 2520 781 2586 Esto,
826 2519 931 2575 hoc
949 2519 1154 2574 dictum
1176 2518 1571 2574 rationabiliter
1594 2525 1741 2573 stare

139 2625 380 2691 poterat,
411 2625 743 2672 cumtamen
778 2629 888 2670 non
934 2615 1124 2684 possit,
1166 2630 1275 2685 quo
1296 2629 1397 2670 nec
1424 2614 1489 2669 de
1528 2613 1743 2684 jactan-

139 2710 232 2765 tia:
251 2709 407 2765 fonte
435 2708 727 2763 scaturisse
757 2713 1095 2773 nosceretur,
1126 2721 1228 2762 nec
1248 2707 1314 2762 de
1337 2706 1621 2777 imperitiae
1648 2707 1744 2761 ba-

141 2803 339 2858 rathro
356 2817 605 2857 manasse
630 2803 961 2867 crederetur,
998 2800 1052 2855 in
1081 2816 1147 2857 eo
1172 2800 1401 2870 denique
1422 2797 1743 2870 reprehendi

140 2899 327 2954 modis
346 2897 599 2953 omnibus
621 2903 893 2966 poterant,
917 2895 1060 2965 quod
1084 2908 1209 2950 cum
1233 2894 1305 2950 sit
1323 2892 1512 2949 inutile
1537 2892 1745 2947 inutili-

140 2999 231 3047 ter
261 2990 331 3045 ad
360 3005 479 3046 rem
529 2990 794 3057 inutilem,
846 2989 914 3045 ad
936 2990 1229 3063 imaginum
1268 2989 1517 3046 videlicet
1551 2988 1746 3044 adora-

140 3083 355 3138 tionem
413 3081 783 3148 astruendam,
841 3080 1114 3151 prolatum
1166 3075 1333 3136 fuisse
1377 3080 1745 3135 monstratur?

1837 1872 2074 1930 minibus
2145 1874 2316 1931 videri
2384 1875 2635 1947 possint,
2699 1892 2929 1947 corpora
2975 1892 3044 1933 ex
3096 1878 3428 1937 lucidissime

1836 1967 2058 2031 mthere,
2109 1982 2213 2024 nec
2232 1983 2301 2024 ex
2323 1968 2592 2040 pictorum
2619 1969 2850 2041 Opiﬁciis
2887 1985 3163 2028 assumere
3198 1973 3429 2029 credun-

1836 2063 1957 2112 tur:
1988 2057 2132 2114 unde
2152 2075 2260 2115 non
2309 2069 2392 2116 est
2425 2061 2756 2116 credendum
2780 2075 2841 2117 ut
2875 2077 2908 2117 a
2931 2061 3139 2119 Joanne
3164 2064 3281 2119 viro
3317 2064 3431 2121 elo-

1838 2149 2194 2220 quentissimo
2216 2150 2324 2207 tale
2348 2150 2549 2206 dictum
2581 2152 2651 2207 sit
2670 2152 2962 2223 prolatum,
2999 2154 3145 2224 quod
3168 2170 3270 2211 nec
3314 2171 3432 2212 ver-

1838 2243 1922 2299 bis
1946 2244 2018 2299 sit
2043 2244 2358 2315 expolitum,
2394 2259 2494 2300 nec
2515 2259 2677 2301 sensu
2703 2245 2958 2312 lucidum,
2974 2262 3075 2303 nec
3096 2247 3203 2303 ulla
3223 2248 3431 2305 ratione

1840 2337 2149 2392 subnixum.
2222 2338 2320 2393 Est
2343 2338 2488 2394 enim
2518 2338 2573 2394 in
2610 2354 2676 2395 eo
2700 2340 2894 2396 vitium
2924 2341 3431 2414 quodgrammatici

1840 2430 2228 2501 amphibolian,
2251 2432 2306 2486 id
2329 2439 2415 2487 est
2464 2432 2871 2504 ambiguitatem
2924 2434 3175 2492 dictionis
3225 2450 3433 2494 nuncn-

1840 2532 1991 2594 pant,
2013 2524 2139 2593 quia
2166 2523 2295 2577 dum
2320 2522 2539 2590 dicitur,
2580 2522 2696 2577 Vidi
2718 2523 2962 2596 angelum
2983 2526 3040 2580 in
3067 2527 3295 2598 imagine
3314 2544 3433 2601 per-

1841 2628 2137 2691 sequentem
2161 2618 2506 2673 barbarorum
2528 2619 2715 2685 aciem,
2730 2633 2839 2675 non
2858 2619 3137 2677 evidenter
3158 2622 3433 2690 eluceseit,

1843 2721 2025 2768 utrum
2052 2712 2303 2784 angelum
2330 2713 2387 2767 in
2419 2711 2655 2781 imagine
2683 2712 2878 2768 viderit
2940 2714 3036 2784 qui
3077 2714 3206 2771 alibi
3246 2728 3426 2787 persc-

1844 2813 2101 2875 queretur
2144 2805 2502 2861 barbarorum
2548 2804 2980 2872 multitudinem,
3051 2822 3122 2862 an
3183 2807 3435 2879 angelum

1844 2895 1972 2952 alibi
2003 2896 2178 2951 vismn
2206 2895 2373 2952 fuisse
2395 2903 2451 2951 et
2475 2894 2530 2950 in
2562 2897 2798 2967 imagine
2837 2897 3194 2954 barbarorum
3250 2913 3427 2969 perse-

1844 2986 1937 3055 qui
1964 2987 2359 3043 multitudinem
2383 3005 2397 3042 :
2424 2987 2569 3058 quod
2590 2987 2809 3057 quidem
2837 2988 3040 3044 dictum
3064 2998 3122 3045 et
3142 2990 3190 3045 si
3229 2990 3333 3047 hoc
3357 2991 3425 3045 .vi-

1847 3078 1923 3133 tio
1950 3087 2179 3146 careret,
2234 3079 2354 3134 aliis
2395 3094 2611 3149 quoque
2631 3078 2844 3134 indiciis
2875 3080 3013 3134 tanti
3050 3080 3152 3135 viri
3173 3095 3281 3137 non
3318 3094 3440 3137 esse

141 3188 170 3215 ι
203 3173 322 3231 Nec
351 3174 616 3245 refragari
663 3174 714 3229 ei
740 3146 917 3244 potest
942 3174 1175 3243 quodam
1209 3171 1371 3228 modo
1401 3172 1741 3242 simplicitas,
1772 3146 1817 3211 C
1848 3180 2151 3243 appareret,
2174 3172 2268 3242 qui
2291 3146 2671 3241 dum—ejusdem
2701 3186 2810 3227 non
2835 3169 3000 3226 fuerit
3019 3173 3214 3238 aetatis,
3243 3171 3443 3228 ridicu-

138 3283 267 3337 quae
292 3271 615 3338 plerumque
639 3266 803 3321 rectis
823 3266 1125 3335 quibusque
1149 3265 1414 3319 inhmrere
1437 3264 1593 3329 solet,
1619 3279 1745 3319 cum

140 3360 197 3415 id
231 3374 352 3414 non
381 3373 536 3429 pura,
569 3373 679 3412 non
705 3366 871 3421 recta,
914 3357 1010 3413 sed
1045 3371 1298 3427 perversa
1320 3356 1597 3411 voluntate
1626 3372 1749 3428 pro-

137 3451 325 3507 latum
351 3465 471 3506 esse
498 3458 729 3517 constet.
816 3446 875 3504 Si
926 3447 1073 3503 enim
1113 3463 1181 3504 ex
1224 3446 1527 3502 rusticitate
1560 3455 1748 3503 sancta

139 3563 271 3619 qua:
287 3547 395 3602 sibi
414 3546 587 3601 solum
608 3545 881 3601 interdum
911 3542 1144 3615 prolicit,
1162 3541 1481 3614 simpliciter
1507 3549 1564 3598 et
1591 3542 1748 3597 inno-

138 3659 269 3708 cue,
301 3650 361 3697 et
393 3656 502 3696 non
531 3640 598 3694 ad
626 3639 829 3710 aliquid
868 3637 1115 3693 illicitum
1150 3635 1499 3691 asscrendum
1525 3650 1748 3705 proces-

136 3738 288 3792 sisse
313 3733 746 3805 dignosceretur,
777 3746 807 3785 a
826 3729 935 3784 Deo
960 3729 1052 3800 qui
1076 3736 1350 3783 scrutator
1370 3727 1551 3805 cordis
1570 3735 1626 3782 et
1653 3741 1742 3782 re-

138 3842 283 3883 num
305 3800 411 3891 est,
441 3822 861 3894 quiplerumque
880 3819 1185 3875 voluntates
1210 3818 1392 3891 potius
1403 3800 1566 3889 quam
1595 3825 1750 3873 actus

137 3919 483 3985 considerat,
523 3917 574 3972 ei
601 3914 955 3987 proculdubio
981 3914 1370 3984 ignosceretur.
1422 3910 1573 3965 Sicut
1604 3910 1751 3965 enim

136 4011 297 4069 mala
330 4009 584 4067 voluntas
603 4007 707 4064 etsi
738 4023 845 4063 non
870 4005 1071 4076 aliquid
1101 4005 1228 4061 mali
1262 4019 1429 4076 opere
1450 4009 1747 4076 perpetret,

138 4116 340 4160 tamen
362 4117 464 4174 pro
485 4109 609 4157 actu
625 4099 941 4172 plerumque
962 4105 1198 4164 tenetur,
1226 4097 1302 4151 ita
1323 4096 1581 4153 nimirum
1608 4096 1751 4151 bona

135 4194 410 4250 voluntas
434 4208 534 4263 pro
558 4191 703 4247 bono
727 4204 893 4260 opere
922 4203 1135 4258 semper
1156 4189 1441 4259 accipitur.
1520 4186 1675 4255 Quod
1691 4194 1753 4241 ut

132 4285 429 4357 exemplis
466 4284 817 4350 illustremus,
854 4292 911 4338 et
932 4281 1152 4337 Balaam
1195 4281 1335 4336 mala
1371 4280 1620 4335 voluntas
1644 4296 1751 4350 qua

130 4375 421 4451 populum
447 4375 540 4430 Dei
561 4374 884 4430 maledicere
909 4374 1193 4445 cupiebat,
1230 4387 1539 4442 quanquam
1588 4373 1654 4427 ad
1696 4371 1752 4425 id

129 4473 303 4549 quod
341 4472 742 4527 desideraverat
767 4485 876 4527 non
898 4466 1223 4541 pervenerit,
1275 4482 1306 4521 a
1335 4465 1491 4536 culpa
1513 4480 1621 4520 non
1649 4464 1751 4519 fuit

1848 3264 2177 3319 losissimum
2212 3279 2278 3318 ac
2313 3264 2494 3333 potius
2522 3262 2874 3319 falsissimum
2912 3271 3057 3319 esset
3088 3279 3213 3319 eum
3239 3264 3440 3331 dicere,

1863 3353 1979 3409 Vidi
2006 3353 2249 3426 angelum
2274 3354 2525 3409 barbaros
2563 3362 2971 3425 persequentem,
3010 3353 3123 3423 qui,
3166 3353 3223 3407 ni
3257 3352 3439 3420 fallor,

1848 3444 2049 3501 vidisse
2069 3461 2128 3501 se
2150 3446 2204 3500 in
2228 3446 2441 3515 pictura
2458 3446 2704 3501 eamdem
2726 3444 3014 3501 historiam
3037 3444 3327 3500 abartilice
3346 3445 3444 3501 de-

1848 3540 2069 3611 pictam,
2098 3555 2204 3612 qua
2228 3540 2451 3611 angelus
2474 3541 2834 3597 barbarorum
2855 3540 3066 3612 pridem
3089 3555 3292 3597 cuneos
3313 3554 3441 3612 pro-

1849 3642 2131 3699 straverat,
2160 3641 2479 3703 prosecutus
2497 3633 2589 3689 sit.
2612 3632 2766 3689 Multi
2792 3632 3207 3712 etenimﬁiserti
3241 3640 3299 3689 et
3327 3632 3443 3690 elo-

1850 3725 2189 3797 quentissimi
2208 3726 2310 3780 viri
2332 3726 2388 3780 in
2414 3741 2635 3782 suarum
2656 3725 3083 3797 diSputationum
3105 3724 3434 3784 vastissimis

1851 3817 2077 3887 campis,
2100 3824 2262 3888 prout
2286 3817 2421 3872 ordo
2441 3823 2497 3871 et
2517 3815 2658 3872 ratio
2669 3816 2857 3883 dictat,
2888 3816 3029 3872 sicut
3049 3823 3441 3873 eteseterarum

1851 3927 2054 3978 rerum,
2093 3913 2425 3984 picturarum
2458 3911 2624 3966 etiam
2663 3920 2719 3966 et
2745 3911 3039 3983 imaginum
3063 3910 3271 3967 iaciunt
3290 3926 3443 3967 men-

1852 4007 2077 4064 tionem.
2154 4005 2308 4075 Quod
2353 4006 2483 4062 dum
2535 4005 2612 4062 illi
2649 4005 2741 4079 qui
2778 4004 2993 4061 illarum
3046 4005 3445 4062 adorandarum

1853 4109 1989 4156 tBSlll
2000 4099 2484 4172 urunturlegentes
2502 4098 2824 4169 repererint,
2852 4105 3027 4167 totum
3038 4103 3348 4169 pervertere
3375 4096 3445 4152 ad

1854 4207 2043 4248 earum
2082 4201 2349 4248 conantur
2376 4191 2768 4257 adorationem,
2799 4198 2863 4246 ut
2889 4189 3140 4250 videlicet
3165 4189 3292 4245 inde
3314 4204 3446 4245 con-

1853 4294 1938 4340 tra
1965 4301 2086 4351 nos,
2117 4285 2211 4355 qui
2228 4284 2459 4339 Domino
2486 4292 2759 4339 annuente
2778 4282 2894 4338 veri
2918 4297 3105 4337 sumus
3129 4280 3445 4336 adoratores

1854 4376 1911 4432 in
1937 4377 2129 4447 spiritu
2153 4383 2209 4432 et
2235 4376 2466 4431 veritate
2505 4374 2724 4431 Patrem
2760 4373 3070 4439 adorantes,
3120 4385 3274 4426 suam
3300 4370 3446 4428 iner-

1857 4482 2000 4526 mem
2045 4476 2315 4524 armatam
2348 4467 2565 4523 efficere
2585 4466 2838 4523 aﬂ'ectent
2883 4462 3261 4529 assertionem,
3301 4461 3446 4532 quod

126 4537 473 4631 tidemnis;
534 4572 590 4619 et
629 4562 801 4619 David
853 4537 995 4617 bona
1045 4560 1296 4616 voluntas
1336 4572 1440 4630 qua
1490 4557 1750 4628 templum
1777 4537 1928 4617 l’ab
1964 4560 2420 4631 eloquentissimis
2437 4559 2570 4615 viris
2604 4557 2897 4631 quamdam
2928 4554 3220 4626 imaginum
3247 4553 3449 4609 laetam

124 4657 394 4720 Domino
429 4656 700 4711 mdilicare
740 4654 1033 4725 cupiebat,
1084 4666 1393 4724 quanquam
1426 4664 1591 4721 opere
1642 4666 1752 4707 non

126 4751 327 4811 fuerit
395 4746 645 4821 expleta,
701 4743 900 4802 divinis
941 4752 1122 4799 tamen
1164 4751 1251 4800 est
1277 4741 1580 4800 collaudata
1631 4757 1756 4798 ora-

123 4843 318 4907 aulis.

773 4907 1004 4966 CAPUT
1040 4907 1162 4965 XX.

126 5011 235 5068 De
282 5026 347 5064 eo
370 5006 511 5079 quod
532 5002 780 5079 Joannes
797 4999 1064 5079 presbyter
1089 4997 1382 5079 Theodosio
1418 4998 1609 5079 abbate
1619 5013 1757 5079 “mo-

225 5068 458 5138 κακέήὶ
483 5076 651 5133 sancti
663 5068 887 5127 Andrea:
908 5068 1158 5124 recitante
1175 5069 1329 5125 verba
1347 5069 1572 5125 Joannis
1589 5068 1757 5138 Chry-

1856 4654 2024 4712 fuisse
2047 4655 2319 4726 reperiant
2338 4655 2690 4721 mentionem,
2735 4649 2893 4722 quasi
2928 4648 2997 4704 de
3020 4647 3273 4704 omnibus
3315 4662 3452 4718 quo-

1858 4767 1979 4809 rum
2004 4750 2209 4807 mentio
2233 4750 2289 4806 in
2309 4748 2631 4805 tractatibus
2641 4746 2720 4812 iit,
2747 4743 3005 4801 continuo
3023 4748 3296 4812 praecepta
3318 4740 3453 4794 den-

1858 4852 1970 4900 tur.
2033 4841 2268 4898 Joannes
2321 4840 2489 4912 igitur
2530 4836 2838 4909 presbyter,
2898 4833 2988 4889 cui
3036 4834 3164 4890 dum
3190 4831 3453 4904 praelatus

1861 4933 2198 4991 Theodosius
2223 4932 2391 4988 abbas
2402 4928 2665 4986 Joannem
2674 4925 3328 4997 Constantinopolitanum
3345 4925 3455 4995 epi-

1860 5042 2086 5097 scopum
2114 5025 2315 5080 dixisse
2335 5021 2677 5085 mentiretur,
2720 5016 2841 5073 Vidi
2869 5018 3113 5091 angelum
3146 5017 3204 5073 in
3225 5018 3454 5089 imagine

1861 5129 2248 5216 persequentem
2272 5116 2615 5216 barbarorum
2632 5114 3042 5216 multitudinem,
3057 5116 3305 5188 protinus
3318 5116 3419 5172 sub
3435 5144 3450 5156 -

227 5207 861 5293 quentemharbarorum
882 5207 1298 5293 multitudinem,
1331 5207 1661 5293 dirilanuis.
1676 5218 1760 5265 est
1858 5207 2107 5282 junxisse
2135 5209 2307 5265 fertur
2326 5218 2381 5263 et
2407 5208 2610 5264 dixisse
2639 5226 2654 5263 :
2689 5207 2819 5274 Quis
2852 5219 2925 5265 est
2953 5210 3050 5265 iste
3077 5208 3316 5281 angelus,
3348 5210 3453 5264 nisi

231 5280 345 5350 i'ste
379 5289 648 5361 angelus,_
676 5286 778 5361 nisi
811 5287 877 5342 de
914 5299 1021 5361 quo
1046 5284 1306 5355 scriptum
1340 5280 1757 5361 est:_Quoniam

232 5359 477 5435 angelus
485 5359 713 5435 Domini

237 5500 484 5563 fusalem
507 5500 940 5559 exercitantium.

732 5353 1001 5429 percussit
1024 5353 1242 5429 centum
1270 5354 1581 5429 octuaginta
1604 5353 1761 5429 quin-

232 5424 352 5507 que
378 5432 553 5507 millia
577 5424 925 5507 Assyriorum
954 5426 1139 5501 iniuna
1162 5435 1321 5484 nocte
1344 5426 1400 5481 in
1417 5424 1647 5482 circuitu
1671 5424 1761 5482 Je.

1867 5304 2050 5376 dequo
2088 5304 2340 5374 scriptum
2366 5303 2480 5357 est?
2538 5301 2802 5369 Quoniam
2835 5302 3051 5374 angelus
3087 5302 3303 5358 Domini
3328 5318 3450 5373 per-

1866 5397 2026 5451 cussit
2046 5404 2251 5450 centum
2273 5396 2577 5466 octuaginta
2607 5396 2834 5467 quinque
2856 5393 3025 5451 millia
3047 5395 3385 5468 Assyriorum
3398 5397 3455 5450 in

1872 5507 1980 5544 una
2003 5498 2152 5544 nocte
2180 5490 2235 5543 in
2267 5488 2490 5543 circuitu
2525 5487 2821 5543 Jerusalem
2848 5490 3269 5545 exercitantium.
3330 5487 3451 5544 Jam

236 5596 462 5654 Dixisse
482 5592 743 5651 Joannem
767 5591 1215 5663 Chrysostomum
1249 5588 1584 5646 Theodosius
1599 5588 1770 5645 abbas
1874 5586 1929 5641 in
1953 5583 2199 5656 pluribus
2249 5581 2394 5639 illius
2416 5596 2569 5637 vanae
2610 5581 2861 5638 lectionis
2917 5581 3052 5639 locis
3087 5597 3207 5653 quae
3234 5595 3305 5638 ex
3351 5581 3456 5637 hoc

242 5743 278 5773 ι
312 5729 431 5785 Nec
462 5731 720 5801 refragari
742 5731 790 5786 ei
817 5738 980 5799 potest
1001 5728 1232 5801 quodam
1256 5727 1410 5801 modo
1436 5728 1768 5801 simplicitas.
1807 5726 2137 5786 Emendator
2167 5722 2427 5794 reposuit,
2452 5722 2757 5795 su/fragari.
2810 5720 2879 5779 At
2929 5719 3095 5779 verbo
3117 5719 3375 5793 refragari
3398 5716 3455 5772 in

118 5811 285 5871 hoc
312 5799 626 5873 signiﬁcatu
650 5800 814 5860 etiam
835 5816 1001 5871 supra
1016 5799 1160 5858 usus
1188 5807 1274 5856 est
1297 5799 1390 5856 lib.
1423 5816 1482 5855 ιι.
