4016 6292
586 314 731 383 ηδε
1452 312 1514 369 n.
1554 308 2062 371 CAROLI‘MAGN!
2095 306 2247 367 orv.
2286 307 2466 368 PARS
2502 308 2572 368 tn
2604 308 2848 370 saeuo
2881 308 2949 368 ιι.
3712 309 3874 374 stas

580 434 803 510 negotio
819 433 889 490 ab
909 430 1232 502 iiltsdtgesta
1248 426 1531 499 est,'plura
1542 426 1853 482 notabiliter
1864 433 1922 481 et
1943 425 2159 480 incaute
2186 430 2239 491 Α
2851 447 3080 507 CAPUT
3103 446 3247 507 χχι,

581 528 791 590 locum
817 527 984 583 fuisse
1011 521 1444 593 deprehenditur.
1485 519 1888 575 Peneomnibus
1912 518 2057 575 enim
2085 517 2195 572 ibi‘
2263 580 2578 603 nul-mm
3447 600 3476 603 ﬂ
3532 600 3545 603 Α
3590 602 3599 603 7
3656 587 3706 603 Α
3808 588 3841 603 Δ

582 621 855 727 raris
879 619 1103 727 mea
1112 610 2082 727 affirmategmzﬂcr
2100 609 2164 727 ξεν
2260 580 3843 727 Otili‘l’lblé‘f‘lif‘ﬁﬁéllfﬁfqmﬁcﬁ.mw
3717 588 3860 713 ετ-ἑ-

579 715 937 777 monibus,
989 716 1138 765 tanto
1180 707 1434 761 nimirum
1487 704 1703 774 segnior
1736 703 2065 773 approbatur
2100 702 2159 756 in

578 805 842 868 sensibus,
874 801 1084 856 dicente
1114 796 1441 853 Salomone:
1483 794 1543 849 Si
1587 794 1776 848 videris
1826 794 1995 846 virum
2014 790 2154 845 velo-

578 912 689 951 cem
707 896 765 948 in
785 891 949 946 verbis
971 889 1100 952 suis,
1130 888 1263 941 scito
1280 887 1405 958 quia
1428 902 1570 956 spem
1599 884 1747 939 habet
1769 885 2021 955 insipiens
2044 899 2159 936 mo-

577 989 659 1060 gis
673 1000 830 1058 quam
850 981 938 1038 ille
960 980 1142 1053 (Prov.
1156 975 1332 1051 xxxx).
1357 977 1493 1032 Nam
1507 976 1632 1033 dum
1647 977 1711 1032 de
1722 976 1932 1046 pictura
1954 974 2159 1029 dixisse

576 1071 872 1131 referatur:
908 1070 1040 1136 Quis
1064 1077 1144 1125 est
1186 1070 1285 1124 iste
1312 1066 1527 1138 angelus
1551 1068 1655 1122 nisi
1685 1066 1864 1137 dequo
1902 1066 2153 1135 scriptum

575 1174 650 1221 est
668 1180 688 1219 :
704 1163 966 1231 Quoniam
1000 1159 1214 1231 angelus
1232 1159 1445 1215 Domini
1468 1160 1719 1229 percussit
1742 1174 1952 1213 cuxxv
1983 1156 2154 1211 millia

575 1252 951 1324 Mysiam?
976 1259 1032 1306 et
1051 1259 1268 1315 cauere,
1301 1264 1460 1318 quam
1479 1248 1642 1304 luerit
1662 1249 1929 1315 incautus,
1958 1264 2149 1318 quam-

573 1358 677 1413 que
698 1342 900 1399 delirus
919 1340 1244 1411 apparuerit,
1259 1355 1382 1395 cum
1408 1354 1517 1395 non
1534 1339 1785 1410 Assyrios
1817 1340 1909 1397 ille
1932 1338 2153 1410 angelus

570 1433 898 1505 percusserit
949 1433 1146 1503 pictus,
1185 1431 1280 1488 sed
1329 1431 1416 1487 ille
1445 1432 1537 1501 qui
1581 1434 1649 1488 ad
1680 1435 1780 1488 hoc
1827 1433 2148 1503 explendum

577 1525 739 1583 fuerit
758 1524 978 1581 missus.
1029 1523 1184 1591 Quod
1216 1539 1345 1579 vero
1373 1524 1470 1589 ait,
1520 1524 1584 1579 In
1614 1527 1833 1580 circuitu
1854 1525 2149 1580 Jerusalem

569 1617 980 1680 manantium,
1010 1623 1265 1685 tanquam
1309 1617 1385 1670 ita
1411 1617 1672 1687 scriptum
1702 1618 1965 1672 habeatur
1993 1624 2048 1671 et
2093 1600 2148 1671 in

567 1708 672 1769 huc
692 1710 833 1765 sicut
849 1717 905 1765 et
930 1710 984 1764 in
1003 1708 1214 1764 caeteris
1240 1709 1544 1764 ineruditus
1562 1724 1681 1765 esse
1702 1710 1985 1780 detegitur,
2015 1725 2149 1779 quo-

568 1799 717 1854 niam
744 1814 1011 1868 nusquam
1040 1799 1142 1857 hoc
1169 1800 1357 1854 ordine
1384 1800 1671 1854 verborum
1720 1800 1981 1870 scriptum
2023 1816 2143 1855 esse
2170 1810 2221 1871 Β

569 1893 858 1963 Nilum»
934 1892 1251 1961 Quanquam
1279 1891 1423 1947 enim
1451 1891 1820 1948 Senuacherib
1856 1909 1951 1948 rex
1978 1893 2145 1963 Assy-

568 1985 772 2041 riorum
798 1998 937 2053 pene
979 1998 1169 2041 omnes
1213 1984 1463 2039 civitates
1488 1982 1623 2039 Juda
1654 1983 1889 2038 munitas
1921 1984 2143 2054 ceperit,

568 2079 780 2136 dicente
801 2078 1081 2148 Scriptura
1099 2093 1119 2133 :
1142 2077 1212 2132 Et
1231 2078 1429 2148 factum
1452 2079 1592 2131 estin
1605 2077 1991 2147 quartodecimo
2007 2092 2146 2131 anno

567 2173 713 2243 regni
741 2171 1003 2237 Ezechiae,
1033 2171 1265 2229 ascendit
1297 2169 1652 2227 Sennacherib
1683 2185 1774 2223 rex
1813 2170 2146 2240 Assyriorum

564 2279 720 2333 super
748 2279 924 2319 omnes
954 2263 1188 2317 civitates
1215 2262 1632 2327 Juda'munitas,
1656 2271 1707 2315 et
1733 2263 1866 2331 cepit
1909 2278 1996 2315 eas
2034 2261 2086 2332 (Ι
2104 2260 2143 2314 γ

566 2353 694 2424 Reg.
711 2353 890 2426 ινιιι),
918 2368 1261 2424 nequaquam
1275 2361 1454 2407 tamen
1476 2352 1850 2409 adlerusalem
1873 2352 2141 2422 pervenit,

564 2462 665 2503 nec
689 2447 745 2502 in
774 2447 1003 2505 circuitu
1036 2447 1188 2503 urbis
1217 2445 1486 2501 machinis
1512 2461 1724 2500 murum
1768 2444 2023 2500 leriturus
2048 2450 2144 2500 ca-

562 2549 674 2596 stra
694 2540 897 2611 posuit,
948 2541 1043 2596 sed
1092 2540 1158 2594 de
1194 2539 1390 2594 Lacbis
1421 2537 1697 2593 Rahsacen
1751 2537 1819 2591 ad
1845 2537 2143 2591 Jerusalem

560 2633 726 2699 misit,
756 2633 850 2702 qui
876 2634 1090 2694 stetisse
1127 2632 1322 2702 legitur
1367 2631 1423 2684 in
1453 2631 1771 2700 aqumductu
1805 2630 2024 2699 piscium
2051 2645 2143 2684 su-

557 2722 813 2793 perioris,
831 2723 984 2781 invia
1007 2722 1121 2801 agri
1146 2721 1380 2777 fullonis.
1415 2720 1774 2787 Quodiisdem
1802 2721 1979 2777 verbis
2003 2719 2142 2776 liber

562 2814 862 2873 Verborum
891 2814 1120 2880 dierum,
1152 2814 1246 2883 qui
1270 2813 1531 2869 Hebraice
1558 2822 1737 2872 ωηενη
1767 2819 1919 2878 ττι-τ,
1950 2811 2139 2867 Graece

563 2890 1007 2982 Πάραλσιπομενων
1035 2903 1251 2969 dicitur,
1278 2903 1370 2973 qui
1393 2915 1478 2959 est
1498 2903 1793 2958 cbronicon
1825 2903 2019 2957 divina:
2056 2902 2137 2957 le-

558 2998 655 3068 gis,
672 3006 929 3055 testatur:
947 2998 1090 3052 Misit
1107 2997 1462 3055 Sennaclrerib
1487 3015 1579 3054 rex
1602 3000 1937 3069 Assyriorum
1956 3016 2129 3053 servos

558 3105 679 3144 suos
704 3086 1016 3145 Jerusalem.
1065 3087 1187 3159 Ipse
1208 3089 1345 3145 enim
1368 3104 1487 3142 cum
1515 3089 1751 3145 universo
1785 3091 2018 3145 exercitu
2042 3089 2135 3143 ob-

2324 726 2493 794 ginem
2522 723 2796 792 cujusdam
2840 723 3137 776 Polemonis
3170 723 3444 793 quemdam
3491 727 3557 778 ab
3588 723 3857 784 adulteri:

2322 795 2702 867 perpetratione
3029 794 3219 867 fuisse,
3237 795 3375 867 quod
3394 796 3613 867 quidem
3625 814 3859 867 a’qure

2323 863 2819 921 nitunturmiraculo
2831 863 3182 934 quodﬁmlm'a
3193 863 3644 921 Dominicasestis
3657 863 3856 923 metu

2323 946 2415 1015 est,
2443 950 2599 1005 quam
2625 934 2814 991 mulier
2833 935 3129 998 continqens
3144 944 3441 1015 exoptatam
3467 939 3658 1005 recepit
3697 940 3855 993 sani-

2323 1014 2501 1060 tatem.

2319 1118 2463 1174 Inter
2506 1124 2700 1175 cratera
2730 1133 2849 1188 qua:
2896 1118 2966 1175 ob
3002 1133 3161 1175 suum
3189 1119 3852 1177 errorem-asth

2257 1211 2361 1267 deli
2370 1220 2610 1265 ramenta
2632 1211 2685 1264 in
2699 1209 2937 1279 ejusdem
2950 1210 3255 1265 vanissimas
3267 1210 3454 1280 synodi
3468 1210 3715 1267 lectione
3727 1228 3851 1266 cort-

2249 1301 2574 1372 glomerasse
2608 1301 2946 1372 dcteguntur,
2974 1301 3077 1356 hoc
3102 1300 3207 1355 illis
3221 1310 3303 1354 est
3327 1299 3847 1366 familiarissimum,

2249 1394 2390 1463 quod
2402 1409 2498 1462 per
2519 1393 2806 1464 imaginem
2831 1392 3109 1461 cujusdam
3124 1393 3429 1448 Polemonis
3445 1395 3757 1463 quemdam
3765 1411 3848 1450 as-

2249 1491 2496 1539 severam
2520 1484 2587 1538 ab
2618 1483 2867 1538 adulterii
2890 1485 3285 1554 perpetratione
3326 1485 3658 1549 coercitum;
3692 1487 3847 1556 quod

2247 1579 2464 1650 quidem
2483 1580 2709 1649 gestum,
2738 1578 2782 1634 si
2804 1586 2981 1632 tamen
3005 1587 3215 1648 gestum
3237 1594 3357 1633 esse
3369 1577 3646 1641 credatur,
3662 1594 3845 1648 quan-

2247 1690 2407 1745 quam
2431 1675 2486 1729 in
2510 1674 2656 1730 nullo
2672 1674 2755 1728 vel
2779 1675 2986 1730 Veteris
3002 1675 3082 1728 vel
3099 1673 3231 1728 Novi
3251 1674 3581 1728 Testamenti
3605 1674 3844 1728 authen-

2248 1767 2476 1821 ticorum
2530 1766 2776 1821 codicum
2813 1767 2881 1821 sit
2928 1773 3222 1841 repertum,
3259 1781 3360 1821 nec
3392 1766 3461 1820 ab
3506 1766 3618 1820 ullo
3643 1782 3844 1822 eorum

2248 1858 2549 1922 doctorum,
2577 1858 2671 1926 qui
2706 1872 2735 1911 a
2772 1866 2957 1912 saneta
2984 1856 3247 1923 Romana,
3265 1857 3598 1912 catholicaet
3616 1867 3844 1928 aposto-

2245 1948 2346 2004 lica
2372 1950 2611 2007 Ecclesia
2640 1942 2992 2019 recipiuntur,
3029 1949 3099 2005 sit
3136 1950 3429 2018 prolatum,
3480 1957 3647 2003 tamen
3675 1949 3739 2005 id
3778 1959 3840 2005 et

2246 2040 2313 2095 ad
2339 2055 2497 2097 suum
2525 2053 2767 2095 errorem
2812 2037 3160 2105 fulciendum,
3194 2039 3348 2109 quasi
3395 2039 3663 2108 quoddam
3707 2055 3842 2110 pro-

2244 2129 2583 2185 batissimum
2631 2129 2969 2193 miraculum,
3007 2127 3307 2197 proferunt,
3329 2138 3386 2185 et
3413 2130 3837 2201 miraculoquod

2244 2223 2539 2279 Dominicm
2569 2224 2734 2279 vestis
2757 2223 2966 2277 (imbris
2988 2231 3197 2293 gestum
3230 2232 3336 2289 est,
3364 2225 3711 2294 tequiparare
3732 2242 3838 2281 non

2243 2326 2507 2374 metuunt.
2542 2317 2695 2384 Quod
2722 2316 2937 2391 quidem
2973 2316 3039 2379 si,
3069 2322 3127 2369 ut
3151 2314 3222 2369 illi
3246 2325 3592 2379 asseverant,
3620 2324 3831 2388 gestum

2241 2420 2344 2478 est,
2381 2411 2708 2467 salutaribus
2720 2408 3012 2464 Dominicis
3023 2409 3188 2479 gestis
3210 2425 3309 2462 nec
3334 2409 3497 2464 debet
3528 2426 3635 2465 nec
3656 2419 3831 2480 potest

2240 2503 2529 2574 comquari,
2570 2502 2824 2572 quoniam
2849 2511 3049 2571 quanta
3067 2510 3150 2555 est
3176 2501 3432 2557 distantia
3471 2501 3621 2555 inter
3651 2502 3831 2557 nescio

2242 2612 2403 2668 quem
2450 2595 2795 2651 Polemonem
2834 2604 2888 2648 et
2915 2592 3012 2648 Dei
3036 2600 3090 2648 et
3123 2592 3404 2647 hominum
3454 2591 3835 2659 Mcdiatorem,

2244 2698 2397 2744 tanta
2434 2687 2690 2743 nimirum
2723 2684 2980 2741 distantia
3005 2693 3088 2739 est
3126 2685 3268 2739 inter
3302 2692 3457 2754 gesta
3493 2683 3715 2754 prmlati
3736 2684 3837 2740 Po-

2240 2780 2469 2837 lemonis
2489 2777 2711 2848 ejusque
2738 2776 2987 2847 imaginis
3008 2784 3062 2830 et
3082 2776 3425 2831 sanctissima
3445 2777 3714 2831 miracula
3738 2777 3833 2831 Do-

2239 2872 2374 2927 mini
2401 2870 2701 2934 salvatoris,
2752 2883 2853 2924 nec
2882 2875 3108 2937 possunt
3145 2867 3348 2923 similes
3400 2877 3558 2923 actus
3611 2869 3827 2934 habere,

2239 2966 2333 3039 qui
2366 2966 2591 3022 nimium
2638 2963 2975 3032 nimiumque
3003 2972 3130 3016 sunt
3180 2960 3473 3016 dissimiles
3511 2963 3566 3016 in
3614 2962 3829 3019 virtute.

2241 3056 2369 3124 Quis
2394 3058 2449 3112 in
2474 3055 2714 3122 nubibus,
2742 3054 2917 3124 inquit
2938 3052 3228 3122 Propheta,
3253 3050 3834 3122 mquabiturDomino!

559 3142 762 3239 suis“
783 3142 971 3236 ista
1005 3142 1110 3253 (η’
1127 3142 1314 3236 pas.
1346 3182 1541 3252 χχχιι).
1574 3142 1740 3237 ἀειιῆ
1760 3181 1815 3236 id
1840 3142 2138 3251 quam

2248 3160 2331 3205 aut
2355 3151 2470 3222 quis
2488 3147 2673 3205 similis
2702 3149 2798 3202 erit
2814 3147 2923 3202 Deo
2948 3146 3084 3201 inter
3107 3144 3245 3215 ﬁlios
3259 3144 3356 3199 Dei
3376 3143 3550 3215 (Psal.
3566 3142 3833 3214 Luxu}?

560 3272 702 3335 tatus
723 3270 957 3329 Joannes
986 3288 1135 3329 more
1162 3289 1262 3330 suo
1302 3288 1595 3343 usurpasse
1614 3273 1968 3345 dignoscitur,
2021 3282 2139 3329 tan-

559 3380 721 3437 quam
755 3364 887 3423 inibi
915 3365 1176 3435 scriptum
1202 3366 1293 3434 sit,
1333 3364 1404 3422 In
1427 3365 1647 3420 circuitu
1672 3363 1965 3419 Jerusalem
1993 3382 2142 3421 exer-

558 3455 848 3519 citantium,
895 3456 953 3510 in
974 3455 1122 3513 nullo
1146 3465 1348 3513 sach
1377 3456 1511 3527 legis
1532 3456 1966 3512 authenticorum
1989 3457 2139 3513 codi-

558 3564 682 3605 cum
704 3546 994 3605 invenitur.
1070 3547 1225 3616 Quod
1251 3558 1311 3604 ut
1330 3549 1562 3604 lucidius
1596 3550 1992 3619 comprobetur,
2021 3548 2139 3617 ipsa

549 3648 764 3703 sanctae
790 3641 925 3712 legis
949 3641 1133 3733 verba,
1163 3651 1324 3711 prout
1345 3642 1400 3697 in
1422 3640 1696 3699 codicibus
1714 3642 2001 3707 habentur,
2038 3656 2137 3710 per

558 3734 802 3793 ordinem
836 3734 1083 3805 ponenda
1110 3742 1256 3795 sunt.
1289 3734 1368 3791 ita
1391 3735 1537 3791 enim
1566 3735 1619 3790 in
1648 3735 1786 3791 libro
1825 3734 2031 3805 Regum
2060 3733 2139 3789 le-

558 3826 742 3898 gitttr:
782 3824 1009 3881 Factum
1034 3836 1109 3885 est
1132 3827 1293 3899 igitur
1315 3826 1372 3881 in
1396 3835 1542 3881 nocte
1564 3824 1678 3889 illa,
1732 3826 1870 3880 venit
1922 3823 2136 3895 angelus

556 3919 771 3974 Domini
794 3959 812 3985 ,
848 3928 898 3974 et
934 3919 1184 3989 percussit
1226 3920 1282 3973 in
1330 3919 1516 3974 castris
1568 3919 1901 3989 Assyriorum
1929 3933 2137 3974 cnxxxv

561 4008 743 4065 millia.
780 4008 1008 4079 Cumque
1027 4008 1260 4064 diluculo
1298 4010 1628 4075 surrexisset,
1652 4010 1775 4062 vidit
1807 4010 1981 4063 omnia
2023 4025 2141 4062 cor-

558 4118 685 4162 pora
714 4109 1060 4168 mortuorum,
1086 4112 1135 4157 et
1159 4102 1397 4156 recedens
1424 4102 1570 4167 abiit,
1598 4112 1646 4155 et
1660 4116 1890 4154 reversus
1916 4109 1988 4153 est
2005 4099 2141 4155 Sen-

559 4190 806 4248 ttaclterib
839 4208 931 4246 rea:
977 4193 1334 4261 Assyriorum,
1392 4200 1443 4245 et
1484 4193 1674 4245 mansit
1722 4193 1777 4248 in
1818 4192 2007 4247 Ninive
2030 4191 2137 4263 (IV

560 4281 693 4356 Reg.
720 4283 857 4357 nx).
912 4283 1073 4339 Liber
1099 4297 1312 4352 quoque
1335 4282 1664 4339 sanctissimi
1694 4297 1757 4337 ac
1797 4282 2139 4339 disertissimi

559 4384 698 4437 vatis
722 4377 873 4437 Isaia
896 4375 999 4449 hoc
1020 4374 1181 4431 modo
1197 4375 1336 4441 hanc
1363 4374 1507 4441 texit,
1517 4373 1795 4429 historiam
1831 4392 1844 4428 :
1882 4374 2136 4446 Egressus

557 4479 633 4527 est
660 4479 834 4525 autem
867 4467 1083 4540 angelus
1105 4467 1337 4530 Domini,
1365 4477 1413 4521 et
1441 4466 1693 4537 percussit
1716 4467 1773 4521 in
1805 4467 1988 4531 castris
2038 4465 2137 4522 As-

559 4562 819 4634 syriorum
850 4574 1059 4619 mxxv
1085 4557 1274 4625 millia,
1299 4568 1349 4617 et
1372 4567 1709 4614 surrexerunt
1734 4575 1907 4625 mane,
1941 4568 1991 4613 et
2022 4575 2138 4614 ecce

559 4652 737 4709 omnia
763 4651 1018 4708 cadavera
1044 4658 1392 4718 mortuorum,
1431 4658 1479 4705 et
1502 4665 1735 4722 egressus
1756 4658 1851 4715 est,
1883 4658 1931 4703 et
1986 4648 2135 4715 abiit,

559 4751 609 4799 et
645 4758 879 4801 reversus
909 4749 986 4797 est
1011 4740 1389 4808 Sennaclterib;
1419 4748 1473 4795 et
1497 4747 1687 4796 caetera
1721 4740 1875 4813 (Isai.
1906 4739 2134 4809 xxxvii).

560 4831 721 4888 Liber
744 4846 958 4903 quoque
972 4831 1270 4889 Verborum
1294 4830 1520 4895 dierum,
1551 4832 1788 4904 quicum
1804 4832 1894 4896 sit,
1920 4839 1980 4885 ut
1997 4845 2151 4900 prata

559 4924 658 4981 fati
685 4938 891 4990 sumus,
923 4923 1087 4981 totius
1127 4922 1322 4979 divinat
1367 4923 1502 4995 legis
1535 4923 1847 4988 chronioon,
1883 4922 2138 4978 historias

560 5022 742 5073 tamen
767 5029 956 5089 regum
982 5030 1012 5070 e
1033 5014 1202 5071 latere
1226 5013 1351 5073 libri
1363 5013 1590 5085 Regum,
1612 5028 1732 5083 quae
1757 5013 1811 5066 iu
1825 5027 1890 5067 eo
1910 5021 2130 5081 praetcr-

558 5107 738 5163 missa:
786 5114 934 5173 sunt,
985 5104 1307 5162 enucleatim
1354 5103 1621 5169 edisserit,
1673 5103 1775 5157 hoc
1804 5102 1962 5157 modo
1995 5102 2136 5160 hanc

560 5205 744 5254 narrat
770 5197 1071 5255 historiam.
1108 5196 1172 5251 Et
1194 5196 1335 5250 misit
1359 5194 1613 5249 Dominus
1639 5191 1881 5263 angelum
1904 5194 1993 5265 qui
2011 5210 2132 5265 per-

561 5291 720 5347 cussit
745 5307 951 5349 omnem
974 5291 1141 5347 virum
1170 5290 1435 5343 robustum
1454 5296 1501 5342 et
1532 5285 1830 5341 bellatorem
1855 5295 1901 5341 et
1940 5288 2136 5357 princi-

561 5401 676 5456 pem
709 5387 966 5441 exercitus
998 5384 1131 5456 regis
1154 5383 1506 5454 Assyriorum,
1550 5395 1880 5452 reversusque
1908 5388 1983 5435 est
2017 5395 2135 5434 cum

562 5477 849 5548 ignominia
890 5478 946 5533 in
971 5487 1164 5530 terram
1195 5489 1344 5530 suam
1373 5471 1459 5544 (ΙΙ
1493 5470 1674 5525 Paral.
1704 5473 1897 5544 XXXII).
1930 5473 1988 5528 In
2018 5472 2137 5543 qui-

560 5568 665 5625 bus
686 5570 964 5640 exemplis,
1004 5570 1109 5626 hoc
1132 5569 1274 5641 quod
1294 5582 1327 5623 a
1344 5564 1550 5625 Joanne
1575 5573 1889 5638 usurpatum
1910 5573 2013 5624 est.
2037 5564 2141 5622 mi-

564 5659 715 5720 nime
731 5660 1017 5717 invenitur.

2244 3244 2320 3298 De
2344 3257 2408 3297 eo
2436 3241 2598 3296 etiam
2639 3239 2833 3295 dicitur
2882 3238 2936 3294 in
2975 3237 3211 3294 Canticis
3245 3237 3576 3293 canticorum
3603 3250 3621 3288 :
3652 3234 3831 3305 Caput

2243 3334 2357 3405 ejus
2384 3349 2571 3388 aurum
2596 3332 2846 3402 optimum
2887 3328 3065 3401 (Cant.
3099 3330 3175 3398 v),
3222 3329 3470 3400 quoniam
3511 3327 3650 3382 sicut
3685 3340 3834 3380 auro

2244 3424 2442 3480 nullius
2464 3430 2639 3492 potest
2685 3420 2888 3476 metalli
2915 3419 3185 3489 comquari
3223 3427 3438 3483 natura,
3490 3417 3564 3471 ita
3592 3414 3831 3471 creatori

2242 3515 2515 3597 omnium,
2571 3513 2662 3585 qui
2688 3521 2850 3582 caput
2894 3512 3083 3581 utique
3104 3510 3305 3565 Christi
3327 3518 3434 3574 est,
3476 3507 3626 3563 nulla
3653 3514 3830 3579 potest

2242 3596 2510 3677 comquari
2535 3604 2819 3661 creatura?
2855 3602 2931 3658 De
2952 3617 3059 3674 quo
3085 3601 3247 3658 etiam
3278 3601 3331 3654 in
3364 3599 3572 3654 eisdem
3591 3596 3828 3653 Canticis

2243 3700 2575 3756 canticorum
2599 3699 2666 3752 ab
2680 3712 2873 3768 sponsa
2886 3695 3112 3751 dicitur:
3150 3694 3299 3750 Sicut
3322 3692 3525 3746 malum
3542 3690 3827 3761 interligu

2242 3792 2526 3865 sylvarum,
2549 3792 2622 3845 sic
2643 3790 2861 3844 dilectus
2885 3805 3030 3844 meus
3054 3791 3188 3843 inter
3209 3786 3348 3858 ﬁlios
3387 3784 3568 3854 (Cant.
3590 3784 3675 3857 ῃ),
3701 3800 3826 3854 quo-

2243 3885 2386 3940 niam
2414 3884 2553 3939 sicut
2578 3880 2776 3937 malum
2793 3896 2915 3935 cum
2940 3880 3009 3934 sit
3033 3879 3315 3948 pulchrum
3350 3887 3601 3946 aspectu,
3642 3876 3824 3931 odore-

2243 3992 2347 4047 que
2393 3974 2770 4030 suavissimum
2803 3970 3117 4042 prtecminet
3144 3970 3302 4040 lignis
3321 3969 3623 4039 sylvarum,
3650 3968 3717 4021 ita
3743 3967 3823 4020 ui-

2241 4071 2439 4125 mirum
2459 4067 2768 4136 redemptor
2787 4073 2992 4129 noster,
3020 4060 3217 4133 quiest
3242 4061 3378 4116 odor
3404 4060 3536 4114 vita:
3560 4059 3615 4113 in
3641 4057 3817 4123 vitam,

2243 4176 2404 4231 quem
2435 4158 2673 4229 quotidie
2695 4154 2934 4210 Ecclesia
2961 4154 3014 4208 in
3043 4153 3208 4209 odore
3238 4150 3488 4221 sequitur
3526 4158 3821 4221 unguento-

2242 4267 2384 4317 rum,
2412 4246 2622 4305 cunctis
2652 4247 2966 4318 praceminet
2986 4245 3215 4301 canibus
3245 4252 3585 4305 sanctorum,
3624 4241 3715 4311 qui
3743 4240 3819 4294 id-

2243 4342 2390 4398 circo
2436 4340 2673 4394 ﬁliorum
2721 4338 2940 4393 nomine
2976 4344 3285 4400 censentur,
3327 4334 3454 4404 quia
3490 4349 3600 4388 non
3632 4331 3818 4386 mundo

2242 4434 2329 4491 cui
2352 4433 2467 4488 nati
2494 4439 2638 4497 sunt,
2675 4430 2770 4485 sed
2800 4428 3017 4485 Christo
3047 4428 3134 4483 cui
3156 4425 3327 4480 renati
3356 4433 3506 4488 sunt,
3554 4423 3818 4478 adhaerere

2150 4528 2225 4614 ἰ
2242 4532 2557 4599 noscuntur.
2607 4522 2667 4576 ln
2690 4519 3017 4614 Apocalypsi
3034 4532 3247 4590 quoque
3279 4516 3708 4614 vigintiquatuor
3731 4527 3814 4568 se-

2240 4620 2421 4675 niores
2445 4630 2673 4672 coronas
2698 4630 2824 4669 suas
2847 4621 2974 4667 ante
2993 4612 3203 4683 Agnum
3235 4608 3533 4681 proiecisse
3554 4608 3810 4678 leguntur,

2239 4710 2364 4780 quia
2380 4706 2629 4761 videlicet
2641 4720 2829 4760 omnes
2842 4713 3148 4759 sanctorum
3171 4700 3401 4761 virtutes
3421 4706 3730 4767 cunctaque
3746 4693 3809 4747 il-

2238 4786 2413 4856 lorum
2437 4797 2695 4861 victoriae,
2735 4796 2931 4865 quibus
2979 4794 3096 4863 ipso
3145 4791 3448 4861 opitulante
3485 4790 3805 4849 claruerunt,

2236 4891 2356 4963 ejus
2374 4890 2668 4945 virtutibus
2695 4895 2750 4943 et
2786 4886 3024 4941 victoria:
3049 4891 3371 4954 comparata:
3419 4883 3662 4937 minores
3699 4891 3808 4933 esse

2237 4992 2555 5049 cernuntur,
2592 4979 2846 5051 quoniam
2873 4986 2930 5033 et
2953 4976 3156 5032 rivulus
3198 4989 3229 5028 a
3261 4973 3488 5045 perenni
3514 4972 3662 5028 fonte
3683 4967 3807 5025 deri-

2239 5086 2397 5133 vatus
2423 5076 2600 5130 minor
2619 5089 2739 5130 esse
2758 5072 3073 5143 perhibetur
3098 5069 3273 5124 eidem
3288 5066 3425 5122 fonti
3456 5072 3800 5138 comparatus,

2240 5180 2296 5228 et
2322 5171 2444 5226 vilis
2464 5168 2748 5240 pampinus
2775 5166 2899 5220 vitis
2923 5164 3199 5218 vivacibus
3221 5160 3497 5216 radicibus
3532 5159 3619 5215 vel
3656 5158 3804 5213 etiam

2238 5261 2533 5319 fructiferis
2562 5258 2872 5330 palmitibus
2895 5254 3050 5313 vilior
3094 5253 3313 5311 omnino
3341 5252 3590 5308 creditur
3608 5261 3806 5319 compa—

2238 5366 2410 5413 ratus.
2469 5353 2621 5419 Esto,
2642 5352 2844 5411 factum
2864 5358 2967 5418 est,
2985 5358 3041 5405 et
3057 5348 3204 5407 credi
3225 5347 3418 5419 possit,
3440 5354 3501 5401 ut
3523 5347 3690 5401 virtus
3704 5341 3803 5396 Po~

2235 5446 2517 5504 lemonicac
2532 5444 2782 5515 imaginis
2803 5444 2872 5499 ab
2890 5441 3145 5497 adulterii
3155 5437 3804 5508 scclerequemdamcotl—

2236 5546 2498 5612 posceret,
2526 5553 2653 5591 num
2681 5537 2802 5591 ideo
2820 5550 3008 5591 omnes
3029 5535 3291 5605 imagines
3337 5531 3625 5587 adoranda:
3655 5526 3802 5583 sunt?

2237 5629 2489 5698 Nunquid
2533 5629 2659 5697 quia
2693 5626 2931 5697 pccualis
2956 5626 3244 5681 animantis
3296 5624 3479 5694 lingua
3532 5621 3674 5676 rudis
3703 5618 3802 5672 bu-

2241 5736 2429 5789 manas
2458 5719 2701 5795 loquelas
2738 5718 3069 5797 profundens
3112 5715 3269 5785 arioli
3291 5715 3569 5791 cujusdam
3596 5721 3801 5789 parvae
