4016 6292
199 251 365 337 usi

989 257 1170 319 LIBRI
1205 192 1656 317 canum";
1688 246 1912 310 om.
1947 244 2038 304 ns
2070 241 2261 302 lMAG.
2300 270 2373 286 —
2402 238 2533 300 me.
2570 238 2657 299 ιιι.

3312 236 3455 300 1158

206 405 329 449 sam
352 381 726 446 intentionem,
751 387 857 451 qua
894 377 1237 434 benedictum
1278 372 1532 446 populum
1558 369 1779 427 maledi-
1805 368 1861 430 Α
1882 360 2214 417 credulitatis
2250 359 2537 451 sanitatem
2572 370 2735 451 quam
2770 370 2879 451 (nec
2902 355 3331 451 patriarcharum
3354 372 3456 451 nec

208 495 343 541 cere
390 478 683 540 nitebatur,
736 469 1082 542 compescuit,
1118 466 1495 538 angelicosque
1525 463 1791 521 terriﬁcos

208 574 361 630 ictus
390 565 700 625 irrationale
729 562 928 619 animal
949 561 1196 617 rationali
1227 559 1431 614 homini
1471 558 1645 615 vitare
1664 573 1793 615 con-

211 664 404 729 cessit,
434 661 557 717 ideo
605 654 857 713 animalia
895 663 1018 711 sunt
1068 651 1305 724 pecualia
1356 650 1659 709 adoranda?
1702 658 1795 707 aut

212 754 351 826 quia
395 750 660 807 atrocium
695 748 929 803 ferarum
957 745 1205 800 vulniﬁca
1252 743 1530 800 ferocitate
1570 744 1795 815 puerilis

212 850 379 906 turba
400 847 577 901 virum
606 843 701 900 Dei
748 842 903 897 vanis
933 839 1365 896 insultationibus
1403 838 1674 894 lacescens
1712 845 1796 894 est

213 945 512 1012 prostrata,
552 936 673 991 ideo
707 942 790 990 est
819 946 1069 987 ursorum
1090 930 1268 986 rabies
1308 928 1612 985 adoranda?
1675 926 1798 983 Pie-

219 1043 452 1101 rumque
478 1026 674 1082 etenim
698 1022 901 1082 casuali
922 1030 1116 1078 eventu
1137 1036 1226 1076 res
1246 1019 1643 1091 quodammodo
1662 1018 1800 1076 acci-

216 1122 415 1182 dentes
463 1120 745 1175 noxiarum
791 1130 972 1171 rerum
1022 1113 1474 1185 perpetrationem
1499 1110 1799 1181 quibusque

212 1221 537 1286 perpetrare
558 1208 894 1281 cupientibus
918 1205 1179 1271 inhibent,
1207 1204 1301 1260 sed
1323 1219 1429 1259 non
1444 1203 1564 1258 ideo
1584 1203 1798 1258 easdem

219 1320 311 1361 res
337 1318 436 1377 per
460 1317 593 1374 quas
629 1302 743 1356 htec
773 1299 930 1363 ﬁunt,
979 1296 1202 1352 adorare
1228 1297 1364 1350 ratio
1402 1294 1683 1366 permittit.
1742 1292 1801 1350 Si

220 1411 357 1468 ergo
376 1397 481 1452 hoc
508 1392 652 1466 quod
688 1392 752 1449 de
777 1390 1066 1446 Polemone
1088 1395 1143 1443 et
1187 1387 1420 1458 imagine
1456 1385 1571 1455 ejus
1597 1386 1799 1451 dicunt,

219 1487 380 1559 Cujus
429 1485 753 1543 adminiculo
788 1498 941 1538 suum
969 1495 1208 1537 errorem
1240 1479 1429 1534 fulcire
1469 1479 1708 1549 cupiunt,
1747 1477 1804 1533 in

220 1576 458 1637 veritate
505 1586 713 1653 gestum
763 1585 866 1643 est,
920 1576 1038 1631 ideo
1062 1576 1323 1646 imagines
1360 1571 1644 1628 adorandm
1697 1579 1805 1628 n‘on

224 1680 378 1738 sunt,
417 1670 543 1740 quia
600 1668 894 1724 secundum
926 1665 1169 1735 exempla
1219 1679 1339 1734 qua:
1382 1665 1620 1720 breviter
1666 1678 1808 1735 pm-

1889 452 2267 524 prophetarum
2289 450 2339 504 ei
2363 449 2675 521 praedicatio
2696 447 2939 519 quiverat
2957 448 3251 518 impertire,
3277 449 3459 508 Domi-

1890 544 2026 603 nica:
2072 543 2237 599 vestis
2270 541 2537 601 ﬁmbriam
2569 540 2853 615 tangendo,
2891 540 3278 598 incarnationis
3315 542 3451 600 vide-

1890 637 2017 694 licet
2043 635 2158 707 ejus
2187 635 2501 707 mysterium
2527 635 2818 701 credendo,
2842 634 3081 704 percepit
3108 674 3123 699 ,
3154 643 3215 697 ,αι
3242 651 3366 693 cum
3392 634 3461 691 ad

1892 730 2059 801 ipsius
2074 729 2282 805 Domini
2300 728 2732 805 praedicationem
2748 728 2837 781 vix
2854 725 3060 783 modica
3080 727 3461 797 discipulorum

1892 822 2052 877 turba
2087 820 2407 882 crediderit,
2445 819 2513 875 ad
2548 819 2985 887 praedicationem
3023 827 3202 875 tamen
3246 829 3461 891 aposto—

1894 913 2069 968 lorum
2102 919 2252 966 tanta
2285 908 2575 965 multitudo
2616 908 2899 965 celerrimo
2935 910 3057 965 ﬁdei
3096 911 3290 967 ardore
3334 928 3459 970 suc-

1895 1021 2057 1063 censa
2085 1014 2187 1070 est,
2210 1011 2272 1058 ut
2297 1019 2403 1058 una
2423 1001 2510 1056 die
2540 1002 2781 1072 quinque
2826 1002 2990 1056 millia
3020 1003 3293 1058 heremum
3314 1047 3327 1070 ,
3361 1005 3459 1060 alia

1897 1097 2000 1152 tria
2026 1094 2317 1151 credidisse
2334 1093 2718 1163 perhibeantur
2746 1110 2758 1147 :
2791 1094 2939 1163 quod
2982 1101 3038 1149 et
3092 1094 3208 1165 ipsa
3254 1094 3463 1152 Veritas

1898 1187 2170 1257 discipulis
2190 1185 2440 1258 promisit
2468 1184 2695 1239 dicens:
2737 1185 2839 1251 Qui
2867 1185 3033 1239 credit
3060 1187 3117 1241 in
3157 1202 3267 1253 me,
3309 1203 3465 1259 opera

1898 1298 2015 1354 qua:
2035 1298 2126 1352 ego
2154 1280 2293 1350 facio
2322 1287 2370 1333 et
2397 1279 2505 1350 ipse
2530 1276 2705 1349 faciet,
2739 1287 2787 1333 et
2832 1280 3040 1351 majora
3078 1282 3269 1336 horum
3311 1283 3465 1353 faciet

1903 1372 2083 1444 (Joan.
2114 1371 2247 1442 xw).
2284 1369 2440 1438 Quod
2471 1369 2690 1440 quidem
2723 1376 2779 1424 et
2808 1369 2863 1423 in
2909 1370 3175 1425 miraculo
3194 1372 3341 1441 quod
3372 1388 3467 1443 per

1901 1462 2119 1520 Petrum
2145 1477 2175 1517 a
2200 1461 2427 1517 Domino
2455 1468 2662 1532 gestum
2692 1470 2793 1525 est,
2818 1462 3039 1532 quidam
3069 1463 3292 1535 intelligi
3315 1480 3469 1534 posse

1901 1566 2122 1629 putant,
2152 1558 2404 1627 queniam
2450 1557 2575 1612 dum
2605 1556 2864 1611 Dominus
2904 1556 3133 1628 imperio
3166 1560 3313 1615 verbi
3359 1561 3470 1618 sive

1906 1655 2050 1705 tactu
2076 1647 2318 1702 inﬁrmos
2352 1646 2643 1711 sanaverit,
2669 1645 2867 1701 Petrus
2886 1648 3091 1704 umbrm
3119 1665 3230 1705 sua:
3263 1657 3471 1709 tantum

220 1760 496 1828 misimus,
537 1774 644 1815 non
664 1773 853 1814 omnes
877 1771 965 1812 res
993 1756 1186 1826 quibus
1213 1756 1456 1824 quaedam
1482 1756 1632 1810 utilia
1662 1770 1807 1810 mor-

1910 1748 2112 1796 attactu
2168 1740 2412 1795 inﬁrmos
2482 1738 2680 1809 legitur
2744 1754 2983 1795 sanasse.
3042 1740 3300 1799 Dominus
3346 1758 3473 1817 ergo

224 1853 431 1910 talibus
481 1851 789 1909 inferuntur
830 1835 1114 1905 adorandae
1135 1857 1301 1915 sunt;
1354 1849 1399 1903 si
1432 1863 1561 1904 vero
1610 1850 1667 1904 in
1716 1864 1808 1905 ve-

222 1946 396 2001 ritate
422 1954 630 2017 gestum
656 1958 762 1999 non
797 1950 901 2009 est,
957 1952 1017 1997 ut
1046 1949 1099 1997 et
1120 1958 1218 1998 nos
1238 1942 1581 2007 arbitramur,
1609 1957 1709 1998 nec
1731 1940 1808 1997 illi

225 2037 399 2109 plene
441 2035 742 2092 rationabili
790 2035 1109 2091 auctoritate
1156 2033 1454 2105 proferunt,
1516 2036 1607 2106 qui
1649 2036 1809 2092 nullis

224 2128 341 2185 hoc
383 2128 439 2183 in
462 2128 686 2183 veritate
723 2135 933 2199 gestum
987 2127 1311 2183 authenticis
1343 2129 1640 2199 approbant
1665 2128 1811 2184 indi-

228 2219 353 2283 ciis,
389 2234 490 2274 nec
512 2218 632 2275 ideo
661 2218 955 2273 vanissima
984 2232 1142 2274 sensu
1166 2221 1462 2275 carentium
1505 2237 1687 2276 rerum
1727 2230 1811 2278 est

230 2307 481 2364 adoratio
517 2307 850 2373 stabilienda,
897 2310 1023 2379 quia
1046 2311 1339 2366 mendaciis
1377 2326 1477 2368 nec
1506 2314 1812 2371 mendacio-

232 2416 361 2456 rum
386 2400 647 2472 exemplis
687 2417 776 2458 res
801 2417 920 2472 quae
972 2403 1365 2459 rationabiliter
1410 2412 1464 2461 et
1506 2405 1561 2460 in
1584 2408 1813 2464 veritate

230 2491 358 2548 ﬁeri
384 2492 579 2558 debet,
614 2506 875 2562 nusquam
921 2493 1119 2565 legitur
1145 2509 1264 2549 esse
1308 2502 1528 2561 statuta,
1559 2499 1812 2568 quoniam

232 2585 380 2642 sicut
406 2585 606 2641 veritas
640 2601 912 2656 nunquam
938 2586 1233 2641 mendaciis
1274 2588 1526 2644 assentiri
1555 2590 1816 2662 dignosci-

232 2685 348 2745 tur,
372 2676 445 2733 ita
470 2677 726 2732 nimirum
770 2678 1049 2733 mendacia
1074 2678 1287 2733 veritati
1322 2693 1533 2749 semper
1555 2681 1815 2753 refragari

234 2771 534 2829 creduntur
565 2789 579 2825 :
609 2784 733 2842 qua:
751 2771 856 2826 duo
882 2770 957 2825 ita
983 2770 1087 2826 sibi
1110 2786 1140 2826 e
1163 2771 1376 2827 diverso
1398 2774 1668 2828 venientia
1694 2789 1815 2830 cer-

232 2872 443 2921 nuntur
468 2862 682 2934 opponi,
714 2872 775 2919 ut
805 2862 908 2919 sibi
932 2870 1117 2917 mutuo
1163 2876 1375 2933 semper
1400 2865 1690 2919 credantur
1730 2874 1817 2921 re-

233 2955 362 3012 niti.
387 2954 540 3010 Sicut
565 2969 692 3025 ergo
719 2954 859 3023 ignis
883 2951 1122 3008 fomitem
1146 2968 1308 3009 nemo
1340 2963 1519 3023 potest
1552 2964 1814 3028 aquarum

232 3045 457 3103 ﬂuentis
484 3045 708 3109 nutrire,
734 3044 819 3100 vel
845 3060 875 3099 e
896 3045 1168 3100 contrario
1200 3060 1459 3115 aquarum
1487 3044 1683 3101 ﬂuenta
1722 3061 1816 3103 ne-

1909 1830 1977 1885 ad
2016 1830 2181 1885 ﬁliam
2216 1829 2627 1901 archisynagogi
2662 1831 3027 1886 suscitandam
3066 1846 3315 1901 pergens,
3351 1835 3474 1892 ﬁm-

1906 1921 2040 1977 briae
2077 1930 2281 1976 attactu
2308 1920 2562 1976 feminam
2590 1937 2621 1976 a
2648 1921 2913 1991 proﬂuvio
2938 1924 3214 1995 sanguinis
3249 1926 3473 1996 liberat,

1908 2010 2031 2080 quia
2056 2010 2304 2065 videlicet
2335 2012 2460 2066 dum
2496 2026 2846 2083 synagogam,
2870 2027 2988 2082 quae
3026 2015 3215 2084 utique
3252 2018 3478 2088 patriam

1909 2101 2131 2156 charum
2157 2109 2212 2155 et
2237 2102 2619 2172 prophetarum
2654 2103 2720 2158 de
2753 2104 2920 2173 stirpe
2951 2104 3247 2170 descendit,
3281 2122 3473 2168 somno

1909 2190 2303 2247 incredulitatis
2334 2191 2691 2263 evigilandam
2717 2202 2968 2264 appetere
2991 2197 3178 2262 tendit,
3215 2199 3478 2267 gentilita-

1912 2290 2021 2338 tem
2043 2298 2073 2337 a
2096 2284 2400 2338 daemonum
2425 2282 2845 2339 insolentissimo
2866 2284 3011 2339 cultu
3028 2300 3141 2340 sum
3159 2285 3280 2340 ﬁdei
3296 2287 3479 2358 cogni~

1912 2375 2059 2430 tione
2086 2376 2316 2442 sanavit,
2346 2384 2402 2430 et
2423 2376 2781 2445 bonumquod
2801 2376 2889 2430 illa
2909 2376 3151 2446 perﬁdiae
3178 2378 3331 2449 culpa
3349 2380 3482 2437 irre-

1911 2466 2010 2521 tita
2048 2466 2325 2537 percipere
2352 2467 2608 2537 neglexit,
2631 2467 2734 2523 ista
2754 2466 2875 2523 ﬁdei
2902 2469 3185 2525 devotione
3207 2472 3484 2542 percipere
3575 2452 3581 2459 ”

1913 2556 2129 2611 meruit.
2162 2555 2244 2612 Ad
2263 2572 2587 2629 synagogam
2609 2572 2738 2628 ergo
2768 2558 3099 2617 liberandam
3127 2575 3187 2615 se
3228 2562 3483 2620 Dominus

1913 2651 2126 2706 venisse
2147 2658 2398 2718 testatur,
2435 2667 2559 2707 cum
2579 2662 2635 2707 et
2654 2667 2753 2722 per
2779 2654 3121 2724 praesentiam
3151 2658 3484 2727 corporalem

1890 2742 2088 2798 dicit:
2118 2742 2242 2797 Non
2273 2759 2389 2798 sunt
2422 2744 2612 2801 missus
2655 2745 2760 2799 nisi
2801 2744 2869 2799 ad
2906 2762 3021 2801 oves
3059 2763 3178 2815 quas
3225 2750 3489 2817 perierant

1912 2834 2101 2890 domus
2125 2834 2298 2892 Israel
2320 2836 2536 2909 (Matth.
2596 2837 2722 2909 xv);
2768 2839 2883 2895 sive
2934 2855 3059 2895 cum
3106 2840 3399 2912 discipulos
3428 2842 3490 2900 in

1914 2930 2031 2984 vias
2054 2931 2294 3000 gentium
2316 2931 2487 2999 abire,
2523 2940 2579 2987 et
2628 2933 2685 2988 in
2727 2932 2977 2988 civitates
3024 2932 3492 2991 Samaritanorum

1916 3026 2133 3083 cohibet
2158 3028 2412 3094 introire;
2438 3036 2491 3083 et
2521 3029 2791 3098 quondam
2818 3027 3103 3098 allegorice
3124 3043 3222 3098 per
3251 3028 3495 3087 Salomo-

238 3154 333 3195 mo
352 3144 528 3207 potest
560 3136 730 3207 igneis
761 3134 1040 3191 fomitibus
1068 3104 1268 3207 augere
1286 3177 1299 3199 ,
1348 3136 1425 3191 ita
1462 3136 1629 3191 etiam
1655 3153 1813 3193 nemo

1920 3136 2044 3175 nem
2074 3120 2129 3175 in
2164 3119 2403 3176 Canticis
2445 3122 2782 3177 canticorum
2836 3121 2911 3175 ad
2949 3119 3259 3176 Israeliticae
3319 3123 3495 3193 gentis

238 3236 422 3303 potest
456 3229 762 3294 veritatem,
784 3237 845 3282 ut
867 3227 946 3281 illi
980 3226 1159 3283 facere
1186 3234 1471 3297 appetunt,
1519 3228 1818 3286 mendaciis

240 3321 616 3391 comprobare.
644 3319 897 3375 Decussis
912 3318 1077 3389 igitur
1095 3318 1335 3374 breviter
1350 3329 1404 3373 et
1430 3333 1494 3374 ex
1519 3326 1676 3389 parte
1693 3334 1821 3389 pro-

240 3414 389 3469 batis
413 3414 555 3483 quod
584 3421 796 3485 gestum
830 3410 1079 3480 imaginis
1106 3408 1432 3485 Polemonis,
1455 3409 1500 3465 si
1532 3419 1733 3476 tamen,
1760 3417 1822 3465 ut

238 3502 324 3563 illi
347 3503 476 3561 fassi
516 3512 662 3571 sunt,
695 3510 904 3576 gestum
932 3510 1038 3567 est,
1069 3509 1221 3574 gesto
1261 3500 1564 3569 Dominicn
1595 3500 1822 3558 ﬁmbrias

243 3597 516 3669 comquari
544 3611 643 3652 nec
664 3596 822 3651 debet
841 3608 942 3649 nec
961 3594 1123 3659 valet,
1146 3593 1280 3657 sive,
1305 3592 1447 3662 quod
1466 3606 1688 3662 prorsus
1708 3606 1824 3646 am-

240 3688 470 3761 bigitur,
507 3696 688 3743 utrum
713 3693 921 3759 gestum
961 3685 1060 3750 sit,
1101 3684 1245 3754 quod
1290 3682 1364 3737 illi
1414 3692 1623 3750 gestum
1657 3680 1822 3739 fuisse

247 3782 457 3845 dicunt,
486 3797 553 3835 an
581 3794 706 3845 non,
733 3780 846 3836 sive
868 3778 1012 3849 quod
1024 3777 1188 3832 etiam
1212 3776 1257 3831 si
1270 3782 1481 3846 gestum
1505 3773 1686 3840 fuerit,
1716 3789 1825 3829 non

248 3874 458 3931 idcirco
481 3872 776 3944 imaginum
804 3870 1046 3925 adoratio
1072 3868 1246 3923 astrui
1270 3866 1488 3931 valebit,
1515 3880 1617 3921 nec
1639 3881 1747 3921 non
1771 3873 1826 3921 et

248 3966 308 4022 id
333 3965 479 4036 quod
513 3962 810 4019 mendaciis
850 3960 1136 4033 approbari
1187 3974 1283 4015 seu
1318 3957 1577 4015 constitui
1600 3956 1828 4013 .veritas

250 4069 509 4132 nequeat,
537 4074 682 4115 nunc
719 4073 897 4129 operae
924 4056 1159 4127 pretium
1201 4061 1303 4120 est,
1340 4060 1399 4108 ut
1436 4051 1565 4123 quid
1614 4051 1828 4107 ﬁmbria

249 4151 551 4210 Dominica:
596 4151 780 4216 vestis,
823 4163 984 4218 quam
1028 4147 1105 4202 illi
1140 4146 1357 4217 imagini
1392 4144 1697 4200 Polemonis
1739 4158 1831 4200 co-

250 4261 472 4318 aequare
484 4245 828 4308 contendunt,
847 4241 1038 4314 typicis
1049 4238 1282 4295 innuerit
1295 4237 1613 4306 arcanisque
1626 4242 1830 4307 mystc-

252 4339 373 4403 riis,
407 4338 642 4394 breviter
683 4347 1062 4405 exsequamur.
1112 4330 1351 4385 Fimbria
1387 4343 1618 4396 namque
1650 4326 1833 4382 Domi-

1919 3211 2134 3266 bortum
2174 3226 2234 3267 se
2273 3212 2654 3267 descensurum
2683 3211 2950 3281 promitﬂt
2976 3211 3161 3267 dicens
3185 3227 3204 3266 :
3240 3212 3496 3267 nascendi

1920 3300 1989 3353 ad
1999 3302 2207 3355 hortum
2235 3318 2423 3356 nucum
2438 3311 2496 3356 ut
2520 3302 2751 3357 uiderem
2764 3317 2919 3372 poma
2931 3301 3180 3356 convallis
3195 3301 3371 3374 (Cant.
3392 3303 3492 3374 vt);

1919 3391 2043 3461 quia
2070 3393 2278 3448 scilicet
2306 3392 2432 3447 dum
2456 3392 2523 3446 ad
2548 3391 2758 3447 Iudaici
2802 3392 2985 3462 populi
3032 3392 3248 3446 hortum
3287 3393 3343 3446 in
3386 3408 3499 3463 quo

1919 3490 2037 3537 erat
2064 3483 2151 3537 lex
2177 3483 2230 3535 in
2253 3482 2455 3538 cortice
2480 3484 2723 3551 pandens
2746 3483 3071 3537 acerrimam
3100 3482 3492 3547 austeritatem,

1921 3576 1978 3631 in
2007 3576 2199 3632 nucleo
2227 3576 2507 3631 occultans
2538 3574 3012 3644 incomparabilem
3036 3575 3378 3638 suavitatem,
3401 3587 3500 3644 per

1923 3669 2104 3724 carnis
2144 3668 2541 3738 susceptionem
2573 3667 2885 3732 descendit,
2920 3666 3189 3737 gentilicio
3240 3664 3500 3720 convallis

1925 3761 2131 3830 abiecta
2151 3776 2315 3831 opera
2360 3760 2570 3825 invisit,
2600 3774 2829 3829 eamque
2883 3759 2985 3814 sibi
3022 3757 3145 3813 ﬁdei
3190 3758 3502 3829 integritate

1926 3854 2136 3910 ascivit.
2174 3853 2344 3909 Porro
2362 3854 2507 3924 quod
2535 3862 2724 3908 sanata
2767 3852 2821 3906 in
2846 3851 3041 3907 itinere
3066 3850 3265 3905 femina
3292 3850 3359 3906 ad
3407 3851 3502 3906 do-

1926 3962 2073 4002 mum
2096 3946 2508 4017 arcbisyuagog’r
2529 3961 2560 4000 a
2590 3944 2821 4000 Domino
2858 3945 3102 4009 venitur,
3129 3941 3355 4014 ejusque
3392 3943 3503 3998 filia

1928 4038 2122 4094 mortis
2153 4037 2384 4094 vinculis
2407 4037 2681 4092 destitutis
2696 4036 3009 4102 suscitatur,
3035 4051 3303 4108 synagoga
3331 4051 3502 4105 quan-

1927 4128 2104 4199 doque
2128 4143 2377 4185 somnum
2400 4141 2512 4185 suae
2535 4126 2840 4184 difﬁdentiae
2861 4127 3195 4192 discessura,
3218 4134 3275 4182 et
3293 4125 3510 4182 Christo

1929 4234 2029 4291 per
2054 4220 2214 4277 ﬁdem
2236 4226 2633 4286 resurrectura,
2658 4227 2719 4273 et
2736 4219 2788 4274 ei
2809 4218 3073 4290 perpetis:
3121 4218 3331 4274 victura
3355 4233 3511 4273 mou-

1932 4319 2171 4377 stratur,
2223 4312 2656 4383 quandoquidem
2693 4327 2818 4367 mox
2873 4320 2928 4367 ut
2963 4311 3234 4384 plenitudo
3255 4311 3508 4381 gentiam,

252 4402 394 4487 nica:
418 4429 585 4485 vestis
612 4427 747 4485 ﬁdes
765 4402 850 4481 est
870 4421 1275 4486 incarnationis,
1299 4418 1452 4488 cujus
1472 4424 1674 4472 attactu
1699 4432 1831 4488 gen—
1858 4475 1903 4488 _
1934 4405 2230 4461 secundum
2258 4404 2597 4474 Apostolum,
2629 4404 2998 4461 «hilaraverit
3026 4403 3206 4476 (Rom.
3236 4403 3313 4474 x),
3346 4402 3509 4459 caeci-

253 4475 1657 4593 Eit‘as'aegivtu—dinem—amisitidololatria-findimus.
1678 4475 1831 4569 Svicut
1858 4475 1907 4536 Β
1935 4506 2248 4593 ιεῑθω-φιω
2285 4496 2336 4593 ei
2359 4504 2609 4593 exparte
2630 4496 2685 4553 in
3156 4493 3514 4593 inme-diato-

253 4616 402 4673 enim
431 4584 641 4669 ﬁmbria
670 4611 737 4667 ad
767 4607 1225 4680 comparationem
1253 4603 1495 4674 corporis
1533 4602 1646 4657 sive
1667 4601 1832 4657 totius
1932 4606 2050 4647 rem
2092 4591 2188 4646 DCi
2217 4598 2273 4646 tl
2300 4589 2579 4647 hominum
2609 4589 2854 4661 contigit,
2889 4603 2923 4644 ι
2949 4600 3009 4680 se
3043 4584 3421 4680 discutiendo,
3457 4592 3514 4641 et

253 4706 559 4765 indumenti
587 4719 713 4777 pars
737 4676 959 4759 minima
1004 4707 1107 4764 est,
1138 4698 1213 4752 ita
1238 4695 1493 4752 nimirum
1530 4693 1835 4749 incarnatio
1935 4687 1991 4741 in
2015 4699 2139 4741 eum
2166 4684 2437 4740 credendo
2457 4683 2550 4777 qui
2577 4682 2678 4738 sibi
2700 4696 2798 4752 per
2814 4676 3159 4777 patriarchas
3187 4683 3244 4731 et
3270 4676 3508 4777 prophe-

252 4768 617 4872 redemptoris
646 4796 843 4853 divinae
897 4802 952 4850 et
1001 4788 1261 4847 inelabili
1290 4786 1622 4860 generationi
1670 4800 1775 4856 qua
1801 4800 1832 4839 a
1868 4868 1871 4872 ι
1934 4786 2019 4833 tas
2049 4792 2330 4834 sacrorum
2348 4771 2971 4872 oraculorum-tonitrum-
2992 4769 3125 4825 olim
3161 4768 3517 4872 annpntiams

252 4859 421 4950 Patre
446 4859 583 4946 ‘ante
611 4889 807 4946 saecula
842 4886 1058 4959 genitus
1102 4890 1204 4949 est,
1258 4859 1584 4950 comparata,
1611 4877 1833 4933 minima
1933 4878 2040 4936 est,
2077 4872 2306 4926 credens
2327 4909 2344 4936 ,
2384 4870 2464 4927 sic
2501 4867 2677 4923 omnis
2705 4864 2870 4920 lsrael
2890 4863 3070 4923 salvus
3095 4859 3393 4959 etin-Cum
3419 4859 3519 4959 igi-

254 4999 382 5043 esse
409 4984 622 5040 videtur
646 4998 660 5035 :
690 4981 757 5037 de
782 4951 887 5051 qua
910 4976 1253 5048 generatione
1281 4987 1380 5043 per
1399 4970 1593 5027 Isaiam
1616 4968 1832 5034 dicitur,
1878 4951 1886 4953 ἡ
1937 4970 2027 5016 tur
2048 4962 2134 5017 his
2155 4969 2210 5017 et
2226 4961 2313 5017 his
2337 4959 2604 5017 similibus
2645 4956 2921 5051 mysteriis
2963 4969 3084 5051 quae
3123 4953 3181 5051 in
3224 4951 3519 5051 Dominicae

254 5073 657 5135 Generationem
681 5044 935 5143 ejus-quis
960 5064 1225 5122 enarrabit
1247 5062 1383 5127 (ιω.
1416 5060 1573 5131 LIII)?
1594 5058 1685 5114 ubi
1710 5059 1839 5113 ευδ-
1937 5055 2167 5111 ﬁmbrias
2231 5061 2385 5127 gesto
2446 5053 2776 5115 inuuuutur,
2811 5047 3118 5105 Polemonis
3152 5046 3329 5143 imago
3368 5044 3517 5143 peni?

255 5165 501 5228 auditur,
534 5136 736 5228 nanus.
773 5136 1074 5216 Humanam
1102 5163 1285 5211 autem
1303 5153 1419 5223 ejus
1439 5151 1837 5223 generationem
1937 5156 2027 5205 tus
2061 5157 2285 5214 careat,
2325 5162 2433 5203 non
2477 5160 2546 5202 eo
2590 5144 2752 5200 modo
2799 5152 2861 5199 ut
2906 5141 3171 5199 Dominici
3218 5136 3519 5197 indumenti
3548 5185 3569 5225 ‘

253 5254 686 5327 itaevangelista
707 5245 1474 5319 enarratJﬂrergennationis
1496 5243 1625 5297 less
1645 5241 1840 5297 Christi
1939 5241 2151 5296 ﬁmbria
2200 5239 2446 5296 habenda
2504 5244 2587 5293 est
2610 5277 2625 5301 ,
2688 5251 2790 5292 nec
2837 5234 3012 5327 debet
3060 5231 3112 5287 ei
3154 5228 3425 5327 comquari
3464 5227 3521 5283 in

255 5350 367 5425 ﬁlii
392 5348 561 5403 David
591 5344 807 5419 (Matth.
833 5344 894 5417 ι).
926 5341 1115 5397 Mulier
1154 5355 1283 5411 ergo
1322 5343 1444 5408 post
1467 5343 1679 5406 tergum
1722 5332 1842 5425 ﬁm-

258 5423 441 5501 briam
477 5439 770 5497 Dominica:
811 5435 979 5491 vestis
1012 5434 1283 5503 attingens
1338 5435 1647 5497 exoptatam
1692 5423 1841 5479 sani-

259 5546 456 5600 tatem,
478 5549 638 5605 quam
653 5531 982 5586 medicorum
1010 5523 1271 5581 industria
1295 5522 1452 5591 longa
1484 5532 1582 5589 per
1600 5525 1843 5584 tempora
2521 5514 2752 5573 CAPUT
2789 5512 2954 5570 xm,

258 5603 581 5701 negaverat,
612 5625 836 5696 recepit,
869 5622 995 5693 quia
1026 5627 1147 5690 post
1172 5617 1477 5688 passionem
1514 5620 1571 5666 et

1949 5614 2342 5701 οπεοάάιιάῖρερ
2374 5615 2463 5687 τινί
2501 5613 2559 5667 in
2590 5610 2821 5701 νηξηξξα
2846 5603 3526 5701 ,φξῖέίὶμὶαεζὲξῆμὲπὲζ

261 5673 636 5783 "cibatui-ne
1339 5703 1552 5763 Domini
1567 5699 1846 5777 gentilitas
1952 5673 1992 5687 ’ν
2018 5673 2185 5747 tenter
2217 5699 2267 5747 et
2627 5673 2799 5739 etiam
2840 5673 3118 5757 pictoriatit
3155 5673 3403 5737 catullus
3435 5687 3530 5735 oo-

1943 5332 2182 5397 honore,
2243 5344 2364 5400 qua
2423 5327 2627 5399 aequari
2686 5325 2878 5397 nequit
2917 5323 2975 5380 in
3008 5328 3096 5379 tot
3140 5320 3521 5393 mysteriorum

1943 5425 2174 5498 fulgore.
