4016 6292
558 260 694 370 ηδε)

1413 303 1474 362 B.
1516 304 1770 363 canon
1806 304 2023 362 mem
2061 278 2212 363 ore.
2251 304 2431 364 rans
2467 306 2530 363 ιι.
2574 306 2819 367 suam
2853 309 2916 366 ιι.
3008 290 3017 299 ’

3675 308 3815 378 me

621 423 733 479 nati
770 426 890 476 sunt
912 460 941 503 ,Δ
964 420 1189 475 dicentes
1228 434 1260 499 ε⁸
1282 415 1380 503 Pis
1416 416 1561 499 enim
1591 416 2082 503 est‘ars‘pict'oris‘
2103 456 2118 483 ,
2147 419 2201 481 Δ
2223 416 2559 488 professione
2594 428 2744 476 tanta
2782 428 2867 477 est
2898 420 3416 493 nequitiajudicum,
3455 438 3674 500 quanta
3696 448 3814 503 per-

621 503 677 570 et
703 508 812 548 non
835 500 980 570 recte
995 505 1122 570 eam
1173 487 1390 570 quidam
1448 488 1765 570 insipienter
1800 487 2120 570 detrahunt,

608 564 737 634 ipse
751 562 937 691 denim
993 561 1156 617 Pater
1208 561 1471 630 pictorem
1521 561 1610 629 pie
1664 565 1916 629 agentem
1971 572 2126 614 com-

623 650 749 691 men
786 642 863 690 at.

622 793 682 851 Si
714 788 971 864 pestilens
990 788 1185 845 humor
1219 801 1403 844 arcem
1429 785 1693 859 corporis,
1740 783 1797 842 id
1824 792 1926 853 est,
1961 792 2127 857 caput

553 882 844 949 obsederit,
897 880 1056 937 facile
1080 879 1151 936 ad
1181 888 1377 935 cetera
1431 878 1674 935 membra
1710 874 2124 945 transfunditur,

554 991 654 1033 nec
680 970 988 1030 mirandum
1020 977 1104 1028 est
1134 970 1181 1027 si
1204 970 1272 1026 ad
1296 970 1492 1039 pedum
1547 967 1655 1024 ima
1706 967 2009 1024 transfusus
2034 982 2128 1025 eos

553 1066 901 1126 vehementer
922 1062 1099 1129 laedat,
1141 1061 1188 1118 si
1216 1076 1341 1117 eum
1367 1060 1482 1131 jam
1505 1068 1687 1132 caput,
1714 1061 1860 1133 quod
1879 1061 2128 1117 omnibus

552 1163 811 1222 membris
832 1160 1167 1233 praeminet,
1189 1158 1394 1215 laesisse
1425 1165 1656 1215 constet.
1700 1157 1933 1213 Vesania
1964 1156 2131 1228 igitur

552 1254 948 1312 adorandarum
978 1250 1275 1323 imaginum
1299 1266 1418 1321 quae
1441 1249 1785 1307 Constantini
1816 1256 1872 1305 et
1899 1248 2131 1305 Haelenaa

552 1346 739 1402 matris
760 1343 900 1415 ejus,
945 1343 1060 1401 sive
1085 1343 1253 1399 etiam
1280 1343 1526 1398 Tharasii
1551 1340 2131 1411 Constantinopolitani

550 1435 786 1509 episcopi
811 1440 1239 1506 caeterorumque
1269 1433 1482 1489 illarum
1511 1434 1749 1504 partium
1789 1433 2133 1489 sacerdotum

551 1536 790 1586 mentem
821 1525 1061 1597 irrepsit,
1083 1540 1195 1581 non
1226 1531 1311 1581 est
1330 1523 1624 1596 plurimum
1648 1522 2130 1595 magnipendenda,

554 1621 605 1679 si
631 1621 699 1675 ad
716 1616 961 1687 judicum
987 1616 1102 1672 sive
1130 1615 1368 1687 plebium
1393 1630 1569 1685 usque
1598 1621 1806 1669 mentes
1836 1613 2134 1683 subripien'

554 1711 653 1769 das
677 1707 974 1777 descendit,
1011 1707 1267 1778 quoniam
1309 1714 1370 1760 ut
1409 1705 1676 1776 superiori
1705 1704 1951 1775 exemplo
1980 1718 2134 1758 mon-

2225 510 2455 567 versitas
2472 513 2839 579 sacerdotum,
2874 513 2969 570 sed
2995 514 3051 569 in
3071 514 3189 570 istis
3204 514 3644 587 deprehenditur
3666 522 3813 594 igna-

2188 663 2208 684 .
2226 606 2330 671 via,
2357 605 2413 662 in
2434 607 2541 664 illis
2568 608 2760 680 ingens
2782 609 3049 666 redundat
3069 608 3279 665 insania
3295 650 3312 678 ,
3339 614 3661 682 praeseer
3700 632 3813 673 cum

2227 699 2304 756 illi
2328 716 2387 757 se
2426 699 2692 773 imagines
2721 702 3061 767 adoraturos,
3115 707 3300 777 eisque
3340 707 3640 764 servitium
3681 716 3810 782 quod

2228 801 2432 850 sanctae
2458 792 2714 849 Trinitati
2744 794 2991 861 debetur,
3030 797 3368 853 exhibituros
3409 798 3812 870 proﬁteantur;
3842 830 3847 841 ρ

2227 881 2321 939 isti
2339 883 2609 954 pictorum
2629 893 2804 940 artem
2826 885 2974 956 piam
2998 902 3139 954 esse,
3162 896 3217 944 et
3237 904 3346 945 non
3366 889 3572 947 debere
3594 893 3808 950 suban-

2229 976 2384 1041 nari,
2412 982 2467 1030 et
2485 976 2751 1045 pictorem
2786 977 2877 1047 pie
2908 986 3155 1050 agentem
3187 996 3220 1034 a
3252 979 3413 1037 Patre
3443 983 3809 1040 commendari

2228 1067 2459 1140 professi
2509 1068 2619 1124 sint
2657 1069 2937 1125 dicentes:
2968 1069 3071 1125 Pia
3099 1073 3237 1126 enim
3274 1081 3349 1127 est
3394 1090 3489 1129 ars
3513 1076 3739 1146 pictoris
3769 1091 3808 1134 et

2231 1172 2338 1212 non
2358 1168 2492 1213 recte
2512 1176 2628 1213 eam
2647 1159 2865 1231 quidam
2883 1160 3189 1232 insipienter
3210 1162 3515 1231 detrahunt,
3550 1166 3667 1236 ipse
3689 1168 3809 1222 alia

2233 1245 2397 1303 Pater
2417 1250 2670 1320 pictorem
2711 1251 2794 1321 pie
2840 1260 3076 1322 agentem
3123 1254 3470 1310 commendat.
3499 1255 3578 1311 lu
3635 1258 3813 1327 quibus

2231 1345 2587 1408 utrorumque
2644 1339 3073 1409 professionibus
3139 1340 3418 1399 evidenter
3477 1347 3809 1413 ostenditur,

2233 1435 2387 1487 tanto
2427 1433 2736 1489 sacerdotes
2770 1432 3178 1503 przeeminuisse
3204 1432 3477 1504 judicibus
3527 1438 3592 1492 in
3622 1454 3809 1504 errore.

2233 1530 2437 1593 quanto
2452 1523 2708 1579 nimirum
2721 1525 3075 1595 praeeminent
3096 1541 3196 1597 per
3207 1528 3405 1598 gradus
3424 1529 3811 1590 sublimitatem

2236 1613 2290 1668 in
2316 1615 2543 1680 honore,
2583 1631 2683 1671 nec
2705 1616 2974 1686 comquari
2995 1617 3239 1687 potuisse
3281 1617 3449 1675 laicos
3492 1621 3811 1689 prresulibus

2236 1700 2293 1758 in
2311 1704 2545 1761 absurda
2566 1702 2920 1773 professione,
2944 1706 3037 1776 qui
3062 1722 3171 1762 non
3209 1707 3482 1778 cozequari
3502 1720 3734 1779 possunt
3762 1713 3810 1767 in

552 1811 784 1862 stratum
811 1810 917 1868 est,
944 1816 1069 1856 cum
1090 1806 1251 1871 caput
1272 1798 1559 1854 insolentia
1585 1796 1864 1868 cujusdam
1894 1796 1972 1853 rei
1994 1796 2139 1852 inva-
2164 1789 2213 1852 Β
2240 1797 2591 1854 sacerdotalis
2620 1799 2889 1856 cathedra:
2916 1800 3189 1867 sessione;
3244 1802 3341 1857 sed
3371 1802 3501 1859 dum
3536 1805 3595 1859 in
3631 1814 3811 1862 neutra

553 1896 718 1961 ditur,
747 1893 905 1950 facile
931 1899 1126 1948 caetera
1153 1891 1479 1948 invaduntur
1498 1932 1513 1959 ,
1558 1906 1678 1962 qua:
1720 1890 1883 1962 capiti
1912 1890 2133 1947 subesse

551 1994 947 2046 monstrantur.
978 1986 1144 2043 Omne
1178 1996 1333 2058 caput
1362 1985 1705 2057 languidum,
1731 1985 1809 2042 ait
1836 1983 2129 2055 Propheta,

551 2091 601 2138 et
633 2098 784 2137 omne
805 2098 897 2136 cor
918 2096 1160 2148 atterens,
1184 2096 1217 2135 a
1236 2078 1421 2151 planta
1443 2080 1589 2151 pedis
1613 2097 1775 2151 usque
1801 2079 1870 2135 ad
1891 2080 2131 2135 verticem

552 2188 660 2227 non
695 2179 772 2226 est
804 2172 859 2226 in
889 2171 965 2226 eis
1000 2171 1202 2225 sanitas
1251 2168 1388 2245 (Isa.
1427 2168 1488 2240 ι),
1552 2170 1680 2240 quia
1707 2169 1956 2224 videlicet
2001 2168 2131 2224 dum

548 2277 584 2317 a
624 2261 846 2332 regibus
868 2268 924 2317 et
944 2276 976 2316 a
1003 2260 1377 2317 sacerdotibus
1396 2300 1411 2325 ,
1454 2262 1545 2331 qui
1576 2259 1851 2331 exemplar
1884 2259 2024 2315 bene
2050 2257 2131 2314 vi-

553 2353 713 2409 vendi
739 2351 998 2423 subjectis
1025 2352 1272 2426 plebibus
1300 2367 1423 2409 esse
1463 2351 1677 2417 debent,
1723 2358 1871 2407 recte
1916 2350 2131 2407 vivendi

554 2450 808 2515 recteque
833 2443 1026 2517 agendi
1051 2442 1290 2500 studium
1311 2442 1764 2515 praetermittitur,
1809 2443 1877 2499 de
1917 2442 2131 2497 interna

552 2537 798 2595 sanitate.
816 2534 1181 2608 subiectarum
1201 2535 1438 2608 plebium
1482 2535 1878 2606 quodammodo
1918 2535 2132 2591 dubita-

551 2639 661 2684 tur.
688 2628 822 2685 Cum
847 2644 977 2700 ergo
1006 2627 1062 2684 in
1090 2627 1281 2685 eadem
1308 2627 1514 2700 synodo
1537 2634 1618 2684 tot
1638 2628 1977 2684 sacerdotum
2013 2626 2132 2684 fue-

551 2724 670 2780 rint
681 2723 873 2781 obsita:
891 2731 1103 2780 mentes
1126 2722 1436 2788 erroribus,
1464 2722 1735 2793 quomodo
1780 2737 1888 2778 non
1914 2729 2131 2791 poterat

553 2832 711 2874 error
723 2814 974 2886 judicum
994 2816 1259 2874 inhaerere
1280 2817 1587 2873 mentibus?
1601 2816 1709 2872 Aut
1724 2816 1847 2887 quis
1859 2816 1930 2871 ab
1941 2830 2130 2871 errore

551 2909 773 2966 reducat
799 2924 946 2975 oves,
986 2909 1035 2965 si
1057 2909 1275 2966 errandi
1312 2911 1566 2967 ducatum
1592 2918 1810 2965 teneant
1837 2908 2131 2980 pastores?

551 2999 875 3058 Sacerdotes
899 3000 1101 3058 etenim
1142 3002 1238 3073 qui
1268 2999 1325 3057 in
1366 3017 1609 3058 errorem
1646 3000 1889 3058 subditas
1942 3000 2130 3072 plebes

549 3091 808 3149 inducere
830 3100 1145 3160 noscuntur,
1174 3091 1369 3157 talibus
1387 3108 1487 3164 per
1499 3092 1789 3149 Ieremiam
1813 3092 2131 3163 prophetam

551 3182 1013 3255 increpationibus
1041 3192 1339 3257 arguuntur
1371 3203 1384 3239 :
1410 3184 1698 3256 Propterea
1722 3185 1833 3239 ἠως
1859 3184 1999 3239 .dicit
2021 3182 2132 3241 Do-

550 3276 725 3332 minus
762 3276 832 3331 ad
865 3287 1100 3349 pastores
1123 3278 1216 3350 qui
1260 3286 1443 3349 regunt
1475 3275 1726 3349 populum
1770 3293 1963 3331 meum.
2028 3274 2159 3351 Vos

548 3366 866 3439 dispersistis
888 3384 1004 3423 oves
1029 3384 1173 3423 meas
1192 3407 1209 3436 ,
1251 3377 1299 3424 et
1330 3367 1602 3440 expulistis
1622 3385 1731 3435 eas,
1756 3377 1805 3423 et
1827 3384 1935 3422 non
1954 3368 2134 3423 uisita-

550 3457 647 3513 stis
671 3475 759 3514 eas
780 3458 998 3530 (Jerem.
1030 3458 1192 3531 nm)
1219 3476 1233 3526 ;
1275 3460 1368 3516 ubi
1403 3459 1653 3530 protinus
1675 3467 1877 3530 quanta
1903 3459 1974 3514 sit
2000 3475 2133 3515 cura

554 3549 652 3607 Dei
702 3567 834 3623 erga
860 3552 1139 3625 populum,
1162 3553 1467 3625 qualiterve
1513 3554 1710 3609 amotis
1737 3553 2134 3626 negligentibus

552 3643 909 3702 studiosiores
953 3646 1152 3717 populo
1203 3645 1302 3702 Dei
1339 3646 1536 3702 dentur
1588 3654 1849 3711 rectores,
1887 3647 2135 3717 protinus

551 3734 888 3794 subinfertur
911 3755 928 3796 :
950 3737 1088 3796 Ecce
1108 3754 1201 3809 ego
1232 3738 1439 3794 vindico
1464 3739 1522 3793 in
1548 3753 1636 3794 vos
1660 3739 1945 3795 secundum
1990 3741 2135 3797 mala

551 3827 731 3885 studia
754 3838 952 3897 uestra,
1005 3840 1054 3885 et
1087 3830 1350 3888 suscitabo
1392 3829 1499 3886 illis
1533 3840 1768 3901 pastores
1798 3832 1889 3903 qui
1916 3842 2135 3903 pascant

552 3934 673 3983 eas,
710 3928 760 3973 et
787 3919 927 3975 ultra
968 3936 1078 3976 non
1111 3921 1364 3977 timebunt
1409 3938 1571 3993 neque
1620 3921 1970 3989 terrebantur,
2008 3922 2136 3978 dicit

550 4005 813 4093 Dominus
843 4008 1059 4082 (Ibid).
1089 4009 1151 4067 In
1186 4010 1438 4069 Ezechiel
1474 4027 1690 4083 quoque
1744 4014 2014 4083 propheta
2066 4011 2136 4068 de

554 4097 776 4166 talibus,
810 4102 954 4171 quod
973 4102 1192 4174 quidem
1213 4120 1324 4161 non
1363 4104 1482 4160 sine
1508 4104 1712 4176 ingenti
1732 4105 1900 4160 animi
1934 4120 2136 4175 angore

552 4193 949 4263 prosequimur,
974 4195 1069 4265 qui
1100 4196 1383 4267 stipendiis
1406 4195 1790 4253 ecclesiasticis
1810 4206 2056 4265 utuntur,
2080 4206 2137 4255 et

553 4285 814 4356 etemplis
841 4286 1083 4344 erroneis
1115 4294 1171 4342 et
1213 4273 1444 4344 incautis
1484 4288 1743 4360 populum
1792 4288 1851 4344 in
1891 4304 2135 4347 errorem

553 4378 811 4435 inducere
836 4379 1150 4447 creduntur,
1176 4378 1319 4436 sicut
1337 4379 1396 4437 hi
1414 4378 1608 4437 fecisse
1640 4381 2016 4453 perhibentur,
2039 4381 2135 4453 qui

553 4472 610 4529 in
636 4488 834 4530 vanam
858 4473 1154 4547 imaginum
1179 4472 1552 4530 adorationem
1588 4482 1926 4539 exarserunt,
1951 4483 2007 4530 et
2030 4490 2132 4544 po-

551 4564 744 4636 pulum
793 4565 1069 4622 subditum
1091 4564 1301 4637 praelati
1345 4565 1449 4621 sibi
1478 4565 1536 4621 in
1560 4581 1743 4623 errore
1779 4567 2131 4638 professionis

553 4657 918 4726 sociaverunt,
947 4658 1020 4714 ita
1053 4658 1314 4715 scribitur
1344 4674 1359 4711 :
1391 4655 1462 4711 Et
1495 4657 1636 4723 ideo,
1662 4668 1921 4729 pastores,
1956 4658 2137 4714 audite

551 4754 764 4810 verbum
785 4754 1001 4810 Domini
1023 4771 1041 4810 :
1067 4752 1201 4810 Oves
1238 4770 1382 4808 meas
1405 4752 1687 4825 devoratis,
1714 4761 1764 4807 et
1791 4752 1929 4808 lanis
1951 4769 2137 4808 eorum

552 4862 641 4902 vos
669 4848 966 4917 cooperitis,
991 4856 1040 4902 et
1066 4847 1206 4919 quod
1242 4862 1481 4901 crassum
1506 4853 1581 4899 est
1611 4843 1893 4916 jugulatis,
1943 4855 1991 4899 et
2019 4861 2133 4900 oves

552 4952 695 4993 meas
709 4938 1027 5009 dispersistis
1040 4954 1060 5004 ;
1087 4937 1226 5009 quod
1244 4938 1516 5008 infirmum
1527 4945 1639 4991 erat
1658 4953 1762 4992 non
1774 4936 2131 5005 confortastis,

552 5038 601 5085 et
631 5029 772 5102 quod
799 5029 937 5084 male
959 5027 1181 5084 habebat
1223 5046 1327 5083 non
1364 5028 1609 5095 curastis,
1634 5037 1681 5083 et
1708 5029 1987 5083 contritum
2027 5045 2133 5084 non

551 5120 831 5193 alligastis,
882 5131 931 5177 et
959 5119 1100 5192 quod
1125 5120 1333 5174 errabat
1381 5137 1485 5175 non
1524 5121 1882 5188 convertistis,
1913 5130 1961 5176 et
1989 5122 2131 5193 quod

550 5213 779 5284 perierat
812 5229 919 5267 non
951 5211 1260 5283 requisistis,
1289 5220 1339 5266 et
1370 5210 1557 5281 fortem
1586 5213 1911 5284 oppressistis
1931 5212 2128 5281 labore,

550 5313 601 5359 et
625 5302 876 5374 dispersa:
898 5313 1020 5359 sunt
1045 5319 1162 5359 oues
1188 5319 1337 5370 meae,
1364 5320 1424 5358 eo
1445 5303 1584 5375 quod
1608 5321 1712 5359 non
1732 5305 1837 5360 sint
1864 5312 2128 5376 pastores,

553 5405 601 5452 et
628 5395 783 5466 facta:
810 5404 931 5451 sunt
966 5397 1025 5451 in
1043 5395 1433 5451 devorationem
1459 5395 1697 5451 omnibus
1723 5396 1897 5450 bestiis
1918 5397 2055 5467 agri,
2079 5405 2129 5450 et

554 5486 800 5557 dispersit
824 5497 946 5542 sunt
989 5503 1105 5544 oves
1132 5503 1261 5543 mea:
1308 5503 1464 5559 super
1496 5503 1699 5541 omnem
1750 5497 1974 5541 montem
2003 5496 2050 5541 et
2075 5487 2133 5541 in

502 5620 511 5627 .
552 5592 758 5635 omnem
780 5576 965 5634 collem
987 5577 1173 5645 altum,
1197 5588 1244 5634 et
1271 5596 1427 5650 super
1453 5578 1642 5649 faciem
1667 5581 1823 5633 totius
1845 5588 1998 5634 terra:
2026 5578 2136 5633 dis-

551 5683 718 5741 persw
745 5677 889 5737 sunt,
911 5685 1005 5724 nec
1032 5679 1142 5725 erat
1165 5670 1257 5741 qui
1294 5671 1535 5742 eriperet,
1569 5687 1734 5743 neque
1757 5672 1847 5741 qui
1873 5679 2137 5728 revocaret

554 5756 771 5847 (Each.
800 5760 1009 5836 xxxn').
1030 5760 1147 5820 Non
1170 5778 1301 5835 ergo
1337 5764 1392 5821 in
1419 5763 1579 5833 hujus
1611 5764 1815 5835 negotii
1839 5763 2134 5819 vanissima
2156 5794 2179 5817 ρ

2232 1899 2387 1964 parte
2406 1891 2712 1962 reperiatur
2734 1891 2879 1962 quod
2907 1900 3055 1949 recte
3076 1901 3239 1962 queat
3262 1892 3497 1961 laudari,
3516 1896 3807 1970 inutraque

2234 1990 2416 2041 tamen
2452 1992 2608 2054 parte
2638 1992 2895 2041 cernatur
2922 1986 3068 2056 quod
3088 1986 3284 2042 merito
3307 1988 3483 2057 possit
3504 1990 3805 2060 vituperari,

2231 2082 2289 2131 et
2323 2074 2616 2146 praesulum
2654 2090 2811 2130 error
2843 2076 2937 2145 qui
2974 2090 3033 2133 se
3060 2074 3328 2149 imagines
3366 2078 3694 2137 adoratum
3717 2083 3805 2137 eis-

2231 2181 2338 2236 que
2367 2166 2646 2223 servitium
2698 2166 2799 2224 soli
2852 2166 2964 2223 Deo
3015 2168 3260 2225 debitum
3287 2170 3651 2227 exhibituros
3693 2172 3806 2230 fassi

2232 2265 2378 2325 sunt,
2417 2273 2485 2313 ex
2504 2266 2659 2329 parte
2679 2259 2955 2316 discussus
2990 2260 3091 2328 sit,
3122 2269 3294 2317 restat
3312 2272 3374 2318 ut
3386 2259 3646 2331 judicum
3665 2266 3804 2325 etiam

2230 2365 2402 2431 error.
2417 2365 2525 2421 quo
2550 2358 2723 2407 artem
2745 2350 3032 2421 pictoriam
3052 2351 3201 2422 piam
3223 2367 3346 2409 esse
3365 2365 3709 2423 asseverant,
3730 2372 3806 2412 no-

2230 2441 2333 2497 stri
2370 2440 2496 2514 styli
2525 2440 2831 2497 invectione
2859 2438 3203 2499 discutiatur.
3228 2442 3430 2499 Dicunt
3458 2444 3619 2500 enim
3656 2453 3803 2501 artem

2229 2533 2519 2604 pictoriam
2544 2533 2694 2605 piam
2719 2548 2858 2599 esse,
2885 2533 3041 2604 quasi
3063 2548 3173 2589 non
3202 2550 3324 2590 cum
3355 2537 3584 2592 ueteris
3608 2537 3803 2593 munda-

2230 2627 2316 2684 nis
2337 2626 2547 2683 artibus
2572 2627 3003 2684 communionem
3025 2629 3242 2697 pietatis
3258 2637 3353 2683 aut
3381 2630 3686 2700 impietatis
3702 2644 3800 2687 sor-

2231 2720 2419 2776 tiatur.
2444 2718 2584 2805 Quid
2605 2719 2752 2775 enim
2778 2733 2867 2774 ars
2883 2718 3154 2790 pictorum
3188 2721 3422 2792 amplius
3456 2723 3628 2780 habet
3659 2724 3804 2795 pieta-

2233 2812 2306 2869 tis
2338 2823 2457 2870 arte
2496 2812 2809 2880 fabrorum,
2845 2811 3198 2884 sculptorum,
3238 2815 3627 2884 conﬂatorum,
3661 2815 3799 2874 68h-

2230 2912 2431 2970 torum,
2462 2903 2807 2970 latomorum,
2867 2905 3242 2976 lignariorum,
3300 2914 3464 2964 terrae
3510 2909 3800 2975 cultorum,

2230 2995 2317 3053 vel
2341 3005 2663 3053 cancrorum
2680 2996 2970 3068 opificum?
3001 2996 3201 3056 Omnes
3221 3001 3369 3056 enim
3390 3017 3534 3072 quas
3554 3004 3802 3075 prmisi-

2232 3105 2355 3146 mus
2371 3097 2535 3157 artes,
2568 3107 2690 3162 qua:
2717 3107 2827 3149 non
2849 3092 2956 3150 nisi
2985 3093 3242 3173 discendo
3264 3101 3497 3165 possunt
3516 3097 3729 3167 attingi,
3755 3104 3804 3151 et

2232 3182 2318 3254 pie
2343 3190 2399 3239 et
2434 3183 2598 3253 impie
2643 3191 2871 3254 possunt
2918 3186 2987 3241 ab
3031 3185 3119 3242 his
3144 3187 3343 3255 quibus
3372 3196 3689 3243 exercentur
3712 3187 3807 3242 ha-

2232 3274 2370 3341 beri,
2406 3289 2509 3331 nec
2536 3275 2594 3330 in
2645 3290 2738 3331 eas
2791 3275 2966 3345 pietas
3010 3284 3106 3331 aut
3136 3276 3389 3349 impietas
3418 3277 3580 3343 cadit,
3612 3276 3709 3333 sed
3752 3276 3806 3331 in

2233 3366 2544 3424 hominibus
2568 3366 2661 3438 qui
2693 3382 2883 3424 earum
2904 3375 3032 3424 sunt
3056 3383 3338 3440 sequaces,
3382 3371 3477 3441 qui
3499 3368 3806 3440 plerumque

2234 3466 2328 3513 aut
2358 3458 2615 3553 vitiqrum'
2647 3459 3048 3529 procacissimis
3078 3459 3401 3517 tumultibus
3447 3470 3799 3524 coarctantur,

2233 3557 2328 3606 aut
2350 3549 2612 3607 virtutum
2629 3549 2926 3607 salutiferis
2950 3551 3181 3608 cmtihus
3208 3561 3569 3609 exornantur.
3609 3552 3668 3609 Si
3687 3566 3801 3624 ergo

2234 3639 2441 3698 idcirco
2461 3657 2552 3698 ars
2578 3643 2851 3714 pictorum
2890 3645 2981 3715 pia
3006 3659 3130 3701 esse
3167 3644 3508 3715 perhibetur,
3556 3645 3683 3716 quia
3719 3658 3802 3715 per

2234 3748 2356 3789 eam
2381 3733 2700 3805 plerumque
2729 3734 2941 3806 piorum
2970 3736 3250 3793 hominum
3271 3744 3429 3793 actus
3458 3746 3520 3793 et
3546 3737 3642 3810 pia
3661 3741 3801 3808 ique-

2233 3824 2362 3882 dam
2396 3837 2546 3899 gesta
2581 3828 2894 3899 pinguntur,
2918 3842 3048 3902 ergo
3074 3838 3130 3885 et
3154 3829 3275 3887 ideo
3304 3828 3474 3900 impia
3506 3829 3800 3902 perhibehi-

2237 3924 2347 3985 tur,
2384 3917 2512 3988 quia
2543 3917 2860 3990 plerumque
2883 3934 2981 3992 per
3018 3935 3141 3977 eam
3181 3920 3495 3992 impietates
3539 3923 3732 3986 multa,
3754 3918 3800 3976 id

2234 4019 2340 4079 est,
2400 4012 2790 4069 trucidationes
2818 4013 3119 4082 hominum,
3166 4016 3486 4074 atrocitates
3535 4017 3796 4077 bellorum,

2235 4102 2586 4159 crudelitates
2648 4102 3072 4170 sceleratorum,
3137 4104 3511 4162 immanitates
3564 4108 3798 4167 ferarum.

2235 4192 2470 4262 impetus
2508 4194 2808 4249 bestiarum
2828 4194 2913 4251 vel
2955 4202 3152 4252 caetera
3175 4196 3264 4253 his
3294 4197 3495 4252 similia
3526 4198 3799 4268 depingun-

2236 4290 2356 4350 tur;
2394 4292 2450 4340 et
2479 4284 2526 4341 si
2562 4285 2685 4342 ideo
2716 4286 2883 4356 impia
2923 4286 3232 4344 nullatenus
3253 4304 3375 4345 esse
3402 4288 3669 4354 creditur,
3692 4287 3799 4358 quia

2236 4374 2353 4431 haec
2386 4391 2509 4447 quae
2531 4377 2775 4435 exsecuti
2801 4393 2991 4436 sumus
3008 4376 3521 4437 adumbrationibus
3550 4381 3635 4437 vel
3657 4381 3799 4437 etiam

2236 4468 2579 4529 lineamentis
2614 4470 2919 4545 quibusque
2965 4473 3218 4530 humanis
3245 4473 3456 4531 visibus
3509 4474 3798 4547 impertiun-

2239 4569 2349 4629 tur,
2365 4576 2466 4619 nec
2478 4562 2601 4618 ideo
2618 4563 2708 4634 pia
2719 4564 2825 4620 erit
2842 4564 2968 4636 quia
2989 4579 3089 4636 per
3107 4581 3231 4621 eam
3249 4566 3525 4623 bonorum
3546 4567 3795 4623 hominum

2239 4662 2390 4727 gesta
2409 4654 2714 4725 signantur.
2744 4656 2897 4714 Sicut
2916 4658 3062 4713 enim
3087 4657 3294 4714 ferrum
3318 4674 3421 4715 nec
3453 4660 3583 4718 ideo
3604 4659 3797 4731 impium

2239 4746 2462 4814 dicitur,
2491 4748 2618 4819 quia
2639 4762 2709 4807 ex
2729 4762 2796 4805 eo
2828 4749 3080 4807 homines
3110 4750 3504 4813 interimuntur
3521 4794 3538 4821 ,
3579 4767 3674 4809 nec
3699 4750 3797 4806 ideo

2236 4838 2410 4911 pium,
2435 4840 2563 4912 quia
2586 4857 2655 4897 ex
2675 4856 2742 4898 eo
2765 4845 3012 4913 quaedam
3047 4844 3412 4901 instrumenta
3461 4845 3605 4902 fiunt
3629 4846 3797 4916 quibus

2234 4944 2293 4993 et
2321 4939 2537 4995 ensium
2558 4939 2888 4996 vibrantium
2914 4940 3180 4999 illisiones
3203 4942 3547 5012 quatiantur,
3572 4953 3623 4999 et
3647 4938 3797 4997 homi-

2234 5043 2334 5085 nes
2354 5037 2628 5095 tueantur,
2655 5037 2712 5086 et
2735 5045 2768 5084 a
2790 5030 3019 5088 medicis
3033 5031 3195 5089 saluti
3208 5032 3464 5089 humanae
3483 5033 3792 5095 consulitur;

2235 5119 2312 5176 ita
2342 5128 2398 5175 et
2430 5135 2522 5175 ars
2553 5120 2826 5192 pictorum
2879 5136 2981 5178 nec
3006 5123 3128 5180 ideo
3186 5123 3380 5193 impia,
3419 5125 3552 5196 quia
3581 5141 3670 5197 per
3693 5137 3794 5179 eam

2238 5214 2503 5283 crudelia,
2528 5229 2630 5272 nec
2652 5215 2776 5273 ideo
2798 5214 2910 5287 pia,
2941 5216 3069 5288 quia
3107 5216 3393 5274 clementia
3418 5219 3663 5289 quaedam
3687 5215 3791 5287 pin-

2237 5317 2459 5378 guntur.

2308 5398 2463 5466 Quod
2487 5412 2617 5455 vero
2644 5399 2696 5455 ei
2725 5415 2834 5457 non
2864 5410 3013 5456 recte
3035 5416 3066 5455 a
3087 5400 3411 5470 quihusdam
3432 5399 3795 5471 insipientibus

2238 5491 2446 5547 detrahi
2475 5492 2769 5561 suspirant,
2796 5508 2827 5547 a
2849 5493 2997 5549 nullo
3023 5492 3116 5562 qui
3144 5507 3289 5548 sanae
3310 5493 3510 5549 mentis
3537 5502 3618 5549 est
3642 5490 3796 5546 ambi-

2236 5583 2383 5653 gitur
2401 5598 2495 5638 eos
2528 5583 2583 5641 in
2605 5583 2707 5639 hac
2726 5599 2941 5655 quoque
2962 5592 3117 5655 parte
3147 5583 3285 5639 sicut
3318 5592 3371 5639 et
3402 5583 3459 5638 in
3488 5583 3687 5639 caeteris
3704 5578 3791 5636 de-

2235 5671 2494 5726 mentium
2521 5673 2676 5743 sequi
2706 5691 2719 5727 :
2749 5674 2946 5746 quippe
2979 5689 3105 5729 cum
3134 5673 3314 5728 nullus
3336 5674 3455 5730 sani
3482 5672 3668 5744 capitis
3702 5686 3790 5727 ne-

2236 5778 2341 5835 que
2370 5761 2696 5836 imaginibus
2736 5766 3025 5834 detrahat,
3066 5778 3243 5837 neque
3268 5763 3373 5823 arti
3405 5761 3660 5836 picturas,
3702 5756 3791 5820 sed
