4016 6292
223 290 368 348 1161

1004 287 1186 347 LIBRI
1223 287 1567 348 CAROLINI.
1603 260 1680 332 ζ-
1716 283 1940 346 CAPIT.
1979 285 2067 345 DE
2099 288 2289 347 me.
2328 315 2400 333 --
2433 289 2563 349 un.
2601 290 2689 349 ιιι.

3341 292 3482 349 1162

221 422 417 464 eorum
433 403 526 478 qui
551 419 642 462 eas
657 404 882 460 adorant
906 404 1091 475 eisque
1104 409 1380 465 servitiqu
1406 411 1799 480 inconsequens
1827 408 1882 469 Α
1905 416 2029 463 sunt
2065 409 2270 466 visibus
2298 409 2489 465 defert.
2524 407 2860 464 Mendacium
2886 406 3030 463 enim
3060 415 3154 464 aut
3181 408 3248 465 de
3284 408 3371 466 his
3401 422 3484 468 est

220 500 506 562 exhibent,
541 496 883 552 abominetur
915 499 1214 553 vesaniam.
1266 499 1383 555 Non
1428 501 1571 556 enim
1621 501 1806 556 vinum

219 591 354 663 quia
380 589 696 646 ebrietatem
713 595 954 659 general,
979 589 1409 659 reprehenditur,
1437 606 1560 646 cum
1574 591 1807 660 plerum-

219 699 331 753 que
372 682 482 736 Deo
511 681 566 734 in
592 677 915 734 sacriﬁcium
941 678 1167 748 libetur;
1203 695 1305 737 nec
1329 680 1491 752 sylvaa
1521 696 1640 751 quae
1678 680 1807 736 furi-

218 773 329 828 bus
355 771 650 842 h05pitium
673 771 915 840 prtebent
939 811 954 837 ,
1001 771 1129 842 quia
1178 771 1497 841 plerumque
1527 772 1806 826 hominum

219 869 418 924 usibus
442 865 610 921 multa
637 881 757 937 quae
779 865 1074 936 expedth
1109 867 1520 935 administrant;
1547 882 1649 923 nec
1684 867 1806 924 ideo

220 958 338 1028 igni
368 959 682 1029 imputatur,
726 959 850 1027 quia
898 958 1171 1014 interdum
1229 959 1467 1016 edaciter
1491 959 1680 1017 domos
1721 959 1807 1016 vel

221 1059 429 1107 caetera
462 1051 712 1107 humanis
733 1051 1015 1121 stipendiis
1038 1062 1165 1122 apta
1190 1053 1434 1120 devorat,
1461 1069 1584 1109 cum
1610 1060 1808 1109 morta-

222 1144 363 1200 lium
399 1145 524 1200 vitae
550 1145 735 1200 multis
759 1145 1097 1201 adminiculis
1118 1145 1460 1218 suffragetur.
1475 1145 1644 1203 Porro
1665 1145 1808 1216 quod

223 1239 448 1304 dicunt,
482 1237 602 1310 Ipse
638 1240 775 1293 enim
801 1237 964 1292 Pater
988 1240 1235 1310 pictorem
1282 1241 1365 1310 pie
1407 1251 1641 1312 agentem
1667 1257 1807 1295 com-

222 1333 463 1396 mendat,
491 1347 590 1387 cur
629 1331 808 1396 Pater,
853 1340 946 1386 aut
980 1332 1070 1388 ubi
1105 1333 1366 1402 scriptum
1404 1333 1494 1399 sit,
1544 1333 1808 1403 pictorem

223 1423 592 1487 commendet,
627 1437 725 1476 nec
754 1421 967 1477 illorum
995 1430 1078 1478 est
1101 1423 1418 1492 approbare,
1441 1438 1543 1480 nec
1565 1430 1808 1478 nostrum

223 1517 474 1582 credere,
502 1516 700 1586 quippe
726 1531 850 1570 cum
872 1515 928 1570 in
949 1515 1100 1570 nullo
1129 1514 1470 1570 oraculorum
1503 1513 1807 1570 divinorum

224 1610 504 1665 volumine
543 1609 810 1680 pictorum
845 1608 963 1664 laus
1009 1609 1355 1678 perhibeatur
1393 1609 1587 1664 inesse.
1636 1607 1810 1677 Repe-

228 1701 377 1757 riant
409 1716 541 1772 ergo
568 1700 641 1754 illi
679 1700 736 1755 in
783 1699 1022 1770 quolibet
1054 1699 1358 1755 divinarum
1406 1699 1808 1769 Scripturarum

1907 515 2026 571 quze
2049 517 2158 558 non
2194 513 2334 569 sunt,
2361 501 2454 558 sed
2482 500 2598 557 ﬁeri
2621 511 2863 572 possunt,
2894 510 2988 556 aut
3017 501 3085 557 de
3117 502 3202 558 his
3238 517 3356 572 qua:
3380 518 3485 560 nec

1907 601 2031 648 sunt
2054 608 2156 650 nec
2197 592 2312 650 ﬁeri
2345 602 2590 664 possunt,
2623 593 2688 648 de
2731 593 2926 664 quibus
2969 593 3022 648 in
3060 593 3486 664 perihermenias

1905 701 1938 741 a
1961 687 2291 758 philosophis
2315 687 2629 743 acutissima
2658 685 2772 741 sive
2818 684 3167 740 subtilissima
3193 685 3486 756 disputatio

1906 786 2010 844 est,
2045 794 2209 850 quam
2258 779 2384 836 huic
2409 779 2560 849 operi
2589 778 2932 846 interponere
2977 775 3350 845 longissimum
3378 785 3484 833 est.

1905 867 2042 924 Nam
2088 869 2216 925 dum
2260 869 2405 925 dicat
2446 884 2556 924 non
2581 867 2853 923 contraire
2888 867 3121 937 pictores
3162 865 3487 936 Scripturis,

1906 969 1963 1016 et
1996 961 2162 1016 multa
2207 976 2238 1015 a
2267 960 2562 1032 pictoribus
2583 959 2875 1030 pingantur
2913 974 3033 1029 quae
3067 957 3360 1028 Scriptum
3403 959 3487 1016 di-

1905 1051 2046 1108 vince
2093 1059 2306 1119 tacent,
2355 1059 2410 1107 et
2443 1052 2511 1107 ab
2549 1050 2862 1106 hominibus
2883 1065 2991 1106 non
3035 1049 3210 1105 solum
3233 1065 3264 1104 a
3292 1049 3486 1118 doctis,

1907 1147 2003 1202 sed
2028 1145 2192 1201 etiam
2221 1145 2288 1200 ab
2311 1127 2546 1201 indoctis
2569 1142 2861 1199 falsissima
2886 1157 3009 1199 esse
3038 1144 3484 1214 comprobentur,

1907 1237 2030 1308 quis
2072 1253 2178 1292 non
2229 1235 2345 1306 ejus
2383 1237 2586 1293 dictum
2631 1235 3138 1292 ridiculosissimum
3184 1236 3268 1290 vel
3313 1237 3491 1307 potius

1908 1329 2255 1387 falsissimum
2295 1345 2414 1387 esse
2442 1330 2711 1386 fateatur?
2754 1330 2942 1387 Nonne
2969 1330 3166 1386 divinis
3197 1329 3491 1400 Scripturis

1910 1424 2182 1479 contraire
2217 1429 2532 1489 noscuntur,
2563 1437 2687 1478 cum
2713 1421 2965 1493 abyssum
3002 1421 3228 1492 ﬁguram
3258 1420 3492 1476 hominis

1911 1515 2119 1587 ﬁngunt
2143 1516 2362 1582 habere,
2401 1523 2456 1572 et
2487 1515 2824 1587 lympharum
2850 1515 3255 1571 inundationem
3288 1514 3492 1570 affatim

1911 1606 2174 1665 fundere?
2219 1609 2407 1666 Nonne
2467 1608 2665 1665 divinis
2724 1608 3018 1679 Scripturis
3070 1624 3165 1667 eos
3223 1611 3493 1666 contraire

1911 1701 2058 1757 haud
2095 1701 2313 1757 dubium
2345 1709 2462 1768 est,
2499 1717 2622 1756 cum
2657 1700 2900 1756 tellurem
2947 1701 3002 1756 in
3040 1702 3210 1772 ﬁgura
3259 1702 3494 1757 humana

227 1792 372 1858 loco,
403 1792 457 1846 in
485 1805 592 1861 quo
621 1790 786 1846 etiam
817 1791 1110 1846 secundum
1139 1791 1411 1860 propriam
1447 1790 1808 1846 asseveratio-
1838 1764 1889 1828 Β
1919 1793 2079 1849 modo
2117 1793 2323 1848 aridam
2348 1792 2669 1858 sterilemve,
2703 1793 2862 1848 modo
2886 1790 3154 1848 fructibus
3187 1792 3495 1849 afﬂuentem

226 1901 361 1942 nem
390 1885 634 1956 pictoris,
659 1885 780 1941 ideo
811 1884 956 1954 quod
979 1883 1364 1954 componendis
1391 1883 1715 1954 imaginibus
1739 1883 1815 1938 in-

227 1986 386 2034 stent
403 1977 685 2043 collaudet,
715 1984 768 2032 et
786 1991 885 2032 nos
903 1977 1235 2046 reperiemus
1249 1976 1482 2046 qualiter
1496 1977 1576 2031 eis
1597 1991 1815 2046 respon-

171 2089 184 2141 τ
228 2071 367 2128 dere
395 2071 686 2135 valeamus,
713 2071 838 2141 quia
864 2071 1206 2140 omnipotens
1236 2071 1378 2126 Deus
1403 2085 1511 2126 non
1541 2070 1814 2140 operased

175 2157 186 2242 '_
231 2165 576 2220 devotionem
591 2180 834 2234 operum,
854 2179 954 2220 nec
971 2173 1126 2220 actus
1148 2165 1243 2221 sed
1255 2165 1560 2220 voluntates
1572 2172 1812 2231 actuum,

230 2273 338 2312 nec
363 2272 450 2312 res
483 2257 577 2312 sed
601 2271 794 2312 causas
828 2271 1030 2321 rerum,
1075 2271 1176 2312 nec
1210 2257 1452 2328 quisquis
1483 2255 1675 2322 faciat,
1718 2256 1815 2312 sed

200 2425 202 2428 ν
231 2363 343 2417 qua
381 2355 562 2404 mente
589 2347 646 2404 id
669 2346 861 2415 faciat,
894 2347 1210 2419 plerumque
1239 2357 1331 2404 aut
1363 2348 1558 2420 probat
1587 2355 1682 2406 aut
1708 2347 1815 2405 im-

195 2441 206 2472 ί
231 2441 452 2512 probat.

794 2510 1021 2570 CAPUT
1068 2511 1255 2568 XXIII.

229 2623 433 2698 Inutile
474 2633 521 2680 et
552 2625 824 2698 mendacio
867 2623 1313 2698 plenumudictum
1339 2623 1564 2698 [pannis
1604 2625 1819 2698 presby-

303 2696 402 2750 teri
431 2705 477 2750 et
501 2697 656 2766 legati
683 2693 1027 2766 Orientalium
1057 2694 1318 2766 dicentis:
1343 2694 1460 2751 Non
1494 2693 1821 2753 contraeunt

300 2765 894 2836 pictoresScripturis,
929 2765 1022 2820 sed
1064 2765 1324 2834 quidquid
1361 2766 1639 2838 Scriptura
1687 2769 1822 2824 dicit

301 2839 424 2893 hzec
447 2839 844 2904 demonstrant,
884 2843 1150 2906 quatenus
1181 2839 1477 2894 concordes
1519 2846 1645 2894 sunt
1671 2839 1823 2896 Scri-

298 2917 600 2981 pturarum.

302 2998 364 3056 Si
393 3003 575 3057 omnia
602 2999 826 3058 Joannis
848 3001 1150 3074 presbyteri
1175 3011 1230 3058 et
1268 3001 1432 3075 legati
1464 3001 1822 3059 Orientalium

229 3093 588 3150 deliramenta
618 3111 736 3166 quae
765 3094 821 3149 in
863 3095 1050 3150 eadem
1077 3095 1310 3166 synodo,
1353 3095 1410 3150 in
1447 3093 1600 3164 cujus
1645 3093 1819 3152 inoﬁi—

229 3185 396 3242 ciosa:
440 3185 684 3242 lectionis
717 3187 1223 3258 reprehensionibus
1263 3195 1448 3244 noster
1485 3187 1657 3259 stylus
1691 3204 1817 3244 ver-

230 3287 414 3342 satur,
463 3279 720 3348 protulit,
766 3279 1078 3352 singillatim
1118 3295 1150 3334 a
1191 3280 1350 3336 nobis
1385 3280 1721 3336 discutienda
1763 3281 1822 3336 in

230 3385 403 3424 unum
429 3369 658 3426 fuissent
677 3379 951 3441 congesta,
977 3387 1294 3443 magnorum
1307 3371 1640 3426 voluminum
1655 3381 1820 3428 tanta:

231 3462 615 3532 disputationis
643 3463 791 3535 sylva
830 3472 974 3520 esset
998 3464 1234 3535 indigna.
1261 3463 1366 3519 Sed
1395 3478 1494 3519 nos
1529 3479 1592 3519 ea
1619 3463 1819 3536 partim

231 3560 511 3616 brevitatis
535 3559 712 3615 studio
737 3560 824 3615 cui
854 3575 1078 3630 prorsus
1105 3559 1412 3625 studemus,
1449 3559 1643 3630 partim
1673 3559 1820 3614 ordi-

231 3666 362 3707 nem
396 3651 566 3720 ipsius
604 3649 851 3706 lectionis
881 3659 1176 3718 servantes,
1210 3666 1316 3721 quo
1351 3666 1457 3708 non
1482 3648 1818 3721 singulorum

232 3744 447 3816 singula
479 3760 720 3800 seorsum
739 3785 753 3810 ,
798 3746 892 3800 sed
928 3745 1284 3815 quorumdam
1318 3746 1519 3816 passim
1549 3760 1645 3816 per
1673 3745 1820 3800 ordi-

233 3853 361 3893 nem
385 3879 399 3903 ,
427 3848 586 3907 prout
608 3840 833 3908 quisque
861 3839 1074 3894 locutus
1101 3845 1212 3904 est,
1244 3839 1329 3894 vel
1354 3839 1516 3894 etiam
1543 3839 1597 3892 in
1627 3836 1818 3893 eodem

233 3929 420 3984 codice
456 3930 632 4000 posita
652 3929 1016 3996 inveniuntur,
1046 3929 1380 3985 discutienda
1404 3929 1458 3983 in
1497 3937 1680 3983 nostra
1709 3928 1820 3983 dis-

233 4018 514 4089 putatione
569 4028 830 4090 ponentes
861 4061 876 4086 ,
947 4027 1003 4075 et
1056 4020 1389 4076 brevissimae
1438 4017 1820 4090 disputationis

232 4118 431 4165 cuncta
469 4109 697 4166 articulo
743 4119 1021 4166 coarctare
1062 4110 1466 4180 compellimur,
1494 4119 1548 4166 et
1573 4125 1680 4164 non
1709 4109 1820 4164 sin-

231 4207 362 4278 gula
397 4222 659 4274 seorsum,
702 4207 797 4263 sed
835 4221 974 4277 pene
1009 4205 1187 4261 omnia
1211 4205 1459 4275 sparsim,
1501 4215 1662 4276 prout
1687 4205 1820 4259 ordo

231 4301 478 4363 dictavit,
504 4299 867 4368 exsequimur.
897 4299 991 4352 Est
1015 4297 1218 4353 interea
1239 4311 1416 4366 operte
1436 4297 1668 4364 pretium
1695 4294 1818 4350 dili-

229 4400 425 4464 genter
450 4390 736 4456 discutere,
761 4389 1010 4460 qualiter,
1028 4398 1088 4443 ut
1113 4389 1255 4444 idem
1267 4386 1510 4458 profatus
1521 4397 1624 4452 est,
1653 4388 1822 4458 picto-

1919 1883 2256 1954 depingunt?
2308 1881 2494 1938 Nonne
2526 1881 2722 1938 divinis
2772 1881 3067 1952 Scripturis
3097 1898 3190 1938 eos
3228 1885 3498 1940 contraire

1918 1973 2262 2030 manifestum
2290 1981 2401 2040 est,
2440 1989 2564 2030 cum
2590 1972 2872 2030 ﬁumineos
2907 1989 3094 2030 amnes
3120 1975 3176 2030 in
3198 1975 3384 2046 ﬁguris
3409 1977 3499 2031 ho-

1918 2069 2127 2124 minum
2156 2075 2250 2122 aut
2284 2067 2458 2123 situlis
2490 2082 2657 2137 aquas
2695 2066 2940 2135 fundere,
2977 2076 3071 2124 aut
3111 2069 3244 2125 alios
3271 2069 3326 2124 in
3366 2069 3500 2126 alios

1918 2159 2190 2216 conﬂuere
2236 2159 2564 2230 depingunt?
2604 2157 2791 2214 Nonne
2836 2175 2960 2215 cum
3010 2158 3177 2215 solem
3221 2168 3277 2214 et
3318 2159 3500 2216 lunam

1919 2263 1976 2312 et
2003 2262 2197 2310 caetera
2228 2253 2351 2310 εωιὶ
2385 2260 2702 2308 ornamenta
2740 2251 2940 2324 ﬁguras
2983 2251 3292 2317 hominum,
3333 2260 3388 2307 et
3412 2267 3500 2307 ca-

1918 2347 2030 2418 pita
2053 2346 2221 2402 radiis
2247 2346 2521 2402 succincta
2539 2345 2738 2400 habere
2766 2343 2994 2416 ﬁngunt,
3023 2345 3224 2401 sanctis
3251 2344 3499 2415 Scriptu-

1916 2439 1997 2496 ris
2038 2439 2212 2494 modis
2249 2439 2498 2495 omnibus
2539 2436 2888 2493 contraeunt?
2922 2435 3110 2492 Nonne
3142 2452 3264 2491 cum
3294 2435 3500 2493 duode-

1920 2533 2030 2590 cim
2065 2533 2244 2590 ventis
2294 2531 2520 2604 singulis
2575 2529 2813 2602 singulas
2858 2528 3059 2586 formas
3111 2545 3210 2600 pro
3243 2528 3503 2600 qualitate

1922 2628 2121 2683 virium
2153 2626 2453 2682 attribuunt
2473 2666 2488 2692 ,
2518 2632 2611 2680 aut
2635 2623 2910 2680 mensibus
2942 2623 3164 2694 singulis
3195 2639 3293 2694 pro
3330 2621 3503 2694 quali-

1921 2729 2034 2777 tate
2068 2729 2372 2790 temporum
2394 2718 2522 2789 quid
2549 2715 2913 2786 unusquisque
2933 2715 3154 2781 deferat,
3181 2715 3503 2785 quibusdam

1924 2813 2118 2879 nudas,
2156 2811 2478 2883 quibusdam
2515 2808 2844 2876 seminudus,
2886 2807 3204 2878 quibusdam
3234 2807 3398 2862 etiam
3424 2807 3506 2862 in-

1926 2905 2084 2961 dutas
2105 2904 2332 2960 diversis
2360 2903 2601 2957 vestibus
2624 2901 2823 2972 ﬁguras
2840 2900 2968 2955 dant
2983 2940 2996 2964 ,
3022 2908 3113 2954 aut
3135 2899 3259 2954 dum
3275 2907 3507 2969 quatuor

1924 3005 2170 3070 tempora
2206 2997 2332 3051 anni
2359 2994 2564 3066 singula
2588 2992 2816 3047 diversis
2859 2989 3045 3062 ﬁguris
3069 2989 3392 3060 depingunt,
3417 2997 3510 3043 aut

1925 3090 2148 3148 ﬂoribus
2173 3097 2487 3146 vernantem
2511 3095 2571 3142 ut
2587 3101 2684 3142 ver
2707 3127 2722 3153 ,
2751 3091 2843 3140 aut
2867 3083 3088 3139 aestibus
3118 3088 3397 3146 exustam;
3426 3079 3509 3136 vel

1924 3188 2089 3243 etiam
2112 3185 2383 3256 segetibus
2418 3190 2670 3240 onustam
2699 3188 2759 3235 ut
2788 3186 3059 3243 aestatem,
3107 3185 3200 3231 aut
3229 3174 3510 3231 vindemia!

1921 3279 2091 3336 labris
2117 3278 2204 3334 vel
2250 3275 2423 3334 botris
2445 3283 2725 3330 oneratam
2769 3280 2828 3327 ut
2871 3279 3207 3334 autumnum,
3231 3276 3326 3323 aut
3349 3267 3508 3322 modo

1919 3368 2216 3440 frigoribus
2258 3367 2520 3437 algidam,
2543 3365 2701 3420 modo
2728 3363 2940 3434 ignibus
2986 3376 3044 3416 se
3075 3358 3502 3421 calefacientem,

1923 3462 2082 3517 modo
2117 3458 2480 3516 animantibus
2517 3455 2712 3527 pabula
2745 3454 3108 3524 przebentem,
3136 3449 3294 3506 modo
3325 3449 3511 3504 nimiis

1921 3549 2214 3622 frigoribus
2241 3549 2509 3604 marcidas
2547 3547 2791 3602 volucres
2822 3545 3118 3614 capientem
3149 3552 3209 3598 ut
3243 3543 3498 3609 hiemem,

1923 3641 2221 3711 Scripturis
2251 3639 2446 3696 divinis
2482 3639 2537 3693 in
2567 3637 2762 3707 quibus
2796 3636 2909 3690 haec
2957 3635 3030 3688 ita
3076 3633 3296 3688 minime
3341 3630 3510 3687 conti-

1921 3741 2119 3789 nentur
2146 3731 2418 3788 contraire
2445 3727 2773 3784 noscuntur?
2808 3725 3086 3794 Quomodo
3113 3740 3241 3794 ergo
3270 3739 3302 3778 a
3336 3723 3514 3793 pictoa

1922 3828 2072 3882 ribus
2117 3825 2210 3896 qui
2249 3831 2530 3895 poetarum
2575 3819 2894 3875 vanissimas
2940 3816 3148 3873 fabulas
3193 3816 3512 3886 plerumque

1923 3928 2244 3988 sequuntur,
2301 3915 2502 3972 sanctis
2545 3911 2839 3982 Scripturis
2886 3910 3107 3964 minime
3163 3907 3512 3964 contraitur?

1921 4009 2225 4080 Finguntur
2282 4006 2427 4064 enim
2476 4020 2574 4075 per
2621 4018 2714 4058 eos
2744 4001 3012 4057 interdum
3042 4016 3130 4056 res
3182 4001 3236 4056 in
3287 4000 3514 4056 veritate

1921 4109 2087 4173 gestae
2122 4101 2178 4155 in
2208 4099 2344 4155 alias
2373 4106 2535 4169 atque
2584 4096 2719 4151 alias
2770 4094 3115 4151 incredibiles
3145 4095 3383 4161 naenias;
3415 4093 3514 4147 ﬁn—

1924 4201 2127 4265 guntur
2161 4193 2324 4248 etiam
2351 4206 2471 4261 quae
2494 4204 2595 4246 nec
2631 4188 2787 4244 facta:
2821 4197 2948 4244 sunt
2975 4203 3074 4243 nec
3104 4186 3221 4242 ﬁeri
3242 4194 3506 4258 poterant,

1925 4289 2021 4342 sed
2048 4295 2139 4340 aut
2173 4285 2397 4355 mystice
2420 4299 2450 4337 a
2489 4281 2822 4351 philosophis
2849 4281 3238 4351 intelliguntur,
3282 4287 3374 4332 aut
3396 4279 3511 4332 ina-

1924 4379 2068 4432 niter
2100 4393 2130 4430 a
2158 4375 2447 4447 gentilibus
2474 4383 2801 4430 venerantur
2821 4415 2836 4440 ,
2870 4383 2962 4430 aut
2983 4374 3247 4428 veraciter
3269 4387 3298 4424 a
3326 4371 3512 4425 catho-

229 4461 324 4542 res
354 4483 764 4554 haudquaquam
799 4483 1085 4540 credantur
1109 4480 1404 4552 Scripturis
1427 4479 1694 4537 contraire
1731 4487 1825 4536 aut
1848 4506 1903 4571 υ
1925 4469 2046 4571 licis
2085 4477 2412 4571 respuuntur
2447 4466 2841 4571 :Iquaanomonia
2887 4478 3193 4534 quanquam
3232 4461 3509 4571 gentilium

229 4575 468 4646 qualiter
495 4575 755 4644 quidquid
789 4573 1068 4644 Scriptura
1099 4574 1230 4630 dicit
1262 4575 1655 4641 demonstrent,
1691 4589 1825 4644 qua-

228 4669 431 4725 literve
461 4669 756 4724 concordes
779 4667 889 4722 sint
921 4666 1344 4736 Scripturarum.
1375 4665 1631 4732 Quamvis
1675 4665 1822 4721 enim

229 4778 347 4818 non
394 4760 601 4817 eluceat
642 4761 712 4817 de
753 4761 947 4831 quibus
982 4758 1276 4830 Scripturis
1317 4761 1406 4815 ille
1452 4761 1555 4816 hoc
1601 4761 1818 4828 dixerit,

228 4853 562 4910 credendum
619 4861 702 4909 est
759 4862 941 4908 tamen
997 4868 1120 4907 eum
1169 4851 1237 4906 de
1296 4851 1467 4907 sacris
1523 4850 1822 4921 Scripturis

228 4945 459 5010 dixisse,
487 4960 623 5014 quas
657 4944 858 4999 usitate
892 4941 1196 5014 Scripturas
1227 4942 1460 4999 solemus
1502 4958 1727 5010 vocare,
1762 4952 1824 4998 ut

225 5045 318 5092 est
364 5035 493 5090 illud
525 5035 582 5089 in
608 5034 898 5106 Evangelia
931 5048 947 5088 :
973 5017 1134 5088 .Tunc
1165 5035 1369 5106 aperuit
1397 5033 1502 5088 illis
1526 5051 1735 5088 sensum
1764 5043 1824 5088 ut

226 5127 582 5198 intelligerent
626 5125 930 5198 Scripturas
989 5123 1141 5198 (Luc.
1189 5123 1361 5196 xxxv).
1399 5123 1438 5180 S
1469 5123 1536 5179 R.
1588 5124 1824 5180 Pictura:

225 5219 444 5275 interea
497 5233 587 5273 ars
632 5219 757 5273 cu‘m
791 5217 860 5272 ob
913 5217 1017 5272 hoc
1063 5215 1345 5272 inoleverit
1367 5256 1382 5282 ,
1425 5222 1487 5269 ut
1537 5229 1717 5270 rerum
1767 5215 1824 5270 in

223 5309 465 5366 veritate
524 5318 797 5380 gestarum
849 5308 1163 5364 memoriam
1226 5307 1611 5378 aspicientibus
1649 5306 1824 5362 defer-

222 5416 339 5471 ret,
379 5416 433 5462 et
458 5422 525 5462 ex
552 5406 832 5462 mendacio
860 5405 927 5460 ad
942 5404 1226 5460 veritatem
1251 5404 1591 5460 recolendam
1615 5413 1824 5473 mentes

222 5505 579 5570 promoveret
608 5538 624 5565 ,
670 5512 826 5552 versa
859 5496 980 5551 vice
1031 5497 1300 5551 interdum
1343 5511 1443 5566 pro
1480 5496 1707 5550 veritate
1752 5497 1819 5552 ad

221 5589 518 5646 mendacia
557 5577 840 5662 cogitanda
863 5605 1056 5645 sensus
1094 5597 1392 5658 promovet,
1421 5598 1475 5644 et
1509 5605 1616 5645 non
1645 5588 1818 5645 solmn

224 5683 329 5739 illa
356 5698 475 5753 qua:
509 5691 602 5738 aut
629 5691 755 5739 sunt
783 5693 875 5738 aut
901 5683 1116 5738 fuerunt
1158 5692 1249 5735 aut
1279 5681 1393 5736 ﬁeri
1421 5691 1677 5750 possunt,
1725 5681 1820 5736 sed

225 5777 406 5833 etiam
432 5791 495 5834 ea
529 5791 648 5850 quae
696 5793 797 5832 nec
823 5784 967 5843 sunt,
998 5790 1098 5830 nec
1122 5774 1366 5831 fuerunt.
1403 5790 1502 5831 nec
1546 5775 1662 5830 ﬁeri
1698 5790 1904 5844 ρος-ο.

645 5869 919 5932 Parma.
958 5865 1240 5933 XCVIII.

1928 4563 2230 4620 habeantur
2244 4561 2299 4615 in
2314 4560 2528 4625 litteris,
2545 4576 2574 4615 a
2590 4559 2784 4615 divinis
2805 4568 2913 4613 tam
2928 4571 3218 4627 enprorsus
3233 4563 3358 4611 sunt
3376 4555 3522 4610 alie-

1925 4674 1998 4714 na
2044 4655 2361 4725 Scripturis.
2405 4654 2490 4709 An
2530 4669 2637 4708 non
2679 4651 2872 4707 divinis
2912 4649 3108 4704 litteris
3150 4648 3382 4703 alienum
3429 4653 3512 4703 est

1923 4749 2070 4820 quod
2095 4750 2163 4804 ab
2207 4747 2310 4803 illis
2353 4747 2635 4819 Chymmra
2668 4744 2864 4812 triceps
2903 4759 2934 4796 a
2972 4741 3381 4811 Bellerophonte
3405 4740 3510 4794 ﬁn-

1924 4844 2070 4914 gitur
2114 4840 2416 4907 interfecta,
2463 4854 2585 4894 cum
2618 4836 2973 4906 Bellerophon
3009 4852 3114 4889 non
3148 4835 3376 4890 bestiam
3401 4874 3416 4898 ,
3453 4841 3514 4886 ut

1919 4935 2000 4990 illi
2022 4934 2375 4997 mentiuntur,
2417 4929 2771 5002 prostraverit
2793 4969 2808 4994 ,
2833 4927 2925 4982 sed
2951 4933 3221 4992 montem,
3253 4934 3312 4980 ut
3348 4923 3512 4993 pleri-

1923 5040 2028 5096 que
2057 5025 2386 5094 intelligunt,
2432 5021 2777 5076 habitabilem
2807 5018 3030 5074 fecerit?
3058 5018 3139 5072 An
3173 5033 3279 5071 non
3316 5015 3511 5070 divinis

1926 5117 2224 5188 Scripturis
2245 5116 2479 5170 alienum
2510 5121 2611 5179 est,
2634 5113 2777 5183 quod
2808 5111 3032 5168 Vulcani
3054 5109 3228 5165 claudi
3253 5117 3307 5163 et
3330 5107 3512 5163 Terra:

1930 5210 2071 5266 ﬁlius
2103 5207 2486 5264 Erichthonius
2511 5221 2631 5261 esse
2653 5246 2668 5272 ,
2696 5213 2752 5260 et
2778 5205 2831 5259 in
2863 5210 3045 5259 monte
3079 5201 3280 5258 IEthna
3307 5200 3512 5257 ferrum

1929 5317 2192 5372 coquere,
2226 5299 2448 5370 ejusque
2488 5296 2676 5353 fornax
2708 5296 2972 5353 Vesuvius
3009 5311 3162 5350 mons
3205 5293 3514 5364 Campania:

1929 5413 2048 5453 esse
2076 5397 2325 5466 ﬁngitur,
2363 5395 2456 5464 qui
2483 5394 2755 5464 perpetuis
2795 5393 3008 5464 ignibus
3037 5392 3227 5446 ardere
3272 5391 3514 5462 perhibe-

1933 5491 2052 5543 tur?
2100 5489 2182 5542 An
2229 5503 2333 5541 non
2369 5487 2563 5541 divinis
2599 5485 2894 5554 Scripturis
2938 5485 3110 5538 aliena
3157 5492 3319 5547 sunt,
3370 5480 3512 5550 quod

1930 5580 2106 5652 Scylla
2130 5580 2394 5649 capitibus
2421 5579 2640 5648 fingitur
2667 5579 2938 5633 succincta
2960 5577 3202 5631 caninis?
3229 5585 3282 5631 et
3312 5573 3512 5644 Phyllis

1929 5675 1998 5729 ob
2033 5688 2274 5729 amorem
2309 5672 2523 5742 juvenis
2573 5670 2849 5739 cujusdam
2897 5670 2949 5724 in
2990 5669 3238 5724 arborem
3291 5664 3512 5734 ﬁngitur

1930 5783 2050 5824 esse
2075 5767 2377 5824 conversa?
2426 5773 2481 5822 et
2501 5765 2669 5821 altera
2708 5762 2885 5835 Scylla
2931 5777 2996 5817 eo
3023 5760 3163 5830 quod
3195 5759 3321 5813 Niso
3366 5754 3512 5825 patri

2921 5856 2996 5915 37
