4016 6292
525 307 664 365 ιιω

1370 305 1431 362 ι
1475 301 1727 376 canon
1759 230 1975 357 uacat
2011 290 2162 356 ore.
2201 297 2380 355 rans
2412 301 2478 356 ιι.
2522 299 2767 358 SECTIO
2800 296 2867 359 ιι.

3613 301 3740 354 lib.

522 423 735 481 crinem
750 417 1037 477 absciderit
1051 432 1407 489 purpureum
1434 432 1539 473 una
1559 431 1685 471 cum
1708 422 1882 485 patre,
1907 421 1961 469 et
1979 412 2087 484 ltys
2114 420 2164 480 Α
2189 411 2271 466 vel
2300 412 2368 466 ad
2410 410 2753 466 tractandum
2798 409 3055 482 mystica,
3090 418 3144 467 et
3182 409 3483 483 pictoribus
3532 412 3598 466 ad
3646 414 3747 466 for-

521 515 591 571 ob
611 520 857 582 stuprum
874 519 1179 567 matertera:
1204 527 1241 566 a
1256 520 1410 581 patre
1431 518 1647 581 gestum
1666 517 1721 566 et
1738 507 2087 564 homicidium

521 605 715 663 mauis
735 602 853 660 sive
875 610 1179 660 matertera
1211 603 1273 661 in
1313 604 1493 674 seipse
1511 612 1789 675 patratum
1811 616 1919 659 una
1960 615 2086 657 cum

519 695 835 766 putealibus
853 695 965 751 sive
977 702 1265 753 materiem
1284 695 1339 751 in
1358 696 1605 752 volucres
1630 695 1902 769 ﬁnguntur
1920 692 2108 780 fuisse

519 787 797 844 conversi?
831 794 923 843 aut
947 801 1071 843 cum
1113 785 1344 858 Syrenes
1377 802 1443 843 ex
1476 796 1630 859 parte
1656 788 1913 859 virgines,
1941 796 1996 843 et
2018 804 2085 843 ex

517 886 681 948 parte.
697 878 941 936 volucres
960 877 1267 949 ﬁnguntur?
1294 888 1390 934 aut
1413 895 1537 935 cum
1554 878 1705 935 Ixion
1724 879 1971 935 illusione
1993 878 2085 933 Ju-

518 973 675 1028 nonis
699 987 829 1029 cm
845 971 998 1029 Nube
1018 973 1205 1028 coiens
1223 971 1519 1029 Centauros
1537 972 1756 1043 ﬁngitur
1768 971 2086 1043 generasse?

516 1067 751 1118 autcum
777 1059 1055 1131 Neptunus
1092 1060 1311 1119 tridenti
1341 1069 1580 1117 armatus
1615 1062 1838 1117 marinis
1866 1060 2086 1132 ﬁngitur

515 1148 767 1209 fluetibus
794 1150 1094 1206 dominari?
1133 1148 1219 1205 An
1245 1166 1361 1207 non
1393 1151 1588 1207 divinis
1633 1150 1925 1221 Scripturis
1954 1151 2085 1208 alie-

514 1258 643 1299 num
661 1250 763 1309 est,
791 1243 935 1315 quod
974 1242 1203 1299 Perseus
1232 1251 1343 1299 tres
1375 1258 1590 1302 sorores
1616 1244 1893 1315 Gorgonas
1927 1243 2083 1313 adju-

512 1336 653 1395 torie
673 1336 925 1395 Minervae
949 1333 1285 1399 interfecisse
1307 1375 1323 1402 ,
1367 1343 1461 1390 aut
1507 1352 1631 1392 cum
1663 1336 1838 1391 alatus
1861 1349 2083 1391 aversus

509 1429 689 1487 volare
716 1428 958 1499 ﬁngitur,
1002 1436 1097 1483 aut
1123 1444 1251 1486 eum
1269 1429 1334 1484 de
1368 1430 1625 1499 sanguine
1651 1427 1766 1498 ejus
1792 1428 1945 1485 nasci
1972 1427 2081 1486 fer—

510 1529 597 1579 tur
642 1521 898 1595 Pegasus,
933 1537 1104 1593 equus
1140 1522 1353 1589 alatus,
1383 1524 1476 1593 qui
1519 1523 1716 1595 ungula
1742 1540 1839 1580 sua
1876 1521 2082 1579 fontem

511 1611 715 1682 rupisse
745 1611 912 1669 Musis
937 1612 1275 1685 depingitur?
1296 1612 1380 1667 An
1409 1630 1518 1669 non
1554 1614 1749 1671 divinis
1784 1613 2082 1686 Scripturis

510 1706 839 1763 contrarium
870 1714 974 1775 est,
1020 1707 1165 1777 quod
1188 1706 1569 1763 Prometheum
1604 1707 1847 1762 homines
1876 1720 1941 1761 ex
1968 1704 2082 1761 luto

509 1798 727 1856 tinxisse
750 1799 1072 1859 inanimatae
1095 1798 1322 1871 ﬁngunt,
1351 1807 1406 1853 et
1427 1799 1674 1855 eumdem
1699 1798 2078 1854 Prometheum

508 1904 541 1943 a
562 1888 798 1947 Minerva
825 1889 881 1945 in
909 1888 1107 1945 etelum
1124 1888 1361 1945 levatum
1396 1890 1536 1946 inter
1559 1905 1685 1944 oras
1713 1888 2079 1960 septemplicis

507 1981 699 2052 clypei,
726 1990 783 2037 et
817 1982 949 2037 dum
987 1982 1169 2038 omnia
1192 1981 1431 2039 cmlestia
1454 1982 1699 2048 vidisset,
1727 1980 1936 2051 ﬁngunt
1956 1996 2080 2036 eum

507 2069 735 2128 ferulam
777 2072 1081 2130 thbiacis
1112 2073 1409 2145 applicmse
1438 2074 1573 2129 rotis
1597 2115 1611 2141 ,
1640 2074 1927 2144 ignemque
1960 2090 2081 2131 esse

507 2161 740 2219 furatum
754 2203 771 2232 ,
796 2172 852 2220 et
868 2166 1183 2235 pectusculo
1214 2168 1448 2224 hominis
1470 2184 1631 2238 quem
1654 2167 1885 2224 ﬁnxerat
1912 2168 2082 2239 appli-

504 2263 626 2311 cato
666 2256 959 2313 animatum
999 2258 1295 2316 reddidisse
1334 2260 1565 2329 corpus?
1606 2260 1688 2314 An
1731 2275 1840 2315 non
1884 2259 2080 2316 divinis

504 2345 797 2433 Scripturis
836 2350 1171 2407 contrarium
1196 2359 1315 2418 est,
1365 2351 1510 2422 quod
1542 2351 1824 2407 Tantalum
1871 2350 2079 2423 ﬁngunt

502 2438 559 2494 in
581 2439 792 2499 inferno
814 2442 871 2499 in
889 2443 1121 2512 quodam
1138 2443 1259 2501 lacu
1292 2444 1591 2515 depositum
1607 2484 1622 2510 ,
1650 2444 1806 2515 eique
1828 2442 2077 2499 fallacem

2186 502 2439 559 mandum
2465 502 2770 570 familiaria,
2798 518 3022 574 prorsus
3048 510 3193 572 sunt,
3228 512 3288 560 ut
3308 503 3510 574 prefati
3547 518 3745 572 sumus,

2185 592 2659 651 adivinislitteris
2682 592 2875 650 aliena.
2918 592 3073 662 Nam,
3116 602 3179 650 ut
3200 602 3397 651 caetera
3437 602 3746 663 taceamus,

2186 687 2231 741 si
2256 684 2379 756 quis
2400 686 2574 756 pictor
2616 684 2722 742 duo
2755 685 2934 757 capita
2959 678 3015 741 in
3037 702 3145 744 uno
3165 700 3410 758 corpore,
3433 695 3524 742 aut
3553 687 3614 743 in
3636 686 3753 744 duo

2182 776 2285 833 bus
2318 778 2633 848 corporibus
2656 782 2820 851 caput
2848 794 3043 844 unum,
3088 785 3181 834 aut
3215 778 3437 834 alterius
3467 779 3752 836 animantis

2184 880 2363 943 caput,
2392 872 2614 929 alterius
2635 881 2830 928 cetera
2867 872 3112 929 membra
3133 913 3149 939 ,
3180 878 3240 927 ut
3267 871 3751 944 Hippocentaurum

2186 972 2297 1021 toto
2325 980 2551 1037 corpore
2573 967 2769 1038 equino
2798 972 2853 1021 et
2887 975 3065 1037 capite
3101 966 3369 1033 humano,
3412 971 3466 1020 et
3491 960 3729 1021 Elinotau

2183 1059 2650 1123 rumsemibovem
2678 1058 3097 1129 semivirumque
3118 1058 3331 1115 aﬁ'ectet
3352 1059 3599 1130 pingere,
3632 1074 3751 1113 nun-

2184 1149 2313 1218 quid
2345 1165 2452 1205 non
2499 1147 2790 1221 Scripturis
2837 1150 3037 1207 dicitur
3068 1150 3378 1208 contraire?
3415 1150 3633 1221 Ecquid
3676 1161 3751 1207 est

2182 1241 2398 1308 dicere,
2438 1240 2561 1296 Non
2604 1251 2910 1299 contraeunt
2959 1246 3183 1315 pictores
3229 1242 3568 1314 Scripturis?
3609 1246 3751 1315 quasi

2182 1345 2290 1386 non
2325 1329 2502 1401 aliqua
2540 1346 2571 1385 a
2597 1332 2892 1404 pictoribus
2924 1334 3134 1404 possint
3163 1333 3379 1405 depingi
3418 1349 3543 1405 qua:
3594 1337 3751 1392 sacris

2180 1421 2375 1477 litteris
2408 1423 2698 1478 credantur
2721 1422 3000 1495 refragari.
3024 1423 3080 1479 ln
3114 1424 3287 1481 sacris
3310 1425 3509 1480 etenim
3538 1424 3748 1491 litteris.

2180 1515 2315 1570 nihil
2336 1516 2620 1585 vitiosum,
2648 1518 2781 1574 nihil
2826 1519 3225 1587 inconveniens,
3275 1518 3407 1575 nihil
3441 1521 3743 1591 impurum,

2179 1607 2312 1685 nihil
2355 1605 2569 1676 falsum,
2600 1609 2704 1665 nisi
2749 1606 2888 1667 forte
2929 1606 2983 1665 id
3020 1612 3165 1682 quod
3188 1622 3470 1682 perversos
3504 1627 3748 1683 quosque

2181 1698 2381 1756 dixisse
2425 1700 2510 1757 vel
2543 1700 2737 1759 fecisse
2782 1710 2968 1759 sancta
3020 1703 3301 1774 Scriptura
3340 1710 3744 1765 commemorat,

2114 1778 2396 1862 “penitus
2444 1793 2744 1863 invenitur;
2787 1795 2840 1850 in
2882 1795 3108 1865 picturis
3146 1802 3329 1849 autem
3378 1794 3531 1864 plura
3580 1793 3747 1859 falsa,

502 2546 697 2601 aquam
716 2532 916 2605 gulosis
945 2534 1086 2591 labia
1107 2536 1465 2595 titillamentis
1495 2538 1778 2608 attingere,
1807 2523 2095 2607 pomaque

502 2620 741 2694 fugitivis
784 2625 1174 2683 ciuerescentia
1224 2627 1456 2683 lactibus
1488 2628 1717 2699 desuper
1746 2625 1883 2683 facie
1921 2635 2077 2683 tenus

501 2712 733 2783 pendula
757 2729 1055 2786 apparere,
1091 2717 1251 2791 eique
1294 2732 1415 2775 esse
1452 2718 1775 2790 locupletem
1809 2718 1984 2774 visum
2022 2726 2077 2775 et

501 2816 787 2874 pauperem
811 2805 1096 2865 effectum?
1122 2808 1209 2863 An
1244 2825 1354 2866 non
1381 2810 1576 2866 divinis
1617 2810 1912 2882 Scripturis
1949 2810 2078 2865 alie-

501 2908 628 2951 num
651 2902 759 2963 est,
802 2912 929 2953 cum
963 2896 1203 2955 Phineus
1244 2915 1417 2956 caecus
1452 2900 1704 2974 ﬁngitur,
1748 2898 1903 2970 cujus
1926 2900 2077 2957 cibos

501 2980 746 3057 Harpyiae
790 2988 1049 3059 rapuisse,
1095 2988 1317 3059 ejusque
1335 2991 1561 3060 prandia
1603 2994 1932 3048 stercoribus
1982 2990 2077 3048 foe—

501 3076 656 3134 dasse
698 3079 989 3151 pinguntur
1010 3120 1025 3148 ,
1084 3097 1218 3151 quas
1267 3082 1429 3139 Zetus
1478 3092 1532 3138 et
1567 3083 1741 3139 Calais
1794 3084 2074 3155 Aquilonis

502 3170 645 3225 venti
682 3170 779 3227 ﬁlii
811 3171 1026 3244 fugasse
1071 3188 1104 3229 a
1133 3182 1421 3245 conspectu
1461 3174 1579 3245 ejus
1609 3177 1938 3234 mendaciter
1965 3178 2070 3235 ﬁn-

500 3263 730 3333 guntur?
763 3261 847 3319 An
880 3279 989 3323 non
1028 3266 1225 3324 divinis
1270 3266 1563 3338 Scripturis
1608 3271 1941 3326 contrarium
1965 3280 2075 3341 est,

500 3365 624 3406 cum
649 3350 912 3409 Admetus
936 3368 1031 3410 rex
1056 3354 1297 3423 Grtecize,
1322 3366 1383 3411 ut
1401 3357 1632 3414 Alcestae
1652 3358 1899 3432 coniugio
1929 3360 2071 3419 frue-

500 3450 646 3499 retur
682 3445 976 3502 secundum
1002 3450 1336 3519 propositum
1359 3455 1532 3507 soceri
1562 3452 1769 3508 leonem
1796 3463 1851 3510 et
1878 3471 2073 3526 aprum

499 3535 566 3590 ad
594 3551 812 3593 currum
846 3538 1005 3594 simul
1034 3538 1271 3609 junctos,
1319 3542 1578 3613 Apollinis
1603 3553 1657 3599 et
1694 3544 1938 3603 Herculis
1979 3549 2074 3603 ad-

498 3623 757 3698 i,utorium
787 3630 1038 3689 habuisse
1062 3636 1342 3707 pingitur?
1374 3636 1481 3692 Aut
1502 3654 1625 3694 cum
1656 3639 1916 3699 Hercules
1944 3641 2074 3700 Cer-

478 3719 687 3777 berum
707 3723 997 3797 tricipitem
1023 3742 1213 3784 canem
1242 3728 1537 3789 inferorum
1568 3732 1909 3793 interemisse
1946 3737 2071 3807 pin-

498 3810 676 3878 gitur?
720 3812 804 3869 An
858 3831 968 3872 non
1011 3817 1207 3875 divinis
1241 3818 1537 3892 Scripturis
1587 3826 1919 3880 contrarium
1966 3837 2070 3896 est,

500 3903 640 3970 quod
682 3903 979 3963 Acteonem
1006 3910 1293 3978 quemdam
1324 3920 1630 3969 venatorem
1676 3930 1741 3971 eo
1768 3916 1911 3987 quod
1950 3916 2074 3973 Dia-

501 4006 627 4046 nam
670 3993 937 4052 lavantem
978 3999 1189 4069 viderit,
1240 4002 1296 4058 in
1325 4018 1543 4060 cervum
1571 4005 1781 4078 ﬁngunt
1804 4022 1922 4064 esse
1947 4026 2074 4067 con-

501 4096 736 4149 versum,
774 4095 829 4141 et
869 4103 901 4142 a
928 4090 1150 4149 canibus
1197 4094 1310 4149 suis
1337 4110 1446 4151 non
1480 4098 1750 4166 agnitum,
1781 4115 2075 4173 eorumque

499 4174 769 4232 morsibus
797 4176 1147 4237 devoratum?
1169 4183 1255 4239 An
1273 4199 1381 4240 non
1406 4186 1603 4243 divinis
1631 4188 1924 4259 Scripturis
1948 4209 2075 4251 con-

500 4264 726 4321 trarium
782 4275 906 4337 est,
969 4273 1111 4341 quod
1176 4274 1532 4347 Berecynthia
1578 4293 1803 4350 puerum
1860 4282 2072 4343 formo-

499 4356 770 4415 sissimum
795 4359 939 4434 Atyn
970 4377 1180 4421 amasse
1203 4406 1219 4433 ,
1260 4382 1488 4440 eumque
1518 4371 1798 4446 zelotypiae
1829 4380 2070 4437 vanitate

2102 3137 2150 3203 Ο

2177 1882 2328 1953 plura
2373 1883 2583 1949 vitiosa,
2619 1884 2775 1955 plura
2819 1885 3277 1957 inconsequentia,
3306 1885 3465 1957 plura
3493 1885 3739 1940 inconve-

2178 1976 2396 2043 nientia,
2426 1983 2500 2042 et,
2529 1986 2588 2032 ut
2619 1977 2827 2049 singula
2853 1984 3073 2045 taceam,
3111 1992 3249 2049 pene
3276 1970 3461 2033 omnia
3489 1978 3604 2033 sive
3628 1993 3740 2047 pos-

2179 2070 2355 2127 sibilia
2376 2112 2389 2137 ,
2420 2070 2532 2126 sive
2562 2071 2940 2143 impossibilia,
2981 2074 3051 2128 ab
3080 2070 3308 2127 eruditis
3336 2072 3641 2142 pictoribus
3666 2070 3746 2125 de-

2177 2160 2471 2233 pinguntur
2501 2177 2515 2216 :
2549 2163 2743 2232 quibus
2765 2162 3100 2219 documentis
3137 2161 3372 2220 Joannes
3389 2161 3680 2235 presbyter
3702 2167 3746 2215 et

2178 2256 2386 2330 legatus
2421 2255 2773 2314 Orientalium
2812 2259 2868 2313 in
2911 2259 3015 2313 hac
3049 2272 3261 2329 quoque
3300 2266 3489 2329 parte,
3521 2258 3669 2314 sicut
3700 2267 3749 2315 et

2178 2334 2242 2405 ίιῖ
2277 2350 2486 2406 (κεῖθι-ιε
2511 2350 2771 2407 delirasse
2811 2351 3169 2406 convincitur.
3201 2351 3356 2419 Quod
3389 2360 3578 2407 autem
3607 2366 3747 2422 pres-

2175 2441 2332 2515 byter
2355 2440 2496 2497 idem
2518 2441 2622 2509 ait,
2653 2443 2875 2514 pictores
2913 2442 3167 2514 quidquid
3201 2443 3477 2515 Scriptura
3525 2444 3750 2515 loquitur

2176 2532 2557 2599 demonstrare,
2584 2549 2743 2605 quam
2773 2534 2844 2590 sit
2870 2533 3064 2590 falsum
3097 2550 3365 2606 quamque
3394 2535 3617 2600 inutile,
3640 2550 3750 2605 prn-

2178 2627 2309 2683 dens
2332 2626 2502 2682 lector
2527 2627 2788 2683 advertat.
2822 2627 3201 2698 Nunquidnam
3234 2628 3429 2684 divinte
3454 2638 3662 2685 cuncta
3686 2629 3751 2683 le-

2176 2719 2259 2791 gis
2284 2725 2552 2790 praecepta
2598 2734 2717 2789 qum
2744 2734 2776 2773 a
2803 2719 3027 2778 Domino
3069 2736 3167 2791 per
3205 2719 3425 2791 Moysen
3450 2721 3581 2775 data
3621 2729 3750 2785 sunt,

2176 2816 2237 2867 ut
2252 2819 2337 2867 est
2357 2811 2505 2876 illud,
2527 2811 2666 2867 Audi
2687 2811 2875 2879 Israel,
2890 2813 3144 2868 Dominus
3169 2813 3447 2869 Deustuus
3462 2814 3609 2869 Deus
3634 2830 3752 2868 una

2175 2908 2251 2957 est
2278 2900 2457 2975 (Deut.
2479 2901 2576 2969 v1),
2606 2908 2661 2956 et
2680 2910 2872 2958 caetera
2899 2905 3287 2973 hUJuscemodi,
3314 2906 3372 2960 in
3397 2907 3607 2976 quib“
3629 2905 3753 2960 nihil

2177 3002 2370 3049 sonant
2397 3009 2516 3064 quae
2557 2995 2704 3066 pingi
2727 2995 2952 3064 possint,
2986 3011 3016 3049 a
3042 2996 3341 3065 pictoribus
3376 2998 3753 3054 demonstran—

2176 3082 2302 3137 tur?
2336 3081 2712 3153 Nunquidnam
2762 3086 2940 3140 omnia
2990 3086 3155 3141 verba
3209 3086 3642 3157 prophetarum,
3707 3089 3753 3143 in

2176 3174 2372 3244 quibus
2403 3174 2691 3241 doctrinae,
2720 3175 3141 3243 exhortationes,
3170 3179 3604 3251 redargutiones,
3635 3197 3757 3237 corn

2176 3264 2569 3335 templationes,
2626 3266 2804 3333 minae,
2855 3265 2939 3322 vel
2965 3276 3159 3324 caetera
3207 3269 3291 3324 his
3336 3271 3529 3325 similia
3575 3272 3755 3325 conti-

2174 3362 2391 3423 nentur,
2437 3356 2492 3410 in
2520 3357 2716 3427 quibus
2741 3358 2937 3414 crebro
2974 3359 3277 3427 invenitur,
3318 3359 3452 3415 Hac
3476 3362 3601 3415 dicit
3644 3361 3755 3417 Do-

2174 3448 2346 3503 minus
2368 3489 2383 3514 ,
2411 3456 2522 3516 aut,
2552 3447 2763 3505 Iuravit
2789 3449 3064 3521 Dominus,
3103 3461 3197 3509 aut
3237 3454 3324 3510 his
3368 3455 3566 3513 similia
3588 3498 3604 3523 ,
3641 3472 3759 3527 qua

2176 3541 2243 3596 ab
2275 3541 2628 3613 scriptoribus
2658 3546 2838 3614 potius
2863 3560 3025 3618 quam
3059 3563 3090 3603 a
3110 3550 3407 3619 pictoribus
3425 3563 3755 3621 exarantur,

2174 3633 2385 3704 pictura
2411 3638 2703 3693 secundum
2730 3638 2842 3708 ejus
2870 3642 3159 3698 vanitatem
3185 3646 3562 3703 demonstrare
3588 3650 3763 3706 valet?

2175 3724 2554 3798 Nunquidnam
2586 3731 2765 3786 verba
2811 3732 2979 3802 ipsius
3021 3733 3232 3791 Domini
3279 3745 3336 3793 et
3381 3741 3758 3810 apostolorum

2176 3820 2385 3892 singula
2419 3837 2450 3876 a
2479 3822 2776 3892 pictoribus
2814 3837 3040 3895 possunt
3075 3830 3472 3887 demonstrari?
3515 3833 3763 3892 Pietate:

2176 3911 2343 3983 igitur
2366 3926 2545 3968 rerum
2568 3923 2839 3986 gestarum
2865 3920 3119 3977 historias
3154 3925 3221 3979 ad
3248 3928 3579 3982 memoriam
3611 3931 3768 3985 reduc

2178 4019 2300 4061 cere
2342 4008 2734 4075 quodammodo
2773 4011 2972 4080 valent,
3009 4028 3094 4070 res
3143 4024 3320 4071 autem
3350 4032 3475 4087 qua:
3515 4022 3767 4077 sensibus

2178 4099 2549 4154 tantummodo
2574 4101 2945 4174 percipiuntur
2968 4112 3022 4160 et
3048 4107 3222 4163 verbis
3249 4108 3631 4180 proferuntur,
3657 4130 3769 4169 non

2178 4207 2209 4246 a
2243 4192 2537 4262 pictoribus
2562 4233 2577 4259 ,
2618 4196 2712 4251 sed
2741 4196 2808 4252 ab
2857 4199 3210 4270 scriptoribus
3242 4208 3684 4276 comprehendi,
3716 4215 3769 4263 et

2178 4283 2407 4338 aliorum
2447 4284 2704 4342 relatibus
2756 4289 3110 4347 demonstrari
3162 4294 3375 4363 valent,
3427 4314 3497 4354 ac
3526 4312 3631 4370 per
3670 4302 3772 4357 hoc

2178 4376 2468 4431 absurdum
2499 4387 2583 4433 est
2604 4379 2783 4437 dicere
2810 4396 2825 4435 :
2855 4382 2981 4439 Non
3019 4395 3323 4443 contraeant
3363 4392 3596 4461 pictores
3623 4393 3771 4450 Scri-

498 4464 756 4561 succepsa
778 4460 1074 4522 castrasse,
1102 4463 1157 4536 et
1181 4460 1612 4520 semimasculum
1656 4464 1851 4526 fecisse
1886 4472 2073 4543 depin-
2097 4499 2151 4561 Β
2175 4472 2365 4541 pturis,
2403 4472 2492 4525 sed
2517 4473 2771 4546 quidquid
2801 4474 3073 4549 Scriptura
3111 4460 3374 4552 loquitur,
3413 4486 3518 4540 hoc
3550 4489 3771 4543 demam

496 4543 679 4614 gitur?
704 4543 789 4602 An
814 4563 922 4604 non
967 4550 1162 4608 divinis
1213 4552 1508 4626 Scripturis
1561 4564 1895 4621 contrarium
1944 4578 2068 4636 est,

496 4640 641 4710 quod
683 4640 926 4713 Orpheus
952 4645 1241 4705 Euridicen
1273 4653 1564 4723 nympham
1598 4671 1808 4713 amasse
1853 4669 1908 4715 et
1938 4676 2070 4720 sono

496 4730 732 4805 cythera:
774 4748 1090 4804 persuasam
1133 4756 1359 4797 uxorem
1394 4744 1609 4801 duxisse
1646 4747 1902 4820 pingitur,
1942 4769 2066 4824 qua:

494 4822 657 4878 etiam
679 4824 805 4881 dum
829 4825 1028 4885 Aristei
1059 4835 1292 4903 pastoris
1312 4836 1741 4904 persecutionem
1761 4855 1867 4896 non
1891 4822 2071 4901 ferens

493 4913 721 4988 fugeret,
749 4925 805 4974 et
825 4918 881 4974 in
909 4932 1217 4992 serpentem
1244 4926 1486 4983 incidens
1500 4938 1711 4985 mortua
1736 4942 1899 5002 esset,
1929 4950 2073 4991 eam-

494 5021 601 5077 que
651 5010 877 5067 maritus
920 5013 1206 5085 insequens
1259 5018 1327 5074 ad
1363 5018 1566 5077 inferos
1594 5022 1973 5095 descenderet,
2012 5037 2069 5085 et

493 5097 667 5168 legem
692 5103 960 5175 acciperet
986 5122 1055 5163 ne
1102 5123 1223 5165 eam
1257 5125 1547 5171 conversus
1573 5117 1873 5187 aspiceret,
1923 5120 2066 5177 hanc

494 5207 784 5253 conversus
810 5200 1083 5269 aspexisse
1104 5210 1159 5258 et
1182 5203 1357 5261 denuo
1383 5208 1684 5277 perdidisse
1707 5210 1961 5284 ﬁngitur?
1981 5212 2065 5271 An

493 5297 603 5373 non
634 5285 829 5345 divinis
851 5288 1142 5361 Scripturis
1165 5294 1399 5354 alienum
1423 5308 1534 5366 est,
1568 5303 1713 5373 quod
1738 5304 1918 5361 Venus
1944 5322 2072 5364 cum

491 5371 661 5432 Marte
684 5382 1037 5439 concubuisse
1065 5394 1120 5440 et
1144 5402 1175 5441 a
1204 5386 1328 5445 Sole
1351 5371 1686 5464 deprehensa
1703 5437 1719 5461 ,
1747 5403 1801 5452 et
1828 5398 2071 5458 Vulcano

490 5467 740 5538 prodita,
786 5478 844 5528 et
887 5475 956 5531 ab
996 5476 1088 5532 illo
1139 5481 1499 5543 adamantinis
1537 5490 1742 5547 catenis
1790 5508 1896 5546 una
1947 5509 2071 5549 cum

491 5558 661 5616 Marte
703 5563 938 5635 pingitur
968 5566 1133 5626 fuisse
1167 5573 1424 5646 religata?
1454 5578 1583 5638 Haec
1606 5589 1664 5636 et
1699 5582 1784 5638 his
1830 5584 2027 5640 similia
2050 5626 2066 5652 ,

491 5661 694 5747 quaret
716 5656 872 5715 nobis
906 5660 975 5716 ad
998 5666 1349 5723 retexendum
1370 5678 1500 5727 sunt
1527 5670 1829 5742 fastidiosa,
1852 5684 1908 5731 et
1934 5692 2067 5747 poe-

491 5742 563 5804 tis
585 5744 702 5807 sive
711 5748 1042 5823 philosophis
1058 5758 1300 5828 gentium
1320 5763 1406 5819 vel
1428 5766 1494 5821 ad
1517 5772 1843 5827 cantandum
1860 5742 2065 5838 suavia,

2085 5835 2137 5891 .3

2179 4571 2343 4616 trant.
2367 4560 2538 4620 Porro
2577 4568 2718 4637 quod
2742 4568 2836 4635 ait,
2867 4570 3159 4627 Concordes
3181 4582 3303 4629 sunt
3334 4573 3767 4650 Scripturarm,

2179 4668 2340 4723 quam
2364 4654 2436 4710 sit
2460 4655 2723 4713 insulsum
2742 4700 2756 4726 ,
2782 4675 3049 4733 quamque
3073 4667 3377 4730 absurdum
3396 4711 3410 4737 ,
3440 4675 3638 4731 multis
3671 4691 3770 4746 po-

2178 4755 2284 4802 test
2320 4750 2604 4820 approbari
2637 4755 2867 4811 indiciis.
2902 4758 3123 4825 Qualem
3146 4764 3290 4819 enim
3317 4773 3771 4829 concordantiam

2176 4850 2401 4909 possunt
2423 4844 2625 4901 habere
2650 4862 2772 4903 cum
2807 4850 3101 4922 Scripturis
3128 4858 3317 4923 sacris,
3361 4874 3493 4916 cum
3528 4864 3639 4920 illa:
3678 4882 3771 4921 ve-

2176 4946 2331 4987 races
2376 4932 2506 5001 sint,
2536 4936 2623 4993 isti
2663 4940 2978 5015 plerumque
3027 4944 3159 5003 falsa
3204 4951 3571 5025 conﬁngant?
3600 4969 3665 5014 et
3710 4960 3774 5015 de

2176 5025 2284 5082 illis
2303 5026 2535 5097 dicatur,
2560 5030 2786 5123 Eloquia
2820 5035 3033 5092 Domini
3059 5038 3261 5113 eloquia
3287 5055 3435 5100 casta
3466 5049 3628 5120 (Ρωι
3657 5052 3742 5123 x1)
3759 5093 3774 5117 ,

2178 5120 2267 5175 isti
2304 5121 2576 5179 interdum
2598 5121 2801 5197 ﬁngant
2825 5127 3035 5198 impura
3064 5138 3117 5186 et
3140 5133 3344 5190 incesta
3360 5138 3385 5190 ?
3408 5136 3523 5195 Illa:
3547 5120 3774 5214 semper

2177 5213 2437 5268 suadeant
2484 5216 2711 5272 honesta
2742 5229 2797 5275 et
2848 5223 3113 5293 salubria,
3163 5228 3251 5283 isti
3285 5232 3567 5292 multoties
3612 5213 3770 5295 inho-

2151 5315 2329 5387 nesta
2370 5315 2424 5361 et
2451 5306 2720 5367 ludibria?
2752 5312 2861 5371 lllze
2898 5332 3110 5389 semper
3142 5319 3346 5377 instent
3377 5320 3639 5387 humana:
3685 5349 3778 5389 saw

2175 5396 2295 5467 luti,
2334 5400 2425 5456 isti
2452 5401 2768 5477 plerumque
2811 5411 3071 5466 vanitati?
3092 5410 3200 5467 Illae
3230 5429 3448 5486 semper
3474 5422 3775 5483 hortentur

2176 5494 2245 5548 ad
2288 5496 2527 5553 caelestia
2558 5498 2696 5555 dona
2719 5543 2733 5567 ,
2785 5503 2874 5559 isti
2914 5508 3105 5564 crebro
3139 5510 3432 5585 depingant
3480 5523 3778 5578 terrestria

2175 5602 2401 5658 quaeque
2447 5599 2500 5645 et
2533 5594 2768 5650 caduca?
2804 5597 3013 5665 Quanta
3043 5604 3189 5661 enim
3236 5609 3627 5668 concordantia
3689 5626 3780 5672 est

2176 5678 2319 5778 inter
2344 5681 2398 5737 id
2433 5686 2575 5754 quod
2612 5702 2822 5759 semper
2859 5686 3069 5750 veritati
3115 5697 3381 5769 innititur,
3430 5710 3485 5759 et
3515 5704 3572 5760 id
3617 5712 3783 5778 quod

2177 5771 2494 5847 plerumque
2520 5781 2822 5851 veritatem,
2846 5786 3164 5865 plerumque
3196 5794 3485 5858 falsitatem
3519 5771 3761 5861 insequi
