4016 6292
531 278 668 335 1167

1099 389 1324 447 CAPUT
1368 391 1535 448 XXV.

525 508 678 576 Quod
734 507 1000 584 nonhideo
1047 507 1488 584 adoratum-sunt
1524 511 1776 582 imagines
1825 515 1965 584 quod
2009 529 2100 583 per

590 596 696 642 eas,
729 588 784 633 ut
808 577 884 631 illi
915 578 1113 642 dicunt,
1157 577 1409 632 nonnulla
1430 581 1581 649 signa
1628 577 1920 637 monstrata
1965 577 2100 653 fuis-

591 667 647 704 se
712 658 977 719 putentur,
1025 658 1345 719 cumtamen
1373 667 1476 704 non
1502 668 1679 707 omnes
1705 669 1788 709 res
1812 654 2101 709 adorentur

587 737 681 792 per
707 717 836 791 quas
863 717 939 772 vel
964 719 1020 772 in
1049 718 1234 788 quibus
1254 720 1516 775 miracula
1537 735 1812 793 apparent.

589 811 704 866 Hoc
730 811 892 864 etiam
912 808 1016 863 illis
1040 809 1106 863 ad
1129 824 1286 864 suum
1311 825 1553 867 errorem
1572 816 1921 872 astruendum
1942 813 2101 871 fami-

511 901 647 956 liare
693 907 795 964 est,
827 899 969 968 quod
995 913 1092 968 per
1125 900 1388 968 quasdam
1417 901 1677 972 imagines
1703 905 1966 961 nonnulla
1993 906 2096 962 mi-

510 991 696 1048 racula
730 990 873 1046 facta
901 989 1067 1046 fuisse
1095 992 1384 1062 perhibent
1411 1012 1424 1046 :
1453 996 1596 1064 quod
1623 1005 1806 1052 tamen
1853 1014 1953 1054 nec
1990 1000 2098 1056 Ve-

509 1086 642 1141 teris
687 1099 787 1141 nec
811 1083 948 1140 Novi
982 1083 1312 1140 Testamenti
1344 1087 1540 1158 pagina
1574 1089 1935 1159 demonstrat,
1977 1107 2099 1161 qua:

507 1179 724 1248 quidem
767 1184 823 1233 et
861 1177 907 1232 si
958 1177 1166 1246 uspiam
1195 1178 1308 1232 visa
1351 1179 1434 1233 vel
1473 1181 1652 1237 audita
1683 1183 1850 1239 fuisse
1901 1185 2100 1253 proba-

505 1278 716 1336 rentur,
750 1268 1108 1324 dubitandum
1134 1279 1274 1334 erat,
1324 1286 1391 1326 ne
1420 1269 1559 1327 forte
1589 1275 1822 1331 tortuosi
1871 1289 2098 1345 serpen-

506 1361 580 1416 tis
607 1359 1021 1415 ﬂexuosissimis
1054 1360 1329 1415 meandris
1367 1361 1682 1418 viderentur
1713 1365 1795 1420 vel
1846 1366 2097 1421 audiren-

507 1462 618 1520 tur,
648 1454 741 1524 qui
780 1468 905 1509 cum
932 1453 1003 1507 sit
1047 1454 1357 1509 teterrimus
1405 1462 1460 1511 et
1487 1457 1723 1512 tenebris
1750 1473 1861 1513 suae
1892 1459 2088 1528 nequi-

502 1546 594 1602 tiae
621 1545 851 1610 obsitus,
882 1544 1234 1614 transﬁgurat
1258 1561 1315 1600 se
1341 1546 1393 1600 in
1427 1547 1675 1618 angelum
1704 1548 1860 1615 lucis,
1893 1550 2098 1605 audens

500 1654 561 1694 se
589 1641 767 1695 dicere
788 1639 984 1694 lucem.
1014 1637 1178 1694 Multa
1205 1639 1404 1694 etenim
1431 1640 1602 1712 signa,
1632 1641 1910 1712 multaque
1932 1642 2099 1696 mira-

499 1732 641 1797 cula,
695 1747 791 1802 per
836 1731 1058 1803 angelos
1118 1731 1353 1803 refugas,
1411 1733 1494 1788 vel
1551 1735 1715 1790 etiam
1741 1751 1840 1806 per
1901 1751 2091 1792 eorum

499 1818 764 1896 sequaces
818 1824 976 1890 ﬁunt,
1041 1826 1133 1895 qui
1161 1826 1287 1881 dum
1332 1825 1441 1881 sint
1490 1828 1760 1897 spiritales
1809 1830 2085 1899 potentiae,

499 1927 574 1984 et,
605 1925 663 1971 ut
687 1917 762 1972 ita
797 1915 1050 1981 dixerim,
1095 1916 1362 1986 spiritales
1391 1919 1663 1987 nequitiae,
1695 1929 1749 1976 et
1780 1922 2090 1992 prophetias

497 2007 806 2062 infelicibus
859 2005 1162 2075 quibusque
1205 2005 1544 2077 impertiunt,
1581 2017 1636 2064 et
1674 2010 1904 2068 virtutes
1952 2014 2091 2068 mul-

497 2108 582 2156 tas
607 2114 710 2170 per
746 2113 874 2155 suos
936 2098 1195 2153 satellites
1249 2097 1457 2154 faciunt
1498 2118 1510 2153 :
1562 2102 1628 2156 de
1677 2102 1871 2171 quibus
1928 2114 2088 2160 erunt

496 2193 575 2248 illi
615 2192 708 2263 qui
747 2190 946 2247 dicturi
975 2199 1121 2257 sunt,
1149 2190 1392 2260 Domine,
1424 2193 1666 2262 Domine,
1699 2212 1869 2250 nonne
1898 2198 1952 2250 in
1997 2215 2090 2252 no-

494 2289 633 2343 mine
683 2295 772 2340 tuo
807 2286 1227 2357 prophetauimus
1255 2288 1386 2340 etin
1436 2288 1643 2343 nomine
1690 2297 1780 2343 tuo
1824 2289 2088 2345 daemonia

492 2380 765 2452 ejeeimus,
813 2389 861 2432 et
891 2379 947 2432 in
975 2380 1183 2433 nomine
1221 2388 1311 2434 tuo
1343 2381 1555 2436 virtutes
1595 2380 1789 2436 multas
1820 2382 2037 2452 fecimus
2062 2383 2089 2436 .9

495 2474 702 2542 Quibus
763 2479 998 2528 aeternus
1057 2473 1262 2528 arbiter
1303 2474 1546 2530 dicturus
1589 2483 1711 2530 est:
1748 2475 1938 2530 Nescio
1996 2493 2086 2533 vos

491 2566 709 2640 (Matth.
736 2564 858 2637 vn).
896 2561 1044 2636 Quia
1074 2565 1240 2636 igitur
1267 2565 1421 2636 signa
1460 2564 1780 2634 plerumque
1816 2563 2085 2619 diabolico

489 2663 749 2719 instinctu
783 2664 940 2728 ﬁunt,
987 2664 1108 2719 ideo
1150 2659 1503 2716 beatissimus
1542 2658 1840 2730 Gregorius
1879 2667 2082 2713 sanctas

494 2755 752 2812 Romana:
783 2756 1039 2813 Ecclesiae
1074 2762 1312 2810 antestes
1349 2752 1483 2808 dixit
1518 2769 1530 2805 :
1577 2770 1597 2804 ‹
1654 2749 1849 2815 Nolite,
1885 2749 2083 2806 fratres

489 2849 619 2915 mei,
656 2864 840 2906 amare
871 2848 1023 2920 signa
1051 2863 1170 2916 quae
1198 2853 1426 2916 possunt
1449 2860 1573 2900 cum
1600 2845 1843 2915 reprobis
1890 2843 2082 2899 haberi

487 2940 815 2994 communia.
881 2957 899 2990 ι
956 2936 1343 2991 Sanctissimus
1386 2949 1601 3006 quoque
1639 2935 1996 3006 Augustinus,
2048 2949 2080 2988 a

487 3031 820 3086 daemonibus
863 3029 1124 3085 miracula
1173 3028 1308 3094 ﬁeri,
1377 3028 1578 3084 similia
1631 3029 1910 3085 miraculis
1954 3044 2076 3098 quae

486 3122 624 3178 ﬁunt
659 3136 758 3192 per
815 3130 1031 3179 sanctos
1081 3135 1266 3176 servos
1303 3119 1401 3174 Dei
1449 3120 1537 3175 his
1578 3119 1761 3176 verbis
1823 3128 2073 3175 testatur.

1436 283 1495 336 Β.
1535 281 1785 340 CAROLI
1825 283 2041 341 MAGNI
2080 281 2231 341 OPP.
2272 283 2451 344 PARS
2488 289 2551 345 Π.
2590 290 2832 351 SECTIO
2867 294 2930 350 ll.

3659 303 3791 364 1168

2131 402 2184 460 Α
2209 398 2383 456 lenter
2394 405 2634 462 suadeat.
2653 407 2709 463 Si
2723 425 2850 466 vero
2861 426 3152 482 apparuere
3164 412 3218 470 in
3230 415 3454 473 veritate
3466 417 3641 490 signa,
3657 424 3794 493 quod

2203 501 2383 550 tamen
2401 496 2514 552 ﬁeri
2530 497 2725 556 nullius
2735 502 2900 556 certis
2915 502 3156 559 lectionis
3167 508 3424 574 probatur
3436 509 3791 583 documentis,

2202 598 2369 648 etnec
2383 595 2663 652 mendacio
2678 597 2887 652 illorum
2905 597 2960 654 in
2977 600 3077 655 hac
3088 610 3240 670 parte
3256 606 3516 659 sententia
3532 605 3794 681 subiacet,

2200 698 2302 740 nec
2349 683 2703 744 fraudulentis
2743 690 2915 746 hostis
2963 693 3454 752 machinationibus
3493 702 3794 757 secundum

2200 781 2441 851 exempla
2456 799 2575 853 qua:
2599 785 2847 855 superius
2875 796 3170 844 monstrata
3201 798 3344 856 sunt,
3368 795 3461 848 sed
3484 793 3579 849 Dei
3603 811 3796 866 opera-

2201 870 2346 928 tione
2371 882 2522 946 gesta
2545 877 2843 946 probantur
2871 879 2957 934 cui
3001 888 3191 936 cuncta
3225 889 3351 936 sunt
3373 885 3690 953 possibilia,
3719 889 3793 943 cui

2201 963 2336 1018 nihil
2357 966 2690 1036 impossibile
2725 978 2831 1037 est,
2864 971 3400 1030 animadvertendum
3451 992 3796 1048 summopere

2200 1066 2285 1112 est
2313 1059 2458 1128 quod
2478 1075 2598 1115 cum
2627 1061 2794 1116 multa
2826 1070 2878 1117 et
2905 1065 3170 1134 stupenda
3203 1076 3337 1121 nutu
3375 1068 3470 1122 Dei
3499 1085 3603 1138 per
3630 1088 3793 1140 quas-

2203 1149 2328 1204 dam
2375 1160 2678 1217 creaturas,
2713 1147 2813 1209 ‘vel
2862 1156 3025 1210 etiam
3066 1156 3121 1211 in
3165 1159 3468 1230 quibusque
3520 1165 3791 1220 creaturis

2199 1249 2418 1310 peracta
2447 1242 2665 1309 fuerint,
2717 1261 2824 1301 non
2864 1247 3046 1302 omnia
3081 1248 3137 1302 in
3183 1250 3378 1318 quibus
3419 1252 3500 1306 vel
3536 1268 3636 1322 per
3666 1270 3793 1323 quas

2200 1330 2342 1387 facta
2395 1333 2504 1389 sint
2560 1337 2834 1393 adoranda
2887 1341 3209 1406 credantur,
3253 1343 3510 1412 quoniam
3567 1345 3792 1414 quidem

2148 1441 2154 1450 ·
2201 1427 2542 1496 omnipotens
2591 1431 2733 1486 Deus
2778 1433 2929 1502 signa
2975 1434 3240 1504 pleraque
3299 1451 3416 1505 quze
3463 1438 3792 1494 mortalibus

2202 1521 2453 1584 ostendit,
2482 1537 2600 1592 quae
2622 1539 2721 1593 per
2740 1540 2828 1579 res
2856 1526 3118 1594 quasdam
3142 1527 3381 1583 visibiles
3401 1537 3455 1582 et
3474 1532 3792 1589 tractabiles

2201 1611 2352 1678 fecit,
2395 1622 2662 1685 quatenus
2702 1614 2999 1669 visibilium
3026 1625 3081 1671 et
3139 1618 3446 1673 mortalium
3499 1621 3789 1679 hominum

2203 1703 2457 1759 duritiam
2506 1706 2670 1760 rebus
2708 1705 3014 1761 visibilibus
3061 1707 3315 1773 molliret,
3348 1725 3454 1764 non
3479 1711 3604 1767 ideo
3629 1712 3781 1776 fecit,

2125 1781 2255 1850 But
2298 1797 2654 1865 quarumdam
2696 1812 2876 1851 rerum
2923 1797 3306 1855 celebrandam
3369 1811 3630 1858 statueret
3701 1809 3790 1861 ad—

2199 1891 2522 1956 orationem,
2554 1891 2752 1960 quippe
2799 1892 2891 1962 qui
2936 1907 2994 1947 se
3057 1893 3234 1949 solum
3304 1897 3546 1963 adorare,
3604 1899 3788 1954 solum

2196 1983 2453 2051 prtecepit
2511 1991 2565 2038 et
2630 1983 2827 2039 colere.
2900 1984 3284 2054 Nunquidnam
3347 1989 3476 2059 quia
3518 1990 3789 2047 Dominus

2199 2077 2265 2132 de
2293 2078 2430 2132 rubo
2454 2077 2509 2131 in
2546 2077 2669 2148 igne
2703 2076 2873 2148 Moysi
2899 2077 3109 2136 locutus
3131 2089 3235 2148 est,
3262 2082 3384 2137 ideo
3405 2083 3530 2138 rubi
3562 2085 3788 2140 adoran-

2198 2171 2249 2225 di
2273 2173 2430 2226 sunt?
2452 2171 2567 2225 Non
2579 2173 2722 2226 enim
2741 2173 2931 2228 ideoin
2953 2176 3088 2230 rubo
3104 2177 3374 2244 apparuit,
3391 2185 3453 2231 ut
3481 2179 3609 2232 rubi
3623 2189 3788 2235 mate-

2195 2264 2331 2320 riam
2346 2266 2668 2323 adorandam
2679 2277 3037 2338 percenseret,
3056 2272 3150 2327 sed
3163 2279 3220 2324 ut
3231 2286 3329 2340 per
3340 2287 3460 2341 ejus
3475 2274 3665 2341 spinas
3676 2288 3790 2343 pec.-

2196 2366 2315 2413 cata
2350 2374 2450 2429 pro
2471 2360 2666 2430 quibus
2690 2360 2777 2416 lex
2797 2370 3019 2418 venerat
3047 2364 3472 2421 demonstraret.
3501 2365 3646 2432 Quia
3664 2381 3788 2436 ergo

2192 2451 2362 2506 rubus
2399 2451 2635 2507 radicem
2672 2469 2782 2508 non
2817 2454 2980 2510 habet
3015 2456 3185 2526 spinis
3230 2470 3520 2525 armatam,
3570 2477 3696 2515 cum
3737 2460 3787 2515 in

2192 2544 2563 2614 superioribus
2586 2544 2758 2615 spinis
2778 2547 3050 2612 densetur,
3087 2549 3141 2604 in
3163 2565 3228 2606 eo
3251 2552 3538 2606 evidenter
3571 2559 3789 2622 peccata

2191 2651 2299 2692 non
2338 2652 2458 2693 esse
2491 2653 2559 2692 ex
2590 2647 2786 2694 natura
2818 2650 3207 2697 monstrantur.
3253 2643 3384 2710 Quae
3413 2644 3542 2700 ideo
3577 2647 3646 2700 ab
3681 2645 3787 2715 igni

2187 2745 2298 2785 non
2324 2740 2408 2786 est
2430 2733 2732 2798 combusta,
2758 2743 2818 2788 ut
2840 2734 3088 2790 innueret
3109 2750 3207 2805 per
3230 2735 3401 2807 legem
3423 2747 3658 2806 peccata
3685 2753 3788 2790 non

2189 2837 2308 2878 esse
2347 2823 2590 2891 delenda,
2630 2825 2726 2881 sed
2777 2827 3152 2883 tantummodo
3185 2836 3426 2883 ostensa.
3489 2828 3609 2882 Lex
3646 2829 3786 2882 enim

2186 2928 2407 2989 peccata
2465 2923 2838 2979 tantummodo
2894 2926 3158 2992 ostendit,
3209 2928 3382 2998 gratia
3433 2936 3621 2982 autem
3671 2944 3787 2997 qua).

2183 3026 2283 3080 per
2315 3011 2589 3069 Christum
2627 3017 2752 3071 data
2781 3025 2886 3082 est,
2918 3027 3139 3087 peccata
3175 3035 3294 3090 quae
3326 3019 3414 3074 lex
3444 3028 3787 3076 monstrave-

2186 3115 2270 3160 rat
2294 3108 2521 3163 curavit.
2554 3107 2690 3176 Quia
2715 3125 2845 3182 ergo
2870 3111 2923 3166 in
2950 3111 3071 3182 igne
3091 3112 3352 3168 Dominus
3377 3116 3649 3184 apparuit,
3679 3131 3787 3171 non

485 3214 580 3270 Αίι
649 3182 795 3270 έιιίηι
831 3229 845 3269 ς
881 3232 901 3266 ι
959 3211 1079 3269 Non
1137 3219 1350 3283 oportet
1416 3211 1627 3267 moveri
1689 3226 1812 3266 cum
1854 3211 2079 3282 magicis
2111 3182 2158 3248 Ο
2191 3199 2313 3257 ideo
2361 3203 2540 3271 ignem
2582 3205 2912 3261 adorandum
2951 3208 3211 3273 decrevit,
3250 3209 3348 3264 sed
3387 3209 3446 3264 in
3484 3226 3546 3264 ea
3588 3219 3788 3264 natura

486 3305 693 3362 artibus
740 3305 1002 3361 miracula
1040 3303 1178 3360 ﬁunt
1199 3303 1521 3374 plerumque
1551 3302 1757 3358 similia
1804 3301 2082 3358 miraculis

485 3415 606 3472 quae
653 3399 790 3456 ﬁunt
839 3415 936 3470 per
975 3406 1196 3454 sanctos
1229 3411 1416 3453 servos
1443 3396 1544 3451 Dei
1576 3414 1588 3450 :
1631 3396 1774 3452 sicut
1816 3395 2080 3465 scriptum

485 3501 566 3550 est
590 3494 647 3548 in
673 3492 878 3557 Exodo,
908 3491 1052 3563 quod
1080 3489 1227 3561 magi
1245 3489 1547 3544 Pharaonis
1571 3487 1820 3544 fecerunt
1848 3487 2085 3544 nonnul-

485 3585 532 3639 la
572 3585 827 3641 similiter
877 3584 1018 3640 sicut
1079 3582 1209 3638 fecit
1264 3581 1496 3653 Moyses.
1560 3601 1578 3634 ι
1631 3580 1749 3636 Non
1785 3597 1916 3653 ergo
1964 3583 2087 3638 hac

486 3686 700 3750 oportet
756 3677 967 3743 mirari,
1022 3675 1151 3747 quia
1199 3676 1381 3754 omnia
1427 3690 1546 3746 quae
1592 3675 1879 3731 visibiliter
1919 3674 2079 3743 ﬁunt,

485 3771 646 3827 etiam
698 3785 798 3841 per
861 3768 1150 3825 inferiores
1205 3775 1507 3838 potestates
1559 3767 1702 3823 aeris
1757 3766 1918 3837 hujus
1969 3783 2082 3823 non

485 3863 716 3919 absurde
766 3861 884 3916 ﬁeri
925 3876 1085 3932 posse
1125 3861 1441 3916 creduntur.
1499 3859 1608 3916 Sed
1657 3860 1761 3916 hoc
1823 3860 2077 3928 interest,

485 3952 630 4021 quod
676 3966 800 4006 cum
837 3953 1011 4007 sancti
1050 3951 1176 4007 talia
1215 3951 1421 4009 faciunt
1478 3951 1534 4006 in
1585 3953 1804 4008 nomine
1850 3953 1947 4009 Dei
1972 3954 2081 4009 Do-

485 4041 620 4097 mini
659 4042 903 4097 omnium
958 4056 1161 4111 rerum,
1224 4045 1290 4100 de
1342 4043 1751 4100 sublimioribus
1801 4047 2077 4116 apparati-

483 4133 582 4191 bus
630 4131 852 4204 jubetur
892 4132 1142 4191 inferiori
1191 4143 1487 4202 creaturae;
1532 4151 1656 4192 cum
1713 4147 1898 4192 autem
1947 4138 2078 4192 mali

482 4228 726 4285 homines
754 4227 983 4300 magicis
1041 4227 1251 4284 artibus
1289 4236 1588 4298 operantur
1628 4227 1830 4283 similia
1856 4229 1911 4283 in
1955 4245 2072 4285 ma-

481 4336 580 4380 nus
622 4337 750 4381 suas
803 4322 1002 4379 dantur
1053 4337 1177 4378 cum
1237 4321 1599 4378 exaudiuntur
1641 4338 1672 4377 a
1713 4322 2070 4379 dtemonibus.

481 4417 636 4490 Digni
683 4423 810 4474 sunt
849 4417 997 4473 enim
1042 4413 1136 4487 qui
1178 4413 1274 4470 tali
1326 4413 1674 4472 exauditione
1713 4415 2071 4486 decipiantur,

481 4519 535 4568 at
590 4526 750 4582 poena
806 4509 915 4567 illis
962 4509 1056 4565 ﬁat
1092 4508 1212 4612 .hoc
1243 4508 1389 4612 quod
1447 4510 1703 4565 videntur
1770 4511 2069 4612 impetrare
2096 4549 2150 4612 υ

480 4603 804 4665 beneﬁcium
828 4643 843 4670 ,
890 4617 1014 4658 cum
1057 4601 1138 4658 eis
1179 4601 1439 4657 exhibent
1493 4603 1647 4671 quasi
1680 4603 1933 4674 privatim
1987 4602 2070 4658 in-

478 4698 709 4756 feriores
760 4703 1080 4768 potestates,
1144 4696 1390 4766 quaedam
1425 4695 1708 4761 miracula,
1749 4703 1808 4750 ut
1851 4710 1944 4752 eos
1973 4695 2070 4749 ha-

477 4795 645 4851 beant
669 4789 1002 4864 subjugatos,
1038 4790 1306 4862 permissu
1329 4797 1508 4844 tamen
1532 4788 1714 4843 divino
1738 4803 1836 4857 pro
1857 4787 2068 4843 meritis

479 4885 786 4941 animarum
831 4899 928 4939 sua
985 4883 1179 4952 cuique
1221 4883 1550 4938 tribuuntur.
1611 4879 1764 4936 Unde
1814 4879 1967 4951 signa
2013 4887 2070 4936 et

477 4977 741 5036 miracula
789 4991 908 5046 quae
941 4975 1022 5030 illi
1049 4975 1235 5030 dicunt
1271 4974 1327 5028 in
1365 4973 1690 5044 imaginibus
1724 4973 2059 5043 apparuisse,

471 5072 521 5132 si
573 5087 682 5128 non
728 5074 1114 5140 apparuerunt,
1184 5066 1323 5120 sicut
1366 5073 1420 5119 et
1475 5065 1620 5122 nulla
1664 5065 1771 5121 hoc
1823 5066 2060 5121 authen-

477 5165 585 5219 tica
641 5163 807 5218 tradit
852 5158 1100 5222 historia,
1152 5158 1493 5214 mendacium
1538 5168 1641 5225 est,
1691 5168 1747 5214 et
1777 5160 2061 5217 mendacio

478 5255 788 5326 quicunque
823 5249 1072 5306 veritatis
1107 5257 1234 5305 sunt
1264 5252 1406 5306 servi
1437 5251 1515 5306 uti
1550 5267 1660 5307 non
1684 5251 1904 5318 debent,
1930 5267 2062 5322 quo-

477 5345 626 5401 niam
684 5356 745 5400 ut
802 5346 915 5416 ipsa
963 5342 1178 5398 Veritas
1241 5342 1335 5407 ait,
1399 5342 1568 5398 Nemo
1631 5354 1797 5416 potest
1850 5345 2053 5400 duobus

477 5437 713 5494 Dominis
727 5439 858 5494 servi
865 5454 916 5492 re
932 5437 951 5508 (
958 5435 1145 5491 Matth.
1169 5435 1246 5507 vt)
1265 5450 1279 5490 :
1297 5451 1415 5507 quae
1430 5437 1475 5492 si
1489 5449 1879 5509 apparuerunt,
1893 5449 1948 5493 et
1961 5454 2060 5508 per

475 5533 845 5611 phantasticas
887 5531 1149 5601 quasdam
1191 5528 1638 5585 obumbrationes
1663 5530 1732 5585 ad
1760 5530 2060 5589 illiciendas

474 5637 684 5686 mentes
721 5630 1106 5697 apparuerunt,
1131 5622 1652 5693 periculosissimum
1675 5632 1776 5689 est,
1816 5641 1884 5680 ne
1917 5625 2058 5680 forte

473 5721 784 5781 calliditatis
835 5733 947 5776 suae
1000 5725 1120 5774 astu
1185 5717 1440 5787 antiquus
1503 5718 1677 5773 hostis
1739 5719 1864 5773 dum
1917 5719 2058 5774 mira

476 5817 720 5888 quaedam
753 5813 1110 5879 demonstrat,
1173 5809 1241 5868 ad
1269 5810 1458 5868 illicita
1489 5811 1797 5883 peragenda
1835 5809 2059 5868 fraudu-

2163 3310 2448 3366 .apparere
2493 3297 2692 3364 voluit,
2746 3315 2866 3370 quae
2907 3315 3119 3371 semper
3160 3301 3227 3356 ad
3271 3301 3379 3357 alta
3418 3304 3792 3360 conscendere

2187 3390 2484 3445 contendit.
2515 3389 2648 3458 Quia
2676 3390 2842 3463 igitur
2870 3393 2925 3448 in
2952 3402 3134 3450 monte
3165 3395 3420 3466 dignatus
3446 3404 3530 3452 est
3559 3412 3789 3468 appare-

2186 3499 2265 3551 re,
2294 3497 2403 3539 non
2428 3484 2694 3541 montium
2720 3486 3088 3545 adorationem
3115 3489 3355 3546 creditur
3373 3490 3653 3556 statuisse,
3683 3491 3785 3549 sed

2187 3576 2312 3647 quia
2345 3578 2734 3633 rationabiliter
2758 3579 2959 3636 factum
2986 3591 3070 3638 est
3092 3590 3153 3638 ut
3180 3583 3446 3640 caelorum
3486 3602 3586 3642 rex
3626 3585 3679 3642 in
3715 3603 3782 3644 ea

2186 3684 2246 3723 re
2281 3677 2564 3738 appareret
2591 3686 2711 3740 quae
2739 3674 3087 3743 semper'alta
3115 3677 3340 3746 appetit,
3367 3687 3424 3733 et
3456 3695 3567 3735 non
3596 3679 3648 3734 in
3680 3680 3784 3736 hu-

2184 3759 2317 3824 mili,
2348 3763 2440 3816 sed
2467 3761 2523 3815 in
2551 3761 2663 3818 alto
2687 3762 2825 3829 loco,
2850 3773 2910 3819 ut
2939 3773 2993 3820 et
3013 3781 3070 3821 se
3092 3765 3419 3823 altissimum
3442 3768 3780 3826 demonstra-

2184 3859 2286 3915 ret,
2316 3859 2370 3906 et
2394 3867 2520 3907 suos
2549 3867 2807 3923 sequaces
2836 3856 2904 3910 ad
2932 3857 3039 3910 alta
3067 3872 3466 3916 conscensuros
3488 3862 3778 3918 evidentis-

2183 3943 2320 3999 sime
2356 3945 2683 4000 ostenderet.
2734 3945 2987 4017 Nunquid
3026 3951 3152 4019 quia
3196 3952 3619 4010 circumcisione
3653 3970 3778 4008 acu-

2183 4037 2396 4094 tissimo
2429 4038 2602 4108 lapide
2631 4037 2770 4094 facta
2801 4039 3079 4109 legislator
3106 4044 3370 4098 tremendi
3403 4044 3609 4112 judicis
3641 4047 3771 4101 iram

2182 4138 2236 4184 et
2273 4132 2466 4187 mortis
2499 4133 2777 4188 interitum
2819 4134 3010 4202 evasit,
3050 4135 3256 4205 lapides
3296 4139 3565 4194 adorandi
3613 4139 3773 4194 sunt?

2180 4227 2371 4284 Merito
2407 4229 2551 4285 enim
2590 4227 2864 4300 legislator
2897 4229 3144 4300 angelum
3182 4231 3238 4285 in
3273 4246 3332 4286 se
3372 4242 3491 4286 tam
3522 4232 3772 4289 infestum

2179 4323 2332 4390 vidit,
2367 4324 2495 4395 quia
2525 4323 2777 4380 habitans
2805 4323 2862 4378 in
2899 4332 3043 4379 terra
3071 4323 3307 4392 Madian,
3343 4325 3520 4382 ﬁlium
3550 4328 3773 4383 circum-

2179 4415 2360 4473 cidere
2406 4417 2660 4489 neglexit,
2707 4425 2761 4472 et
2807 4417 2899 4486 qui
2947 4417 3042 4472 Dei
3087 4416 3322 4473 Abrahzc
3367 4420 3596 4476 nuntius
3641 4429 3764 4484 erat,

2178 4512 2390 4583 signum
2423 4509 2546 4565 ﬁdei
2569 4509 2802 4565 Abrahae
2833 4510 2886 4563 in
2913 4508 3023 4564 ﬁlio
3050 4526 3157 4564 non
3188 4509 3416 4574 ferebat,
3453 4512 3508 4566 in
3535 4528 3646 4582 quo
3670 4511 3767 4584 glo-

2176 4606 2308 4662 riari
2341 4605 2554 4662 Iudaeos
2587 4604 2792 4660 sciebat
2819 4619 2833 4658 :
2859 4603 2949 4673 qui
2985 4618 3094 4658 non
3126 4603 3245 4659 ideo
3275 4603 3458 4674 lapide
3489 4605 3763 4662 circumci-

2176 4699 2342 4764 ditur,
2371 4705 2431 4752 ut
2451 4697 2690 4766 lapidum
2713 4712 2777 4752 ex
2801 4697 2906 4776 hoc
2933 4695 3078 4752 facto
3107 4696 3353 4751 adoratio
3383 4695 3659 4758 ﬁrmetur,
3684 4695 3760 4751 sed

2175 4799 2236 4845 ut
2257 4803 2356 4859 per
2373 4789 2648 4846 Christum
2676 4789 2767 4859 qui
2802 4795 2884 4844 est
2907 4788 3045 4858 lapis
3074 4788 3363 4858 angularis,
3398 4799 3634 4859 peccata
3660 4805 3760 4844 am-

2173 4884 2410 4955 putanda
2455 4892 2510 4940 et
2561 4884 2750 4940 mortis
2791 4882 3031 4954 pericula
3073 4883 3349 4939 evadentia
3390 4886 3751 4940 ostendantur.

2177 4977 2430 5048 Nunquid
2455 4977 2581 5047 quia
2606 4977 2759 5044 virga
2782 4976 2944 5032 toties
2967 4975 3022 5030 in
3048 4983 3354 5046 serpentem
3383 4992 3672 5041 conversa,
3696 4985 3758 5030 te

2172 5073 2276 5129 ties
2305 5073 2502 5145 legitur
2529 5072 2583 5127 in
2607 5071 2773 5142 virga:
2798 5071 3032 5141 rigorem
3061 5069 3301 5136 redacta,
3335 5086 3462 5140 qua?
3490 5072 3684 5142 typicis
3707 5067 3756 5123 ti—

2171 5167 2323 5238 guris
2348 5164 2628 5222 Christum
2655 5165 2720 5220 dc
2745 5163 2854 5219 vita
2887 5163 2944 5218 in
2981 5170 3233 5227 mortem,
3275 5161 3341 5217 de
3375 5172 3561 5220 morte
3603 5160 3753 5218 innuit

2168 5259 2379 5315 redisse
2405 5257 2472 5314 ad
2499 5257 2685 5322 vitam,
2713 5264 2804 5310 aut
2833 5271 2958 5325 quia
2986 5255 3174 5310 eadem
3199 5254 3351 5326 virga
3381 5270 3550 5324 quam
3576 5250 3751 5309 Christi

2172 5351 2407 5408 diximus
2433 5357 2675 5420 gestasse
2693 5348 2914 5418 ﬁguram
2934 5346 3102 5401 maris
3118 5345 3309 5408 Rubri,
3329 5345 3674 5415 baptismatis
3687 5341 3746 5395 vi-

2169 5443 2384 5507 delicet,
2409 5441 2552 5497 unda
2571 5439 2742 5495 divisa
2771 5439 2838 5493 ad
2865 5447 3066 5492 terram
3095 5439 3558 5508 repromissionis,
3584 5438 3637 5494 id
3662 5445 3750 5499 est,

2167 5536 2236 5592 ad
2261 5533 2501 5592 ccelcstia
2525 5547 2686 5604 regna
2707 5531 2905 5602 populo
2927 5531 3021 5585 Dei
3045 5531 3291 5601 pergenti
3316 5531 3614 5584 transitum
3635 5543 3745 5599 pne

2165 5630 2300 5692 buit,
2334 5628 2452 5682 ideo
2479 5626 2642 5696 virga:
2667 5623 2954 5678 adoranda
2979 5623 3149 5677 sunt?
3173 5622 3428 5692 Nunquid
3459 5622 3589 5693 quia
3616 5634 3748 5690 aqua“

2167 5738 2365 5779 amarm
2393 5721 2540 5789 ligno
2568 5717 2849 5773 indulcatze
2875 5716 3148 5786 leguntur,
3175 5731 3296 5785 quae
3322 5714 3498 5785 legem
3524 5731 3632 5771 non
3661 5713 3728 5766 im

2167 5815 2363 5872 merito
2391 5811 2593 5868 Christi
2620 5809 2765 5873 ligno
2791 5807 3143 5876 indulcatam,
3175 5813 3228 5864 et
3256 5806 3488 5874 spiritali
3516 5802 3718 5863 dulcedi
