4016 6292
299 371 449 430 1169

1095 373 1275 431 LIBRI
1308 372 1651 432 CAROLINI.
1691 403 1761 416 ——
1798 371 2024 431 CAPIT.
2069 375 2156 431 DE
2194 373 2384 432 lMAG.
2424 403 2496 418 -—
2531 376 2661 437 LIB.
2699 377 2787 435 Ill.

3456 390 3596 449 M70

295 509 377 554 ne
409 491 729 568 populon
765 502 976 551 mentes
1003 493 1277 551 satiendas
1310 495 1560 562 innuunt,
1591 494 1712 552 ideo
1746 493 1892 565 ligna
1919 496 1976 560 Α
1996 492 2151 560 Quod
2191 493 2238 549 si
2279 495 2364 550 hae
2399 510 2488 552 res
2521 495 2576 551 in
2615 496 2813 566 quibus
2861 498 3121 558 miracula
3165 518 3463 576 apparuere
3502 513 3570 567 ad

297 590 583 646 adoranda
598 588 760 646 sunt?
779 586 1029 658 Nunquid
1044 588 1168 659 quia
1183 588 1451 657 serpentis
1463 586 1599 642 aenei
1613 586 1897 656 inspectio,

296 683 400 754 qui
425 680 629 738 Christi
655 687 886 737 mortem
913 679 1280 752 prmﬁguravit
1313 679 1368 734 in
1395 679 1543 748 ligno
1580 678 1838 750 populum
1867 691 1900 733 a

295 784 619 847 serpentum
647 774 936 839 morsibus,
967 774 1021 828 id
1041 782 1144 840 est,
1172 775 1240 830 ab
1271 774 1558 845 spirituum
1595 772 1902 830 immundo-

295 883 429 922 rum
475 864 770 921 mortiferis
819 865 1260 936 persuasionibus
1311 867 1574 934 salvavit,
1631 865 1753 923 ideo
1806 873 1901 922 aut

292 977 378 1018 aes
409 969 503 1016 aut
531 969 812 1031 serpentes
837 960 1096 1016 adorandi
1129 961 1456 1018 creduntur?
1488 961 1743 1032 Nunquid
1772 960 1901 1032 quia

290 1072 560 1127 percussa
584 1055 720 1112 silex
742 1056 950 1112 exustis
972 1057 1026 1110 in
1051 1057 1196 1113 arvis
1217 1057 1437 1113 laticum
1476 1056 1676 1113 ﬂuenta
1705 1056 1900 1128 produ-

291 1149 404 1215 xit,
446 1157 502 1204 et
539 1148 814 1204 sitientem
859 1147 1115 1218 populum
1165 1148 1284 1204 sitis
1330 1147 1583 1205 ariditate
1625 1148 1896 1214 liberavit,

291 1257 422 1311 quae
454 1241 710 1296 nimirum
736 1239 939 1296 Christi
966 1239 1194 1309 ﬁguram
1219 1241 1405 1312 gessit,
1433 1239 1525 1311 qui
1551 1248 1634 1296 est
1660 1239 1797 1310 lapis
1829 1240 1898 1296 de

289 1346 487 1394 monte
539 1336 785 1394 abscisus
835 1335 954 1390 sine
1002 1335 1252 1390 manibus
1305 1333 1744 1405 praecidentium,
1803 1333 1897 1404 qui

289 1429 624 1501 evangelicae
647 1427 1052 1500 praedicationis
1078 1426 1294 1483 ﬂuentis
1323 1427 1470 1481 sitim
1497 1425 1897 1482 incredulitatis

289 1539 323 1578 a
377 1522 617 1578 ﬁdelium
660 1521 933 1576 mentibus
969 1520 1138 1592 fugat,
1178 1522 1269 1590 qui
1302 1520 1545 1590 quotidie
1578 1520 1808 1584 intonat,
1849 1519 1896 1574 si

286 1617 414 1684 quis
440 1616 550 1670 sitit
577 1615 749 1670 veniat
776 1615 845 1668 ad
869 1631 950 1668 me
972 1624 1019 1668 et
1043 1614 1183 1668 bibat
1207 1613 1388 1685 (Joan.
1413 1611 1532 1684 vn),
1560 1613 1682 1668 ideo
1703 1622 1796 1668 aut
1817 1611 1897 1667 la-

286 1709 451 1780 pides
481 1709 777 1764 creduntur
806 1706 1044 1773 adorari,
1083 1713 1176 1760 aut
1217 1705 1444 1761 latices?
1480 1703 1733 1774 Nunquid
1768 1703 1896 1774 quia

285 1802 448 1872 virga
475 1799 676 1864 Aaron,
704 1815 812 1870 qua
835 1800 1008 1854 beatae
1033 1799 1261 1868 virginis
1287 1807 1476 1868 partus
1512 1799 1755 1853 innuitur
1790 1814 1892 1854 na-

2000 587 2220 642 orandae
2264 601 2373 642 non
2410 596 2554 655 sunt,
2595 588 2947 647 multominus
2997 592 3262 665 imagines
3309 598 3596 658 adorandae

2000 680 2314 749 creduntur,
2354 682 2411 738 in
2448 683 2645 754 quibus
2682 684 2768 741 vel
2803 700 2903 756 per
2952 701 3088 756 quas
3135 690 3380 759 quaedam
3429 693 3595 750 mira-

2001 773 2121 828 cula
2181 774 2526 847 apparuisse,
2584 775 2732 832 nulla
2791 778 3103 837 authentica
3160 781 3392 842 lectione
3439 800 3595 844 mon-

2000 876 2230 927 stratur.

2569 982 2800 1042 CAPUT
2828 983 3022 1043 XXVI.

2001 1143 2487 1230 Quoleheodorus
2521 1144 2768 1230 lfirensis
2793 1146 3064 1230 episcopus
3087 1147 3366 1230 ridiculam
3392 1158 3442 1206 et
3468 1167 3583 1222 pue.

2070 1217 2240 1272 riliter
2266 1218 2446 1288 egerit,
2483 1217 2573 1288 qui
2595 1226 2650 1270 ut
2672 1217 2974 1288 imaginum
2995 1219 3354 1274 adorationem
3390 1217 3595 1278 astrue-

2069 1289 2390 1414 Ietnsomnia
2427 1287 2795 1344 arbhidiaconi
2821 1289 2907 1344 sui
2949 1289 3006 1346 in
3041 1291 3222 1346 eadem
3264 1293 3463 1362 synodo
3512 1309 3594 1348 re-

2096 1377 2167 1413 uz
2203 1400 2213 1414 .

2069 1519 2204 1577 Cum
2242 1519 2298 1575 in
2334 1518 2524 1575 eadem
2557 1518 2813 1576 vanitatis
2854 1519 3087 1577 lectione
3123 1535 3286 1592 quam
3318 1519 3394 1578 illi
3425 1521 3593 1594 septi-

1995 1627 2100 1667 mae
2126 1611 2317 1682 synodi
2347 1612 2746 1681 nuncupatione
2773 1614 2982 1669 censeri
3020 1621 3268 1680 aestuant,
3306 1631 3444 1686 pene
3475 1631 3593 1672 οων

1996 1705 2088 1759 nia
2120 1704 2453 1760 somniorum
2485 1704 2961 1772 imaginationibus
2993 1715 3048 1761 et
3082 1707 3439 1777 phantasticis
3471 1709 3593 1779 qui-

1997 1798 2223 1853 busdam
2253 1797 2758 1854 obumbrationibus
2787 1798 2985 1854 similia
3023 1799 3153 1866 sint,
3191 1809 3246 1856 et
3281 1816 3421 1871 pene
3459 1802 3593 1858 nihil

287 1893 459 1948 turali
488 1893 608 1963 lege
635 1893 859 1957 calcata,
892 1893 1037 1948 nulla
1063 1894 1312 1948 humanae
1336 1894 1667 1964 operationis
1693 1894 1890 1966 irriga-
1921 1878 1971 1940 Β
1997 1891 2068 1946 sit
2105 1892 2178 1946 ibi
2219 1892 2360 1962 quod
2398 1907 2506 1948 non
2542 1897 2636 1945 aut
2673 1892 2869 1947 somnii
2899 1893 3215 1959 vanitatem,
3249 1904 3340 1949 aut
3369 1896 3592 1954 alterius

289 1991 447 2045 tione
474 1989 776 2054 fecundata,
803 1988 984 2043 ﬂoruit
1009 1997 1062 2042 et
1089 1987 1349 2054 fronduit,
1373 1996 1428 2042 et
1453 1987 1681 2057 protulit
1702 2003 1889 2056 nuces,

286 2081 422 2137 ideo
448 2081 608 2151 virgae
640 2080 926 2162 adorandm
956 2081 1283 2135 creduntur?
1320 2079 1573 2148 Nunquid
1604 2081 1729 2150 quia
1769 2097 1893 2136 san-

284 2182 387 2230 cto
417 2173 705 2228 Hierobaal
731 2173 876 2229 sicca
903 2189 1028 2229 area
1056 2174 1273 2229 madido
1300 2173 1517 2240 vellere,
1546 2183 1640 2229 aut
1667 2177 1892 2233 madens

283 2281 420 2321 area
465 2265 612 2322 sicco
666 2265 862 2322 vellere
915 2267 1194 2336 apparuit,
1244 2257 1350 2337 quo
1403 2268 1668 2325 miraculo
1722 2271 1892 2327 totius

284 2359 482 2414 mundi
512 2359 870 2430 gentilitatem
895 2359 1101 2415 caelesti
1132 2375 1253 2415 rore
1284 2361 1581 2416 immunem
1608 2362 1891 2418 Israelitici

285 2451 636 2507 solummodo
681 2452 923 2522 generis,
977 2451 1144 2506 vellus
1193 2452 1469 2508 madidum
1519 2453 1688 2508 divini
1739 2453 1888 2510 verbi

285 2543 489 2606 imbre,
536 2558 600 2597 ac
641 2543 983 2613 postmodum
1030 2557 1129 2612 pro
1171 2543 1325 2612 culpa
1364 2543 1606 2613 perﬁdiae
1639 2543 1890 2597 eumdem

284 2634 551 2707 populum
579 2650 690 2690 suae
721 2633 1054 2689 inﬁdelitatis
1083 2635 1331 2690 siccitate
1359 2644 1602 2690 arentem
1620 2675 1635 2699 ,
1669 2634 1887 2690 mundi-

284 2739 401 2794 que
426 2725 785 2796 gentilitatem
813 2742 985 2781 sacrae
1009 2725 1131 2780 ﬁdei
1149 2741 1274 2780 rore
1298 2725 1572 2797 perfusam
1593 2724 1886 2797 signiﬁcari

287 2816 643 2873 manifestum
673 2826 776 2883 est,
816 2818 936 2873 ideo
962 2826 1056 2872 aut
1077 2834 1237 2883 areae,
1268 2827 1362 2873 aut
1388 2819 1586 2873 vellera
1613 2817 1887 2874 adoranda

285 2912 461 2968 sunt?
509 2909 760 2981 Nunquid
802 2912 928 2982 quia
978 2910 1206 2966 Samson
1247 2912 1558 2966 mandibula
1588 2912 1726 2966 asini
1765 2911 1888 2965 mil-

284 3002 340 3056 le
394 3002 538 3056 viros
581 3002 838 3071 peremit,
891 3001 1241 3071 ejusdemque
1297 3002 1623 3057 mandibulae
1681 3001 1888 3057 molare

283 3095 477 3148 evulso
510 3109 771 3163 aquarum
815 3092 1030 3148 ﬂuentis
1065 3094 1292 3149 satiatus
1327 3101 1430 3159 est,
1466 3102 1651 3165 typum
1692 3108 1886 3165 gerens

283 3185 464 3240 nostri
517 3185 849 3249 mediatoris,
895 3185 986 3255 qui
1024 3194 1197 3240 morte
1237 3201 1333 3240 sua
1371 3187 1548 3242 aerias
1589 3193 1885 3256 potestates

284 3279 507 3342 devicit,
551 3288 604 3333 et
649 3279 979 3348 spiritalibus
1013 3279 1229 3334 ﬂuentis
1261 3278 1495 3334 ﬁdelium
1516 3321 1530 3344 ,
1573 3283 1665 3350 qui
1699 3280 1887 3351 utique

282 3375 536 3430 membra
588 3373 704 3443 ejus
755 3383 908 3439 sunt,
958 3374 1167 3428 arentia
1221 3374 1383 3428 corda
1435 3375 1710 3443 irrigavit,
1765 3375 1886 3429 ideo

281 3467 635 3532 mandibulae,
657 3475 747 3521 aut
770 3467 1003 3522 molares
1024 3467 1283 3523 adorandi
1303 3468 1464 3522 sunt?
1483 3468 1736 3538 Nunquid
1759 3469 1884 3537 quia

279 3560 439 3616 Elias
487 3561 646 3631 pallio
687 3578 806 3628 suo,
850 3577 947 3631 per
986 3564 1129 3632 quod
1161 3562 1454 3616 Dominicm
1495 3561 1885 3617 incarnationis

279 3655 607 3725 mysterium
652 3655 941 3724 ﬁguratum
991 3663 1092 3720 est,
1141 3670 1236 3725 per
1276 3655 1421 3723 quod
1462 3652 1746 3718 Jordanis,
1792 3655 1886 3709 ba-

278 3749 560 3818 ptismatis
576 3749 823 3804 videlicet
839 3750 1000 3815 unda,
1026 3749 1298 3812 introitur,
1324 3747 1611 3803 Jordanem
1635 3747 1884 3802 divisisse

279 3840 504 3910 legitur,
560 3841 680 3895 ideo
725 3841 885 3910 pallia
933 3841 1206 3895 adoranda
1257 3841 1584 3896 creduntur?
1629 3839 1884 3911 Nunquid

277 3930 414 4000 quia
448 3929 686 3984 Naaman
724 3930 894 4002 Syrus
929 3931 984 3985 in
1019 3931 1273 3986 ﬂumineo
1307 3931 1524 3986 lavacro
1556 3930 1719 4001 lepra:
1748 3947 1880 3986 con-

280 4025 435 4092 tagio
483 4023 698 4078 ablutus
739 4032 852 4090 est,
892 4040 990 4094 per
1023 4040 1183 4095 quem
1228 4025 1502 4097 gentilitas
1543 4024 1748 4081 Christi
1788 4027 1883 4082 ba-

276 4118 537 4188 ptismate
598 4119 665 4170 ab
721 4118 988 4174 idolorum
1037 4120 1356 4191 contagione
1410 4120 1592 4176 abluta
1652 4121 1882 4190 ﬁgurata

275 4221 390 4277 est,
423 4213 539 4267 ideo
566 4214 785 4269 ﬂumina
818 4217 1090 4271 adoranda
1119 4218 1277 4271 sunt?
1314 4215 1564 4286 Nunquid
1597 4216 1726 4287 quia
1760 4218 1879 4273 viro

273 4315 475 4362 sancto
514 4306 706 4362 Elisan
747 4307 982 4378 Spiritus
1021 4310 1193 4364 sancti
1233 4311 1498 4364 adventus
1537 4316 1762 4364 eatenus
1799 4309 1881 4365 di-

271 4395 427 4451 latus
473 4408 572 4462 est,
623 4409 892 4468 quatenus
942 4401 1143 4471 psaltes
1187 4401 1567 4470 applicaretur,
1611 4402 1877 4470 applicato

269 4503 413 4543 vero
434 4490 603 4557 psalte
631 4489 864 4559 Spiritus
885 4499 1106 4546 sanctus
1129 4491 1271 4546 illius
1293 4505 1350 4545 se
1379 4489 1617 4568 profudit
1643 4506 1878 4560 praecor-

272 4581 406 4644 diis,
433 4595 528 4650 per
551 4597 711 4651 quem
741 4582 998 4638 Judaicus
1024 4584 1251 4654 populus
1273 4583 1610 4655 signiﬁcatur
1634 4585 1726 4654 qui
1754 4583 1877 4654 Spi-

269 4675 420 4730 ritus
443 4675 618 4730 sancti
645 4675 932 4730 adventum
956 4677 1076 4733 ideo
1102 4694 1244 4733 nunc
1268 4678 1489 4732 minime
1512 4679 1724 4748 recipit,
1749 4679 1876 4748 quia

265 4782 329 4828 et
367 4771 797 4828 incarnationem
842 4774 1221 4845 Redemptoris
1248 4774 1469 4829 minime
1509 4775 1564 4828 in
1603 4774 1873 4832 credendo

265 4864 528 4934 suscipit,
563 4881 723 4936 quam
760 4882 881 4921 cum
919 4881 1044 4921 mox
1083 4875 1143 4920 ut
1179 4866 1324 4921 circa
1360 4866 1546 4922 mundi
1583 4868 1876 4922 terminum

264 4956 581 5029 perceperit
621 4956 856 5027 Spiritus
895 4957 1068 5012 sancti
1104 4957 1336 5022 ﬂamine,
1376 4968 1432 5013 et
1467 4958 1709 5014 omnium
1746 4958 1874 5014 cha-

267 5048 566 5102 rismatum
617 5047 770 5103 donis
819 5049 1191 5113 exornabitur,
1244 5050 1364 5104 ideo
1405 5049 1607 5120 psaltes
1658 5050 1874 5106 adorari

266 5137 540 5194 debebit?
576 5139 828 5208 Nunquid
865 5156 994 5211 ergo
1033 5141 1157 5210 quia
1197 5140 1409 5195 timbria
1449 5140 1746 5195 Dominicae
1784 5155 1876 5196 ve-

265 5231 399 5294 stis,
439 5230 592 5299 cujus
629 5240 834 5286 attactu
873 5230 1072 5286 femina
1113 5232 1400 5286 sanitatem
1436 5231 1674 5301 recepit,
1713 5247 1872 5301 quam

269 5322 574 5379 Dominica:
603 5324 989 5379 incarnationis
1014 5324 1389 5379 credulitatem
1418 5339 1516 5394 per
1543 5340 1707 5394 quam
1739 5340 1874 5396 gen-

269 5418 449 5472 tilitas
494 5426 681 5472 sanata
715 5427 798 5473 est
835 5417 1140 5488 signiﬁcare
1183 5417 1431 5486 superius
1464 5415 1577 5484 jam
1617 5416 1872 5485 diximus,

270 5511 401 5566 ideo
433 5510 655 5567 ﬁmbriae
682 5513 968 5568 adorandae
995 5521 1120 5568 sunt
1147 5512 1170 5564 ?
1207 5510 1315 5565 Aut
1341 5512 1466 5582 quia
1497 5512 1646 5566 Petri
1681 5513 1873 5568 umbra

272 5599 481 5654 inﬁrmi
534 5603 706 5656 sanati
757 5611 910 5666 sunt,
963 5602 1083 5657 ideo
1125 5603 1331 5656 umbrae
1375 5602 1663 5657 adorandae
1711 5603 1874 5658 sunt?

272 5691 399 5747 Non
436 5693 616 5764 igitur,
649 5702 708 5748 ut
738 5696 985 5765 superius
1012 5693 1408 5763 praemisimus,
1440 5708 1627 5749 omnes
1661 5709 1750 5749 res
1777 5709 1874 5766 per

273 5800 418 5858 quas
439 5786 519 5841 vel
541 5788 594 5842 in
615 5787 811 5858 quibus
840 5787 1099 5843 miracula
1130 5787 1375 5857 quaedam
1409 5787 1502 5841 Dei
1529 5788 1872 5844 ordinatione

275 5887 584 5938 monstrata
610 5889 756 5952 sunt,
793 5881 1197 5950 quodammodo
1233 5880 1521 5939 adorandae
1557 5879 1872 5938 creduntur.

1999 1980 2277 2051 cujusdam
2309 1983 2651 2038 deliramenti
2676 1983 3046 2040 hebitudinem
3076 1985 3333 2052 redoleat,
3366 1996 3591 2044 cuncta-

1998 2090 2103 2146 que
2127 2075 2373 2132 interiori
2399 2076 2583 2146 palato
2613 2077 2915 2148 degustata,
2955 2079 3258 2150 insapidum
3298 2079 3593 2138 insulsum-

1996 2185 2101 2239 que
2126 2169 2414 2239 quemdam
2441 2183 2688 2240 saporem
2720 2167 2975 2236 referant,
3004 2171 3225 2240 speciali
3256 2179 3438 2228 tamen
3465 2172 3593 2230 deli-

1996 2272 2244 2318 ramento
2281 2262 2597 2319 Theodorus
2634 2262 2885 2318 Mirensis
2922 2263 3208 2334 episcopus
3247 2267 3456 2320 somnia
3504 2282 3594 2322 ara

1996 2355 2297 2411 chidiaconi
2333 2355 2417 2411 sui
2451 2355 2649 2411 ibidem
2689 2355 2887 2427 legitur
2924 2356 3175 2412 retulisse
3217 2364 3277 2411 ut
3320 2372 3588 2429 errorem,

1996 2463 2156 2519 quem
2179 2463 2280 2504 nec
2294 2448 2602 2503 divinarum
2623 2447 3026 2520 Scripturarum
3049 2449 3464 2507 auctoritatibus
3485 2466 3590 2509 nec

1993 2542 2118 2597 ullis
2147 2551 2457 2598 sanctorum
2475 2541 2699 2598 Patrum
2726 2543 2988 2600 doctrinis
3015 2543 3100 2600 vel
3129 2545 3392 2618 exemplis
3419 2545 3589 2602 valuit

1992 2637 2206 2704 fulcire,
2223 2637 2414 2692 saltem
2433 2637 2766 2694 somniorum
2781 2637 3152 2694 delusionibus
3162 2639 3366 2696 valeret
3379 2650 3589 2698 astrue-

1990 2745 2072 2796 re,
2097 2745 2198 2786 nec
2219 2730 2491 2786 immerito
2516 2729 2584 2785 ad
2607 2738 2718 2785 tam
2738 2727 2993 2786 frivolum
3014 2741 3236 2802 tamque
3254 2747 3446 2789 vecors
3470 2742 3586 2789 sta-

1989 2823 2286 2880 hiliendum
2329 2822 2603 2895 negotium
2639 2823 2881 2892 dignum,
2923 2831 2978 2878 et
3018 2837 3156 2894 pene
3187 2840 3288 2895 par
3327 2826 3588 2883 exhibens

1990 2917 2398 2972 adminiculum.
2425 2916 2744 2986 Quanquam
2774 2915 2940 2986 igitur
2963 2916 3297 2972 somniorum
3325 2932 3458 2973 usus
3485 2931 3588 2975 nec

1991 3009 2048 3064 in
2074 3017 2245 3064 totum
2273 3010 2346 3064 sit
2367 3010 2762 3079 approbandus,
2791 3009 2916 3078 quia
2939 3009 3257 3079 plerumque
3282 3010 3588 3066 daemonum

1990 3100 2220 3158 fallaciis
2249 3102 2558 3167 exhibetur,
2586 3116 2689 3156 nec
2721 3101 2776 3155 in
2809 3109 2981 3156 totum
3018 3101 3425 3171 improbandus,
3461 3101 3589 3172 quia

1991 3193 2263 3249 interdum
2289 3209 2389 3264 per
2417 3209 2541 3249 eum
2575 3193 2824 3264 quaedam
2856 3193 3115 3264 mysteria
3154 3193 3482 3261 revelantur,
3517 3193 3588 3252 ad

1993 3288 2312 3344 astruendas
2340 3296 2521 3341 tamen
2545 3301 2636 3342 res
2659 3286 2872 3350 dubias,
2900 3297 2954 3341 et
2973 3301 3036 3342 ea
3059 3302 3180 3356 quae
3201 3287 3255 3341 in
3276 3288 3587 3344 contentio-

1988 3394 2114 3434 nem
2148 3379 2369 3433 veniunt
2390 3377 2706 3433 alIirmanda
2730 3393 3005 3446 nunquam
3034 3379 3261 3433 idoneus
3291 3379 3584 3436 invenitur.

1988 3471 2122 3539 Quis
2155 3472 2300 3526 enim
2336 3487 2573 3542 unquam
2613 3472 2823 3525 somnio
2859 3485 2958 3525 suo
2992 3485 3109 3524 rem
3146 3471 3363 3526 dubiam
3410 3471 3586 3528 valeat

1987 3562 2275 3628 afﬁrmare,
2313 3578 2438 3617 cum
2477 3570 2659 3616 utrum
2696 3562 2773 3615 ita
2809 3568 2870 3615 ut
2907 3575 2966 3616 se
3001 3561 3201 3617 vidisse
3232 3561 3480 3632 profatur
3506 3563 3587 3618 vi-

1989 3656 2147 3721 derit,
2179 3654 2378 3709 nullius
2407 3653 2561 3709 testis
2593 3652 2904 3708 testimonio
2934 3652 3110 3707 valeat
3139 3655 3461 3724 approbare.
3501 3653 3586 3712 Ad

1986 3765 2103 3804 rem
2129 3762 2259 3818 ergo
2285 3746 2524 3810 dubiam,
2553 3752 2609 3800 et
2635 3760 2757 3815 quae
2782 3745 2837 3799 in
2864 3745 3220 3814 quaestionem
3248 3746 3398 3801 venit
3423 3748 3586 3804 robo-

1985 3844 2230 3908 randam,
2288 3856 2398 3896 non
2450 3839 2783 3894 somniorum
2826 3837 3154 3893 luditicatrix
3196 3839 3430 3907 vanitas,
3473 3855 3585 3897 non

1986 3935 2418 4006 apocryphorum
2441 3931 2787 3986 acerbissima
2808 3931 3135 4002 procacitas,
3164 3946 3273 3987 non
3302 3931 3501 3988 levium
3525 3943 3585 3989 et

1983 4027 2257 4085 inutilium
2281 4026 2570 4080 verborum
2598 4023 2824 4090 falsitas,
2859 4025 2954 4079 sed
2983 4024 3289 4081 divinorum
3315 4025 3581 4082 librorum

1963 4125 2098 4181 sive
2123 4123 2512 4179 catholicorum
2537 4119 2757 4175 Patrum
2788 4119 3102 4175 authentica
3137 4127 3223 4175 est
3255 4121 3583 4192 requirenda

1984 4218 2301 4275 auctoritas.
2330 4216 2467 4271 Nam
2497 4215 2640 4270 sicut
2666 4229 2754 4268 res
2779 4211 3080 4284 profuturae
3109 4221 3164 4269 et
3198 4215 3584 4286 mysteriorum

1983 4312 2198 4367 arcanis
2224 4317 2474 4378 comptae,
2503 4322 2627 4362 eum
2654 4321 2752 4376 per
2778 4306 2988 4360 somnia
3012 4306 3330 4370 innuuntur,
3361 4321 3460 4376 per
3483 4321 3582 4361 an-

1981 4401 2130 4473 gelos
2162 4400 2494 4463 revelantur,
2533 4398 2606 4451 ita
2641 4413 2673 4451 e
2703 4397 2999 4460 contrario,-
3042 4395 3172 4450 dum
3211 4409 3299 4449 res
3324 4395 3500 4450 noxiae
3523 4405 3582 4451 et

1966 4492 2129 4548 'omni
2157 4491 2391 4546 utilitate
2417 4496 2665 4544 carentes
2690 4503 2788 4557 per
2817 4486 3027 4543 somnia
3055 4485 3516 4553 demonstrantur,
3545 4503 3579 4544 a

1981 4584 2316 4640 daemonibus
2337 4580 2696 4636 demonstrari
2718 4581 3030 4635 creduntur.
3057 4576 3209 4632 Unde
3223 4577 3266 4632 si
3280 4579 3576 4648 somnium,

1980 4675 2126 4745 quod
2152 4672 2241 4727 ille
2266 4673 2321 4727 in
2341 4673 2547 4743 synodo
2568 4670 2770 4733 retulit,
2797 4669 2864 4724 ad
2886 4667 3180 4738 imaginum
3203 4666 3576 4725 adorationem

1982 4765 2359 4821 stabiliendam
2387 4764 2454 4818 ab
2481 4761 2670 4834 angelo
2697 4758 3079 4816 archidiacono
3103 4757 3222 4829 ejus
3241 4761 3579 4816 demonstra-

1982 4869 2100 4916 tum
2125 4865 2229 4924 est,
2261 4857 2526 4926 imagines
2555 4855 2787 4910 adorare
2813 4853 3119 4924 proﬁcuum
3149 4864 3251 4921 est;
3280 4863 3335 4909 et
3366 4853 3414 4909 si
3442 4854 3580 4910 ima-

1982 4956 2136 5028 gines
2161 4954 2388 5009 adorare
2412 4950 2715 5022 proﬁcuum
2755 4955 2857 5014 est,
2897 4958 3127 5005 caeteras
3161 4964 3251 5004 res
3284 4962 3446 5004 sensu
3479 4962 3577 5004 ca-

1979 5055 2164 5104 rentes
2193 5046 2423 5102 adorare
2459 5041 2762 5115 proﬁcuum
2797 5050 2902 5097 est.
2948 5042 3045 5098 Est
3081 5049 3261 5098 autem
3293 5055 3382 5097 res
3412 5054 3578 5097 sensu

1980 5150 2233 5197 carentes
2276 5140 2504 5195 adorare
2545 5137 2770 5193 noxium
2798 5157 2810 5192 :
2835 5153 2945 5194 non
2985 5137 3150 5208 igitur
3193 5135 3582 5195 archidiacono

1977 5233 2094 5302 ejus
2117 5234 2386 5290 somnium
2413 5233 2556 5303 quod
2585 5232 2772 5289 retulit
2795 5232 2862 5288 ad
2886 5231 3181 5305 imaginum
3204 5232 3578 5290 adorationem

1978 5327 2357 5386 stabiliendam
2397 5327 2464 5381 ab
2506 5326 2698 5398 angelo
2731 5326 3160 5382 demonstratum
3193 5333 3296 5380 est.
3337 5323 3577 5396 Liquida

1977 5441 2212 5497 namque
2245 5431 2394 5494 patet
2427 5425 2483 5480 id
2526 5425 2597 5492 ei,
2638 5440 2764 5480 cum
2805 5423 2874 5478 ab
2912 5422 3105 5495 angelo
3143 5422 3574 5477 demonstratum

1977 5535 2086 5575 non
2113 5518 2204 5581 sit,
2232 5517 2299 5571 ab
2325 5515 2602 5573 incentore
2627 5515 2823 5587 spiritu
2862 5514 2953 5583 qui
2991 5529 3206 5585 semper
3241 5512 3574 5568 vanitatibus

1979 5611 2034 5660 et
2063 5603 2225 5658 rebus
2253 5602 2430 5659 noxiis
2455 5602 2642 5668 instat,
2675 5602 2885 5657 illatum
2924 5600 3111 5658 fuisse.
3157 5599 3310 5668 Quod
3346 5606 3407 5654 ut
3437 5597 3574 5654 luci-

1979 5695 2100 5751 dius
2145 5704 2344 5766 pateat,
2396 5695 2701 5752 rationabili
2746 5703 3064 5767 argumento
3104 5693 3428 5749 ﬁrmandum
3464 5697 3568 5746 est.

1981 5788 2247 5856 Quoniam
2271 5791 2318 5846 si
2345 5789 2590 5846 incentor
2613 5789 2837 5859 spiritus
2862 5789 2917 5844 id
2937 5791 2988 5846 ei
3010 5789 3232 5844 minime
3254 5784 3456 5851 intulit,
3474 5797 3571 5838 an-

1984 5879 2134 5948 gelus
2158 5881 2348 5951 procul
2373 5882 2537 5940 dubio
2563 5882 2812 5942 intulisse
2835 5882 3134 5942 credendus
3161 5886 3246 5936 est
3271 5892 3286 5935 :
3309 5885 3365 5935 et
3400 5873 3448 5935 si
3468 5887 3568 5931 an-
