4016 6292
324 348 486 408 ’11⁸15

1122 344 1300 408 Lm
1334 346 1679 409 GAROLINI.
1716 376 1790 391 -—
1824 344 2046 405 CAPIT.
2089 344 2178 402 DE
2210 342 2404 401 IMAG.
2443 375 2515 388 —
2546 344 2680 405 LIB.
2719 345 2806 404 ΠΙ.

3469 346 3612 408 H‘M

331 480 538 537 pecora
580 470 745 533 atque
772 462 1012 521 velatilia
1041 463 1347 521 nullatenus
1380 464 1608 521 habent.
1647 462 1843 521 Vident
1870 471 1927 520 et
1950 462 2007 524 Δ
2027 476 2118 524 ras
2161 460 2467 531 descendit;
2496 458 2720 545 propter
2760 464 3009 523 homines
3030 463 3124 536 qui
3155 463 3461 523 animarum
3509 483 3612 523 no-

330 561 457 631 ipsa
484 574 581 630 per
604 573 824 631 corpus,
862 565 923 615 et
961 574 1148 616 eorum
1193 574 1314 630 quae
1346 559 1530 617 vident
1563 560 1924 631 imaginaliter

332 654 563 725 spiritus
596 650 1006 711 intermittitur:
1040 653 1190 710 unde
1215 662 1271 710 et
1300 668 1500 725 peoora
1521 653 1784 725 praesepia
1832 666 1921 708 re-

334 752 696 816 cognoscunt,
723 752 780 801 et
806 760 934 802 aves
958 743 1030 801 ad
1070 744 1230 802 nidos
1260 759 1388 802 suos
1432 745 1678 811 redeunt,
1702 745 1797 800 sed
1822 758 1925 800 nec

333 838 522 908 seipse
567 836 907 909 intelligunt,
962 852 1069 895 nec
1116 838 1208 894 illa
1264 853 1388 909 quae
1443 838 1614 895 oculis
1670 843 1921 894 cernunt.

335 930 625 987 Postremo
644 931 941 1002 corporalis
964 932 1077 989 ista
1103 932 1263 998 visio,
1288 932 1404 988 sine
1426 932 1653 1003 spiritali
1675 946 1794 987 esse
1816 946 1925 987 non

334 1032 539 1095 potest.
570 1025 713 1095 Ergo
741 1041 864 1081 cum
890 1026 1188 1082 avertimus
1207 1025 1396 1082 oculos
1429 1028 1497 1081 ab
1529 1026 1608 1081 eis
1647 1024 1769 1096 qum
1790 1024 1927 1080 vidi-

335 1133 487 1183 mus,
513 1119 779 1189 imagines
799 1134 989 1174 eorum
1015 1133 1137 1189 quae
1158 1134 1267 1175 non
1299 1119 1563 1183 videmus,
1586 1118 1641 1172 in
1664 1116 1927 1173 memoria

336 1212 658 1267 retinemus.
694 1211 966 1282 Spit-italis
994 1226 1125 1267 vero
1168 1212 1309 1267 visio
1341 1211 1460 1266 sine
1512 1208 1777 1280 corporali
1806 1223 1927 1265 esse

278 1328 297 1353 κ
336 1318 451 1359 ma
486 1311 675 1373 potest
714 1316 731 1356 :
776 1303 923 1358 unde
968 1303 1220 1359 absentes
1266 1303 1512 1358 homines
1558 1301 1924 1367 recordamur,

334 1402 397 1447 et
420 1394 478 1453 in
500 1393 737 1453 tenebris
764 1408 826 1449 ea
848 1408 969 1465 quae
988 1411 1103 1451 non
1140 1395 1406 1467 videmus,
1428 1394 1791 1466 imaginatiter
1815 1406 1928 1447 cer-

293 1522 301 1528 -
336 1484 545 1541 nimus.
556 1484 943 1541 lmeltectualis
964 1500 1157 1557 nempe
1180 1502 1281 1543 nec
1302 1486 1569 1557 corporali
1591 1486 1812 1555 indiget,
1831 1499 1930 1540 nec

335 1578 633 1647 spirituali.
662 1578 940 1633 lntellectu
963 1593 1064 1635 nec
1092 1594 1291 1650 corpus
1315 1579 1579 1642 videmus,
1607 1591 1711 1633 nec
1740 1576 1930 1647 imagi-

336 1685 471 1729 nem
508 1671 806 1741 corporis:
848 1687 945 1740 per
997 1673 1143 1729 hunc
1187 1674 1384 1744 quippe
1437 1672 1653 1727 videtur
1695 1668 1926 1740 iustitia,

2026 552 2170 608 mine
2194 553 2512 625 plerumque
2550 555 2755 627 tropice
2800 554 3183 628 designantur,
3234 572 3342 612 non
3382 566 3605 631 propter

2026 645 2288 718 imagines
2315 664 2436 720 quae
2460 651 2529 705 ab
2556 648 2857 709 artiﬁcibus
2892 649 3219 719 formantur,
3253 650 3400 715 Patri
3432 652 3567 715 dixit
3592 669 3607 708 :

2029 737 2172 806 Quos
2199 740 2387 796 dedisti
2407 744 2556 811 mihi,
2580 742 2692 798 volo
2718 753 2772 797 ut
2797 744 2884 801 ubi
2910 761 3026 800 sum
3048 762 3162 817 ego,
3190 753 3237 798 et
3257 746 3357 817 ipsi
3377 748 3481 801 sint
3506 763 3612 803 me-

2027 850 2165 900 cum,
2196 841 2253 887 ut
2290 834 2497 889 videant
2524 833 2814 893 claritatem
2848 852 3018 892 meam
3047 853 3205 908 quam
3236 836 3426 895 dedisti
3458 837 3610 905 mihi,

2026 927 2151 998 quia
2189 925 2419 981 dilexisti
2460 944 2541 983 me
2570 927 2750 1000 (Joan.
2779 928 2938 1000 xvii).
2969 928 3103 985 Cum
3131 930 3296 1001 igitur
3321 930 3465 993 Deus
3500 931 3614 1002 pri-

2027 1036 2175 1075 mum
2203 1022 2512 1079 hominibus
2560 1022 2861 1079 naturalem
2904 1023 3077 1094 legem
3129 1024 3367 1092 dederit,
3398 1040 3504 1096 qua
3544 1025 3613 1105 ab

2027 1116 2337 1173 hominibus
2384 1127 2658 1191 corrupta,
2694 1119 2904 1177 dederit
2936 1128 3127 1191 postea
3157 1120 3417 1190 scriptam
3440 1160 3457 1186 ,
3505 1134 3615 1190 qua

2028 1211 2192 1266 etiam
2239 1210 2455 1279 violata,
2483 1226 2601 1267 sese
2628 1226 2725 1282 per
2768 1212 3115 1284 praesentiam
3154 1212 3491 1284 corporalem
3533 1211 3617 1267 vi-

2029 1301 2265 1359 dendum
2296 1303 2633 1372 exhibuerit,
2662 1311 2717 1359 et
2746 1313 2871 1360 ante
2915 1305 3088 1377 legem
3107 1346 3121 1371 ,
3152 1313 3206 1361 et
3240 1306 3341 1363 sub
3365 1305 3483 1375 lege
3503 1346 3520 1370 ,
3558 1310 3616 1360 et

2030 1397 2130 1451 sub
2166 1395 2339 1468 gratia
2371 1411 2585 1466 semper
2628 1398 2878 1455 humanae
2920 1398 3079 1453 saluti
3131 1398 3385 1454 credatur
3420 1410 3617 1453 consu-

2030 1485 2210 1553 luisse,
2240 1503 2511 1559 nunquam
2539 1490 2747 1558 uspiam
2778 1489 2885 1549 tale
2918 1490 3123 1563 aliquid
3150 1489 3475 1561 imaginibus
3496 1503 3618 1545 cre-

2031 1579 2177 1634 ditur
2201 1579 2514 1635 contulisse.
2552 1578 2631 1635 Ac
2662 1596 2759 1650 per
2792 1582 2897 1637 hoc
2930 1581 3262 1641 venerationi
3297 1596 3417 1650 qua:
3440 1579 3619 1637 homi-

2032 1672 2191 1729 nibus
2222 1673 2501 1729 cbaritatis
2527 1690 2690 1730 causa
2724 1681 2809 1730 est
2836 1675 3157 1739 exhibenda,
3190 1673 3485 1745 imaginum
3528 1687 3619 1729 ve-

338 1768 607 1832 charitas,
650 1768 763 1839 ipse
786 1769 951 1834 Deus,
981 1769 1096 1838 ipsa
1123 1784 1277 1824 mens
1300 1767 1536 1824 hominis
1559 1781 1680 1837 qua:
1727 1765 1932 1823 nullum
1958 1833 2000 1840 μ
2034 1768 2243 1826 neratio
2269 1768 2573 1822 nullatenus
2620 1775 2705 1822 est
2749 1767 3097 1839 cozequanda.
3144 1767 3257 1824 Hoc
3288 1767 3509 1840 quidem
3553 1766 3620 1833 de

338 1874 544 1929 corpus
574 1833 757 1925 habet,
785 1833 1355 1916 nullam—soliditatem
1402 1833 1665 1929 corporis.
1704 1856 1804 1912 Hic
1852 1858 1931 1911 in-
1958 1833 2007 1897 Β
2033 1852 2153 1914 loco
2184 1858 2301 1923 Dei,
2334 1867 2425 1913 aut
2464 1859 2529 1913 de
2558 1858 2759 1928 templo
2784 1833 2927 1929 quod
2952 1856 3203 1924 abusive,
3234 1833 3326 1912 aut
3351 1858 3417 1913 de
3438 1857 3619 1914 anima

340 1952 739 2020 terponendum
768 1954 835 2007 de
871 1952 1108 2023 quinque
1134 1953 1422 2023 generibus
1454 1952 1747 2017 visionum,
1773 1949 1929 2019 juxta

345 2039 712 2095 Theodosium
744 2040 1093 2098 Macrobium.
1143 2042 1280 2098 Cum
1327 2058 1456 2113 ergo
1490 2042 1823 2099 somniorum
1867 2056 1931 2096 ac

342 2131 614 2187 7visionum
648 2141 728 2188 tot
772 2140 1030 2204 tantaque
1056 2135 1165 2191 sint
1208 2149 1407 2207 genera
1429 2151 1462 2190 a
1495 2133 1726 2189 diversis
1757 2132 1928 2204 parti-

338 2223 452 2279 bus
496 2226 783 2291 venientia,
814 2227 1041 2283 solerter
1068 2226 1385 2282 intuendum
1416 2235 1500 2283 est
1526 2242 1595 2281 ne
1631 2226 1758 2282 dum
1809 2226 1931 2295 quis

342 2316 481 2387 quid
504 2332 565 2374 se
591 2319 648 2373 in
678 2320 882 2375 somnis
904 2320 1104 2376 vidisse
1124 2322 1422 2391 cognoscit,
1452 2320 1635 2376 statim
1661 2334 1724 2375 ea
1765 2317 1932 2373 ﬁrmi-

336 2416 433 2465 ter
464 2418 666 2477 teneat,
714 2420 875 2482 atque
899 2413 966 2468 ad
1011 2428 1099 2469 res
1136 2413 1328 2469 dubias
1372 2412 1744 2468 deliberandas
1775 2410 1931 2482 quasi

340 2503 638 2572 quamdam
665 2506 1031 2561 authenticam
1069 2507 1445 2563 auctoritatem
1479 2508 1534 2562 in
1575 2505 1779 2578 synodo
1806 2520 1932 2577 pro-

339 2594 504 2661 ferat,
552 2614 624 2654 ne
666 2600 792 2654 dum
849 2602 1143 2657 vanitatem
1193 2601 1523 2658 vanitatibus
1577 2602 1932 2657 corroborare

337 2698 594 2757 conatur,
622 2690 757 2763 ipse,
789 2693 933 2763 quod
958 2694 1119 2761 absit,
1153 2693 1208 2748 in
1233 2694 1530 2749 vanitatem
1554 2693 1786 2748 labatur.

900 2849 1129 2909 CAPUT
1166 2850 1375 2908 XXVII.

340 3003 505 3072 Quod
530 3022 649 3061 cum
688 3003 829 3061 Deus
873 3005 1097 3064 illocalis
1140 3010 1227 3072 sit,
1276 3007 1358 3065 illi
1387 3008 1560 3064 minus
1595 3015 1743 3062 nocte
1783 3006 1931 3065 dixe-

420 3076 568 3132 rint:
605 3078 940 3133 Veneramur
966 3087 1019 3133 et
1049 3080 1335 3137 adoramus
1366 3080 1507 3135 sicut
1535 3079 1711 3135 locum
1740 3074 1856 3133 Dei.

417 3167 615 3224 Dicunt
637 3170 803 3224 etiam
852 3172 1189 3228 venerandas
1219 3180 1274 3227 et
1320 3172 1623 3228 adorandas
1670 3170 1932 3240 imagines
1959 3202 2009 3269 ο

339 3260 490 3315 sicut
539 3259 715 3315 locum
766 3261 864 3316 Dei
913 3277 927 3316 :
958 3262 1101 3333 quod
1139 3263 1184 3317 si
1222 3276 1321 3332 pro
1352 3262 1551 3333 templo
1597 3261 1693 3317 Dei
1724 3262 1927 3328 dicunt,

338 3353 493 3423 quod
516 3353 834 3426 plerumque
858 3356 1079 3410 abusive
1101 3354 1253 3411 locus
1272 3353 1369 3408 Dei
1397 3354 1615 3420 dicitur,
1641 3354 1931 3408 vehemen-

340 3453 434 3499 ter
462 3453 666 3500 errant.
704 3445 763 3500 In
785 3447 987 3516 templo
1015 3448 1158 3502 enim
1185 3445 1399 3501 Domini
1428 3442 1714 3509 sacriﬁcia,
1746 3442 1931 3497 nonin

339 3539 692 3611 imaginibus,
742 3538 1072 3606 oﬂ‘eruntur;
1112 3539 1167 3595 in
1198 3537 1416 3609 templo,
1448 3552 1557 3593 non
1588 3537 1641 3591 in
1679 3537 1927 3607 pieturis,

338 3633 638 3688 missarum
671 3632 932 3688 solemnia
968 3632 1344 3697 celebrantur;
1374 3631 1426 3685 in
1468 3629 1667 3701 templo
1699 3629 1932 3699 populus

340 3734 504 3780 stans
532 3735 585 3780 et
606 3739 827 3797 precum
849 3739 1072 3783 suarum
1095 3724 1206 3779 Deo
1235 3722 1495 3778 libamina
1525 3720 1789 3783 ollerens,
1822 3734 1931 3779 non

341 3818 406 3873 in
421 3818 647 3888 depictis
674 3817 873 3874 tabulis
890 3859 904 3885 ,
927 3816 1230 3883 exauditur.
1247 3816 1501 3870 Dominus
1517 3816 1572 3869 in
1601 3814 1789 3887 templo
1809 3832 1933 3869 san-

341 3918 433 3964 cto
447 3925 543 3964 suo
573 3909 839 3983 (Psal.x),
868 3909 1142 3973 aitDavid,
1172 3924 1277 3963 non
1296 3907 1596 3978 inimagine
1608 3913 1795 3962 sancta
1810 3922 1927 3972 sua,

340 4016 451 4057 nec
472 4001 526 4056 in
555 4001 804 4071 picturis,
837 4001 932 4057 sed
952 4002 1008 4055 in
1037 3999 1163 4055 ctelo
1190 3999 1336 4055 sedes
1364 3999 1478 4071 ejus
1509 3996 1682 4071 (Psal.
1715 3998 1794 4069 χ).
1822 3997 1933 4053 Nec

343 4093 430 4148 ait
458 4108 474 4148 :
513 4090 666 4148 Oculi
702 4094 839 4164 ejus,
870 4093 927 4148 in
958 4100 1273 4167 arrogantes
1302 4091 1415 4147 sive
1442 4106 1596 4147 vana:
1639 4090 1812 4145 laudis
1847 4104 1933 4145 se-

342 4195 609 4256 ctatores,
646 4186 760 4255 sed,
803 4188 861 4242 in
902 4204 1183 4259 pauperem
1229 4187 1539 4259 respiciunt,
1581 4185 1636 4240 in
1670 4198 1934 4255 pauperes

340 4280 621 4348 videlicet,
652 4281 716 4336 de
742 4280 937 4350 quibus
981 4280 1094 4350 ipsa
1119 4294 1218 4351 per
1249 4294 1308 4335 se
1336 4278 1552 4334 Veritas
1578 4276 1707 4333 dicit
1743 4291 1756 4331 :
1782 4276 1933 4331 Beati

340 4393 603 4451 pauperes
648 4376 836 4446 spiritu
888 4373 1113 4447 (Matth.
1167 4372 1257 4446 v).
1304 4371 1373 4427 Et
1412 4372 1647 4438 iterum,
1696 4370 1765 4426 In
1806 4380 1934 4425 tem-

341 4469 438 4543 plo
490 4469 602 4540 ejus
647 4468 722 4522 ait
771 4468 911 4524 idem
958 4465 1333 4522 sanctissimus
1358 4465 1777 4534 prophetarum,
1824 4479 1932 4519 non

2034 1950 2272 2007 hominis
2292 1948 2456 2020 justi,
2489 1966 2609 2020 qua:
2639 1950 3052 2005 convenientius
3081 1949 3235 2005 locus
3264 1948 3358 2004 Dei
3388 1948 3619 2015 dicitur,

2034 2044 2229 2112 quibus
2260 2042 2566 2098 nullatenus
2602 2043 2865 2114 imagines
2901 2043 3195 2099 secundum
3229 2041 3444 2099 illorum
3468 2056 3620 2096 vesa-

2034 2134 2181 2191 niam
2208 2136 2550 2207 coaaquandze
2574 2144 2718 2202 sunt,
2746 2136 2987 2190 breviter
3006 2133 3209 2190 dixisse
3236 2132 3488 2189 suﬂiciat.
3511 2131 3620 2187 Ca:-

1996 2244 2000 2249 ’
2035 2236 2211 2283 terum
2241 2228 2306 2283 de
2334 2228 2451 2284 loco
2480 2229 2576 2283 Dei
2615 2229 2707 2300 qui
2755 2227 2942 2283 localis
2967 2242 3072 2282 non
3104 2234 3207 2295 est,
3240 2225 3333 2296 qui
3364 2224 3485 2280 loco
3512 2239 3621 2280 non

2035 2321 2362 2388 continetur,
2393 2322 2487 2393 qui
2509 2321 2691 2378 omnia
2715 2320 2973 2385 continet,
3002 2326 3056 2375 et
3078 2319 3228 2376 locus
3257 2334 3366 2374 non
3402 2325 3507 2397 est,
3533 2316 3621 2373 cui

2034 2411 2171 2467 nihil
2196 2412 2262 2471 de
2292 2428 2389 2469 sex
2413 2413 2518 2469 illis
2542 2414 2792 2484 partibus
2809 2412 2916 2469 loci
2948 2412 3167 2478 accidit,
3190 2411 3277 2466 cui
3308 2409 3445 2466 nihil
3467 2416 3621 2465 ante-

2034 2507 2148 2562 rius
2187 2506 2560 2577 posteriusve,
2593 2506 2869 2562 dexterius
2897 2514 2991 2560 aut
3017 2505 3321 2572 sinistrius,
3372 2505 3621 2575 superius

2034 2598 2119 2653 vel
2155 2598 2383 2654 inferius
2421 2606 2525 2664 est,
2579 2598 2855 2668 disputare
2900 2597 3199 2654 subtilioris
3249 2597 3621 2669 intelligentia:

2034 2699 2136 2747 est.
2167 2690 2486 2762 Quanquam
2515 2693 2680 2762 igitur
2708 2693 2895 2747 decem
2931 2692 3147 2753 illorum
3171 2690 3621 2763 przedicamento-

2039 2801 2184 2851 rum,
2224 2802 2343 2858 qua:
2375 2801 2406 2841 a
2455 2785 2792 2857 philosophis
2821 2794 3244 2856 pertractantur,
3277 2786 3410 2843 ordo
3451 2786 3517 2841 de
3555 2799 3622 2843 eo

2036 2879 2282 2935 videatur
2314 2879 2543 2947 ascribi,
2595 2888 2655 2934 ut
2692 2894 2789 2950 pro
2816 2882 2967 2936 οὐσία
3007 2877 3146 2948 ejus,
3183 2894 3302 2951 quae
3331 2876 3623 2935 inellaliilis

2035 2980 2146 3041 est,
2186 2973 2395 3029 dicatur
2420 2972 2678 3029 Dominus
2715 2972 2877 3040 Deus,
2922 2972 3065 3028 Deus
3092 2989 3248 3038 unus,
3278 2971 3419 3027 Deus
3445 2958 3620 3042 fortis,

2036 3064 2176 3120 Deus
2198 3076 2417 3137 potens;
2460 3080 2559 3135 pro
2589 3064 2892 3136 quantitate
2925 3062 3043 3135 ejus
3077 3079 3196 3135 qua:
3224 3063 3488 3121 immensa
3516 3068 3620 3126 est,

2036 3174 2256 3229 magnus
2283 3157 2539 3211 Dominus
2566 3166 2612 3210 et
2653 3154 2938 3211 laudabilis
2965 3155 3114 3211 valde
3146 3153 3200 3226 (1
3232 3153 3420 3209 Pnral.
3462 3152 3575 3229 χγι)
3604 3171 3620 3219 ;

2036 3264 2138 3321 pro
2164 3248 2424 3319 qualitate
2448 3248 2568 3318 ejus
2593 3263 2713 3317 qua:
2742 3246 3127 3305 inenarrabilis
3155 3252 3258 3314 est,
3288 3246 3501 3302 dicatur
3535 3244 3626 3301 bo-

2035 3360 2132 3398 nus
2155 3345 2388 3399 omnium
2411 3343 2645 3397 conditor
2669 3340 2756 3412 (II
2773 3340 2951 3399 Maeli.
2970 3342 3041 3412 ι);
3071 3355 3169 3411 pro
3193 3339 3458 3395 relatione
3479 3337 3625 3395 dica-

2036 3447 2124 3492 tur
2160 3436 2415 3493 Dominus
2443 3434 2675 3491 omnium
2699 3433 2753 3491 in
2782 3449 2836 3488 se
2865 3431 3185 3486 credentium
3224 3440 3376 3501 pater
3403 3427 3622 3501 (Epltes.

2034 3529 2132 3602 1v);
2160 3544 2259 3600 pro
2282 3527 2408 3595 situ,
2436 3527 2525 3599 qui
2550 3526 2698 3580 sedes
2723 3540 2880 3596 super
2910 3524 3174 3578 cherubim
3199 3521 3373 3595 (Psal.
3398 3521 3619 3594 ιηικὶς

2033 3640 2132 3696 pro
2182 3631 2443 3692 tempore,
2485 3628 2531 3675 et
2576 3619 2701 3681 anni
2747 3618 2822 3673 tui
2866 3632 2970 3671 non
3005 3614 3249 3691 deﬁcient
3293 3613 3467 3686 (Psal.
3508 3615 3619 3686 ei);

2034 3732 2132 3789 pro
2156 3716 2295 3783 loco,
2322 3714 2579 3777 Dominus
2599 3713 2655 3766 in
2686 3710 2814 3766 caelo
2838 3710 3043 3782 paravit
3066 3708 3239 3765 sedem
3264 3724 3417 3763 suam
3441 3705 3618 3778 (Psal.

2035 3808 2163 3881 cn);
2193 3824 2291 3878 pro
2335 3806 2544 3871 habitu,
2572 3804 2790 3875 abyssus
2816 3802 2952 3856 sicut
2993 3799 3215 3873 pallium
3243 3800 3467 3854 amictus
3507 3797 3627 3869 ejus

2037 3900 2209 3975 (Psol.
2237 3900 2387 3972 CIII);
2416 3914 2513 3970 pro
2544 3912 2726 3969 agere,
2756 3896 3027 3973 suscitata
3061 3903 3203 3949 terra
3231 3894 3459 3963 inopem,
3489 3889 3626 3946 etde

2035 4002 2259 4050 stercore
2284 3989 2478 4047 exultat
2501 4005 2780 4061 pauperem
2801 3986 2974 4060 (Psal.
3003 3986 3171 4058 exii);
3201 4001 3300 4057 pro
3316 3984 3450 4056 pati,
3476 3984 3624 4049 labo-

2037 4104 2155 4147 rare
2193 4103 2276 4143 me
2314 4086 2510 4157 fecistis
2540 4086 2596 4139 in
2633 4083 2857 4156 peccatis
2894 4082 3078 4137 vestris
3117 4079 3273 4152 (Isai.
3305 4078 3503 4150 ltuit)?
3542 4086 3626 4137 ta-

2035 4196 2160 4236 men
2191 4179 2308 4237 hazc
2331 4179 2512 4235 omnia
2538 4185 2594 4233 et
2617 4176 2705 4233 his
2738 4174 2940 4235 similia
2955 4159 3206 4231 humano
3231 4188 3384 4229 more
3406 4172 3471 4228 de
3490 4171 3622 4237 Deo,

2037 4271 2104 4327 de
2129 4287 2237 4342 quo
2274 4269 2413 4327 nihil
2454 4270 2616 4343 digne
2658 4267 2761 4329 dici
2786 4282 2825 4325 a
2855 4266 3176 4333 mortalibus
3208 4271 3435 4335 potest,
3482 4262 3626 4323 dicta

2038 4372 2431 4422 monstrantur.
2470 4363 2571 4419 Est
2601 4361 2748 4417 enim
2777 4360 3080 4416 substantia
3109 4357 3243 4415 nulli
3269 4356 3338 4415 ad
3365 4354 3623 4424 indagan-

2037 4460 2164 4515 dum
2194 4457 2382 4523 facilis,
2410 4461 2467 4512 et
2488 4453 2945 4520 ideolinell'abilis,
2971 4453 3098 4524 quia
3123 4449 3251 4511 nulli
3274 4445 3626 4515 investigatu-

341 4538 409 4615 in
425 4538 767 4630 imaginibus,
790 4575 965 4617 omnes
988 4557 1160 4611 dicent
1181 4555 1405 4627 gloriam
1433 4554 1819 4629 (Psal.xxvui)
1842 4572 1855 4620 ;
1879 4562 1933 4611 et
1958 4573 2013 4635 D
2038 4555 2126 4611 lis.
2164 4553 2260 4611 Est
2286 4552 2402 4609 sine
2428 4549 2734 4621 quantitate
2773 4560 3018 4617 manna.
3062 4543 3181 4603 sine
3227 4538 3488 4612 qualium

342 4660 563 4717 rurSus,
609 4651 837 4709 Adorate
864 4648 1169 4717 Dominum,
1198 4664 1307 4705 non
1344 4647 1420 4702 ait
1466 4647 1521 4705 in
1546 4647 1806 4721 picturis,
1840 4646 1934 4703 sed
1958 4631 1982 4635 ⁷
2038 4664 2172 4714 nus,
2204 4646 2323 4705 sine
2347 4644 2611 4700 relatione
2636 4641 2878 4701 omnium
2907 4637 3196 4703 Dominus,
3232 4643 3288 4690 et
3316 4641 3514 4691 seuera
3539 4631 3627 4690 his

342 4746 409 4801 in
454 4743 579 4799 aula
633 4753 816 4799 sancta
861 4743 976 4813 ejus
1028 4742 1214 4815 (Ibid.
1243 4742 1284 4815 ).
1328 4740 1599 4810 Quantum
1661 4743 1806 4799 enim
1856 4743 1935 4805 di-

342 4841 462 4891 stat
509 4834 651 4889 inter
678 4834 937 4906 templum
984 4834 1130 4906 quod
1173 4833 1472 4889 multorum
1522 4832 1797 4889 hominum
1843 4847 1936 4907 ca;-

343 4943 459 5001 pax
489 4935 591 4994 est,
624 4935 680 4983 et
714 4927 1004 4998 imaginem
1038 4943 1158 4998 qua:
1189 4934 1389 4998 praeter
1422 4927 1742 4982 memoriam
1766 4926 1937 4995 visioe

346 5019 440 5075 nis
470 5034 631 5088 quam
660 5019 995 5075 intuentibus
1022 5018 1215 5086 infert,
1247 5018 1412 5074 nullis
1436 5026 1520 5074 est
1550 5034 1790 5088 congrua
1823 5016 1939 5074 olli-

344 5110 481 5175 c‘iis,
512 5118 724 5165 tantum
753 5110 957 5167 distare
981 5111 1384 5168 venerationem
1420 5111 1534 5165 sive
1564 5110 1937 5171 adorationem

347 5203 670 5273 imaginum,
697 5219 730 5258 a
756 5204 1105 5259 veneratione
1139 5220 1260 5276 quae
1285 5203 1486 5275 templo
1512 5203 1609 5259 Dei
1630 5203 1936 5272 exhibetur,
1976 5264 1981 5267 μ

350 5295 545 5353 multis
570 5304 720 5366 patet
742 5296 977 5357 indiciis.
1008 5296 1066 5353 Si
1093 5312 1222 5357 vero
1249 5297 1426 5357 locum
1456 5296 1551 5352 Dei
1578 5295 1815 5351 animam
1851 5296 1940 5366 ju-

353 5391 432 5447 sti
475 5391 711 5449 bominis
755 5392 961 5460 dicunt,
986 5407 1118 5467 qua:
1163 5390 1485 5451 familiarius
1513 5389 1664 5447 locus
1688 5388 1787 5446 Dei
1832 5389 1938 5448 dici

349 5494 559 5559 potest,
588 5501 754 5556 quam
802 5486 1064 5544 Dominus
1114 5486 1502 5543 sanctiﬁcando
1551 5485 1839 5552 inhabitat,
1886 5492 1941 5541 et

352 5580 712 5645 inhabitando
746 5582 1079 5650 sanctiﬁcat,
1111 5582 1167 5639 in
1202 5584 1313 5639 hoc
1330 5596 1545 5653 quoque
1582 5579 1940 5639 vehementis-

356 5674 499 5732 sime
530 5683 734 5731 errant.
773 5674 880 5733 Pro
914 5675 1096 5731 salute
1125 5676 1271 5732 enim
1298 5675 1604 5731 animarum
1624 5714 1640 5742 ,
1698 5689 1807 5741 non
1843 5687 1941 5743 pro

356 5767 536 5825 salute
579 5767 877 5851 imaginum
922 5769 1065 5833 Deus
1090 5768 1266 5840 legem
1296 5768 1477 5835 dedit;
1524 5768 1594 5824 ad
1632 5766 1942 5824 liberandas

2040 4738 2237 4796 similia
2256 4778 2272 4804 ,
2299 4752 2421 4808 qua:
2446 4734 2713 4791 uberioris
2756 4729 3138 4801 disputationis
3162 4727 3451 4785 materiam
3475 4738 3624 4795 qum-

2035 4841 2185 4893 runt.
2231 4830 2366 4886 Nam
2392 4838 2453 4885 ut
2492 4830 2558 4886 de
2598 4828 2718 4883 loco
2761 4826 2857 4881 Dei
2898 4824 3101 4893 aliquid
3142 4822 3417 4887 dicamus,
3448 4817 3625 4875 sancti

2036 4924 2327 4996 Augustini
2358 4923 2521 4985 verba
2549 4920 2797 4991 ponenda
2828 4926 2975 4983 sunt,
3018 4917 3114 4988 qui
3147 4917 3319 4973 Deum
3354 4912 3623 4970 illocalan

2038 5034 2157 5077 esse
2192 5018 2352 5073 unius
2396 5011 2772 5091 tantummodo
2810 5011 3050 5082 quinque
3088 5008 3275 5080 partiti
3318 5004 3623 5078 syllogismi

2038 5113 2440 5187 perplexionem
2473 5108 2742 5181 probavit.
2789 5106 2882 5161 Ait
2906 5104 3092 5161 enim:
3140 5122 3158 5154 ι
3372 5114 3483 5155 non
3524 5096 3626 5153 aii—

2040 5184 2165 5260 eum
2207 5211 2309 5259 est.
2353 5201 2508 5269 Quod
2553 5199 2754 5257 alicubi
2803 5205 2888 5255 est
2925 5196 3070 5253 etum
3113 5184 3423 5255 continetur
3466 5192 3621 5259 loco;

2041 5298 2185 5370 quod
2205 5297 2515 5353 continetur
2538 5294 2658 5363 loco
2687 5308 2885 5364 corpus
2905 5299 3020 5359 est;
3046 5290 3188 5346 Deus
3210 5295 3392 5345 autem
3408 5302 3521 5343 non
3541 5295 3629 5343 est

2038 5401 2275 5458 corpus:
2304 5401 2413 5441 non
2440 5385 2607 5456 igitur
2628 5384 2825 5440 alicubi
2854 5390 2958 5440 est.
2997 5400 3017 5434 ι
3054 5380 3158 5437 Ubi
3182 5380 3237 5436 in
3269 5378 3625 5451 sequentibus

2042 5481 2097 5536 in
2126 5478 2232 5534 alio
2258 5478 2572 5549 syllogismo
2610 5475 2860 5547 probavit
2885 5488 3010 5533 eum
3038 5482 3094 5529 et
3116 5473 3295 5530 locum
3322 5489 3440 5530 non
3480 5485 3623 5537 esse,

2040 5581 2097 5628 et
2117 5572 2297 5627 omnia
2327 5572 2381 5633 in
2406 5571 2495 5627 illo
2510 5585 2660 5628 esse.
2688 5569 2780 5624 Ait
2801 5567 2948 5624 enim
2973 5580 2991 5622 ε
3027 5585 3048 5621 ς
3074 5566 3146 5623 Et
3169 5575 3351 5623 tamen
3384 5565 3512 5637 quia
3539 5569 3625 5618 est

2043 5677 2098 5727 et
2120 5668 2176 5723 in
2201 5666 2320 5723 loco
2358 5682 2469 5725 non
2490 5672 2595 5731 est,
2640 5662 2813 5719 inille
2841 5668 2970 5718 sunt
2990 5660 3179 5731 .potius
3214 5658 3416 5724 omnia,
3454 5669 3619 5727 quam

2042 5764 2159 5833 ipse
2185 5760 2381 5835 alicubi
2407 5775 2421 5814 :
2453 5774 2555 5832 nec
2577 5766 2760 5828 tamen
2784 5757 2860 5812 ita
2901 5756 2959 5812 in
2989 5755 3082 5813 ίιω
3108 5764 3168 5810 ut
3188 5755 3307 5822 ipse
3347 5750 3417 5806 sit
3432 5747 3619 5804 locus.

360 5860 595 5930 animas,
626 5842 735 5918 non
765 5862 835 5920 ad
867 5861 1475 5937 imaginesRedemptor
1505 5858 1689 5917 mundi
1722 5858 1790 5915 ad
1836 5864 1945 5913 ter-
2046 5856 2220 5914 Locus
2266 5854 2411 5910 enim
2441 5854 2497 5909 in
2525 5852 2699 5925 spatio
2739 5860 2823 5908 est
2852 5850 2997 5921 quod
3038 5847 3389 5919 longitudine,
3438 5842 3622 5898 latitu-
