4016 6292
460 301 596 361 H75

1307 295 1368 350 Β.
1407 292 1657 351 canon
1693 290 1913 348 MAGNl
1947 242 2098 347 opp.
2138 284 2319 342 rans
2354 284 2419 341 ιι.
2460 280 2704 340 suam
2731 279 2798 340 ιι.

3568 276 3752 334 H76

462 415 604 480 dine,
639 406 921 466 altitudine
948 404 1191 477 corporis
1219 412 1518 475 occupatur
1536 421 1574 472 ;~
1597 418 1697 459 nec
1734 403 1879 458 Deus
1920 400 2029 455 tale
2053 400 2109 463 Δ
2130 405 2268 464 orat,
2299 397 2394 454 sed
2419 397 2511 469 qui
2534 397 2703 451 Deum
2728 392 2886 449 timet
2922 392 3140 449 beatum
3176 396 3448 462 nuncupat
3471 390 3693 449 dicens
3727 410 3747 449 :

462 501 664 573 aliquid
682 508 786 566 est,
813 507 868 555 et
895 498 1076 554 omnia
1099 498 1267 569 igitur
1285 496 1341 551 in
1364 496 1483 566 ipso
1513 501 1659 560 sunt,
1684 500 1739 548 et
1756 492 1907 548 locus
1927 506 2037 547 non

462 600 565 649 est.
602 612 622 645 ι
659 591 764 649 Ubi
792 591 851 646 in
892 588 1244 661 sequentibus
1275 602 1444 659 parvo
1468 584 1847 643 decentissimo
1894 598 2039 639 com-

465 691 628 740 mate.
655 683 835 739 locum
861 681 956 738 Dei
988 681 1210 738 abusive
1241 680 1347 736 dici
1374 679 1606 734 asseruit
1634 676 1893 748 templum
1920 674 2037 741 Dei,

466 778 561 834 sed
587 777 823 833 animam
848 775 1082 831 hominis
1109 774 1299 829 melius
1328 787 1487 843 posse
1510 771 1616 827 dici
1659 789 1672 825 :
1708 788 1728 822 ι
1763 769 1940 826 Locus
1959 775 2043 822 ta-

470 883 595 926 men
616 869 733 934 Dei,
766 868 961 938 inquit,
991 866 1213 922 abusive
1237 865 1437 922 dicitur
1469 862 1731 933 templum
1778 862 1899 928 Dei,
1932 875 2043 915 non

467 963 612 1033 quod
636 961 995 1024 contineatur,
1031 958 1125 1013 sed
1166 956 1310 1027 quod
1332 955 1382 1011 ei
1404 969 1644 1026 praesens
1670 953 1759 1018 sit,
1788 952 1842 1008 id
1865 960 2045 1006 autem

468 1053 604 1109 nihil
630 1052 825 1108 melius
864 1065 1025 1123 quam
1051 1049 1231 1104 anima
1259 1045 1455 1102 munda
1490 1044 1828 1115 intelligitur.
1861 1062 1881 1096 ι
1910 1040 2048 1097 Cum

470 1144 638 1216 igitur
657 1142 737 1198 illi
764 1142 838 1197 ita
879 1140 1214 1198 venerandas
1244 1138 1426 1195 dicant
1452 1136 1749 1207 imagines,
1781 1141 1843 1188 ut
1865 1133 2047 1189 locum

469 1236 586 1302 Dei,
618 1251 685 1290 an
708 1249 809 1305 pro
832 1231 1032 1303 templo
1052 1231 1167 1296 Dei,
1201 1246 1269 1285 an
1291 1244 1391 1300 pro
1416 1228 1595 1283 anima
1637 1225 1771 1296 justi
1814 1221 2050 1280 hominis

470 1330 577 1385 hoc
621 1328 817 1391 dicant,
866 1333 1156 1394 utrumque
1179 1338 1289 1379 non
1312 1320 1585 1378 convenit.
1626 1317 1683 1373 Si
1724 1330 1853 1373 vero
1877 1317 1932 1371 in
1984 1329 2050 1370 eo

478 1420 640 1475 rerho
667 1417 869 1487 aliquid
892 1406 957 1472 de
978 1417 1090 1471 Deo
1109 1414 1280 1470 locale
1307 1412 1563 1476 sentiunt,
1586 1408 1816 1464 multum
1834 1406 2053 1461 illorum

427 1518 434 1589 ς
475 1526 666 1567 sensus
692 1526 723 1565 a
765 1509 994 1565 veritate
1021 1505 1294 1563 dissentit.
1325 1503 1434 1559 Nos
1460 1517 1589 1573 ergo
1625 1507 1813 1572 utpote
1851 1497 2056 1568 cogita-

427 1609 438 1619 ‘
475 1606 685 1663 tionum
725 1604 920 1676 ignari,
970 1617 1095 1660 cum
1138 1616 1245 1672 quo
1290 1598 1486 1653 aﬂ‘ectu
1524 1610 1698 1667 quove
1750 1608 1913 1650 sensu
1950 1591 2057 1646 hoc

430 1699 441 1710 '
477 1697 712 1755 dixerint
744 1695 1069 1760 nesciamus,
1099 1708 1163 1749 ea
1195 1698 1405 1746 tantum
1431 1688 1769 1752 discutimus,
1799 1700 1917 1756 quae
1941 1682 2057 1754 api-

433 1785 439 1797 ’
477 1806 603 1850 cum
628 1789 829 1846 indicio
850 1787 1211 1861 percepimus.

1008 1876 1237 1936 CAPUT
1275 1873 1512 1933 XXVIII.

479 1977 677 2034 Inutile
698 1986 746 2032 et
786 1976 997 2030 demens
1040 1982 1087 2027 et
1127 1986 1302 2026 errore
1327 1968 1537 2041 plenum
1568 1968 1764 2041 dictum
1802 1965 1940 2041 quod
1976 1964 2062 2018 di-

551 2057 674 2103 cunt
700 2066 718 2101 :
746 2047 848 2113 Qui
876 2046 1043 2101 Deum
1076 2043 1227 2097 timet
1262 2037 1495 2113 honorat
1518 2037 1976 2113 o_mnino,_adorat
2006 2042 2062 2089 et

552 2108 837 2174 veneratur
868 2116 1007 2171 sicut
1050 2113 1245 2169 Filium
1296 2111 1391 2165 Dei
1434 2109 1708 2165 Christum
1752 2108 1920 2161 Deum
1966 2120 2063 2160 no-

550 2197 745 2266 strum,
777 2194 831 2242 et
875 2187 1085 2256 signum
1115 2182 1294 2239 crucis
1317 2179 1457 2252 ejus,
1486 2187 1542 2236 et
1580 2178 1811 2251 ﬁguram
1848 2184 2074 2233 sancto—

550 2275 672 2314 rum
699 2272 836 2327 ejus.

548 2352 646 2409 Est
668 2363 882 2422 quoque
911 2345 979 2404 et'
1004 2349 1061 2403 in
1117 2347 1224 2403 hoc
1261 2343 1668 2400 insanissimum
1711 2346 1766 2396 et
1814 2339 1882 2394 ab
1917 2337 2064 2394 omni

477 2444 696 2518 penitus
722 2440 934 2498 cautela
977 2448 1267 2503 remotum,
1299 2436 1444 2506 quod
1473 2434 1659 2490 dicunt
1701 2447 1716 2486 :
1750 2430 1854 2498 Qui
1895 2430 2063 2485 Deum

482 2538 654 2602 timet,
677 2535 899 2590 honorat
916 2532 1145 2597 omnino,
1165 2529 1352 2585 adorat
1377 2544 1469 2583 seu
1494 2532 1771 2581 veneratur
1791 2524 1947 2578 sicuti
1969 2520 2067 2576 Fi-

482 2626 612 2681 lium
636 2625 821 2692 Dei,et
850 2625 1056 2695 signum
1079 2622 1248 2676 crucis
1277 2619 1412 2690 ejus,
1437 2627 1485 2672 et
1509 2617 1738 2688 ﬁguram
1766 2622 2067 2669 sanctorum

482 2721 618 2793 ejus.
648 2718 920 2787 Quantum
950 2731 1077 2787 ergo
1105 2716 1267 2771 distet
1290 2713 1605 2785 mysterium
1629 2710 1923 2766 Dominicse
1944 2723 2069 2764 cru-

483 2814 583 2879 cis,
612 2813 679 2867 ad
705 2813 848 2882 quod
884 2809 1287 2879 intelligendum
1315 2806 1578 2862 revelatos
1614 2818 1715 2859 nos
1741 2803 1898 2858 docet
1941 2815 2068 2857 ocu-

486 2905 567 2960 los
577 2904 778 2958 habere
797 2899 1102 2971 Apostolus,
1128 2897 1560 2969 utintelligamus
1580 2910 1701 2965 qua:
1720 2894 1791 2949 sit
1812 2892 2064 2956 altitudo,

487 3003 542 3049 et
575 2990 871 3063 longitudo,
910 2999 965 3045 et
995 2989 1221 3044 latitudo
1263 2988 1440 3044 crucis
1479 2985 1701 3051 Christi,
1745 2993 1800 3041 et
1845 2982 2071 3055 profun-

490 3089 639 3152 dum,
668 3087 725 3139 in
752 3084 1119 3154 superioribus
1147 3079 1307 3150 hujus
1332 3082 1510 3152 operis
1534 3080 1798 3151 partibus,
1837 3077 2067 3133 Domino

488 3176 787 3249 opitulante
820 3182 1180 3230 monstratum
1212 3180 1322 3239 est;
1367 3178 1421 3227 et
1449 3178 1713 3241 quantum
1761 3168 1926 3224 distet
1969 3168 2067 3223 ad-

488 3273 667 3328 oratio
687 3278 742 3325 et
761 3269 970 3326 cultura
991 3267 1091 3323 soli
1119 3267 1229 3321 Deo
1256 3265 1435 3321 debita
1458 3265 1525 3319 ab
1552 3262 1864 3319 adoratione
1888 3268 1942 3315 et
1961 3259 2070 3315 cul-

490 3376 615 3420 tura
642 3377 805 3434 quam
842 3361 919 3415 illi
952 3359 1272 3429 imaginibus
1316 3356 1674 3412 exhibendam
1718 3359 2066 3418 asseverant,

492 3456 551 3511 in
562 3455 666 3511 hoc
682 3453 843 3508 tertio
865 3451 1001 3507 libro
1015 3450 1175 3505 verba
1202 3446 1540 3505 Constantini
1556 3444 1886 3501 Constantia;
1907 3442 2071 3515 Cypri

493 3544 749 3615 episcopi,
767 3558 860 3599 seu
872 3541 1093 3597 Eutimii
1118 3539 1399 3594 Sardensis
1410 3536 1666 3608 episcopi,
1682 3535 2073 3591 discuteremus

495 3642 653 3706 prout
667 3634 818 3688 nobis
832 3633 1090 3688 Dominus
1104 3645 1261 3700 opem
1271 3629 1416 3684 ferre
1431 3629 1683 3697 dignatus
1696 3633 1797 3691 est,
1824 3624 2074 3680 disserui-

496 3741 639 3781 mus.
654 3724 806 3780 Nunc
816 3739 944 3779 vero
966 3730 1225 3793 quantum
1249 3721 1414 3776 timor
1435 3718 1647 3774 Domini
1671 3718 1739 3773 ab
1759 3714 2074 3771 adoratione

496 3818 794 3889 imaginum
821 3816 1018 3884 distet,
1049 3816 1288 3872 breviter
1315 3813 1545 3869 Domino
1567 3810 1864 3866 auxiliante
1906 3809 2077 3865 disse-

499 3924 700 3964 ramus.
726 3909 921 3963 Dicunt
945 3908 1108 3972 enim,
1141 3906 1245 3973 Qui
1266 3909 1406 3962 timet
1430 3906 1619 3972 Deum,
1649 3903 1836 3958 adorat
1864 3902 2074 3956 omnino

496 3999 749 4067 imagines
787 3999 921 4051 sicut
963 3996 1162 4052 Filium
1183 3997 1301 4051 Dei.
1344 3996 1726 4067 Nunquidnam
1754 4010 1943 4050 omnes
1982 4010 2077 4064 pa—

497 4086 751 4141 triarcha:
778 4094 834 4139 et
858 4087 1151 4155 prophetae,
1199 4088 1326 4156 quia
1368 4088 1668 4158 imaginum
1706 4086 2077 4142 adorationem

501 4189 774 4246 sprevere,
828 4175 948 4231 ideo
982 4176 1151 4229 Deum
1182 4178 1436 4232 credendi
1485 4186 1610 4231 sunt
1653 4193 1763 4232 non
1798 4177 2079 4232 timuisse?

500 4268 609 4326 Aut
660 4267 922 4338 Apostoli,
968 4268 1094 4337 quia
1142 4283 1410 4338 nusquam
1471 4268 1728 4340 leguntur
1773 4268 2079 4325 celebrasse

502 4360 801 4431 imaginum
836 4359 1224 4425 adorationem,
1272 4359 1395 4414 ideo
1440 4359 1535 4417 Dei
1576 4376 1684 4416 non
1719 4360 1975 4419 habuisse
2001 4360 2081 4415 di-

2094 3124 2143 3190 C

2137 500 2329 555 Beatus
2345 499 2421 554 uir
2440 499 2530 571 qui
2551 498 2695 552 timet
2713 495 2997 551 Dominum
3011 532 3028 560 ,
3049 493 3107 547 in
3124 491 3387 548 mandatis
3401 493 3518 564 ejus
3538 493 3753 564 cupiet

2139 599 2293 654 nimis
2323 596 2494 671 (Psal.
2524 595 2671 669 cxx);
2710 603 2768 652 et
2810 596 3009 651 iterum
3047 608 3062 648 :
3111 592 3261 649 Beati
3299 610 3474 649 omnes
3518 595 3627 666 qui
3674 593 3752 647 ti-

2140 698 2277 744 ment
2286 688 2584 753 Dominum,
2602 687 2691 759 qui
2703 685 2973 741 ambulant
2989 686 3046 741 in
3060 685 3153 739 viis
3165 685 3278 756 ejus
3290 684 3460 756 (Psal.
3480 684 3746 756 cxxvn).

2141 780 2261 837 Non
2288 780 2433 837 enim
2462 781 2557 845 ait,
2588 787 2649 834 ut
2677 778 2755 833 illi
2795 776 3180 834 ahsurdissime
3209 777 3457 841 delirant,
3492 776 3608 844 Qui
3661 778 3746 831 ti-

2142 883 2246 930 met
2281 873 2592 937 Dominum,
2635 870 2826 925 adorat
2862 870 3138 940 imagines,
3168 870 3262 925 sed
3297 869 3412 924 ait:
3441 868 3549 934 Qui
3571 869 3746 923 timet

2143 966 2447 1032 Dominum,
2476 965 2533 1019 in
2559 962 2823 1018 mandatis
2849 963 2962 1033 ejus
2989 962 3160 1032 cupiet
3187 963 3360 1016 nimis.
3384 960 3542 1018 Unde
3558 960 3750 1030 liqui-

2149 1057 2446 1114 dissimime
2468 1062 2618 1126 patet
2646 1055 2897 1109 timorem
2923 1051 3140 1107 Domini
3168 1066 3277 1106 non
3318 1052 3373 1107 in
3402 1051 3750 1106 adoratione

2149 1149 2463 1219 imaginum,
2488 1147 2583 1203 sed
2605 1146 2660 1201 in
2686 1145 2965 1201 voluntate
2983 1150 3039 1199 et
3063 1144 3319 1199 instantia
3343 1144 3749 1199 mandatorum

2152 1242 2249 1297 Dei
2274 1254 2412 1298 esse.
2447 1240 2567 1296 Non
2593 1239 2736 1296 enim
2766 1238 2910 1294 idem
2939 1244 3161 1293 sanctus
3182 1237 3267 1291 vir
3302 1236 3491 1293 oculos
3512 1235 3753 1292 Domini

2152 1351 2315 1406 super
2339 1349 2434 1390 eos
2458 1333 2551 1404 qui
2579 1333 2840 1404 imagines
2856 1329 3101 1394 adorant,
3129 1328 3223 1385 sed
3250 1342 3408 1399 super
3429 1328 3649 1398 eosqui
3678 1327 3758 1381 ti-

2153 1436 2303 1486 ment
2326 1443 2450 1484 cum
2477 1433 2728 1493 testatur,
2758 1441 2881 1481 cum
2906 1424 3068 1480 dicit:
3098 1422 3233 1478 Ecce
3252 1421 3627 1477 oculiDomini
3657 1437 3758 1475 su-

2155 1540 2248 1597 per
2287 1524 2521 1577 timentes
2570 1537 2709 1585 eum,
2739 1528 2788 1574 et
2816 1521 2871 1573 in
2915 1534 3002 1573 eos
3035 1516 3125 1589 qui
3160 1524 3369 1588 sperant
3417 1517 3476 1569 in
3521 1516 3757 1569 miseri-

2159 1616 2339 1673 cordia
2365 1615 2481 1687 ejus
2507 1612 2684 1686 (Psal.
2710 1610 2922 1684 uitii);
2953 1625 3055 1666 nec
3082 1610 3178 1674 ait,
3202 1608 3429 1663 Adorate
3450 1608 3755 1678 imagines,

2160 1709 2409 1780 quoniam
2448 1703 2580 1760 nihil
2612 1704 2752 1760 deest
2781 1701 3123 1757 adorantibus
3148 1716 3269 1766 eas;
3296 1699 3391 1754 sed
3421 1699 3513 1763 ait,
3544 1697 3762 1753 Timete

2084 1770 2135 1832 Β
2163 1770 2470 1864 Dominum,
2503 1813 2678 1852 omnes
2727 1795 2894 1851 sancti
2933 1795 3080 1864 ejus,
3121 1792 3369 1864 quoniam
3425 1789 3552 1845 nihil
3590 1790 3761 1845 deest

2161 1888 2459 1945 timentibus
2486 1904 2605 1943 eum
2635 1885 2808 1960 (Psal.
2833 1884 3063 1956 xxxm);
3091 1882 3187 1940 sed
3215 1896 3393 1953 neque
3419 1882 3626 1937 initium
3656 1896 3763 1936 sa-

2160 1980 2376 2052 pientiae
2399 1979 2695 2050 imaginum
2718 1977 3108 2040 adorationem,
3137 1974 3235 2030 sed
3271 1972 3487 2028 Domini
3513 1979 3767 2027 testatur

2163 2072 2411 2127 timorem
2432 2069 2638 2134 dicens,
2662 2067 2883 2122 Initium
2903 2066 3172 2137 sapientiae
3197 2065 3355 2118 timor
3380 2061 3601 2117 Domini
3631 2058 3766 2131 (Ec-

2163 2163 2252 2218 cli.
2297 2162 2370 2235 ι).
2414 2161 2570 2229 Quod
2595 2161 2810 2232 quidem
2847 2166 3176 2231 praeceptum
3221 2154 3492 2212 Dominici
3537 2153 3767 2208 timoris

2164 2255 2238 2309 ita
2264 2269 2362 2325 per
2411 2253 2630 2325 Moysen
2672 2252 2867 2323 legitur
2901 2250 3249 2305 institutum:
3284 2236 3429 2300 ‘Post
3465 2243 3765 2297 Dominum

2164 2344 2332 2400 Deum
2374 2354 2619 2409 vestrum,
2649 2342 2843 2413 inquit,
2871 2342 3083 2413 pergite,
3134 2347 3181 2393 et
3237 2338 3412 2409 ipsum
3467 2336 3673 2401 timete,
3716 2341 3767 2386 et

2164 2442 2421 2505 prwcepta
2446 2433 2561 2504 ejus
2603 2432 2872 2497 custodite,
2900 2440 2946 2485 et
2972 2446 3143 2485 vocem
3187 2428 3300 2498 ejus
3328 2426 3535 2491 audite,
3582 2434 3630 2479 et
3673 2441 3768 2478 ae-

2165 2526 2411 2597 quiescite
2430 2526 2477 2581 ei
2508 2524 2687 2598 (Deut.
2712 2524 2857 2597 χιιι).
2889 2522 3035 2578 Inter
3048 2537 3168 2593 qum
3196 2520 3459 2577 salutaria
3480 2526 3766 2588 pracepta

2170 2632 2436 2687 nusquam
2482 2617 2777 2688 imaginum
2813 2614 3053 2671 adoratio
3077 2612 3274 2684 legitur
3317 2611 3597 2666 instituta.
3626 2607 3768 2663 Cum

2171 2726 2299 2782 ergo
2332 2711 2625 2782 imaginum
2652 2709 2893 2765 adoratio
2919 2709 2976 2762 in
3010 2706 3207 2762 divinis
3250 2704 3488 2775 eloquiis
3521 2702 3767 2756 invenia-

2172 2812 2261 2859 tur
2279 2803 2571 2873 prohibita,
2590 2801 2776 2857 timori
2800 2799 3016 2855 Domini
3039 2799 3131 2869 qui
3156 2805 3236 2853 tot
3258 2797 3458 2853 divina:
3476 2794 3619 2867 legis
3642 2809 3767 2849 ora-

2172 2896 2309 2952 culis
2334 2895 2760 2957 commendatur,
2795 2891 3103 2947 nullatenus
3127 2897 3212 2946 est
3256 2889 3616 2959 coasquanda.

2240 2987 2428 3043 Flores
2455 2987 2620 3056 igitur
2644 2986 2840 3056 quibus
2873 2985 3037 3039 timor
3059 2982 3274 3040 Domini
3314 2981 3507 3037 haberi
3522 2977 3759 3048 iubetur,

2171 3092 2306 3150 quos
2344 3091 2442 3148 per
2481 3075 2818 3131 vastissimos
2859 3074 3052 3131 divinae
3094 3073 3228 3144 legis
3269 3087 3494 3141 campos
3538 3071 3766 3140 impigro

2170 3184 2348 3241 ungue
2378 3169 2764 3239 decerpsimus,
2810 3168 2943 3223 ordo
2984 3166 3225 3237 exposcit
3266 3174 3328 3220 ut
3370 3168 3474 3221 sub
3500 3165 3765 3220 brevitate

2174 3262 2501 3334 digeramus,
2541 3260 2736 3330 quibus
2767 3265 2823 3314 et
2858 3257 3076 3313 lectoris
3114 3257 3326 3312 animus
3369 3256 3683 3319 mulceatur,
3705 3261 3765 3309 et

2173 3352 2221 3408 si
2276 3352 2398 3422 quis
2443 3350 2553 3406 illis
2597 3365 2779 3404 rerum
2827 3364 2992 3405 sensu
3039 3347 3339 3404 carentium
3394 3348 3763 3403 adorationem

2173 3461 2390 3518 aequare
2423 3451 2668 3511 conatur,
2699 3444 2903 3514 pudore
2928 3450 2984 3498 et
3007 3442 3307 3498 reverentia
3340 3441 3492 3497 indui
3521 3449 3760 3513 cogatur.

2172 3542 2231 3597 In
2260 3538 2569 3595 Proverbiis
2592 3551 2825 3606 namque
2847 3536 3045 3590 dicitur
3066 3549 3083 3589 :
3109 3534 3288 3589 Timor
3306 3532 3527 3589 Domini
3552 3534 3761 3604 adjiciet

2174 3632 2286 3687 dies
2324 3650 2341 3687 :
2386 3632 2513 3686 anni
2558 3638 2730 3684 autem
2774 3629 3057 3700 impiorum
3100 3629 3404 3682 minuentur
3450 3626 3636 3699 (Prov.
3687 3624 3760 3695 χ).

2175 3725 2308 3781 Ιιειιι
2347 3724 2402 3779 in
2441 3722 2750 3778 Proverbiis
2792 3739 2805 3775 :
2854 3720 3082 3775 Munitio
3116 3720 3272 3791 justi,
3320 3720 3484 3772 timor
3517 3717 3765 3773 Domini:

2177 3819 2417 3875 contritio
2472 3825 2646 3871 autem
2692 3815 3025 3887 operantibus
3082 3814 3226 3868 mala
3275 3812 3492 3885 (Ibid.).
3540 3813 3672 3868 Item
3712 3812 3763 3868 in

2177 3909 2517 3965 Proverbiis:
2550 3906 2729 3961 Timor
2755 3906 2969 3960 Domini
2998 3906 3109 3960 viro
3148 3907 3207 3959 in
3231 3905 3393 3959 vitam
3423 3921 3442 3960 :
3466 3906 3561 3976 qui
3603 3913 3765 3960 autalt

2177 4004 2288 4058 sine
2314 4004 2498 4057 timore
2518 4009 2613 4066 est,
2639 3998 3046 4054 commorabitur
3070 4000 3129 4052 in
3145 3997 3257 4052 loco
3282 4014 3435 4069 quem
3464 4014 3574 4053 non
3601 3999 3767 4052 visitet

2177 4096 2394 4149 scientia
2425 4092 2607 4166 (Prov.
2633 4092 2770 4164 XIX).
2797 4090 2932 4146 Item
2971 4090 3028 4145 in
3065 4089 3371 4146 Proverbiis
3404 4108 3417 4143 ε
3447 4088 3634 4144 Timor
3669 4089 3770 4143 Do-

2178 4187 2309 4240 mini
2339 4185 2620 4256 disciplina
2639 4183 2926 4252 sapientite,
2957 4192 3006 4238 et
3035 4183 3258 4254 gloriam
3287 4183 3537 4253 praecedit
3566 4180 3772 4235 [annili-

2179 4282 2258 4328 tas
2290 4272 2470 4346 (Prov.
2523 4274 2635 4346 xv).
2665 4272 2802 4327 Item
2850 4272 2905 4327 in
2939 4271 3248 4343 Proverbiis
3295 4288 3308 4324 :
3350 4269 3477 4324 Non
3504 4269 3775 4325 mutetur

2179 4382 2270 4423 cor
2295 4376 2443 4420 tuum
2483 4375 2793 4437 peccatores,
2836 4363 2927 4418 sed
2958 4364 3013 4418 in
3058 4364 3243 4417 timore
3269 4362 3485 4417 Domini
3534 4371 3646 4417 esto
3675 4372 3775 4415 tota

504 4450 660 4545 cendi
684 4456 811 4505 sunt
829 4449 1116 4545 timorem?
1141 4450 1248 4505 Aut
1270 4463 1582 4507 sanctorum
1604 4462 1921 4526 martyrum,
1949 4469 2078 4509 ana-
2105 4473 2154 4534 ι)
2179 4459 2264 4513 die
2310 4457 2494 4530 (Prov.
2527 4454 2710 4528 χχιιι).
2756 4455 2890 4512 Item
2937 4456 2993 4510 in
3040 4454 3346 4510 Proverbiis
3382 4472 3397 4508 :
3444 4454 3644 4508 Beatus
3690 4453 3775 4524 qui

451 4544 461 4561 ⁴
502 4542 861 4609 choritarum,
891 4556 987 4598 seu
1008 4543 1172 4599 etiam
1201 4551 1523 4599 cunctorum
1553 4546 1879 4617 generaliter
1907 4546 2079 4602 eccle-

504 4637 850 4694 siasticorum
877 4636 1118 4691 virorum
1147 4637 1335 4702 turbae,
1366 4651 1501 4706 quos
1533 4645 1745 4691 constat
1773 4638 1829 4691 in
1850 4638 1946 4693 Dei
1968 4652 2082 4692 ser-

468 4740 471 4743 '
506 4730 640 4785 vitio
663 4728 1009 4785 devotissime
1034 4728 1315 4794 militasse,
1340 4728 1460 4797 ideo
1483 4727 1731 4783 timorem
1751 4728 1963 4783 Domini
1985 4744 2082 4797 pu-

458 4816 467 4869 ἶ
507 4820 659 4876 tandi
684 4826 809 4876 sunt
849 4835 956 4875 non
982 4820 1254 4885 habuisse,
1297 4834 1363 4876 eo
1389 4818 1531 4888 quod
1558 4817 1851 4888 imaginum
1886 4818 2078 4872 adora-

508 4914 715 4969 tionem
744 4927 1010 4982 nusquam
1036 4912 1291 4982 leguntur
1310 4911 1395 4966 vel
1422 4911 1722 4981 probantur
1748 4910 2081 4965 celebrasse?

510 5000 630 5060 Non
671 5004 814 5059 enim
865 5002 1241 5058 sanctissimus
1284 5009 1471 5057 vatum
1515 5000 1683 5056 David
1712 5000 2084 5056 adorationem

512 5094 808 5166 imaginum
836 5108 895 5150 se
925 5094 1239 5156 doctorum,
1284 5092 1399 5166 sed
1417 5092 1513 5147 Dei
1557 5092 1807 5147 timorem
1835 5092 2080 5160 dicebat,

514 5163 646 5238 cum
669 5184 953 5241 credentes
981 5195 1170 5238 omnes
1201 5180 1257 5235 in
1281 5163 1485 5237 Christi
1509 5197 1740 5252 persona
1768 5182 1911 5239 ﬁlios
1950 5198 2087 5237 nun-

514 5292 717 5349 cupans
752 5277 963 5333 blandis
986 5275 1456 5332 exhortationibus
1485 5275 1551 5331 ad
1586 5292 1645 5333 se
1679 5277 1866 5332 venire
1905 5277 2088 5333 horta-

516 5372 675 5427 batur
704 5368 887 5425 dicens
924 5387 938 5425 :
981 5366 1184 5437 Venite,
1213 5368 1334 5440 ﬁlii,
1364 5370 1542 5425 audite
1570 5387 1670 5439 me,
1703 5372 1944 5426 timorem
1979 5371 2090 5427 Do-

516 5461 647 5517 mini
666 5460 857 5516 docebo
881 5478 968 5518 oos
990 5461 1163 5535 (Psal.
1190 5461 1404 5535 χχχιιι).
1429 5462 1539 5521 Νεε
1558 5464 1767 5534 uspiam
1796 5463 2090 5533 imaginum

518 5554 742 5618 cultum,
788 5555 885 5610 sed
907 5555 1158 5611 timorem
1195 5555 1409 5611 Domini
1449 5564 1697 5613 sanctum
1743 5563 1971 5612 testatur
2011 5555 2092 5611 di-

519 5660 647 5701 cens
688 5663 700 5700 :
736 5644 914 5700 Timor
937 5645 1150 5701 Domini
1179 5657 1391 5703 sanctus
1417 5665 1724 5718 permanens
1755 5650 1812 5703 in
1839 5647 2091 5704 sweulum

520 5738 697 5796 steculi
724 5737 898 5810 (Psal.
930 5738 1111 5807 mn).
1139 5736 1251 5802 Nec
1277 5741 1583 5812 quempiam
1603 5741 1697 5811 qui
1720 5741 1985 5810 imagines
2003 5739 2095 5797 ad-

2176 4551 2358 4606 metuit
2387 4550 2564 4604 omnia
2588 4566 2680 4620 per
2699 4550 2958 4614 timorem,
2989 4565 3111 4602 nam
3136 4549 3227 4620 qui
3254 4547 3388 4601 duro
3411 4555 3485 4601 est
3508 4547 3669 4601 corde
3695 4548 3775 4600 in-

2178 4642 2312 4697 cidet
2341 4642 2398 4695 in
2426 4639 2571 4694 mala
2601 4638 2783 4711 (Prov.
2813 4639 3030 4708 xxviii).
3071 4639 3205 4693 Item
3251 4638 3308 4692 in
3350 4637 3772 4693 Ecclesiastico:

2180 4736 2401 4792 Initium
2429 4735 2700 4807 sapientia?
2729 4734 2886 4788 timor
2911 4731 3147 4798 Domini,
3189 4740 3237 4785 et
3280 4747 3400 4784 cum
3428 4728 3681 4799 ﬁdelibus
3724 4730 3775 4782 in

2179 4837 2325 4883 utero
2356 4834 2625 4880 concretus
2651 4833 2744 4891 est,
2783 4833 2830 4878 et
2874 4840 2990 4877 cum
3022 4821 3198 4877 electis
3223 4820 3508 4876 seminibus
3548 4827 3771 4881 creatur,

2180 4928 2228 4974 et
2255 4934 2373 4972 cum
2399 4918 2562 4988 justis
2588 4924 2635 4970 et
2664 4916 2883 4971 sensatis
2913 4915 3211 4987 agnoscitur
3237 4911 3430 4985 (Eceli.
3467 4910 3535 4983 ι).
3559 4909 3695 4966 Item
3725 4910 3777 4963 in

2180 5010 2558 5067 Ecclesiastico
2608 5027 2620 5062 :
2681 5008 2859 5062 TimOr
2906 5008 3119 5062 Domini
3172 5007 3445 5062 scientiam
3494 5012 3775 5075 agnoscet,

2181 5102 2507 5155 sanctitatem
2528 5101 2739 5152 castitas
2769 5099 3039 5165 custodiet,
3068 5107 3116 5152 et
3131 5096 3538 5168 justiﬁcabitur,
3573 5111 3667 5149 cor
3681 5095 3773 5164 ju-

2184 5190 2524 5255 cunditatem,
2554 5198 2709 5260 atque
2746 5188 2999 5259 gaudium
3038 5188 3182 5242 dabit
3226 5184 3418 5259 (Eccli.
3447 5184 3512 5256 ι).
3558 5183 3694 5239 Item
3724 5182 3773 5235 in

2185 5281 2564 5339 Ecclesiastico
2588 5298 2601 5334 :
2634 5279 2856 5334 Timenti
2887 5279 3171 5334 Dominum
3196 5279 3319 5334 bene
3348 5279 3467 5342 erit,
3494 5286 3545 5331 et
3574 5277 3631 5329 in
3669 5274 3777 5328 die-

2188 5374 2281 5429 bus
2324 5371 2786 5426 consummationis
2806 5368 2950 5425 illius
2980 5369 3308 5425 benedicetur
3333 5384 3354 5423 :
3380 5365 3651 5440 plenitudo
3695 5380 3773 5418 sa-

2186 5466 2393 5539 pientia
2438 5466 2618 5519 timere
2662 5462 2963 5527 Dominum,
3016 5472 3063 5517 et
3104 5460 3374 5533 plenitudo
3412 5460 3479 5513 de
3520 5456 3771 5529 fructibus

2190 5560 2303 5629 ejus
2330 5574 2531 5612 omnem
2577 5556 2789 5611 domum
2836 5555 2980 5610 illius
3018 5555 3243 5627 implevit
3275 5572 3307 5607 a
3334 5551 3768 5624 generationibus,

2190 5655 2238 5701 et
2259 5646 2583 5717 receptacula
2633 5646 2697 5700 de
2743 5645 3000 5701 thesauris
3048 5646 3162 5717 ejus
3202 5662 3221 5701 :
3269 5661 3463 5700 corona
3502 5639 3770 5712 sapientia

2192 5741 2372 5795 timere
2399 5738 2703 5808 Dominum,
2732 5748 2952 5810 utraque
2998 5748 3174 5818 autem
3197 5747 3320 5796 sunt
3363 5737 3505 5794 dona
3528 5734 3626 5793 Dei
3648 5731 3766 5809 (Eo-
