4016 6292
222 339 381 394 “77

220 457 326 514 cli.
352 452 438 526 ,ι).
469 449 598 506 ltem
635 447 690 501 in
719 440 1137 500 Ecclesiastico‘:
1172 437 1349 492 Timor
1375 433 1584 489 Domini
1616 429 1825 502 expellit
1851 431 1909 492 Α

221 523 528 621 peccatum,
560 555 681 594 nam
705 536 794 608 qui
821 535 932 589 sine
975 533 1158 585 timore
1185 537 1278 594 est,
1310 545 1414 582 non
1451 525 1636 596 poterit
1658 523 1822 593 justi-

223 613 394 708 fcari
424 630 632 687 lIbid.).
665 628 794 682 ltem
830 625 882 678 in
913 620 1324 677 Ecclesiastico:
1360 617 1484 671 Non
1510 617 1580 669 sis
1601 613 1826 668 incredi-

227 730 360 784 bilis
389 723 562 782 timori
610 717 842 779 Domini,
893 724 1023 769 etne
1075 710 1350 766 accesseris
1399 708 1466 762 ad
1490 723 1606 761 eum
1627 704 1824 775 duplici

228 822 398 877 corde
425 812 634 890 (Ibid.).
676 811 807 864 ltem
836 808 893 862 in
937 803 1315 861 Ecelesiastico
1343 816 1357 854 :
1392 799 1494 865 Qui
1524 800 1701 851 timent
1724 796 1827 849 Do-

226 917 441 968 minum
489 925 594 961 non
623 912 772 959 erunt
800 898 1127 956 incredibiles
1155 896 1304 952 verbo
1339 895 1472 964 ejus,
1503 900 1551 946 et
1577 891 1666 962 qui
1705 887 1828 942 dili-

228 1014 368 1076 gunt
398 1001 546 1055 illum
567 993 941 1052 conservabunt
971 992 1106 1045 viam
1135 989 1279 1059 ejus;
1307 986 1397 1058 qui
1435 985 1614 1038 timent
1642 981 1827 1034 Domi-

229 1072 368 1150 ;tum
397 1090 656 1165 parabunt
677 1086 837 1141 corda
865 1100 982 1149 sua,
1013 1090 1061 1135 et
1087 1082 1143 1134 in
1169 1084 1439 1149 conspectu
1465 1073 1608 1129 illius
1634 1072 1830 1127 sancti-

229 1187 472 1257 ﬁcabunt
502 1184 706 1237 animas
732 1193 889 1242 suas;
919 1176 1008 1247 qui
1029 1175 1207 1226 timent
1234 1171 1511 1225 Dominum
1532 1165 1824 1221 custodient

230 1278 493 1333 mandatu
522 1275 656 1345 ejus,
685 1281 732 1326 et
759 1268 1065 1341 patientiam
1093 1263 1352 1318 habebunt
1381 1276 1542 1332 usque
1569 1258 1638 1312 ad
1663 1259 1829 1327 inspe-

230 1373 464 1425 ctionem
493 1368 607 1437 ejus
630 1381 647 1419 .'
669 1365 825 1417 timor
850 1359 1064 1413 Domini
1094 1374 1198 1410 non
1217 1356 1470 1426 dispicere
1489 1354 1694 1424 justum
1735 1351 1829 1404 Ιιο-

228 1464 432 1515 minem
469 1470 765 1528 pauperem,
795 1460 841 1505 et
874 1468 978 1505 non
1008 1447 1344 1519 magniﬁcare
1382 1446 1548 1499 virum
1593 1450 1829 1513 peccato-

233 1567 349 1604 rem
386 1547 591 1602 divitem
617 1540 804 1612 (Ecclt.
835 1538 918 1610 ιι).
949 1538 1080 1592 Item
1106 1537 1160 1589 in
1184 1533 1561 1590 Ecclesiastico
1599 1546 1613 1584 :
1645 1529 1827 1584 Omnis

229 1641 499 1713 sapientia
519 1639 675 1690 timor
693 1632 927 1695 Domini,
951 1639 997 1683 et
1020 1631 1075 1682 in
1102 1627 1196 1681 illa
1223 1628 1402 1680 timere
1436 1624 1599 1677 Deum
1628 1621 1818 1694 (Eccli.

230 1733 379 1805 xu).
411 1733 540 1787 ltem
566 1729 621 1782 in
649 1722 1024 1780 Ecclesiastico
1049 1739 1061 1774 :
1095 1718 1218 1773 Non
1239 1727 1312 1772 est
1332 1719 1388 1770 in
1408 1718 1592 1770 timore
1614 1713 1828 1768 Domini

233 1822 522 1878 minoratio
561 1835 579 1873 :
622 1816 800 1871 Timor
844 1811 1058 1866 Domini
1096 1811 1230 1864 sicut
1280 1806 1573 1860 Paradisus
1622 1803 1831 1858 benedi—
1858 1801 1908 1861 Β

232 1916 429 1970 ctionis
456 1909 644 1983 (Eceli.
673 1908 784 1979 ιι).
816 1907 947 1961 Item
984 1905 1040 1959 in
1077 1901 1494 1958 Ecclesiastico:
1537 1898 1597 1954 Si
1641 1915 1745 1952 non
1769 1897 1835 1950 ti-

232 2020 443 2060 morem
489 2000 700 2055 Domini
764 1997 952 2051 teneris
1015 1997 1297 2058 instanter,
1359 1992 1460 2044 cito
1519 1987 1835 2042 subvertetur

233 2099 433 2151 domus
457 2103 545 2147 tua
581 2089 766 2164 (Eccli.
816 2087 1009 2157 xxvn).
1040 2086 1171 2139 ltem
1203 2084 1256 2137 in
1284 2063 1645 2137 Ecclesiaste:
1683 2077 1835 2131 Finis

235 2189 414 2256 omnis
455 2184 590 2240 verbi
626 2182 836 2236 auditor
864 2178 981 2242 Dei,
1008 2177 1175 2231 Deum
1218 2176 1340 2228 time
1366 2182 1412 2227 et
1444 2171 1694 2225 mandata
1722 2170 1836 2239 ejus

237 2277 467 2341 custodi,
497 2274 744 2346 quoniam
771 2271 866 2324 hoc
892 2278 966 2323 est
990 2268 1157 2322 omnis
1178 2266 1330 2319 homo
1355 2281 1372 2318 :
1402 2264 1526 2334 quia
1563 2277 1711 2314 omne
1739 2260 1836 2313 hoc

238 2387 376 2441 Opus
397 2368 616 2422 adducet
644 2364 784 2418 Deus
832 2365 888 2416 in
916 2361 1180 2431 judicium
1205 2360 1261 2411 in
1291 2357 1430 2410 omni
1466 2355 1706 2424 despectu
1733 2353 1838 2406 sive

240 2465 438 2518 bonum
467 2461 570 2514 sive
599 2456 795 2511 malum
837 2452 1034 2526 (Eccle.
1065 2450 1187 2523 xu).
1218 2449 1352 2504 ltem
1400 2448 1454 2502 in
1493 2445 1832 2501 Proverbiis:

242 2553 429 2607 Timor
475 2549 686 2602 Domini
734 2545 842 2599 odit
890 2542 1108 2608 malum,
1149 2542 1307 2595 etiam
1354 2536 1742 2601 contumeliam,
1790 2543 1839 2590 et

242 2644 565 2716 superbiam,
589 2650 637 2696 et
667 2641 775 2694 vias
807 2636 1067 2692 malorum
1097 2634 1279 2708 (Prov.
1312 2632 1455 2704 vm).
1487 2631 1589 2686 Hic
1616 2643 1744 2699 ergo
1774 2627 1840 2682 ti-

242 2752 370 2792 mor
386 2735 476 2804 qui
508 2733 593 2788 his
617 2727 938 2786 testimoniis
960 2742 1068 2782 non
1089 2724 1379 2795 imaginum
1403 2718 1733 2776 adorationis
1756 2725 1840 2772 est

241 2830 524 2893 indicium,
560 2828 653 2883 sed
673 2827 938 2882 bonorum
964 2835 1188 2893 operum
1215 2820 1626 2880 incrementum,
1657 2827 1687 2866 a
1715 2809 1844 2867 ﬁde-

243 2924 396 2978 libus
416 2930 498 2976 est
521 2919 814 2984 tenendus;
858 2923 942 2971 est
962 2921 1016 2970 et
1035 2913 1170 2968 alius
1189 2911 1372 2975 timor,
1397 2909 1463 2964 de
1479 2923 1585 2978 quo
1608 2905 1836 2971 dicitur;

245 3015 494 3086 Perfecta
518 3013 745 3066 charitas
783 3009 926 3079 [oras
955 3006 1108 3060 mittit
1155 3005 1389 3058 timorem
1431 2998 1484 3070 (1
1532 2998 1690 3052 Joan.
1737 2992 1838 3066 ιν),

246 3109 380 3180 quia
407 3105 654 3160 videlicet
682 3103 773 3158 hic
799 3102 962 3156 timor
992 3097 1219 3168 impellit
1254 3093 1527 3151 hominem
1558 3091 1625 3144 ad
1655 3087 1838 3144 omnia

247 3202 518 3273 bonorum
557 3210 781 3266 operum
808 3191 1085 3259 exercitia,
1127 3190 1216 3243 ille
1245 3202 1374 3242 vero
1400 3197 1560 3255 quem
1602 3181 1842 3238 charitas
1869 3176 1917 3243 C

249 3294 403 3349 foras
431 3291 615 3361 abigit,
645 3303 745 3344 nec
775 3288 1004 3343 tolerare
1049 3283 1177 3340 sinit
1219 3278 1430 3351 vigilias
1481 3277 1593 3332 sive
1615 3274 1838 3344 jejuuia,

252 3387 342 3442 vel
372 3393 565 3441 caetera
595 3379 983 3452 hujuscemodi,
1029 3390 1131 3431 nec
1167 3371 1375 3445 perpeti
1400 3384 1498 3440 pro
1527 3365 1730 3423 Christi
1750 3378 1848 3418 no-

255 3479 406 3534 mine
431 3475 732 3530 veneranda
767 3469 1049 3542 martyria.
1084 3466 1237 3521 Sicut
1273 3462 1419 3519 enim
1450 3461 1556 3515 duo
1596 3464 1720 3513 sunt
1763 3469 1850 3526 ge-

254 3586 394 3627 nera
415 3569 792 3631 tentationum,
812 3577 978 3619 unum
1009 3558 1256 3615 videlicet
1277 3569 1384 3624 quo
1409 3551 1531 3623 quis
1559 3548 1846 3619 decipitur,

257 3664 408 3719 unde
443 3669 526 3716 est
552 3659 723 3715 illud:
754 3656 894 3711 Deus
928 3653 1181 3708 neminem
1211 3655 1394 3711 tentat,
1435 3647 1542 3715 ipse
1572 3651 1744 3696 autem
1767 3639 1851 3694 in-

259 3763 488 3810 tentator
511 3751 770 3806 malorum
807 3755 880 3802 est
912 3744 1055 3811 (Jac.
1097 3742 1174 3813 1);
1204 3739 1348 3794 aliud
1389 3751 1496 3806 quo
1524 3733 1646 3805 quis
1670 3730 1851 3788 divina

260 3849 662 3909 examinatione
707 3845 986 3916 probatur,
1036 3839 1176 3894 unde
1231 3842 1312 3892 est
1353 3833 1504 3898 illud,
1552 3830 1735 3886 Tentat
1764 3843 1850 3883 vos

259 3943 524 4000 Dominus
551 3942 691 3996 Deus
716 3947 879 3994 vester
907 3935 1082 4010 (Deut.
1115 3930 1256 4004 xm),
1289 3928 1420 3993 sive,
1454 3924 1686 3983 Tentavit
1712 3921 1854 3978 Deus

259 4038 535 4096 Abraham
575 4032 728 4105 (Gen.
765 4029 925 4102 xm),
949 4029 1103 4098 juxta
1149 4041 1309 4097 quem
1338 4022 1554 4079 modum
1588 4019 1756 4074 multa
1795 4017 1852 4072 in

263 4129 569 4199 Scripturis
595 4124 798 4182 sanctis
833 4121 1074 4192 diligenti
1108 4118 1450 4190 indagatione
1493 4111 1857 4184 pervestigata

264 4220 652 4278 inveniuntur:
678 4217 753 4270 ita
795 4213 1051 4268 nimirum
1094 4209 1201 4265 duo
1244 4216 1369 4264 sunt
1421 4207 1662 4270 timores,
1716 4215 1856 4257 unus

267 4327 436 4383 quem
462 4309 696 4365 charitas
722 4305 868 4362 foras
889 4303 1076 4366 mittit,
1119 4310 1173 4356 et
1197 4299 1334 4355 alter
1366 4299 1458 4369 qui
1487 4307 1569 4353 est
1591 4297 1859 4352 bonorum

268 4415 500 4474 operum
529 4399 761 4462 initium,
808 4410 968 4465 quem
997 4392 1233 4449 Charitas
1259 4389 1450 4446 nutrit.
1496 4387 1634 4443 Nam
1670 4387 1716 4442 si
1758 4385 1862 4440 ini-

268 4497 412 4550 tium
451 4490 661 4546 timoris
688 4486 900 4543 Domini
946 4483 1206 4555 imagines
1260 4482 1486 4538 adorare
1535 4487 1638 4544 est,
1683 4486 1744 4533 ut
1785 4476 1860 4532 illi

271 4583 541 4656 garriunt,
574 4585 785 4635 constat
824 4589 1013 4632 omnes
1053 4581 1269 4629 sanctos
1317 4571 1409 4641 qui
1460 4570 1645 4640 utique
1692 4563 1941 4627 DeumD

272 4674 528 4730 timuisse
558 4671 868 4734 creduntur,
897 4666 1158 4736 imagines
1193 4663 1467 4728 adorasse,
1501 4669 1555 4717 et
1599 4661 1644 4715 si
1674 4675 1865 4716 omnes

273 4765 457 4823 sancti
483 4764 575 4834 qui
616 4775 742 4816 vere
769 4760 938 4815 Deum
968 4756 1212 4813 timuisse
1258 4753 1571 4818 creduntur,
1607 4751 1867 4822 imagines

275 4860 599 4921 adoravere,
628 4860 840 4910 constat
864 4866 957 4906 eos
997 4849 1255 4906 creatoris
1281 4848 1500 4904 monitis
1547 4845 1865 4910 contraisse,

275 4951 382 5022 qui
410 4957 683 5005 creaturas
707 4946 933 5001 adorare
959 4943 1189 4998 inhihuit
1237 4955 1400 5011 seque
1436 4939 1608 4997 solum
1641 4938 1869 4992 adorare

278 5044 541 5101 instituit.
583 5040 698 5096 Non
721 5048 900 5094 autem
931 5037 1191 5093 creatoris
1229 5034 1448 5090 monitis
1487 5033 1544 5087 in
1594 5030 1868 5087 adorando

279 5142 566 5193 creaturas
595 5131 890 5187 contraisse
936 5128 1183 5184 credendi
1211 5134 1336 5182 sunt
1369 5141 1383 5179 :
1431 5139 1537 5180 non
1576 5121 1870 5193 igiturini-

285 5229 431 5281 tium
459 5223 671 5280 timoris
704 5221 936 5285 Domini,
964 5227 1024 5274 ut
1050 5218 1128 5273 illi
1163 5218 1423 5288 garriunt,
1454 5216 1714 5286 imagines
1743 5214 1871 5270 ado-

285 5331 420 5374 rare
451 5324 552 5371 est.
587 5314 706 5381 Quo
731 5313 1050 5368 documento
1075 5311 1398 5380 approbatur
1424 5307 1637 5362 initium
1667 5305 1874 5361 timoris

287 5408 534 5472 Domini,
571 5421 681 5461 non
714 5406 770 5460 in
812 5403 1122 5460 adoratione
1153 5416 1331 5456 rerum
1358 5414 1520 5454 sensu
1553 5397 1870 5464 carentium,

289 5500 396 5557 sed
420 5500 477 5552 in
497 5497 872 5554 observatione
891 5509 1010 5550 esse
1036 5493 1433 5548 Dominicorum
1462 5500 1871 5562 praeceptorum.

290 5593 392 5652 Ille
427 5593 626 5648 etenim
663 5590 928 5646 veraciter
964 5590 1130 5644 Deum
1169 5588 1322 5642 timet
1359 5585 1450 5657 qui
1488 5584 1696 5641 cunctis
1729 5584 1879 5640 vani-

297 5684 506 5740 tatibus
525 5683 717 5756 spretis
745 5682 825 5741 illi
851 5697 911 5740 se
943 5681 1042 5740 soli
1060 5680 1164 5737 ﬁde
1188 5688 1244 5738 et
1267 5679 1521 5750 operibus
1555 5680 1880 5738 serviturum

299 5775 547 5834 exhibet.
1643 5767 1648 5772 ”
1831 5783 1837 5787 ·

1018 323 1198 382 LIBRI
1232 319 1589 380 CAROLINL,
1613 348 1684 359 —
1718 314 1938 372 CAPIT.
1981 313 2069 369 DE
2105 312 2292 369 lMAG.
2334 341 2404 352 —
2439 311 2571 366 LIB.
2611 309 2699 365 Ill.

3357 307 3497 364 H78

2487 423 2714 482 CAPUT
2741 422 2932 493 x1113.

1922 518 2377 576 Dementissimum
2434 527 2481 573 et
2540 520 2740 573 ratione
2794 534 2974 572 carens
3029 516 3224 571 dictum
3278 517 3500 573 Joannis

1992 592 2272 662 presbyteri
2313 588 2678 652 Orientalium,
2708 591 2763 642 in
2789 605 2849 642 eo
2877 589 3031 662 quod
3067 589 3160 652 ait,
3208 587 3345 658 quod
3397 605 3501 644 non

1995 660 2264 717 assistente
2291 663 2598 730 imperatore
2650 662 2820 728 imago
2869 660 2982 728 ejus
3011 660 3300 730 honoratur
3330 673 3349 711 :
3393 675 3500 713 non

1993 735 2132 788 enim
2160 728 2522 801 inhonoratur,
2553 741 2807 801 quatenus
2850 739 2898 801 et
2926 745 3078 801 nunc
3118 728 3499 801 dominatorem

1997 805 2227 860 omnium
2253 801 2433 855 Jesum
2463 798 2727 854 Christum
2766 798 3034 854 visibiliter
3078 798 3224 852 nobis
3272 814 3374 852 non
3409 815 3503 868 ap-

1993 884 2258 946 parentem
2282 912 2321 946 ,_
2356 870 2624 946 invisibilis
2657 871 2801 946 enim
2848 880 2919 946 est
2963 867 3261 946 carnalibus
3312 869 3502 923 nostris

1997 939 2162 999 oculis
2211 960 2229 997 :
2277 943 2411 995 sicut
2454 943 2591 994 enim
2645 941 2785 994 Deus
2832 940 3019 1010 ubique
3064 939 3194 992 inest
3238 939 3503 1010 honoran-

1996 1014 2279 1097 damhejus
2327 1013 2636 1082 imaginem,
2669 1011 2823 1065 sicuti
2859 1019 2904 1065 et
2932 1007 3320 1080 imperatorem.
3342 1007 3505 1064 Pater

1999 1094 2183 1140 sensit.

1996 1179 2074 1233 De
2121 1192 2186 1232 eo
2223 1174 2365 1245 quod
2413 1174 2732 1246 generaliter
2781 1187 2970 1228 omnes
3019 1179 3113 1226 aut
3161 1170 3362 1226 dixisse
3412 1179 3507 1227 aut

1928 1269 2230 1326 dicentibus
2279 1266 2614 1322 consensisse
2661 1265 3030 1335 perhibentur,
3071 1263 3214 1333 quod
3261 1262 3507 1331 exemplo

1929 1363 2284 1434 imperialium
2344 1362 2664 1431 imaginum,
2723 1375 2857 1430 quas
2894 1360 2948 1414 in
2988 1359 3236 1414 civitates
3283 1359 3508 1413 emissas

1928 1455 2147 1510 obviant
2182 1453 2338 1509 cunei
2365 1452 2683 1523 populorum
2717 1466 2838 1506 cum
2890 1449 3062 1506 cereis
3099 1457 3153 1505 et
3189 1450 3512 1520 thymiama-

1929 1548 2093 1612 tibus,
2123 1547 2301 1616 imago
2331 1559 2543 1615 quoque
2569 1543 2866 1600 Salvatoris
2893 1544 3007 1598 sive
3043 1550 3349 1598 sanctorum
3394 1556 3510 1596 om-

1929 1639 2078 1694 nium
2106 1637 2376 1694 adoranda
2403 1638 2491 1702 sit,
2521 1637 2576 1692 in
2603 1637 3028 1706 praecedentibus
3045 1636 3158 1705 jam
3180 1637 3508 1706 disputatum

1931 1742 2032 1798 est,
2085 1742 2140 1789 et
2181 1734 2274 1803 qui
2312 1732 2556 1800 judicum
2596 1740 2650 1788 et
2702 1733 3087 1804 imperatorum
3133 1733 3392 1803 imagines
3439 1747 3509 1788 ex

1935 1824 2128 1894 quibus
2175 1822 2250 1877 itli
2307 1821 2549 1891 exempla
2593 1836 2806 1877 sumere
2856 1821 3167 1886 moliuntur,
3226 1822 3512 1878 adorandte

1936 1931 2045 1971 non
2094 1915 2219 1979 sint,
2261 1913 2405 1970 beati
2453 1912 2764 1983 Hieronymi
2800 1914 2978 1968 verbis
3016 1914 3367 1983 approbatum
3409 1921 3516 1969 est.

1937 2008 2091 2063 Nunc
2129 2015 2309 2062 autem
2356 2005 2659 2075 specialiter
2708 2006 2871 2061 verba
2917 2004 3139 2062 Joannis
3183 2006 3518 2064 discutienda

1938 2107 2082 2163 sunt,
2111 2099 2199 2168 qui
2222 2099 2277 2151 in
2302 2098 2403 2152 hoc
2431 2099 2643 2168 negotio
2667 2098 2935 2167 reperitur
2957 2107 3013 2152 et
3043 2099 3286 2154 crebrius
3308 2099 3521 2155 caeteris

1937 2191 2149 2248 locutus
2200 2190 2387 2256 fuisse,
2432 2198 2490 2246 et
2538 2205 2647 2245 non
2696 2189 2875 2244 minus
2921 2190 3220 2246 delirasse:
3265 2192 3521 2261 quoniam

1939 2283 2154 2354 quidem
2188 2296 2498 2353 quanquam
2533 2281 2839 2353 generalem
2876 2281 3115 2336 omnium
3149 2297 3392 2338 errorem
3425 2297 3514 2338 se-

1940 2384 2153 2447 quatur,
2186 2375 2416 2445 speciale
2457 2383 2639 2430 tamen
2671 2373 2872 2444 aliquid
2905 2374 3081 2431 eidem
3117 2374 3290 2430 errori
3323 2388 3520 2446 augere

1941 2476 2188 2533 conatur,
2228 2475 2282 2522 et
2314 2475 2375 2522 ut
2426 2482 2569 2533 reor,
2623 2466 2960 2537 generalibus
3011 2466 3170 2536 nugis
3223 2466 3342 2520 ideo
3395 2479 3524 2521 suas

1943 2561 2113 2632 magis
2140 2561 2420 2630 magisque
2449 2574 2618 2630 nugas
2647 2558 2918 2614 associare
2956 2558 3184 2623 curavit,
3233 2557 3359 2626 quia
3407 2572 3524 2612 om-

1942 2649 2092 2704 nium
2124 2650 2388 2704 vanitates
2411 2649 2539 2706 huic
2562 2655 2712 2704 tanto
2743 2648 2916 2704 errori
2957 2647 3342 2704 accumulando
3381 2645 3525 2702 sulli-

1943 2758 2068 2798 cere
2090 2743 2312 2797 minime
2336 2741 2584 2798 credidit.
2613 2740 2779 2809 Quasi
2805 2741 2970 2812 igitur
2992 2740 3333 2811 imperatoris
3365 2740 3526 2794 modo

1942 2835 2086 2890 Deus
2113 2834 2298 2891 localis
2333 2835 2422 2900 sit,
2453 2840 2506 2888 et
2535 2832 2661 2887 dum
2710 2847 2818 2887 uno
2845 2830 2962 2887 loco
3007 2838 3091 2886 est
3124 2831 3232 2886 alio
3278 2845 3398 2886 esse
3430 2844 3528 2884 ne-

1943 2936 2125 2998 queat,
2141 2927 2340 2982 idcirco
2355 2924 2471 2995 ejus
2485 2925 2775 2996 imaginem
2788 2923 2928 2979 sicut
2940 2922 3230 2994 imaginem
3245 2921 3528 2991 imperato-

1945 3020 2020 3074 ris
2043 3019 2370 3074 adorandam
2398 3026 2642 3073 astruere
2664 3015 2918 3074 affectat:
2943 3015 3085 3085 quod
3113 3014 3329 3084 penitus
3353 3013 3530 3068 omnis

1945 3111 2085 3167 ratio
2095 3119 2264 3166 vetat.
2284 3110 2424 3165 Deus
2437 3109 2580 3165 enim
2600 3121 2864 3178 nusquam
2883 3106 3075 3161 absens
3104 3111 3188 3160 est
3215 3121 3228 3158 :
3253 3103 3347 3174 qui
3371 3102 3417 3158 si
3440 3117 3531 3158 us-

1948 3209 2092 3280 piam
2118 3209 2312 3262 absens
2341 3203 2646 3270 est,localis
2659 3211 2742 3259 est
2775 3217 2790 3256 :
2817 3202 2863 3258 si
2899 3200 3086 3258 localis
3105 3208 3322 3266 est,nec
3351 3196 3530 3253 omnia

1951 3297 2192 3354 continet
2215 3312 2317 3352 nec
2343 3295 2522 3352 omnia
2545 3294 2748 3363 implet.
2777 3291 2970 3348 Omnia
2992 3300 3173 3346 autem
3203 3296 3256 3346 et
3277 3289 3529 3359 complet,

1950 3397 2007 3447 et
2031 3389 2218 3458 implet
2248 3403 2263 3442 :
2297 3400 2564 3457 nusquam
2597 3385 2762 3456 igitur
2783 3384 2979 3440 absens
3005 3391 3118 3449 est;
3151 3395 3270 3451 qua:
3298 3380 3426 3434 dum
3456 3379 3532 3434 ita

1951 3497 2011 3540 se
2034 3481 2287 3544 habeant,
2320 3492 2427 3533 non
2454 3485 2538 3532 est
2575 3475 2633 3530 in
2676 3473 3043 3530 materialibus
3080 3471 3402 3542 imaginibus
3439 3467 3532 3522 ad-

1952 3572 2190 3630 orandus
2234 3569 2318 3625 vel
2351 3566 2690 3639 quaerendus,
2722 3565 2817 3622 sed
2870 3565 2928 3620 in
2974 3562 3136 3618 corde
3180 3558 3530 3615 mundissimo

1953 3677 2170 3735 semper
2197 3661 2494 3717 habendus.
2535 3659 2668 3714 Nam
2699 3656 2827 3712 dum
2863 3652 3207 3733 imperatoris
3243 3648 3533 3723 imaginem

1953 3761 2182 3816 adorare
2209 3769 2542 3830 perversum,
2574 3751 2814 3824 ejusdem
2859 3765 3073 3824 quoque
3108 3747 3397 3815 imaginem
3437 3742 3532 3815 qui

1953 3853 2141 3912 localis
2192 3860 2295 3917 est,
2341 3848 2562 3920 imagini
2605 3847 2701 3902 Dei
2735 3845 2827 3918 qui
2869 3843 3092 3899 illocalis
3123 3847 3208 3896 est
3231 3837 3532 3895 assimilare

1955 3947 2239 4022 profanum
2283 3944 2371 4012 sit,
2401 3942 2550 3998 illum
2594 3939 2784 4012 procul
2820 3937 2982 3994 dubio
3010 3933 3293 4006 profanum
3327 3940 3382 3987 et
3409 3944 3533 4000 per-

1958 4057 2174 4100 versum
2202 4054 2322 4096 esse
2348 4042 2580 4102 constat,
2622 4034 2715 4105 qui
2758 4047 2790 4087 a
2837 4046 2897 4087 re
2939 4029 3124 4086 illicita
3151 4041 3266 4082 rem
3292 4024 3536 4080 illicitam

1958 4136 2310 4195 corroborare
2336 4131 2567 4195 aﬂ‘ectat,
2595 4135 2650 4185 et
2671 4139 2916 4182 errorum
2948 4123 3196 4193 passibus
3224 4119 3379 4192 quasi
3420 4117 3539 4188 qui-

1959 4230 2186 4288 busdam
2208 4226 2461 4300 gradibus
2488 4224 2615 4279 dum
2638 4236 2750 4277 suat
2782 4218 2978 4274 mentis
3006 4232 3100 4272 seu
3135 4215 3330 4285 linguae
3358 4212 3542 4267 mode-

1961 4337 2147 4380 ramen
2171 4321 2369 4376 habere
2404 4315 2610 4387 nequit,
2650 4312 2938 4375 enerviter,
2971 4309 3108 4380 proh
3146 4304 3326 4360 dolor!
3356 4301 3422 4356 ad
3448 4302 3542 4355 de-

1961 4415 2162 4472 teriora
2192 4410 2447 4468 decurrit.
2473 4407 2628 4476 Quod
2651 4415 2832 4462 autem
2856 4403 2934 4458 ait
2970 4416 2986 4456 :
3029 4398 3222 4454 Christi
3261 4395 3544 4470 imaginem

1964 4504 2325 4562 Itonorandam
2379 4501 2533 4556 sicuti
2586 4507 2633 4555 et
2679 4497 2958 4568 imaginem
3001 4489 3330 4562 imperatoris
3383 4485 3546 4540 Pater

1967 4597 2144 4661 sensit,
2175 4593 2522 4666 quaerendum
2551 4598 2634 4646 est
2654 4589 2767 4656 ubi,
2793 4596 2886 4642 aut
2921 4583 3154 4656 quando,
3190 4588 3282 4636 aut
3314 4594 3431 4645 cur,
3455 4586 3547 4634 aut

1971 4685 2420 4760 quemadmodum
2468 4685 2573 4739 hoc
2618 4681 2779 4736 Pater
2835 4675 3099 4739 senserit,
3139 4681 3231 4727 aut
3276 4671 3407 4743 quid
3453 4669 3546 4735 sit,

1974 4778 2161 4834 sensit.
2216 4775 2595 4845 Nunquidnam
2637 4785 2758 4825 cum
2791 4768 2856 4822 ab
2887 4766 2992 4821 alio
3026 4764 3235 4834 jussum
3262 4769 3425 4827 esset,
3454 4770 3549 4815 aut

1974 4873 2041 4926 ab
2080 4869 2200 4925 aliis
2232 4867 2405 4935 ﬁeret,
2449 4866 2522 4920 ita
2553 4863 2717 4918 Pater
2754 4860 2956 4916 sensit?
2982 4858 3132 4926 Quia.
3146 4872 3272 4929 ergo
3305 4871 3406 4911 nos
3443 4869 3550 4910 non

1977 4977 2162 5018 eorum
2184 4974 2394 5015 errores
2423 4956 2514 5030 qui
2541 4956 2599 5011 in
2635 4954 2816 5009 verbis
2858 4961 2984 5008 sunt
3033 4951 3369 5016 discutimus,
3408 4948 3554 5019 quod

1973 5056 2295 5110 immensum
2329 5057 2472 5105 esset
2497 5056 2551 5102 et
2575 5047 2643 5102 ad
2679 5046 3041 5116 peragendum
3082 5041 3314 5106 didicile,
3355 5040 3551 5120 quippe

1975 5163 2098 5204 cum
2135 5159 2271 5217 pene
2300 5141 2477 5196 nullus
2519 5139 2594 5194 ibi
2619 5139 2907 5193 verborum
2941 5139 3074 5193 ordo
3103 5150 3319 5191 sensum
3355 5133 3550 5202 legenti

1977 5238 2183 5303 aﬂ‘erat,
2221 5235 2313 5290 sed
2339 5246 2526 5288 eorum
2564 5229 2900 5285 so‘ummodo
2926 5243 3116 5285 sensus
3140 5243 3235 5284 seu
3257 5229 3552 5283 sententias

1975 5325 2415 5399 reprehendendo
2457 5335 2865 5392 percurramus,
2924 5327 3092 5376 restat
3138 5328 3199 5374 ut
3266 5335 3376 5374 non
3423 5318 3552 5390 quid

1981 5420 2178 5483 dicant,
2220 5431 2342 5472 cum
2379 5414 2679 5485 praesertim
2727 5413 2800 5467 ita
2847 5420 2907 5467 ut
2953 5413 3157 5468 dictum
3207 5418 3307 5478 est,
3348 5409 3557 5466 nullum

1982 5527 2119 5585 pene
2158 5523 2375 5565 sensum
2420 5507 2634 5572 habeat,
2673 5505 2769 5561 sed
2817 5505 2946 5576 quid
2996 5505 3174 5560 dicere
3218 5502 3386 5559 velint
3441 5515 3563 5570 per—

1984 5615 2298 5663 tractemus.
2325 5601 2478 5669 Quod
2506 5601 2581 5655 ait
2609 5599 2971 5654 honorandam
3015 5599 3128 5670 ejus
3153 5597 3432 5668 imaginem
3462 5595 3564 5648 sic-

1986 5701 2062 5754 uti
2088 5707 2134 5752 et
2159 5699 2520 5767 imperatorem
2548 5691 2712 5746 Pater
2736 5692 2912 5755 sensit,
2930 5691 3073 5746 hunc
3091 5689 3207 5742 vult
3223 5689 3419 5742 habere
3444 5698 3564 5738 sen-

1991 5803 2129 5860 sum,
2157 5794 2219 5846 ut
2246 5787 2408 5854 dicat,
2431 5785 2591 5843 Pater
2609 5781 2772 5855 jussit
2798 5780 3087 5853 imaginem
3115 5774 3313 5839 Christi
3338 5776 3564 5834 adorare
