4016 6292
504 268 667 357 m’g’

1356 292 1418 346 Β.
1457 286 1710 347 CAROLl
1744 282 1961 341 MAGNI
1993 279 2146 341 OPP.
2184 280 2369 341 PARS
2401 284 2465 341 ll.
2518 283 2762 345 SECTIO
2790 285 2862 343 π.

3642 294 3783 354 ιιεο

476 419 641 483 ‘sicut
665 413 1065 483 imperatorem.
1095 406 1249 475 Quod
1282 404 1499 477 quidem
1528 403 1641 469 ubi,
1686 402 1920 473 quando,
1963 413 2081 466 cur,
2109 396 2281 459 Areo
2334 398 2532 457 annulo
2581 400 2972 472 pretiosissima
3024 402 3344 476 smaragdos
3395 403 3643 475 inserta,
3693 417 3782 465 ant

504 504 953 581 quemadmodum
978 507 1192 573 gestum
1221 498 1312 563 sit,
1362 498 1432 553 ab
1458 497 1605 555 omni
1651 494 1866 567 penitus
1901 494 2088 553 catho-

502 588 608 659 lico
630 600 932 670 ignoratur.
983 592 1100 650 Non
1143 592 1287 651 enim
1319 589 1479 649 Pater
1502 590 1789 661 imaginem
1825 587 1963 658 ejus,
1993 589 2090 644 sed

502 693 680 765 ipsum
701 690 1055 759 eamdemque
1089 686 1359 741 honorare
1382 690 1439 739 et
1458 684 1647 739 audire
1667 682 1847 752 jussit,
1864 695 1996 737 cum
2020 679 2089 736 ad

503 788 699 851 ﬂuenta
726 782 975 845 Iordanis
1001 787 1188 837 sancta
1218 777 1455 835 Trinitas
1500 776 1554 837 in
1599 777 1809 847 unitate
1838 777 2090 838 substana

503 881 610 943 tim,
646 877 812 939 Pater
841 873 1090 931 videlicet
1118 873 1172 927 in
1197 886 1333 927 voce
1379 886 1486 942 qua
1519 869 1754 927 intonuit
1800 886 1814 922 :
1860 866 1963 922 Hic
2012 874 2089 921 est

502 969 677 1024 Filius
705 984 856 1022 meus
908 965 1129 1021 dilectus
1182 967 1239 1019 in
1283 980 1386 1035 quo
1428 962 1561 1017 mihi
1604 963 1729 1017 bene
1773 960 2085 1033 complacui,

501 1064 671 1132 ipsum
696 1060 875 1114 audite
907 1057 1121 1132 (Matth.
1154 1056 1261 1127 ιιι),
1290 1056 1458 1110 Filius
1486 1054 1541 1109 in
1581 1068 1825 1124 corpore,
1854 1051 2089 1121 Spiritus

500 1167 631 1207 vero
665 1158 886 1207 sanctus
916 1150 967 1203 in
997 1150 1175 1219 specie
1200 1148 1464 1203 columba:
1507 1145 1829 1201 mirabiliter
1870 1143 2087 1199 claruit.

499 1243 652 1310 Esto,
702 1244 863 1299 Pater
900 1242 1117 1312 iuberet
1158 1242 1533 1298 honorandum
1571 1239 1774 1296 Christi
1802 1238 2089 1309 imaginem

501 1338 643 1395 sicut
690 1338 1090 1411 imperatorem,
1116 1335 1361 1405 nunquid
1394 1350 1501 1390 non
1524 1333 1725 1389 rectius
1754 1339 1896 1387 esset
1923 1331 2092 1402 impe-

502 1441 739 1488 ratorem
780 1429 1159 1485 honorandum
1210 1429 1542 1493 decernere,
1593 1427 1751 1482 sicuti
1801 1425 2091 1496 imaginem

500 1523 722 1590 Christi,
770 1532 830 1579 ut
856 1524 1032 1594 imago
1061 1520 1265 1578 Christi
1299 1514 1709 1576 eminentiorem
1758 1519 1813 1573 in
1872 1517 1963 1572 tali
2005 1532 2091 1572 ra-

501 1618 647 1672 tione
694 1617 876 1671 iocum
928 1615 1184 1671 teneret?
1246 1612 1365 1669 Non
1409 1628 1538 1684 ergo
1585 1612 1747 1667 Pater
1801 1600 2092 1682 imaginem

490 1708 703 1765 ’Christi
733 1722 1004 1780 quoquam
1037 1708 1234 1779 legitur
1272 1715 1363 1761 aut
1409 1706 1699 1778 depingere
1742 1712 1835 1759 aut
1862 1704 2093 1758 adorare

502 1812 595 1857 aut
624 1805 892 1858 honorare
936 1800 1180 1870 iussisse,
1215 1801 1410 1873 quippe
1452 1800 1543 1870 qui
1574 1815 1631 1856 se
1679 1799 1852 1855 solum
1879 1797 2095 1852 adorari

501 1893 714 1964 sibique
743 1893 844 1947 soli
869 1894 1071 1947 servire
1112 1891 1369 1947 instituit.
1404 1888 1540 1957 Quia
1576 1906 1704 1962 ergo
1742 1890 2095 1962 imperatores

502 1992 554 2038 et
574 1999 730 2055 reges
758 1984 865 2037 sint
890 1999 919 2037 a
947 1983 1176 2039 subditis
1196 1981 1501 2038 honorandi
1540 1981 1863 2052 quibusdam
1899 1980 2094 2036 divinae

503 2075 799 2146 Scriptura:
837 2076 1094 2147 exemplis
1120 2082 1298 2146 potest
1329 2074 1635 2145 approbari.
1662 2072 1719 2127 Si
1746 2074 1891 2128 enim
1912 2073 2092 2127 'liono-

494 2165 659 2221 randi
684 2165 906 2221 minime
947 2173 1147 2231 essent,
1186 2180 1526 2236 nequaquam
1561 2164 1727 2218 David
1750 2163 1835 2218 vir
1873 2172 2094 2219 sanctus

486 2256 745 2325 'Saulem,
781 2265 1065 2330 postquam
1095 2258 1235 2313 Deus
1266 2260 1333 2314 ab
1368 2273 1433 2313 eo
1481 2265 1800 2323 recesserat,
1828 2247 2093 2311 Christum

504 2349 721 2409 Domini
740 2362 963 2408 vocaret
988 2352 1041 2425 (Ι
1071 2352 1195 2423 Reg.
1220 2369 1368 2418 xxvi,
1397 2364 1445 2408 et
1467 2352 1532 2407 ΙΙ
1560 2352 1685 2423 Reg.
1718 2350 1779 2423 1).
1806 2351 1921 2406 Non
1948 2350 2093 2405 enim

476 2452 623 2499 “erat
648 2445 865 2500 nescius
903 2444 1161 2515 praefatus
1184 2447 1267 2509 vir
1292 2446 1528 2501 divinam
1575 2461 1694 2501 esse
1738 2445 2093 2517 dispensatio-

501 2550 629 2592 nem
674 2537 738 2591 ‘in
789 2535 964 2593 officio
1001 2539 1205 2594 ordinis
1254 2538 1477 2610 regalis;
1517 2539 1719 2594 idcirco
1762 2535 1980 2593 Saulem
2035 2536 2093 2592 in

502 2630 690 2686 eadem
728 2630 903 2686 adhuc
931 2630 1190 2701 dignitate
1214 2633 1448 2702 positum
1490 2632 1831 2697 lionorilicat,
1880 2646 1948 2686 ne
1978 2630 2093 2686 Deo

492 2716 755 2791 iniuriam
780 2721 960 2777 facere
994 2723 1287 2790 videretur,
1315 2724 1406 2794 qui
1440 2723 1528 2779 his
1560 2723 1842 2779 ordinibus
1888 2723 2092 2796 imper-

500 2814 746 2871 tiendum
766 2814 1035 2879 honorem
1078 2818 1335 2873 decrevit.
1374 2818 1623 2887 Quandiu
1663 2834 1793 2889 ergo
1829 2818 1885 2873 in
1914 2833 1978 2873 ea
2013 2816 2095 2873 di-

500 2908 707 2978 gnitate
732 2916 834 2973 est,
864 2910 1216 2964 honorandus
1251 2918 1350 2975 est,
1389 2911 1435 2965 si
1483 2925 1590 2965 non
1618 2918 1840 2983 propter
1879 2924 1958 2974 se,
2008 2906 2095 2962 vel

500 3007 724 3070 propter
746 2999 1011 3055 ordinem.
1050 3000 1208 3056 Unde
1250 3009 1305 3055 et
1343 3001 1633 3071 Apostolus
1663 3016 1676 3055 :
1713 3000 1988 3068 Omnibus,
2012 2999 2093 3054 in-

500 3094 640 3164 quit,
682 3094 1024 3166 potestatibus
1053 3094 1444 3150 sublimioribus
1490 3094 1685 3148 subditi
1736 3102 1916 3148 estote.
1968 3088 2094 3147 Non

400 3184 403 3185 ⁷
501 3192 575 3237 est
606 3184 744 3238 enim
791 3192 1018 3255 potestas
1061 3186 1161 3239 nisi
1208 3202 1239 3238 a
1264 3180 1373 3238 Deo
1400 3183 1576 3255 (Rom.
1609 3183 1761 3254 xm);
1804 3190 1859 3238 et
1889 3182 1945 3238 in
1990 3182 2095 3239 alio

501 3275 661 3331 loco:
702 3276 871 3332 Deum
908 3279 1100 3342 timete,
1143 3294 1311 3349 regem
1346 3277 1690 3349 honoriﬁcate
1733 3274 1787 3349 (Ἰ
1835 3273 1953 3330 Pet.
2009 3274 2095 3347 ιι).

503 3365 734 3424 Uberior
767 3382 1001 3440 namque
1015 3384 1081 3424 ex
1106 3366 1208 3424 bac
1234 3369 1444 3424 ratione
1474 3367 1766 3439 disputatio
1786 3368 1920 3422 oriri
1947 3375 2101 3439 pote-

502 3468 608 3525 rat,
637 3458 732 3515 sed
760 3460 885 3535 quia
906 3458 1025 3533 jam
1065 3460 1456 3531 aliquantulum
1500 3476 1565 3515 ex
1610 3474 1673 3514 ea
1703 3460 1759 3514 in
1805 3458 2099 3530 superiori-

491 3551 604 3606 ‘bus
650 3551 820 3622 “hujus
869 3553 1049 3623 operis
1101 3563 1183 3617 est
1231 3553 1475 3629 partibus
1532 3550 1900 3625 disputatum,
1942 3552 2098 3609 nobis

504 3656 650 3699 nunc
672 3650 755 3700 est
783 3644 869 3700 his
892 3645 1275 3717 praetermissis
1300 3646 1367 3700 ad
1393 3646 1497 3701 alia
1527 3646 1930 3702 transeundum.

1076 3757 1304 3815 C'APUT
1334 3756 1505 3815 XXX.

504 3844 580 3900 De
609 3863 668 3902 eo
720 3846 861 3920 quod
891 3850 1235 3923 apocryphas
1271 3860 1321 3904 et
1344 3922 1349 3923 γ
1374 3850 1634 3907 derisiane
1664 3851 1853 3923 dignas
1894 3850 2096 3909 nenias

822 3918 932 3971 suis
962 3918 1312 3975 locationibus
1336 3918 1781 3993 interposuerunt.

574 4005 631 4062 Si
682 4009 803 4079 quis
848 4011 1090 4080 ligneam
1148 4010 1368 4068 domum
1418 4014 1724 4083 aeditlcans,
1764 4015 1809 4072 si
1860 4017 2099 4088 parietes

504 4096 651 4166 cupit
722 4101 1043 4153 marmoreis
1091 4116 1358 4158 exornare
1412 4104 1651 4171 tabulis,
1718 4115 1811 4162 aut
1880 4110 2096 4167 variare

504 4186 932 4245 multicoloribus
953 4190 1082 4245 vitri
1104 4191 1368 4262 frustulis,
1393 4194 1520 4250 dum
1543 4197 1717 4252 cernit
1738 4198 1883 4271 ligno
1903 4202 2096 4260 eadem

503 4280 718 4336 metalla
747 4296 847 4352 per
872 4291 1125 4338 naturam
1142 4286 1367 4343 minime
1394 4302 1555 4360 posse
1583 4290 1876 4362 cohmrere,
1897 4297 2095 4367 spretis

500 4373 587 4429 bis
609 4376 844 4433 metallis
870 4391 993 4448 quze
1014 4377 1158 4450 ligno
1180 4394 1281 4451 per
1307 4391 1558 4440 naturam
1580 4387 1856 4444 cohterere
1891 4370 2095 4461 nequa-

2116 3139 2172 3206 (Ξ

2187 491 2403 551 cilieino
2430 502 2739 579 tegumento
2766 511 2901 551 auro
2943 503 3105 554 texta:
3128 498 3299 554 vestis
3326 497 3506 556 fascia
3562 502 3781 558 minime

2155 643 2158 647 ,
2188 586 2441 643 convenit
2462 597 2666 654 assuta,
2719 588 2795 644 ita
2820 588 3041 660 penitus
3077 589 3388 648 divinorum
3440 592 3779 664 eloquiorum

2188 679 2497 739 testimonia
2552 679 2768 736 illorum
2835 680 2989 750 operi
3045 695 3393 753 nequaquam
3450 686 3779 740 conveniunt

2188 771 2448 831 abhibita.
2482 770 2589 828 Res
2616 786 2746 844 ergo
2776 771 2941 827 dubia
2969 779 3026 828 et
3053 772 3110 827 in
3132 774 3546 830 contentionem
3569 777 3779 834 veniens

2187 879 2299 923 non
2335 864 2493 920 debet
2537 865 2708 920 astrui
2755 866 3194 937 apocryphorum
3245 868 3478 935 naeuiis,
3547 870 3641 924 sed
3698 880 3781 926 aut

2191 955 2383 1011 divinae
2426 956 2561 1026 legis
2603 955 2857 1023 oraculis,
2907 966 3002 1013 aut
3054 974 3243 1014 eorum
3289 961 3594 1017 doctorum
3641 964 3781 1034 quia

2191 1051 2455 1107 catholica
2484 1060 2539 1107 et
2568 1053 2860 1125 apostolica
2885 1052 3130 1109 Ecclesia
3162 1054 3531 1135 recipiuntur,
3587 1056 3778 1112 saluta-

2190 1143 2343 1201 ribus
2394 1145 2613 1201 monitis
2652 1155 2707 1201 et
2758 1145 3201 1203 luculentissimis
3254 1148 3630 1205 documentis.
3682 1148 3779 1206 Sed

2190 1235 2421 1293 fortasse
2473 1237 2668 1309 aliquis
2714 1236 2945 1308 hujusce
2999 1240 3206 1296 erroris
3275 1242 3781 1315 scrupulosissimus

2191 1339 2528 1386 asseverator
2574 1331 2755 1387 dicet:
2783 1330 2903 1387 Non
2928 1332 3005 1387 illi
3029 1334 3469 1411 apocryphornm
3523 1337 3780 1393 librorum

2191 1423 2485 1479 sententias
2504 1439 2603 1481 suo
2617 1424 2768 1496 operi
2791 1424 3070 1481 inseruere
3092 1426 3160 1480 ad
3179 1441 3294 1481 rem
3306 1429 3653 1500 propositam
3673 1444 3789 1484 eon-

2191 1515 2533 1583 ﬁrmandam,
2581 1516 2677 1573 sed
2726 1518 3051 1575 insultantes
3072 1519 3140 1575 ad
3194 1524 3567 1601 quorumdam
3620 1524 3786 1579 bare-

2191 1605 2422 1665 ticorum
2447 1609 2724 1667 vesaniam
2754 1610 3191 1671 subsannandam
3217 1626 3233 1667 :
3264 1614 3358 1669 cui
3401 1624 3595 1671 noster
3622 1615 3792 1687 stylus

2193 1695 2507 1754 facillimam
2548 1707 2728 1775 potest
2766 1700 2969 1758 inferre
3023 1705 3463 1777 responsionem.
3510 1706 3796 1779 Nunquid-

2126 1768 2173 1830 Β
2199 1805 2321 1849 nam
2351 1806 2474 1847 cum
2503 1768 2811 1853 Polemonis
2854 1768 3168 1867 imaginem,
3191 1799 3342 1868 quod
3383 1798 3530 1857 nulla
3556 1768 3798 1856 authen-

2200 1884 2307 1945 tica
2329 1883 2490 1941 lectio
2517 1895 2723 1951 narrat,
2758 1888 2946 1951 dicunt
2972 1890 3261 1959 quemdam
3290 1892 3362 1946 ab
3386 1892 3596 1947 scelere
3641 1906 3798 1947 coer-

2197 1974 2392 2041 cuisse,
2420 1974 2576 2031 alicui
2601 1976 2893 2037 insultant?
2922 1977 3062 2035 Sunt
3088 1981 3272 2050 itaque
3298 1980 3358 2043 in
3381 1981 3582 2037 eadem
3617 1980 3794 2039 lectio-

2197 2083 2267 2125 ne
2280 2070 2547 2141 qumdam,
2573 2086 2693 2142 qua:
2721 2072 2796 2129 illi
2824 2074 2891 2129 ad
2918 2089 3032 2130 rem
3059 2075 3397 2148 propositam
3425 2074 3796 2139 allii-mandem

2190 2178 2460 2237 posuere;
2495 2172 2622 2221 sunt
2659 2166 2826 2221 etiam
2878 2165 3138 2239 pleraque
3194 2183 3314 2239 qua:
3359 2183 3683 2245 quanquam
3724 2170 3795 2225 in-

2196 2255 2448 2317 sultando
2498 2258 2798 2327 posuerint,
2860 2259 2938 2315 ita
2966 2269 3094 2317 sunt
3122 2260 3400 2327 involuta,
3469 2262 3551 2319 ita
3608 2262 3790 2319 inordi-

2196 2353 2343 2412 nate,
2388 2348 2465 2407 ita
2490 2349 2790 2407 enormiter
2836 2352 3066 2423 prolata,
3112 2352 3186 2409 ita
3213 2353 3538 2424 permixtim
3564 2355 3797 2427 digesta,

2201 2448 2264 2494 ut
2324 2454 2463 2513 pene
2513 2440 2605 2497 vix
2655 2442 2988 2517 deprehendi
3042 2443 3221 2500 valeat
3248 2486 3265 2511 ,
3321 2445 3530 2517 vixque
3586 2446 3799 2504 lectoris

2196 2540 2434 2590 mentem
2463 2534 2714 2607 attingat,
2753 2544 2935 2595 utrum
2967 2550 3032 2592 ea
3058 2552 3179 2609 quae
3207 2537 3468 2603 dicuntur
3501 2540 3678 2599 verba
3701 2539 3799 2595 sint

2198 2624 2605 2693 insultantium,
2664 2635 2758 2689 aut
2807 2628 2894 2686 bis
2950 2645 3070 2702 quae
3122 2630 3381 2689 dicuntur
3439 2633 3613 2693 fidem
3658 2632 3801 2691 exilio

2196 2715 2462 2781 bentium.
2513 2716 2643 2784 Qua:
2675 2734 2765 2775 res
2803 2728 2860 2775 et
2909 2720 2955 2777 si
2994 2736 3027 2779 a
3066 2722 3241 2781 doctis
3277 2725 3595 2797 quibusque
3638 2727 3718 2781 ita
3746 2733 3800 2785 ut

2198 2807 2418 2876 dicitur,
2462 2809 2803 2881 intelligitur,
2851 2812 3084 2872 indoctis
3126 2831 3258 2875 vero
3284 2818 3622 2889 quibusdam
3650 2834 3801 2875 scan-

2196 2900 2378 2961 dalum
2404 2915 2664 2973 generare
2678 2904 3022 2974 perhibetur,
3063 2921 3162 2969 nec
3193 2906 3470 2975 immerito
3493 2949 3511 2975 ,
3560 2924 3696 2985 qua
3728 2911 3799 2967 ita

2198 2994 2469 3071 imperitia
2494 2997 2696 3071 tegitur
2716 3007 2778 3059 ut
2806 3000 2897 3059 vix
2932 3000 3288 3077 intelligatur.

2767 3113 2999 3177 CAPUT
3028 3114 3222 3172 XXXI.

2201 3224 2617 3302 Delii-amentum
2663 3242 2853 3302 errore
2875 3227 3085 3299 plenum
3117 3230 3259 3301 quod
3306 3230 3372 3285 de
3404 3237 3610 3302 retrusa
3670 3247 3805 3302 qu-

2271 3298 2396 3353 dam
2421 3298 2666 3372 diaserunt
2702 3300 2792 3370 qui
2811 3298 3272 3372 dromonijumu
3298 3301 3616 3371 «idm
3636 3298 3805 3372 fim-

2270 3370 2743 3442 mentmnjrritum
2777 3371 2974 3442 fecisse
3028 3370 3367 3442 perhibetur,
3416 3370 3571 3442 cujus
3640 3370 3805 3428 abbas

2272 3456 2376 3494 non
2399 3440 2731 3496 mediocriter
2750 3439 3002 3497 delirasse
3025 3439 3557 3512 dignosciturdicehs,
3577 3445 3638 3498 ei
3661 3462 3805 3498 com

2270 3512 2480 3566 modius
2530 3529 2639 3585 esse
2689 3512 2889 3585 omnia
2916 3513 2974 3566 in
3009 3511 3215 3568 civitate
3257 3511 3537 3584 lupanaria
3584 3516 3803 3585 ingredi

2267 3596 2435 3665 Μ
2490 3581 2748 3665 abnegare
2820 3582 3186 3665 adoratiomm
3234 3581 3493 3655 έηίαθεπεε
3571 3581 3803 3640 Μ

2269 3662 2499 3725 ante)“
2521 3662 2720 3711 sancta’
2739 3662 3027 3724 genitricis.

2271 3746 2425 3816 sape
2454 3746 2509 3800 in
2535 3746 2638 3809 hoc
2665 3761 2828 3819 opere
2865 3747 3113 3819 cogimur
3140 3747 3322 3811 dicere
3348 3763 3382 3809 ει
3420 3749 3593 3807 rebus
3616 3753 3802 3809 noxiis

2186 3841 2447 3911 exempla
2499 3841 2724 3905 minime
2778 3841 2976 3903 debere
3015 3856 3250 3911 sumere,
3284 3851 3340 3899 et
3364 3844 3473 3911 hoc
3520 3845 3651 3903 ideo
3686 3855 3802 3911 tam

2198 3935 2391 3995 crebro
2429 3934 2745 4005 repetimus,
2792 3935 2917 4005 quia
2947 3949 3042 3993 eos
3074 3936 3145 3995 ob
3174 3951 3334 3997 suum
3359 3951 3605 4005 errorem
3650 3938 3803 4003 amr-

2197 4027 2455 4089 mandum
2508 4026 2564 4083 id
2591 4028 2784 4085 crebro
2833 4026 3025 4085 fecisse
3052 4029 3376 4099 reperimus.
3439 4028 3593 4087 Sicut
3648 4031 3801 4087 etaim

2196 4118 2389 4175 ordine
2432 4119 2765 4190 competenti
2807 4119 2965 4179 bonis
2990 4119 3205 4177 actibus
3232 4120 3623 4187 adminiculum
3646 4137 3801 4194 ,ιπε-

2194 4211 2325 4275 bent
2365 4210 2630 4275 bonorum
2656 4211 3004 4271 nihilominus
3029 4221 3250 4273 actuum
3280 4215 3558 4286 exempla,
3608 4216 3693 4271 ita
3724 4216 3801 4279 ni.

2198 4302 2397 4363 mirum
2461 4301 2542 4367 illi
2592 4303 2847 4371 erroneis
2886 4303 3104 4360 actibus
3154 4318 3510 4371 erroneamm
3573 4316 3801 4369 actutm

2195 4402 2448 4467 quarunt
2475 4393 2750 4466 suﬂ'ragia,
2782 4394 2867 4457 Ad
2896 4395 3241 4467 propositum
3274 4412 3797 4468 θεωρηθῆναι-ειη

502 4480 936 4574 quam-possunt,
980 4472 1151 4545 lignis
1179 4475 1356 4576 denuo
1404 4488 1631 4536 conatur
1666 4483 1925 4554 perlicere
1951 4503 1967 4552 ;
1998 4492 2093 4543 aut
2118 4512 2177 4576 Β
2197 4487 2583 4547 stabiliendum
2609 4486 2809 4553 retrusi
2828 4485 3110 4556 cujusdam
3126 4487 3794 4563 proferunt-emunitam:

477 4561 548 4617 ‘si
596 4564 717 4633 quis
768 4572 1055 4623 stanneum
1092 4584 1188 4626 vas
1218 4568 1397 4628 facere
1444 4576 1699 4645 cupiens,
1746 4576 1800 4633 ‘si
1852 4579 2094 4650 ejusdem

476 4656 743 4712 materia:
766 4658 817 4713 ei
867 4662 1302 4734 supplementum
1357 4666 1514 4733 desit,
1560 4685 1668 4724 non
1715 4669 1945 4735 aliorum
1971 4688 2095 4743 pre-

476 4764 477 4767 ‘
502 4746 763 4803 tiosorum
793 4753 1133 4810 metallorum
1162 4758 1420 4814 materias
1440 4775 1561 4833 qua:
1588 4768 1783 4819 stanno
1819 4763 2095 4821 cobzerere

505 4852 801 4912 nequeunt,
833 4846 929 4902 sed
958 4846 1101 4902 idem
1144 4856 1396 4905 stannum
1423 4850 1491 4907 ad
1509 4850 1907 4923 perliciendum
1954 4870 2094 4927 coep-

504 4940 618 4986 tum
639 4948 774 5004 opus
796 4938 989 5005 quaerit
1013 4952 1028 4992 :
1055 4938 1131 4993 ita
1157 4940 1505 4997 nimirumilli
1532 4942 1586 4996 in
1618 4958 1713 4998 sua
1741 4945 1945 5017 synodo
1968 4962 2093 5003 cum

503 5024 706 5081 erroris
729 5027 813 5082 sui
854 5028 1291 5093 instrumentum.
1325 5035 1647 5106 scripturam
1679 5036 1947 5109 videlicet,
1974 5056 2093 5113 quae

504 5123 601 5180 pro
644 5117 935 5209 aderandis
987 5120 1311 5193 imaginibus
1363 5127 1659 5197 composita
1688 5137 1771 5184 est
1797 5171 1810 5196 ,
1863 5132 2093 5209 amplifi-

510 5216 635 5257 care
670 5206 776 5262 nisi
806 5218 951 5279 sunt,
1001 5211 1421 5288 Scripturasque
1466 5217 1675 5275 divinas
1728 5223 1779 5277 ei
1818 5206 2092 5284 cohaerere

507 5292 726 5351 minime
777 5315 937 5368 posse
973 5316 1277 5374 senserunt,
1328 5309 1396 5365 ad
1440 5314 1775 5385 apocryphas
1827 5320 2090 5388 quasdam

2196 4582 2291 4652 qui
2318 4582 2365 4640 si
2395 4581 2471 4643 ita
2499 4580 2665 4652 gessit
2684 4586 2748 4641 ut
2768 4579 2847 4641 illi
2873 4590 3214 4649 asseverant,
3245 4582 3581 4654 bipenne.
3598 4586 3794 4643 mea-

2196 4682 2288 4735 tur
2316 4675 2371 4731 in
2402 4687 2465 4731 ea
2484 4682 2638 4746 parte
2646 4681 2900 4743 petrasti:
2922 4674 3227 4745 deliquium
3251 4692 3266 4731 :
3290 4676 3418 4734 sive
3437 4677 3570 4749 quia
3588 4679 3796 4736 m—

2195 4767 2321 4826 nieo
2340 4774 2532 4839 sponte
2550 4766 2801 4837 paruerit
2827 4767 3087 4839 alloquio,
3112 4770 3394 4848 sichuod
3421 4786 3489 4833 an
3526 4772 3796 4828 illim

2184 4873 2255 4919 ese
2268 4855 3024 4929 jurejurandoconstrinxerit
3045 4901 3062 4927 .
3091 4861 3207 4919 sive
3220 4863 3386 4921 etiam
3400 4864 3542 4934 quia
3566 4865 3623 4921 id
3635 4865 3794 4934 jun-

2192 4959 2437 5015 mentum
2458 4950 2671 5009 irritum
2692 4948 2886 5011 fecerit
2910 4968 3061 5024 :quae
3081 4956 3187 5013 tnia
3205 4970 3315 5012 non
3328 4955 3797 5015 minio-euen-

2190 5046 2341 5118 plum
2365 5045 2585 5105 minime
2605 5053 2733 5103 sunt
2758 5045 3100 5113 attrahenda,
3133 5048 3513 5106 verummian
3530 5051 3613 5108 ab
3632 5049 3792 5108 omni

2192 5135 2694 5207 catholicopenitus
2719 5136 3041 5203 abdicanda,
3076 5139 3337 5209 quoniam
3358 5140 3558 5197 unicis
3586 5141 3789 5197 divina

2190 5227 2326 5300 legis
2343 5234 2471 5289 sunt
2505 5226 2834 5287 testimoniis
2856 5228 3168 5287 interdicta.
3223 5229 3531 5295 Societates
3578 5241 3792 5304 esseet

2188 5323 2530 5383 coniurationes
2570 5335 2677 5379 non
2698 5319 2882 5379 [solum
2913 5320 3239 5386 daemonum,
3270 5322 3565 5381 socialia-
3604 5324 3793 5382 aII-h-

504 5396 558 5443 et
584 5390 913 5487 risugdignas
939 5402 1139 5460 naenias
1170 5402 1408 5459 dictandi
1454 5408 1646 5478 pedem
1697 5420 1974 5475 verterunt
1999 5426 2091 5485 ;et
2182 5431 2311 5474 eum
2340 5415 2615 5474 hominum
2638 5412 3221 5484 pluribualdiviuomm
3266 5413 3616 5485 alntpinnm
3639 5430 3792 5487 pne-

506 5498 627 5538 cum
652 5485 908 5579 viderent
939 5492 1131 5549 divinte
1183 5495 1319 5568 legis
1361 5500 1670 5561 testimonia
1722 5504 2091 5579 incompeten-
2186 5507 2358 5578 coeptis
2392 5508 2723 5565 inhibentur.
2768 5505 3044 5566 Scribitur
3072 5508 3219 5565 enim
3260 5509 3320 5565 in
3367 5509 3597 5567 Pholo:
3641 5485 3788 5567 vlo:

508 5575 789 5669 ter-eidem
810 5583 960 5650 operi
980 5586 1219 5653 adhibita
1250 5605 1592 5669 nequaquam
1606 5611 1765 5667 posse
1788 5575 2085 5668 cobmrcre,
2400 5602 2650 5661 auditum
2697 5617 2920 5667 nam:
2938 5610 3006 5659 et
3028 5602 3095 5659 du
3120 5601 3474 5669 Martiis;
3502 5603 3644 5669 Fidi,
3674 5622 3785 5661 nos

509 5666 638 5723 tales
660 5669 835 5727 eidem
862 5678 1156 5735 sententias
1185 5666 1454 5765 aptavere,
1482 5688 1673 5770 quael
1694 5704 1856 5757 sensu
1886 5666 2088 5749 verbis-
2187 5704 2236 5749 te
2278 5693 2527 5749 seducant
2569 5695 2667 5749 uiri
2716 5694 2978 5768 impii.Si
3022 5711 3152 5768 ergo
3181 5666 3781 5754 malorum-hominum

509 5774 613 5832 que
638 5776 977 5837 neququam
1004 5782 1225 5842 possent
1263 5773 1499 5849 distare,
1525 5780 1785 5851 quoniam
1810 5781 1951 5841 sicut
1978 5772 2088 5842 fer-
2124 5861 2133 5865 θ
2186 5786 2523 5845 seductiones
2545 5787 2778 5845 vitandae
2816 5794 2982 5860 sunt,
3015 5789 3186 5846 multo
3207 5788 3385 5862 magis
3409 5790 3776 5865 malignorum
