4016 6292
301 320 452 378 1181

1019 382 1027 387 ,
1103 320 1281 378 unm
1320 284 1659 381 CAROLINI.
1697 353 1768 366 -
1798 294 2024 379 'carrr.
2060 320 2152 378 ne
2188 318 2378 378 MAG.
2416 346 2489 362 -
2514 314 2651 378 ue.
2682 316 2772 379 tv.

3420 319 3560 395 ίῖῐὶ

298 435 602 505 spirituum
658 433 890 506 alloquia
936 441 990 490 et
1036 451 1290 493 assensus
1322 436 1538 516 vitanda
1575 437 1884 505 creduntur,
1914 440 1967 502 Α
1990 450 2051 492 so
2071 436 2207 507 pede
2252 440 2456 491 tenere.
2483 437 2832 494 Commodius
2864 439 2996 495 dicit
3030 441 3296 514 tandem
3318 443 3419 502 mei
3444 450 3558 508 νὴ.

296 528 569 598 quoniam
587 541 712 583 cum
741 528 850 583 sint
867 527 1219 591 humanitatis
1242 529 1465 597 inimici,
1488 536 1542 593 et
1571 529 1726 585 nobis
1749 544 1890 585 sem-

1996 528 2125 593 Iare,
2156 543 2319 598 quam
2364 542 2546 585 rerum
2590 531 2988 587 insensatarum
3014 535 3382 595 adorationem
3412 554 3561 611 spera

296 632 409 689 per
452 617 653 687 infesti,
698 626 852 681 tanto
882 634 1097 690 semper
1144 621 1398 679 debemus
1440 622 1506 679 de
1547 637 1734 678 eorum
1771 636 1891 677 esse
1991 632 2138 673 nere.
2187 616 2533 676 Commodius
2561 622 2692 677 dicit
2741 622 2931 679 tollere
2972 628 3219 683 membra
3240 627 3450 691 rGhaisti
3506 639 3562 689 et

297 711 629 785 deceptione
681 714 918 784 suspecti
940 754 955 781 ,
1013 722 1068 771 et
1115 724 1303 779 contra
1359 732 1547 772 eorum
1621 717 1889 787 nequitias
1990 710 2167 768 facere
2187 714 2428 769 membra
2446 716 2776 801 meretricis,
2803 730 2962 786 quam
2989 730 3334 779 contain-ere
3362 725 3560 781 ariara-

295 804 502 869 erecti,
546 811 747 874 quanto
778 819 874 860 eos
921 804 1215 862 subtilioris
1270 820 1389 863 esse
1423 807 1625 863 scimus
1678 815 1888 867 naturae
1990 805 2189 861 tionem
2238 807 2417 880 operis
2462 805 2744 877 cujuslibet
2803 810 3045 867 artiﬁcis.
3090 812 3240 868 Dicat
3289 830 3453 884 ergo.
3512 817 3559 873 si

297 895 394 949 vel
439 895 655 966 ingenii.
712 896 769 952 ln
802 911 867 952 eo
911 913 1125 968 quoque
1179 899 1322 970 quod
1367 900 1596 956 daemoni
1641 899 1884 972 juravit,

295 984 509 1045 divinis
551 988 729 1044 verbis
782 989 1322 1069 quibusqjuramcnta
1367 994 1719 1063 prohibentur
1749 1012 1883 1053 con-

299 1080 477 1136 traiit.
517 1080 576 1139 In
614 1081 993 1139 Ecclesiastico
1032 1100 1265 1158 namque
1289 1087 1583 1145 scribitur:
1615 1089 1883 1146 Jurationi

297 1189 415 1228 non
469 1182 734 1228 assuescat
772 1190 829 1229 os
872 1183 1020 1237 tuum
1046 1192 1065 1232 :
1091 1176 1243 1232 multi
1270 1179 1407 1232 enim
1468 1196 1620 1236 casus
1648 1182 1705 1235 in
1763 1179 1878 1236 illa.

297 1263 461 1320 Sicut
511 1269 648 1325 enim
675 1285 850 1325 servus
876 1271 1221 1343 interrogatus
1270 1273 1480 1328 assidue
1518 1292 1550 1329 a
1576 1272 1735 1329 livore
1770 1293 1877 1331 non

295 1357 591 1424 minuetur,
614 1360 687 1415 sic
713 1360 879 1423 omnis
890 1361 1085 1433 jurans
1108 1370 1158 1416 et
1186 1366 1463 1419 nominans
1483 1367 1540 1420 in
1572 1375 1680 1420 toto
1710 1384 1742 1422 a
1762 1383 1881 1438 pec-

292 1455 425 1501 cato
453 1465 556 1503 non
582 1451 907 1521 purgabitur.
950 1449 1045 1507 Vir
1078 1454 1297 1508 multum
1338 1456 1533 1527 jurans
1578 1456 1881 1529 implebitur

290 1537 597 1611 iniquitate,
627 1548 675 1596 et
702 1558 805 1597 non
828 1541 1053 1598 discedet
1080 1561 1112 1598 a
1143 1545 1297 1599 domo
1330 1544 1473 1600 illius
1506 1546 1660 1619 plaga
1682 1544 1874 1619 (Eccli.

292 1627 481 1700 nm).
522 1631 638 1701 Ipsa
669 1647 881 1704 quoque
907 1634 1121 1690 Veritas
1167 1636 1226 1690 in
1251 1635 1541 1708 Evangelio
1570 1638 1734 1694 dicit:
1766 1638 1878 1710 Ego

291 1729 477 1773 autem
497 1720 612 1774 dico
637 1722 798 1787 vobis,
827 1740 889 1777 ne
909 1726 1122 1783 omnino
1139 1726 1349 1799 juretis,
1374 1744 1536 1803 neque
1559 1747 1652 1801 per
1669 1729 1871 1799 caelum,

1987 898 2194 971 uspiam
2264 901 2503 970 reperire
2542 908 2741 970 potest,
2801 902 3006 958 dixisse
3056 905 3378 963 Dominum:
3436 907 3560 964 Non

1988 989 2205 1060 abneges
2259 990 2617 1047 adorationem
2642 993 2921 1063 imaginis,
2982 995 3124 1053 sicut
3173 997 3375 1052 dixisse
3434 1012 3557 1053 eum

1986 1080 2481 1138 manifestissimum
2528 1092 2630 1149 est,
2666 1084 2789 1140 Non
2819 1086 3155 1141 mechaberis
3206 1086 3403 1158 (Exod.
3436 1089 3555 1158 ιιι).

1986 1172 2156 1237 Dicat,
2198 1173 2243 1227 si
2266 1173 2461 1229 alicubi
2502 1176 2741 1246 reperire
2765 1177 2927 1243 valet,
2976 1178 3179 1234 dixisse
3224 1179 3554 1237 Dominum:

1985 1262 2047 1319 Si
2076 1264 2264 1320 videris
2282 1266 2561 1336 imaginem
2588 1277 2637 1321 et
2662 1285 2767 1323 non
2797 1269 3097 1325 adoraoeris
3138 1287 3273 1337 eam,
3300 1274 3554 1342 peccasti,

1984 1354 2123 1410 sicut
2174 1357 2512 1426 apertissime
2561 1359 2762 1415 dixisse
2813 1376 2937 1415 eum
2970 1368 3208 1427 constat,
3260 1359 3323 1417 Si
3368 1362 3556 1421 videris

1982 1445 2251 1501 mulierem
2280 1448 2349 1502 ad
2377 1450 2846 1526 concupiscendum
2871 1467 3008 1517 eain,
3031 1453 3149 1523 jam
3194 1452 3479 1507 mahatus
3501 1468 3555 1507 es

1981 1554 2096 1593 eam
2118 1540 2173 1593 in
2195 1540 2350 1593 corde
2377 1548 2467 1593 tuo
2495 1539 2705 1611 (Matth.
2732 1540 2810 1611 v).
2842 1540 2972 1609 Qua:
2990 1556 3116 1598 cum
3136 1558 3246 1598 non
3275 1542 3553 1611 repererit,

1982 1631 2331 1686 vehementer
2357 1645 2416 1687 se
2443 1644 2654 1686 errasse
2682 1634 2977 1702 pel-sentiat
3012 1634 3107 1704 qui
3154 1648 3269 1691 rem
3292 1641 3402 1697 tam
3426 1648 3553 1703 pro-

1980 1722 2196 1778 brosam
2219 1731 2530 1792 perpetrare
2576 1723 2645 1779 ob
2670 1724 2975 1779 evitandam
3002 1740 3125 1780 rem
3167 1725 3554 1785 infructuosam

287 1812 425 1881 quia
450 1811 595 1866 sedes
618 1812 718 1867 Dei
747 1821 842 1880 est,
870 1832 1032 1887 neque
1059 1834 1151 1889 per
1177 1827 1370 1874 terram
1396 1860 1411 1886 ,
1442 1822 1568 1892 quia
1593 1820 1875 1875 scabellum
1908 1841 1955 1901 Β
1982 1815 2266 1870 concessit.
2297 1815 2431 1870 Nam
2465 1817 2591 1870 dum
2638 1816 2897 1872 Dominus
2940 1825 2997 1872 ει
3014 1832 3121 1887 per
3165 1816 3336 1888 legem
3375 1818 3554 1881 accin-

286 1910 370 1957 est
400 1902 589 1973 pedum
616 1904 752 1974 ejus,
784 1922 946 1979 neque
971 1925 1063 1980 per
1089 1906 1531 1982 Hierosolymam,
1555 1913 1680 1984 quia
1695 1912 1877 1969 civitas
1979 1908 2336 1981 gere'lumbos
2363 1924 2525 1980 super
2548 1903 2736 1974 ubera,
2766 1910 2821 1969 in
2842 1910 3005 1965 corde
3034 1909 3282 1967 videlicet
3305 1909 3552 1973 libidines

284 2002 374 2049 est
422 1997 594 2067 magni
624 1999 781 2068 regis,
812 2015 973 2072 neque
1012 2018 1107 2073 per
1142 2012 1295 2074 caput
1324 2012 1471 2058 tuum
1490 2004 1725 2076 jurabis,
1750 2008 1877 2080 quia
1977 2018 2243 2068 resecare,
2291 2011 2347 2058 et
2385 2018 2484 2071 per
2508 2002 2863 2085 Evangelium
2896 2001 3109 2059 lumbos
3128 2002 3443 2072 accingere.
3497 2008 3554 2055 6t

286 2105 405 2145 non
426 2100 569 2160 potes
617 2108 779 2155 unum
819 2092 986 2165 pilum
1034 2095 1207 2171 facere
1254 2097 1431 2153 album
1480 2110 1569 2155 aut
1624 2102 1874 2173 nigrum;

283 2180 358 2233 sit
389 2189 562 2236 autem
588 2198 758 2238 sermo
795 2195 978 2255 vester,
1026 2195 1099 2241 est
1121 2196 1213 2253 est,
1247 2206 1349 2243 non
1374 2192 1669 2261 non:quod
1699 2201 1873 2247 autem

284 2270 519 2341 amplius
548 2281 623 2328 est
645 2292 677 2327 a
699 2274 839 2329 malo
866 2285 942 2331 est
964 2274 1179 2348 (Matth.
1212 2279 1285 2352 v).
1317 2280 1487 2335 Porro
1513 2283 1655 2351 quod
1698 2283 1872 2339 eidem

281 2362 520 2418 dz'emoni
550 2380 612 2421 se
648 2364 916 2438 pejerasse
948 2369 1282 2439 perhibetur,
1334 2379 1387 2427 et
1417 2372 1472 2427 in
1500 2373 1602 2428 hoc
1639 2373 1870 2431 absurde

280 2453 465 2523 egisse
512 2453 799 2528 detegitur.
845 2457 938 2514 Ait
991 2460 1135 2537 enim
1180 2460 1440 2527 Dominus
1472 2478 1572 2536 per
1605 2464 1863 2537 Moysen:

284 2544 418 2600 Non
436 2546 646 2617 jurabis
670 2550 726 2603 in
772 2552 981 2608 nomine
1006 2568 1119 2608 meo
1137 2540 1341 2625 injuste
1363 2595 1379 2621 ,
1411 2564 1459 2609 et
1492 2572 1594 2610 non
1622 2556 1866 2627 profanos

1975 2093 2220 2149 lucernas
2234 2101 2434 2157 tenere,
2460 2093 2693 2149 castitati
2713 2093 3079 2151 scitissimum
3102 2107 3266 2164 opera
3284 2092 3555 2151 associare

1973 2192 2320 2258 percenseat,
2374 2193 2431 2240 et
2483 2186 2539 2240 in
2599 2184 2764 2240 divini
2832 2184 3032 2253 eloquii
3076 2185 3231 2242 libris
3284 2184 3551 2247 castitatis

1970 2286 2244 2349 prtecepta
2268 2276 2479 2342 dentur,
2508 2289 2773 2345 nusquam
2792 2274 2900 2328 tale
2918 2273 3124 2343 aliquid
3160 2274 3229 2329 de
3252 2274 3546 2344 imaginum

1971 2370 2285 2427 adoratione
2303 2369 2513 2439 jussum
2554 2366 2719 2422 fuisse
2756 2366 3054 2437 raperitur.
3098 2363 3251 2427 Unde
3285 2365 3413 2425 dum
3456 2379 3549 2423 re-

1971 2469 2122 2517 truso
2162 2461 2244 2515 'illi
2272 2462 2438 2516 abbas
2458 2474 2616 2525 suus,
2645 2458 2735 2529 qui
2758 2457 2812 2513 ei
2852 2457 3040 2526 utique
3068 2456 3322 2521 ducatum
3354 2455 3548 2517 salutis

1967 2555 2209 2626 praebere
2228 2553 2430 2619 debuit,
2446 2552 2702 2624 peccandi
2726 2551 2962 2607 habenas
2984 2550 3202 2615 laxavit,
3232 2558 3288 2605 et
3310 2549 3403 2621 qui
3424 2562 3548 2611 eum

281 2652 480 2700 nomen
503 2647 745 2693 sanctum
779 2657 949 2696 meum
983 2658 1002 2696 :
1031 2658 1123 2714 ego
1167 2660 1283 2697 sum
1318 2642 1574 2699 Dominus
1617 2644 1754 2700 Deus
1782 2663 1865 2700 ve-
1968 2645 2035 2699 ab
2056 2645 2259 2707 erroris
2301 2645 2492 2715 laqueo
2520 2658 2636 2714 iquo
2674 2643 2908 2701 dmmoni
2930 2649 3211 2712 auraverat
3265 2642 3543 2699 retrahere

278 2734 396 2778 ster
426 2724 610 2797 (Leuit.
640 2727 784 2803 xu);
827 2736 883 2784 et
922 2729 977 2784 in
1023 2731 1283 2787 Zacharia
1323 2733 1584 2803 propheta
1630 2733 1863 2802 lcgitur’:
1966 2736 2169 2803 debuit,
2214 2737 2326 2806 ipse
2353 2750 2567 2807 quoque
2611 2750 2733 2791 cum
2757 2749 2824 2791 eo
2871 2735 2927 2790 in
2962 2734 3170 2791 erroris
3204 2734 3539 2803 voraginem,

286 2813 356 2869 Et
374 2816 735 2888 juramentum
760 2819 952 2893 falsum
964 2821 1122 2879 nolite
1146 2823 1376 2895 diligere,
1407 2826 1530 2897 quia
1550 2826 1659 2880 hwc
1688 2827 1866 2880 omnia
1965 2828 2058 2897 qui
2081 2827 2130 2885 ei
2155 2826 2532 2899 gravissimum
2562 2825 2768 2881 facinus
2806 2825 2884 2880 ait
2909 2839 3029 2880 esse
3057 2825 3392 2880 commodius
3418 2839 3544 2893 per-

279 2906 443 2973 odivi,
495 2909 623 2964 dicit
657 2911 913 2969 Dominus
960 2914 1279 2988 amnipotens
1312 2915 1496 2988 (Zach.
1548 2916 1689 2989 vm).
1726 2917 1863 2974 Cum
1956 2917 2303 2987 pulsandum,
2334 2916 2564 2985 corruit,
2598 2916 2786 2987 procul
2816 2914 2979 2971 dubio
3001 2912 3370 2985 evangelicum
3400 2912 3544 2969 illud

277 3014 417 3071 ergo
441 3001 580 3065 idem
616 3012 862 3062 retrusus
889 3004 1007 3062 haec
1056 3007 1161 3062 tria
1186 3008 1381 3062 divinis
1404 3008 1584 3064 verbis
1609 3009 1853 3065 o'bniten-
1965 3011 2240 3082 implevit:
2278 3010 2339 3068 Si
2381 3028 2570 3077 catcus,
2600 3012 2790 3081 inquit,
2820 3028 2956 3068 careo
2995 3011 3243 3073 ducatum
3280 3009 3537 3083 μαίνεαι,

278 3092 359 3146 tia
384 3098 794 3166 perpetraverit,
821 3097 936 3168 ejus
963 3100 1129 3155 abbas
1161 3101 1293 3156 nihil
1321 3100 1376 3156 in
1400 3114 1465 3157 eo
1511 3104 1861 3159 correctionis
1964 3102 2115 3155 ambo
2162 3102 2219 3154 in
2247 3101 2447 3171 foveam
2488 3101 2675 3157 cadent
2698 3101 2914 3173 (Matth,
2946 3102 3061 3173 ιγ).
3109 3099 3366 3171 Quisquis
3408 3112 3539 3169 ergo

280 3185 547 3255 exhibuit,
611 3191 703 3245 sed
731 3192 780 3246 ei
810 3190 1132 3248 deteriorem
1153 3194 1410 3264 peccandi
1457 3194 1597 3250 viam
1626 3197 1862 3253 ostendit
1886 3198 1934 3263 ο
1964 3193 2058 3248 tali
2110 3193 2358 3264 exemplo
2406 3208 2559 3248 suam
2590 3192 2707 3248 vult
2763 3191 2956 3249 fulcire
2999 3191 3354 3253 assertionem
3376 3230 3395 3261 ο
3430 3205 3540 3253 non

280 3278 471 3343 dicens
497 3299 508 3336 :
543 3281 877 3340 Commodius
892 3287 984 3341 tibi
994 3296 1069 3342 est
1080 3288 1256 3342 omnia
1284 3288 1559 3343 incivitate
1579 3287 1858 3361 lupanaria

274 3371 504 3442 ingredi,
533 3392 690 3446 quam
719 3378 975 3450 abnegare
1003 3381 1363 3437 adorationem
1406 3381 1651 3452 imaginis
1672 3381 1854 3436 Domi-

272 3465 330 3519 ni
357 3503 374 3531 ,
435 3475 525 3519 aut
566 3468 680 3537 ejus
734 3479 930 3524 sancta:
979 3472 1261 3543 genitricis.
1326 3472 1371 3530 Ο
1419 3474 1854 3545 incomparabilis

270 3557 613 3613 absurditas!
652 3557 696 3614 Ο
738 3558 1010 3621 exitiabile
1061 3564 1292 3620 malum!
1318 3564 1362 3622 Ο
1390 3567 1610 3621 vesania
1665 3565 1851 3622 multis

268 3650 511 3705 vesaniis
565 3651 928 3721 praeferenda!
970 3651 1317 3727 commodius
1371 3656 1499 3713 dicit
1536 3664 1848 3728 perpetrare

268 3755 391 3795 rem
414 3748 581 3812 etper
622 3743 814 3817 legem,
842 3753 896 3801 et
943 3761 1042 3817 per
1096 3748 1429 3819 evangelium
1480 3748 1843 3817 interdictam,

268 3848 438 3905 quam
465 3834 734 3891 abstinere
757 3851 814 3892 se
837 3852 870 3892 a
894 3853 954 3894 re
987 3853 1149 3908 quam
1182 3854 1359 3909 neque
1384 3853 1482 3909 per
1526 3838 1719 3910 legem,
1752 3853 1848 3893 ne-

246 3940 382 4003 que
402 3940 497 3995 per
549 3928 885 4000 evangelium
919 3937 1129 3984 constat
1157 3943 1278 3986 esse
1322 3929 1644 3985 institutam.
1690 3927 1848 3985 Com-

269 4003 490 4073 modius
527 4020 663 4079 dicit
702 4020 908 4077 facinus
951 4032 1265 4097 perpetrare
1321 4040 1482 4095 quam
1534 4041 1565 4079 a
1609 4024 1847 4081 facinore

267 4111 568 4169 abstinere.
600 4112 943 4173 Commodius
990 4116 1119 4171 dicit
1170 4117 1222 4171 in
1248 4115 1516 4187 profundo
1544 4132 1701 4172 coeno
1728 4132 1849 4174 sese

234 4278 239 4279 γ
264 4200 421 4257 ultro
447 4202 779 4276 immergere,
825 4219 983 4277 quam
1013 4205 1155 4260 viam
1184 4206 1316 4263 recti
1358 4207 1591 4263 tramitis
1618 4206 1843 4264 iuoﬁ'en-

1960 3299 2117 3341 sitam
2166 3285 2432 3341 insaniam
2460 3284 2787 3340 mediocrem
2813 3284 2909 3340 sed
2944 3283 3159 3347 caeteris
3203 3283 3540 3341 demonstrat

1960 3391 2083 3434 esse
2123 3378 2459 3433 validiorem.
2506 3375 2650 3443 Quia
2692 3377 2865 3447 igitur
2898 3374 3124 3433 illorum
3182 3372 3536 3431 absurditatis

1952 3468 2214 3524 instantia
2243 3475 2300 3523 et
2336 3466 2949 3537 nugammmntinuitas
2968 3464 3085 3521 sive
3130 3463 3295 3525 etiam
3338 3461 3533 3525 delira-

1954 3566 2262 3614 meutorum
2304 3558 2586 3627 congeries
2652 3556 2817 3615 nullis
2876 3556 2932 3620 in
2986 3569 3180 3621 eorum
3236 3552 3531 3623 volumine,

1952 3649 2109 3720 cujus
2134 3664 2351 3705 errores
2391 3649 2730 3713 discutimus,
2778 3646 3271 3719 intercapedinibus
3316 3644 3528 3715 requie-

1948 3751 2114 3800 scunt
2138 3783 2154 3808 ,
2226 3740 2417 3798 saltem
2486 3740 2756 3799 librorum
2836 3724 3065 3801 istorum
3123 3735 3526 3808 intercapedine

1955 3839 2048 3910 qui
2080 3838 2223 3893 inter
2254 3837 2416 3893 unius
2458 3835 2621 3893 ﬁnem
2652 3844 2719 3892 let
2768 3834 2989 3893 alterius
3039 3833 3251 3897 initium
3311 3839 3393 3886 est
3445 3842 3528 3893 re-

1955 3932 2215 4003 quiescat,
2244 3945 2352 4002 quo
2385 3930 2528 3987 sicut
2568 3929 2786 3987 illorum
2819 3942 2973 3991 error
3019 3928 3094 3983 ita
3122 3926 3290 3985 etiam
3312 3937 3529 3981 eorum-

1955 4022 2079 4078 dem
2146 4036 2390 4083 errorem
2471 4021 2687 4079 assidua
2760 4018 3123 4089 disputatione
3190 4014 3480 4073 discutitur
3506 4050 3524 4080 ,

1954 4116 2280 4171 eontinuitas
2330 4115 2593 4172 librorum
2642 4111 2922 4175 intervallo
2978 4106 3380 4183 quodammodo
3444 4103 3527 4160 di-

1938 4206 2202 4262 'rimatur.

1462 4500 1765 4593 LIBER
1817 4494 2321 4597 QUARTUS.

1636 4656 2142 4689 W—

1694 4684 1701 4691 ν

862 4748 1256 4809 ῬΒᾸΞΕἊἹἾΘ.

344 4865 539 4925 Tribus
602 4862 762 4936 hujus
820 4872 1018 4931 nostrae
1069 4861 1446 4934 disputationis
1510 4862 1663 4922 libris
1722 4864 1836 4922 Deo

260 4957 563 5026 auxiliante
584 4957 840 5023 decussis,
884 4955 1154 5026 inquibus
1190 4956 1433 5027 quaedam
1487 4955 1682 5010 divina:
1703 4956 1837 5027 legis

264 5049 599 5116 testimonia,
639 5060 693 5111 et
718 5048 764 5103 si
790 5048 1040 5111 breviter,
1064 5047 1300 5117 propriis
1331 5055 1511 5103 tamen
1536 5050 1835 5104 secundum

261 5149 581 5207 sanctorum
602 5149 813 5212 patrum
837 5140 1131 5194 doctrinam
1152 5148 1277 5195 sunt
1298 5139 1543 5194 sensibus
1561 5139 1831 5205 restituta,

261 5242 325 5293 et
352 5239 550 5288 nostra:
595 5230 716 5287 ﬁdei
764 5228 1029 5286 confessio
1053 5272 1067 5301 ,
1102 5246 1407 5302 quanquam
1450 5230 1686 5301 pedestri
1723 5245 1837 5286 ser-

261 5337 464 5386 mone,
493 5321 701 5376 sincera
733 5329 911 5373 tamen
948 5327 1031 5375 est
1067 5320 1373 5390 apostolica:
1400 5320 1708 5377 traditionis
1746 5320 1840 5375 tir-

263 5413 454 5467 mitatc
479 5418 699 5466 exarata
724 5453 739 5480 ,
773 5420 827 5467 et
860 5411 1070 5467 illorum
1118 5412 1211 5482 qui
1268 5426 1437 5467 novas
1464 5412 1837 5467 institutiones

206 5484 213 5489 ’
263 5502 519 5559 Ecclesia:
550 5502 748 5558 inferre
800 5505 1052 5571 nitentes,
1106 5519 1196 5558 res
1240 5518 1401 5559 sensu
1448 5510 1699 5559 carentes
1747 5503 1837 5557 ad-

258 5609 423 5652 orare
443 5603 781 5666 percensent,
813 5596 1030 5651 vesania
1053 5595 1447 5665 quodammodo
1467 5604 1551 5650 est
1568 5595 1830 5658 discussa,

259 5688 333 5745 ad
386 5695 639 5765 quartum
698 5706 842 5746 nunc
889 5689 1085 5744 librum
1135 5704 1232 5744 nos
1285 5688 1638 5758 peraccedere
1694 5686 1831 5743 ratio

1868 4755 1923 4818 D
1947 4770 2254 4812 remansere
2308 4757 2541 4815 Domino
2598 4754 2750 4827 opitu
2771 4759 2898 4808 ante
2970 4757 3098 4808 sunt
3154 4748 3511 4809 discutienda.

1932 4846 2210 4915 Quoniam
2293 4847 2510 4917 quidem
2575 4839 2972 4903 tumultuosum
3046 4842 3516 4911 inordinatumque

1942 4942 2154 4999 dicendi
2199 4955 2369 5011 genus
2414 4941 2701 5005 evitantea,
2748 4937 3020 4997 librorum
3065 4931 3510 4997 numerositatem

1940 5034 2309 5092 ordinavimus
2330 5071 2350 5099 ,
2402 5039 2461 5086 et
2504 5029 2755 5091 brevitati
2797 5026 3075 5084 studentes
3121 5041 3229 5080 non
3278 5023 3511 5093 amplius

1943 5142 2107 5199 quam
2127 5126 2196 5183 nd
2220 5131 2453 5194 quatuor
2480 5121 2646 5178 libros
2694 5117 2853 5190 hujus
2885 5117 3056 5175 nostri
3100 5114 3281 5186 operis
3307 5129 3513 5170 sermo-

1942 5232 2067 5273 nem
2087 5214 2473 5286 protendimus,
2499 5219 2554 5267 et
2568 5225 2864 5283 paucorum
2880 5207 3239 5280 prolixitatem
3252 5204 3509 5276 plurium-

1940 5324 2047 5381 (με
2086 5306 2493 5371 diminutionem
2520 5302 2807 5372 fugientes,
2829 5302 2884 5356 in
2909 5300 3011 5357 hoc
3052 5313 3278 5355 numero
3313 5305 3512 5352 nostrm

1938 5396 2316 5470 disputationis
2330 5395 2525 5466 pedem
2546 5392 2900 5457 ﬁrmavimus,
2928 5404 3087 5461 quem
3131 5402 3352 5465 prorsus
3378 5385 3512 5441 divi-

1937 5506 2129 5552 norum
2154 5490 2493 5560 eloquiarum
2540 5484 2862 5543 testimoniis
2910 5488 3181 5547 sacratum
3205 5494 3326 5535 esse
3367 5491 3510 5533 rom-

1936 5585 2193 5657 perimus.
2222 5580 2620 5649 materiarius
2666 5591 2794 5648 ergo
2820 5588 3096 5637 numerus,
3138 5579 3191 5627 et
3213 5587 3243 5626 a
3268 5567 3508 5642 physicis

1936 5678 1993 5737 iu
2039 5675 2429 5731 elementorum
2480 5686 2548 5735 ac
2609 5669 2773 5729 totius
2822 5665 3111 5733 mundana:
3175 5662 3353 5728 molis,
3423 5657 3508 5714 vel

259 5752 425 5857 cogit,
451 5783 507 5839 in
528 5799 636 5856 quo
674 5785 720 5843 si
740 5800 847 5859 qua
871 5783 938 5841 de
978 5782 1194 5841 illorum
1241 5752 1568 5843 vanitatibus
1599 5781 1833 5852 capitula

1959 5772 2099 5835 siam
2132 5770 2344 5839 ratione
2640 5763 2886 5851 corporis
2914 5758 3331 5835 laboriosissima
3357 5752 3509 5811 inda-
3564 5829 3582 5837 _
3621 5794 3631 5805 .
