4016 6292
501 329 641 386 “85

1386 320 1445 375 Β.
1483 315 1735 376 CAROLI
1772 312 1987 372 MAGM
2025 311 2180 368 OPP.
2220 311 2401 369 PARS
2433 313 2500 369 ll.
2539 312 2785 371 SECTIO
2816 315 2881 372 ll.

3634 323 3773 381 1184

501 443 734 514 gatione,
758 436 824 492 de
849 435 1044 507 quibus
1080 445 1222 488 nunc
1251 431 1432 486 dicere
1457 431 1675 500 longum
1700 437 1814 493 est,
1847 433 2080 483 usitatus
2105 429 2161 488 Α
2184 428 2360 497 imago
2384 428 2636 499 quaslibet
2672 429 2867 484 mortis
2919 429 3147 499 imperio
3205 432 3468 491 destituto
3501 434 3774 511 Erebique

501 533 847 605 approbatur,
884 533 938 582 et
976 542 1007 580 a
1048 524 1245 580 divinis
1278 522 1474 576 litteris
1503 537 1622 591 quae
1651 520 1807 590 plura
1845 527 2078 587 sacrata,

501 633 557 681 et
581 623 648 679 ad
664 621 980 694 mysterium
1005 615 1330 689 pertinentia
1350 615 1540 670 eodem
1563 629 1787 668 numero
1807 620 2082 669 coarctata

504 732 622 773 esse
644 721 932 776 testantur,
956 708 1357 766 sacratissimus
1385 707 1801 761 demonstratur.
1843 703 2083 770 Quatuor

504 807 701 863 etenim
729 802 950 858 ﬁumina
971 800 1038 854 de
1061 814 1170 854 uno
1212 797 1448 867 paradisi
1493 796 1640 851 fonte
1669 795 1996 859 emanantia,
2028 801 2084 849 et

505 905 739 966 quatuor
761 889 1039 961 evangelia
1059 887 1128 944 de
1156 887 1304 943 fonte
1325 887 1462 942 lucis
1487 882 1543 940 et
1571 885 1781 956 origine
1826 883 2086 940 bonitatis

505 983 870 1057 procedentia,
893 991 947 1036 et
966 987 1200 1051 quatuor
1219 980 1468 1042 virtutes,
1498 977 1787 1048 prudentia
1812 976 2082 1041 videlicet,

505 1079 764 1136 fortitudo
789 1120 804 1145 ,
859 1076 1073 1148 justitia
1099 1117 1114 1143 ,
1194 1092 1289 1132 seu
1335 1075 1696 1145 temperantia
1727 1115 1742 1139 ,
1793 1075 2087 1128 humanam

504 1173 672 1227 vitam
693 1169 1092 1226 honestissimis
1143 1167 1345 1239 regulis
1375 1167 1718 1223 moderantes
1745 1179 1862 1220 esse
1893 1165 2088 1220 descri-

504 1267 725 1322 buntur.
773 1263 1061 1331 Quadratis
1103 1262 1266 1316 etiam
1306 1260 1467 1332 lignis
1515 1275 1640 1315 arca
1684 1259 1945 1314 fabricata
1981 1265 2083 1323 est,

507 1361 563 1416 in
603 1374 707 1430 qua
755 1357 978 1413 humani
1029 1355 1242 1427 generis
1282 1354 1395 1408 sive
1438 1352 1679 1408 omnium
1731 1350 2088 1406 animantium

506 1454 617 1508 vita
647 1451 802 1522 aquis
839 1456 1033 1505 cuncta
1078 1446 1417 1502 vastantibus
1453 1451 1726 1500 reservata
1767 1450 1887 1498 est:
1947 1457 2091 1498 nunc

508 1561 723 1617 quoque
770 1559 895 1598 arca
930 1548 1129 1598 sancta
1156 1539 1428 1602 Ecclesiae,
1471 1553 1591 1608 quae
1617 1539 1673 1591 in
1717 1535 1877 1605 hujus
1908 1535 2090 1590 saeculi

484 1639 822 1710 procellosis
847 1635 1202 1693 tentationum
1231 1633 1438 1687 innatat
1458 1631 1638 1696 undis,
1662 1647 1781 1700 quae
1797 1629 2091 1684 electorum

509 1731 968 1800 reproborumque
1015 1741 1185 1795 capax
1210 1731 1312 1788 est,
1369 1721 1649 1792 quadratis
1673 1720 1852 1790 lignis,
1887 1719 2092 1774 sanctis

2181 519 2447 588 profundo
2485 521 2715 591 spoliato
2741 523 2808 576 de
2832 522 3080 592 sepulcro
3133 529 3391 592 surrexit,
3424 544 3531 584 nec
3558 530 3779 600 cujusli-

2182 611 2273 664 bet
2301 610 2500 664 terreni
2524 611 2749 667 artiﬁcis
2783 628 2918 684 opus
2971 615 3201 684 apostoli
3227 617 3567 677 salutaribus
3605 625 3778 680 moni-

2184 705 2254 760 tis
2288 705 2568 771 institutis,
2612 715 2667 760 et
2697 722 2793 776 per
2840 707 3009 763 totius
3057 709 3244 765 mundi
3283 714 3529 782 compita
3555 717 3626 770 ad
3647 732 3780 786 pm

2186 799 2506 854 dicationem
2529 801 2811 856 destinatis
2836 817 2959 856 cum
3006 817 3234 871 corpore
3263 805 3331 859 ad
3361 806 3568 861 coelum
3595 824 3778 865 ascen-

2185 892 2282 958 dit,
2321 901 2377 946 ct
2405 891 2471 947 ad
2504 894 2598 948 Dci
2626 894 2804 950 Patris
2859 897 3247 968 omnipotentis
3273 900 3565 956 dexteram
3622 905 3773 959 sedit.

2185 987 2311 1042 Haec
2332 988 2473 1042 enim
2497 989 2676 1042 omnia
2713 1005 2818 1045 non
2841 993 3052 1061 pictura
3101 994 3374 1063 quaelibet,
3402 997 3504 1053 sed
3528 996 3777 1057 Christus

2187 1081 2277 1151 qui
2304 1089 2385 1135 est
2407 1081 2598 1136 unicus
2630 1082 2723 1138 Dei
2756 1082 2935 1140 Patris
2981 1085 3151 1141 Filius
3179 1095 3302 1143 ante
3338 1089 3545 1145 saecula
3574 1105 3608 1144 a
3628 1089 3780 1148 Patre

2187 1170 2529 1226 ineﬁ‘abiliter
2553 1173 2787 1243 genitus,
2818 1175 2871 1229 in
2899 1174 3007 1231 ﬁne
3032 1177 3354 1233 saaculorum
3381 1181 3451 1235 ad
3488 1190 3668 1237 terras
3692 1183 3782 1238 huc

2187 1279 2360 1319 mante
2385 1265 2575 1320 salutis
2622 1281 2785 1322 causa
2809 1268 3006 1323 missus
3030 1271 3258 1342 peregit,
3287 1272 3382 1341 qui
3406 1281 3493 1328 est
3524 1282 3724 1329 unctus
3750 1289 3778 1328 a

2188 1357 2347 1412 Patre
2378 1356 2498 1411 oleo
2538 1357 2739 1413 latitia:
2763 1375 2876 1429 prae
2907 1362 3254 1418 consortibus
3292 1365 3428 1430 suis,
3473 1367 3570 1435 qui
3596 1382 3783 1422 secun-

2191 1449 2318 1503 dum
2353 1447 2675 1518 Apostolum
2715 1451 3026 1519 paciﬁcavit
3072 1454 3253 1508 omnia
3310 1469 3410 1524 per
3464 1457 3783 1526 sanguinem

2191 1542 2369 1596 crucis
2397 1558 2526 1606 sum,
2580 1543 2692 1597 sive
2719 1559 2838 1613 qua:
2867 1545 2921 1598 in
2973 1545 3146 1611 caelis,
3198 1547 3309 1601 sive
3367 1563 3492 1617 quae
3544 1550 3601 1603 in
3630 1551 3785 1605 terris

2191 1645 2332 1697 sunt,
2364 1636 2448 1690 cui
2471 1635 2704 1690 ﬂectitur
2732 1652 2891 1692 omne
2912 1653 3051 1707 genu
3078 1639 3400 1704 caalestium,
3441 1642 3786 1696 terrestrium

2194 1733 2248 1780 et
2282 1725 2633 1782 infernorum.
2671 1727 2749 1783 Ac
2782 1744 2882 1798 per
2924 1731 3028 1784 hoc
3070 1731 3114 1785 si
3167 1731 3290 1800 quis
3359 1733 3651 1804 imaginem
3698 1735 3790 1789 ad-

511 1787 717 1880 scilicet
745 1787 899 1877 viris.
930 1819 1203 1890 patientiae
1246 1816 1447 1870 virtute
1499 1813 1786 1877 decoratis,
1827 1811 2089 1867 fabricata
2121 1787 2166 1847 Β
2193 1832 2358 1872 orans
2388 1817 2540 1882 dicit,
2570 1816 2672 1873 Hic
2697 1787 2801 1873 est‘
2821 1819 3060 1876 Christus
3089 1787 3264 1876 Filius
3294 1823 3414 1888 Dei,
3460 1787 3563 1880 non
3603 1826 3789 1882 solum

511 1917 762 1970 ﬁrmatur
818 1926 1048 1982 quorum
1098 1910 1210 1964 vita
1245 1920 1566 1978 quocunque
1597 1904 1831 1960 vertitur
1863 1903 2092 1959 ﬁrmiter

519 2016 650 2074 stat,
679 2006 805 2076 quia
833 2019 930 2060 nec
947 2005 1001 2057 in
1037 2001 1278 2057 adversis
1298 1999 1642 2068 dejiciuntur,
1670 2013 1768 2052 nec
1797 1997 1848 2051 in
1877 2011 2095 2066 prospe-

510 2101 588 2156 ris
641 2098 1004 2153 sublevantur.
1041 2094 1280 2161 Quorum
1331 2109 1430 2148 nos
1472 2090 1699 2161 vestigia
1767 2096 2091 2159 sequentes,

510 2202 566 2248 Θῐ
587 2206 779 2247 vocum
802 2191 1067 2245 novitates
1106 2187 1358 2250 vitantes,
1399 2193 1454 2240 et
1489 2199 1672 2239 rerum
1695 2198 1856 2239 SCllSll
1906 2197 2096 2236 caren-

511 2279 645 2340 tium
690 2281 1067 2338 adorationem
1115 2285 1452 2348 spernentes,
1488 2275 1698 2346 solique
1753 2275 1864 2329 Deo
1891 2272 2097 2330 cultum

511 2375 787 2432 servitutis
827 2373 1163 2436 exhibentes,
1204 2369 1427 2440 ejusque
1462 2370 1667 2424 sanctis
1699 2374 2097 2436 competentem

512 2468 774 2524 honorem
806 2463 1202 2534 impendentes,
1225 2461 1279 2516 in
1302 2459 1562 2530 patientia
1601 2463 1788 2514 nostra
1807 2468 2094 2526 possessu-

512 2575 601 2615 ros
627 2573 725 2614 nos
748 2571 1029 2627 speramus
1065 2555 1274 2608 animas
1308 2561 1546 2607 nostras.

1027 2665 1255 2722 CAPUT
1287 2663 1576 2721 PRIMUM.

511 2741 881 2797 Falsissimum
893 2749 939 2794 et
968 2740 1075 2792 risu
1091 2739 1307 2808 dignum
1328 2737 1525 2790 dictum
1548 2734 1773 2790 Joannis
1794 2733 2096 2808 presbyteri,

578 2815 668 2896 qui
723 2829 828 2866 non
857 2811 1030 2865 minus
1088 2805 1392 2896 cauerian
1443 2808 1735 2896 imaginum
1774 2805 2100 2896 jadoratione

579 2876 840 2938 insanisse
881 2881 1233 2952 dignoscitur.
1261 2878 1345 2930 Ait
1364 2878 1549 2952 enim:
1581 2876 1683 2952 Qui
1736 2876 2099 2952 adorat_i.t_na-

581 2955 780 3022 ginem,
819 2960 873 3007 et
910 2945 1040 3005 dicit
1074 2948 1327 3019 quoniam
1363 2948 1451 3001 hic
1492 2955 1576 3002 est
1626 2947 1876 3002 Christus
1930 2945 2101 3002 Filius

577 3025 694 3088 Dei,
729 3039 838 3078 non
862 3029 1072 3092 peccat.

2192 1917 2401 1978 peccat,
2439 1909 2532 1964 sed
2588 1908 2753 1964 etiam
2787 1910 3062 1967 insaniens
3111 1913 3344 1970 sceleste
3395 1916 3506 1986 agit
3552 1917 3647 1986 qui
3702 1917 3791 1972 rei

2197 2004 2305 2052 tam
2354 1999 2601 2054 sublimis
2641 1999 3155 2056 excellentissimum
3215 2019 3412 2058 nomen
3454 2004 3550 2075 (si
3612 2015 3790 2061 tamen

2195 2105 2285 2144 res
2305 2089 2410 2144 dici
2437 2088 2518 2145 fas
2566 2090 2657 2156 sit,
2696 2100 2750 2146 et
2794 2107 2899 2146 non
2926 2091 3106 2160 potius
3135 2107 3318 2148 rerum
3363 2095 3619 2148 omnium
3647 2098 3788 2164 origo

2197 2182 2280 2237 vel
2302 2181 2486 2255 causa)
2513 2193 2623 2238 tam
2655 2183 2749 2238 vili
2776 2183 2853 2238 rei
2883 2191 3100 2254 tamque
3121 2186 3368 2256 abiectae,
3401 2196 3458 2243 et
3486 2204 3599 2242 non
3624 2189 3790 2244 solum

2199 2276 2474 2346 mysteriis
2535 2274 2630 2330 sed
2694 2282 2749 2330 et
2804 2275 2916 2330 vita
2972 2279 3180 2334 carenti
3243 2287 3435 2350 aptare
3493 2283 3787 2336 contendit.

2200 2366 2352 2423 Sicut
2375 2368 2519 2422 enim
2564 2368 2742 2439 imago
2770 2369 3023 2439 quaelibet
3075 2369 3294 2426 Christo
3343 2375 3400 2427 in
3430 2383 3638 2428 natura
3667 2390 3793 2428 coae-

2198 2459 2354 2529 quari
2374 2459 2582 2529 nequit,
2615 2459 2689 2512 ita
2721 2459 2883 2514 etiam
2918 2460 2973 2513 in
3011 2461 3231 2515 nomine
3261 2464 3545 2532 comquari
3578 2466 3794 2518 minime

2197 2552 2414 2623 poterit.
2452 2550 2605 2618 Quod
2652 2553 2697 2608 si
2729 2553 2850 2622 quis
2875 2551 3018 2608 forte
3051 2555 3454 2624 tequivocorum
3515 2558 3795 2611 nominum

2199 2643 2251 2698 in
2279 2644 2420 2698 hanc
2454 2650 2668 2712 partem
2711 2643 2974 2699 rationem
3023 2645 3324 2701 arbitretur
3379 2662 3547 2716 posse
3578 2649 3794 2711 cadere,

2201 2734 2337 2790 sciat
2390 2737 2532 2790 hanc
2569 2751 2731 2807 quam
2783 2752 2929 2792 nunc
2962 2736 3288 2794 discutimus
3335 2742 3676 2794 sententiam
3732 2743 3796 2794 ab

2200 2831 2601 2900 :equivocorum
2631 2831 2911 2886 nominum
2935 2833 3144 2887 ratione
3173 2832 3329 2903 longe
3358 2833 3586 2888 distare.
3637 2834 3798 2889 Aliud

2200 2929 2283 2977 est
2312 2922 2458 2977 enim
2501 2922 2698 2987 dicere,
2741 2923 2904 2977 homo
2953 2923 3131 2993 pictus
3177 2931 3232 2978 et
3256 2939 3438 2988 verus,
3471 2923 3561 2978 leo
3620 2926 3801 2995 pictus

2201 3023 2432 3072 etverus
2473 3024 2527 3094 et
2581 3015 2839 3082 caelestis,
2879 3025 3039 3085 atque
3082 3016 3224 3071 aliud
3278 3017 3575 3088 imaginem
3640 3016 3800 3075 fateri

581 3115 826 3185 Magnam
862 3113 1018 3167 nobis
1049 3111 1106 3164 in
1127 3111 1232 3165 hoc
1258 3123 1422 3178 opere
1463 3108 1772 3178 disputandi
1812 3108 2096 3166 materiam
2124 3145 2169 3209 Ο
2203 3108 2478 3165 Christum
2503 3110 2701 3164 Filium
2729 3109 2825 3164 Dei
2861 3123 2999 3174 esse,
3044 3124 3166 3164 cum
3196 3110 3447 3164 videlicet
3474 3110 3584 3165 illic
3614 3112 3799 3166 nomi-

511 3205 741 3263 Joannes
785 3204 1066 3274 presbyter
1090 3211 1145 3256 et
1187 3202 1395 3270 legatus
1420 3200 1778 3258 Orientalium
1810 3202 1976 3267 dedit,
2001 3204 2095 3273 qui

509 3298 652 3354 inter
685 3303 911 3352 czeteras
943 3310 1054 3350 suae
1083 3292 1436 3365 professionis
1459 3295 1822 3351 absurditates
1856 3311 1957 3351 nec
1982 3295 2095 3352 falli

508 3389 563 3445 in
591 3389 694 3444 hoc
718 3388 934 3458 negotio
967 3388 1033 3442 de
1061 3402 1169 3457 quo
1199 3399 1378 3441 sermo
1410 3393 1495 3441 est
1522 3386 1731 3452 vitavit,
1789 3402 1889 3443 nec
1913 3385 2098 3444 fallere

508 3482 708 3548 timuit,
735 3495 834 3536 nec
862 3481 1082 3536 mentiri
1109 3496 1204 3536 seu
1238 3481 1306 3535 ad
1354 3480 1696 3535 mendacium
1723 3480 1859 3535 alios
1889 3480 2097 3536 hortari

507 3575 750 3631 erubuit.
786 3572 921 3627 Falli
972 3573 1172 3627 etenim
1219 3587 1327 3627 non
1373 3572 1582 3639 vitavit,
1621 3587 1742 3627 cum
1781 3580 2096 3628 sanctarum

510 3669 918 3740 Scripturarum
958 3667 1092 3724 calle
1136 3683 1256 3739 quas
1292 3667 1450 3723 unius
1474 3675 1528 3722 et
1573 3667 1740 3724 solius
1771 3668 1868 3723 Dei
1888 3667 2094 3724 cultum

506 3771 561 3818 et
596 3763 967 3819 adorationem
1022 3768 1246 3817 censent
1289 3761 1607 3832 postposito,
1644 3777 1743 3833 per
1778 3763 2006 3833 abrupta
2039 3770 2096 3818 et

507 3858 661 3913 devia
690 3872 882 3913 errans
907 3859 1105 3912 mentis
1140 3871 1248 3912 sum
1283 3858 1477 3927 pedem
1500 3859 1568 3913 ad
1600 3873 1688 3914 res
1714 3872 1876 3914 sensu
1904 3873 2096 3915 caren-

507 3957 590 4003 tes
624 3949 926 4003 adorandas
953 3948 1187 4002 divertit.
1227 3947 1436 4003 Fallere
1463 3965 1570 4005 non
1595 3950 1804 4016 timuit,
1832 3965 1954 4006 cum
1986 3950 2097 4005 cal-

504 4041 614 4095 lem
642 4041 774 4094 recti
829 4040 1038 4094 itineris
1065 4055 1095 4093 a
1121 4055 1179 4095 se
1225 4041 1649 4110 praetermissum
1704 4041 1824 4097 aliis
1873 4046 2096 4111 praeter—

507 4130 724 4187 mittere
745 4137 800 4183 et
833 4143 1016 4184 secum
1045 4145 1142 4200 per
1167 4130 1309 4183 invia
1337 4145 1522 4187 errare
1550 4131 1732 4186 multis
1781 4131 2095 4187 assertioni-

505 4221 607 4278 bus
633 4234 698 4275 ac
741 4219 922 4290 potius
945 4220 1276 4274 vanitatibus
1303 4221 1592 4288 persuasit.
1632 4221 1846 4275 Mentiri
1877 4237 2093 4292 quoque

504 4318 560 4367 et
579 4311 646 4366 ad
659 4309 998 4366 mendacium
1024 4309 1158 4364 alios
1181 4310 1456 4366 exhortari
1474 4328 1580 4368 non
1607 4312 1840 4380 erubuit,
1870 4313 1961 4384 qui
1977 4329 2092 4370 rem

505 4404 745 4458 illicitam
796 4411 1109 4473 perpetrare
1150 4408 1205 4456 et
1249 4401 1588 4459 mendacium
1623 4404 1870 4475 proferre
1900 4418 2095 4476 pecca-

2201 3202 2286 3257 nis
2317 3203 2387 3257 sit
2416 3210 2622 3256 tantum
2654 3201 3027 3265 consonantia,
3058 3202 3146 3256 hic
3169 3202 3471 3271 perspicua:
3497 3202 3801 3272 professio-

2201 3295 2286 3348 nis
2317 3294 2473 3364 plena
2501 3293 2787 3356 sententia,
2825 3293 3079 3362 quoniam
3119 3295 3520 3362 aequivocorum
3548 3296 3696 3348 ratio
3746 3297 3800 3351 in

2201 3386 2316 3441 solo
2373 3384 2707 3440 tantumdem
2769 3385 2987 3440 nomine
3065 3386 3497 3440 communionem
3579 3385 3801 3453 habet,

2200 3495 2326 3534 mox
2344 3493 2472 3534 vero
2495 3484 2557 3532 ut
2586 3477 2655 3532 ad
2677 3476 3048 3533 deﬁnitionem
3075 3479 3402 3548 pervenerit,
3434 3477 3578 3548 quod
3609 3481 3801 3534 nomi-

2200 3573 2286 3628 nis
2313 3571 2623 3628 communio
2647 3586 2782 3627 sono
2821 3571 3159 3628 solummodo
3194 3571 3344 3627 vocis
3367 3572 3599 3643 tegebat,
3660 3573 3801 3627 deii-

2199 3665 2333 3721 nitio
2359 3664 2712 3721 solertissime
2755 3665 2963 3734 pandit.
2996 3664 3157 3721 Aliud
3198 3679 3447 3735 namque,
3484 3673 3548 3720 ut
3573 3666 3801 3734 praefati

2199 3774 2403 3822 sumus,
2466 3765 2521 3813 et
2565 3757 2724 3829 longe
2778 3759 2926 3815 aliud
2977 3767 3099 3823 est,
3147 3758 3426 3829 ,picturam
3492 3760 3802 3827 quamdam

2198 3850 2414 3906 nomine
2463 3848 2838 3905 tantummodo
2893 3848 3036 3904 illius
3091 3848 3171 3904 rei
3223 3863 3574 3919 nuncupare,
3638 3849 3802 3917 cujus

2197 3943 2377 4013 imago
2406 3950 2490 3998 est
2515 3943 2811 3998 secundum
2857 3942 3258 4015 aequivocorum
3286 3942 3568 3996 nominum
3620 3943 3801 3998 ratio-

2197 4052 2342 4103 nem,
2367 4047 2530 4106 atque
2569 4035 2715 4091 aliud
2746 4051 2860 4090 rem
2895 4036 3226 4092 insensatam
3268 4037 3513 4100 adorare,
3557 4045 3612 4091 et
3642 4052 3802 4092 eam—

2197 4130 2319 4186 dem
2341 4144 2456 4184 rem
2478 4129 2638 4200 plena
2670 4129 2938 4184 sententia
2969 4130 3246 4186 Christum
3291 4129 3385 4186 Dei
3428 4129 3627 4186 Filium
3666 4147 3802 4202 pro-

2195 4220 2339 4275 ﬁteri
2381 4228 2437 4276 et
2472 4220 2698 4275 dicere:
2741 4218 2845 4274 Hic
2866 4229 2943 4274 est
2974 4219 3214 4274 Christus
3263 4219 3439 4274 Filius
3488 4220 3611 4275 Dei.
3655 4221 3802 4277 Nam

2196 4311 2242 4366 si
2270 4309 2374 4366 tale
2402 4311 2744 4367 mendacium
2774 4309 3038 4381 proferre,
3072 4311 3238 4366 utille
3261 4310 3440 4367 fassus
3459 4320 3566 4376 est,
3592 4328 3801 4382 pecca-

2195 4410 2314 4457 tum
2342 4418 2448 4458 non
2469 4410 2571 4468 est,
2604 4401 2796 4457 illicita
2832 4417 3058 4474 quaeque
3082 4413 3405 4474 perpetrare.
3426 4404 3640 4460 nullum
3669 4421 3801 4476 peo-

505 4502 616 4549 tum
632 4511 738 4549 non
753 4509 871 4550 esse
894 4492 1440 4550 asseruit.Aiteuim:
1468 4495 1570 4561 Qui
1587 4497 2088 4569 adoratimaginem,
2115 4515 2173 4578 ι)
2195 4499 2376 4549 catum
2398 4501 2513 4560 est;
2537 4502 2593 4550 et
2636 4493 2682 4548 si
2739 4493 2929 4549 illicita
2971 4511 3197 4566 quaeque
3225 4504 3550 4568 perpetrare
3578 4498 3798 4554 nullum

502 4595 548 4641 et
602 4587 726 4640 dicit
755 4588 879 4658 quia
907 4587 990 4640 hic
1015 4595 1088 4641 est
1117 4584 1355 4640 Christus
1384 4583 1433 4638 F
1436 4585 1559 4640 ilius
1588 4586 1706 4653 Dei,
1756 4604 1862 4642 non
1889 4596 2087 4658 peccat.

502 4681 599 4737 Cui
657 4682 881 4736 vanitati
931 4680 1188 4736 facillima
1241 4681 1707 4751 argumentatione
1764 4682 1869 4736 hoc
1930 4681 2091 4737 modo

502 4782 679 4844 potest
721 4774 899 4838 reniti,
953 4775 1206 4843 quoniam
1234 4775 1279 4828 si
1321 4774 1374 4828 id
1407 4772 1589 4827 dicere
1636 4773 1778 4841 quod
1822 4787 1932 4829 non
1983 4781 2086 4842 est,

503 4867 841 4921 mendacium
891 4881 998 4921 non
1057 4875 1157 4932 est,
1219 4881 1394 4935 neque
1423 4866 1481 4920 in
1527 4865 1708 4922 dicere
1764 4868 1906 4936 quod
1962 4876 2084 4936 est,

501 4971 687 5013 verum
710 4975 829 5013 esse
853 4966 1029 5028 potest
1055 4973 1069 5012 :
1105 4974 1170 5013 ac
1195 4973 1293 5028 per
1317 4959 1422 5014 hoc
1443 4959 1488 5014 si
1515 4960 1734 5016 mentiri
1761 4962 1953 5018 vitium
1977 4978 2086 5020 non

499 5061 597 5115 est,
629 5068 803 5121 neque
832 5052 1113 5106 veritatem
1138 5053 1382 5122 proferre
1402 5055 1574 5110 virtus
1597 5065 1708 5123 est;
1742 5066 1797 5113 et
1824 5059 1869 5114 si
1889 5059 2088 5115 verita-

503 5152 608 5199 tem
639 5144 881 5214 proferre
901 5161 966 5200 ac
991 5147 1187 5200 sectari
1214 5147 1387 5203 virtus
1410 5157 1510 5216 est,
1531 5152 1720 5220 procul
1751 5153 1913 5208 dubio
1935 5169 2086 5210 men-

502 5235 589 5289 tiri
619 5237 1061 5305 mendaciumque
1086 5238 1238 5307 sequi
1260 5239 1450 5295 vitium
1481 5251 1582 5298 est.
1626 5243 1778 5299 Un‘de
1802 5261 1925 5300 cum
1957 5246 2086 5300 dicit

501 5327 621 5399 quis
647 5329 914 5398 picturam
940 5328 1215 5386 Christum
1249 5347 1369 5389 esse
1407 5335 1499 5390 Dei
1528 5336 1742 5402 Filium,
1799 5339 2078 5405 mentitur;

500 5429 698 5476 etcum
727 5421 1000 5488 mentitur,
1034 5438 1317 5495 perperam
1349 5430 1502 5502 agit;
1543 5439 1599 5486 et
1635 5447 1757 5486 cum
1797 5446 2081 5501 perperam

499 5517 626 5583 agit,
646 5523 830 5585 peccat
855 5528 868 5567 :
894 5519 1195 5589 cumigitur
1216 5521 1488 5593 picturam
1517 5523 1651 5579 dicit
1677 5537 1798 5579 esse
1812 5524 1906 5579 Dei
1925 5523 2084 5580 Chri-

500 5614 639 5660 stum
665 5606 759 5661 Dei
785 5607 996 5677 Filium,
1022 5624 1230 5682 peccat.
1272 5615 1389 5671 Non
1425 5617 1569 5672 enim
1591 5617 1803 5687 pictura
1829 5617 2083 5687 quaelibet

501 5706 699 5756 nostra:
741 5700 934 5759 salutis
968 5721 1131 5761 causa
1158 5709 1432 5765 hominem
1485 5711 1776 5780 assumpsit
1807 5712 2083 5767 eumdem-

502 5808 607 5865 que
634 5794 892 5869 ﬂagellari
928 5807 984 5856 et
1007 5813 1104 5870 pro
1137 5802 1294 5860 nobis
1319 5801 1468 5860 cruci
1509 5800 1652 5874 afﬁgi
1685 5802 1953 5874 permisit,
1981 5817 2081 5862 nec

2194 4595 2476 4659 peccatum
2504 4595 2606 4654 est,
2663 4594 2974 4643 sanctarum
3021 4587 3432 4660 Scripturarum
3461 4589 3642 4662 vigor,
3672 4606 3798 4662 qua:

2191 4687 2378 4755 utique
2413 4686 2479 4741 ab
2531 4683 2732 4740 illicitis
2761 4684 3035 4740 abstinere
3075 4693 3320 4751 censent,
3350 4684 3626 4742 fatescere
3672 4702 3798 4742 cre-

2192 4778 2401 4834 dendus
2450 4786 2550 4834 est.
2605 4778 2725 4833 Non
2772 4786 2954 4834 autem
3004 4787 3315 4833 sanctarum
3374 4776 3797 4850 Scripturarum

2190 4878 2344 4949 vigor
2368 4893 2489 4948 quae
2539 4877 2606 4932 ab
2652 4876 2858 4932 illicitis
2893 4875 3198 4946 quibusque
3226 4874 3504 4930 abstinere
3537 4884 3796 4942 censent,

2189 4968 2456 5025 fatescere
2499 4969 2802 5024 credendus
2844 4975 2964 5023 est:
2993 4967 3267 5036 estigitur
3289 4965 3401 5023 tale
3435 4967 3800 5022 mendacium

2188 5062 2433 5135 proferre
2458 5068 2761 5131 peccatum.
2785 5058 2919 5113 Nam
2940 5059 3068 5112 dum
3088 5073 3227 5128 pene
3247 5073 3410 5114 omne
3437 5058 3797 5113 mendacium

2173 5156 2334 5226 quod
2382 5152 2602 5209 fallendi
2633 5151 2810 5207 studio
2838 5148 3117 5220 profertur
3146 5157 3434 5220 peccatum
3465 5151 3560 5214 sit,
3612 5151 3798 5205 multo

2187 5247 2362 5319 magis
2417 5247 2523 5302 hoc
2574 5245 2682 5299 tale
2723 5243 3066 5300 mendacium
3111 5251 3395 5312 peccatum
3450 5258 3574 5298 esse
3607 5251 3800 5313 potest

2187 5355 2312 5396 cum
2371 5347 2481 5394 tam
2540 5336 2702 5392 vilem
2761 5351 2876 5392 rem
2932 5335 3070 5389 tanti
3124 5334 3364 5390 nominis
3435 5333 3797 5390 confessione

2186 5444 2497 5500 nuncupare
2550 5428 2774 5494 studet,
2830 5434 2885 5483 et
2931 5426 3330 5482 confessionem
3383 5442 3550 5496 quam
3601 5437 3802 5498 pastor

2186 5521 2444 5578 Ecclesia:
2489 5520 2666 5576 eidem
2694 5519 3020 5590 redemptori
3071 5518 3319 5589 protulit,
3347 5534 3626 5588 quamque
3652 5535 3804 5589 quo-

2185 5613 2317 5670 tidie
2340 5615 2390 5668 ei
2420 5613 2594 5668 omnis
2639 5620 2827 5667 sancta
2853 5611 3120 5667 catholica
3146 5619 3202 5666 et
3227 5610 3555 5666 universalis
3577 5611 3801 5683 profert

2184 5705 2446 5772 Ecclesia,
2470 5722 2564 5776 per
2588 5721 2750 5775 quam
2781 5714 2834 5760 ct
2893 5705 3129 5761 salvatur
3157 5713 3213 5759 et
3237 5719 3349 5760 sua:
3378 5704 3573 5760 salutis
3608 5708 3802 5778 speci-

2187 5816 2312 5860 men
2324 5800 2662 5872 adipiscitur,
2679 5799 2746 5857 de
2757 5815 2817 5856 re
2827 5798 3100 5858 insensata
3115 5798 3237 5871 quis
3251 5796 3499 5872 proferre
3507 5810 3753 5859 conetur
3768 5802 3794 5858 ἲ
