4016 6292
282 278 436 336 1185

1064 273 1241 330 LIBRI
1276 271 1621 332 COROLINI.
1661 303 1731 315 —
1767 275 1988 333 CAPIT.
2029 275 2119 332 DE
2153 272 2341 330 lMAG.
2379 301 2450 316 -
2485 273 2613 331 LIB.
2654 273 2741 332 iV.

3402 280 3545 339 1186

276 394 433 450 sicut
456 405 584 461 ergo
619 395 813 445 caetera
840 387 988 453 vitia,
1037 387 1113 443 ita
1141 390 1304 444 etiam
1357 391 1624 447 mendacii
1671 392 1864 447 vitium
1888 400 1945 458 Α
1967 391 2056 447 illa
2085 399 2243 447 aetate
2265 390 2430 447 fuisse
2456 391 2724 463 leguntur,
2754 406 2856 462 per
2881 390 3197 464 imaginem,
3226 408 3402 466 neque
3443 411 3545 469 per

278 489 595 545 divinarum
627 484 1027 556 Scripturarum
1063 485 1401 541 documentis
1437 494 1521 542 est
1555 486 1864 542 inhibitum.

281 581 446 639 Unde
471 579 715 652 quisquis
741 577 979 646 ejusdem
1004 575 1227 633 Joannis
1248 579 1467 634 monitis
1513 585 1684 648 paret,
1718 586 1776 632 ut
1813 585 1870 634 et

279 675 556 745 imagines
602 673 790 728 adoret
839 678 896 726 et
945 671 1163 726 easdem
1203 669 1478 727 Christum
1521 670 1619 726 Dei
1671 670 1868 726 Filium

281 765 541 837 appellet,
573 773 627 821 et
652 765 1139 835 supervacuitatem
1162 779 1394 836 nequam
1444 773 1680 831 exercet,
1707 772 1763 820 et
1810 778 1869 820 se

282 859 749 929 indisciplinatum
776 872 896 914 esse
918 858 1271 915 demonstrat.
1298 857 1357 914 Si
1384 872 1513 930 ergo
1534 859 1640 914 hoc
1665 857 1864 924 scelus,

281 962 347 1007 ut
393 953 486 1008 ille
534 951 810 1024 professus
835 959 938 1017 est,
966 959 1328 1021 perpetretur,
1384 951 1698 1021 implebitur
1733 949 1866 1006 illud

281 1046 433 1118 quod
459 1044 705 1102 Jeremize
744 1044 997 1101 vaticinio
1046 1060 1178 1101 voce
1199 1045 1412 1101 Domini
1439 1045 1637 1100 dicitur
1669 1063 1681 1098 :
1715 1043 1867 1099 Men-

282 1137 503 1190 dacium
551 1144 600 1189 et
645 1151 749 1189 non
787 1133 918 1204 ﬁdes
955 1133 1177 1188 invaluit
1211 1150 1367 1206 super
1391 1144 1604 1200 terram,
1655 1134 1785 1206 quia
1832 1149 1866 1187 a

282 1223 446 1278 malis
470 1223 612 1277 mala
648 1222 901 1289 exierunt,
927 1231 978 1277 et
1003 1239 1085 1277 me
1112 1239 1217 1278 non
1260 1233 1626 1296 cognoverunt.
1666 1221 1865 1278 Paulus

280 1331 504 1387 quoque
552 1315 800 1387 egregius
845 1315 1171 1386 praedicator
1206 1317 1546 1372 mendacium
1595 1316 1865 1386 deponere

276 1414 338 1460 et
392 1406 675 1461 veritatem
701 1405 846 1475 loqui
865 1407 950 1462 his
970 1407 1150 1462 verbis
1175 1407 1482 1476 persuadet.
1513 1407 1604 1461 Ait
1629 1407 1773 1462 enim
1808 1406 1864 1462 in

277 1497 528 1568 Epistola
551 1498 618 1552 ad
644 1497 902 1567 Ephesios
928 1498 1283 1569 :Deponentes
1309 1498 1663 1565 mendacium,
1695 1497 1864 1569 loqui-

275 1591 416 1644 mini
427 1591 690 1645 veritatem
708 1592 1060 1662 unusquisque
1079 1606 1198 1644 cum
1221 1591 1458 1660 proximo
1483 1606 1602 1656 suo,
1619 1590 1751 1662 quia
1779 1606 1864 1644 su-

276 1699 404 1736 mus
419 1681 634 1735 invicem
656 1679 889 1734 membra
910 1679 1254 1752 (Ephes.1v);
1280 1681 1408 1736 item
1425 1669 1567 1736 idem
1582 1680 1648 1736 ad
1673 1678 1861 1736 Colos-

1971 482 2177 538 colores
2228 481 2438 538 Domini
2508 481 2876 538 fortitudinem
2927 484 3180 539 adorasse
3228 487 3540 556 creduntur,

1969 576 2165 646 quippe
2192 591 2314 631 cum
2341 576 2398 631 in
2422 574 2543 629 rudi
2591 575 2768 631 adhuc
2793 576 2996 630 mundo
3024 578 3251 632 necdum
3288 594 3544 649 quarum-

1969 667 2092 723 dam
2119 669 2512 723 mundanarum
2558 667 2756 722 artium
2795 667 3143 737 experientiae
3191 671 3542 728 haberentur.

1969 756 2102 812 Cum
2130 773 2260 829 ergo
2279 759 2389 814 sint
2413 758 2594 828 plures
2615 757 2799 813 mundi
2822 767 3027 828 partes,
3051 759 3107 814 in
3135 759 3332 830 quibus
3371 763 3544 819 homi-

1968 863 2066 904 nes
2079 847 2321 919 pictorize
2336 849 2470 903 artis
2492 849 2602 904 sint
2617 848 2812 920 ignari,
2835 849 3204 920 nunquidnam
3225 851 3424 908 ibidem
3438 853 3546 910 for-

1967 939 2137 996 titudo
2174 939 2388 994 Domini
2432 939 2656 994 minime
2703 938 2941 995 creditur
2973 940 3226 995 adorari?
3272 939 3546 999 Adoratur

1965 1043 2094 1102 ergo
2133 1030 2388 1086 fortitudo
2412 1032 2645 1098 Domini,
2675 1047 2804 1100 non.
2829 1046 2927 1102 per
2969 1032 3257 1103 imaginem
3283 1051 3403 1106 quae
3443 1051 3544 1108 per

1965 1121 2171 1177 colores
2198 1129 2437 1194 apparet,
2474 1129 2535 1178 ut
2579 1121 2668 1178 ille
2710 1121 2962 1187 somniat,
3010 1123 3104 1179 sed
3143 1138 3241 1193 per
3269 1123 3385 1194 ejus
3414 1125 3544 1182 inef~

1964 1214 2182 1271 fabilem
2200 1216 2492 1287 potentiam
2529 1230 2634 1287 qua
2662 1216 2838 1272 omnis
2866 1216 3051 1272 mundi
3077 1233 3338 1290 compago
3358 1220 3544 1276 condi-

1962 1314 2019 1361 ta
2044 1321 2163 1362 esse
2199 1306 2548 1378 dignoscitur.
2597 1307 2870 1363 Adoratur
2911 1308 3076 1364 etiam
3118 1309 3376 1367 fortitudo
3424 1311 3542 1382 ejus

1962 1415 2070 1455 non
2101 1415 2199 1470 per
2225 1401 2484 1471 quasdam
2515 1401 2788 1468 materias,
2837 1403 2931 1458 sed
2956 1415 3054 1472 per
3080 1403 3318 1459 Verbum
3361 1419 3538 1470 suum,

1961 1490 2156 1547 Filium
2186 1493 2450 1558 videlicet,
2489 1508 2647 1562 quem
2690 1503 2816 1549 ante
2845 1496 3039 1551 saecula
3087 1495 3430 1553 ineﬂ'abiliter
3451 1514 3543 1568 ge-

1961 1588 2098 1651 nuit,
2127 1593 2180 1640 et
2213 1599 2309 1656 per
2333 1600 2492 1654 quem
2522 1594 2576 1640 et
2603 1587 2657 1641 in
2684 1603 2790 1657 quo
2813 1591 3065 1645 universa
3088 1592 3308 1655 creavit,
3339 1593 3433 1662 qui
3461 1601 3542 1650 est

1963 1675 2267 1747 dexteraet
2291 1675 2551 1732 fortitudo
2584 1677 2779 1746 Patris,
2803 1683 2926 1751 'per
2966 1697 3129 1752 quam
3172 1682 3541 1739 fortitudinem

279 1787 474 1829 senses
498 1791 511 1827 :
537 1772 717 1828 Nolite
751 1772 960 1826 mentiri
983 1772 1200 1827 invicem
1223 1773 1505 1844 spoliantes
1530 1790 1617 1828 vos
1642 1783 1860 1828 veterem
1890 1759 1940 1821 Β
1968 1769 2107 1824 sicut
2143 1769 2463 1825 universalis
2502 1779 2870 1826 creaturarum
2915 1782 3126 1829 constat
3172 1791 3291 1831 esse
3329 1782 3542 1846 patrata

275 1865 546 1920 hominem
571 1880 688 1918 cum
716 1863 916 1917 actibus
942 1863 1052 1918 suis
1075 1861 1299 1935 (Coloss.
1325 1863 1431 1936 ιιι).
1471 1861 1704 1919 Joannes
1727 1878 1862 1933 quo-

275 1971 397 2027 que
418 1954 686 2025 apostolus
706 1953 784 2008 ait
809 1967 823 2007 :
848 1952 1013 2008 Omne
1037 1953 1369 2008 mendacium
1395 1970 1498 2009 non
1536 1963 1611 2008 est
1641 1955 1704 2008 de
1729 1954 1864 2008 veri-

275 2057 395 2103 tate
438 2048 493 2120 (l
527 2047 685 2103 Joan.
735 2047 820 2118 ιι).
863 2046 1016 2103 Unde
1042 2045 1246 2118 liquido
1279 2056 1428 2118 patet
1469 2048 1515 2104 si
1539 2047 1772 2118 pictura,
1802 2055 1862 2103 ut

275 2142 379 2197 ille
418 2141 573 2197 fateri
624 2142 892 2209 hortatur,
943 2141 1193 2198 Christus
1247 2141 1342 2197 Dei
1384 2142 1556 2199 Filius
1611 2159 1718 2199 non
1755 2150 1856 2209 est,

273 2233 622 2289 mendacium
682 2235 754 2290 sit
812 2233 867 2289 id
919 2233 1063 2304 quod
1116 2235 1356 2300 dicitur;
1412 2243 1467 2290 et
1511 2235 1556 2291 si
1617 2235 1673 2290 id
1718 2235 1862 2306 quod

273 2324 486 2380 dicitur
537 2324 878 2381 mendacium
920 2333 1005 2382 est
1026 2365 1042 2392 ,
1090 2323 1246 2394 juxta
1273 2326 1517 2396 Apostoli
1548 2342 1737 2383 vocem
1795 2327 1863 2382 de
1911 2381 1921 2392 ,

272 2418 511 2474 veritate
524 2434 630 2474 non
650 2428 752 2476 est.
774 2417 910 2474 Cum
930 2419 1098 2491 igitur
1109 2420 1233 2475 talis
1248 2418 1509 2491 professio
1520 2419 1860 2476 mendacium

274 2511 375 2576 sit,
403 2511 589 2582 procul
605 2512 765 2567 dubio
791 2512 858 2567 de
884 2512 1072 2567 eadem
1086 2512 1321 2568 veritate
1341 2528 1447 2568 non
1468 2521 1572 2579 est,
1601 2527 1721 2584 quae
1745 2511 1856 2566 ait:

277 2602 400 2674 Ego
436 2620 552 2658 sum
585 2605 668 2657 via
696 2612 744 2658 et
766 2605 955 2659 veritas
992 2613 1040 2659 et
1084 2605 1190 2659 vita
1242 2604 1424 2677 (Joan.
1476 2604 1611 2677 11v).
1670 2603 1860 2660 Cultus

275 2697 430 2752 enim
475 2695 802 2751 adorationis
847 2696 948 2751 soli
994 2697 1123 2761 Deo,
1179 2704 1236 2751 et
1279 2695 1546 2753 confessio
1591 2687 1721 2752 Filii
1763 2695 1860 2752 Dei

273 2785 360 2842 illi
385 2787 483 2842 soli
514 2787 605 2856 qui
627 2801 753 2842 vere
799 2786 916 2856 ejus
957 2786 1128 2843 Filius
1169 2788 1536 2844 coessentialis
1590 2796 1688 2853 est,
1751 2803 1859 2844 non

273 2879 585 2948 adoptivus,
615 2878 855 2934 exhiberi
899 2879 1077 2934 debet.
1101 2877 1158 2934 Si
1182 2893 1312 2935 vero
1359 2878 1463 2934 Hic
1510 2878 1779 2951 particula
1802 2879 1861 2934 in

273 2971 473 3026 eodem
509 2970 628 3027 loco
647 2986 747 3042 pro
769 2970 1022 3027 adverbio
1063 2971 1183 3037 loci,
1229 2986 1338 3027 non
1378 2987 1478 3042 pro
1517 2973 1856 3043 pronomine,

271 3063 456 3133 posita
501 3071 602 3129 est,
653 3071 926 3134 utcunque
967 3064 1084 3120 haec
1131 3065 1399 3121 sententia
1445 3073 1592 3122 stare
1642 3072 1856 3136 potest,

263 3153 409 3231 quia
443 3153 586 3210 Deus
611 3154 811 3225 ubique
831 3162 932 3211 est.

916 3265 1144 3325 CAPUT
1164 3267 1228 3323 ll.

270 3373 360 3431 De
386 3391 447 3430 eo
475 3375 614 3447 quod
659 3376 890 3450 Joannes
922 3395 1025 3433 non
1072 3388 1204 3433 recte
1225 3378 1400 3434 dixit:
1430 3378 1534 3435 Per
1569 3381 1858 3450 imaginem

349 3462 473 3520 qua;
495 3462 592 3520 per
637 3447 846 3504 colores
886 3457 1127 3518 apparet,
1155 3451 1409 3505 adoratur
1437 3447 1702 3506 fortitudo
1741 3451 1859 3520 ejus

347 3525 405 3599 et
425 3517 774 3599 gloriﬁcatur,
803 3527 859 3599 et
897 3517 971 3582 ad
986 3521 1304 3576 memoriam
1330 3521 1608 3578 veniemus
1635 3523 1700 3579 dc
1740 3517 1858 3593 ejus

344 3591 400 3642 in
427 3595 567 3642 terra
599 3591 902 3660 praesentia.

349 3703 501 3760 Hanc
525 3720 738 3776 quoque
763 3707 1085 3762 dementiam
1107 3722 1247 3779 saepe
1272 3715 1602 3765 memoratus
1624 3708 1860 3767 Joannes

268 3795 561 3866 presbyter
582 3797 695 3852 suis
722 3794 928 3852 frivolis
957 3797 1153 3852 addere
1192 3813 1301 3854 non
1334 3799 1560 3865 distulit,
1612 3809 1672 3855 ut
1712 3801 1858 3857 dice-

270 3895 364 3943 ret
389 3905 402 3940 :
433 3887 540 3941 Per
559 3889 840 3959 imaginem
867 3906 984 3962 qua:
1003 3906 1096 3962 per
1129 3889 1326 3946 colores
1375 3901 1610 3963 apparet,
1640 3892 1856 3948 Domini

268 3983 640 4054 fortitudinem
661 3984 897 4050 adorari,
921 3986 1078 4055 quasi
1121 3985 1378 4041 Dominus
1407 3985 1636 4056 alicujus
1667 3987 1745 4043 rei
1789 3988 1860 4044 sit

269 4077 550 4148 indiguus,
566 4086 620 4133 et
640 4093 738 4149 per
763 4079 1000 4148 aliquam
1027 4094 1143 4134 rem
1174 4095 1326 4136 suam
1349 4079 1720 4137 fortitudinem
1741 4098 1862 4153 quae

266 4170 481 4225 nullam
506 4172 672 4227 habet
705 4173 1079 4243 indigentiam,
1110 4173 1273 4230 faciat
1292 4177 1527 4231 adorari.
1575 4177 1860 4249 Nunquid-

267 4276 406 4317 nam
429 4277 549 4316 cum
570 4262 692 4318 εωΙί
726 4263 839 4318 sive
871 4263 1008 4319 lucis
1052 4265 1288 4327 nomine,
1339 4267 1570 4335 primam
1620 4271 1862 4324 omnium

269 4355 601 4415 creaturam,
622 4353 920 4423 angelicam
955 4355 1258 4409 condiderit
1294 4365 1565 4418 naturam,
1621 4374 1743 4428 qua:
1793 4361 1861 4414 ab

1963 1859 2186 1928 creatio,
2232 1861 2306 1915 ita
2333 1861 2498 1916 etiam
2537 1870 2795 1933 perpetua
2824 1871 2878 1918 et
2907 1865 2976 1920 ab
3005 1864 3208 1936 angelis
3245 1873 3300 1921 et
3343 1867 3412 1922 ab
3448 1865 3542 1920 ho-

1963 1953 2198 2009 minibus
2235 1954 2286 2008 ei
2331 1953 2635 2009 celebratur
2663 1955 2910 2010 adoratio
2957 1957 3048 2025 qui
3104 1956 3362 2011 nimirum
3403 1957 3542 2012 sicut

1963 2061 2125 2102 causa
2147 2053 2230 2102 est
2250 2045 2426 2102 omnis
2449 2046 2759 2112 creationis,
2789 2047 2863 2102 ita
2885 2049 3050 2102 etiam
3063 2063 3226 2104 causa
3252 2056 3336 2104 est
3346 2047 3542 2117 justis-

1963 2139 2112 2195 sima:
2150 2147 2203 2194 et
2234 2138 2630 2194 decentissima:
2670 2139 3020 2195 adorationis.
3069 2139 3266 2195 Sancta
3303 2140 3468 2211 igitur
3490 2146 3542 2196 et

1960 2230 2282 2287 universalis
2312 2230 2553 2286 Ecclesia
2574 2246 2682 2286 non
2724 2245 2819 2301 per
2840 2230 3120 2301 imagines,
3153 2247 3271 2300 quae
3289 2245 3358 2286 ex
3398 2230 3542 2286 colo-

1962 2326 2113 2382 ribus
2155 2325 2308 2393 ﬁunt,
2357 2333 2417 2381 ut
2441 2339 2584 2396 saepe
2618 2332 2951 2381 memoratus
2975 2323 3212 2381 Joannes
3246 2338 3540 2380 nauseasse

1963 2419 2314 2491 dignoscitur,
2345 2419 2514 2474 Deum
2553 2419 2781 2476 adorare
2828 2433 2927 2474 nos
2964 2416 3220 2473 mortales
3270 2415 3537 2483 homines,

1961 2527 2138 2582 neque
2159 2512 2413 2567 aetherias
2449 2519 2765 2582 potestates,
2797 2513 2891 2567 sed
2915 2527 3013 2582 per
3039 2511 3311 2566 Christum
3354 2508 3538 2565 Domi—

1960 2617 2091 2658 num
2127 2602 2442 2670 conﬁtetur,
2472 2618 2594 2659 cum
2621 2619 2731 2660 suae
2760 2603 3142 2673 redemptionis
3170 2602 3428 2674 mysteria
3452 2617 3540 2658 ce-

1961 2693 2176 2749 lebrans
2199 2693 2422 2762 dignum
2469 2703 2523 2750 et
2574 2694 2802 2764 justum,
2853 2709 3172 2766 aequumque
3197 2703 3252 2749 et
3305 2693 3540 2749 salutare

1963 2778 2096 2842 dicit
2120 2801 2257 2852 esse,
2290 2793 2350 2841 ut
2384 2801 2482 2842 nos
2519 2786 2570 2841 ei
2609 2799 2820 2854 semper
2859 2793 2914 2841 et
2945 2785 3144 2855 ubique
3162 2784 3366 2856 gratias
3407 2799 3538 2855 aga-

1960 2895 2100 2945 mus,
2130 2863 2229 2949 per
2264 2893 2426 2950 quem
2450 2877 2776 2935 ineffabilem
2804 2878 2984 2933 Patris
3011 2877 3348 2947 majestatem
3377 2891 3541 2948 ange-

1961 2972 2042 3028 los
2067 2973 2306 3039 laudare,
2349 2972 2744 3028 dominationes
2789 2973 3035 3036 adorare,
3086 2979 3384 3042 potestates
3431 2981 3542 3026 treu

1965 3081 2134 3134 mere,
2149 3067 2316 3123 caelos
2330 3067 2532 3124 cmioru
2539 3082 2697 3136 mque
2709 3066 2954 3121 militiam
2969 3066 3193 3137 supplici
3207 3066 3542 3122 confessione

1968 3159 2228 3230 hymnum
2260 3159 2445 3229 gloriae
2463 3165 2676 3214 constat
2700 3158 2986 3213 suavisona
3014 3157 3380 3214 modulatione
3422 3173 3543 3214 can-

1959 3259 2096 3305 tare.
2120 3251 2392 3307 Adoratur
2405 3266 2535 3322 ergo
2548 3249 2809 3305 fortitudo
2828 3249 2946 3318 ejus
2956 3266 3062 3304 non
3078 3264 3176 3320 per
3195 3249 3538 3305 coloriferam

1957 3340 2250 3411 imaginem
2297 3342 2432 3411 ejus,
2477 3342 2572 3396 sed
2613 3356 2710 3411 per
2740 3342 3183 3407 sacratissimam,
3212 3352 3268 3398 et
3301 3342 3542 3397 vivifica-

1958 3432 2150 3486 tricem
2195 3431 2310 3500 ejus
2346 3433 2795 3488 incarnationem.
2827 3431 3100 3490 Adoratur
3147 3432 3262 3502 ejus
3301 3432 3539 3502 potentia

1957 3538 2064 3578 non
2099 3538 2196 3593 per
2219 3524 2507 3593 picturam,
2541 3526 2633 3580 sed
2654 3540 2752 3594 per
2772 3541 2868 3580 sua
2891 3541 3054 3596 opera
3081 3540 3096 3580 :
3129 3540 3225 3596 per
3244 3527 3361 3579 haec
3386 3523 3538 3578 vide-

1957 3615 2102 3682 licet,
2122 3616 2316 3687 quibus
2343 3617 2571 3672 formam
2587 3619 2728 3675 servi
2750 3619 3010 3690 accipere,
3038 3618 3323 3688 devirgine
3351 3618 3537 3684 nasci,

1959 3708 2137 3781 surdis
2166 3707 2426 3774 auditum,
2466 3709 2631 3763 mutis
2669 3708 2974 3779 eloquium,
3017 3708 3224 3763 claudis
3260 3722 3538 3778 gressum,

1959 3800 2186 3870 leprosis
2207 3801 2318 3854 sive
2332 3801 2544 3856 caeteris
2556 3801 2933 3872 aegritudinum
2957 3801 3218 3856 molestiis
3234 3800 3540 3870 aggravatis

1961 3894 2268 3958 sanitatem,
2308 3895 2536 3949 mortuis
2563 3895 2752 3962 vitam,
2786 3894 2944 3950 carcis
2972 3893 3153 3949 lumen
3187 3894 3432 3960 reddere,
3454 3893 3540 3948 iu-

1960 3986 2111 4041 ferna
2161 3985 2486 4056 exspoliare,
2535 3988 2728 4043 mortis
2780 3988 3065 4058 imperium
3113 3987 3421 4055 destruere,
3473 3987 3540 4043 de

1961 4077 2208 4148 sepulcro
2241 4093 2479 4149 surgere,
2512 4079 2580 4135 ad
2608 4079 2775 4136 caelos
2830 4080 3120 4135 ascendere
3147 4080 3400 4150 dignatus
3435 4087 3536 4135 est.

1963 4173 2090 4230 Haec
2113 4181 2238 4230 sunt
2269 4173 2412 4230 enim
2443 4173 2801 4229 instrumenta
2824 4172 3019 4244 quibus
3055 4189 3082 4228 a
3114 4172 3395 4228 catholicis
3431 4170 3541 4227 for-

1963 4266 2136 4322 titudo
2165 4267 2380 4322 Domini
2407 4266 2694 4332 adoratur;
2717 4267 2833 4320 haec
2855 4265 3148 4320 munimina
3188 4264 3382 4333 quibus
3407 4262 3540 4318 ﬁdes

1962 4359 2327 4416 ecclesiastica
2377 4365 2587 4425 tuetur;
2617 4358 2734 4413 haec
2767 4356 3034 4412 confessio
3072 4371 3104 4408 a
3156 4369 3292 4424 qua,
3337 4354 3383 4408 si
3419 4353 3540 4423 quis

271 4441 398 4512 ipso
423 4444 714 4498 creationis
737 4459 848 4499 suae
867 4445 1090 4500 exordio
1135 4445 1230 4500 Dei
1277 4445 1646 4504 fortitudinem
1669 4460 1724 4505 et
1773 4451 1862 4506 ad-
1889 4485 1943 4547 Β
1966 4450 2233 4514 dissentit,
2264 4449 2622 4519 periclitatur,
2649 4464 2811 4520 quam
2858 4449 2904 4502 si
2943 4447 3063 4518 quis
3110 4447 3272 4501 corde
3320 4445 3539 4513 retinet,

270 4555 467 4596 orasse
505 4541 742 4596 creditur
778 4549 834 4596 et
885 4540 1153 4607 laudasse,
1183 4543 1309 4611 quia
1340 4546 1567 4599 necdum
1612 4546 1858 4604 homines

271 4640 454 4697 erant,
485 4633 578 4702 qui
617 4633 683 4688 de
704 4634 1008 4704 quibusque
1033 4635 1295 4700 materiis,
1327 4652 1428 4692 nec
1453 4639 1701 4707 quiedam
1746 4618 1860 4693 ma-

272 4725 432 4780 teriae
459 4733 614 4779 erant
647 4727 702 4779 in
729 4726 925 4795 quibus
973 4727 1234 4797 imagines
1261 4728 1408 4799 pingi
1446 4738 1686 4799 possent,
1736 4731 1857 4787 ideo

272 4816 494 4872 Domini
541 4817 910 4873 fortitudinem
964 4833 1067 4872 nec
1105 4820 1356 4875 adorasse
1403 4822 1656 4878 credendi
1696 4834 1857 4891 sunt,

271 4924 380 4964 nec
408 4909 686 4965 laudasse?
727 4909 818 4964 Ait
860 4909 1004 4964 enim
1036 4907 1360 4979 Scriptura:
1409 4911 1634 4977 Quando
1682 4923 1860 4969 creata

271 5009 400 5056 sunt
447 5001 625 5054 omnia
677 5001 852 5055 sidera
875 5041 890 5067 ,
938 4999 1096 5056 simul
1137 4999 1482 5056 laudauerunt
1544 5019 1625 5057 me
1681 5021 1858 5060 omnes

271 5090 451 5162 angeli
480 5093 603 5146 mei.
635 5091 736 5148 Ubi
761 5091 874 5162 jam
927 5093 1205 5149 evidenter
1247 5093 1568 5159 ostenditur,
1610 5111 1718 5152 non
1763 5111 1862 5166 per

273 5182 572 5253 imaginem
600 5199 721 5254 quae
743 5198 843 5254 per
877 5184 1088 5242 colores
1138 5194 1378 5256 apparet,
1435 5188 1530 5243 sed
1562 5202 1660 5258 per
1705 5204 1860 5244 suam

273 5273 605 5331 inelIabilem
627 5276 924 5346 potentiam
944 5277 1040 5333 Dei
1063 5276 1432 5334 fortitudinem
1458 5295 1672 5350 semper
1693 5279 1862 5337 fuisse

272 5365 552 5421 laudatam
592 5374 648 5422 et
666 5369 966 5424 adoratam.
997 5369 1376 5440 Nunquidnam
1425 5379 1549 5443 post
1596 5373 1858 5430 conditio-

276 5475 407 5516 nem
432 5461 731 5528 hominum,
763 5479 886 5519 cum
911 5464 1139 5519 necdum
1159 5465 1389 5536 pictoria
1425 5483 1517 5522 ars
1556 5467 1612 5522 in
1659 5467 1860 5522 mundo

276 5549 605 5616 inolevisset,
638 5550 898 5609 fortitudo
929 5554 1143 5610 Domini
1189 5556 1409 5612 minime
1455 5557 1554 5613 fuit
1580 5575 1612 5614 a
1658 5561 1859 5618 sanctis

279 5645 583 5715 quibusque
619 5647 870 5703 adorata?
901 5649 1141 5719 Denique
1161 5666 1336 5721 neque
1360 5652 1493 5708 Abel
1519 5652 1732 5723 justus,
1761 5671 1859 5711 ne-

276 5749 389 5807 que
417 5737 621 5808 Enocb,
648 5755 823 5814 neque
850 5741 1174 5837 Noe,7neque
1193 5743 1334 5802 ullus
1359 5754 1669 5806 sanctorum
1689 5750 1783 5824 qui
1800 5752 1857 5833 in

1967 4543 2195 4598 salutem
2222 4550 2538 4614 perpetuam
2567 4541 2908 4612 adipiscitur;
2940 4540 3044 4594 hoc
3069 4537 3381 4594 memoriale
3419 4551 3542 4607 per-

1960 4643 2204 4705 petuum,
2234 4649 2340 4704 quo
2383 4633 2656 4690 Christum
2685 4633 2924 4688 ﬁdelium
2959 4639 3168 4686 mentes
3194 4630 3543 4685 interioribus

1963 4727 2136 4782 oculis
2167 4742 2381 4797 semper
2406 4727 2702 4789 intuentur,
2733 4724 2800 4778 ad
2829 4737 3058 4794 quarum
3097 4739 3280 4779 rerum
3329 4721 3542 4792 plenam

1962 4820 2325 4892 cognitionem
2346 4835 2454 4874 non
2501 4833 2598 4890 per
2623 4817 2893 4888 picturam
2938 4816 3168 4882 venitur,
3214 4816 3306 4871 sed
3355 4829 3453 4885 per
3481 4816 3544 4868 ti-

1963 4915 2106 4979 dem,
2145 4929 2292 4983 spem
2319 4920 2372 4967 et
2405 4911 2766 4966 dilectionem.
2786 4907 2923 4976 Quia
2943 4909 3110 4981 igitur
3139 4909 3279 4964 idem
3307 4906 3543 4964 Joannes

1963 5005 2249 5075 imperitiae
2286 5019 2398 5060 sua:
2431 5004 2615 5059 nubilo
2643 5004 2884 5070 obsitus,
2921 5011 2982 5059 ut
3014 5018 3158 5070 reor,
3190 5001 3335 5057 aliud
3374 5001 3541 5069 dixit,

1965 5099 2089 5154 dum
2117 5107 2297 5153 tamen
2325 5097 2470 5153 aliud
2499 5098 2679 5153 dicere
2721 5097 2902 5164 vellet,
2931 5098 3048 5154 haec
3082 5103 3268 5152 contra
3310 5109 3373 5152 ea
3421 5109 3543 5165 qua:

1963 5190 2118 5256 dixit,
2140 5191 2282 5246 dicta
2304 5187 2601 5246 sufﬁciant?
2622 5188 2889 5246 Caeterum
2915 5190 2984 5245 ad
3007 5203 3071 5243 ea
3095 5203 3217 5259 quae
3241 5187 3423 5243 dicere
3447 5201 3543 5244 vo-

1961 5283 2062 5338 luit
2079 5282 2239 5352 hujus
2258 5283 2637 5354 disputationis
2656 5297 2753 5354 pes
2776 5282 3067 5338 vertendus
3091 5289 3174 5337 est
3189 5321 3203 5348 ,
3232 5288 3292 5336 ut
3317 5289 3372 5337 et
3412 5279 3544 5352 quid

1961 5375 2151 5432 nolens
2183 5375 2529 5439 asseveravit,
2552 5384 2607 5430 et
2630 5375 2760 5446 quid
2780 5374 2963 5430 volens
2986 5373 3166 5429 dicere
3189 5372 3411 5437 studuit,
3437 5372 3542 5428 hu-

1953 5469 2046 5542 jus
2068 5471 2191 5542 styli
2225 5485 2404 5542 pugno
2426 5471 2834 5528 rationabilibus
2874 5471 3042 5527 armis
3083 5473 3287 5526 munito
3329 5469 3542 5541 quatia-

1960 5570 2070 5630 tur,
2093 5572 2361 5634 quatenus
2387 5580 2486 5619 nos
2510 5573 2566 5619 et
2599 5564 2826 5620 dicenda
2865 5581 2984 5635 quae
3022 5565 3331 5636 impropriis
3361 5562 3541 5618 verbis

1960 5655 2139 5712 obsita
2163 5663 2289 5711 sunt
2309 5656 2559 5722 sensisse,
2586 5664 2640 5712 et
2668 5656 2809 5712 dicta
2827 5673 2948 5728 qua:
2967 5657 3261 5728 intelligere
3284 5657 3336 5712 in
3357 5670 3542 5726 prom-

1958 5755 2056 5820 ptu
2105 5758 2252 5821 sunt,
2303 5749 2624 5819 disputando
2670 5749 2987 5812 contrivisse
3046 5750 3215 5809 lector
3260 5753 3536 5812 agnoscat.
