4016 6292
469 260 608 322 1181

1240 312 1242 315 .
1315 255 1376 314 Β.
1417 256 1668 314 CAROLI
1703 256 1918 314 MAGNI
1954 255 2106 313 OPPt
2147 249 2328 312 PARS
2368 251 2432 308 ll.
2474 249 2720 308 SECTIO
2752 249 2820 304 ll.

3591 248 3726 309 H88

468 375 594 434 Cum
621 356 766 432 enim
789 373 905 429 ait:
941 373 1045 428 Par
1071 373 1348 442 imaginem
1377 387 1493 442 qua
1525 388 1618 443 per
1650 370 1846 426 colores
1869 387 2033 442 appa—
2061 371 2115 438 Α
2137 381 2294 424 snam
2335 366 2609 423 vesaniam
2643 362 3032 420 rationabiliter
3065 359 3518 422 subsannandam‘
3547 360 3727 417 formi-

468 477 558 530 ναι,
577 465 831 520 aduratur
859 464 1107 535 fortitudo
1138 463 1369 528 Domini,
1399 469 1459 518 ut
1491 462 1824 532 conjicimus,
1856 463 2039 519 dicere

464 554 631 610 voluit
667 573 679 608 :
716 554 846 609 Visa
895 553 1126 624 imagine
1157 551 1414 608 colorum
1457 550 1597 609 fucis
1642 551 2036 622 compaginata,

465 645 720 700 fortitudo
742 643 952 702 Domini
973 643 1235 700 aduratur
1263 661 1277 696 :
1309 642 1456 714 quod
1489 642 1707 714 quidem
1754 650 1809 698 et
1849 642 1903 698 in
1953 657 2037 698 se-

460 737 747 805 quentibus
774 750 910 804 pene
928 732 1203 804 patefecit,
1229 749 1354 789 cum
1377 733 1454 789 ait
1483 751 1498 790 :
1526 733 1595 790 Et
1624 734 1696 788 ad
1726 734 2036 788 memoriam

463 831 721 885 veniemus.
738 827 801 882 de
829 827 945 896 ejus
969 827 1026 882 in
1065 836 1206 881 terra
1233 827 1531 898 prwsentia.
1559 812 1656 882 Cui
1679 824 2035 895 propositioni

461 922 563 977 hoc
581 919 832 976 facillime
856 933 1146 988 possumus
1169 915 1422 986 obiicere,
1437 917 1579 988 quod
1605 932 1705 973 nec
1730 916 2038 985 Scriptura—

457 1032 576 1074 rum
605 1025 914 1072 sanctarum
942 1015 1188 1080 lectione,
1228 1031 1330 1072 nec
1365 1016 1594 1071 Patrum-
1632 1016 1894 1087 exemplis
1951 1025 2038 1073 est

458 1111 782 1176 institutum,
825 1109 997 1164 Deum
1045 1109 1100 1164 in
1138 1107 1460 1165 manul‘actis
1487 1109 1809 1180 quibusdam
1837 1108 2036 1163 debere

455 1217 717 1273 quaerere.
752 1201 824 1256 In.
859 1201 1012 1257 cordo
1051 1218 1188 1266 meo,
1217 1200 1392 1271 inquit
1415 1201 1604 1266 David,
1631 1215 1737 1255 non
1788 1198 2038 1269 imagini-

454 1293 576 1359 bus,
607 1293 854 1347 abscondi
883 1292 1233 1364 cloquiatua;
1261 1292 1440 1346 intota
1463 1291 1616 1346 corde
1639 1307 1751 1345 meo
1780 1289 2038 1361 exquisivi

456 1394 503 1439 te
520 1386 678 1450 Deus,
703 1402 765 1438 ne
788 1383 1005 1454 repellas
1028 1401 1108 1440 me
1136 1401 1166 1436 a
1190 1383 1452 1437 mandatis
1474 1384 1576 1436 tuis
1600 1380 1771 1452 (Psal.
1811 1381 2033 1451 cxvm);

455 1488 510 1534 et
536 1478 748 1549 Moyses
775 1478 904 1536 dicit
945 1492 958 1531 :
1007 1476 1193 1531 Ponite
1238 1476 1388 1531 verba
1429 1475 1641 1529 Domini
1693 1477 1750 1528 in
1795 1474 2038 1529 cordibus

453 1573 665 1637 uestris;
693 1579 748 1626 et
775 1570 1032 1625 Dominus
1053 1584 1151 1639 per
1175 1569 1492 1638 prOphetam
1518 1585 1530 1620 :
1559 1564 1931 1622 Convertimiui
1967 1566 2042 1620 ad

453 1682 534 1719 me
558 1682 623 1719 ea:
643 1676 748 1719 toto
776 1664 931 1719 corde
969 1674 1132 1718 vestro
1163 1661 1322 1734 (loel.
1359 1661 1452 1732 u);
1483 1669 1538 1717 ct
1578 1677 1610 1716 e
1647 1661 1920 1718 contrario
1968 1659 2036 1717 de

2141 462 2290 530 dant,
2319 470 2378 518 et
2408 461 2535 516 dum
2563 475 2621 515 se
2649 474 2682 512 a
2710 457 2872 514 nobis
2888 457 3366 527 reprehendendos
3389 455 3726 523 existimat,

2140 562 2381 610 nostram
2433 551 2662 609 salutem
2717 549 2882 605 zelari
2923 565 2982 605 se
3029 547 3262 619 iactant.
3300 547 3412 604 Nos
3467 547 3652 617 itaque
3678 549 3727 604 in

2140 645 2243 702 hac
2283 652 2439 716 parte
2485 641 2798 700 scandalum
2827 640 2940 713 pati
2988 639 3308 706 formidant,
3368 647 3429 696 et
3459 653 3523 694 se
3578 639 3730 695 bonis

2137 738 2392 808 operibus
2449 737 2651 794 instare
2674 740 2865 807 putant
2896 751 2909 787 :
2941 732 3040 790 sed
3099 739 3254 788 tanto
3293 730 3457 786 nobis
3511 728 3729 799 huiusce

2136 830 2308 900 partis
2365 829 2677 884 scandalum
2722 825 2924 881 valebit
2972 825 3200 890 obesse,
3251 831 3463 895 quanto
3521 831 3580 876 et
3634 822 3730 878 illis

2138 922 2309 992 ipsius
2373 921 2652 978 insoleutis
2681 919 2932 990 obsequii
2982 916 3246 976 exhibitio
3280 917 3574 987 prodesse,
3615 917 3729 984 qun

2137 1019 2392 1076 nimirum
2438 1019 2570 1074 ordo
2635 1016 2882 1089 exposcit
2903 1056 2920 1082 ,
2988 1022 3050 1069 ut
3113 1013 3275 1068 talem
3322 1012 3435 1069 illis
3496 1010 3730 1081 palata:

2139 1110 2400 1181 imagines
2440 1109 2569 1164 illati
2599 1109 2850 1179 obsequii
2893 1106 3310 1164 retributionem
3336 1105 3632 1174 impertire
3653 1118 3731 1159 co-

2138 1209 2354 1270 gantur,
2407 1199 2622 1271 qualem
2655 1199 2913 1270 impcrtiti
2947 1197 3172 1256 honoris
3202 1211 3448 1263 sensum,
3473 1211 3606 1252 cum
3633 1196 3732 1250 sint

2138 1303 2354 1372 penitus
2401 1303 2706 1367 insensatee,
2737 1300 3020 1372 percipere
3044 1307 3364 1356 noscuntur.
3397 1295 3511 1354 Sed
3538 1296 3733 1356 librtas-

2140 1397 2215 1452 sis
2263 1396 2404 1450 hanc
2461 1403 2708 1450 nostram
2756 1393 3108 1449 assertionem
3137 1390 3393 1448 frustrari
3457 1389 3733 1459 cupientes

2140 1487 2320 1542 dicent
2347 1504 2359 1538 :
2389 1484 2498 1540 Cur
2524 1499 2618 1540 eos
2668 1484 2994 1555 imaginibus
3027 1497 3190 1539 sensu
3217 1481 3542 1538 carentibus
3575 1480 3732 1534 lumi-

2140 1577 2296 1632 naria
2324 1577 2712 1633 concinnantes
2747 1583 2802 1631 et
2825 1576 3180 1646 thymiamata
3203 1572 3487 1628 adolentes
3517 1572 3735 1626 subsan-

2086 1667 2100 1682 °
2139 1669 2306 1734 natis,
2333 1683 2462 1724 cum
2500 1675 2558 1726 et
2593 1682 2694 1725 nos
2715 1667 2772 1722 in
2823 1667 3064 1723 basilicis
3095 1677 3250 1736 teque
3299 1680 3465 1720 sensu
3505 1662 3736 1718 carenti-

458 1755 704 1824 reprobis
725 1755 836 1809 ait:
861 1752 1096 1823 Papulas
1112 1752 1194 1805 hic
1217 1751 1368 1805 labiis
1391 1767 1470 1804 me
1491 1751 1737 1815 honorat,
1757 1767 1846 1804 cor
1863 1758 2040 1803 autem
2067 1736 2120 1800 Β
2139 1762 2243 1818 bus
2279 1769 2336 1818 ει
2391 1762 2682 1817 luminaria
2705 1760 3096 1817 concinnamus
3115 1768 3172 1814 ει
3221 1758 3568 1828 thymium“
3592 1756 3736 1813 adu-

453 1863 636 1900 eorum
652 1844 801 1916 longe
831 1854 905 1899 est
933 1862 968 1898 a
995 1859 1074 1896 me
1114 1841 1246 1914 (Isa.
1276 1841 1447 1914 χχιχ).
1482 1841 1638 1897 Unde
1683 1842 1842 1896 datur
1886 1842 2043 1897 intel-

451 1937 566 2009 ligi,
589 1935 732 2007 quod
756 1953 863 1994 non
883 1936 939 1990 in
961 1936 1123 1991 rebus
1141 1934 1459 1998 visibilibus,
1475 1949 1583 1988 non
1609 1935 1662 1988 in
1693 1932 2040 2000 manufactis,

452 2029 549 2085 sed
577 2030 817 2085 incordc
844 2029 988 2084 Deus
1032 2035 1116 2082 est
1170 2028 1523 2096 quaerendus;
1580 2042 1682 2084 nec
1731 2027 2044 2084 carnalibus

455 2120 654 2186 oculis,
686 2121 782 2178 sed
829 2119 1029 2176 mentis
1085 2118 1419 2176 solummodo
1464 2119 1620 2175 oculo
1675 2119 2037 2189 aspiciendus.

452 2215 590 2270 Nam
614 2230 734 2285 quae
768 2214 989 2270 vesania
1009 2221 1095 2270 est
1122 2213 1334 2269 dicere:
1363 2212 1469 2266 Per
1493 2213 1774 2284 imaginem
1796 2230 1913 2284 quo;
1948 2229 2041 2283 per

454 2307 652 2363 colores
675 2317 911 2378 apparet,
940 2306 1194 2363 aduratur
1223 2305 1481 2376 fortitudo
1502 2305 1635 2376 ejus,
1663 2317 1709 2360 et
1731 2307 1798 2360 ad
1840 2323 2040 2360 memo-

453 2400 592 2453 riam
620 2399 882 2454 ueniemus
909 2398 972 2454 de
998 2398 1114 2468 ejus
1139 2399 1195 2452 in
1215 2408 1356 2452 terra
1376 2399 1696 2470 prwsentia?
1719 2397 1906 2452 Infelix
1929 2413 2043 2452 me-

452 2491 648 2557 moria,
676 2506 797 2562 qutc
822 2498 884 2546 ut
918 2489 1121 2546 Christi
1155 2496 1506 2555 memoratur,
1547 2490 1643 2561 qui
1685 2505 1962 2560 nunquam
2007 2505 2044 2550 δ

453 2591 670 2655 pectore
688 2580 823 2651 justi
851 2582 1086 2638 hominis
1114 2581 1370 2639 recedere
1398 2582 1574 2647 debet,
1606 2581 1939 2651 imaginariae
1965 2582 2042 2635 vi-

455 2675 624 2732 sionis
642 2683 726 2731 est
756 2673 1002 2745 indigna;
1054 2689 1155 2730 nec
1180 2673 1337 2728 aliter
1362 2681 1540 2750 potest
1586 2673 1788 2740 Christi
1838 2674 2040 2729 habere

457 2765 516 2822 in
541 2782 599 2823 se
625 2767 992 2841 praesentiam,
1020 2766 1124 2828 nisi
1155 2767 1210 2827 in
1237 2774 1465 2843 pariete,
1491 2782 1585 2827 aut
1615 2773 1669 2828 in
1711 2767 1890 2842 aliqua
1920 2783 2038 2822 ma-

459 2864 597 2919 teria
632 2872 750 2933 ejus
774 2866 973 2920 viderit
1006 2865 1293 2934 imaginem
1340 2865 1571 2936 pictam,
1611 2859 1862 2935 quoniam
1915 2863 2040 2918 talis

460 2959 726 3012 memoria
747 2973 868 3027 quae
905 2957 1227 3027 imaginibus
1255 2955 1488 3022 fovetur,
1519 2973 1628 3012 non
1655 2957 1800 3011 venit
1824 2969 1890 3010 ex
1925 2971 2040 3011 cor-

460 3049 542 3103 dis
566 3048 882 3113 amore,sed
902 3064 970 3104 ex
999 3047 1222 3102 visionis
1243 3048 1568 3102 necessitate
1597 3065 1610 3100 :
1643 3048 1771 3117 quia
1789 3045 2038 3102 videlicet

461 3153 573 3194 non
601 3139 740 3194 hanc
764 3139 1008 3196 internus
1030 3153 1184 3194 amor
1215 3137 1286 3194 ad
1321 3139 1732 3194 memorandum
1761 3137 2038 3193 Christum
2065 3102 2114 3168 θ

462 3232 715 3298 incendit,
742 3233 834 3288 sed
861 3232 1174 3299 necessitas,
1189 3247 1294 3302 qua
1317 3231 1480 3288 etiam
1511 3248 1597 3288 res
1623 3247 1816 3288 exesas
1834 3247 1958 3286 mox
1983 3239 2043 3286 ut

461 3324 706 3382 videmus
728 3326 929 3395 pictas,
957 3333 1230 3394 utcunque
1277 3324 1346 3380 ad
1387 3332 1622 3379 mentem
1661 3324 1869 3378 visione
1910 3322 2046 3378 duce

460 3417 790 3474 reducimus.
820 3418 897 3472 De
923 3417 1120 3474 talibus
1141 3432 1270 3487 ergo
1303 3417 1396 3487 qui
1423 3425 1573 3472 tanta
1607 3417 1930 3472 necessitate
1958 3431 2044 3469 ar-

460 3516 694 3575 ctantur,
738 3519 798 3566 ut
856 3510 962 3566 nisi
997 3510 1240 3580 picturas
1284 3511 1538 3576 viderint,
1575 3509 1778 3566 Christi
1833 3507 2046 3564 dillicile

463 3610 854 3669 memorentur,
879 3603 1178 3659 timendum
1207 3611 1309 3669 est,
1337 3603 1444 3659 nisi
1477 3601 1618 3660 forte
1661 3611 1756 3657 aut
1799 3617 2043 3658 commu-

461 3708 587 3749 nem
610 3693 750 3750 hanc
775 3693 946 3749 lucem
969 3695 1204 3764 quadam
1239 3694 1485 3765 corporis
1527 3693 1775 3749 molestia
1817 3701 2045 3763 urgente

459 3785 704 3842 viventes
745 3787 1047 3853 amiserint,
1081 3794 1174 3841 aut
1206 3787 1437 3856 picturis
1461 3787 1695 3856 quodam
1740 3801 1889 3849 casu,
1922 3800 2042 3854 quae

458 3883 638 3930 tamen
661 3892 768 3932 non
791 3892 1004 3946 semper
1031 3877 1222 3933 haberi
1241 3886 1484 3948 possunt,
1511 3878 1808 3944 caruerint,
1839 3876 2040 3934 Christi

459 3978 682 4033 prorsus
709 3967 802 4035 qui
830 3982 1044 4037 semper
1078 3976 1204 4028 ante
1231 3969 1418 4025 oculos
1457 3970 1738 4025 habendus
1779 3978 1881 4036 est,
1907 3968 2044 4026 obli-

461 4055 760 4113 viscantur.

1109 4128 1337 4186 CAPUT
1381 4129 1467 4185 ΠΙ.

458 4215 534 4270 De
582 4233 640 4270 eo
665 4215 802 4288 quod
831 4213 1054 4272 dicunt:
1081 4235 1188 4275 non
1218 4219 1689 4275 scandalizandum

527 4302 591 4360 eo
644 4288 784 4357 qned
866 4297 991 4342 ante
1066 4289 1330 4360 imagines
1382 4299 1694 4346 sanctorum

527 4358 676 4423 ﬂant,
717 4367 774 4413 et
810 4360 993 4415 odoris
1018 4358 1393 4432 thymi'amata.

1768 4219 2036 4304 uemdam,

1775 4307 2037 4346 UlDlllill‘la

2139 1853 2387 1909 lessus?
2463 1852 2672 1919 Quibus
2730 1851 2907 1908 facilis
2965 1859 3144 1928 potest
3210 1849 3422 1906 aboriri
3469 1847 3732 1916 obiectio,

2139 1945 2392 2016 quoniam
2446 1944 2598 2000 aliud
2641 1952 2730 1999 est
2763 1943 2882 2000 loca
2913 1943 3113 1998 divinis
3152 1941 3391 1997 cultibus
3429 1941 3736 2010 mancipata

2138 2035 2501 2092 luminaribus
2537 2035 2880 2105 perlustrari,
2927 2041 2984 2088 et
3020 2033 3078 2089 in
3109 2033 3313 2090 eisdem
3369 2031 3510 2090 locis
3536 2040 3596 2088 et
3620 2047 3735 2086 ora-

2140 2128 2348 2183 tionum
2399 2134 2454 2181 et
2510 2125 2932 2196 thymiamatum
2987 2124 3098 2180 Deo
3143 2124 3355 2183 l'umum
3406 2121 3638 2186 ciem,
3684 2131 3734 2176 et

2139 2218 2292 2274 aliud
2340 2216 2566 2288 imagini
2607 2216 2794 2272 oculos
2837 2215 3056 2277 babenti
3095 2221 3152 2268 et
3204 2213 3340 2268 nihil
3382 2213 3636 2270 cernenti
3664 2212 3739 2270 lu-

2139 2328 2266 2369 men
2321 2310 2537 2375 ollerrc,
2583 2319 2639 2367 et
2701 2325 2862 2366 nares
2909 2309 3133 2365 habenti
3181 2316 3242 2364 et
3285 2307 3426 2366 nihil
3492 2307 3740 2363 adoranti

2140 2405 2495 2478 titymiamata
2520 2404 2768 2471 adolere;
2818 2403 2966 2458 aliud
3016 2409 3101 2458 est
3149 2401 3268 2458 loca
3323 2401 3520 2458 divino
3569 2400 3736 2456 cultui

2139 2499 2445 2568 mancipata
2493 2496 2762 2561 venerari,
2805 2496 2954 2552 aliud
2997 2495 3228 2565 picturis
3267 2494 3615 2565 quibuslibet
3651 2508 3740 2548 co—

2140 2589 2345 2648 loribus
2387 2591 2617 2660 comptis
2640 2587 2934 2646 luminaria
2983 2599 3040 2643 et
3087 2588 3448 2659 thymiama“
3509 2585 3738 2650 θαι-πε

2141 2684 2290 2740 aliud
2319 2685 2542 2740 domum
2583 2681 2887 2751 maiestatis
2920 2681 3135 2738 Domini
3162 2697 3192 2734 a
3218 2681 3476 2738 ﬁdelibus
3523 2681 3746 2750 quibus-

2140 2791 2246 2846 que
2299 2775 2622 2832 ;edilicalam
2655 2781 2711 2828 et
2752 2788 2790 2828 a.
2828 2772 3086 2843 pontiﬁce
3139 2771 3456 2828 dedicatam
3480 2770 3746 2826 solumm-

2143 2883 2224 2928 tcr
2270 2869 2556 2937 venerari,
2619 2876 2782 2939 atque
2842 2867 2989 2922 aliud
3031 2875 3088 2922 et
3135 2866 3293 2938 longe
3339 2866 3494 2922 aliud
3543 2867 3746 2937 imagi-

2141 2981 2240 3022 nes
2287 2981 2318 3021 a
2370 2964 2675 3034 pictoribus
2701 2962 3006 3033 quibusque
3027 2962 3360 3032 compositas
3397 2961 3603 3017 oblatis
3627 2977 3748 3015 mn-

2141 3057 2366 3111 ncribus
2395 3055 2844 3110 irrationabiliter
2885 3053 3141 3110 osculari.
3178 3053 3378 3107 Demus
3424 3054 3578 3108 enim
3599 3069 3746 3118 mea,

2143 3149 2219 3202 ait
2279 3149 2556 3211 Dominus,
2590 3147 2776 3201 domus
2822 3148 3075 3201 orationis
3111 3147 3380 3200 vocabitur
3413 3145 3551 3217 (lea.
3585 3147 3744 3216 ut);

2143 3237 2272 3292 item
2303 3237 2432 3292 alibi
2459 3255 2472 3290 :
2518 3237 2742 3292 Munera
2766 3247 2980 3308 accepta
3007 3247 3158 3292 erunt
3182 3253 3337 3306 super
3359 3236 3528 3290 altare
3556 3254 3746 3290 meum

2142 3341 2190 3388 et
2217 3333 2402 3386 domus
2430 3332 2682 3385 orationis
2708 3345 2836 3383 mea:
2871 3330 3218 3384 honorabitur
3268 3329 3404 3399 (Isa.
3445 3329 3558 3400 ιι).
3597 3329 3749 3382 Mul-

2143 3425 2216 3481 tis
2254 3440 2484 3494 namque
2549 3423 2846 3480 honoribus
2880 3423 3028 3478 locus
3080 3423 3169 3478 ille
3212 3423 3586 3478 sublimandns
3635 3433 3747 3486 est,

2142 3519 2238 3572 ubi
2289 3533 2321 3572 a
2381 3517 2629 3572 ﬁdelibus
2667 3516 2880 3588 populis
2914 3516 3153 3586 undique
3195 3517 3532 3579 convenitur,
3563 3523 3749 3570 eteo-

2142 3625 2265 3664 rum
2311 3608 2728 3679 supplicationcs
2791 3608 2900 3662 Deo
2969 3607 3260 3662 miserante
3334 3605 3745 3669 exaudiuntur,

2142 3711 2198 3758 et
2221 3710 2419 3758 nostrae
2445 3701 2635 3757 salutis
2659 3701 2916 3773 mysteria
2943 3701 3305 3766 celebrantur,
3346 3710 3402 3757 et
3423 3701 3538 3756 Deo
3557 3701 3749 3754 εδει-ἥς

2143 3797 2324 3853 licium
2349 3796 2524 3851 laudis
2561 3795 2820 3863 oﬂ‘ertur;
2854 3797 2950 3851 ubi
2970 3798 3040 3852 ad
3065 3795 3384 3868 perferenda
3428 3796 3540 3850 Deo
3567 3795 3748 3848 sacri-

2142 3889 2264 3944 ﬁcia
2313 3905 2355 3944 a-
2397 3888 2644 3946 ﬁdelibus
2699 3890 2913 3961 populis
2957 3907 3060 3964 per
3127 3907 3328 3947 manus
3383 3889 3748 3946 sacerdotum

2143 3981 2310 4046 illata,
2373 3981 2654 4051 angelicas
2696 3979 2759 4035 lit
2806 3997 3142 4048 concursus;
3186 3983 3280 4037 ubi
3327 3982 3522 4037 crebro
3542 3981 3744 4035 suavi-

2141 4089 2305 4130 sonus
2352 4074 2698 4142 psallentium
2743 4075 2932 4130 reboat
3003 4083 3320 4140 concentus,
3389 4074 3481 4128 ubi
3530 4074 3748 4127 divina

2139 4166 2388 4222 lectionis
2431 4168 2645 4222 arentia
2673 4167 2837 4223 corda
2868 4167 3157 4238 irrigaan
3183 4175 3478 4238 personant
3505 4167 3742 4221 ﬂuctus.

2139 4259 2381 4328 Denique
2410 4261 2464 4313 in
2514 4274 2703 4315 eorum
2756 4259 3028 4330 plerisque
3075 4261 3226 4326 locis,
3283 4261 3376 4330 qui
3421 4274 3479 4314 se
3531 4259 3743 4328 imagi-

2138 4354 2298 4410 nibus
2361 4354 2647 4408 luminaria
2701 4363 2756 4410 et
2793 4355 3146 4425 thymiamata
3171 4353 3366 4410 oll‘erre
3408 4354 3737 4422 gloriantur,

527 4448 767 4519 Denique
812 4466 936 4506 cum
991 4453 1183 4507 eadem
1231 4454 1488 4524 synodus,
1543 4454 1702 4524 cujus
1745 4456 2034 4512 lectionem
2066 4463 2176 4528 Da
2215 4447 2413 4516 quibus
2463 4460 2562 4500 nos
2599 4446 2691 4516 qui
2743 4446 2797 4528 id
2828 4445 3008 4500 facere
3033 4445 3449 4509 contemnimus,
3499 4445 3740 4499 scanda—

456 4541 826 4597 inculcandam
866 4545 1214 4615 arripuimus,
1249 4545 1404 4615 plura
1430 4548 1654 4603 suadeat
1680 4551 1876 4619 quibus
1913 4550 2036 4604 nul-

455 4634 539 4690 lus
585 4649 730 4691 same
777 4639 975 4694 mentis
1004 4649 1289 4696 assensum
1315 4643 1558 4710 prteb‘ere
1605 4644 1842 4710 audebit,
1884 4645 2041 4713 plura

457 4727 770 4785 dissuadere
836 4732 1040 4788 nitatur
1087 4748 1120 4787 a
1165 4735 1364 4803 quibus
1411 4734 1591 4788 nullus
1667 4736 1784 4788 sani
1843 4737 2038 4806 capitis

455 4835 698 4890 gressum
727 4824 906 4894 operis
953 4833 1270 4894 retorquere
1298 4826 1546 4892 tentabit,
1573 4826 1726 4896 plura
1768 4828 2041 4899 vituperet

456 4925 578 4982 qua:
631 4929 854 4986 prorsus
897 4926 1022 4971 sunt
1068 4918 1356 4984 laudanda,
1407 4929 1512 4976 etc
1553 4922 1827 4976 contrario
1881 4924 2039 4993 plura

455 5003 636 5061 laudet
658 5023 778 5076 quae
804 5008 1018 5078 penitus
1053 5017 1180 5064 sunt
1202 5011 1574 5082 vituperanda,
1603 5014 1854 5068 admonet
1875 5016 2038 5070 etiam

455 5111 526 5151 ne
577 5100 700 5166 quis
747 5099 1150 5155 scandalizatur.
1191 5105 1427 5174 ecquod
1457 5116 1583 5161 ante
1633 5107 1900 5179 imagines
1950 5109 2036 5163 lu—

456 5189 687 5245 minaria
743 5193 1138 5249 concinnantur
1186 5202 1240 5251 et
1289 5199 1642 5268 thymiamata
1699 5201 2033 5268 adoleantur,

457 5280 611 5348 quasi
655 5293 761 5336 non
810 5283 886 5339 illi
952 5287 1306 5344 scandalizati
1345 5291 1475 5356 sint,
1525 5292 1617 5361 qui
1696 5295 1859 5350 rebus
1914 5293 2034 5350 luce

456 5373 764 5430 carentibus
783 5375 1070 5434 luminaria
1116 5381 1427 5448 incendunt,
1459 5391 1514 5438 et
1539 5384 1703 5440 odore
1726 5388 2038 5444 carentibus

455 5465 724 5524 odorifera
747 5470 1103 5541 thymiamata
1151 5474 1404 5530 oderunt.
1451 5475 1529 5530 Illi
1555 5478 1756 5533 etenim
1797 5481 2031 5536 scanda-

455 5561 707 5630 lizantur,
766 5565 859 5636 qui
906 5582 970 5622 ea
1011 5579 1130 5638 qua:
1173 5571 1283 5626 Deo
1347 5572 1507 5642 digne
1550 5569 1822 5629 offerenda
1883 5583 2027 5642 sunt,

2150 4539 2261 4592 lum
2289 4537 2400 4607 pati
2444 4545 2714 4607 putamur,
2753 4523 2826 4591 ita
2857 4537 2974 4593 loca
3013 4538 3198 4593 divino
3221 4537 3386 4593 cultui
3421 4539 3738 4608 mancipata

2145 4627 2490 4697 despicabilia
2517 4637 2662 4694 sunt,
2710 4636 2771 4682 ut
2822 4628 2965 4684 sicut
2993 4628 3186 4700 legatis
3220 4629 3421 4684 nostris
3467 4630 3587 4684 sive
3623 4629 3738 4684 illis

2143 4722 2238 4791 qui
2274 4731 2514 4792 tempore
2561 4721 2870 4777 reverendae
2903 4722 3177 4777 memoriae
3238 4721 3594 4776 illustrissimi
3627 4722 3734 4775 viri

2143 4815 2314 4885 patris
2375 4815 2500 4881 mei,
2555 4815 2669 4870 sive
2703 4815 2782 4871 eis
2837 4816 2929 4884 qui
2987 4831 3018 4870 a
3045 4815 3205 4870 nobis
3251 4814 3372 4869 illas
3399 4824 3531 4869 sunt
3565 4815 3734 4869 desti-

2142 4908 2253 4962 nati
2304 4908 2357 4962 in
2392 4916 2597 4978 partes,
2649 4907 3008 4964 referentibus
3033 4909 3416 4978 comperimus,
3459 4907 3734 4978 pleneque

2142 5000 2378 5056 basilice
2401 5021 2409 5071 ;
2435 5000 2491 5053 in
2555 5015 2743 5055 eorum
2785 5001 2946 5057 terris
2997 5015 3105 5057 non
3149 5001 3324 5058 solum
3369 5002 3734 5056 luminaribus

2141 5103 2198 5149 et
2248 5094 2710 5166 thymiamatibus,
2743 5095 2840 5151 sed
2882 5095 3046 5151 etiam
3070 5096 3203 5167 ipsis
3234 5105 3424 5152 carent
3478 5096 3728 5165 tegmini-

2141 5189 2256 5251 bus,
2319 5188 2515 5259 quippe
2546 5204 2674 5243 cum
2741 5189 2796 5243 in
2833 5199 3000 5261 regno
3027 5205 3056 5244 a
3112 5191 3224 5245 Deo
3255 5190 3410 5244 nobis
3461 5205 3727 5244 concesso

2138 5279 2376 5334 basilicae
2422 5279 2537 5348 ipso
2563 5279 2864 5348 opitulante
2892 5281 2986 5350 qui
3023 5293 3116 5335 cas
3163 5293 3489 5336 conservare
3537 5280 3726 5350 digna-

2139 5379 2246 5437 tur,
2309 5369 2595 5426 alluenter
2643 5386 2778 5425 auro
2821 5379 3172 5444 argentoque,
3231 5369 3464 5443 geminis
3495 5388 3561 5428 ac
3586 5388 3726 5427 mar-

2135 5466 2341 5537 garitis,
2367 5467 2578 5521 caeteris
2600 5466 3001 5522 venustissimis
3019 5466 3321 5521 redundent
3352 5468 3724 5537 apparatibus,

2133 5566 2189 5614 et
2232 5558 2324 5627 qui
2354 5558 2680 5629 imaginibus
2704 5558 2993 5614 luminaria
3049 5558 3381 5614 concinnare
3403 5559 3694 5630 et‘tbymia

456 5654 617 5709 rebus
661 5669 822 5712 sensu
874 5661 1184 5716 carentibus
1209 5661 1459 5728 offerunt,
1511 5669 1564 5718 eg
1584 5664 1780 5720 egena
1811 5665 2032 5720 bona“.
2130 5657 2275 5702 mata
2322 5647 2538 5703 adolere
2570 5651 2897 5719 respuimus,
2933 5650 3047 5705 loca
3081 5649 3278 5704 divinis
3299 5651 3533 5707 cultibus
3571 5666 3698 5704 man

442 5752 582 5835 .tur;
636 5755 692 5803 et
742 5764 842 5806 nos
899 5751 1342 5812 scandalizaudos
1390 5763 1688 5826 autumant,
1745 5773 1776 5812 a
1806 5759 2028 5828 Lquibus

2102 5809 2108 5816 ι
2137 5739 2313 5811 cipata
2357 5742 2520 5796 rebus
2552 5740 2961 5811 pretiosissimis
3001 5755 3348 5799 exornamus.
