4016 6292
202 176 418 273 Μεθ’

886 322 1117 389 CAPUT
1156 332 1242 391 Π.

1022 216 1207 280 LIBRI
1240 214 1586 285 CAROLINI.
1617 250 1691 272 -ι
1724 220 1949 288 CAPIT:
1985 226 2079 289 DD
2107 225 2309 296 WAG.
2338 260 2417 285 6-
2444 238 2589 303 ΗΒ.-
2614 244 2705 305 Π.

3355 257 3499 323 nso

1794 418 1809 427 δ
1842 349 1894 409 Α
1919 357 2245 447 iuniorum;
2269 356 2365 427 qui
2386 365 2438 413 to
2460 358 2683 417 adeunt
2713 361 2925 439 (Ibid).
2967 364 3079 426 Nec
3124 371 3181 428 in
3223 374 3450 445 picuuis
3479 412 3496 447 ,

207 416 307 472 De
339 436 419 501 .eo
448 418 595 490 quod
622 418 844 505 dicunt;
876 419 1131 505 Ejusdem
1155 427 1401 505 criminis
1430 436 1532 499 est,
1568 434 1661 505 qui
1684 418 1824 493 ima:-

299 489 468 559 em
482 489 1011 592 sperassent.
1033 489 1535 592 Fausianam
1570 489 1662 590 «3e

300 559 523 651 regem
551 559 938 651 luds
979 568 1321 651 e‘sepulcris,
1346 580 1415 651 e_t_
1432 559 1821 651 Judaibiregii—s

1926 442 2025 497 sed
2051 441 2107 499 in
2133 446 2275 503 atrio
2299 448 2511 507 Domini
2536 453 2693 526 signa
2739 473 2857 525 sua,
2902 462 3093 517 venilia
3122 441 3369 524 videlicet
3402 441 3499 528 bo;

296 624 500 726 oeulos.
509 624 732 726 occisis“
744 631 872 690 ﬁliis
898 636 1062 706 eruit,
1099 624 1160 696 in
1196 624 1774 723 chéidiiiﬁfﬁﬁehiﬁl

1924 624 2260 689 rstdiosns:
2292 632 2363 691 In
2396 639 2569 695 medio
2599 643 2737 698 atrio
2764 653 2855 700 tuo
2892 624 3494 726 posuerunt

297 700 549 757 abstulit.
570 720 581 729 ·

292 822 571 896 imagines
606 842 861 902 namque,
910 840 975 888 ut
1010 830 1214 902 'crebro
1240 834 1354 906 jam
1384 830 1638 912 diximus,
1665 859 1816 916 sper-

200 917 407 974 nendo
427 917 696 993 (surgere,
731 923 1094 984 luminaribus
1124 936 1183 985 et
1208 930 1652 1002 tbymiamatibus
1676 937 1810 996 oﬁ‘e-

200 1011 400 1066 renda
444 1011 693 1083 adorare,
767 1018 921 1075 nulla
967 1020 1183 1090 penitus
1227 1025 1551 1109 authentica‘
1581 1028 1813 1089 lectione

202 1110 499 1170 censetur,
542 1120 719 1178 neque
758 1108 921 1167 ullius
967 1113 1141 1170 sancti
1191 1118 1434 1188 exemplo
1461 1118 1583 1179 ﬁeri
1611 1122 1809 1183 debere

198 1202 578 1264 monstratur,
635 1214 761 1257 eum
803 1205 1104 1274 prasertim
1160 1207 1415 1282 frangere
1441 1227 1538 1269 eas
1560 1213 1673 1272 sive
1706 1217 1805 1273 ad-

198 1299 391 1345 orare
413 1303 445 1345 ι
469 1291 793 1361 quibmdam
845 1299 1045 1355 sanctis
1084 1302 1329 1371 patribus
1355 1305 1431 1362 sit
1451 1309 1803 1380 prohibitum,

199 1385 276 1432 et
324 1393 439 1437 non
481 1381 779 1454 immerito,
832 1389 963 1460 quia
1002 1405 1035 1446 ι
1079 1394 1291 1451 cautela
1329 1405 1414 1454 est
1454 1402 1677 1458 omnino
1725 1420 1806 1461 re.

194 1476 451 1538 motum.
496 1474 642 1543 quod
691 1484 982 1551 utrumque
1018 1482 1093 1537 illi
1142 1496 1465 1561 perpetrant
1491 1494 1586 1564 qui
1648 1511 1807 1567 syno-

198 1561 318 1617 dos
363 1562 595 1636 faciunt,
637 1577 733 1627 aut
772 1573 1054 1631 obeamm
1079 1592 1191 1634 non
1241 1561 1606 1642 necessariam
1627 1561 1799 1645 aboli-

199 1652 443 1723 tionem,
493 1667 588 1713 aut
631 1661 798 1718 etiam
830 1666 900 1722 ob
948 1682 1138 1725 earum
1162 1670 1587 1745 inopportunam
1605 1681 1799 1739 adora-

197 1745 442 1805 tionem.
510 1751 704 1811 Diamt
753 1771 883 1830 ergo
956 1761 1050 1831 qui
1100 1775 1194 1819 eas
1243 1777 1508 1836 spernunt
1558 1769 1800 1842 ejusdem

192 2021 294 2079 ira
343 2037 569 2098 urgente
600 2028 799 2090 Judtere
843 2050 1073 2108 regnum
1118 2040 1402 2111 destruxit,
1447 2062 1636 2105 muros
1673 2065 1801 2108 sats-

190 2124 314 2175 σιω
357 2121 627 2189 quondam
699 2125 939 2186 civitatis
990 2134 1224 2219 evertit,
1275 2145 1334 2193 et
1411 2139 1589 2196 diruta
1629 2145 1801 2203 totius.

200 2300 436 2368 quidem
477 2304 531 2359 si
574 2305 649 2361 ita
708 2318 869 2376 esset,
918 2328 1027 2368 non
1066 2315 1127 2373 in
1146 2332 1247 2373 nos
1286 2320 1389 2376 hoc
1445 2300 1793 2397 crimen-pos.

190 2396 292 2444 set
340 2391 554 2459 cadere,
602 2397 697 2469 qui
721 2412 814 2455 eas
856 2401 913 2456 in
943 2407 1282 2464 ornamentis
1303 2409 1558 2470 Ecclesize
1588 2391 1792 2477 habere

189 2486 607 2558 permittentes,
667 2495 845 2551 modis
884 2500 1141 2556 omnibus
1189 2505 1494 2573 spernimus
1536 2509 1787 2587 adorare,

191 2576 305 2633 sed
343 2578 402 2635 in
436 2596 625 2639 eorum
667 2587 1086 2655 prodecessores
1130 2593 1211 2649 vel
1236 2605 1486 2666 parentes
1547 2603 1638 2671 qui
1692 2576 1788 2662 eas

187 2673 541 2733 “umentis
580 2674 929 2736 basilicarum
963 2670 1031 2737 ab
1073 2684 1312 2755 antiquis
1356 2670 1627 2748 adbibitas
1679 2693 1787 2752 fre-

185 2776 329 2832 gere
350 2773 413 2827 eti
468 2768 685 2836 penitus
732 2771 1027 2835 abolemlas
1085 2792 1336 2836 sanxere.
1388 2780 1522 2839 Tam
1585 2800 1785 2860 anceps

185 2852 389 2924 itaque
417 2858 639 2927 htljusee
672 2863 845 2932 partis
889 2864 944 2920 in
971 2881 1066 2922 eos
1089 2870 1359 2927 sententia
1403 2872 1637 2943 pendere
1662 2852 1785 2933 cer-

184 2948 365 3016 nitur,
394 2958 455 3010 ut
478 2953 737 3024 quidquid
766 2971 835 3013 ex
861 2972 925 3013 es
961 2959 1239 3017 molestius
1285 2964 1781 3039 exsecrabiliusque

181 3043 520 3110 protulerint
570 3056 671 3103 aut
725 3065 787 3106 se
808 3061 905 3106 aut
946 3053 1359 3123 prodecessores
1383 3072 1511 3115 suos
1548 3058 1777 3116 inevita-
1803 3077 1851 3145 ο

179 3133 376 3190 biliter
401 3136 658 3195 “meare
699 3142 1001 3199 videantur.
1050 3143 1187 3201 Cum
1236 3147 1404 3218 igitur
1431 3149 1511 3203 illi
1540 3149 1775 3219 majores

178 3237 321 3283 aues
346 3228 417 3284 ob
457 3243 644 3287 earum
664 3232 1017 3291 abolitionem
1054 3247 1334 3307 spernant,
1383 3256 1550 3312 seque
1571 3243 1641 3297 ob
1671 3259 1769 3300 ea—

178 3332 315 3373 rum
355 3320 725 3379 adorationem
773 3342 1027 3397 magnam
1089 3331 1411 3389 meritorum
1456 3340 1772 3408 praerogati-

173 3423 313 3465 vam
360 3410 563 3471 habere
586 3412 813 3483 iactent,
845 3434 948 3475 nec
968 3421 1061 3477 isti
1079 3428 1349 3495 coasquari
1371 3436 1577 3497 queunt
1600 3430 1770 3486 aediﬁ-

173 3503 463 3560 catoribus
724 3513 1019 3568 venerandi
1071 3516 1255 3587 templi
1331 3518 1387 3573 in
1427 3519 1604 3588 laude,
1665 3536 1769 3580 nec

171 3591 401 3649 illorum
434 3594 668 3666 majores
709 3598 950 3669 ejusdem
979 3609 1323 3665 eversoribus
1368 3625 1434 3668 eo
1477 3615 1767 3683 aequabun—

172 3690 272 3739 tur
310 3684 369 3740 in
410 3687 656 3755 crimine,
685 3692 943 3762 quoniam
973 3706 1173 3767 quanta
1213 3707 1299 3756 est
1340 3702 1595 3759 distantia
1622 3705 1765 3762 inter

170 3774 441 3844 templum
481 3781 681 3835 summi
724 3782 825 3838 Dei
849 3785 992 3856 quod
1028 3788 1355 3847 aediﬁcatum
1379 3802 1466 3850 est
1519 3803 1762 3868 tempore

164 3868 565 3938 prophetacum
607 3889 639 3929 a
663 3874 799 3931 viris
839 3875 1161 3947 illustribus,
1191 3890 1247 3938 et
1271 3885 1531 3954 quasdam
1572 3887 1763 3960 imagi-

163 3973 299 4027 nes.
320 3978 441 4032 quae
467 3980 507 4025 a
523 3966 850 4036 quibuslibet
870 3969 1007 4027 ﬁunt
1030 3975 1349 4042 artiﬁcibus,
1377 3987 1530 4035 tanta
1570 3983 1761 4052 procul

162 4050 345 4110 dubio
392 4054 653 4117 distantia
680 4069 765 4116 est
802 4062 944 4119 inter
973 4062 1212 4133 ejusdem
1256 4072 1441 4143 templi
1481 4050 1759 4134 eversores

158 4149 227 4199 et
272 4144 569 4217 imaginum
621 4160 1040 4223 contemptores.
1075 4156 1183 4215 Sed
1228 4161 1361 4218 dum
1401 4179 1501 4222 nos
1540 4174 1595 4222 et
1625 4167 1757 4227 istos

157 4249 305 4290 vera
331 4236 543 4296 ratione
566 4278 582 4303 ,
614 4242 708 4311 qui
732 4258 831 4300 eas
854 4245 1217 4318 inopportune
1239 4254 1543 4313 adorandas
1569 4260 1755 4317 decer-

153 4336 325 4395 nunt,
353 4338 410 4385 et
449 4331 669 4391 illorum
714 4337 948 4407 majores
993 4342 1086 4412 qui
1118 4358 1213 4401 eas
1261 4346 1477 4407 incaute
1526 4366 1751 4421 prorsus

1921 728 1975 773 et
1995 722 2153 792 signa
2177 734 2283 781 non
2312 744 2664 801 cognoverunt
2690 745 2945 810 tanquam
2977 743 3039 797 in
3058 745 3143 800 uia

1918 829 2060 870 mum
2090 816 2300 893 (Ibid.).
2332 822 2444 880 Nec
2469 826 2973 902 pictorumque-ua,
2999 838 3119 895 sive
3140 816 3496 911 quorum

1917 905 2184 964 artiﬁcum
2233 912 2319 967 vel
2365 916 2530 972 etiam
2574 920 2843 990 pictarum
2892 905 3198 987 tabularum
3241 938 3494 995 materias

1916 998 2195 1084 securibus
2232 1008 2287 1057 et
2319 1007 2483 1062 asciis
2532 1007 2768 1078 dejectas
2812 1012 2977 1074 fuisse
2999 1061 3012 1085 ,
3052 1024 3145 1078 sed
3172 1028 3355 1097 templi
3386 1029 3495 1085 Do-

1915 1078 2084 1158 mini,
2131 1092 2185 1148 in
2214 1108 2325 1165 quo
2348 1106 2505 1155 erant
2529 1110 2719 1161 sancta
2742 1116 3072 1179 sanctorum,
3103 1078 3494 1179 secretissimos

1908 1177 2105 1249 januas
2130 1185 2417 1247 hostilibus
2457 1196 2641 1253 cuneis
2667 1198 2865 1258 incisas
2893 1177 3066 1262 deﬂet.
3092 1202 3275 1265 dicens
3306 1228 3318 1263 :
3349 1177 3494 1269 Tan;

1910 1287 2073 1343 quam
2112 1277 2169 1333 in
2215 1279 2348 1337 silva
2396 1282 2657 1356 lignorum
2679 1293 2951 1350 securibus
2968 1298 3270 1357 exciderunt
3290 1303 3491 1373 januas

1909 1363 2044 1434 ejus,
2073 1367 2290 1439 bipenne
2314 1381 2363 1428 et
2391 1376 2535 1431 ascia
2557 1378 2859 1451 dejeoerunt
2877 1403 2939 1441 ea
2964 1387 3174 1463 (Ibid.).
3344 1410 3490 1452 com-

1906 1456 2212 1517 bustionem
2247 1465 2361 1521 sive
2408 1467 2874 1539 inquinamentum
2902 1456 3257 1549 quarumdam
3301 1485 3489 1560 imagi-

1908 1563 2057 1617 num,
2095 1556 2190 1610 sed
2218 1561 2506 1615 sanctuarii
2542 1554 2754 1622 Domini
2783 1570 2948 1626 animi
2991 1588 3189 1644 angore
3212 1581 3487 1649 prosequi~

1905 1647 2034 1697 tur:
2064 1643 2436 1718 Incenderunt,
2474 1653 2741 1724 inquiens,
2794 1660 2905 1731 igni
2934 1669 3294 1722 sanctuarium
3338 1678 3485 1724 tuum

1831 1715 1885 1775 Β
1906 1736 2141 1805 interra,
2163 1715 2459 1809 polluerunt
2490 1715 2883 1805 tabernaculum
2910 1758 3134 1812 nominis
3169 1761 3244 1814 tui
3271 1760 3482 1836 (Ibid.).

1898 1829 2011 1887 Nec
2056 1848 2177 1889 cum
2211 1834 2295 1891 his
2326 1837 2524 1895 similia
2572 1841 2626 1896 in
2668 1842 2774 1900 alio
2808 1847 3015 1915 psalmo
3048 1849 3209 1908 ﬂebili
3249 1829 3483 1912 modum.

1895 2121 2177 2166 eversores
2202 2152 2217 2176 ,
2242 2113 2328 2168 vel
2354 2115 2516 2170 etiam
2544 2119 2708 2175 totius
2732 2120 3011 2182 Israelitici
3038 2132 3222 2199 populi
3246 2142 3482 2191 vastato-

1892 2215 1980 2257 res
2035 2202 2225 2260 orabat
2252 2205 2436 2263 dicens
2466 2226 2479 2262 :
2511 2206 2810 2284 Usquequo,
2839 2215 3082 2287 Domine,
3130 2224 3373 2280 irasceris
3423 2229 3483 2284 in’

1890 2296 2088 2367 ﬁnem?
2110 2299 2192 2354 An
2215 2301 2269 2354 in
2297 2301 2455 2372 ﬁnem
2477 2305 2777 2362 exardescet
2802 2309 2937 2365 velut
2970 2314 3107 2384 ignis
3140 2317 3282 2372 zelus
3306 2328 3428 2375 tuus
3450 2322 3478 2377 Ρ

1889 2384 2122 2459 E/funde
2146 2391 2281 2446 iram
2311 2400 2454 2448 tuam
2478 2395 2531 2451 in
2558 2408 2733 2468 gentes
2752 2418 2869 2473 quis
2893 2414 2942 2458 te
2966 2421 3069 2460 non
3097 2420 3346 2466 noverunt
3371 2454 3386 2479 ,
3426 2416 3475 2469 et

1888 2468 1944 2533 in
1989 2498 2149 2553 regna
2176 2501 2294 2555 qua:
2332 2504 2517 2544 nomen
2546 2500 2695 2545 tuum
2743 2510 2846 2549 non
2896 2496 3260 2556 invocaverunt
3285 2544 3301 2570 ,
3351 2507 3473 2575 quia

1888 2571 2224 2631 comederunt
2249 2575 2434 2646 Iacob,
2463 2590 2511 2634 et
2545 2574 2716 2638 locum
2743 2585 2858 2656 ejus
2897 2588 3257 2650 desolaverunt
3298 2571 3470 2668 (Pard.

1885 2663 2133 2734 uxvni).
2166 2664 2278 2722 Nec
2304 2667 2371 2723 de
2391 2670 2723 2741 picturarum
2752 2683 3231 2751 contemptoribus,
3255 2663 3346 2742 sed
3372 2688 3470 2745 sub

1884 2755 2104 2812 nomine
2142 2754 2497 2819 ldummorum
2545 2762 2610 2822 de
2656 2770 3143 2845 cunctisgentibus
3178 2777 3467 2837 Israelitico

1880 2848 2079 2918 populo
2151 2850 2364 2911 infestis
2406 2856 2538 2913 dicit
2592 2874 2606 2914 :
2651 2860 2935 2932 Memento,
2962 2866 3207 2937 Domine,
3235 2872 3468 2941 ﬁliorum

1881 2932 2056 3000 Edam
2083 2944 2143 2999 in
2167 2944 2253 3001 die
2276 2944 2604 3020 Jerusalem,
2633 2957 2724 3027 qui
2752 2956 2933 3014 dicunt
2960 2978 2979 3015 :
3019 2932 3326 3032 Exinanite,
3360 2971 3463 3023 emi-

1882 3038 2060 3093 nanite
2073 3054 2341 3113 quousque
2355 3042 2425 3099 ad
2440 3046 2840 3117 fundamentum
2862 3055 2918 3109 in
2944 3074 3004 3112 ea
3022 3057 3195 3130 (Psal.
3223 3066 3462 3136 cxxxvr).

1878 3121 1989 3186 Nec
2010 3129 2309 3204 imaginum
2337 3138 2704 3197 adorationem
2731 3150 3219 3219 contemnentibus,
3253 3155 3347 3211 sed
3365 3156 3461 3215 sub

1872 3223 2091 3277 nomine
2145 3224 2269 3281 ﬁliae
2324 3227 2614 3303 Babylonis
2670 3232 2974 3296 Chaldaicze
3014 3244 3127 3299 sive
3172 3245 3459 3312 Quiritium

1870 3316 2015 3384 genti
2038 3321 2399 3377 comminatur
2424 3341 2437 3377 :
2465 3324 2629 3393 Filia,
2649 3328 2919 3399 inquiens,
2942 3333 3227 3406 Babylonis
3246 3340 3456 3408 misera,

1871 3405 2050 3499 beatus
2079 3412 2169 3480 qui
2201 3413 2447 3469 retribuet
2493 3418 2588 3470 tibi
2637 3421 3026 3479 retributionem
3067 3405 3246 3494 tuam,
3299 3447 3456 3501 quam

1868 3501 2156 3556 retribuisti
2182 3502 2330 3558 nobis
2352 3522 2371 3570 ;
2398 3506 2579 3563 beatus
2605 3512 2695 3580 qui
2722 3513 2909 3567 tenebit
2936 3524 2984 3568 et
3010 3516 3187 3573 allidet
3212 3520 3455 3589 parvulos

1866 3600 1982 3645 tuos
2013 3592 2083 3646 ad
2111 3601 2310 3663 petram
2343 3594 2527 3667 (Psal.
2567 3603 2810 3675 cxxxvr)
2842 3622 2856 3658 :
2898 3604 2965 3661 de
3002 3607 3296 3679 imaginum
3326 3626 3453 3668 vero

1864 3686 2327 3754 contemptoribus
2373 3689 2508 3744 nihil
2555 3691 2663 3746 tale
2704 3693 2913 3763 uspiam
2960 3699 3245 3767 reperitur.
3286 3695 3450 3761 Multa

1863 3773 1949 3830 bis
1975 3776 2172 3831 similia
2199 3778 2581 3848 prophetarum
2609 3778 2842 3838 oraculis
2892 3785 2958 3841 de
3003 3789 3187 3859 templi
3234 3789 3446 3848 Domini

1862 3865 1974 3921 sive
2017 3865 2402 3940 Hierosolyma:
2443 3872 2595 3928 urbis
2634 3877 2974 3933 eversoribus
2997 3878 3140 3935 dicta
3165 3881 3447 3941 inveniun-

1860 3963 1965 4022 tur,
1992 3972 2112 4028 quze
2137 3975 2169 4015 a
2193 3961 2348 4016 nobis
2370 3962 2653 4020 brevitatis
2698 3967 2875 4023 studio
2911 3973 3397 4038 praetermittuntur
3430 3994 3444 4032 :

1857 4048 2116 4107 Dominus
2142 4068 2355 4123 quoque
2382 4063 2438 4110 et
2473 4057 2781 4128 redemptor
2824 4070 3011 4117 noster
3038 4062 3280 4134 ejusdem
3306 4074 3444 4124 tem-

1854 4140 1929 4210 pli
1966 4142 2079 4197 sive
2117 4134 2353 4201 civitatis
2401 4147 2615 4202 ruinam
2659 4158 2781 4220 post
2822 4150 3059 4209 futuram
3092 4154 3325 4223 ~ﬂevisse
3371 4160 3445 4216 le~

1854 4232 2017 4304 gitur.
2070 4233 2202 4302 Quae
2244 4239 2425 4293 omnia
2477 4256 2785 4313 quanquam
2828 4249 3072 4319 mysticis
3123 4251 3439 4314 obumbrata

1851 4322 2059 4395 ﬁguris,
2090 4326 2155 4382 de
2184 4327 2459 4397 Ecclesiae,
2489 4332 2603 4387 sive
2628 4334 2820 4390 anima:
2846 4339 3189 4395 eversoribus
3231 4344 3439 4412 possint

152 4417 572 4488 abdicaverunt,
600 4426 1074 4497 reprehendamus,
1106 4442 1278 4489 restat
1310 4444 1372 4491 ut
1410 4414 1594 4510 tamin
1641 4441 1749 4499 ΒΟ,
1778 4445 1829 4505 D
1852 4414 2101 4488 intelligi,
2148 4419 2240 4488 qui
2270 4421 2498 4479 virtutes
2533 4425 2727 4481 animae
2772 4428 2917 4483 velut
2952 4432 3213 4499 quosdam
3252 4442 3437 4494 muros

152 4509 298 4564 mini
337 4526 616 4573 eversores
659 4518 881 4589 majoris
914 4523 1191 4596 multoque
1240 4526 1463 4598 majoris
1501 4533 1746 4593 criminis

150 4602 394 4659 nexibus
429 4605 667 4666 irretitus
706 4609 874 4669 fuisse
906 4630 1069 4684 quam
1100 4633 1285 4675 earum
1312 4631 1584 4692 spretores
1619 4640 1744 4696 per-

148 4695 471 4757 doceamus.
500 4700 619 4757 Non
657 4704 803 4760 enim
830 4705 1018 4763 talium
1049 4709 1345 4783 imaginum
1392 4716 1741 4775 abolitionem

147 4786 349 4857 quales
375 4788 455 4844 illi
479 4805 541 4847 se
575 4792 805 4852 adorare
830 4796 1150 4867 gloriantur,
1178 4803 1452 4876 Propheta
1482 4809 1735 4878 deﬂebat,

141 4879 251 4935 sed
296 4881 555 4953 templum
601 4889 746 4957 quod
784 4892 1016 4947 necdum
1040 4891 1319 4954 fundatum
1341 4908 1478 4968 erat,
1503 4913 1560 4959 et
1587 4907 1739 4965 urbis

141 4985 278 5041 qua
302 4975 519 5031 caeteris
544 4978 770 5037 urbibus
804 4982 1119 5053 eminebat,
1148 4990 1485 5049 eversionem
1503 4998 1738 5067 prophe-

145 5065 263 5120 tieo
316 5066 515 5135 spiritu
550 5070 709 5144 longe
739 5084 862 5143 post
908 5076 1147 5139 futuram
1196 5085 1494 5154 respiciens
1519 5129 1537 5155 ,
1588 5065 1735 5150 velut

141 5158 484 5255 praeteritam
528 5167 797 5255 cantando
844 5169 1163 5240 deplorabant
1206 5176 1394 5237 dicens
1436 5197 1450 5234 :
1508 5179 1579 5237 Ut
1605 5185 1733 5255 quid

141 5246 388 5317 rapuisti
415 5266 534 5318 nos,
577 5253 743 5323 Deus,
776 5259 834 5314 in
864 5259 1025 5329 linem
1047 5264 1074 5317 ?
1103 5267 1272 5325 iratus
1307 5278 1383 5331 est
1427 5271 1578 5341 furor

137 5352 303 5405 super
328 5354 445 5394 oues
469 5345 639 5414 gregis
682 5347 767 5400 tui
796 5364 814 5401 :
850 5362 1109 5415 momenta
1157 5362 1585 5431 congregationis.
1624 5374 1730 5425 tua

136 5442 303 5496 quam
345 5433 535 5487 creasti
559 5434 623 5488 ab
656 5436 808 5492 initia
853 5439 1026 5511 (Paul.
1059 5447 1275 5521 tum).
1302 5449 1413 5506 Nec
1433 5452 1728 5524 imaginum

136 5524 606 5589 contemptorem,
660 5527 756 5583 sed
808 5527 1053 5599 tiusdem
1110 5539 1465 5597 sacratissimi
1542 5546 1726 5617 templi

138 5620 452 5668 eversorem
495 5612 776 5677 inimicum
798 5630 976 5690 vocat,
1011 5640 1136 5683 eum
1175 5631 1477 5690 submfert:
1514 5612 1727 5704 Quanta

241 5699 1723 5795 ιαίειοιᾶιοιίαιε

1851 4521 2083 4577 quarum
2108 4513 2405 4569 munimine
2426 4524 2617 4573 contra
2643 4520 2770 4575 vitia
2788 4528 3080 4593 pugnatur,
3116 4531 3170 4580 et
3190 4524 3349 4582 ﬁdem
3379 4528 3432 4586 in

1841 4606 2064 4669 pectore
2089 4601 2407 4660 collocatam
2438 4608 2490 4662 in
2531 4624 2636 4679 qua
2674 4602 2785 4666 Deo
2826 4610 3091 4669 sacriﬁcia
3137 4618 3336 4674 munda
3370 4620 3432 4675 li-

1842 4699 2046 4762 tantur,
2091 4696 2245 4766 quasi
2285 4701 2554 4769 quoddam
2579 4702 2835 4773 templum
2859 4720 3073 4776 semper
3103 4707 3428 4769 insectantes

1840 4796 2086 4846 evertere
2119 4791 2433 4861 moliuntur,
2481 4805 2537 4850 et
2590 4797 2946 4866 cogitationes
3016 4801 3244 4857 mundas
3311 4805 3426 4863 sive

1838 4881 2084 4949 quaedam
2108 4882 2373 4939 bonorum
2414 4898 2637 4955 operum
2679 4890 2937 4944 exercitia
2964 4891 3109 4947 velut
3137 4892 3422 4964 quemdam

1833 4971 2090 5041 populum
2138 4983 2417 5044 prostrare
2455 4975 2721 5044 nituntur,
2755 4982 2931 5035 tamen
2975 4980 3327 5039 bistorialiter
3354 4984 3419 5042 de

1832 5067 2045 5138 praefati
2088 5070 2271 5139 templi
2329 5071 2608 5129 eversione
2662 5074 2805 5131 dicta
2846 5070 3015 5133 fuisse
3060 5070 3414 5150 accipiuntur.

1832 5157 1986 5215 Unde
2039 5159 2243 5231 liquido
2281 5170 2464 5232 patet,
2516 5163 2749 5235 majores
2771 5182 2958 5224 eorum
3004 5186 3311 5243 quanquam
3359 5175 3415 5232 in

1830 5246 2106 5306 abolendis
2130 5266 2162 5305 a
2182 5250 2529 5309 basilicarum
2558 5259 2892 5314 ornamentis
2934 5258 3259 5334 imaginibus
3280 5279 3415 5336 quo-

1830 5341 2115 5399 dammodo
2144 5340 2348 5401 fuerint
2407 5345 2646 5415 incauti,
2678 5352 3089 5412 subversoribus
3113 5364 3297 5415 tamen
3321 5375 3410 5417 sa-

1826 5435 2115 5491 cratissimi
2141 5451 2207 5493 ac
2230 5441 2663 5499 reverendissimi
2688 5444 2831 5501 illius
2856 5448 3041 5519 templi
3066 5464 3407 5524 nequaquam

1826 5535 1950 5583 sunt
1975 5531 2308 5599 coaequandi,
2327 5535 2580 5603 quoniam
2607 5537 2659 5593 in
2683 5537 2802 5595 istis
2827 5541 3041 5611 quidem
3068 5543 3170 5600 fuit
3192 5543 3402 5615 levitas,

1825 5618 1881 5674 in
1906 5616 2012 5675 illis
2035 5633 2164 5678 vero
2185 5623 2473 5695 atrocitas;
2507 5627 2562 5683 in
2592 5627 2711 5687 istis
2750 5629 3020 5701 imperitia
3046 5675 3062 5701 ,
3092 5634 3147 5691 in
3174 5635 3283 5692 illis
3308 5652 3403 5693 ne-

1825 5712 2035 5793 quitia;
2190 5717 2302 5781 Deo
2346 5735 2407 5781 se
2449 5722 2769 5809 obscenum
2785 5736 3049 5809 praestare
3073 5729 3400 5811 arbitrantes
