4016 6292
555 273 687 331 1191

1451 271 1512 326 Β.
1553 266 1805 326 CAROLI
1841 265 2057 325 MAGNI
2093 264 2246 324 OPP.
2285 263 2466 321 PARS
2502 262 2570 320 Il.
2613 259 2854 318 SECTIO
2881 260 2946 315 ΙΙ.

3673 260 3816 318 1191

551 403 641 445 eas
666 389 734 444 ab
752 386 1082 444 ornamentis
1101 386 1447 442 basilicarum
1471 386 1827 451 abstulerunt,
1852 386 1928 441 illi
1952 387 2120 440 Deum
2146 385 2202 447 Δ
2224 383 2569 454 imperatoris
2594 382 2827 437 hominis
2847 393 3000 448 aeque
3024 376 3272 432 mortalis
3305 384 3471 448 atque
3515 377 3814 448 passibilis,

554 483 643 552 qui
666 481 860 551 populo
884 496 980 536 suo
1006 480 1317 534 eratiratus
1351 479 1402 530 in
1451 494 1509 533 se
1539 478 1607 531 ad
1642 477 1972 532 iracundiam
1997 491 2124 546 pro-

555 583 805 630 vocantes
843 573 958 643 ejus
1004 573 1221 627 domum
1249 571 1539 627 crudeliter
1566 571 1845 626 diruerunt
1870 612 1884 634 ,
1933 570 2126 640 quibus

554 679 650 721 nos
704 667 981 735 utrinque,
1019 665 1126 719 Deo
1175 662 1469 733 opitulante
1494 704 1508 728 ,
1540 663 1850 734 postpositis
1877 703 1893 729 ,
1929 670 1983 717 et
2010 661 2128 716 loca

554 758 733 813 divino
753 757 916 814 cultui
942 757 1244 826 mancipata
1272 771 1597 812 exornamus
1619 796 1634 822 ,
1665 763 1721 812 et
1749 755 1850 812 soli
1877 754 1988 810 Deo
2013 769 2125 810 ser—

555 849 741 906 vitium
765 848 1091 906 adorationis
1121 847 1500 918 impendimus.

1172 1002 1403 1061 CAPUT
1439 1005 1506 1060 ν.

553 1116 703 1182 Quod
731 1115 968 1188 epistola,
1005 1132 1181 1188 quam
1203 1115 1283 1170 illi
1317 1116 1484 1188 sancti
1526 1114 1790 1171 Simeonis
1848 1115 2005 1170 stulte
2046 1116 2128 1188 di—

620 1185 768 1251 cunt,
828 1188 988 1241 missa
1018 1185 1108 1240 ’ad
1151 1187 1511 1256 Iustinianum
1558 1188 1943 1256 imperatorem,
1993 1185 2119 1239 mul-

619 1270 727 1312 tum
767 1257 918 1311 distet
957 1276 990 1310 a
1027 1257 1215 1310 divinis
1256 1255 1560 1327 Scripturis,
1611 1257 1716 1310 sive
1762 1275 1794 1310 a
1823 1267 2124 1311 sanctorum

620 1328 842 1382 Patrum
881 1327 1224 1389 documentis,
1254 1327 1310 1380 in
1338 1344 1396 1380 eo
1425 1327 1564 1398 quod
1601 1327 1674 1380 ait
1715 1329 1936 1398 prmfato
1965 1328 2127 1398 impe-

619 1399 784 1452 ratori
806 1415 823 1451 :
851 1397 956 1452 Pro
981 1398 1175 1466 quibus
1201 1397 1685 1451 commemorantes
1714 1397 2000 1452 referimus
2041 1397 2129 1452 di-

618 1468 758 1523 vinis
802 1468 993 1522 vestris
1021 1467 1242 1538 auribus
1266 1483 1280 1532 ;
1304 1466 1408 1519 sive
1436 1468 1492 1538 in
1518 1484 1586 1538 eo
1637 1468 1775 1538 quod
1813 1469 1979 1523 eidem
2026 1469 2124 1521 im-

615 1539 846 1609 peratori
867 1537 1225 1592 misericordia
1254 1538 1331 1590 uti
1352 1537 1692 1607 prohibuerit.

620 1649 769 1705 Solet
805 1649 1122 1720 plerumque
1165 1648 1546 1704 haereticorum
1579 1649 1816 1704 versutia
1861 1653 2126 1720 probrosa

2229 482 2285 530 et
2313 475 2519 529 cunctis
2545 474 2795 527 humanis
2817 470 3303 542 permutationibus
3333 467 3689 537 subjacentis,
3721 486 3816 523 au-

2229 579 2317 619 res
2342 565 2550 619 divinas
2598 561 3004 631 nuncupaverit,
3042 561 3397 628 eumdemque
3436 560 3816 615 misericordia

2229 657 2308 710 uti
2337 656 2692 721 prohibuerit,
2722 663 2776 710 et
2808 655 2874 709 ad
2913 653 3244 708 reddendum
3292 651 3496 704 malum
3527 668 3632 721 pro
3681 653 3817 708 malo

2227 747 2404 802 facilis
2427 746 2606 812 fuerit,
2638 755 2692 802 et
2724 746 2994 816 patienter
3019 761 3085 799 ac
3110 751 3392 799 mansuete
3427 758 3598 813 agere
3633 744 3688 796 in
3733 760 3818 797 ea-

2231 841 2354 897 dem
2382 840 2542 896 causa
2570 839 2871 911 neglexerit
2897 855 2910 905 ;
2942 846 2996 893 et
3034 836 3126 908 qui
3165 837 3425 892 debuerat
3471 853 3574 908 pro
3602 837 3818 890 damna-

2231 940 2408 988 torum
2446 933 2720 1004 ereptione
2749 932 3001 987 laborans
3046 930 3184 985 iram
3227 930 3369 1002 regis
3400 927 3710 994 refrenare,
3765 930 3820 983 il-

2229 1022 2335 1079 lius
2361 1025 2497 1078 iram
2535 1024 2704 1093 magis
2727 1022 3006 1093 magisque
3028 1022 3387 1088 succenderit,
3418 1036 3661 1091 eumque
3684 1029 3820 1076 atro-

2230 1115 2367 1171 citer
2412 1114 2481 1171 ad
2525 1116 2862 1170 irascendum
2913 1115 3206 1185 impulerit,
3261 1130 3360 1170 nec
3402 1114 3524 1184 ejus
3579 1116 3819 1184 exemplo

2230 1223 2360 1263 usus
2385 1207 2454 1262 sit
2480 1207 2573 1276 qui
2603 1207 2873 1262 neminem
2905 1205 3014 1260 vult
3035 1206 3250 1276 perire;
3288 1214 3344 1261 et
3369 1206 3462 1276 qui
3485 1221 3591 1276 pro
3613 1205 3820 1261 lucran-

2231 1300 2314 1355 dis
2342 1299 2626 1354 animabus
2662 1299 2946 1370 invigilare
2979 1299 3256 1364 debuerat,
3292 1300 3591 1352 anathema
3620 1306 3678 1352 et
3713 1314 3820 1353 ma-

2228 1393 2420 1448 ledicta
2451 1389 2716 1460 injecerit,
2761 1399 2817 1446 et
2844 1391 3018 1446 eidem
3061 1391 3379 1460 imperatori
3422 1391 3602 1446 Deum
3641 1406 3822 1448 conre-

2228 1500 2392 1557 gnare
2417 1485 2634 1541 dixerit.
2671 1482 2800 1549 Quae
2828 1486 2993 1540 verba
3022 1485 3147 1539 dum
3177 1485 3230 1538 in
3251 1492 3331 1539 tot
3365 1483 3506 1539 locis
3538 1486 3821 1556 reprehen-

2229 1578 2448 1643 dantur,
2481 1575 2548 1630 ad
2575 1576 2937 1631 roborandam
2977 1575 3347 1632 adorationem
3379 1578 3689 1648 imaginum
3725 1581 3822 1633 mi-

2231 1682 2333 1721 nus
2394 1667 2583 1722 idonea
2640 1668 3002 1736 reperiuntur,
3063 1669 3317 1738 quoniam
3380 1669 3607 1727 diﬁicile
3653 1674 3824 1741 potest

549 1740 795 1810 quaidam
821 1745 875 1794 et
902 1753 1146 1793 errorem
1184 1739 1465 1794 suadentia
1489 1741 1730 1811 apicibus
1762 1751 2040 1806 annotare,
2073 1749 2128 1797 et
2162 1770 2202 1830 Β
2228 1773 2325 1828 ρει-
2367 1759 2666 1829 praeimus,
2705 1775 2939 1823 currere,
2969 1761 3058 1830 qui
3088 1761 3141 1814 in
3188 1761 3368 1831 planis
3403 1763 3652 1817 cemitur
3705 1766 3824 1817 ιίιιι.

548 1838 859 1886 sanctorum
903 1829 1257 1899 quorumdam
1283 1830 1748 1901 probabiliumque
1772 1833 2012 1888 virorum
2035 1849 2130 1889 no-

547 1921 784 1976 minibus
798 1920 1149 1990 praatitulare,
1177 1929 1442 1989 quatenus
1464 1921 1704 1978 virosum
1721 1924 1974 1994 poculum
1999 1924 2134 1979 mel-

548 2011 616 2068 lis
655 2013 847 2066 illitum
879 2027 1074 2082 sapore
1112 2011 1322 2067 facilius
1356 2013 1571 2068 valeant
1600 2015 1668 2069 ad
1699 2016 1993 2085 potandum
2037 2031 2133 2071 ne—

548 2104 846 2159 scientibus
864 2105 1166 2174 quibusque
1198 2106 1496 2176 porrigere.
1549 2106 1701 2162 Unde
1728 2109 2025 2163 timendum
2051 2115 2134 2163 est

548 2208 618 2250 ne
665 2194 892 2264 epistola
949 2210 1112 2274 quam
1161 2195 1239 2249 illi
1297 2195 1577 2266 cujusdam
1643 2199 1816 2255 sancti
1865 2197 2133 2256 Simeonis

550 2287 754 2352 dicunt,
786 2303 852 2343 ex
881 2302 989 2358 qua
1019 2287 1328 2344 testimonia
1365 2290 1432 2345 ad
1469 2307 1627 2346 suum
1668 2307 1911 2347 errorem
1959 2294 2132 2348 stabi-

547 2381 787 2437 liendum
815 2383 1106 2448 adducunt,
1141 2397 1249 2437 non
1292 2382 1458 2437 verba
1484 2383 1592 2438 sint
1643 2383 1742 2437 viri
1796 2384 1988 2450 sancti,
2040 2383 2136 2439 sed

550 2471 827 2541 cujusdam
879 2474 1302 2529 machinamenti
1341 2475 1564 2530 versuti.
1612 2474 1875 2542 Quoniam
1918 2477 2135 2546 quidem

549 2561 671 2618 ideo
691 2563 758 2618 de
785 2578 848 2618 ea
869 2579 902 2617 a
926 2564 1082 2619 nobis
1109 2565 1223 2620 sive
1259 2579 1292 2619 a
1319 2564 1530 2620 caeteris
1558 2566 1858 2635 quibusque
1878 2566 2134 2622 orthodo-

549 2654 634 2709 xis
682 2655 976 2723 dubitatur,
1025 2655 1153 2726 quia
1184 2653 1300 2725 ejus
1342 2673 1519 2712 sermo
1553 2657 1609 2712 in
1638 2658 1962 2728 quibusdam
2002 2658 2134 2715 locis

550 2752 858 2801 sanctarum
884 2745 1293 2817 Scripturarum
1317 2749 1657 2806 documentis
1681 2750 2004 2823 refragatur,
2034 2767 2133 2807 nec

548 2837 930 2906 praesumimus
999 2837 1117 2908 ejus
1188 2839 1476 2896 lectionem
1536 2841 1592 2896 in
1647 2843 2010 2897 testimonium
2069 2841 2136 2896 ad

549 2947 644 2988 res
677 2933 867 2988 dubias
895 2932 1188 2988 firmandus
1215 2951 1449 3000 sumere,
1483 2951 1642 3004 quam
1666 2937 1913 2991 novimus
1942 2937 2136 2992 divina:

549 3021 683 3092 legis
711 3023 974 3079 institutis
995 3027 1284 3080 contraire.
1313 3025 1431 3081 Non
1455 3028 1598 3082 enim
1625 3045 1723 3083 nos
1745 3045 1812 3083 ex
1840 3027 1956 3096 ejus
1985 3037 2134 3084 textu

2232 1848 2382 1914 bare,
2431 1863 2532 1904 nec
2579 1849 2721 1904 valet
2769 1850 2824 1905 in
2875 1852 3141 1921 ambiguis
3169 1851 3502 1908 diverticulis
3546 1855 3658 1909 dux
3701 1870 3828 1910 esse

2232 1939 2460 2004 itineris,
2498 1940 2591 2010 qui
2640 1940 2842 2011 publici
2869 1942 3104 1997 tramitis
3135 1942 3281 1996 viam
3316 1951 3511 1999 tenere
3547 1945 3745 2015 nequa
3773 1945 3828 2000 in

2233 2036 2540 2104 patentibus
2569 2035 2711 2103 viis;
2742 2043 2797 2091 et
2843 2051 2873 2090 a
2899 2036 3202 2091 liberalium
3248 2037 3670 2107 disciplinarum
3707 2040 3826 2094 sub-

2234 2124 2486 2180 tilissimo
2541 2126 2851 2197 magisterio
2901 2129 3238 2196 reprobatur,
3299 2128 3393 2196 qui
3457 2131 3823 2184 communium

2235 2217 2540 2274 litterarum
2592 2220 2999 2288 usitatissimum
3050 2221 3303 2277 notitiam
3345 2222 3588 2278 minime
3640 2224 3825 2280 habere

2235 2311 2523 2382 reperitur.
2573 2310 2706 2366 Nam
2741 2311 2867 2367 dum
2907 2314 2971 2368 de
3021 2329 3086 2368 eo
3132 2315 3275 2383 quod
3324 2314 3420 2368 ille
3481 2315 3825 2385 imperatoris

2236 2418 2398 2460 aures
2425 2404 2632 2459 divinas
2671 2405 2821 2468 dixit,
2850 2405 3009 2475 eique
3039 2405 3210 2461 Deum
3251 2422 3610 2478 conregnare
3666 2409 3828 2479 profa-

2236 2502 2326 2550 tus
2356 2503 2458 2561 est,
2489 2503 2678 2549 contra
2709 2511 2894 2550 eorum
2927 2497 3279 2552 deliramenta
3309 2500 3406 2568 qui
3443 2500 3728 2555 hactenus
3766 2510 3828 2554 ta.

2237 2587 2379 2642 libus
2407 2587 2582 2642 adhuc
2607 2588 2765 2658 nugis
2788 2596 3034 2654 utuntur,
3065 2589 3378 2660 plenissime
3421 2591 3480 2646 in
3528 2593 3824 2662 superiori-

2239 2679 2339 2736 bus
2370 2680 2526 2750 hujus
2567 2681 2746 2750 operis
2773 2683 3016 2751 partibus
3061 2700 3091 2736 a
3138 2684 3294 2738 nobis
3334 2685 3555 2739 affatim
3604 2686 3830 2754 disputa-

2239 2777 2351 2825 tum
2379 2771 2469 2837 sit,
2500 2788 2642 2828 nunc
2661 2774 2795 2828 ordo
2820 2775 3062 2843 exposcit
3085 2783 3144 2828 ut
3168 2775 3234 2829 de
3258 2776 3500 2840 caneris,
3547 2776 3618 2831 de
3645 2777 3828 2846 quibus

2239 2878 2383 2918 nunc
2421 2878 2599 2918 sermo
2650 2872 2732 2919 est
2763 2865 3069 2920 divinorum
3113 2865 3453 2936 eloquiorum
3506 2869 3828 2925 testimoniis

2238 2968 2457 3024 gressus
2485 2970 2794 3010 sermonum
2823 2965 3133 3012 nostrorum
3166 2959 3497 3024 munientes,
3534 2971 3702 3030 prout
3735 2961 3831 3016 Do-

2238 3045 2418 3098 minus
2447 3044 2674 3108 dederit,
2705 3046 3060 3117 disputemus.
3103 3047 3236 3102 Cum
3266 3051 3413 3104 enim
3451 3053 3828 3108 misericordia

549 3121 779 3191 amplius
805 3123 1014 3193 uSpiam
1047 3123 1241 3194 legisse
1263 3125 1626 3191 meminimus,
1660 3126 1763 3180 nisi
1815 3127 1870 3181 id
1894 3129 2036 3196 quod
2066 3128 2132 3182 ab
2161 3136 2206 3199 ί]
2239 3136 2316 3189 uti
2359 3137 2737 3205 imperatorem
2782 3139 3122 3208 prohibuisse
3161 3143 3450 3211 reperitur,
3498 3145 3633 3212 quid
3693 3146 3831 3201 aliud

551 3211 660 3268 illis
720 3213 776 3268 in
823 3229 1012 3269 eorum
1058 3216 1244 3270 codice
1295 3223 1535 3270 taxatum
1592 3216 1909 3286 reperimus.
1983 3218 2134 3283 Quod

550 3302 770 3373 quidem
815 3307 1061 3376 quamvis
1097 3322 1353 3362 sensuum
1401 3310 1797 3380 verborumque
1851 3318 2134 3366 venustate

549 3403 748 3466 careat,
783 3406 838 3452 et
865 3398 1129 3454 insulsum
1153 3401 1336 3456 nescio
1359 3401 1486 3470 quid
1521 3401 1847 3458 rusticumve
1873 3403 2128 3470 redoleat,

548 3475 680 3542 libet
704 3495 882 3544 tamen
925 3491 1078 3545 nobis
1127 3492 1200 3546 ita
1241 3492 1296 3546 id
1340 3500 1545 3559 texere,
1593 3502 1655 3548 ut
1703 3502 1914 3550 constat
1953 3511 2049 3551 nos
2076 3496 2131 3550 in

547 3593 735 3635 eorum
757 3579 942 3636 codice
973 3584 1261 3653 reperisse.
1292 3585 1488 3640 Dicunt
1516 3586 1661 3641 enim
1686 3587 1969 3658 praefatum
2015 3605 2133 3644 san-

546 3680 694 3728 ctum
739 3673 1048 3730 Simeonem
1081 3675 1232 3747 cujus
1261 3678 1370 3733 vita
1401 3679 1557 3735 nobis
1590 3689 1643 3735 et
1681 3681 1991 3751 praidicatio
2018 3698 2133 3738 ma-

546 3771 640 3819 net
675 3764 878 3835 ignota,
912 3781 1012 3836 pro
1050 3767 1370 3837 quibusdam
1399 3768 1774 3835 Samaritanis,
1807 3770 2130 3842 imaginibus

547 3855 799 3925 injuriam
840 3858 1217 3924 inferentibus,
1241 3858 1548 3917 Justiniano
1584 3860 1899 3931 imperatori
1948 3862 2132 3916 taliter

547 3947 866 4015 scripsisse:
906 3949 1039 4004 ¢Pro
1065 3951 1261 4019 quibus
1309 3964 1797 4009 commemorantes
1844 3953 2129 4011 referimus

551 4036 744 4091 divinis
771 4041 966 4096 vestris
991 4043 1232 4098 auribus.
1267 4064 1286 4096 ι
1337 4044 1404 4098 Et
1462 4046 1696 4101 iterum:
1751 4066 1769 4098 ε
1807 4045 1925 4103 Νοη
1955 4047 2127 4105 habeo

547 4127 692 4197 quod
718 4128 845 4183 dicit
874 4131 1002 4185 talia
1033 4145 1420 4202 pmsumentes
1445 4152 1511 4191 ne
1541 4153 1647 4192 una
1680 4138 1732 4192 in
1760 4139 1839 4192 eis
1864 4138 2009 4194 facta
2035 4141 2130 4195 hu-

547 4216 808 4272 manitate
827 4228 1094 4288 quatenus
1111 4237 1397 4290 precamur
1409 4224 1754 4280 victoriosam
1765 4235 2003 4286 vestram
2020 4229 2128 4283 for-

548 4309 852 4379 titudinem,
907 4329 975 4368 ne
1009 4312 1172 4370 faciat
1201 4315 1624 4372 misericordiam
1674 4319 1730 4372 in
1779 4319 1858 4375 eis
1897 4322 1992 4390 qui
2025 4320 2127 4378 hoc

545 4413 1021 4475 praesumpserunt,
1057 4423 1230 4477 neque
1255 4423 1478 4478 parcere
1502 4411 1627 4477 illis,
1646 4428 1821 4482 neque
1849 4414 2127 4482 quodlibet

2235 3223 2384 3290 facit,
2411 3224 2514 3280 nisi
2537 3226 2788 3282 omnibus
2812 3229 3016 3284 sanctis
3039 3228 3338 3300 Scripturis
3365 3247 3490 3300 quae
3518 3235 3831 3291 misericor-

2235 3316 2377 3370 diam
2423 3318 2723 3374 habendam
2767 3332 3109 3391 percensent,
3151 3323 3406 3378 reluctari
3441 3323 3830 3395 dignoscitur!

2241 3407 2388 3463 Unde
2399 3410 2914 3479 periculosissimum
2935 3423 3018 3468 est
3035 3415 3220 3468 talium
3239 3417 3544 3472 litterarum
3553 3430 3827 3490 praecepta

2234 3503 2406 3571 sequi,
2456 3519 2573 3574 quae
2613 3505 2810 3561 divinis
2862 3507 3160 3578 Scripturis
3198 3511 3450 3566 videntur
3499 3515 3702 3569 obniti.
3740 3516 3830 3570 Ait

2233 3594 2374 3647 enim
2405 3595 2662 3652 Dominus
2702 3598 2756 3651 in
2785 3600 3094 3670 Evangelia,
3122 3601 3304 3656 Estote
3327 3605 3694 3660 misericordes
3731 3609 3832 3662 sic-

2232 3693 2288 3736 ut
2314 3693 2360 3737 et
2383 3684 2543 3740 Pater
2564 3696 2726 3741 vester
2746 3690 3040 3744 misericors
3063 3700 3138 3744 est
3162 3691 3314 3759 (Luc.
3339 3693 3419 3763 Vl)
3443 3712 3456 3757 ;
3483 3703 3538 3747 et
3573 3696 3779 3750 item
3811 3713 3828 3752 :

2230 3774 2381 3828 Beati
2421 3779 2803 3844 misericordes,
2832 3786 3079 3852 quoniam
3109 3785 3207 3853 ipsi
3245 3786 3665 3840 misericordiam
3699 3807 3827 3842 oon-

2234 3879 2512 3939 scquentur
2545 3870 2760 3941 (Matth.
2791 3873 2860 3944 ν)
2886 3890 2899 3939 ;
2921 3882 2986 3928 et
3019 3875 3207 3930 doctor
3235 3878 3470 3946 gentium
3494 3879 3569 3932 ait
3594 3897 3609 3932 :
3641 3879 3828 3935 Estote

2231 3974 2404 4018 autem
2433 3965 2650 4020 invicem
2672 3967 2894 4037 benigni,
2930 3970 3310 4036 misericordes,
3353 3973 3607 4027 donantes
3654 3976 3828 4028 nobis-

2229 4058 2481 4126 metipsis,
2534 4059 2669 4112 sicut
2728 4068 2777 4112 et
2831 4059 2972 4114 Deus
3037 4062 3093 4115 in
3149 4060 3356 4116 Christo
3415 4064 3628 4118 donarit
3686 4068 3830 4121 vobis

2231 4147 2445 4219 (Ep/tes.
2497 4151 2619 4221 v1);
2691 4159 2746 4205 et
2793 4150 3247 4224 Psalmographus
3295 4155 3422 4210 dicit
3462 4169 3479 4208 :
3534 4154 3826 4211 Dominum

2227 4242 2638 4296 misericordiam
2694 4244 2909 4315 diligere
2959 4246 3142 4318 (Psal.
3199 4249 3415 4320 xxxn);
3447 4257 3502 4303 et
3557 4267 3571 4303 :
3613 4252 3829 4304 miseri-

2228 4333 2407 4386 cordia
2456 4333 2668 4388 Domini
2719 4335 2928 4406 plenam
2981 4355 3091 4393 esse
3143 4355 3346 4394 omnem
3393 4350 3588 4394 terram
3643 4343 3825 4413 (Psal.

2227 4424 2456 4495 cxvtn);
2505 4435 2560 4479 et
2634 4427 2776 4481 idem
2826 4429 3084 4485 Dominus
3145 4447 3243 4500 per
3288 4433 3606 4501 prophetam
3648 4434 3822 4490 dicit:

545 4506 736 4562 rogum
781 4503 875 4549 aut
906 4511 1222 4566 responsum
1258 4500 1530 4570 suscipere
1554 4518 1652 4572 pro
1681 4504 1819 4569 illis;
1854 4525 1872 4558 ι
1905 4513 1959 4559 et
2008 4513 2127 4576 post

2234 4515 2371 4580 Quia
2426 4517 2841 4573 misericordiam
2894 4520 3008 4576 volo
3055 4531 3102 4576 et
3154 4540 3257 4576 non
3299 4523 3619 4592 sacriﬁcium
3674 4525 3820 4597 (θεέ.

543 4596 716 4654 pauca
749 4600 762 4636 :
799 4603 818 4636 ι
850 4584 955 4640 Sed
985 4587 1209 4657 conjuro
1239 4604 1354 4657 vos,
1389 4591 1632 4659 Domine,
1683 4611 1780 4664 per
1807 4597 2124 4652 Emmanuel

545 4673 714 4729 Deum
744 4676 1015 4732 excelsum
1041 4696 1148 4735 non
1179 4683 1378 4737 morari
1408 4699 1582 4754 neque
1608 4687 1674 4740 ad
1702 4687 1971 4743 modicum
2008 4691 2125 4745 fieri

546 4765 830 4822 ducentem
845 4769 1167 4839 vindictam;
1194 4793 1212 4826 ι
1241 4783 1294 4829 et
1316 4775 1543 4830 iterum:
1573 4796 1591 4827 ‹
1617 4777 1763 4842 Quos
1779 4781 2120 4850 etsuscipiet,

541 4857 969 4928 propinquitates
980 4877 1164 4916 eorum
1183 4866 1402 4920 tenebra
1421 4867 1472 4919 in
1487 4867 2014 4939 condemnationem,
2031 4873 2122 4941 qui

542 4955 817 5015 exspectat
834 4964 929 5005 eos
946 4967 1267 5008 consumere
1289 4948 1781 5028 inexstinguibilem
1804 4969 1856 5014 et
1878 4965 2122 5018 tenebro-

541 5051 663 5092 sum
686 5038 887 5109 ignem,
919 5048 975 5096 et
997 5043 1420 5102 anathematizet
1449 5063 1543 5103 eos
1562 5049 1618 5104 in
1646 5049 1910 5107 inferiora
1939 5054 2120 5124 abyssi

541 5128 655 5198 ipse
679 5139 898 5187 sanctus
925 5141 980 5188 et
1015 5135 1356 5205 omnipotens
1385 5142 1604 5210 spiritus
1627 5142 1755 5199 Jesu
1791 5143 1992 5202 Christi
2021 5147 2121 5203 Do-

541 5219 672 5306 mini
700 5223 870 5276 nostri
882 5224 973 5293 qui
1001 5239 1065 5280 ex
1088 5225 1246 5283 Patre
1272 5233 1532 5300 procedit,
1549 5235 1617 5290 ad
1644 5237 1973 5306 perdendum
1999 5240 2119 5296 illos

541 5304 597 5361 in
624 5307 830 5365 infinita
856 5315 1178 5383 perditione.
1213 5340 1232 5373 ›
1256 5319 1325 5376 Ει
1344 5333 1467 5393 post
1489 5304 1661 5396 pauca
1685 5347 1697 5382 :
1723 5348 1742 5382 ‹
1775 5329 1832 5384 In
1865 5332 1984 5402 ipso
2022 5334 2117 5404 qui

541 5411 836 5470 conregnat
873 5403 1059 5474 pietati
1099 5419 1314 5467 vestrae.
1361 5434 1381 5468 ›
1424 5415 1479 5470 ln
1506 5418 1702 5486 quibus
1749 5403 2115 5480 stolidissimis

539 5491 717 5546 verbis
744 5501 800 5548 et
823 5510 930 5551 non
951 5499 1124 5557 solum
1145 5502 1343 5575 eloquii
1361 5517 1716 5576 venustatem,
1745 5527 1931 5568 verum
1949 5516 2113 5570 etiam

538 5593 877 5642 communem
907 5588 1155 5661 loquendi
1176 5611 1395 5652 sensum
1415 5597 1743 5670 fugientibus
1765 5612 1820 5660 et
1841 5607 2116 5664 barbaris-

539 5672 642 5766 mis
677 5689 740 5731 ac
762 5677 1084 5741 solmcismis
1107 5699 1420 5746 concretum
1446 5693 1630 5750 nescio
1675 5696 1806 5766 quid
1846 5714 2109 5754 resonan-

537 5761 702 5834 tibus,
733 5770 853 5831 haec
872 5788 1091 5844 prorsus
1111 5782 1599 5856 reprehenduntur,
1632 5761 1778 5856 quod
1817 5786 2109 5852 Justiniani

2229 4607 2327 4679 v1).
2391 4607 2525 4663 Nam
2582 4611 2710 4665 dum
2766 4614 3138 4670 misericordia
3184 4625 3289 4671 tam
3341 4619 3676 4675 authenticis
3735 4623 3824 4676 ha-

2227 4699 2400 4754 benda
2459 4707 3096 4775 censeaturipraaceptis,
3145 4715 3198 4762 et
3252 4723 3373 4763 eam
3449 4727 3506 4765 se
3558 4711 3612 4766 in
3664 4725 3822 4768 teter-

2226 4805 2353 4844 num
2403 4801 2742 4848 cantaturum
2793 4797 3055 4865 propheta
3112 4805 3354 4865 testetur,
3417 4799 3818 4856 Misericordia:

2223 4891 2358 4946 tuas,
2389 4883 2659 4952 inquiens,
2698 4884 2936 4951 Domine,
2973 4889 3029 4941 in
3055 4897 3306 4946 internum
3336 4893 3583 4958 cantabo,
3611 4905 3668 4948 et.
3695 4896 3767 4948 ita
3789 4912 3817 4949 a

2223 4972 2450 5030 Domino
2477 4976 2688 5031 dicatur
2709 4977 2876 5047 diligi,
2907 4979 3151 5048 quisquis
3179 4998 3242 5036 ea
3269 4985 3348 5036 uti
3374 4986 3653 5053 prohibet,
3680 5001 3821 5041 eam-

2221 5078 2326 5132 que
2347 5065 2550 5120 haberc
2569 5068 2881 5130 contemnit,
2909 5077 2964 5122 et
2985 5069 3155 5124 Deum
3187 5073 3529 5129 convincitur
3559 5091 3670 5130 non
3702 5077 3821 5131 dili-

2221 5172 2364 5228 gere,
2397 5166 2453 5214 et
2476 5158 2591 5227 ejus
2611 5162 3075 5230 przestantissimis
3097 5165 3325 5220 monitis
3353 5168 3570 5235 penitus
3603 5179 3820 5224 contra-

2220 5250 2318 5306 ire.
2351 5251 2503 5308 Unde
2537 5260 2593 5307 et
2633 5253 2750 5322 ipsa
2776 5253 2990 5311 Veritas
3030 5254 3338 5327 legisperito
3378 5258 3602 5325 dicenti,
3642 5261 3819 5332 ipsum

2218 5357 2337 5398 esse
2370 5344 2674 5412 proximum
2711 5346 2800 5414 qui
2836 5345 2966 5401 fecit
2996 5347 3457 5416 misericordiam,
3493 5354 3814 5421 respondit:

2227 5431 2390 5499 Vade,
2413 5444 2461 5488 et
2478 5446 2533 5488 tu
2547 5435 2633 5504 [ac
2645 5437 3050 5510 similiter(Luc.
3069 5439 3146 5509 x).
3173 5440 3290 5506 Quo
3311 5441 3637 5498 documento
3659 5460 3818 5498 mou—

2216 5533 2436 5590 stratur,
2481 5543 2588 5581 non
2622 5529 2796 5583 solum
2819 5547 2867 5584 -a
2915 5531 3068 5585 nobis
3105 5531 3352 5588 homines
3391 5534 3484 5602 qui
3523 5538 3686 5589 unius
3726 5551 3819 5590 no-

2214 5615 2422 5672 biscum
2464 5627 2670 5674 natura:
2712 5628 2838 5675 sunt
2876 5621 3203 5692 diligendos,
3243 5625 3337 5679 sed
3376 5625 3542 5679 etiam
3592 5627 3817 5697 angelos

2213 5706 2306 5775 qui
2332 5710 2578 5776 quamvis
2608 5711 2832 5767 alterius
2861 5713 2971 5768 sint
3000 5721 3227 5780 naturae,
3259 5716 3315 5771 in
3355 5731 3419 5771 eo
3452 5726 3633 5773 tamen
3664 5721 3816 5788 quod

2211 5796 2635 5859 misericordiam
2662 5817 2791 5878 erga
2801 5819 2900 5863 nos
2914 5815 3188 5880 exercent,
3207 5815 3262 5866 et
3272 5808 3514 5882 proximi
3538 5824 3660 5870 esse
3689 5824 3813 5872 cro-
