4016 6292
125 294 279 361 “93

925 287 1099 351 LIBRI
1133 294 1469 350 CAROLlNl.
1499 325 1563 333 -
1601 285 1817 347 CAPIT.
1859 292 1945 345 DE
1982 291 2166 346 l.\l.-\G.
2206 322 2268 333 —-
2303 292 2429 346 LIB.
2472 289 2558 345 ιν.

3238 295 3369 349 il9l

121 417 354 478 duntur,
383 420 438 468 et
470 407 618 482 diligi
655 423 872 480 prorsus
905 410 972 461 ab
1005 421 1070 460 eo
1105 407 1195 476 qui
1231 405 1399 459 Deum
1434 413 1488 459 et
1525 403 1703 474 proxi-
1732 404 1780 464 Α
1807 401 2002 454 malum
2025 417 2120 470 pro
2143 403 2280 456 malo
2301 402 2625 458 reddendum
2646 418 2765 459 csse
2790 405 2872 458 his
2897 404 3073 459 verbis
3093 407 3372 472 admonet;

123 520 283 559 mum
315 503 537 573 diligere
573 499 767 563 sanxit,
807 496 1025 552 omnino
1049 494 1321 564 jubentur,
1359 494 1413 548 in
1442 509 1507 548 eo
1541 493 1704 546 ctiam

120 594 278 664 quod
295 603 402 648 tam
423 591 594 647 facilis
611 591 679 644 ad
698 589 1021 644 reddendum
1040 588 1235 642 malum
1251 601 1348 655 pro
1365 585 1505 639 malo
1524 583 1702 646 luerit,

122 682 330 736 divinis
354 695 578 750 prorsus
602 677 821 733 monitis
843 676 1186 731 contradixit.
1224 674 1332 729 Nec
1361 675 1446 730 ille
1471 674 1614 728 enim
1639 674 1708 728 ad

121 771 499 826 exercendam
525 769 819 824 vindictam
844 775 955 822 tam
988 782 1210 822 severus
1235 781 1372 830 esse,
1408 781 1508 821 nec
1542 767 1709 835 impe-

124 870 375 916 ratorem
400 861 468 914 ad
492 861 632 914 hanc
655 858 1006 914 exercendam
1033 858 1306 928 impellere
1328 857 1530 922 debuit,
1557 857 1710 926 quip-

123 966 201 1021 pe
230 949 388 1019 cuius
416 949 772 1005 ministerium
797 963 905 1002 non
929 948 1090 1003 fuerit
1114 947 1401 1002 vindictam
1426 961 1676 1002 exercere
1692 986 1706 1010 ,

124 1052 230 1097 aut
255 1041 613 1097 exercendam
628 1039 838 1109 jubere,
863 1040 956 1095 sed
974 1054 1135 1110 opera
1156 1041 1532 1096 misericordia:
1557 1056 1712 1095 ama-

127 1147 218 1197 re,
239 1141 297 1187 et
317 1132 545 1187 amanda
578 1133 788 1188 caneris
817 1135 1130 1203 praedicare.
1161 1134 1250 1188 Ait
1279 1136 1421 1191 enim
1456 1135 1714 1190 Dominus

126 1224 197 1278 in
220 1223 435 1278 Exodo:
456 1221 516 1278 Si
538 1225 824 1278 occurreris
855 1224 967 1279 bovi
996 1225 1193 1280 inimici
1226 1227 1301 1280 tui
1335 1227 1604 1299 auttasino
1632 1242 1718 1279 er-

129 1314 306 1378 ranti,
332 1313 487 1367 reduc
511 1313 579 1366 ad
601 1329 718 1366 eum
743 1313 938 1385 (Exod.
963 1315 1141 1386 χχιιι).
1191 1315 1287 1371 Cui
1308 1323 1574 1385 prmcepto
1594 1315 1717 1369 nul-

130 1403 358 1458 latenus
393 1404 572 1471 paruit
603 1419 727 1458 cum
763 1413 1009 1460 errantes
1040 1405 1291 1474 praelatos
1327 1407 1714 1472 Samaritanos,

131 1495 189 1549 si
219 1503 402 1548 tamen
427 1509 638 1550 errasse
664 1495 986 1562 creduntur,
1017 1498 1085 1552 ab
1110 1511 1293 1552 errore
1319 1498 1538 1553 minime
1564 1513 1721 1553 revo-

130 1586 311 1651 cavit,
347 1587 440 1642 sed
472 1595 531 1641 ut
563 1587 618 1641 in
649 1587 836 1668 eodem
871 1603 1054 1644 errore
1089 1589 1344 1659 perirent,
1382 1589 1722 1660 imperatoris

133 1687 385 1735 mentem
407 1679 723 1747 postulando
743 1681 1058 1750 concitavit;
1083 1692 1137 1736 et
1157 1696 1292 1750 quos
1312 1681 1447 1736 vidit
1469 1681 1569 1736 sub
1589 1696 1722 1737 one-

1807 493 1882 546 ait
1899 493 2043 547 enim
2064 497 2119 548 in
2141 495 2364 562 epistola
2385 496 2453 549 ad
2476 497 2775 553 Romanos:
2801 497 2978 552 Nolite
2996 499 3272 569 prudentes
3291 500 3379 568 [ie-

1805 583 1852 635 ri
1873 582 2012 653 apud
2035 587 2361 649 vosmetipsos
2378 626 2391 650 ,
2417 585 2548 640 nulli
2569 587 2766 640 malum
2790 605 2882 657 pro
2905 588 3048 642 malo
3075 588 3344 643 reddentes
3363 630 3379 654 ,

1805 675 2125 744 providentes
2149 676 2283 730 bona
2306 695 2406 733 non
2427 677 2595 732 solum
2617 696 2793 734 coram
2812 679 2920 734 Deo
2935 721 2950 746 ,
2972 685 3062 735 sed
3101 683 3259 736 etiam
3292 683 3382 736 eo-

1809 780 1922 817 ram
1947 767 2182 820 omnibus
2202 767 2512 831 hominibus,
2537 764 2720 837 si'ﬁeri
2749 779 2943 839 potest;
2977 769 3116 841 quod
3151 787 3216 826 ea:
3246 771 3387 825 vobis

1807 862 1911 917 est,
1955 871 2072 907 cum
2110 857 2345 909 omnibus
2373 857 2669 911 hominibus
2697 873 2876 928 pacem
2906 858 3105 921 habete,
3143 877 3246 914 non
3280 877 3388 914 vos-

1809 945 2049 1014 metipsos
2070 945 2398 1014 defendentes
2413 988 2426 1011 ,
2452 947 2541 1000 sed
2558 947 2678 1002 date
2697 946 2866 1002 locum
2888 950 3016 1013 ine;
3038 951 3284 1020 scriptum
3312 959 3387 1004 est

1809 1035 1945 1088 enim
1971 1051 1988 1089 :
2014 1035 2147 1089 Mihi
2179 1037 2492 1102 vindictam;
2520 1054 2612 1108 ego
2648 1038 2947 1104 retribuam,
2981 1039 3108 1094 dicit
3131 1040 3385 1094 Dominus

1813 1124 1991 1196 (Rom.
2020 1126 2141 1197 xu).
2183 1126 2240 1181 Si
2265 1141 2392 1198 ergo
2415 1130 2772 1199 nosmetipsos
2796 1131 2996 1201 egregii
3019 1131 3390 1202 prmdicatoris

1817 1215 2138 1272 documento
2171 1217 2459 1274 defendere
2504 1220 2726 1276 minime
2759 1221 3047 1286 debemus,
3081 1223 3203 1292 quis
3240 1221 3391 1278 furor

1815 1316 1917 1373 est,
1949 1324 2136 1377 quasve
2161 1310 2428 1365 dementia
2457 1318 2516 1366 ut
2549 1328 2730 1368 rerum
2766 1314 3160 1369 insensatarum
3195 1331 3390 1370 secun-

1820 1399 1950 1454 dtn
1974 1400 2403 1456 exhortationem
2428 1405 2738 1460 earumdem
2762 1405 3058 1460 litterarum
3083 1422 3202 1476 quae
3223 1405 3392 1462 Justi-

1819 1491 1982 1545 niano
2015 1491 2192 1548 missae
2220 1500 2370 1556 sunt,
2405 1493 2628 1563 injurias
2653 1494 2940 1552 defendere
2965 1497 3273 1553 studeamus
3292 1538 3307 1564 ,
3338 1506 3396 1553 et

1818 1581 2036 1650 pietatis
2059 1596 2220 1651 opera
2247 1597 2367 1652 quae
2397 1599 2499 1639 nec
2524 1599 2622 1654 pro
2648 1587 2848 1642 nostris
2872 1588 3087 1657 quidem
3113 1588 3397 1643 calumniis

1824 1671 2070 1728 amittere
2093 1673 2368 1739 debemus,
2398 1689 2496 1742 pro
2518 1675 2850 1744 picturarum
2875 1679 3233 1745 contumeliis,
3259 1694 3396 1749 quas

136 1784 209 1824 re
240 1737 584 1839 pecuiorum
613 1768 893 1835 cecidisse,
929 1737 1238 1826 nnn'solu-m
1262 1786 1368 1825 non
1393 1771 1564 1828 erexit
1583 1810 1598 1835 ,
1629 1771 1724 1826 sed
1756 1737 1801 1798 Β
1826 1765 1932 1820 illa:
1959 1766 2182 1822 minime
2207 1767 2464 1832 sentiunt,
2493 1768 2845 1824 amittamus?
2878 1769 2994 1824 Non
3021 1771 3183 1841 igitur
3209 1772 3262 1825 in
3293 1772 3397 1826 hac

135 1861 250 1914 sub
289 1857 476 1912 eodem
515 1872 678 1913 onere
711 1859 968 1914 atrociter
1003 1859 1179 1928 perire
1215 1859 1475 1928 permisit,
1515 1860 1728 1914 dicente

136 1949 383 2004 Domino
408 1966 420 2002 :
447 1947 508 2004 Si
536 1948 728 2004 videris
752 1950 956 2004 asinum
979 1951 1198 2004 odientis
1211 1951 1391 2021 jacere
1426 1951 1520 2005 sub
1553 1967 1722 2014 onere,

139 2056 260 2092 non
299 2038 652 2110 pertransibis,
695 2041 785 2094 sed
823 2040 1110 2096 sublevabis
1151 2058 1267 2096 cum
1305 2059 1364 2096 eo
1405 2040 1628 2114 (Ibid.);
1674 2043 1728 2096 in

140 2131 414 2187 Proverb.
442 2146 654 2202 quoque
674 2132 930 2187 scribitur
953 2146 968 2186 :
993 2131 1054 2187 Si
1069 2133 1305 2186 essrierit
1326 2133 1565 2186 inimicus
1587 2141 1727 2198 tuus,

140 2225 273 2279 ciba
304 2224 488 2290 illum;
517 2226 564 2279 si
594 2227 724 2293 sitit,
745 2236 922 2297 potum
946 2227 1018 2281 da
1038 2227 1117 2282 illi
1137 2244 1155 2282 :
1177 2228 1273 2282 hoc
1310 2229 1448 2282 enim
1469 2227 1730 2298 faciendo,

143 2314 407 2369 carbones
427 2316 562 2385 ignis
583 2332 823 2387 congeres
855 2333 1010 2388 super
1039 2327 1191 2388 caput
1221 2319 1353 2388 ejus,
1388 2318 1526 2372 Deus
1559 2328 1734 2372 autem

145 2405 407 2459 retribuet
434 2405 526 2460 tibi
553 2405 733 2478 (Prov.
759 2407 909 2479 xxv),
935 2410 1061 2478 quia
1084 2409 1330 2465 videlicet
1348 2425 1481 2480 quos
1504 2425 1734 2480 peccan-

147 2495 508 2557 dtLinimioos
531 2497 753 2563 sciebat,
778 2505 833 2554 et
857 2498 1178 2569 spiritalium
1205 2500 1447 2554 ciborum
1471 2499 1663 2555 eduliis
1684 2508 1740 2554 et

145 2587 418 2644 salutaris
448 2587 626 2657 poculi
653 2601 871 2660 egenos,
899 2590 945 2644 si
974 2591 1276 2645 divinorum
1302 2591 1589 2646 verborum
1613 2606 1738 2646 esca

147 2676 277 2732 sive
310 2684 438 2746 potu
471 2685 759 2745 saturaret,
795 2680 1055 2735 carbones
1091 2680 1231 2750 ignis
1264 2680 1354 2750 qui
1392 2688 1450 2736 et
1487 2688 1736 2750 peccato-

149 2775 287 2820 rum
321 2766 621 2837 rubiginem
653 2778 1046 2835 consumerent,
1081 2781 1137 2824 et
1171 2786 1264 2826 eos
1301 2771 1367 2826 ad
1397 2770 1740 2826 dilectionem

149 2860 258 2915 Dei
298 2868 354 2914 et
392 2860 623 2930 proximi
669 2862 1041 2928 accenderent,
1091 2879 1252 2934 super
1291 2865 1489 2934 capita,
1535 2873 1741 2920 mentes

151 2951 374 3007 scilicet
408 2967 616 3018 eorum,
653 2963 985 3024 congereret.
1023 2955 1329 3010 Vindictam
1363 2971 1492 3026 ergo
1528 2970 1738 3025 quaere.

156 3057 228 3098 re
252 3051 307 3098 et
337 3043 762 3099 misericordiam
791 3059 1044 3116 spernere
1081 3047 1323 3117 iramque
1351 3063 1587 3114 servare,
1620 3063 1738 3117 quae

154 3136 348 3192 omnia
371 3137 616 3206 superius
634 3137 820 3207 posita:
843 3137 1033 3193 litteras
1055 3137 1338 3208 praefatum
1361 3139 1740 3210 imperatorem

158 3226 398 3279 hortata:
421 3224 584 3280 fuisse
609 3227 973 3295 perhibentur,
1001 3228 1085 3282 bis
1104 3228 1468 3283 Ecclesiastici
1497 3229 1616 3283 libri
1643 3229 1739 3284 do-

157 3315 436 3370 cumentis
461 3316 778 3371 cohibentur
802 3335 815 3371 :
843 3316 944 3383 Qui
974 3335 1046 3384 se,
1076 3319 1270 3388 inquit,
1303 3336 1404 3372 non
1435 3321 1680 3386 vindicat,
1710 3339 1743 3376 a

158 3405 281 3459 Deo
311 3407 528 3460 inveniet
557 3407 855 3472 vindictam,
893 3417 939 3462 et
962 3419 1173 3479 peccata
1201 3409 1344 3463 illius
1381 3410 1631 3475 servabit;
1664 3427 1745 3464 re-

158 3497 349 3566 linque
367 3499 604 3566 proximo
629 3499 830 3574 noqenti
849 3507 914 3563 te,
941 3508 988 3553 et
1014 3510 1135 3553 tunc
1158 3503 1349 3570 petenti
1374 3500 1466 3554 tibi
1485 3500 1747 3554 solventur

158 3596 403 3657 peccata.
452 3585 622 3642 Homo
657 3589 854 3643 homini
883 3599 1048 3643 servat
1087 3593 1242 3654 iram,
1277 3606 1324 3645 et
1356 3609 1388 3644 a
1422 3591 1529 3643 Deo
1561 3591 1746 3660 quwrit

161 3671 467 3741 medelam;
504 3678 560 3730 in
595 3678 853 3732 hominem
891 3679 992 3732 sibi
1024 3679 1244 3733 similem
1281 3696 1383 3732 non
1417 3679 1567 3733 habet
1601 3679 1750 3731 mise-

163 3761 474 3830 ricordiam,
503 3775 550 3821 et
585 3768 648 3821 de
677 3770 898 3839 peccatis
923 3771 1030 3823 suis
1060 3769 1367 3840 deprecatur
1389 3786 1406 3823 :
1428 3771 1534 3840 ipse
1568 3771 1748 3823 retinet

163 3874 332 3922 nam,
367 3866 413 3910 et
436 3860 852 3928 propitiationem
881 3863 1005 3930 petit
1035 3879 1066 3913 a
1096 3861 1222 3925 Deo,
1253 3862 1368 3931 quis
1393 3860 1750 3930 deprecabitur

163 3964 268 4017 pro
303 3946 506 4001 delictis
542 3947 653 4017 ejus
680 3948 864 4020 (Eccli.
889 3950 1115 4021 xxvm)?
1148 3951 1280 4005 ltem
1305 3951 1454 4005 Isaiae
1478 3951 1614 4005 vatis
1634 3966 1753 4005 ora-

166 4036 298 4091 culo
319 4049 422 4105 pro
450 4037 606 4093 malis
634 4039 773 4093 mala
799 4040 1020 4094 reddere
1059 4041 1163 4095 boc
1199 4042 1356 4096 modo
1394 4043 1708 4111 prohibetur
1732 4056 1746 4094 :

165 4128 388 4192 Audite,
417 4127 605 4197 inquit,
638 4129 787 4183 verba
815 4114 1044 4195 Domini,
1068 4132 1156 4201 qui
1183 4133 1370 4185 timetis
1399 4148 1584 4186 nomen
1615 4133 1749 4198 eius,

165 4214 336 4272 dicite
360 4235 378 4271 :
400 4217 614 4273 Fratres
639 4223 801 4275 nostri
827 4223 946 4276 estis
973 4224 1061 4292 qui
1091 4239 1177 4278 vos
1216 4224 1434 4278 oderunt
1467 4233 1514 4277 et
1551 4224 1750 4277 abomi—

168 4309 422 4364 nantibus
448 4325 553 4375 vos,
581 4322 635 4364 ut
661 4329 847 4366 nomen
874 4312 1086 4366 Domini
1115 4315 1494 4383 magniﬁcetur,
1523 4323 1569 4367 et
1599 4332 1755 4384 appa-

169 4409 286 4451 reat
318 4399 444 4468 ipsis
476 4401 531 4453 in
552 4400 882 4469 jucunditate
915 4419 1114 4467 eorum,
1155 4413 1201 4456 et
1238 4403 1317 4456 illi
1348 4404 1748 4472 confundentur.

170 4487 442 4542 Dominus
485 4504 697 4559 quoque
738 4492 791 4544 in
836 4492 1122 4562 Evangelio
1159 4494 1404 4548 inimicos
1441 4493 1553 4547 sive
1595 4509 1757 4563 prave

169 4585 422 4646 agentes,
449 4594 553 4632 non
580 4579 716 4633 iram
741 4582 1122 4655 suscitandam,
1155 4597 1253 4638 nec
1282 4583 1573 4637 vindictam
1609 4598 1758 4638 exer-

170 4667 429 4732 cendam,
475 4683 575 4723 nec
621 4669 901 4726 maledicta
953 4673 1286 4742 congerenda
1333 4674 1616 4742 prmcepit,
1664 4674 1759 4728 sed

171 4756 528 4814 dilectionem
565 4773 692 4832 erga
727 4778 820 4817 eos
859 4763 1213 4818 exhibendam
1252 4765 1335 4819 his
1379 4766 1760 4821 sacratissimis

172 4849 366 4904 verbis
394 4847 620 4906 instituit
644 4867 658 4906 :
680 4852 890 4922 Diligite
918 4855 1153 4907 inimicos
1180 4864 1387 4918 vestros,
1421 4866 1468 4911 et
1497 4867 1640 4910 orate
1665 4874 1758 4927 pro

170 4944 251 4996 eis
284 4941 380 5012 qui
414 4957 498 4995 vos
525 4953 933 5013 persequuntur;
954 4943 1233 4998 benedicite
1262 4943 1624 4998 maledicentes
1652 4962 1756 5010 vos,

171 5031 472 5100 benefacite
491 5034 564 5086 eis
586 5034 676 5103 qui
705 5050 790 5087 vos
818 5033 1054 5096 oderunt,
1088 5043 1142 5087 ut
1173 5035 1284 5087 sitis
1321 5033 1420 5102 ﬁlii
1460 5033 1635 5088 Patris
1675 5051 1758 5087 ve-

172 5126 277 5179 stri
306 5125 402 5194 qui
426 5125 481 5177 in
506 5124 647 5179 cmlis
676 5135 768 5188 est,
801 5126 890 5195 qui
919 5125 1078 5179 solem
1109 5141 1262 5179 suum
1293 5120 1422 5179 oriri
1452 5127 1578 5195 facit
1606 5143 1763 5195 super

175 5218 349 5270 bonos
373 5223 421 5269 et
445 5216 629 5280 malos,
653 5226 701 5270 et
725 5217 855 5287 pluit
876 5234 1029 5286 super
1043 5212 1214 5286 justas
1234 5227 1282 5271 et
1304 5218 1523 5287 injustas
1546 5217 1758 5288 (Matth.

178 5311 258 5378 ν).
297 5293 438 5362 Nam
477 5309 520 5363 si
562 5309 640 5364 illi
671 5325 801 5365 voce
834 5309 1070 5364 veridica
1107 5307 1356 5380 diligendi
1389 5311 1566 5380 potius
1603 5326 1763 5380 quam

180 5397 546 5453 maledicendi
577 5408 630 5453 et
657 5401 976 5454 exsecrandi
1012 5409 1137 5454 sunt
1171 5403 1262 5471 qui
1307 5417 1403 5457 nos
1443 5402 1671 5457 oderunt
1713 5411 1767 5457 ct

178 5498 608 5558 persequuntur,
636 5492 724 5559 qui
751 5491 934 5559 utique
957 5486 1132 5562 imago
1158 5491 1250 5546 Dei
1271 5508 1475 5557 sumus,
1500 5493 1768 5548 multomi-

181 5594 292 5633 nus
314 5577 396 5632 illi
413 5578 760 5635 maledicendi
783 5596 874 5636 seu
893 5580 1157 5651 plectendi
1180 5591 1320 5647 sunt,
1339 5585 1428 5652 qui
1447 5584 1672 5652 picturis
1695 5586 1770 5639 in-

175 5670 364 5739 jurias
387 5666 632 5739 iniecisse
653 5670 914 5726 feruntur.
956 5671 1063 5730 V'as
1095 5690 1306 5746 quoque
1330 5676 1605 5732 electionis
1640 5678 1768 5731 nulli

448 5779 720 5844 Pnaor.
767 5785 1040 5848 XCVI".

1824 1869 1976 1930 parte
2001 1861 2234 1928 scriptor
2255 1859 2491 1928 ejusdem
2519 1861 2757 1931 epistolas
2793 1863 2965 1916 sancti
2997 1862 3098 1916 viri
3138 1862 3397 1933 Stephani

1824 1953 2234 2023 protomartyris
2253 1953 2493 2023 exempla
2512 1961 2727 2008 secutus
2753 1961 2837 2008 est
2864 1969 2987 2008 cum
3013 1954 3261 2008 videlicet
3291 1955 3401 2024 ile,

1828 2043 1956 2098 dum
1987 2044 2224 2114 lapidum
2246 2043 2507 2114 grandine
2535 2045 2769 2113 undique
2805 2045 2908 2100 sibi
2944 2045 3108 2100 misso
3149 2047 3406 2102 atrociter

1830 2141 2168 2203 quateretur,
2196 2132 2346 2188 ﬂexis
2371 2133 2658 2203 poplitibus
2681 2149 2780 2204 pro
2803 2135 3238 2203 persecutoribus
3275 2153 3401 2192 ora-

1831 2222 1928 2287 vit,
1955 2223 2056 2277 iste
2078 2237 2203 2277 vero
2226 2222 2516 2292 imaginum
2541 2221 2762 2290 injurias
2797 2238 2915 2291 qua:
2945 2223 3013 2278 ab
3049 2223 3152 2278 illis
3186 2225 3404 2279 minime

1833 2313 2137 2367 sentiuntur
2162 2327 2268 2367 non
2293 2311 2488 2376 l'er'ens,
2517 2311 2755 2381 ejusdem
2779 2310 2984 2380 injurize
3012 2320 3408 2382 perpetratores

1833 2400 2122 2472 perniciter
2149 2409 2206 2457 et
2231 2402 2433 2470 absque
2458 2401 2824 2457 misericordia
2851 2417 3042 2473 magna
3066 2404 3165 2458 sub
3192 2411 3410 2458 attesta-

1835 2493 1980 2547 tione
2017 2492 2401 2547 interimendos
2441 2506 2560 2546 esse
2596 2492 2833 2562 rogavit,
2863 2508 3165 2564 eorumque
3201 2495 3410 2549 animas

1837 2582 2194 2636 anathematis
2227 2581 2439 2636 vinculo
2461 2596 2628 2636 nexas
2649 2582 2715 2636 ad
2735 2589 2992 2652 perpetua
3022 2583 3281 2654 supplicia
3310 2584 3408 2639 de-

1839 2673 2040 2728 stinare
2077 2674 2304 2746 curavit.
2341 2673 2586 2744 Neglexit
2618 2673 2823 2729 interea
2859 2676 3169 2730 earumdem
3206 2675 3412 2730 littera-

1839 2778 1957 2816 rum
1997 2763 2227 2831 scriptor
2260 2763 2529 2832 patienter
2567 2763 2680 2818 sive
2717 2773 2996 2819 mansuete
3029 2765 3084 2819 in
3120 2766 3222 2820 hac
3261 2775 3414 2835 parte

1839 2867 2016 2922 agere,
2047 2853 2352 2922 sprevitque
2372 2852 2488 2922 ejus
2509 2854 2940 2923 prmdicationem
2970 2856 3292 2925 adimplere,
3321 2857 3415 2925 qui

1841 2943 1909 2996 ad
1939 2942 2441 2998 Tbessalonicenses
2473 2944 2696 2999 scribit:
2723 2943 2989 2999 Patientes
3020 2955 3180 3000 estote
3205 2947 3274 3000 ad
3298 2963 3413 3000 om-

1842 3047 1951 3095 nes,
1975 3030 2136 3084 videte
2157 3047 2220 3084 ne
2237 3033 2352 3101 quis
2375 3030 2570 3084 malum
2597 3048 2691 3103 pro
2719 3032 2860 3086 malo
2893 3035 3052 3087 alicui
3087 3035 3290 3101 reddat,
3327 3037 3418 3090 sed

1842 3139 2042 3194 semper
2058 3123 2197 3194 quod
2221 3122 2410 3177 bonum
2433 3133 2506 3178 est
2530 3125 2745 3179 invicem
2771 3127 3060 3190 sectamini,
3085 3135 3132 3180 et
3157 3127 3214 3180 in
3243 3143 3419 3180 omnes

1843 3210 1896 3281 (1
1929 3211 2106 3266 Thess.
2136 3214 2212 3284 v),
2243 3213 2491 3281 illiusque
2518 3216 2734 3269 monitis
2752 3217 3072 3286 contempsit
3092 3231 3303 3284 parere,
3325 3217 3419 3285 qui

1843 3303 1918 3357 ait
1941 3321 1953 3356 :
1982 3302 2171 3356 Melior
2186 3315 2261 3358 est
2281 3314 2581 3359 mansuetus
2601 3321 2718 3358 cum
2737 3306 3030 3360 humilitate
3048 3323 3204 3378 quam
3225 3309 3314 3377 qui
3335 3308 3418 3360 dia-

1843 3395 1967 3449 vidit
1991 3395 2225 3464 praedam
2253 3412 2372 3448 cum
2400 3394 2782 3450 contumeliosis
2810 3393 2992 3463 (Prov.
3025 3395 3172 3467 xvi);
3205 3404 3261 3450 et
3288 3397 3416 3450 dum

1846 3483 2027 3538 debuit
2050 3484 2102 3537 in
2124 3484 2416 3553 eripiendis
2438 3485 2652 3540 miseris
2673 3485 2809 3539 iram
2837 3484 2977 3554 regis
3004 3483 3306 3549 refrenare,
3333 3487 3418 3540 di-

1845 3585 1999 3631 cente
2028 3575 2345 3630 Salomone:
2371 3575 2512 3630 Erue
2532 3593 2618 3631 eos
2653 3576 2741 3646 qui
2775 3575 3037 3629 ducuntur
3071 3575 3139 3628 ad
3177 3588 3416 3640 mortem,

1846 3677 1893 3722 et
1917 3667 2108 3722 redime
2129 3667 2219 3738 qui
2243 3667 2644 3735 interﬁciuntur,
2676 3683 2739 3720 ne
2760 3681 2981 3739 parcas;
3003 3668 3048 3720 si
3071 3676 3245 3720 autem
3267 3667 3418 3720 dixe-

1849 3757 1920 3810 ris
1945 3773 1963 3810 :
1991 3757 2115 3811 Non
2141 3758 2257 3810 novi
2279 3757 2432 3820 hunc,
2465 3758 2594 3810 scito
2621 3757 2743 3822 quia
2773 3757 3030 3810 Dominus
3058 3757 3217 3810 corda
3247 3757 3418 3811 homi-

1849 3865 1972 3902 num
1997 3851 2153 3913 novit,
2181 3858 2227 3902 et
2249 3851 2338 3920 qui
2361 3849 2513 3917 ﬁnxit
2536 3850 2774 3919 spiritum
2802 3849 3038 3904 omnibus
3066 3849 3154 3904 ille
3182 3851 3277 3905 scit
3305 3867 3420 3904 om-

1850 3941 1959 4006 nia,
1988 3941 2075 4009 qui
2105 3940 2279 3994 reddet
2308 3941 2584 4010 unicuique
2611 3941 2893 3994 secundum
2921 3957 3077 4010 opera
3107 3958 3204 3998 sua
3235 3941 3420 4013 (Prov.

1851 4032 2022 4102 xxiv),
2053 4045 2207 4085 versa
2241 4031 2353 4085 vice
2390 4032 2456 4085 ad
2493 4029 2920 4086 interfectionem
2964 4039 3018 4087 et
3055 4034 3427 4090 crudelitatem

1851 4125 2205 4181 exercendam
2234 4125 2572 4194 imperatoris
2597 4126 2836 4180 animum
2861 4127 2974 4182 suis
3001 4127 3197 4184 litteris
3217 4130 3426 4185 excita-

1852 4218 1946 4270 vit.
1985 4216 2120 4283 Quia
2165 4233 2295 4288 ergo
2331 4217 2384 4271 bi
2416 4217 2507 4286 qui
2535 4216 2788 4286 injuriam
2827 4219 3123 4288 patiuntur,
3165 4219 3428 4274 liberandi

1853 4321 1993 4370 sunt,
2025 4308 2160 4362 liber
2187 4309 2597 4364 Ecclesiasticus
2619 4310 2971 4364 demonstrat.
3011 4311 3102 4364 Ait
3128 4309 3271 4364 enim
3294 4323 3308 4362 :
3335 4309 3427 4361 Li-

1779 4441 1834 4505 υ
1857 4402 1977 4456 bera
2019 4417 2136 4454 eum
2175 4402 2263 4471 qui
2301 4401 2551 4470 injuriam
2588 4403 2786 4471 patitur
2819 4403 2884 4455 de
2922 4417 3080 4454 manu
3117 4400 3340 4470 protervi
3379 4409 3427 4452 rt

1859 4509 1993 4563 (egre
2013 4494 2152 4562 feras
2177 4493 2231 4546 in
2251 4493 2426 4546 anima
2445 4501 2533 4545 tua
2551 4509 2568 4556 ;
2593 4492 2647 4546 in
2664 4491 2955 4561 judicando
2979 4500 3084 4544 esto
3103 4489 3316 4560 pupillis
3337 4491 3430 4543 mi-

1859 4585 2078 4637 sericors
2100 4593 2154 4635 ut
2175 4591 2342 4652 pater,
2365 4592 2411 4635 et
2433 4599 2526 4652 pro
2550 4584 2657 4636 viro
2678 4583 2833 4635 matri
2855 4581 3064 4634 illorum
3088 4596 3106 4634 :
3129 4591 3176 4634 et
3205 4582 3308 4635 eris
3328 4581 3432 4634 vel-

1860 4685 1924 4739 ut,
1955 4675 2098 4744 ﬁlius
2139 4673 2390 4726 Altissimi
2418 4674 2658 4727 obediens
2677 4713 2691 4737 ,
2720 4683 2766 4726 et
2792 4671 3117 4724 miserebitur
3143 4671 3236 4724 tibi
3265 4673 3430 4740 magis

1858 4784 2014 4839 quam
2044 4776 2208 4820 mater
2233 4766 2421 4837 (Eccli.
2451 4767 2546 4836 ιν).
2583 4768 2684 4820 Per
2736 4764 2927 4818 Isaiam
2964 4779 3176 4833 quoque
3201 4764 3432 4833 prophe-

1862 4869 1970 4912 tam
2003 4859 2074 4911 ita
2101 4858 2167 4912 de
2196 4859 2297 4912 hac
2322 4873 2381 4911 re
2405 4858 2602 4911 dicitur
2625 4870 2638 4908 :
2663 4854 2920 4924 lnquirite
2942 4853 3222 4922 judicium,
3251 4855 3434 4924 eripite

1861 4949 2110 5018 injuriam
2140 4948 2490 5015 accipientem,
2517 4954 2563 4998 et
2585 4944 2819 5014 judicate
2838 4942 3055 5013 pupillo,
3083 4953 3131 4996 et
3145 4942 3435 5012 justi/icate

1864 5035 2102 5096 viduam,
2139 5045 2184 5090 et
2220 5035 2381 5089 venite
2417 5034 2766 5103 disputemus,
2803 5033 2928 5086 dicit
2965 5033 3219 5086 Dominus
3253 5047 3271 5086 :
3303 5042 3350 5086 et
3388 5032 3433 5085 si

1865 5128 2055 5196 fuerint
2084 5135 2292 5196 peccata
2323 5134 2485 5179 vestra
2510 5133 2566 5176 ut
2586 5124 2912 5193 phoenicium,
2942 5133 2996 5176 ut
3025 5123 3189 5176 nivem
3214 5122 3429 5176 dealba-

1865 5218 1959 5282 bo;
1987 5219 2032 5271 si
2060 5227 2232 5270 autem
2257 5224 2311 5270 ut
2340 5216 2627 5280 coccinum,
2666 5223 2722 5268 ut
2758 5214 2934 5268 lanam
2972 5214 3144 5268 albam
3175 5215 3391 5285 ejﬁciam
3413 5231 3433 5269 ε

1866 5314 2046 5382 eripite
2081 5311 2336 5378 direptum
2385 5309 2448 5362 de
2491 5324 2651 5361 manu
2692 5307 2993 5377 injuriantis
3039 5323 3156 5360 eum
3191 5305 3326 5377 (lsa.
3367 5305 3432 5378 ι).

1871 5403 2022 5458 Unde
2041 5402 2085 5456 si
2109 5399 2228 5469 quis
2249 5398 2360 5452 vult
2381 5398 2493 5451 licri
2517 5397 2661 5452 velut
2681 5399 2823 5452 ﬁlius
2842 5397 3086 5452 altissimi
3116 5397 3232 5464 Dei,
3252 5398 3440 5466 utique

1869 5496 2122 5566 operibus
2147 5492 2303 5548 bonis
2324 5492 2592 5555 instando,
2621 5500 2674 5544 et
2701 5491 2846 5560 cupit
2874 5491 2954 5545 sui
2983 5507 3012 5544 a
3039 5491 3149 5546 Deo
3169 5491 3434 5558 misereri,

1870 5596 1922 5642 et
1946 5592 2290 5655 peccatorum
2328 5583 2576 5640 sordibus
2597 5582 2762 5647 ablui,
2795 5583 2878 5636 his
2905 5582 3084 5652 potius
3109 5583 3266 5639 debet
3294 5583 3437 5638 salu-

1872 5675 2122 5731 berrimis
2150 5673 2367 5731 monitis
2387 5673 2463 5728 uti
2495 5688 2656 5741 quam
2702 5672 2847 5728 illius
2893 5674 3131 5743 epistolze
3171 5672 3435 5744 perversi-

2916 5795 2990 5852 38
