4016 6292
560 332 699 390 H95

1441 323 1498 376 Β.
1540 317 1787 377 CAROLI
1829 309 2041 368 MAGNl
2078 303 2229 363 OPP.
2271 303 2449 361 PARS
2490 303 2552 359 ll.
2595 301 2838 358 SECTIO
2873 302 2938 358 ll.

3696 298 3831 355 “90

562 458 729 505 tatem
755 442 1185 503 crudelissimam
1222 439 1394 509 sequi.
1433 437 1603 491 Porro
1630 434 1775 505 quod
1800 432 1867 486 ad
1899 430 2141 484 irasccn-
2169 417 2213 478 Α
2243 417 2536 485 insisteret.
2565 419 2683 474 mos
2713 418 2886 489 magis
2909 432 3047 487 ιιυοε
3072 429 3282 472 "r3559
3303 414 3525 509 ﬁdem}
3549 430 3620 468 δίε
3656 416 3831 509 Ρωιὶί’

563 543 689 596 dum
724 536 1064 610 imperatoris
1097 530 1336 588 animum
1376 527 1607 599 impulit,
1630 534 1686 582 et
1714 527 1769 581 in
1795 524 1899 581 hoc
1924 534 2137 592 quoque

565 630 857 688 crudeliter
873 627 1004 698 egit,
1024 633 1081 682 et
1110 623 1281 683 sacris
1317 620 1513 676 litteris
1535 618 1750 688 penitus
1778 615 1835 670 in
1859 614 1963 669 bac
1980 619 2140 682 parte

565 724 706 779 sicut
731 729 789 777 et
815 720 871 775 in
897 715 1105 773 caeteris
1130 711 1403 769 contraiit.
1430 708 1635 765 Dicitur
1663 706 1808 762 enim
1832 719 1933 773 per
1953 716 2143 771 quem-

566 814 691 870 dam
715 812 1012 881 sapientem
1037 821 1052 860 :
1077 805 1267 862 Anima
1293 801 1561 859 benedicta
1586 798 1756 855 omnis
1779 795 2000 865 simplex
2025 807 2043 846 :
2068 792 2148 846 vir

565 912 739 958 autem
761 900 1029 957 animosus
1052 895 1128 953 vel
1149 892 1436 950 iracundus
1458 906 1565 946 non
1581 890 1793 943 honeste
1812 886 1920 956 agit
1944 901 1963 950 ;
1988 883 2064 938 ita
2090 888 2145 937 et

563 1008 663 1064 per
708 990 957 1046 eumdem
980 1005 993 1042 :
1031 985 1157 1041 Noli
1182 1001 1313 1040 .esse
1341 983 1543 1038 amicus
1569 980 1679 1035 viro
1704 978 1944 1033 animoso
1973 990 1993 1029 :
2021 989 2143 1027 estus

563 1082 732 1139 amico
754 1088 932 1135 auum
948 1076 1205 1133 iracundo
1230 1074 1339 1130 noli
1361 1072 1695 1136 commorari,
1721 1086 1788 1124 ne
1812 1067 2143 1138 forte‘discas

563 1174 675 1227 vias
701 1171 837 1242 ejus,
866 1179 916 1225 et
940 1185 1118 1225 sumas
1144 1166 1386 1238 laqueum
1409 1165 1599 1221 animae
1619 1174 1725 1218 tua:
1755 1160 1938 1233 (Prov.
1968 1156 2137 1229 xxii):

564 1277 687 1332 quae
721 1265 822 1319 viae
855 1277 980 1319 cum
1013 1278 1045 1317 a
1086 1259 1329 1329 sapiente
1367 1256 1505 1313 disci
1531 1254 1940 1325 prohibeantur,
1973 1250 2151 1305 multo

565 1353 743 1423 magis
763 1353 959 1415 docere
977 1360 1032 1407 et
1057 1351 1159 1406 sub
1178 1346 1537 1405 attestationc-
1549 1340 2147 1412 bortariprohibeutur.

566 1443 729 1500 Liber
776 1456 991 1512 quoque
1024 1437 1439 1496 Ecclesiasticus
1490 1435 1671 1490 taliter
1688 1433 1765 1488 de
1798 1432 1903 1487 hac
1934 1444 1996 1485 re
2019 1430 2156 1484 into-

566 1544 661 1593 nat
685 1553 703 1598 :_
726 1533 902 1589 Homo
936 1531 1222 1588 iracundus
1246 1528 1475 1587 incendit
1500 1528 1660 1591 litem,
1706 1534 1761 1579 et
1809 1526 1886 1578 vir
1912 1530 2156 1594 peccator

572 1627 802 1683 turbabit
832 1626 1051 1691 amicos,
1081 1632 1129 1678 et
1172 1623 1230 1678 in
1257 1621 1484 1678 medium
1507 1623 1686 1689 pacem

2248 515 2471 569 tentiam
2498 512 2685 568 debuit
2721 523 3034 582 provocare,
3062 523 3223 578 quam
3275 506 3546 578 principis
3593 506 3831 560 animum

2247 607 2314 662 ad
2363 604 2742 661 eil‘undendum
2781 600 3098 671 sanguinem
3136 598 3386 659 incitare.
3420 596 3685 666 quoniam
3724 610 3832 666 pte-

2246 698 2488 755 nitentias
2506 697 2679 751 virtus
2715 709 2822 750 non
2842 701 2930 748 est
2955 691 3173 748 caeteris
3190 690 3490 745 virtutibus
3513 696 3832 759 postponet»

2247 794 2332 857 da,
2366 792 2461 848 sed
2482 791 2701 863 optimis
2726 789 3026 860 quibusque
3047 785 3451 857 aaquiparanda,
3481 786 3686 854 quippe
3722 799 3831 852 qm:

2247 884 2404 955 quasi
2446 881 2715 952 quoddam
2767 874 3226 937 medicamentum
3272 877 3449 932 fracta
3514 875 3828 934 consolidet.

2248 977 2497 1049 languida
2537 984 2708 1039 sanet,
2737 975 2946 1046 perdita
2988 974 3256 1037 restituat,
3281 979 3338 1026 et
3363 970 3696 1042 plerumque
3723 978 3834 1038 post

2250 1068 2459 1139 lapsum
2510 1072 2829 1136 peccatores
2876 1064 2947 1119 ad
2991 1063 3282 1135 pristinum
3331 1069 3542 1116 statum
3595 1060 3832 1115 reducat.

2251 1161 2402 1216 lianc
2424 1160 2571 1215 enim
2610 1157 3065 1228 Psalmographus
3098 1156 3446 1213 commendat
3488 1170 3619 1211 cum
3674 1156 3832 1211 dicit:

2253 1251 2513 1306 Delictum
2538 1266 2711 1305 meum
2742 1251 3004 1320 cognitum
3034 1250 3129 1303 tibi
3158 1249 3257 1320 feci
3299 1257 3348 1303 et
3376 1248 3684 1320 injustitias
3703 1264 3835 1303 ιιιωσ

2250 1343 2605 1414 nuncper-ui;
2633 1341 2748 1395 dixi
2772 1340 3171 1396 :Pronuntiabo
3199 1340 3481 1394 adversum
3514 1355 3604 1393 me
3635 1337 3839 1408 injusti-

2254 1434 2361 1489 tias
2396 1444 2547 1488 neas
2572 1432 2815 1496 Domino,
2842 1442 2890 1486 et
2934 1440 2991 1486 tu
3026 1432 3273 1487 remisisti
3314 1431 3649 1503 irnpietatem
3677 1433 3837 1487 cordis

2255 1526 2363 1581 meil
2394 1523 2798 1596 (Psal.-xxxn).
2829 1524 2981 1580 Hanc
3017 1524 3183 1580 Isaias
3232 1523 3548 1580 habendam
3595 1524 3841 1595 pratcepit

2256 1616 2477 1673 dicens:
2510 1615 2766 1672 leniores
2798 1625 2961 1671 estote
2982 1617 3169 1671 norum
3210 1627 3260 1671 et
3293 1618 3655 1688 ingemiscite,
3686 1620 3838 1690 perni-

564 1717 731 1775 mittet
774 1716 1069 1777 delaturum
1101 1714 1292 1787 (Eccli.
1334 1712 1551 1779 xxvnt).
1619 1709 1754 1764 Nam
1796 1716 1858 1763 et
1888 1705 2161 1762 30¢er
2184 1772 2225 1787 __
2261 1712 2675 1767 untiameete
2694 1712 2783 1781 qui
2808 1713 3019 1776 erratis,
3049 1711 3410 1765 convertimini
3425 1727 3497 1765 ea:
3521 1711 3686 1765 corde
3726 1711 3841 1766 llr:

565 1772 827 1871 tiles
846 1772 1229 1876 praecepta‘dat
1252 1821 1270 1856 :
1298 1800 1425 1856 Noli
1460 1772 1705 1870 festinare
1746 1814 1802 1851 in
1834 1798 2024 1868 spiritu
2050 1805 2146 1850 tuo
2184 1772 2228 1832 Β
2253 1805 2506 1861 Jercmize
2554 1772 2961 1859 vatis'oraculis
2991 1772 3247 1859 censetur
3267 1801 3507 1858 dicentis
3532 1816 3547 1856 :
3584 1802 3841 1858 Converti—

566 1900 748 1966 irasci,
777 1899 903 1969 quia
930 1898 1013 1953 ira
1064 1898 1123 1950 in
1154 1895 1274 1955 sinu
1315 1893 1594 1949 stultorum
1631 1892 1901 1963 requiescit
1932 1889 1949 1957 (
1967 1887 2143 1944 Eadm

566 1988 689 2061 vn).
735 1989 933 2045 Doctor
959 1987 1141 2056 itaque
1167 1984 1406 2057 gentium
1431 1984 1511 2040 ita
1526 1984 1601 2061 ad
1623 1982 1884 2054 Ephesios
1908 1979 2099 2036 scribit
2128 1994 2141 2033 ι

567 2078 873 2136 Irascimini
917 2088 966 2133 et
1006 2076 1165 2133 nolite
1214 2091 1449 2148 peccare,
1503 2074 1582 2133 sol
1625 2092 1731 2131 non
1756 2072 1960 2129 occidat
1989 2082 2169 2141 super”

564 2169 896 2225 iracundiam
930 2178 1152 2227 vestram
1189 2167 1405 2240 (pres.
1441 2167 1560 2239 tv);
1592 2166 1723 2224 item
1752 2166 1936 2221 idem:
1961 2163 2146 2218 Omnis

563 2260 882 2326 amaritudo,
902 2259 1096 2329 inquit,
1117 2267 1166 2314 et
1186 2259 1270 2313 ira
1283 2268 1331 2313 et
1352 2258 1647 2330 indignatio
1662 2267 1713 2313 et
1730 2256 1930 2312 clamor
1945 2264 1995 2310 et
2014 2254 2148 2310 blas-

562 2350 769 2419 phemia
800 2349 1076 2421 auferatur
1102 2367 1136 2404 a
1166 2349 1307 2405 vobis
1337 2364 1457 2405 cum
1487 2349 1631 2405 omni
1671 2347 1877 2404 malitia
1914 2344 2142 2429 (Ibid);

565 2442 709 2498 idem
732 2458 948 2513 quoque
974 2461 991 2496 :
1025 2441 1183 2498 Nunc
1214 2452 1391 2498 autem
1410 2482 1428 2509 ,
1453 2443 1648 2513 inquit,
1674 2441 1915 2513 deponite
1939 2454 2145 2495 omnem

563 2536 720 2602 iram,
743 2535 1186 2606 indignationem,
1214 2534 1494 2601 malitiam,
1524 2533 1931 2605 blasphemiam,
1966 2530 2149 2587 multi-

564 2627 796 2699 loquium
837 2626 1061 2699 (Coloss.
1093 2626 1180 2699 ιιι)
1211 2643 1224 2681 :
1255 2642 1377 2697 qua:
1400 2626 1616 2696 quidem
1662 2640 1800 2695 pene
1841 2624 2045 2690 omnia,
2099 2623 2147 2678 si

564 2718 821 2789 liquidius
844 2718 1186 2791 itidagcntur,
1209 2720 1264 2776 in
1288 2705 1525 2791 praefatae
1545 2719 1787 2790 epistola:
1818 2724 1970 2774 testu
1991 2730 2147 2787 repe-

566 2812 796 2869 rientur.

636 2904 790 2958 Dicat
814 2918 946 2975 ergo
981 2903 1318 2973 iustissimus
1342 2905 1426 2959 vir
1452 2912 1508 2959 et
1533 2904 1644 2959 Deo
1670 2904 1870 2959 cbarus
1911 2902 2146 2958 Jacobus

567 2992 857 3061 apostolus,
875 3000 1061 3047 utrum
1079 2991 1234 3061 juxta
1266 2993 1423 3049 istius
1445 2993 1686 3064 epistolae
1713 2994 2148 3052 exhortationem

567 3083 722 3138 velox
781 3084 904 3154 quis
949 3083 1018 3138 ad
1075 3084 1418 3139 irascendum
1469 3099 1590 3140 esse
1644 3086 1869 3152 debeat;
1940 3087 2149 3142 intonet
2175 3125 2224 3189 ο

568 3183 751 3230 utrum
784 3176 913 3231 huic
934 3177 1183 3247 epistolae
1220 3178 1665 3234 consentiendum
1695 3179 1787 3246 sit,
1815 3193 1935 3249 qua:
1980 3178 2150 3251 impe-

572 3274 809 3322 ratorem
858 3267 1083 3322 citatum
1115 3267 1186 3323 ad
1246 3268 1581 3324 iracundiam
1635 3267 1752 3325 fore
1802 3269 1999 3324 sanxit.
2059 3269 2151 3325 Ait

569 3354 715 3409 enim
747 3368 764 3408 :
795 3354 978 3420 Scitis,
1004 3354 1197 3425 fratres
1241 3356 1343 3410 mei
1391 3355 1598 3422 dilecti,
1649 3358 1717 3412 sit
1755 3369 1929 3413 autem
1981 3358 2152 3412 omnis

569 3444 724 3499 homo
751 3443 898 3501 velox
922 3445 994 3499 ad
1040 3446 1362 3501 audiendum
1391 3455 1439 3502 et
1474 3448 1661 3503 tardus
1691 3448 1761 3504 ad
1807 3448 2145 3522 loquendum,

569 3536 753 3593 tardus
784 3555 989 3610 quoque
1026 3539 1097 3594 ad
1133 3541 1315 3595 iram:
1356 3542 1439 3595 ira
1470 3543 1607 3596 enim
1634 3543 1731 3597 viri
1758 3542 2026 3614 justitiam
2055 3544 2152 3599 Dei

571 3642 677 3683 non
695 3637 947 3698 operatur
990 3627 1198 3699 (Jacob.
1228 3628 1315 3700 ιι).
1350 3630 1504 3685 Dicat
1553 3618 1718 3687 etiam
1772 3632 1885 3701 ipsa
1937 3633 2153 3689 Veritas

570 3717 704 3787 quid
727 3719 797 3774 de
814 3720 918 3775 hac
947 3717 1143 3789 reejus
1179 3722 1421 3778 membra
1443 3724 1597 3794 sequi
1639 3724 1904 3791 debeant;
1937 3726 2043 3792 dic,
2078 3725 2155 3781 in-

570 3825 753 3881 quam,
802 3820 990 3868 sancte
1018 3812 1285 3879 Matthaac,
1316 3813 1447 3885 quid
1493 3815 1559 3870 de
1581 3815 1817 3886 paradisi
1847 3813 2012 3872 -t‘onte
2032 3832 2155 3888 per-

568 3911 731 3973 petuo
773 3905 1031 3962 hauriens
1067 3906 1143 3962 tui
1194 3906 1432 3964 ﬂuminis
1460 3908 1715 3965 vitalibus
1752 3909 1939 3965 rivulis
1971 3909 2155 3981 profu-

570 3992 720 4048 disti.
747 3994 839 4048 Ait
868 3996 1014 4050 enim
1039 3995 1162 4052 fons
1187 3998 1462 4068 perennis,
1488 3998 1613 4055 fons
1635 4000 1781 4066 vitm,
1827 3998 1948 4055 fons
1997 4000 2157 4055 lumi-

569 4084 694 4138 nis:
720 4083 905 4140 Omnis
930 4088 1020 4157 qui
1049 4088 1301 4144 irascitur
1336 4091 1491 4161 fratri
1531 4107 1649 4158 suo,
1672 4094 1769 4147 erit
1800 4110 1917 4147 reus
1945 4093 2154 4164 judicio

571 4174 788 4245 (Matth.
810 4176 888 4248 v).
916 4178 1052 4234 Cum
1089 4195 1222 4235 vero
1241 4188 1322 4237 tot
1345 4182 1542 4237 divinae
1568 4182 1704 4253 legis
1744 4185 2006 4255 exemplis
2038 4195 2156 4242 tan-

568 4266 747 4338 tisque
776 4268 1083 4325 divinorum
1108 4271 1448 4341 cloquiorum
1481 4275 1716 4331 oraculis
1741 4276 1842 4342 ira,
1873 4292 1993 4348 quae
2014 4279 2157 4336 inter

566 4356 887 4428 principalia
928 4357 1060 4414 vitia
1112 4369 1483 4430 enumeratur,
1547 4364 1747 4421 dicitur
1797 4370 2151 4434 exsecranda,

2247 1896 2401 1961 mini,
2424 1895 2587 1965 “filiae
2600 1903 2930 1958 revertentes,
2956 1902 3004 1947 et
3045 1892 3243 1947 sonabo
3281 1893 3637 1948 contritiones
3662 1904 3842 1947 miras

2249 1987 2466 2059 (Jerem.
2490 1984 2600 2057 tu);
2628 1985 2683 2039 in
2700 1984 2815 2040 alio
2832 1999 3045 2055 quoque
3087 1985 3206 2039 loco
3234 1984 3378 2040 idem
3408 1983 3549 2038 dicit
3574 1999 3591 2037 :
3640 1983 3841 2055 Averta-

2250 2087 2338 2133 tnr
2351 2079 2469 2150 jam
2494 2094 2633 2132 nunc
2657 2077 3011 2148 unusquisque
3036 2094 3069 2129 a
3100 2076 3183 2130 via
3205 2092 3306 2130 sua
3334 2075 3487 2129 mala
3506 2116 3522 2141 ,
3567 2085 3619 2129 et
3643 2076 3841 2129 meliore

2249 2171 2409 2241 facite
2436 2169 2613 2223 studia
2635 2177 2822 2223 vestra.
2846 2166 2961 2223 Joel
2989 2182 3203 2237 quoque
3227 2181 3362 2222 voce
3384 2167 3615 2221 Domini
3650 2167 3843 2222 intonat

2248 2264 2473 2318 dicens:
2500 2259 2873 2315 Convertimini
2920 2260 2990 2314 ad
3018 2276 3099 2315 me
3148 2276 3215 2314 ea:
3252 2268 3360 2314 toto
3400 2259 3569 2313 corde
3617 2270 3779 2313 vestro
3802 2263 3842 2311 ει

2245 2360 2446 2407 cretata
2469 2351 2647 2404 anima
2684 2359 2849 2404 vestra
2886 2349 2941 2402 in
2966 2349 3176 2419 jejunio
3200 2358 3247 2402 et
3270 2349 3398 2418 ﬂetu
3432 2358 3488 2404 et
3535 2348 3772 2419 planctu,
3794 2359 3836 2402 et

2246 2441 2554 2513 disrumpite
2564 2440 2726 2495 corda
2750 2448 2918 2495 vestra
2929 2449 3090 2494 etnon
3111 2438 3411 2493 vestimenta
3442 2449 3650 2501 vestra,
3673 2450 3719 2493 et
3743 2456 3844 2493 con-

2246 2533 2505 2587 vertimini
2517 2531 2588 2585 ad
2613 2532 2895 2585 Dominum
2919 2530 3085 2585 Deum
3116 2538 3363 2594 vestrum,
3396 2530 3541 2600 quia
3562 2531 3847 2584 miser-itan

2250 2633 2297 2679 et
2325 2626 2532 2696 patiens
2560 2632 2633 2679 est
2665 2664 2679 2690 ,
2727 2624 3077 2695 magnanimis
3132 2632 3180 2677 et
3209 2623 3434 2677 multum
3472 2626 3777 2677 misericors
3807 2633 3846 2677 et

2247 2723 2451 2793 patiens
2471 2722 2527 2776 in
2550 2720 2955 2792 benignitatibus
3003 2718 3162 2792 (loel.
3197 2719 3284 2790 ιι).
3317 2718 3491 2775 Liber
3539 2720 3715 2775 etiam
3759 2720 3849 2782 Ec,

2250 2809 2586 2866 clesiasticus
2607 2808 2774 2865 dicit:
2804 2808 2865 2865 Si
2902 2810 3256 2881 paenitentiam
3296 2826 3404 2863 non
3459 2812 3751 2882 egerimus,
3778 2812 3847 2865 in~

2250 2902 2482 2957 cidemus
2512 2903 2565 2956 in
2588 2919 2779 2956 manus
2829 2901 3042 2955 Domini
3084 2900 3370 2955 secundum
3420 2902 3843 2972 magnitudines-

2252 2994 2386 3064 ejus,
2428 3002 2475 3047 et
2505 2991 2866 3046 misericordia
2910 2992 3028 3062 ejus
3079 3006 3196 3044 cum
3245 2992 3358 3061 ipso
3411 3000 3491 3045 est
3522 2989 3723 3060 (Eccli.
3766 2993 3844 3061 ιι).

2252 3083 2309 3139 ln
2341 3083 2566 3140 Actibus
2594 3097 2788 3154 nempe
2834 3080 3199 3151 apostolorum
3244 3081 3536 3137 scribitur:
3584 3080 3850 3136 Plenius-

2253 3180 2382 3233 tiam
2412 3178 2550 3248 agite
2568 3172 2617 3231 et
2644 3174 3021 3239 convertimini,
3052 3183 3108 3228 ut
3132 3173 3409 3229 deleantur
3431 3184 3656 3245 peccata
3686 3184 3850 3227 vestra

2253 3270 2392 3342 (Act.
2417 3268 2503 3339 ιι).
2526 3267 2721 3323 Pastor
2745 3281 2959 3337 quoque
2987 3265 3242 3321 Ecclesia:
3268 3265 3322 3320 in
3353 3265 3578 3335 cpistola
3608 3265 3850 3320 secunda

2252 3361 2419 3418 dicit:
2453 3359 2576 3415 Non
2598 3359 2773 3413 tardat
2797 3357 3052 3412 Dominus
3074 3358 3157 3411 sui
3198 3357 3441 3429 promissi
3468 3357 3607 3411 sicut
3629 3358 3851 3429 quidam

2252 3449 2572 3515 existimant,
2603 3448 2693 3504 sed
2727 3455 2988 3518 exspectat
3008 3463 3211 3518 quoque
3238 3464 3346 3512 vos,
3401 3447 3579 3501 nolens
3615 3446 3853 3518 aliqua:

2251 3544 2484 3616 perdere,
2538 3540 2628 3597 sed
2691 3556 2867 3595 omnes
2912 3549 3173 3611 exspectat
3221 3541 3278 3594 in
3296 3540 3620 3611 paenitendi:
3676 3540 3852 3595 locatur

2256 3636 2437 3691 reverti
2464 3633 2551 3707 (ΙΙ
2580 3633 2697 3688 Pet.
2756 3634 2860 3705 ιιι).
2900 3632 3115 3701 Quanto
3168 3632 3335 3705 igitur
3361 3634 3475 3689 haec
3520 3634 3855 3703 praeminet

2254 3728 2427 3782 virtus
2449 3727 2516 3782 ad
2542 3725 2879 3791 salvandum,
2907 3740 3070 3795 quam
3102 3723 3192 3779 ille
3214 3725 3519 3780 errantibus
3537 3726 3855 3794 pradicare

2256 3817 2511 3888 neglexit,
2554 3825 2706 3872 tanto
2746 3816 3100 3888 proculdubio
3144 3816 3355 3872 catteris
3398 3816 3663 3886 nequitiis
3713 3833 3855 3888 prae-

2254 3909 2457 3963 eminct
2478 3908 2596 3964 lucc
2617 3907 2822 3965 saevitia
2847 3909 2916 3964 ad
2956 3908 3279 3975 nocendum,
3310 3908 3436 3980 quia
3482 3908 3567 3964 ille
3593 3918 3659 3964 et
3689 3912 3853 3967 mise-

2255 3999 2489 4055 ricordia
2523 4000 2601 4054 uti
2632 3999 2931 4070 principem
2956 3999 3255 4071 prohibuit,
3286 4010 3477 4056 etcum
3502 4000 3566 4055 ad
3596 4000 3855 4058 irascen-

2256 4091 2385 4147 dum
2417 4098 2473 4147 et
2494 4091 2563 4146 ad
2588 4091 2880 4147 vindictam
2927 4092 3283 4148 exercendam
3320 4092 3570 4163 gravibus
3599 4094 3857 4149 obtesta-

2256 4183 2495 4238 tionibus
2523 4181 2755 4253 impulit.
2785 4181 2844 4237 Si
2883 4197 3013 4253 ergo
3052 4181 3210 4253 juxta
3254 4182 3581 4239 Dominicam
3624 4194 3856 4239 senten-

2259 4274 2388 4329 tiam
2424 4289 2586 4346 grave
2608 4273 2782 4331 scelus
2808 4280 2892 4329 est
2928 4288 3095 4329 unum
3119 4274 3188 4330 de
3208 4273 3417 4344 pusillis
3444 4274 3854 4343 scandalizare,

2256 4380 2419 4436 quam
2472 4379 2637 4437 grave
2661 4372 2819 4435 putas
2852 4364 2924 4420 sit
2970 4379 3077 4419 non
3117 4362 3371 4434 pusillum
3400 4363 3726 4434 quemdam,
3758 4365 3854 4422 sed

567 4448 625 4503 in
652 4457 907 4545 promptu
926 4457 1011 4506 est
1030 4450 1331 4545 intelligere
1369 4456 1515 4525 quod
1542 4457 1626 4513 ba:
1663 4457 1857 4517 littera:
1882 4459 1950 4516 ad
1979 4478 2070 4518 res
2096 4462 2149 4518 in
2175 4480 2230 4545 υ
2257 4471 2462 4529 regem,
2485 4457 2576 4527 qui
2598 4462 2759 4528 caput
2785 4455 2971 4527 utique
2987 4456 3224 4526 plebium
3246 4463 3347 4519 est,
3378 4454 3444 4509 ad
3462 4455 3851 4545 scandalizat»

567 4537 922 4608 quastioncm
955 4540 1234 4597 venientes
1255 4544 1589 4601 roborandas
1630 4563 1737 4603 non
1763 4557 1890 4604 sunt
1919 4549 2147 4617 idoneae,

565 4640 666 4696 per
685 4641 820 4696 quas
845 4628 1156 4700 imperatori
1200 4632 1301 4687 sub
1334 4647 1525 4705 magna
1551 4637 1916 4705 attestatione,
1943 4654 2006 4695 ac
2026 4655 2153 4711 sup-

566 4716 693 4787 plici
759 4718 1097 4789 adiuratione
1165 4724 1524 4779 committitur
1578 4725 1824 4783 habenda
1861 4737 1913 4783 et
1986 4746 2151 4802 opere

566 4811 943 4879 perpetranda.
972 4812 1245 4868 Debuerat
1267 4828 1402 4869 sane
1427 4821 1616 4869 auctor
1644 4814 1882 4884 ejusdem
1908 4819 2149 4890 epistola:

567 4912 705 4968 quos
731 4899 952 4956 videbat
972 4901 1269 4971 periclitari
1318 4905 1388 4959 ad
1432 4903 1806 4973 paenitentiam
1850 4910 2149 4978 exhortari,

569 4990 663 5061 qui
722 4990 769 5053 si
828 4992 965 5047 forte
1008 4991 1384 5063 pmnitentiam
1439 4997 1910 5068 contempsissent,
1938 5012 2153 5072 poterat

570 5081 951 5151 imperatorem
974 5082 1307 5152 supplicibus
1332 5086 1585 5157 precibus
1637 5093 1947 5161 convenire,
1971 5103 2032 5149 ut
2056 5110 2152 5152 eos

571 5169 640 5224 ad
667 5171 1090 5241 convertendum
1121 5183 1338 5245 cogeret
1369 5194 1383 5231 :
1412 5174 1641 5235 forsitan
1670 5181 1725 5237 id
1759 5184 1842 5239 sui
1871 5183 2153 5255 profectus

572 5259 772 5316 bonum
835 5271 1193 5332 sequerentur
1253 5268 1470 5336 coacti,
1523 5273 1668 5341 quod
1712 5283 2151 5346 contempserant

573 5351 891 5418 spontanei,
950 5353 1207 5423 quoniam
1265 5358 1408 5417 Deus
1469 5364 1813 5433 omnipotens
1877 5366 2150 5424 neminem

572 5443 688 5498 vult
742 5446 941 5515 perire,
984 5448 1150 5505 Paulo
1196 5459 1503 5521 attestante,
1560 5458 1652 5528 qui
1700 5459 1810 5514 ait:
1844 5458 1960 5514 Hoc
2013 5464 2152 5517 enim

573 5534 765 5590 bonum
787 5547 835 5592 et
873 5551 1141 5612 acceptum
1184 5559 1361 5599 coram
1394 5548 1653 5604 salvatore
1679 5559 1856 5605 nostro
1901 5550 2032 5617 Deo,
2064 5555 2157 5625 qui

573 5641 749 5682 omnes
775 5628 1011 5686 homines
1036 5633 1140 5687 vult
1160 5634 1329 5690 salvos
1351 5636 1470 5704 ﬁeri
1490 5647 1537 5692 et
1572 5641 1628 5693 in
1653 5643 1971 5710 agnitionem
2020 5644 2151 5697 reri-

574 5720 696 5776 tatis
716 5723 888 5778 venire
917 5723 970 5796 (1
996 5723 1130 5781 Tim.
1159 5728 1221 5800 ιι)
1285 5728 1341 5785 Si
1372 5731 1516 5786 enim
1543 5731 1815 5790 lucrandis
1871 5736 2156 5795 animabus

2254 4564 2382 4606 oum
2394 4548 2748 4618 promovere?
2766 4546 2902 4602 Nam
2924 4553 2979 4602 et
3001 4546 3055 4601 in
3084 4560 3149 4602 eo
3170 4545 3314 4617 quod
3336 4544 3573 4617 przefatae
3593 4548 3848 4618 epistola:

2254 4638 2484 4710 scriptor
2497 4638 2638 4693 inter
2648 4646 2873 4694 caeteras
2885 4637 3140 4704 saevitias,
3152 4653 3285 4709 quas
3300 4654 3428 4711 erga
3438 4654 3533 4695 eos
3544 4655 3692 4710 quos
3701 4655 3847 4697 erra-

2253 4729 2603 4798 rcconspexit
2613 4727 2875 4795 excreuit,
2897 4728 3198 4785 maledictis
3222 4745 3352 4785 usus
3376 4737 3479 4796 est,
3506 4746 3617 4787 non
3644 4733 3846 4789 medio-

2252 4820 2420 4877 criter
2436 4832 2647 4877 errasse
2667 4830 2723 4875 et
2733 4820 2902 4875 sacris
2923 4819 3150 4890 eloquiis
3172 4821 3467 4877 contraisse
3488 4822 3842 4892 ἀερωδωῶ

2253 4924 2362 4980 tur,
2385 4914 2597 4969 dicente
2617 4928 2746 4968 vase
2771 4911 3052 4969 electionis
3074 4913 3403 4970 :Benedicite
3428 4924 3475 4969 et
3501 4914 3672 4971 nolite
3690 4916 3848 4972 unale-

2252 5005 2423 5060 dicere
2449 5003 2626 5079 (Rom.
2644 5004 2765 5078 xu);
2799 5006 2929 5061 item
2943 5006 3110 5063 alibi:
3140 5006 3323 5080 Neque
3341 5006 3591 5064 maledici
3622 5027 3843 5082 regu-

2252 5094 2352 5149 Dei
2377 5094 2713 5156 possidebunt
2740 5113 2758 5150 :
2808 5096 2967 5152 Petra
3010 5098 3176 5154 etiam
3221 5098 3480 5156 Ecclesia:
3538 5102 3846 5160 maledictis

2253 5185 2330 5241 uti
2360 5187 2447 5242 his
2480 5186 2657 5242 verbis
2681 5187 2952 5257 prohibet.
2987 5189 3080 5245 Ait
3104 5191 3248 5245 enim
3272 5191 3329 5246 in
3354 5193 3583 5264 epistola
3624 5196 3843 5267 prima:

2256 5275 2584 5351 Quapropter
2610 5295 2787 5335 omnes
2812 5283 3144 5338 consentanei
3172 5293 3348 5348 estote,
3381 5287 3685 5355 unaruines,
3710 5304 3847 5342 τοι.

2254 5369 2523 5439 patientes,
2540 5368 2883 5441 fraternitatis
2898 5386 3175 5443 amatores,
3193 5377 3576 5443 misericordes,
3598 5379 3847 5444 humiles,

2258 5477 2363 5516 non
2416 5461 2687 5519 reddentes
2754 5463 2954 5519 malum
3003 5482 3097 5537 pro
3168 5466 3329 5534 malo,
3374 5467 3452 5522 vel
3501 5469 3846 5525 maledictu-

2256 5565 2349 5620 pro
2387 5549 2701 5619 maledicto,
2746 5553 2839 5608 sed
2876 5571 2903 5609 e
2952 5556 3214 5610 contrario
3263 5556 3664 5625 benedicentes,
3726 5559 3845 5630 quis

2258 5644 2312 5696 in
2346 5643 2441 5696 hoc
2468 5646 2633 5698 vocati
2682 5646 2803 5700 estis
2854 5655 2910 5701 ut
2941 5645 3346 5704 benedictionem
3390 5650 3707 5707 hwreditatc
3730 5666 3847 5722 pas-

2260 5733 2475 5789 sideatis
2500 5733 2552 5805 (I
2590 5733 2732 5791 Petr.
2764 5738 2873 5809 ιιι).
