4016 6292
251 240 310 294 Η
325 238 390 294 9ἳ

1031 231 1204 285 LIBRI
1241 231 1579 286 CAROLlNl.
1620 261 1689 271 —
1725 229 1941 287 CAPIT.
1983 229 2071 288 DE
2109 231 2295 288 BHG.
2338 261 2405 270 -
2440 232 2564 286 LIB.
2611 235 2699 290 IV.

3355 243 3483 301 "98

325 349 436 404 Sed
456 360 525 401 ne
571 348 692 415 quis
715 361 814 400 nos
850 351 1000 413 putet
1026 342 1540 414 aliqucmjudicare,
1597 352 1686 397 aut
1707 343 1822 398 cui-
1853 343 2213 411 Aprophetas
2260 342 2373 398 sive
2420 344 2778 416 hagiographa
2843 348 3148 418 recipiant,
3191 352 3266 407 illi
3307 364 3359 410 et
3406 373 3493 415 re-

246 440 380 494 dam
402 435 555 505 cujus
578 437 758 491 meriti
785 450 971 489 sumus
992 434 1185 504 ignari,
1211 434 1512 495 detrahere,
1541 441 1828 502 cognoscat

246 544 356 582 nos
382 543 488 582 non
513 527 675 581 vitam
706 523 929 593 alicujus
950 523 1100 593 justi,
1125 539 1230 578 non
1261 524 1512 579 meritum
1535 523 1824 587 discutere,

241 617 350 671 sed
388 617 551 670 verba
585 613 918 670 solummodo
939 613 1237 668 ventilabro
1261 612 1561 667 divinorum
1587 611 1826 680 eloquio-

242 724 375 762 rum
403 707 639 762 studiose
661 706 942 769 ventilare,
968 719 1088 773 quae
1137 703 1558 772 incompetenter
1581 703 1649 757 ad
1671 718 1822 758 erro-

240 813 372 851 rem
395 796 741 852 nutriendum
769 797 838 850 ad
865 794 1098 850 medium
1138 802 1261 847 sunt
1281 793 1526 859 deducta,
1554 809 1676 848 cum
1718 795 1829 848 sint

239 903 502 942 errorum
526 886 703 942 nervis
727 899 1110 954 usquequaque
1133 893 1401 956 concreta.
1427 883 1537 938 Nec
1556 884 1698 938 enim
1719 884 1825 937 alia

238 975 499 1044 ejusdem
526 975 796 1032 SimeOnis
817 975 978 1029 verba
1010 973 1342 1037 discutimus,
1362 989 1480 1042 qua:
1500 981 1559 1028 ut
1582 973 1827 1042 superius

241 1067 510 1128 diximus,
553 1079 819 1134 nusquam
857 1079 956 1118 nos
1003 1063 1195 1132 legisse
1241 1063 1602 1128 meminimus,
1646 1063 1742 1118 sed
1764 1078 1828 1118 ea

246 1156 600 1211 solummodo
643 1170 762 1224 quae
789 1169 976 1208 eorum
1002 1153 1243 1222 apicibus
1283 1154 1626 1208 narrantibus
1669 1168 1828 1207 sensu

238 1230 626 1316 percipimus;
652 1253 708 1299 et
741 1259 865 1298 cum
902 1243 1204 1298 nesciamus
1256 1249 1435 1297 utrum
1469 1241 1706 1310 ejusdem
1740 1241 1828 1296 Si-

237 1336 480 1398 meonis,
511 1343 569 1389 ut
607 1334 683 1389 illi
710 1333 971 1399 fatentur,
1000 1341 1092 1388 aut
1128 1332 1348 1387 alterius
1371 1331 1645 1400 cujusdam
1671 1333 1830 1389 verba

235 1427 366 1481 sint
389 1426 442 1479 in
471 1424 588 1493 ejus
631 1425 848 1480 nomine
884 1431 1201 1493 praenotata,
1257 1423 1502 1478 novimus
1549 1431 1726 1477 tamen
1767 1437 1829 1476 ea

234 1515 405 1570 omni
446 1514 798 1584 ambiguitate
840 1510 1186 1583 postposita'a
1221 1520 1527 1567 sanctarum
1586 1511 1829 1580 Scriptu-

236 1622 437 1661 rarum
465 1606 711 1662 sensibus
734 1605 927 1669 aliena,
943 1613 996 1660 et
1017 1605 1208 1660 merito
1225 1605 1292 1659 ab
1311 1605 1456 1658 omni
1470 1603 1833 1659 ecclesiastico

235 1699 501 1769 dogmate
521 1697 842 1754 abdicanda.

858 1788 1083 1844 CAPUT
1123 1789 1187 1843 Vl

244 1892 329 1956 De
353 1919 414 1956 eo
435 1902 572 1973 quod
592 1901 833 1973 omnibus
859 1901 1115 1973 haereticis
1131 1899 1498 1973 Samaritanos
1515 1909 1817 1973 deteriores,

321 1984 371 2026 et
403 1971 753 2027 samaritanis
788 1971 1075 2024 deteriores
1098 1987 1182 2024 eos
1231 1971 1406 2024 dicunt
1435 1971 1526 2034 qui
1571 1972 1822 2040 imagines

317 2043 615 2107 destruunt,
645 2057 760 2094 cum
806 2051 1041 2111 parentes
1070 2055 1247 2111 eorum
1277 2040 1558 2111 secundum
1609 2040 1821 2111 illorum

321 2113 613 2182 Opinionem
636 2109 870 2182 omnibus
899 2109 1153 2163 Itwreticis
1184 2110 1462 2164 deteriores
1490 2109 1704 2179 fuerint,
1735 2110 1822 2182 qui

321 2179 500 2251 utique
524 2182 775 2250 imagines
796 2179 1119 2234 destruxere.

321 2273 441 2327 Non
469 2270 767 2327 sufﬁciebat
809 2271 918 2325 illis
961 2273 1372 2340 prodecessores
1421 2271 1532 2326 sive
1573 2282 1825 2341 parentes

242 2380 442 2421 eorum
475 2363 834 2419 formidolosis
871 2363 1302 2419 anathematibus
1347 2364 1596 2419 abdicare
1640 2379 1704 2418 ac
1746 2363 1822 2417 di-

247 2459 428 2514 versis
483 2458 738 2513 conviciis
789 2457 1058 2523 lacerare,
1108 2455 1213 2510 nisi
1231 2471 1326 2511 eos
1359 2455 1608 2510 omnibus
1658 2455 1828 2510 hatre-

245 2550 380 2605 ticis
434 2549 696 2603 dixissent
744 2548 1042 2603 deteriores
1092 2545 1259 2602 fuisse
1281 2587 1295 2610 ,
1350 2547 1443 2615 qui
1491 2555 1692 2616 quanto
1733 2561 1830 2601 eos

247 2639 611 2695 atrocioribus
675 2637 885 2707 injuriis
935 2639 1207 2694 exsecrari
1267 2639 1640 2703 contendunt,
1679 2645 1827 2691 tanto

245 2730 483 2801 amplius
510 2730 708 2786 divinis
750 2729 970 2785 monitis
1019 2730 1412 2785 contradicunt.
1446 2729 1642 2783 Dicunt
1681 2729 1826 2783 enim

248 2821 626 2876 Samaritanos
670 2821 919 2876 omnibus
966 2821 1234 2875 hzereticis
1268 2820 1584 2884 deteriores,
1640 2821 1828 2890 eisque

249 2912 310 2965 in
349 2910 576 2966 crimine
599 2911 893 2980 praeferunt
932 2925 1026 2966 eos
1073 2911 1164 2980 qui
1202 2911 1466 2980 imagines
1515 2910 1821 2964 destruunt.

247 3003 478 3058 Constat
513 3003 658 3057 enim
705 3001 933 3070 majores
957 3017 1146 3056 eorum
1184 3001 1443 3071 imagines
1465 2999 1820 3064 destruxisse,

250 3103 309 3148 et
361 3093 654 3148 secundum
706 3108 894 3147 eorum
937 3093 1245 3162 Opinionem
1293 3091 1385 3160 qui
1433 3089 1696 3160 imagines
1732 3090 1825 3144 de-

247 3194 471 3241 struunt
492 3185 846 3241 Samaritanis
884 3184 1180 3240 deteriores
1221 3193 1364 3249 sunt,
1388 3192 1442 3238 et
1481 3183 1824 3244 Samaritani,

250 3284 316 3330 ut
366 3277 442 3330 illi
480 3277 651 3340 aiunt,
706 3277 957 3332 omnibus
997 3276 1264 3331 haereticis
1311 3275 1608 3330 deteriores
1651 3283 1825 3329 sunt:

249 3368 510 3423 omnibus
543 3367 726 3438 igitur,
770 3375 832 3421 ut
869 3367 948 3421 illi
992 3366 1259 3433 fatentur,
1291 3366 1560 3421 haereticis
1599 3365 1830 3431 majores

252 3469 447 3510 eorum
500 3455 795 3510 deteriores
865 3453 1049 3519 fuere,
1111 3471 1246 3525 quos
1315 3463 1526 3509 constat
1567 3455 1829 3523 imagines

250 3546 608 3600 destruxisse.
638 3545 774 3600 Nam
814 3546 943 3601 dum
994 3547 1122 3613 sint,
1178 3555 1238 3601 ut
1267 3547 1366 3617 ipsi
1396 3556 1725 3610 asseverant,
1758 3547 1828 3602 ab

251 3635 500 3690 omnium
552 3636 930 3692 haereticorum
985 3637 1341 3692 deterioribus
1387 3646 1479 3690 aut
1520 3652 1617 3707 per
1652 3639 1832 3692 carnis

253 3729 545 3784 materiam
570 3732 868 3801 propagati,
910 3740 1002 3785 aut
1040 3731 1094 3784 in
1127 3731 1525 3802 Scripturarum
1570 3730 1832 3799 dogmati-

251 3820 365 3873 bus
394 3819 626 3884 educati,
656 3829 752 3874 aut
806 3835 906 3890 per
945 3836 1137 3875 manus
1173 3821 1569 3890 impositionem
1611 3821 1679 3874 ad
1711 3836 1834 3891 per-

252 3910 466 3979 agenda
520 3908 840 3966 Christianaz
862 3911 1137 3983 religionis
1185 3913 1441 3984 mysteria
1492 3914 1788 3966 consecrati
1812 3952 1826 3976 ,

255 3999 568 4054 mirandum
597 4008 681 4055 est
705 4001 796 4071 qui
837 4016 897 4057 se
922 4001 1134 4057 caeteris
1157 4002 1436 4057 catholicis
1471 4002 1524 4055 in
1571 4004 1832 4056 constitu-

254 4089 498 4143 tionibus
531 4091 850 4145 exhibendis
875 4133 889 4155 ,
923 4100 978 4145 et
1003 4092 1270 4147 Ecclesia:
1310 4091 1686 4147 traditionibus
1725 4101 1836 4145 sta-

252 4178 475 4233 tuendis
494 4180 878 4236 eminentiores
918 4183 1244 4247 existiment,
1280 4191 1590 4252 tantamque
1624 4199 1682 4237 se
1707 4197 1834 4237 auc-

252 4267 498 4322 toritatis
541 4271 950 4340 praerogativam
999 4273 1200 4328 habere
1240 4272 1463 4341 jactent,
1518 4290 1640 4328 cum
1693 4275 1831 4329 hanc

1927 433 2318 490 surrectionem
2347 446 2644 504 spernunt,
2691 447 2748 492 et
2793 441 3037 509 exceptis
3083 443 3319 514 quinque
3363 447 3497 519 legis

1891 519 2078 588 ,libris
2123 537 2310 580 omnes
2355 523 2662 595 Scripturas
2700 536 2754 584 et
2787 529 2997 587 Veteris
3045 544 3099 588 et
3123 533 3256 590 Novi
3309 535 3497 592 Testa-

1925 613 2093 668 menti
2137 625 2480 686 postponunt.
2529 619 2665 674 Sunt
2727 629 2905 677 autem
2966 625 3206 695 reliquiae
3255 631 3494 700 gentium

1926 717 2061 770 quas
2107 704 2471 762 Sennacherib
2520 723 2614 762 rex
2668 710 3017 782 Assyriorum
3067 717 3252 772 decem
3315 722 3494 776 tribu-

1925 794 2026 848 bus
2072 795 2233 850 lsrael
2281 796 2335 850 in
2405 797 2585 854 Medos
2608 802 2903 870 translatis,
2963 806 3032 860 ad
3085 811 3493 868 custodiendam

1926 891 2124 939 terram
2169 886 2332 942 lsrael
2380 889 2545 944 misit.
2586 889 2684 957 Qui
2733 893 2859 947 dum
2893 895 3138 952 leonibus
3175 901 3496 972 caeterisque

1925 977 2174 1046 pessimis
2219 978 2347 1035 feris
2409 981 2493 1036 vel
2553 984 2872 1053 quibusdam
2928 989 3089 1042 rebus
3141 989 3496 1050 incommodis

1926 1066 1981 1121 in
2051 1075 2191 1122 terra
2249 1068 2412 1124 lsrael
2463 1079 2815 1138 vastarentur,
2889 1082 2944 1129 ct
2992 1075 3310 1146 legationem
3382 1084 3495 1153 regi

1928 1154 2167 1211 facerent
2211 1170 2270 1212 se
2324 1158 2378 1212 in
2415 1161 2600 1215 eadem
2656 1164 2872 1233 regione
2929 1167 3221 1233 perdurare
3271 1171 3494 1229 minime

1929 1247 2107 1301 valere
2135 1248 2238 1302 nisi
2284 1247 2520 1318 legitima
2565 1251 2660 1307 Dei
2699 1262 2856 1308 terra:
2891 1257 3242 1326 custodirent,
3273 1263 3492 1330 quidam

1928 1336 1995 1391 de
2039 1337 2215 1393 levitis
2271 1340 2342 1395 ad
2392 1356 2484 1396 eos
2515 1343 2665 1398 missi
2709 1344 2874 1402 fuisse
2924 1350 3494 1425 perhibentur,aqui-

1928 1427 2032 1482 bus
2080 1429 2213 1498 legis
2241 1433 2590 1489 caeremonias
2620 1436 2961 1493 docerentur.
3018 1442 3222 1508 Quibus
3247 1461 3315 1500 ex
3343 1457 3496 1520 parte

1929 1520 2194 1588 susceptis
2239 1530 2296 1574 et
2333 1522 2391 1576 in
2441 1523 2684 1591 pluribus
2733 1527 2999 1584 hmreseos
3052 1535 3298 1601 partibus
3333 1553 3494 1592 usur-

1930 1609 2093 1678 patis,
2131 1610 2262 1665 adeo
2299 1627 2485 1667 eorum
2533 1615 2763 1670 barbara
2789 1620 3060 1688 gentilitas
3085 1625 3263 1680 cordis
3286 1635 3494 1682 tumore

1807 1731 1812 1736 ς
1859 1693 1905 1752 Β
1933 1699 2114 1754 inﬂata
2166 1709 2272 1765 est,
2312 1710 2372 1755 ut
2416 1704 2725 1772 postpositis
2784 1705 3002 1775 Judaeis,
3057 1713 3151 1781 qui
3199 1715 3383 1784 utique
3430 1717 3496 1772 de

1925 1786 2090 1844 Jacoh
2125 1791 2364 1860 germine
2404 1794 2733 1860 processisse
2803 1801 3128 1866 credantur,
3184 1819 3243 1858 se
3289 1806 3494 1861 solum-

1926 1881 2085 1937 modo
2108 1882 2247 1939 ﬁlios
2291 1883 2458 1940 Jacob
2500 1902 2620 1942 esse
2650 1888 2967 1959 glorientur,
3002 1901 3161 1963 atque
3190 1896 3260 1950 ita
3287 1895 3498 1953 Iudaeo-

1928 1991 2049 2029 rum
2099 1979 2527 2034 communionem
2589 1980 2728 2035 sicut
2771 1990 2826 2036 et
2873 1993 3190 2041 ceterarum
3255 1991 3496 2058 gentium

1926 2086 2180 2140 spernere
2222 2071 2365 2128 fastu
2419 2074 2722 2142 impellente
2777 2086 3057 2147 cogantur.
3133 2080 3210 2134 De
3269 2096 3498 2151 quorum

1927 2161 2096 2231 stirpe
2155 2170 2275 2216 erat
2337 2162 2621 2220 Samaritis
2689 2164 2920 2231 femina,
2972 2184 3091 2238 quae
3153 2171 3220 2224 ad
3273 2181 3498 2240 puteum

1927 2253 2218 2310 Dominicis
2249 2255 2528 2326 colloquiis
2574 2259 2996 2323 communicans,
3035 2260 3180 2315 inani
3226 2261 3493 2332 jactantia

1927 2351 2137 2412 patrem
2176 2359 2332 2398 suum
2368 2343 2536 2401 Jacob
2588 2347 2680 2415 qui
2736 2346 2838 2401 sibi
2868 2356 3089 2417 puteum
3138 2349 3392 2416 dedisset,
3440 2361 3495 2405 et

1928 2433 2326 2504 redemptorem
2380 2436 2564 2490 mundi
2611 2452 2677 2491 eo
2747 2436 3004 2505 majorem
3059 2453 3167 2493 non
3217 2455 3337 2496 esse
3373 2458 3522 2496 cum-

1926 2540 2120 2596 magna
2172 2525 2543 2582 cervieositate
2604 2529 2896 2593 asserebat,
2950 2528 3290 2598 majoresque
3370 2547 3498 2587 suos

1928 2633 2034 2673 non
2097 2616 2500 2689 Hierosolymis,
2551 2619 2644 2674 sed
2674 2619 2729 2672 in
2756 2627 2936 2674 monte
2980 2621 3233 2676 adorasse
3263 2622 3494 2677 dicebat.

1928 2709 2100 2775 Quam
2125 2709 2554 2766 cervicositatem
2601 2710 2760 2765 simul
2791 2722 2913 2765 cum
2951 2711 3140 2782 hydria
3165 2720 3220 2766 et
3248 2713 3498 2767 incredu-

1929 2805 2080 2859 litate
2125 2807 2390 2874 deposuit,
2447 2814 2501 2861 et
2555 2806 2880 2863 salutaribus
2933 2807 3153 2862 monitis
3203 2806 3497 2876 acquievit.

1927 2894 2058 2962 Quae
2103 2897 2234 2966 quid
2277 2897 2471 2968 typicis
2525 2897 2762 2953 innuerit
2823 2899 3098 2968 mysteriis
3145 2900 3191 2954 si
3263 2899 3502 2953 breviter

1929 3003 2306 3058 exsequamur,
2378 3007 2487 3045 non
2535 3000 2618 3046 est
2675 2991 3088 3060 inconsequens.
3144 2993 3326 3047 Gessit
3373 3006 3502 3060 ergo

1933 3089 2119 3150 typum
2181 3083 2347 3136 totius
2419 3082 2638 3136 humani
2691 3083 2922 3153 generis,
2995 3084 3138 3153 quod
3189 3093 3502 3138 senescente

1925 3157 2040 3240 jam
2091 3172 2291 3226 mundo
2329 3172 2396 3226 ad
2439 3171 2724 3226 Dominum
2773 3173 2935 3237 venit,
2994 3174 3087 3243 qui
3144 3182 3296 3227 sexta
3317 3173 3503 3242 utique

1929 3267 2088 3314 aetate
2139 3261 2323 3315 mundi
2369 3262 2436 3316 ad
2488 3269 2708 3330 puteum
2760 3263 2918 3326 sedit,
2974 3263 3065 3330 qui
3116 3263 3300 3316 mundi
3344 3257 3505 3328 huius

1931 3360 2206 3405 terrenum
2236 3351 2475 3406 laborem
2514 3362 2568 3406 et
2605 3368 2845 3406 errorem
2895 3360 3176 3407 tenebrosa
3225 3352 3502 3420 profundi-

1934 3452 2041 3496 tate
2082 3443 2376 3512 signiﬁcat;
2434 3443 2589 3506 sedit,
2634 3443 2874 3512 inquam,
2920 3443 3274 3497 humilitatem
3323 3443 3499 3496 carnis

1931 3549 2027 3603 pro
2079 3534 2233 3587 nobis
2281 3541 2544 3602 susceptae
2583 3533 2858 3604 fatigatus,
2917 3533 3289 3588 inﬁrmitatem
3354 3531 3501 3600 ejus-

1930 3626 2051 3680 dem
2093 3627 2268 3680 carnis
2326 3625 2664 3697 significans,
2719 3626 2966 3696 quamvis
3045 3624 3150 3679 alio
3220 3625 3497 3680 intellectu

1931 3719 2102 3774 sessio
2126 3716 2242 3785 ejus
2271 3719 2565 3788 magisterii
2589 3726 2644 3773 et
2665 3719 2922 3773 doctrinm
2947 3716 3261 3788 dignitatem
3282 3719 3506 3774 demon-

1933 3819 2085 3865 stret.
2141 3811 2324 3865 Sitivit
2364 3827 2470 3865 non
2510 3820 2718 3866 tantum
2763 3827 2978 3882 aquam,
3029 3811 3124 3866 sed
3165 3811 3325 3865 ﬁdem
3374 3825 3506 3881 gen~

1932 3903 2067 3956 tium
2096 3901 2314 3956 haurire
2361 3903 2601 3972 cupiens.
2646 3902 2799 3958 Unde
2857 3912 2911 3955 et
2951 3901 3225 3972 discipulis
3273 3901 3505 3956 mandu-

1933 4008 2057 4048 care
2107 3993 2444 4048 bortantibus
2491 3993 2669 4048 cibum
2714 4009 2772 4048 se
2794 3994 2928 4048 dixit
2973 3995 3174 4048 habere
3219 4010 3378 4064 quem
3427 3994 3506 4049 illi

1933 4089 2222 4144 nescirent.
2270 4087 2496 4142 Sitiebat
2545 4103 2673 4158 ergo
2705 4087 2862 4144 ﬁdem
2903 4089 3181 4159 gentilium
3210 4099 3270 4142 ut
3306 4088 3510 4142 faceret

1933 4182 1987 4236 in
2038 4197 2101 4236 ea
2156 4181 2483 4236 voluntatem
2548 4180 2743 4247 Patris,
2782 4190 2837 4236 et
2875 4182 3161 4252 perliceret
3185 4197 3320 4251 opus
3364 4179 3504 4250 eius.

1933 4272 2184 4327 Promisit
2235 4288 2362 4343 ergo
2409 4289 2467 4328 se
2501 4273 2577 4327 illi
2631 4274 2881 4328 daturum
2925 4290 3118 4344 aquam
3149 4274 3344 4337 vivam,
3386 4272 3509 4342 Spi-

250 4371 358 4411 ωε
389 4358 585 4413 habere
624 4375 723 4415 nec
749 4362 1084 4431 propriorum
1107 4371 1318 4418 actuum
1353 4364 1466 4417 sive
1487 4365 1832 4418 documento-
1857 4386 1906 4448 ι)
1936 4363 2097 4416 ritum
2157 4363 2405 4418 videlicet
2437 4379 2596 4434 quem
2653 4365 2926 4435 accepturi
2964 4373 3117 4418 erant
3139 4364 3420 4418 credentes
3446 4363 3502 4418 in

249 4462 381 4502 rem
408 4449 681 4514 exercitia,
725 4465 826 4505 nec
864 4451 1126 4520 majorum
1172 4464 1391 4508 suorum
1438 4453 1676 4522 exempla
1699 4468 1826 4522 pro-

247 4539 408 4594 bent.
440 4537 575 4593 Nam
600 4540 645 4594 si
671 4541 758 4595 isti
783 4542 852 4596 ob
879 4542 1171 4612 imaginum
1192 4544 1561 4599 adorationem
1581 4544 1831 4599 omnibus

248 4633 537 4691 catholicis
559 4636 878 4706 praeferendi
905 4649 1048 4706 sunt,
1079 4639 1192 4710 jam
1225 4657 1333 4697 non
1379 4643 1433 4696 in
1460 4643 1701 4698 Ecclesia
1724 4643 1830 4698 vir-

245 4735 434 4781 tutum
456 4737 769 4796 sectatores,
807 4732 902 4787 sed
926 4733 1218 4801 imaginum
1255 4735 1567 4791 adoratores
1595 4737 1832 4791 eminen-

243 4818 450 4872 tiorem
484 4817 660 4874 locum
697 4822 992 4890 tenebunt;
1024 4832 1081 4879 et
1113 4825 1157 4878 si
1196 4826 1486 4895 imaginum
1519 4826 1832 4882 adoratores

243 4910 396 4965 intra
422 4919 663 4967 sanctam
685 4913 981 4969 Ecclesiam
1017 4916 1424 4971 eminentiorem
1477 4916 1653 4971 locum
1685 4925 1834 4972 tene-

243 5002 410 5064 bunt,
429 4999 542 5068 jam
562 5018 669 5058 non
684 5003 993 5072 virtutibus,
1019 5007 1112 5062 sed
1138 5008 1411 5062 erroribus
1437 5018 1520 5062 est
1537 5009 1828 5063 utendum:

240 5087 338 5146 e'st
379 5100 557 5147 autem
585 5095 890 5161 virtutibus,
917 5113 1023 5152 non
1069 5099 1345 5153 erroribus
1395 5100 1690 5164 utendum;
1723 5115 1831 5153 non

241 5181 416 5251 igitur
444 5181 528 5236 isti
553 5183 620 5237 ob
638 5184 932 5255 imaginum
953 5188 1319 5243 adorationem
1358 5190 1608 5245 omnibus
1645 5191 1832 5245 catho-

242 5269 372 5322 licis
425 5268 741 5339 praeferendi
804 5283 949 5330 sunt.
1006 5276 1326 5331 Samaritani
1374 5293 1641 5346 namque,
1699 5294 1834 5348 quos

240 5358 330 5412 illi
381 5359 568 5415 dicunt
609 5364 858 5419 omnibus
891 5365 1157 5420 haereticis
1206 5361 1541 5430 deteriores,
1570 5382 1672 5422 non
1709 5378 1835 5423 sunt

241 5448 489 5503 hmretici
540 5450 966 5508 Christianorum
999 5497 1012 5520 ,
1073 5456 1166 5510 sed
1217 5455 1520 5512 Judzeorum
1567 5499 1580 5523 ,
1626 5473 1726 5514 nec
1776 5475 1833 5514 se

242 5552 450 5591 novum
484 5539 920 5609 Testamentum,
979 5545 1071 5599 sed
1104 5545 1268 5600 Vetus
1326 5554 1509 5602 tenere
1552 5547 1828 5613 fatentur;

241 5629 503 5698 quicum
550 5632 718 5692 Judaei
763 5637 1207 5694 resurrectionem
1253 5653 1536 5708 corporum
1578 5641 1829 5698 credant.

1931 4469 2076 4509 eum.
2131 4454 2277 4509 Dixit
2323 4469 2452 4526 ergo
2509 4471 2629 4510 eam
2668 4458 2904 4526 quinque
2950 4457 3096 4510 viros
3150 4455 3423 4517 habuisse,
3452 4455 3506 4513 id

1928 4553 2043 4612 est,
2091 4546 2328 4616 quinque
2377 4549 2683 4604 carnalibus
2755 4549 3001 4604 sensibus
3069 4563 3222 4602 usam
3299 4545 3500 4610 fuisse,

1929 4646 1986 4693 et
2031 4653 2247 4692 sensum
2275 4655 2433 4709 quem
2462 4640 2691 4695 tandem
2747 4642 2969 4695 haberet
3000 4655 3106 4708 quo
3136 4639 3352 4695 Christo
3388 4656 3504 4696 cre-

1933 4727 2108 4785 ditura
2160 4741 2297 4796 erat,
2383 4748 2507 4788 cum
2556 4748 2663 4802 quo
2711 4733 3009 4802 legitimum
3057 4742 3240 4800 posset
3304 4734 3506 4788 habere

1931 4818 2276 4886 connubium,
2317 4821 2430 4892 jam
2457 4839 2560 4878 non
2584 4838 2737 4876 suum
2764 4837 2883 4876 esse
2909 4840 2922 4875 :
2952 4838 3076 4875 nam
3105 4830 3160 4876 et
3186 4829 3306 4893 post
3351 4821 3509 4892 quin-

1931 4925 2034 4982 quc
2078 4913 2322 4969 carnales
2353 4913 2724 4982 responsiones
2753 4922 2904 4967 sexta
2954 4913 3307 4982 responsione
3333 4913 3503 4966 nomi-

1931 5012 2026 5056 nat
2045 5000 2341 5057 Christum.
2373 5002 2549 5057 Prima
2578 5017 2807 5073 namque
2835 5002 2952 5072 ejus
2975 5005 3251 5073 responsio
3275 5013 3356 5058 est
3389 5021 3400 5057 :
3428 5003 3506 5058 Tu

1933 5108 2050 5146 cum
2097 5097 2166 5149 sis
2194 5094 2432 5157 Judams,
2465 5095 2722 5165 quomodo
2750 5113 2781 5150 a
2810 5114 2891 5150 me
2919 5097 3086 5151 bibere
3104 5098 3274 5167 petis?
3301 5097 3506 5152 Secun-

1933 5184 2043 5239 da:
2081 5183 2321 5248 Domine,
2378 5199 2538 5254 neque
2591 5186 2939 5240 hauritorium
2995 5187 3153 5242 habes
3202 5197 3250 5242 et
3324 5199 3509 5259 puteus

1935 5272 2069 5327 altus
2116 5285 2188 5328 est
2203 5291 2221 5338 ;
2247 5275 2403 5329 tertia
2436 5293 2447 5328 :
2482 5276 2722 5342 Domine,
2748 5278 2817 5330 da
2859 5279 2986 5332 mihi
3027 5279 3167 5332 hanc
3223 5295 3410 5351 aquam
3454 5289 3510 5334 ut

1935 5380 2094 5436 neque
2135 5365 2331 5428 sitiam,
2382 5382 2543 5436 neque
2599 5368 2800 5421 veniam
2830 5369 2929 5422 hic
2973 5370 3228 5434 haurire;
3279 5382 3508 5442 quarta:

1937 5455 2061 5509 Non
2102 5457 2264 5510 habeo
2319 5458 2527 5522 virum;
2585 5461 2810 5528 quinta:
2853 5459 3009 5515 Vileo
3064 5465 3187 5534 quia
3259 5467 3510 5538 prapheta

1935 5563 1986 5599 es
2015 5563 2031 5599 :
2070 5556 2242 5616 patres
2265 5548 2428 5600 nostri
2454 5549 2506 5601 in
2528 5561 2696 5603 monte
2726 5550 2822 5604 hoc
2844 5552 3190 5623 adoraverunt
3214 5553 3503 5626 (Μαίων),

1938 5651 2061 5690 nam
2087 5636 2186 5691 ista
2234 5639 2511 5707 responsio
2554 5641 2784 5696 carnalis
2839 5651 2941 5699 est.
3001 5643 3319 5702 Carnalibus
3354 5648 3500 5702 enim
