4016 6292
522 283 665 344 U99

1415 272 1474 325 Β.
1516 266 1767 323 (ἷᾹΒΟῙιΙ
1805 259 2020 316 ΜᾹΕΝῘ
2062 256 2215 314 ΟΡΡ.
2258 255 2437 310 PARS
2470 256 2535 312 ll.
2582 252 2825 309 SECTIO
2866 253 2929 307 ll.

3658 255 3786 309 {200

524 400 682 455 datus
728 396 903 450 fuerat
946 393 1100 446 locus
1153 396 1400 442 terrenus
1450 384 1542 437 ubi
1579 386 1821 443 orarent,
1878 391 1986 432 non
2028 381 2088 429 ut
2122 374 2170 435 Α
2196 370 2397 425 tabulis
2426 369 2594 440 digito
2652 367 2872 424 Domini
2925 364 3191 435 scriptum
3225 365 3313 429 sit,
3343 373 3402 420 et
3429 365 3511 455 ab,
3541 365 3791 437 Apostolo

525 492 702 545 locum
735 494 828 549 aut
870 498 982 538 rem
1013 480 1248 549 aliquam
1295 476 1350 529 in
1396 488 1461 528 eo
1495 471 1729 544 positam
1778 467 2092 528 adorarent,

525 584 619 639 sed
645 581 699 637 in
756 578 947 635 eodem
992 574 1108 629 loco
1136 570 1423 625 adorarent
1469 563 1774 626 Dominum,
1826 556 2097 629 spiritales

525 683 706 731 autem
745 672 800 728 in
846 668 1037 739 spiritu
1079 672 1135 720 et
1189 661 1439 720 veritate.
1498 656 1689 713 nonin
1749 650 2095 722 imaginibus,

524 782 634 823 non
692 765 745 820 in
784 760 1027 833 picturis,
1097 772 1205 810 non
1259 755 1315 809 in
1345 752 1507 806 rebus
1568 763 1730 804 sensu
1789 742 2099 799 carentibus

448 898 463 905 -
522 860 772 915 oraturos
792 852 1049 909 Dominus
1102 846 1257 903 dixit.
1306 844 1461 911 Quod
1501 847 1859 911 posteaquam
1883 835 2096 889 loeutus

523 959 624 1016 est,
675 953 824 1004 sexta
853 939 1095 998 mulieris
1136 934 1413 1005 responsio
1437 930 1714 987 Christum
1754 926 1953 980 fatetur
1978 938 2096 1016 om-

524 1012 672 1097 nium
719 1038 946 1092 istorum
1015 1044 1135 1086 esse
1184 1028 1479 1083 doctorem.
1540 1020 1682 1075 Dicit
1735 1016 1878 1073 enim
1921 1028 1937 1068 :
1974 1012 2098 1068 Scio

519 1120 769 1193 quoniam
819 1114 1037 1169 Messias
1087 1110 1221 1164 venit
1275 1106 1365 1177 qui
1426 1103 1619 1156 dicitur
1665 1098 1942 1160 Christus;
1972 1110 2091 1147 cum

512 1189 736 1275 uenerit,
765 1208 873 1278 ipse
899 1200 1229 1258 annuntiabit
1260 1196 1404 1252 nobis
1438 1193 1633 1249 omnia.
1667 1190 1774 1245 Sed
1802 1189 1977 1243 adhuc
2015 1201 2101 1240 er-

523 1309 628 1368 rat,
674 1299 799 1370 quia
846 1311 970 1351 cum
1033 1306 1194 1362 quem
1252 1294 1537 1342 venturum
1604 1289 1807 1351 sperat,
1888 1278 2099 1332 venisse

523 1408 632 1450 non
677 1390 841 1454 videt,
888 1385 980 1456 qui
1009 1397 1163 1437 error
1198 1376 1568 1435 misericordia
1597 1372 1812 1429 Domini
1843 1369 2096 1433 dicentis,

524 1484 638 1555 Ego
703 1497 819 1536 sum
868 1479 959 1550 qui
1002 1486 1173 1529 tecum
1224 1471 1429 1541 loquor,
1478 1474 1734 1535 tanquam
1773 1462 1984 1517 adulter
2005 1476 2100 1515 ex-

521 1552 756 1646 pellitur.
797 1569 914 1637 Quo
970 1566 1152 1622 audito
1208 1561 1341 1617 nihil
1390 1555 1692 1629 respondit,
1748 1555 1859 1619 sed,
1912 1552 2099 1609 relicta

522 1645 734 1740 hydria,
801 1660 1096 1733 cupiditate
1141 1654 1389 1710 videlicet
1437 1658 1599 1719 atque
1676 1662 1862 1740 amore
1916 1645 2100 1740 saeculi

2199 461 2433 531 primum
2455 460 2765 516 mandatum
2783 458 3110 513 nominetur.
3130 456 3225 511 Ait
3245 456 3390 511 enim
3417 470 3433 509 :
3462 454 3691 511 Honora
3709 476 3794 529 ps-

2158 580 2168 594 -
2201 560 2331 605 trem
2353 559 2401 604 et
2438 561 2673 613 matrem,
2712 548 2938 619 quodest
2977 546 3289 601 mandatum
3324 547 3561 617 primum
3592 547 3652 600 in
3684 566 3789 618 pro-

2202 640 2443 694 missione
2489 638 2701 710 (Ephes.
2743 636 2840 708 v1),
2906 636 2960 691 in
3011 652 3072 691 ea
3123 636 3372 691 videlicet
3436 637 3801 704 promissione

2201 744 2306 799 qua
2363 736 2543 784 statim
2589 726 2817 795 subjecit
2850 741 2865 780 :
2895 735 2951 780 ut
3000 727 3072 780 sis
3126 725 3389 797 lonngus
3420 741 3585 796 super
3613 736 3796 779 terrm

2202 829 2249 874 et
2298 819 2421 874 bene
2468 820 2561 872 tibi
2589 819 2677 873 sit.
2726 817 3281 872 Animadvertendum
3309 831 3444 871 sane
3470 825 3563 871 est
3587 826 3799 887 quanta-

2202 910 2309 965 sint
2365 907 2744 973 damnationis,
2797 908 2889 977 qui
2916 916 3172 977 parentes
3219 907 3485 964 conviciis
3522 909 3789 978 lacerant,

2202 1009 2296 1055 aut
2355 1000 2795 1054 anathematibus
2858 1007 3232 1065 exsecrantur,
3284 1014 3412 1053 cum
3488 1000 3637 1054 tanti
3692 1001 3796 1055 sint

2202 1089 2401 1154 meriti,
2449 1095 2761 1159 tantamque
2792 1088 3270 1158 repromissionem
3300 1088 3569 1155 habeant,
3592 1089 3688 1159 qui
3712 1106 3798 1145 eos

2196 1177 2348 1247 juxta
2401 1179 2693 1233 Dominicte
2737 1177 2884 1232 vocis
2926 1177 3223 1248 imperium
3293 1177 3593 1233 honorant.
3661 1178 3800 1247 Quo-

2202 1272 2347 1325 niam
2387 1279 2589 1340 quanto
2637 1285 2731 1325 eos
2776 1270 2866 1339 qui
2905 1268 3032 1324 huic
3072 1276 3347 1341 praecepto
3385 1279 3586 1341 parent
3602 1273 3801 1341 optima

2202 1359 2471 1415 demulcet
2525 1358 2831 1430 promissio,
2885 1367 3037 1414 tanto
3086 1359 3206 1414 illos
3248 1360 3341 1430 qui
3386 1361 3573 1415 eidem
3618 1362 3799 1418 Domi-

2204 1451 2327 1505 nico
2386 1450 2611 1520 imperio
2687 1450 3040 1516 reluctantur,
3098 1449 3449 1507 formidolosa
3522 1450 3802 1508 deterrere

2205 1542 2363 1598 debet
2429 1541 2722 1597 damnatio.
2791 1540 2848 1594 In
2902 1539 3147 1596 Levitico
3207 1556 3425 1611 quoque
3494 1543 3797 1598 scribitur:

2208 1632 2576 1705 Unusquisque
2616 1642 2816 1703 patrem
2859 1649 3013 1687 suum
3062 1641 3111 1687 et
3159 1642 3378 1688 matrem
3427 1651 3584 1690 suam
3623 1636 3799 1689 timeat

523 1722 683 1828 huius
720 1722 839 1825 'quo
872 1722 987 1806 ἐςὼί
1031 1745 1277 1802 homines
1307 1744 1372 1798 de
1413 1741 1696 1795 tenebrosa
1734 1734 2099 1808 profunditate

2206 1722 2388 1795 (Latii.
2422 1722 2571 1795 XIX);
2620 1725 2673 1778 in
2719 1723 3105 1779 Ecclesiastieo
3154 1738 3369 1794 quoque
3425 1725 3495 1780 de
3527 1726 3798 1781 honorata.

520 1859 578 1906 et
623 1857 838 1905 terrena
868 1838 1276 1899 conversatione
1298 1833 1557 1889 hauriunt
1595 1830 1949 1899 voluptatem,
1995 1842 2100 1897 qua

522 1947 774 2012 percepta
824 1938 999 1993 denuo
1042 1933 1098 1988 in
1171 1928 1288 1999 ejus
1340 1925 1638 1996 appetitum
1714 1921 2097 1983 inardescunt,

525 2011 666 2092 sient
712 2033 917 2089 dictum
977 2035 1105 2082 est:
1148 2023 1224 2079 De
1270 2037 1408 2092 aqua
1454 2016 1549 2071 illa
1596 2016 1686 2086 qui
1730 2013 1912 2068 biberit
1964 2011 2102 2066 sitiet

522 2129 715 2181 iterum
747 2138 766 2178 :
799 2121 869 2176 Iit
900 2120 956 2174 in
976 2117 1251 2176 civitatem,
1303 2108 1427 2179 quia
1460 2105 1710 2161 videlicet
1735 2101 1935 2158 mundo
1960 2115 2103 2170 prte-

525 2213 725 2272 dicavit
761 2208 905 2282 quod
943 2204 1189 2267 credidit,
1238 2198 1398 2255 corde
1443 2194 1673 2251 credens
1713 2192 1781 2247 ad
1814 2189 2100 2282 justitiam,

525 2321 621 2364 ore
681 2281 961 2361 conﬁtens
994 2298 1063 2353 ad
1109 2296 1359 2352 salutem.
1417 2286 1565 2360 Quia
1622 2302 1751 2357 ergo
1788 2282 1950 2354 paulo
1986 2281 2104 2335 lon-

523 2399 644 2470 gius
688 2411 722 2451 a
774 2409 834 2452 re
897 2389 1177 2463 proposita
1224 2386 1452 2459 digressi
1511 2396 1717 2446 sumus,
1788 2375 1856 2432 ad
1903 2388 2102 2447 propo-

523 2491 690 2547 situm
736 2487 913 2543 denuo
956 2490 1314 2538 revertamur.
1358 2472 1687 2533 Samaritani
1714 2482 1953 2539 namque.
1976 2480 2101 2521 cum

525 2581 635 2639 sint
680 2578 929 2652 gentiles,
989 2583 1044 2631 et
1106 2573 1230 2629 licte
1266 2569 1603 2626 Judaismum
1656 2572 1838 2619 tenere
1885 2556 2104 2652 videan-

524 2681 634 2737 tur,
683 2646 789 2725 non
839 2665 1068 2737 amplius
1110 2661 1325 2719 caeteris
1373 2655 1663 2714 incredulis
1707 2658 1894 2709 contra
1919 2646 2104 2704 Eccle-

524 2762 661 2819 siam
737 2757 927 2815 saevire
974 2760 1303 2817 noscuntur,
1359 2764 1496 2821 quos
1536 2745 1753 2817 quidem
1830 2739 1919 2796 isti
1975 2737 2103 2793 dum

522 2851 812 2909 haereticos
839 2846 1270 2906 Christianorum
1304 2848 1517 2914 putent,
1560 2837 1917 2905 omnibusque
1936 2832 2106 2886 haere-

526 2944 647 3001 ticis
692 2941 983 3012 nequiores
1005 2936 1336 3000 existiment,
1397 2933 1629 3002 quadam
1679 2928 1759 2984 eis
1813 2923 2102 2981 clementia

525 3035 727 3098 favent,
773 3046 898 3101 cum
930 3027 1163 3097 majores
1188 3039 1315 3080 suos
1344 3024 1401 3078 in
1426 3022 1664 3092 nequitia
1686 3018 1791 3074 illis
1813 3014 2100 3089 praeferen-

526 3126 627 3180 dos
660 3136 780 3178 esse
838 3121 1173 3191 perdocent:
1200 3129 1310 3170 non
1347 3112 1494 3169 enim
1536 3118 1621 3167 est
1645 3108 1891 3166 omnium
1928 3107 2104 3162 deter-

525 3215 716 3280 rimus,
789 3211 877 3268 cui
916 3210 974 3267 in
1012 3208 1169 3280 culpa
1212 3205 1352 3263 alius
1395 3204 1622 3276 quilibet
1671 3201 1946 3257 invenitur
1965 3212 2106 3270 prae-

528 3304 806 3363 ferendus.
1784 3296 1791 3307 ”

1150 3400 1397 3466 ὈΑΡΗΤ
1426 3407 1537 3464 VII.

526 3551 607 3606 De
662 3565 723 3606 eo
749 3621 753 3622 ν
779 3549 918 3622 quod
945 3557 1139 3622 quanto
1176 3542 1615 3622 plura_e:c_empla
1660 3538 2026 3622 ntereticorum

595 3607 850 3691 imagines
877 3607 1229 3690 spérnentiuin
1284 3613 1361 3691 vel
1393 3607 1805 3691 despiciendam
1857 3607 2099 3691 tranant,

597 3679 742 3762 tanto
771 3679 1008 3762 parentes
1048 3704 1171 3741 suos
1213 3679 1514 3762 majoribus
1539 3679 1782 3735 conviciis
1821 3687 1867 3731 et
1891 3679 2104 3757 injuriis

596 3746 1090 3828 inhonbrant,‘quos
1141 3746 1323 3828 procul
1377 3753 1535 3808 dubio
1576 3766 1754 3805 eorum
1775 3761 2022 3818 sequaces
2048 3746 2105 3799 in

556 3848 565 3853 ’
597 3832 695 3884 liae
751 3838 899 3900 parte
936 3825 1101 3899 fuisse
1133 3825 1467 3897 proﬁtentur.

554 4028 557 4035 η
599 3965 1009 4023 Vetustissimos
1069 3980 1177 4021 non
1244 3963 1416 4019 solum
1459 3959 1902 4033 philosophorum
1925 3997 1942 4023 ,
2011 3954 2105 4011 sed

530 4042 694 4113 etiam
729 4064 1006 4112 oratorum
1063 4070 1179 4111 mos
1223 4062 1323 4119 est,
1376 4068 1501 4109 cum
1545 4051 1751 4122 aliquid
1800 4049 2103 4120 approbare

529 4148 717 4214 velint,
758 4154 851 4201 aut
877 4146 931 4200 in
961 4146 1077 4215 ipso
1125 4145 1340 4214 negotio
1398 4144 1464 4198 de
1520 4158 1629 4212 quo
1668 4141 1866 4210 agitur,
1914 4147 2007 4193 aut
2034 4154 2103 4194 ex

531 4243 693 4301 rebus
750 4237 890 4304 aliis,
953 4244 1048 4291 aut
1095 4243 1242 4290 certe
1294 4221 1633 4305 extrinsecus
1690 4229 1981 4302 probandae
2028 4230 2105 4283 rei

530 4329 1047 4406 argumentationem
1097 4339 1390 4381 assumere.
1446 4323 1593 4392 Quos
1619 4322 1708 4378 isti
1736 4322 1863 4378 dum
1894 4321 1949 4375 in
2002 4335 2105 4375 cce—

531 4427 664 4509 teris
704 4422 972 4496 imperitia
1018 4418 1408 4476 interveniente
1444 4416 1595 4486 sequi
1646 4420 2019 4477 contemnunt,
2048 4410 2103 4466 in
2133 4427 2185 4488 ι)

530 4504 635 4577 hac
665 4514 922 4571 nimirum
973 4517 1125 4581 parte
1148 4507 1299 4578 sequi
1342 4505 1560 4561 omnino
1604 4504 1949 4566 contendunt,
1978 4517 2101 4557 cum

529 4594 940 4682 prodecessores
998 4602 1112 4658 sive
1154 4608 1408 4671 parentes
1477 4612 1604 4653 suos
1674 4598 1742 4652 ob
1808 4594 2103 4665 imaginum

505 4688 903 4772 abolitionem,
942 4702 1036 4748 aut
1076 4708 1144 4747 ex
1191 4691 1309 4762 ipso
1362 4688 1595 4761 negotio,
1625 4695 1719 4741 aut
1755 4685 1971 4741 aliunde
2011 4691 2104 4739 ant

531 4789 871 4847 extrinsecus
912 4788 1226 4854 argumenta
1255 4786 1529 4836 sumentes
1552 4777 1809 4831 damnare
1837 4781 2101 4838 statuunt,

530 4890 586 4939 et
634 4875 892 4935 conviciis
955 4874 1211 4934 lacerare,
1290 4866 1724 4924 anathematibus
1797 4877 2100 4927 exsecrare,

506 4949 892 5039 iusanissimis
917 4963 1099 5021 verbis
1138 4961 1461 5016 inhonorare
1502 4973 1609 5012 non
1643 4962 1908 5019 metuunt,
1935 4969 2106 5024 quan-

532 5072 694 5138 toque
743 5059 897 5131 plura
940 5052 1296 5126 quorumdam
1344 5049 1721 5105 haereticorum
1757 5044 2003 5117 exempla
2050 5047 2105 5100 in

536 5134 901 5207 testimonium
935 5144 1175 5208 trahunt,
1245 5152 1476 5208 quorum
1518 5142 1625 5207 eos;
1658 5152 1917 5207 sequaces
1938 5134 2104 5191 fuisse

532 5242 869 5314 profitentur,
904 5243 1053 5291 tanto
1081 5241 1136 5288 et
1165 5247 1259 5288 eos
1281 5229 1615 5302 gravioribus
1642 5227 2106 5284 exsecrationibus

534 5332 804 5395 abdicant,
840 5336 977 5385 etse
1020 5324 1217 5383 divinis
1236 5323 1453 5379 monitis
1497 5337 1617 5393 quae
1657 5319 1974 5391 parentibus
2005 5319 2105 5374 ho-

536 5436 722 5479 norem
766 5418 1182 5489 impendendum
1250 5416 1527 5481 sanciunt,
1572 5410 1842 5469 contraire
1891 5410 2106 5465 demou-

537 5519 728 5570 strant.
769 5508 1008 5576 Honora,
1064 5508 1236 5578 inquit
1269 5506 1545 5571 Dominus,
1601 5513 1802 5574 patrem
1854 5511 2002 5555 tuum
2056 5508 2105 5552 et

537 5614 755 5659 matrem
776 5611 942 5668 tuam,
983 5609 1040 5654 ut
1061 5600 1183 5655 bene
1202 5600 1267 5654 sit
1288 5598 1381 5652 tibi
1411 5595 1608 5667 (Exod.
1650 5593 1765 5665 xx).
1796 5592 1950 5661 Quod
1978 5590 2100 5662 qui-

544 5698 665 5754 dem
706 5700 1030 5767 praeceptum
1077 5699 1225 5747 tanta
1274 5690 1594 5746 auctoritate
1619 5689 1781 5757 viget,
1839 5694 1896 5741 ut
1935 5692 1990 5739 et
2048 5683 2101 5738 in

2203 1815 2288 1870 dis
2309 1815 2623 1886 parentibus
2674 1814 2937 1869 scribitur
2969 1832 2982 1867 :
3015 1812 3121 1880 Qui
3151 1814 3375 1869 honorat
3416 1824 3623 1886 patrem
3645 1830 3799 1870 sum

2207 1906 2433 1979 longiori
2494 1908 2599 1962 vita
2660 1908 2830 1971 vivet;
2891 1915 2940 1959 et
2990 1906 3079 1976 qui
3109 1906 3323 1959 obaudit
3365 1916 3592 1975 patrem,
3646 1906 3799 1975 refri-

2206 2008 2352 2070 gerat
2398 2009 2643 2065 matrem,
2672 2008 2720 2052 et
2766 2000 2919 2070 quasi
2966 1995 3222 2052 Dominus
3275 1998 3458 2051 serviet
3501 1998 3586 2052 Itis
3627 2000 3721 2069 qui
3746 2016 3800 2052 se

2208 2099 2605 2162 generavcrunt,
2658 2091 2715 2144 in
2759 2106 2917 2167 opere
2933 2098 2979 2143 et
3011 2105 3247 2143 sermone
3271 2098 3320 2143 et
3349 2089 3492 2142 omni
3514 2090 3794 2160 patientia,

2212 2194 2262 2239 et
2309 2183 2595 2238 benedictio
2648 2184 2763 2254 ejus
2805 2183 2861 2236 in
2908 2182 3182 2237 nouissimo
3222 2191 3399 2236 manet
3442 2181 3643 2253 (Eecli.
3687 2186 3798 2253 nt).

2204 2276 2339 2332 Item
2386 2275 2442 2329 in
2469 2273 2853 2330 Ecelesiastico
2885 2292 2897 2327 :
2932 2272 3062 2339 Fili,
3112 2274 3312 2328 sustine
3337 2283 3602 2330 senectam
3627 2277 3799 2346 patris

2206 2367 2304 2433 tui,
2347 2375 2395 2420 et
2426 2382 2530 2420 non
2577 2367 2848 2420 contristes
2878 2381 2996 2421 eum
3038 2365 3095 2419 in
3137 2366 3248 2421 vita
3292 2365 3456 2435 ipsius
3487 2380 3507 2419 :
3532 2375 3582 2419 et
3629 2366 3680 2420 si
3710 2365 3803 2421 de-

2203 2458 2316 2527 ﬁcit
2368 2473 2559 2524 sensu,
2611 2456 2681 2510 da
2727 2457 2951 2523 ueniam,
3001 2465 3050 2511 et
3093 2473 3156 2511 ne
3197 2473 3414 2529 spernas
3458 2473 3577 2512 aut
3600 2458 3661 2511 in
3706 2466 3799 2511 tu

2205 2549 2413 2604 uirtute.
2466 2547 2591 2603 Non
2650 2556 2725 2603 est
2769 2547 2865 2602 tibi
2909 2547 3099 2620 gloria,
3150 2549 3241 2604 sed
3276 2552 3542 2620 confusio.
3594 2549 3799 2605 Doctor

2204 2643 2369 2697 etiam
2398 2643 2640 2713 gentium
2689 2640 2866 2697 dicit:
2918 2624 3068 2705 Filii,
3103 2641 3654 2714 obediteparentibus
3702 2660 3802 2714 per

2205 2733 2419 2802 omnia,
2476 2732 2574 2786 hoc
2614 2732 2751 2787 enim
2794 2731 2960 2803 placet
3008 2731 3233 2786 Domino
3284 2731 3501 2804 (Ephes.
3566 2732 3675 2804 γι).
3734 2733 3800 2791 Si

2210 2825 2357 2881 enim
2383 2824 2644 2880 honorem
2673 2823 3004 2893 impendere,
3047 2822 3161 2879 sive
3202 2822 3424 2878 obedire
3470 2823 3805 2894 parentibus

2206 2915 2317 2971 Deo
2371 2913 2568 2986 placet,
2609 2913 2852 2970 convicia
2892 2913 2973 2969 eis
2998 2921 3052 2969 et
3105 2914 3507 2969 exsecrationes
3543 2915 3805 2984 ingerere

2208 3005 2385 3059 modis
2435 3004 2686 3059 omnibus
2733 3002 3021 3073 displicet;
3076 3010 3132 3058 et
3172 3002 3220 3058 si
3264 3002 3321 3057 id
3353 3018 3459 3058 non
3515 3003 3800 3075 displicet.

2132 3068 2178 3130 (ἶ
2207 3110 2381 3166 neque
2426 3095 2559 3151 illud
2607 3068 3024 3166 placet.—Grave
3086 3109 3218 3166 ergo
3270 3103 3327 3149 et
3369 3068 3795 3150 formidolosum

2205 3199 2293 3248 est
2333 3198 2586 3260 parentes
2627 3204 2737 3245 non
2792 3189 3095 3254 honorare;
3151 3188 3535 3258 gravissimum
3561 3203 3704 3243 vero
3732 3197 3794 3245 et

2204 3280 2767 3336 formidolosissimum
2808 3266 2903 3335 eos
2956 3278 3275 3344 abominari,
3323 3286 3418 3333 aut
3469 3279 3805 3336 anathema-

2206 3373 2393 3435 tizare,
2446 3370 2658 3426 dicente
2687 3368 2912 3424 Domino
2938 3383 2957 3422 :
2987 3366 3090 3434 Qui
3132 3366 3460 3430 maledizerit
3504 3367 3651 3437 patri
3674 3384 3800 3432 sua,

2204 3469 2299 3514 aut
2344 3460 2506 3514 matri
2558 3475 2691 3524 sum,
2750 3467 2917 3513 morte
2966 3459 3226 3511 moriatur
3286 3455 3486 3527 (Exod.
3537 3456 3658 3529 xxi)
3698 3465 3803 3513 :et

2205 3549 2421 3614 iterum,
2469 3547 2782 3603 Hatedictus
2825 3548 3001 3613 homo,
3045 3548 3136 3618 qui
3180 3562 3286 3601 non
3320 3546 3658 3616 'ltonoriﬁcat
3702 3564 3802 3619 pa-

2206 3650 2337 3696 trem
2378 3657 2553 3706 suum,
2605 3648 2697 3695 aut
2745 3648 2965 3695 matrem
3007 3656 3181 3707 suam,
3223 3648 3272 3694 et
3306 3637 3443 3693 dicet
3476 3640 3648 3694 omnis
3695 3658 3801 3712 po-

2204 3730 2382 3802 pulus,
2412 3728 2563 3794 Fiat,
2614 3729 2710 3798 ﬁat
2741 3728 2922 3801 (Deut.
2978 3730 3172 3800 xxv").
3222 3728 3280 3784 In
3312 3729 3627 3785 Proverbiis
3651 3746 3801 3801 quo-

2204 3838 2313 3892 que
2357 3821 2658 3878 scribitur:
2688 3819 2792 3886 Qui
2848 3819 3115 3875 maledicit
3152 3821 3317 3891 patri.
3354 3837 3453 3875 suo
3519 3831 3570 3876 et
3612 3824 3801 3889 matri,

2207 3914 2565 3984 exstinguetur
2594 3910 2807 3969 lucema
2839 3911 2956 3981 ejus
3002 3911 3060 3965 in
3103 3910 3291 3967 mediis
3337 3911 3567 3966 tenebris
3604 3911 3796 3983 (Prae.

2207 4004 2320 4075 xx).
2375 4003 2509 4058 Item
2570 4002 2687 4057 ibi:
2738 4000 2844 4067 Qui
2885 3999 3085 4072 repellit
3129 4010 3331 4071 patrem
3369 4017 3529 4055 suum
3581 4011 3629 4055 et
3680 4018 3799 4056 ιιι-

2206 4107 2335 4151 trem
2371 4109 2542 4159 suam,
2591 4100 2641 4147 et
2688 4091 2911 4147 aestimat
2945 4106 3000 4145 se
3035 4106 3137 4144 non
3183 4106 3421 4160 peccare,
3478 4091 3568 4145 hic
3611 4093 3794 4161 partio

2208 4205 2323 4259 ceps
2363 4197 2437 4242 est
2484 4184 2776 4255 viroimpio
2818 4182 2999 4255 (Prov.
3042 4184 3262 4255 xxvm).
3310 4183 3467 4239 Unde
3511 4183 3797 4240 sciendum

2209 4288 2313 4345 est,
2359 4293 2468 4333 non
2511 4290 2607 4332 eos
2632 4290 2752 4330 esse
2793 4274 3084 4330 mediocris
3127 4273 3373 4341 insanias,
3426 4274 3520 4344 qui
3567 4290 3669 4346 pro
3705 4290 3797 4330 re-

2210 4373 2312 4426 bus
2355 4383 2517 4425 sensu
2568 4365 2881 4423 carentibus
2937 4365 2995 4419 in
3033 4362 3270 4433 majores
3319 4379 3451 4420 suos
3502 4364 3795 4421 maledicta

2207 4474 2313 4514 non
2330 4456 2726 4528 pertimescunt
2754 4468 3067 4525 congerere,
3111 4463 3166 4509 et
3191 4453 3318 4509 dum
3337 4452 3668 4525 imaginibus
3692 4470 3795 4510 vo—

2206 4551 2325 4605 lunt
2360 4549 2557 4613 favere,
2586 4561 2689 4602 nec
2716 4552 2967 4616 parentes
3010 4545 3401 4615 pertimescunt
3437 4546 3791 4608 inhonorae,

2207 4658 2310 4699 nec
2353 4638 2551 4697 divinis
2607 4637 2843 4695 oraculis
2899 4637 3190 4693 contraire.
3242 4635 3354 4693 Nos
3393 4637 3621 4707 quidem
3670 4638 3793 4692 haec

2206 4733 2469 4799 dicentes,
2524 4745 2633 4787 non
2699 4728 2915 4785 illorum
2964 4727 3259 4798 majoribus
3315 4727 3590 4795 favemus,
3653 4744 3794 4800 quos

2208 4824 2264 4880 in
2334 4824 2439 4879 hoc
2499 4835 2713 4892 quoque
2760 4818 2979 4891 negotio
3026 4819 3258 4874 absurde
3301 4819 3484 4890 egisse
3523 4819 3795 4892 comperi-

2210 4928 2351 4978 mus,
2402 4911 2497 4968 sed
2547 4917 2747 4980 quanta
2786 4907 2859 4963 sit
2904 4907 3134 4963 istorum
3180 4910 3556 4978 praesumptio,
3603 4908 3658 4964 in
3708 4917 3795 4964 ta-

2211 5002 2353 5058 libus
2423 5001 2571 5057 ausis
2619 4998 2816 5054 divinae
2873 4997 3008 5068 legis
3070 4997 3396 5055 testimoniis
3451 5001 3781 5058 demonstra-

2213 5107 2352 5148 mus.
3609 5098 3615 5102 ’

2630 5190 2657 5217 ο
2855 5176 3084 5252 CAPUT
3114 5196 3246 5266 vm.

2212 5293 2289 5346 De
2308 5308 2367 5346 eo
2399 5289 2537 5361 quod
2580 5286 2864 5361 secundum
2900 5285 3152 5340 Demetrii
3185 5287 3396 5341 diacom‘
3444 5290 3661 5355 dictum,
3702 5292 3793 5345 iu-

2286 5356 2434 5415 caute
2470 5368 2533 5429 et
2596 5356 2927 5429 inordinate,
2987 5365 3229 5425 parentes
3303 5373 3489 5429 eorum
3545 5370 3788 5429 egerunt,

2283 5432 2415 5485 duos
2458 5428 2632 5499 libros
2677 5427 3068 5499 inargentatos,
3113 5441 3174 5481 eo
3218 5428 3359 5499 quod
3413 5427 3662 5499 quiddam
3717 5431 3789 5484 de

2281 5498 2593 5581 imaginibus
2618 5498 2675 5551 in
2699 5494 2779 5571 liis
2800 5494 3162 5576 continebatur
3186 5494 3541 5554 comburentes
3587 5508 3636 5553 et
3657 5499 3792 5555 alte-

2281 5586 2391 5624 rius
2434 5568 2553 5623 libr:
2602 5566 2708 5621 duo
2760 5562 2888 5635 folia
2934 5565 3302 5635 prwctderunt.

2281 5587 2391 5624 rtus
2434 5587 2553 5623 twn
2602 5587 2708 5621 auo
2761 5587 2888 5624 tona
2934 5587 3302 5624 prwcraerum.

2281 5683 2416 5740 Cum
2474 5682 2531 5737 in
2560 5687 2750 5737 neutra
2778 5687 2934 5750 parte
2971 5679 3331 5755 moderamen:
3368 5681 3646 5747 habentes,
3686 5694 3775 5737 ne
