4016 6292
235 332 353 391 ISOI

1000 329 1170 383 LIBRI
1209 324 1569 383 CAROLINI.
1612 354 1683 365 —-
1720 322 1940 379 CAPIT.
1982 325 2069 380 DE
2104 324 2292 381 IMAG.
2330 357 2401 368 —
2438 326 2567 381 LIB.
2612 328 2696 381 IV.

3344 327 3364 379 I
3376 325 3479 381 202

228 467 327 522 que
345 450 435 506 isti
455 446 679 503 rationis
698 451 1066 509 coerceantur,
1088 459 1260 515 neque
1285 442 1495 519 illorum
1516 441 1792 512 prodeces-
1819 442 1870 499 Α
1896 438 2079 494 illicita
2107 441 2455 508 sublimatus;
2489 442 2595 498 illis
2614 443 2980 501 auferentibus
3006 444 3147 511 quod
3172 442 3401 499 habebat
3423 455 3478 499 et

227 557 372 598 seres
397 539 618 599 coerciti
664 536 829 593 fuisse
869 536 1169 592 credantur.
1188 536 1438 600 habenis,
1467 536 1558 589 sed
1581 534 1797 603 utrique

226 633 605 689 convincantur
625 644 724 699 per
736 629 960 697 abrupta
974 636 1028 682 et
1040 627 1180 681 invia
1196 627 1325 682 ferri
1335 626 1564 682 eIl‘renes
1591 642 1797 681 rerum-

223 739 325 793 que
334 720 723 793 prohibitarum
734 725 787 773 et
802 715 1046 787 proiectu
1061 716 1359 771 carentium
1374 714 1649 785 sequaces,
1667 717 1795 771 dum

222 816 269 870 vi
278 812 639 881 delicet,.sicut
648 810 840 865 crebro
848 807 962 877 jam
972 806 1172 861 dictum
1185 815 1286 871 est,
1303 806 1391 861 isti
1404 806 1664 878 imagines
1675 822 1734 861 su
1739 823 1795 877 p-

218 902 429 973 pliciter
449 892 707 954 censeant
733 897 979 963 adorare,
1007 896 1083 950 iIli
1096 897 1457 966 impatienter
1486 896 1793 952 censuerint

217 991 482 1062 frangere,
504 996 565 1045 ut
588 988 893 1043 Demetrius
914 1002 1101 1041 eorum
1133 987 1390 1042 diaconus
1416 987 1491 1042 ait
1523 1003 1538 1041 :
1568 987 1790 1043 Incaute

212 1093 260 1136 et
285 1081 581 1137 inordinate
605 1080 741 1132 inter
781 1087 967 1132 cwtera
1009 1087 1244 1148 egerunt,
1272 1076 1404 1132 duos
1431 1077 1589 1132 libros
1644 1079 1788 1133 inar-

210 1184 443 1247 gentatos
468 1189 528 1227 eo
562 1159 701 1244 quod
748 1169 990 1241 quadam
1034 1171 1089 1224 in
1138 1170 1211 1224 eis
1246 1170 1544 1241 imaginum
1589 1172 1784 1225 mentio

210 1268 487 1322 haberetur
498 1257 874 1327 comburentes,
902 1271 951 1316 et
976 1260 1190 1316 alterius
1219 1262 1339 1316 libri
1376 1262 1480 1316 duo
1502 1262 1633 1333 folia
1652 1280 1788 1334 prte-

208 1358 457 1422 eioentes,
498 1354 654 1425 quasi
702 1368 810 1408 non
853 1352 1012 1407 aliter
1062 1352 1357 1422 imaginum
1383 1353 1553 1423 possit
1580 1354 1786 1409 mentio

206 1448 348 1514 ﬂeri,
375 1446 480 1503 nisi
523 1445 772 1515 protinus
818 1452 1143 1505 censeantur
1193 1445 1427 1500 adorari.
1474 1445 1610 1500 Nam
1658 1446 1784 1501 dum

204 1540 385 1595 nullus
411 1537 841 1607 recipiendorum
865 1530 1110 1592 codicum
1132 1536 1217 1592 vel
1256 1538 1493 1593 tenuiter
1521 1538 1782 1608 imagines

201 1630 431 1686 adorare
453 1635 786 1699 percenseat,
828 1627 883 1681 in
910 1626 1156 1699 pluribus
1181 1635 1363 1682 tamen
1385 1627 1598 1683 illarum
1626 1643 1779 1682 men-

202 1721 283 1777 tio
302 1718 694 1790 quodammodo
724 1714 815 1772 Iit.
836 1715 939 1785 Qui
969 1718 1014 1772 si
1038 1732 1231 1773 omnes
1260 1718 1312 1772 in
1342 1719 1538 1788 quibus
1565 1718 1778 1774 illarum

1904 528 2102 585 habere
2129 532 2408 598 debuerat,
2458 534 2883 605 incompetenter
2927 533 3138 599 amisit,
3179 534 3296 590 istis
3323 535 3476 589 exhi-

1901 622 2153 679 beutibus
2177 640 2296 694 quae
2314 641 2417 680 nec
2443 626 2677 682 habebat
2704 641 2806 682 nec
2836 627 3036 683 habere
3060 612 3361 694 debuerat,
3395 627 3477 682 in-

1901 724 2298 784 eonsequenter
2319 717 2636 786 acquisivit;
2669 718 2762 788 qui
2808 733 2910 774 nec
2933 733 3032 788 pro
3058 718 3183 774 ullis
3229 718 3476 775 instanti-

1897 802 2000 859 bus
2027 805 2197 875 culpis
2243 806 2370 863 folia
2402 809 2657 878 perdidit,
2704 824 2805 865 nec
2833 825 2935 880 pro
2978 812 3298 881 quibusdam
3339 812 3476 868 insi-

1897 895 2092 964 gnibus
2120 898 2331 954 meritis
2358 900 2727 956 adorationem
2772 902 3007 967 invenit,
3035 912 3093 959 et
3133 912 3336 972 quanto
3364 920 3475 959 me—

1897 985 2005 1039 ruit
2043 995 2189 1042 recte
2215 988 2402 1043 habita
2452 991 2720 1056 amittere,
2772 1000 2924 1048 tanto
2974 994 3229 1049 nimirum
3277 996 3475 1050 meruit

1896 1075 2122 1133 inhibita
2143 1081 2442 1149 acquirere.
2462 1083 2837 1154 Nunquidnam
2852 1102 3041 1143 omnes
3063 1087 3254 1161 libriin
3277 1088 3473 1160 quibus

1894 1179 2026 1219 auro
2047 1178 2336 1238 argentove
2359 1170 2444 1225 vel
2472 1172 2636 1245 etiam
2656 1173 2986 1243 quibuslibet
3004 1174 3275 1231 coloribus
3303 1176 3472 1231 histo-

1893 1257 1988 1312 riae
2022 1259 2167 1314 inter
2204 1261 2500 1331 scripturas
2526 1264 2754 1334 pictoria
2775 1275 2894 1322 arte
2915 1266 3133 1323 inserta:
3162 1278 3316 1335 sunt,
3344 1269 3470 1338 quia
3499 1298 3510 1310 -

1892 1348 2154 1423 imagines
2181 1352 2402 1419 habent,
2445 1364 2537 1410 aut
2565 1358 2633 1413 ab
2673 1358 2779 1413 illis
2818 1367 2946 1414 sunt
2974 1363 3324 1418 comburendi
3354 1363 3469 1419 sive

1890 1437 2238 1508 prtecidendi,
2272 1451 2365 1498 aut
2394 1446 2463 1500 ab
2490 1445 2610 1502 istis
2637 1447 2848 1504 colendi
2873 1451 2987 1506 sive
3015 1453 3309 1508 adorandi?
3332 1453 3469 1511 Nun-
3534 1494 3541 1502 η

1889 1529 2144 1597 quidnam
2166 1533 2355 1605 seriem
2383 1535 2495 1590 sive
2517 1539 2883 1605 quarumlibet
2898 1544 3247 1598 materiarum
3266 1553 3468 1612 vestes,

1888 1618 2000 1673 sive
2026 1619 2185 1687 pallia
2216 1622 2467 1680 humanis
2496 1626 2683 1683 usibus
2707 1639 2833 1699 apta
2870 1639 2963 1686 aut
3003 1632 3202 1690 divinis
3227 1635 3462 1693 cultibus

1886 1709 2209 1780 mancipata,
2261 1710 2450 1782 ﬁguris
2498 1716 2822 1785 quibusdam
2887 1722 3136 1778 decorata
3190 1727 3463 1797 variisque

201 1812 409 1868 mentio
446 1811 537 1876 sit,
564 1809 916 1865 comburendi
944 1816 1088 1874 sunt,
1113 1809 1282 1864 multa
1314 1825 1533 1881 prorsus
1552 1810 1777 1879 scriptu-

1884 1799 2154 1857 coloribus
2179 1800 2377 1868 fucata,
2412 1820 2476 1860 eo
2523 1808 2667 1876 quod
2701 1808 2961 1881 imagines
3011 1814 3231 1881 habent,
3262 1793 3468 1874 aut—ab

197 1917 388 1958 rarum
418 1901 775 1956 instrumenta
797 1900 1071 1969 peribunt.
1114 1898 1356 1955 Primum
1393 1914 1624 1969 namque
1652 1915 1785 1953 uua-

193 1978 425 2062 quzeque
444 2006 532 2046 res
553 1988 828 2060 probanda
871 1998 975 2055 est,
1006 1998 1061 2044 et
1088 1996 1274 2060 postea
1296 1987 1603 2057 judicanda.
1631 1987 1784 2055 Quod

192 2098 323 2138 cum
347 2081 593 2152 pluribus
621 2080 737 2137 sive
761 2080 1064 2135 divinarum
1111 2081 1225 2135 sive
1254 2081 1653 2137 mundanarum
1700 2080 1780 2135 Ie-

190 2189 325 2244 gum
374 2172 634 2242 exemplis
686 2172 860 2241 possit
908 2170 1217 2241 approbari,
1277 2171 1517 2240 ipsorum
1566 2184 1781 2241 quoque

190 2267 479 2323 rhetorum
508 2264 844 2321 documentis
868 2271 1048 2334 potest
1073 2263 1265 2327 astrui,
1297 2264 1387 2333 qui
1413 2263 1645 2332 primum
1689 2279 1781 2335 ge-

188 2375 298 2414 nus
324 2363 618 2428 posuerunt
656 2355 1086 2422 deliberativum,
1111 2355 1403 2410 secundum
1446 2355 1781 2410 demonstra-

190 2451 392 2514 tivum,
428 2449 645 2505 tertium
666 2446 940 2518 iudiciale,
970 2456 1031 2503 ut
1056 2446 1309 2502 videlicet
1342 2445 1605 2516 quidquid
1643 2444 1777 2500 deli-

195 2540 414 2595 beratio
441 2547 534 2595 aut
572 2534 937 2603 abnuendum,
987 2545 1080 2592 aut
1124 2540 1455 2608 sequendum
1495 2536 1778 2607 repererit,

186 2630 583 2687 demonstratio
628 2630 684 2685 id
733 2635 830 2685 aut
874 2629 1169 2696 laudabile,
1212 2636 1305 2683 aut
1355 2628 1779 2698 reprehensibile

184 2723 550 2791 demonstret,
576 2720 852 2791 iudiciale,
902 2728 999 2776 aut
1033 2721 1228 2791 pomis,
1260 2729 1357 2776 aut.
1377 2720 1613 2790 praemiis
1648 2736 1774 2776 sen-

184 2800 420 2868 tentiam
444 2809 541 2869 det
566 2825 583 2866 :
613 2826 684 2868 ne
723 2812 771 2868 si
797 2824 907 2867 non
923 2811 1176 2881 iudiciale
1204 2813 1321 2867 haec
1348 2813 1454 2868 duo
1496 2813 1776 2882 sequentia

181 2918 392 2976 genera
422 2903 749 2974 praecedant,
774 2903 947 2959 versis
976 2904 1029 2958 in
1059 2903 1390 2959 contrarium
1431 2903 1610 2959 causis
1644 2902 1775 2958 deli-

178 2994 488 3050 berationis
534 2994 779 3051 examine
806 2994 1129 3065 praeposito,
1169 2995 1641 3050 demonstrationis
1681 3010 1773 3051 or-

178 3085 318 3144 dine
346 3086 609 3158 neglecto,
632 3085 914 3142 aliter-res
952 3087 1206 3157 quaelibet
1249 3100 1408 3156 quam
1430 3084 1637 3155 justum
1686 3094 1770 3142 est

175 3177 478 3249 iudicetur.
509 3164 570 3232 In
602 3177 854 3233 omnibus
876 3176 1068 3249 .igitur
1096 3180 1259 3233 rebus
1312 3176 1610 3234 moderatio
1656 3177 1771 3232 sive

176 3268 541 3325 mediocritas
559 3269 807 3325 habenda
828 3276 930 3333 est,
960 3278 1016 3323 et
1030 3269 1292 3325 memoria
1320 3269 1664 3324 retinendum
1688 3275 1772 3323 est

177 3359 324 3416 illud
351 3358 797 3430 philosophieum,
832 3359 916 3414 Ne
933 3360 1059 3431 quid
1088 3360 1242 3415 nimis
1269 3374 1432 3430 :qua:
1472 3360 1774 3415 moderatio

174 3448 529 3522 probationis
547 3464 760 3520 semper
780 3450 1042 3506 societate
1066 3450 1350 3506 mulcenda
1372 3459 1472 3505 est.
1492 3449 1609 3505 Non
1628 3451 1772 3506 enim

170 3545 262 3599 ait
283 3544 574 3614 Apostolus
604 3561 623 3599 ε
656 3543 848 3600 Omnia
881 3543 1072 3616 absque
1095 3545 1451 3600 moderatione
1489 3552 1537 3598 et
1582 3543 1773 3614 absque

168 3637 495 3709 probatione
516 3637 829 3703 comburite;
860 3635 974 3701 sed,
1003 3635 1214 3701 Omnia,
1241 3636 1435 3707 inquit,
1461 3634 1695 3705 probate,
1723 3642 1771 3689 et

165 3728 330 3799 quod
354 3727 544 3781 bonum
573 3736 648 3783 est
689 3728 901 3781 retinete
933 3725 987 3799 (ἕ
1012 3725 1163 3781 Thes.
1189 3727 1267 3799 v).

804 3842 1031 3901 CAPUT
1067 3842 1160 3898 IX.

166 3956 263 4011 De
286 3973 359 4029 eo
398 3956 536 4029 qugd
573 3958 628 4011 in
652 3956 995 4029 eodemrlibro
1016 3957 1071 4011 in
1096 3957 1289 4013 tabulis
1321 3960 1578 4029 argenteis
1606 3959 1771 4013 Leon-

251 4027 368 4080 tius
387 4025 421 4080 a
446 4025 655 4081 Secreta
689 4028 943 4097 imagines
977 4044 1192 4083 cernens
1235 4025 1595 4083 acutissimum
1619 4038 1665 4081 et
1690 4029 1773 4083 in-

249 4097 675 4168 geniosissimus
718 4098 802 4151 sui
840 4098 1032 4151 erroris
1072 4097 1474 4153 emolumentum
1514 4101 1771 4155 invenisse

248 4165 518 4237 gloriatus
550 4176 647 4221 est.

249 4278 319 4333 In
344 4292 412 4334 eo
431 4278 660 4349 denique
681 4278 841 4345 libro,
872 4279 928 4334 in
952 4294 1061 4349 quo
1085 4280 1192 4337 duo
1219 4280 1346 4335 folia
1383 4281 1453 4336 ob
1480 4282 1770 4352 quamdam

159 4367 491 4437 lmaginum
516 4368 847 4424 mentionem
874 4369 929 4423 in
965 4384 1153 4425 eorum
1190 4371 1371 4440 priore
1400 4371 1609 4441 synodo
1652 4387 1771 4448 qyae

1884 1890 1992 1946 illis
2018 1902 2142 1947 sunt
2176 1897 2591 1962 concremanda,
2622 1908 2715 1953 aut
2742 1901 2811 1956 ab
2838 1901 2956 1958 istis
2985 1904 3291 1960 adoranda?
3316 1906 3466 1963 Nun-

1884 1981 2139 2050 quidnam
2169 1985 2387 2039 metalla
2436 1986 2550 2043 sive
2596 1988 2736 2058 ligna
2782 1991 3116 2061 quibuslibet
3144 1994 3466 2054 utilitatibus

1883 2068 2112 2126 formata
2139 2113 2155 2138 ,
2202 2088 2266 2128 eo
2308 2076 2451 2145 quod
2505 2078 2799 2148 sculptorio
2854 2082 2939 2137 vel
2985 2084 3149 2138 etiam
3197 2084 3469 2144 caelatorio

1882 2175 2046 2231 opere
2077 2164 2398 2233 quibusdam
2448 2168 2779 2239 imaginibus
2827 2172 3177 2241 decorantur,
3223 2178 3346 2234 ideo
3377 2189 3469 2235 aut

1882 2253 1949 2307 ab
1975 2252 2080 2309 illis
2107 2256 2468 2313 comburenda
2492 2269 2584 2313 aut
2632 2260 2949 2332 frangenda,
2982 2277 3077 2323 aut
3104 2268 3172 2323 ab
3196 2269 3316 2325 istis
3339 2280 3467 2327 sunt

1882 2343 2190 2423 adoranda?
2235 2347 2425 2403 Infelix
2473 2366 2627 2407 mens
2656 2369 2776 2423 qua:
2821 2370 3037 2427 semper
3077 2369 3169 2415 aut
3210 2362 3266 2417 in
3307 2377 3465 2420 exse-

1880 2434 2116 2502 crandis,
2163 2446 2258 2492 aut
2305 2454 2337 2494 e
2381 2442 2652 2497 contrario
2703 2444 2758 2500 in
2803 2447 3091 2505 aderandis
3137 2450 3463 2524 imaginibus

1879 2534 2090 2581 aestuat.
2120 2526 2308 2583 lnfeli'x
2339 2546 2549 2598 sensus,
2574 2534 2668 2603 qui
2697 2549 2911 2608 semper
2939 2538 2995 2593 in
3021 2540 3336 2599 abdicandis
3376 2559 3461 2600 re-

1878 2618 1980 2673 bus
2005 2634 2128 2688 qua:
2152 2620 2269 2676 sine
2315 2622 2611 2681 offensione
2644 2626 2833 2684 haberi
2863 2612 3085 2699 queunt,
3135 2640 3190 2689 et
3237 2636 3355 2691 sine
3381 2638 3462 2692 of-

1879 2705 2127 2766 fensione
2189 2711 2405 2768 adorari
2459 2726 2751 2785 nequeunt,
2818 2720 3054 2777 anhelat.
3093 2722 3283 2781 Infelix
3334 2742 3463 2784 con-
3520 2776 3525 2781 .

1877 2802 2108 2858 suetudo
2138 2819 2259 2873 qure
2300 2796 2697 2865 mediocritatis
2722 2818 2874 2869 recto
2905 2817 3121 2873 tramite
3148 2830 3459 2891 aspernata,

1876 2892 2039 2947 ﬁxam
2072 2902 2261 2950 tenere
2287 2899 2529 2969 regulam
2552 2902 2816 2971 nesciens,
2842 2904 2949 2961 huc
2978 2906 3210 2979 illucque
3249 2925 3463 2982 semper

1874 2985 2184 3042 nutabunda
2233 2988 2534 3046 deflectitur
2557 3033 2572 3058 ,
2624 2996 2785 3052 modo
2844 2996 3150 3058 inordinate
3203 3006 3462 3063 abdicans

1876 3075 2021 3144 quod
2070 3091 2415 3155 nequaquam
2448 3090 2533 3137 est
2586 3084 2969 3155 abdicandum,
3019 3092 3179 3148 modo
3228 3092 3461 3151 infauste

1876 3165 2108 3221 adorans
2158 3169 2301 3237 quod
2344 3186 2452 3225 non
2504 3181 2586 3228 est
2616 3176 2834 3244 penitus
2888 3180 3250 3251 adorandum;
3303 3186 3462 3242 modo

1874 3254 2016 3313 ultra
2065 3274 2227 3328 quam
2260 3260 2393 3316 ordo
2434 3264 2602 3336 exigit
2667 3284 2781 3324 rem
2832 3256 3057 3329 minime
3105 3273 3460 3344 dejiciendani

1874 3346 2077 3416 dejicit,
2126 3353 2286 3407 modo
2324 3353 2464 3419 ultra
2517 3372 2676 3426 quam
2706 3362 2839 3418 ordo
2886 3367 3145 3434 exposcit.
3184 3384 3297 3425 rem
3350 3386 3457 3428 non

1875 3437 2100 3493 nimium
2141 3442 2503 3501 extollendam
2546 3449 2775 3516 extollit,
2831 3460 2893 3509 et
2935 3456 3098 3511 rebus
3131 3461 3456 3517 necessariis

1873 3528 2105 3595 omissis,
2134 3532 2295 3587 rebus
2338 3550 2444 3589 non
2493 3540 2812 3597 necessariis
2835 3542 3063 3611 instans,
3104 3553 3200 3603 aut
3224 3549 3293 3605 ob
3321 3551 3454 3605 ima-

1873 3619 2059 3689 ginum
2082 3623 2430 3682 abolitionem
2462 3637 2555 3685 aut
2579 3629 2649 3685 ob
2685 3647 2871 3689 earum
2894 3636 3285 3708 adorationem,
3309 3644 3452 3711 quod

1875 3723 2161 3785 utrumque
2185 3733 2310 3773 'non
2352 3721 2620 3787 convenit,
2662 3726 2896 3795 synodos
2945 3741 3201 3803 aggregat
3226 3773 3241 3798 ,
3296 3736 3448 3803 quasi

1873 3803 2194 3860 Christianae
2238 3808 2484 3881 religioni
2542 3821 2635 3867 aut
2682 3815 2735 3868 in
2786 3817 3052 3884 habendo,
3103 3828 3195 3875 aut
3251 3822 3305 3877 in
3343 3840 3450 3880 non

1873 3895 2148 3951 adorando
2177 3899 2444 3968 quoddam
2470 3902 2677 3970 possint
2705 3904 2894 3964 aﬂ'erre
2925 3908 3450 3979 praejudieium,cum

1873 3986 2125 4042 videlicet
2158 3989 2424 4061 imagines
2452 3993 2585 4048 nihil
2623 3996 2669 4050 si
2706 4012 2813 4052 non
2856 3998 3123 4056 habentur
3167 4002 3450 4076 derogant,

1876 4077 2006 4132 nihil
2042 4079 2087 4134 si
2137 4080 2405 4137 habentur
2436 4095 2757 4158 prorogant,
2786 4104 2909 4145 eum
2966 4102 3144 4149 tamen
3195 4095 3456 4152 abdicata:

1875 4172 2161 4238 quamdam
2192 4174 2464 4232 incautam
2497 4178 2771 4236 levitatem
2794 4181 3042 4252 aIl‘erant,
3066 4186 3303 4243 adorata
3327 4204 3453 4247 vero

1876 4265 2090 4334 culpam
2129 4267 2367 4325 inurant.

1896 4361 1915 4385 “’
2482 4362 2709 4421 CAPUT
2766 4366 2829 4420 Χ.

157 4455 591 4566 ἰθὺ-ειὶίοιεηὰεε.
617 4458 882 4566 imagines
908 4470 1059 4531 gesta
1100 4471 1181 4565 est
1197 4503 1212 4529 ,
1261 4463 1486 4566 praecisa
1512 4464 1764 4566 .fuerant,
1798 4506 1850 4566 Β
1877 4463 2029 4530 Quod
2053 4467 3082 4566 mlqufaggeliimlezetioimitarique";
3098 4479 3449 4566 94.409an

155 4547 534 4605 trahebantur
576 4549 630 4604 in
683 4549 880 4605 tabulis
909 4554 1180 4622 argenteis
1222 4553 1465 4624 quaedam
1510 4554 1771 4626 imagines

152 4642 331 4696 sicut
356 4640 411 4694 in
441 4639 676 4695 vasculis
714 4641 828 4697 sive
868 4642 925 4697 in
969 4642 1214 4713 pluribus
1261 4645 1421 4700 rebus
1471 4646 1655 4701 haberi
1684 4662 1771 4701 so-

154 4735 319 4795 Iunt,
345 4746 482 4801 quas
511 4732 563 4785 in
593 4732 828 4788 secunda
879 4726 1320 4806 eorumsynodo
1365 4750 1485 4805 quae
1530 4752 1629 4806 pro
1676 4739 1770 4793 ad-

153 4819 410 4876 erandis
433 4820 758 4891 imaginibus
787 4831 1074 4894 aggregata
1097 4832 1201 4888 est,
1222 4840 1347 4880 mox
1371 4833 1431 4880 ut
1457 4825 1713 4882 Leontius
1739 4844 1769 4883 a

150 4909 414 4967 Secreta
459 4908 757 4982 conspexit,
790 4908 1045 4984 maguum
1097 4930 1157 4969 se
1198 4917 1279 4971 sui
1319 4916 1524 4972 erroris
1562 4918 1769 4975 emolu-

155 5009 434 5057 mentum
456 5003 726 5059 invenisse
747 5000 978 5075 putavit,
1002 5022 1203 5077 eosque
1242 5008 1466 5079 insignis
1490 5009 1657 5067 fuisse
1683 5012 1771 5066 de-

152 5094 410 5149 mentite
430 5092 708 5162 judicavit,
739 5112 770 5149 a
798 5097 996 5165 quibus
1042 5097 1098 5152 in
1125 5098 1314 5154 eodem
1344 5100 1481 5155 libro
1507 5102 1597 5154 ubi
1640 5102 1773 5156 ima-

156 5187 350 5257 gines
393 5196 582 5252 erant,
631 5189 702 5243 ob
757 5188 1053 5259 imaginum
1104 5191 1433 5249 mentionem
1487 5193 1594 5248 duo
1645 5193 1771 5248 folia

155 5278 436 5334 abscissa
461 5277 627 5335 fuisse
667 5281 951 5351 cognovit;
1004 5280 1189 5351 sicque
1217 5282 1355 5337 idem
1381 5282 1518 5338 liber
1554 5299 1651 5352 per
1697 5284 1773 5338 in-

155 5369 420 5424 ten-valla
470 5360 773 5441 temporum
824 5372 990 5427 variis
1032 5373 1312 5427 eventibus
1357 5372 1771 5442 disparibusque

156 5457 375 5515 modis
396 5468 453 5513 et
478 5461 547 5515 ab
576 5460 685 5515 illis
733 5470 818 5516 est
863 5470 1086 5531 propter
1115 5461 1409 5532 imaginum
1440 5462 1769 5519 mentionem

162 5548 402 5605 abscidi
424 5536 715 5618 judicatus,
744 5559 797 5607 et
825 5553 893 5607 ab
934 5551 1052 5607 istis
1079 5561 1300 5622 propter
1346 5552 1607 5624 imagines
1653 5570 1771 5624 quae

160 5640 538 5696 habebantur
564 5642 618 5697 in
651 5643 848 5698 tabulis
889 5643 1103 5698 adorari
1140 5642 1353 5713 jussus;
1386 5646 1455 5700 ab
1484 5645 1590 5700 illis
1616 5644 1771 5701 folio-

164 5750 317 5789 rum
345 5731 620 5801 jacturam
645 5734 841 5805 injuste
878 5748 1186 5806 perpessus,
1215 5736 1283 5792 ab
1310 5735 1426 5792 istis
1457 5737 1770 5793 adoratione

2191 4540 2468 4611 imaginem
2497 4544 2719 4611 misisse,
2747 4556 2803 4599 ut
2830 4547 2908 4601 illi
2933 4548 3147 4605 dicunt.

1944 4630 2284 4702 Evangeliam
2309 4642 2394 4689 est
2418 4636 2617 4692 bonum
2646 4640 2915 4705 nuntium,
2940 4648 2995 4696 et
3034 4655 3222 4697 revera
3247 4643 3445 4698 bonum

1872 4722 2140 4789 nuntium,
2171 4725 2425 4794 quoniam
2454 4727 2546 4797 qui
2587 4728 2640 4783 id
2663 4728 2961 4798 suscipiunt
2986 4729 3107 4785 Filii
3129 4730 3224 4787 Dei
3252 4746 3448 4787 vocan-

1873 4821 1978 4866 tur.
2006 4811 2105 4868 Est
2145 4814 2291 4870 enim
2343 4817 2518 4872 amnis
2552 4816 2883 4886 quadriﬂuus
2930 4819 2999 4875 ab
3043 4835 3151 4875 uno
3192 4820 3445 4876 ineti'abili

1872 4902 2115 4959 Paradisi
2138 4902 2285 4960 fonte
2310 4921 2644 4978 progressus,
2674 4915 2728 4961 et
2754 4908 2809 4962 in
2838 4917 3069 4979 quatuor
3096 4925 3282 4966 amnes
3311 4911 3449 4967 insin

1872 4995 2050 5064 guiter
2074 4995 2371 5063 derivatus,
2399 5007 2452 5051 et
2480 4998 2548 5053 ad
2586 4998 2792 5054 arentia
2828 5001 2991 5055 corda
3041 5001 3311 5073 irriganda
3361 5018 3447 5057 sa-

1873 5085 2100 5143 lubriter
2122 5088 2370 5143 emissus.
2400 5088 2496 5143 Est
2524 5090 2610 5144 via
2632 5106 2752 5161 quae
2786 5092 2933 5150 ducit
2952 5098 3020 5150 ad
3045 5094 3232 5159 vitam,
3253 5101 3335 5150 est
3355 5094 3445 5150 lux

1873 5198 1903 5236 a
1926 5181 2162 5238 tenebris
2183 5181 2437 5237 vitiorum
2460 5184 2742 5251 reducens,
2782 5194 2837 5241 et
2862 5186 3121 5243 inoffenso
3142 5188 3275 5249 calle
3298 5203 3443 5257 gres-

1873 5286 1966 5327 sus
1994 5271 2299 5327 mortalium
2323 5272 2388 5326 ad
2416 5272 2653 5329 cmlcstia
2680 5276 2932 5347 dirigens.
2952 5277 3046 5333 Est
3075 5279 3224 5335 urbis
3258 5277 3444 5334 floren-

1874 5364 2098 5420 tissima:
2122 5364 2536 5427 munimentum,
2554 5366 2608 5421 in
2640 5382 2747 5437 quo
2768 5368 2997 5425 firmiter
3026 5377 3168 5425 stare
3192 5377 3442 5441 praestan-

1874 5456 2139 5511 tissimum
2172 5456 2294 5512 vitae
2321 5456 2738 5516 emolumentum
2758 5502 2773 5525 ,
2817 5477 2847 5515 a
2890 5478 2998 5532 quo
3023 5463 3271 5518 recedere
3300 5463 3442 5533 peri-

1873 5547 2264 5603 culosissimum
2303 5548 2684 5605 detrimentum
2711 5560 2813 5606 est.
2848 5553 2984 5608 Sunt
3022 5552 3219 5610 ﬂuenta
3250 5554 3421 5610 verita

1873 5644 1963 5707 tis,
1993 5659 2114 5714 qua:
2137 5643 2322 5700 fallere
2359 5642 2578 5715 fallique
2610 5647 2877 5712 nesciunt,
2906 5648 2959 5703 in
2989 5664 3217 5719 quorum
3248 5648 3435 5703 vastis-

1873 5735 2026 5792 simis
2077 5735 2325 5792 amnibus
2370 5752 2494 5793 cum
2530 5738 2685 5808 plura
2717 5739 3118 5798 Dominicorum
3169 5747 3434 5813 gestoruu:
