4016 6292
563 320 707 379 1205

1466 319 1527 372 B.
1563 315 1812 387 cauom
1849 278 2065 371 MAGNI
2092 282 2253 367 iorr.
2293 313 2473 370 rans
2508 315 2571 370 ιι.
2614 314 2858 371 suam
2894 315 2959 371 ιι.

3680 322 3808 381 1203

563 435 796 508 insignia
816 435 1138 499 habeantur,
1161 432 1411 487 eumdem
1423 430 1711 488 Dominum
1731 430 1928 501 Abgari
1957 428 2132 496 cujus-
2160 429 2205 486 Α
2231 442 2339 483 non
2365 443 2554 487 omnes
2590 437 2715 485 sunt
2742 431 2813 487 ad
2851 446 2940 487 res
2963 429 3156 488 dubias
3183 431 3532 490 aﬂirmandas
3561 434 3619 490 iu
3666 442 3811 496 testi-

560 528 687 583 dam
715 525 857 597 regis
890 524 1171 596 epistolam
1218 524 1543 594 suscepisse,
1597 524 1756 592 eique
1801 522 2133 593 reciprocam

561 618 860 674 destinasse
873 616 1094 672 minime
1113 615 1343 670 habetur
1363 631 1378 668 :
1406 629 1526 684 quae
1552 613 1673 670 dum
1696 613 1940 683 epistolae
1955 628 2081 669 cum
2098 627 2132 666 a

560 710 734 767 sancti
759 707 1033 778 Evangelii
1068 706 1298 762 lectione
1328 706 1439 764 sint
1482 706 1697 777 penitus
1724 713 2029 771 extraneas,
2078 711 2135 760 et

558 817 591 855 a
614 801 779 856 beato
799 797 1018 854 Gelasio
1060 797 1323 854 Romanae
1357 798 1511 855 urbis
1554 798 1825 864 antistite,
1865 798 1951 855 vel
1974 815 2005 854 a
2030 813 2135 854 cte-

460 934 467 940 ,
560 890 691 945 teris
709 902 860 958 asque
886 886 1171 943 catholicis
1214 894 1271 943 et
1306 887 1621 946 orthodoxis
1653 889 1786 945 viris
1827 889 1968 945 inter
1999 903 2131 959 apo-

558 980 790 1051 cryphas
817 980 1113 1052 scripturas
1155 993 1379 1049 prorsus
1421 980 1713 1051 deputatae,
1739 997 1845 1039 non
1898 990 2027 1039 sunt
2076 982 2132 1038 in

555 1069 927 1126 testimonium
971 1069 1370 1139 quodammodo
1404 1070 1779 1141 producendus,
1808 1073 1935 1142 quia
1961 1074 2032 1129 ad
2064 1087 2131 1129 ea

554 1177 676 1233 quae
728 1162 781 1219 in
824 1163 1177 1233 qumstionem
1232 1162 1455 1219 veniunt
1502 1163 1845 1235 approbanda
1900 1163 1986 1219 vel
2032 1163 2133 1221 im-

514 1250 523 1259 ’
551 1255 830 1326 probanda
857 1255 997 1311 sicut
1015 1263 1071 1310 et
1095 1263 1303 1311 cetera:
1340 1257 1688 1327 aprocryphas
1714 1256 2000 1328 scriptura
2020 1258 2129 1313 mi-

552 1359 662 1403 nus
704 1353 830 1401 sunt
880 1345 1107 1403 idoneae.
1133 1345 1337 1403 Harum
1386 1361 1519 1416 ergo
1558 1354 1740 1403 textus
1787 1363 1915 1404 cum
1949 1349 2023 1404 sit
2062 1349 2130 1404 ab

553 1434 893 1507 evangelistis
914 1436 1137 1492 minime
1166 1436 1220 1492 in
1247 1437 1524 1493 codicibus
1549 1437 1952 1509 evangeliorum
1973 1445 2134 1493 taxa-

551 1533 660 1592 tus,
674 1534 727 1582 et
747 1526 940 1582 merito
955 1541 986 1584 a
1009 1526 1292 1584 catholicis
1313 1527 1455 1584 inter
1481 1528 1791 1598 apocrypha
1821 1528 2128 1597 deputatus,

550 1626 607 1676 et
632 1614 701 1675 ab
729 1620 851 1676 istis
888 1620 959 1676 ob
987 1620 1385 1677 adorandarum
1429 1620 1728 1691 imaginum
1765 1634 2009 1676 errorem
2038 1620 2133 1675 ad-

551 1710 867 1765 struendum
915 1709 973 1765 in
1005 1711 1213 1782 synodo
1250 1711 1467 1777 allatus,
1510 1726 1613 1766 nec
1652 1711 1767 1767 suis
1793 1711 2013 1780 quidem
2042 1709 2129 1766 vel

550 1801 786 1857 tenuiter
807 1799 954 1856 favet
973 1801 1322 1871 sequacibus,
1347 1801 1647 1871 praesertim
1669 1816 1793 1857 cum
1812 1801 2013 1856 ibidem
2033 1816 2130 1856 ne-

548 1907 819 1962 quaquam
842 1890 1090 1961 Abgarus
1122 1894 1351 1949 Domino
1385 1893 1675 1965 imaginem
1720 1894 2008 1964 quamdam
2036 1894 2132 1949 ad-

549 1988 801 2037 oraturus
821 1982 1123 2052 postulasse
1147 1982 1378 2054 legatur,
1410 1992 1505 2038 aut
1527 1984 1666 2039 idem
1682 1985 1923 2040 omnium
1945 1984 2130 2039 Domi—

548 2088 650 2129 nus
685 2073 857 2129 eidem
895 2074 1113 2144 Ahgaro
1142 2076 1429 2146 quamdam
1479 2077 1769 2148 imaginem
1797 2077 2126 2134 adorandum

545 2162 844 2218 destinasse
856 2165 1224 2233 perhibeatur.
1256 2164 1314 2220 Si
1340 2180 1472 2221 vero
1495 2165 1551 2221 hi
1568 2166 1661 2236 qui
1688 2181 1876 2224 earum
1898 2166 2126 2222 lectione

545 2268 704 2308 suum
737 2266 980 2309 errorem
1030 2253 1221 2310 fulcire
1258 2256 1556 2311 moliuntur
1597 2257 1816 2312 easdem
1843 2256 2122 2327 epistolas,

544 2360 710 2401 unam
731 2361 762 2400 a
786 2346 1011 2402 Domino
1060 2354 1402 2419 susceptam,
1451 2348 1678 2404 alteram
1715 2349 1940 2405 missam
1981 2347 2126 2404 aliir—

543 2450 693 2491 mare
720 2436 905 2504 velint,
932 2438 1190 2503 dicentes,
1219 2453 1325 2493 non
1363 2440 1546 2494 omnia
1572 2440 1772 2508 scripta
1800 2440 1855 2494 in
1879 2440 2125 2511 Evange-

542 2527 614 2584 lio
657 2543 777 2598 quae
820 2544 851 2584 a
893 2528 1122 2585 Domino
1150 2530 1297 2585 dicta
1327 2530 1411 2586 vel
1455 2529 1597 2585 facta
1638 2539 1784 2596 sunt,
1813 2539 1869 2587 et
1900 2540 2125 2586 utantur

475 2640 488 2648 ο
542 2619 852 2674 testimonio
878 2616 1104 2675 Joannis
1155 2619 1424 2675 dicentis:
1460 2620 1633 2675 Multa
1668 2621 1877 2692 quidem
1914 2632 1963 2676 et
2012 2621 2121 2677 alia

540 2711 690 2781 signa
708 2710 828 2780 fecit
845 2710 999 2766 Iesus
1012 2713 1067 2765 in
1079 2719 1350 2783 conspectu
1373 2711 1749 2784 discipulorum
1771 2729 1989 2769 suorum
2003 2730 2121 2786 ante

541 2818 645 2857 non
671 2810 793 2857 sunt
820 2802 1012 2873 scripta
1041 2803 1096 2858 in
1143 2802 1274 2857 libro
1298 2803 1397 2858 hoc
1440 2804 1622 2874 (Joan.
1667 2803 1761 2876 xx)
1782 2845 1797 2870 ,
1836 2805 2121 2862 advertant

539 2889 644 2946 hoc
668 2891 737 2946 de
765 2891 1039 2946 miraculis
1062 2906 1168 2949 non
1208 2891 1273 2946 de
1296 2892 1562 2962 epistolis,
1591 2892 1658 2949 de
1703 2893 1872 2964 signis
1917 2909 2025 2949 non
2054 2895 2120 2951 de

542 2982 1039 3050 constitutionibus,
1065 2983 1290 3055 intelligi
1351 2999 1530 3056 posse.
1594 2984 1749 3053 Quod
1802 3003 1933 3044 vero
1986 2988 2118 3058 ipsa:

540 3076 775 3149 epistolae
802 3078 871 3133 ab
895 3079 1200 3148 evangelica
1217 3079 1444 3134 lectione
1457 3088 1677 3136 remotae
1695 3089 1751 3137 et
1775 3095 1805 3135 a
1829 3080 2111 3137 catholicis

539 3167 683 3226 inter
708 3170 1009 3242 apocrypha
1030 3169 1298 3240 deputatae
1326 3171 1453 3237 sint,
1480 3180 1537 3226 et
1577 3172 1631 3226 in
1658 3187 1846 3227 earum
1878 3173 2109 3228 lectione

539 3256 934 3314 adorandarum
961 3260 1252 3331 imaginum
1276 3261 1422 3316 nulla
1447 3262 1766 3318 documenta
1788 3264 2109 3329 habeantur,

539 3347 885 3406 manifestum
912 3359 1017 3407 est.
1046 3351 1155 3407 Nos
1182 3360 1237 3408 et
1264 3353 1558 3423 imaginum
1577 3353 1942 3411 adorationem
1964 3366 2113 3426 sper-

538 3441 736 3507 nimus,
779 3450 833 3498 et
869 3458 965 3499 eas
1001 3444 1143 3500 inter
1167 3445 1472 3516 apocrypha
1498 3445 1735 3516 legentes
1772 3447 1950 3501 omnia
1992 3458 2112 3516 pro-

538 3534 751 3600 bamus,
782 3543 978 3607 etquae
1000 3538 1140 3592 bona
1180 3545 1307 3592 sunt
1340 3538 1656 3593 retinemus.

1131 3649 1357 3706 CAPUT
1412 3649 1482 3707 XI

541 3758 693 3834 Quod
730 3759 809 3814 illi
857 3761 976 3815 libri
1010 3758 1281 3832 'gestorum
1328 3772 1556 3834 patrum,
1602 3779 1824 3834 quorum
1872 3774 2111 3820 auctores

611 3830 936 3902 ignorantur,
971 3830 1071 3885 non
1111 3830 1337 3902 prorsus
1365 3832 1537 3887 idonei
1558 3830 1661 3888 sint
1703 3833 1772 3887 ad
1817 3835 2112 3888 testimonia

646 3900 819 3962 anda,
857 3909 905 3953 et
957 3902 1027 3959 ad
1061 3900 1171 3956 nec
1214 3919 1331 3968 ante
1370 3905 1426 3957 in
1474 3904 1850 3958 contentionem
1881 3904 2112 3958 ‘veniunt

614 3968 945 4037 aﬂirmanda.

609 4077 914 4146 Apostolica
945 4096 1040 4136 nos
1066 4086 1317 4139 admonet
1358 4085 1674 4153 praedicatio
1698 4127 1713 4151 ,
1771 4087 1951 4141 omnia
1988 4102 2113 4156 pro-

539 4168 685 4229 bare,
724 4175 778 4220 et
810 4182 873 4221 ea
902 4183 1022 4237 quin
1072 4172 1212 4225 bona
1260 4181 1385 4227 sunt
1434 4175 1687 4229 retinere.
1723 4174 1877 4241 Quod
1923 4176 1989 4230 de
2025 4177 2114 4231 do-

537 4258 833 4314 ctrinarum
861 4258 1261 4317 diversitatibus
1297 4278 1457 4333 quam
1485 4264 1721 4320 maxime
1760 4264 1988 4335 intelligi
2016 4282 2114 4335 po-

539 4356 662 4405 test.
684 4347 805 4406 Non
832 4350 979 4405 enim
1002 4367 1104 4407 nos
1121 4353 1362 4409 omnium
1385 4363 1603 4411 actuum
1628 4354 1712 4410 vel
1742 4355 1903 4433 etiam
1932 4370 2113 4410 rerum

2235 521 2472 577 monium
2537 521 2843 592 proferendi
2862 562 2878 587 ,
2939 524 3066 594 quia
3135 540 3238 580 nec
3291 541 3482 582 omnes
3535 539 3812 590 auctorum

2235 623 2455 667 suorum
2506 620 2634 666 sunt
2688 612 3109 681 prtetitulatione
3145 614 3375 680 muniti,
3436 627 3536 673 aut
3576 620 3813 678 virorum

2233 698 2453 757 fortium
2504 710 2561 756 et
2606 702 3167 773 eloquentissimorum
3206 705 3346 777 stylo
3392 706 3617 780 digesti.
3652 710 3814 767 Vene-

2234 792 2419 856 rabilis
2456 794 2637 864 itaque
2679 792 2883 850 Gelasii
2932 811 3085 866 papae
3134 804 3568 869 ceterorumque
3608 809 3816 870 patrum

2233 882 2500 949 doctrinis
2524 883 2876 949 instituimur,
2910 886 3050 942 vitas
3068 887 3309 953 Patrum,
3344 889 3528 955 Pauli,
3559 891 3814 959 Antonii,

2200 968 2546 1045 ’Hilarionis,
2581 971 2666 1027 vel
2710 981 3029 1030 cieterorum
3057 990 3234 1044 quam
3273 977 3438 1032 beato
3486 977 3816 1052 Hieronymo

2232 1068 2327 1117 aut
2350 1060 2508 1117 editae
2535 1069 2679 1128 sunt,
2705 1072 2800 1118 aut
2841 1063 2908 1119 de
2933 1064 3125 1122 Graeco
3166 1065 3227 1123 in
3267 1066 3503 1127 latinum
3546 1070 3816 1128 translata:

2232 1166 2558 1220 sermonem,
2602 1162 2696 1213 aut
2721 1155 2943 1212 illorum
2963 1157 3243 1215 doctorum
3272 1169 3401 1217 sunt
3428 1161 3581 1233 style
3602 1163 3815 1235 digesta:

2232 1259 2462 1313 quorum
2489 1256 2684 1302 ctetera
2709 1249 2967 1317 opuscula
3000 1265 3033 1305 a
3059 1259 3248 1307 sancta
3287 1252 3571 1309 catholica
3600 1264 3659 1310 et
3700 1271 3816 1326 apo.

2231 1336 2423 1393 stolica
2467 1337 2709 1395 Ecclesia
2758 1341 3163 1411 suscipiuntur,
3218 1358 3341 1400 cum
3393 1346 3559 1401 omni
3616 1345 3815 1402 honore

2231 1427 2521 1498 suscipere,
2551 1436 2779 1485 caeteras
2798 1446 2926 1488 vero
2948 1447 3177 1501 quarum
3200 1441 3455 1491 auctores
3477 1436 3814 1506 ignorantur,

2232 1516 2374 1573 inter
2398 1519 2738 1589 apocryphas
2754 1521 3056 1590 scripturas
3095 1521 3380 1593 deputare.
3412 1524 3562 1583 Cum
3586 1541 3717 1596 ergo
3748 1527 3817 1585 illi

2230 1608 2525 1681 imaginum
2548 1610 2921 1669 adorationem
2947 1615 3108 1671 modo
3140 1615 3449 1674 divinorum
3474 1617 3816 1689 eloquium

2231 1698 2593 1757 commatibus
2625 1700 3055 1772 incompeteoter
3086 1705 3367 1771 adhibitis,
3400 1708 3577 1763 modo
3612 1710 3814 1781 ignoto-

2158 1769 2207 1832 Β
2233 1805 2353 1849 tum
2372 1791 2732 1861 quorumdam
2757 1769 3041 1849 doctorum
3065 1795 3247 1863 dictis,
3282 1769 3448 1853 modo
3478 1769 3814 1871 apocrypha-

2229 1895 2350 1936 rum
2371 1880 2560 1938 neniis
2600 1882 2902 1955 approbare
2941 1880 3214 1952 ail'ectent,
3247 1887 3702 1946 animadvertere
3731 1891 3816 1946 ἀει

2225 1969 2356 2027 bent
2383 1986 2494 2026 rem
2521 1987 2580 2027 se
2617 1973 3005 2044 impossibilem
3042 1978 3304 2047 agendam
3339 1980 3678 2052 arripuisse,
3699 1999 3813 2040 cum

2226 2063 2472 2119 videlicet
2504 2079 2613 2121 nec
2655 2066 2960 2123 divinorum
3004 2068 3343 2140 eloquiorum
3381 2073 3708 2129 testimonia
3747 2074 3811 2131 ad

2224 2153 2544 2224 peregrinos
2566 2169 2760 2210 sensus
2778 2155 3040 2213 violenter
3061 2174 3165 2214 nec
3188 2159 3407 2217 valeant
3437 2178 3549 2218 nec
3578 2164 3813 2219 debeant

2225 2243 2499 2314 usurpari,
2528 2259 2631 2303 nec
2667 2245 2976 2318 ignotorum
3002 2249 3335 2319 praedicatio,
3384 2266 3627 2321 quorum
3663 2255 3815 2326 spiri-

2223 2340 2315 2390 tus
2333 2334 2563 2390 necdum
2593 2337 2805 2405 probati
2828 2347 2955 2393 sunt
2980 2354 3050 2394 an
3076 2356 3145 2396 ex
3165 2341 3275 2397 Deo
3304 2342 3435 2409 sint,
3470 2345 3534 2399 in
3564 2348 3813 2402 testimo-

2223 2431 2372 2486 nium
2383 2431 2838 2504 dobeatproduci,
2858 2450 2958 2491 nec
2973 2438 3405 2509 apocryphorum
3423 2440 3815 2501 frivolisrebus

2223 2522 2485 2592 ambiguis
2511 2530 2569 2578 et
2585 2524 2818 2579 necdum
2841 2525 3156 2583 deliberatis
3183 2527 3416 2587 ﬁrmitas
3447 2531 3633 2587 valeat
3660 2533 3814 2591 exhi-

2186 2668 2189 2669 ν
2220 2613 2337 2669 beri
2372 2633 2385 2669 :
2412 2617 2670 2686 quoniam
2699 2617 2747 2673 si
2768 2616 3056 2687 cujuslibet
3075 2621 3238 2675 verba
3270 2620 3530 2678 falsitatis
3559 2622 3695 2679 fuco
3720 2640 3816 2681 ne-

2221 2723 2495 2780 quaquam
2522 2711 2760 2767 vitianda
2782 2720 2929 2778 sunt,
2952 2712 3124 2769 multo
3153 2714 3337 2770 minus
3348 2714 3808 2787 divina_eloqnia,

2221 2814 2340 2869 quae
2366 2808 2493 2859 sunt
2514 2801 2728 2873 eloquia
2755 2810 2928 2869 casta,
2948 2813 3232 2874 argentum
3255 2806 3379 2875 igne
3402 2808 3812 2877 examinatum,

2221 2894 2615 2963 quodammodo
2645 2894 2715 2950 ad
2748 2895 2884 2950 alias
2906 2911 2997 2951 res
3021 2910 3187 2966 quam
3204 2897 3340 2952 ordo
3367 2912 3428 2953 se
3451 2898 3622 2954 habet
3646 2916 3809 2955 usur-

2218 2986 2394 3054 panda
2424 2992 2586 3052 sunt;
2611 2994 2667 3040 et
2695 3001 2819 3041 cum
2859 2986 2916 3043 in
2950 2987 3202 3043 humanis
3231 2989 3464 3059 negotiis
3501 2990 3645 3045 viles
3690 2992 3808 3047 sive

2222 3076 2417 3146 ignotae
2437 3092 2681 3146 personae
2706 3079 2773 3133 ad
2813 3092 2879 3132 ea
2919 3093 3039 3147 qua:
3078 3079 3135 3133 in
3177 3081 3535 3149 qumstionem
3571 3082 3812 3137 veniunt

2214 3167 2575 3239 approbanda,
2597 3169 2818 3225 minime
2839 3170 3209 3235 admittuntur,
3226 3173 3580 3229 multominus
3602 3174 3665 3229 in
3692 3184 3813 3229 tan-

2214 3257 2285 3311 tis
2305 3258 2468 3312 rebus
2484 3272 2605 3327 quat
2620 3256 2857 3313 caelestis
2884 3259 3182 3330 magisterii
3210 3260 3513 3317 eruditione
3528 3260 3809 3333 indigeant,

2213 3347 2606 3419 incognitarum
2622 3349 2902 3405 doctorum
2925 3360 3017 3407 aut
3041 3353 3467 3421 apocrypharum
3492 3354 3808 3423 scriptura-

2213 3455 2333 3494 rum
2362 3440 2665 3497 testimonia
2698 3450 2826 3496 sunt
2861 3442 3212 3498 admittenda.
3242 3441 3540 3499 Probanda
3561 3460 3812 3516 namque

2212 3538 2336 3585 sunt
2357 3531 2636 3606 scripturas
2666 3540 2722 3587 et
2743 3533 2926 3588 subtili
2951 3534 3344 3589 examinatione
3360 3538 3801 3605 perscrutanda,

2212 3630 2267 3676 et
2292 3630 2602 3679 sanctorum
2626 3632 2838 3693 patrum
2862 3627 3183 3682 testimoniis
3219 3627 3557 3693 roboranda,
3582 3644 3720 3698 qua:
3737 3630 3805 3685 ad

2211 3727 2299 3767 res
2317 3713 2506 3769 dubias
2530 3712 2871 3771 aﬂirmandas
2905 3716 3049 3772 intra
3087 3724 3331 3772 sanctam
3378 3717 3692 3774 Erclesiarn
3744 3722 3801 3776 in

2214 3803 2574 3859 testimonium
2624 3813 2750 3860 sunt
2787 3807 3168 3876 producendus,
3199 3810 3453 3878 quoniam
3497 3820 3555 3865 et
3596 3826 3802 3867 servus

2212 3909 2441 3966 nequam
2464 3896 2516 3950 in
2544 3896 2855 3968 Evangelio,
2885 3912 2950 3951 eo
2975 3898 3117 3968 qqu
3154 3899 3440 3967 pecuniam
3471 3901 3795 3955 nummula-

2215 3989 2311 4044 riis
2354 4005 2461 4049 non
2495 3989 2720 4053 dederit,
2747 4004 2777 4042 a
2799 3989 3030 4045 Domino
3057 3990 3300 4060 arguitur
3330 4006 3344 4045 :
3369 3992 3513 4047 unde
3541 3992 3680 4047 dare
3709 4009 3805 4049 no-

2211 4080 2300 4135 bis
2319 4080 2569 4135 convenit
2596 4080 2884 4149 pecuniam
2920 4080 3318 4146 nummulariis,
3368 4097 3439 4137 ne
3477 4080 3622 4138 forte
3674 4099 3804 4138 cum

2213 4170 2400 4226 eodem
2454 4185 2610 4225 servo
2658 4185 2968 4244 arguamur,
3018 4186 3179 4240 quam
3234 4180 3363 4226 tunc
3417 4172 3807 4228 nummulariis

2214 4261 2573 4331 impendimus
2595 4301 2610 4326 ,
2660 4277 2782 4316 cum
2826 4262 3126 4332 scripturas
3171 4261 3442 4331 quaslibet
3474 4270 3799 4320 sanctorum

2210 4364 2284 4429 pa_
2286 4359 2425 4405 trum
2454 4351 2686 4407 examini
2706 4350 3085 4408 discernendas
3107 4353 3467 4422 impertimus.
3492 4355 3795 4411 Pemniam

537 4444 753 4510 gustum
796 4453 989 4510 capere
1042 4442 1328 4511 permisit,
1390 4451 1449 4499 ut
1513 4446 1668 4516 quasi
1722 4454 2111 4519 praegustantes
2132 4474 2188 4534 Β
2212 4451 2447 4512 namque
2480 4440 2829 4534 nummularii
2851 4442 3244 4534 quadripertito
3268 4444 3434 4498 modo
3460 4446 3798 4507 examinant,

535 4530 717 4586 omnia
762 4531 903 4586 bona
954 4529 1290 4590 solummodo
1345 4536 1831 4603 retinentes,‘mala
1884 4553 2109 4608 quaeque

537 4621 891 4690 abjiciamus,
936 4624 1079 4694 quod
1125 4623 1243 4680 ﬁeri
1290 4627 1491 4696 absque
1525 4628 1757 4696 quadam
1798 4628 2109 4684 illicitorum

535 4716 935 4787 perpetratione
988 4730 1326 4792 nequaquam
1365 4727 1561 4789 potest,
1610 4720 1705 4775 sed
1750 4721 1981 4790 probare
2011 4735 2111 4777 nos

533 4806 712 4877 jussit,
733 4815 789 4862 et
828 4807 1057 4877 spiritali
1086 4808 1269 4878 palato
1296 4810 1582 4880 degustare
1604 4823 1793 4865 omnes
1837 4810 2111 4867 doctrinas

535 4905 590 4953 et
613 4912 707 4954 eas
730 4911 849 4968 quat
870 4914 902 4955 a
926 4899 1056 4954 viris
1088 4901 1483 4970 probatissimis
1506 4901 1669 4956 illatae
1706 4900 1918 4957 interna
1948 4904 2110 4958 satie‘

536 4997 646 5044 tate
670 4997 879 5046 mentes
906 4989 1155 5047 reficiunt
1206 4991 1545 5048 solummodo
1584 4992 1836 5058 retinere,
1886 5000 2111 5049 caeteras

534 5093 665 5134 vero
691 5093 879 5136 omnes
904 5095 1027 5135 cum
1048 5080 1161 5135 suis
1184 5082 1494 5137 auctoribus
1513 5081 1762 5151 abjicere.
1796 5082 1950 5140 Unde
1986 5100 2110 5140 cum

535 5182 672 5237 pene
696 5169 752 5222 in
783 5170 1035 5226 omnibus
1053 5168 1423 5240 hujuscemodi
1457 5174 1738 5245 scripturis
1765 5176 1884 5231 htec
1925 5177 2109 5247 regula

536 5275 757 5329 prorsus
789 5263 860 5317 sit
899 5263 1252 5331 observanda,
1275 5264 1330 5319 in
1373 5265 1530 5322 libris
1573 5282 1789 5338 quoque
1824 5268 1916 5337 qui
1960 5275 2109 5339 gesta

535 5351 890 5418 quorumdam
933 5361 1241 5409 sanctorum
1268 5362 1486 5426 patrum
1515 5357 1769 5423 retinent,
1795 5357 2008 5426 penitus
2028 5364 2111 5412 est

535 5441 904 5498 custodienda.
920 5442 1182 5511 Quoniam
1198 5454 1253 5502 et
1266 5462 1457 5519 magna
1472 5448 1682 5505 illorum
1698 5455 1783 5503 est
1801 5447 2108 5511 multitudo,

537 5540 591 5587 et
616 5533 767 5588 varia
793 5535 1031 5593 narratio
1061 5538 1377 5610 diversaque
1396 5539 1725 5611 praedicatio,
1742 5546 1798 5595 et
1824 5546 1973 5595 tanto
1998 5538 2111 5609 ple-

538 5639 764 5695 rumque
784 5627 848 5683 dc
863 5628 1073 5684 illorum
1094 5631 1255 5688 dictis
1276 5648 1306 5686 a
1326 5633 1571 5688 ﬁdelibus
1598 5631 1892 5698 dubitatur,
1906 5639 2110 5702 quanto

540 5719 795 5775 nimirum
850 5736 1036 5777 eorum
1096 5732 1344 5780 auctores
1394 5726 1739 5793 ignorantur,
1789 5729 1948 5778 atoue
1990 5722 2107 5779 ideo

2211 4538 2390 4585 utrum
2413 4545 2606 4586 aurum
2634 4532 2916 4600 probatum
2935 4533 3026 4598 sit,
3057 4540 3239 4589 utrum
3251 4547 3474 4603 purum,
3493 4551 3596 4591 nec
3613 4534 3801 4605 aliquo

2210 4619 2334 4676 fuco
2381 4619 2631 4676 falsitatis
2657 4621 2925 4679 introrsus
2965 4622 3211 4678 vitiatum
3235 4664 3251 4688 ,
3301 4640 3372 4680 an
3422 4625 3570 4695 regis
3612 4626 3799 4695 potius

2209 4727 2372 4783 quam
2397 4713 2610 4784 tyranni
2645 4714 2993 4785 inscriptione
3025 4715 3296 4787 signatum
3338 4716 3447 4784 sit,
3501 4717 3591 4772 vel
3626 4719 3797 4772 etiam

2208 4804 2504 4874 plenissimi
2532 4806 2786 4875 ponderis
2809 4806 3175 4876 aequalitatem
3202 4817 3357 4879 gerat
3404 4828 3419 4864 :
3454 4826 3582 4881 qua:
3608 4812 3796 4866 omnia

2210 4898 2265 4952 in
2311 4898 2489 4968 magni
2538 4897 2943 4968 patrisfamilias
2979 4901 3229 4968 pecunia,
3259 4901 3447 4965 idest,
3505 4902 3563 4957 in
3620 4901 3796 4957 nostri

2211 4986 2542 5056 redemporis
2556 4986 2818 5045 doctrinis
2839 5005 2870 5043 a
2901 4991 3293 5056 nummulariis,
3321 5006 3356 5045 a
3373 4978 3585 5048 sanctis
3606 4991 3799 5047 videli-

2210 5086 2296 5134 cet
2317 5086 2374 5134 et
2410 5079 2865 5151 eloquentissimis
2913 5082 3066 5148 viris,
3091 5084 3312 5153 superni
3360 5083 3507 5154 ignis
3541 5082 3801 5139 examine

2207 5172 2611 5249 perquiruntur.
2636 5170 2907 5238 Quaeritur
2932 5188 3064 5244 ergo
3104 5174 3159 5228 in
3199 5173 3629 5244 uniuscujusque
3650 5174 3797 5229 seri-

2209 5270 2378 5332 plura:
2406 5278 2644 5328 nummo,
2660 5270 2838 5317 utrum
2862 5279 3053 5319 aurum
3071 5265 3511 5335 probatissimum
3530 5266 3625 5330 sit,
3642 5264 3797 5320 unde

2209 5366 2335 5421 arca
2361 5350 2570 5409 Domini
2616 5351 2791 5407 valeat
2833 5354 3108 5418 exornari,
3143 5354 3229 5409 vel
3253 5354 3421 5409 etiam
3454 5355 3622 5410 totius
3658 5368 3798 5408 san-

2209 5441 2400 5496 ctuarii
2440 5456 2576 5511 opus
2600 5441 2954 5514 resplendeat,
2990 5452 3049 5497 ut
3077 5444 3326 5499 videlicet
3359 5444 3417 5501 in
3439 5460 3504 5499 ca
3526 5443 3799 5513 spiritalis

2209 5530 2580 5602 intelligentiae
2604 5531 2750 5586 nitor
2768 5533 3022 5598 emineat,
3052 5549 3158 5603 quo
3178 5535 3360 5590 divina
3385 5534 3474 5589 lex
3516 5534 3789 5604 intelliga-

2208 5631 2298 5677 tur
2328 5631 2383 5679 et
2412 5625 2580 5679 totius
2608 5624 2863 5681 Ecclesiae
2890 5626 3234 5697 pulchritudo
3270 5635 3542 5683 coruscet.
3577 5625 3791 5694 Quas-i-

2211 5722 2298 5769 tur
2318 5725 2498 5771 utrum
2530 5732 2723 5785 purum
2751 5717 2823 5773 sit
2850 5727 2907 5774 et
2933 5717 3080 5793 nullo
3101 5718 3352 5776 falsitatis
3372 5718 3498 5777 fuco
3513 5721 3797 5775 introrsus
