4016 6292
222 256 367 314 1205

1008 256 1181 312 LIBRI
1218 256 1558 313 CAROLINI.
1598 285 1666 295 ——
1699 252 1920 309 CAPIT.
1961 255 2048 309 DE
2083 253 2273 312 IMAG.
2312 285 2384 297 -——
2422 257 2550 313 LIB.
2590 258 2659 315 IV

3342 268 3477 325 {206

213 371 499 435 vitiatum,
529 383 599 426 ne
626 367 765 423 forte
801 367 1028 437 alicujus
1060 369 1329 424 haereseos
1352 380 1663 439 perversum
1701 366 1800 422 do-
1823 370 1880 427 Α
1904 366 2191 423 admodum
2216 367 2418 423 factum
2460 368 2533 424 sit
2554 410 2570 435 ,
2596 371 2813 441 penitus
2853 372 3150 429 dubitetur.
3181 374 3315 433 Nam
3346 380 3473 436 dum

211 478 349 534 gina
378 461 554 517 nitore
580 457 905 528 eloquentiae
941 466 1163 523 tectum,
1188 466 1245 514 et
1283 459 1438 529 quasi
1466 456 1799 527 spiritalibus

209 551 470 607 sensibus
503 548 803 606 immistum
844 547 1074 603 interius
1097 546 1263 603 lateat
1303 549 1707 614 obumbratum,
1744 552 1802 602 et

206 642 350 697 dum
378 650 536 712 putat
552 655 613 697 se
639 640 764 711 quis
795 640 963 697 divini
992 641 1144 696 verbi
1179 640 1463 712 percipere
1485 654 1797 703 nummum,

204 732 388 788 virosi
413 731 683 803 dogmatis
701 730 963 802 percipiat
982 730 1260 787 exitiabile
1277 731 1499 787 malum.
1525 729 1800 797 Qua-itur

204 841 289 881 an
318 824 463 896 regis
487 824 622 883 ineo
648 823 720 879 sit
738 822 1040 894 inscriptio,
1070 838 1139 878 an
1171 822 1410 895 tyranni,
1440 824 1567 893 quia
1586 821 1799 879 scilicet

206 919 324 974 hoc
343 933 375 973 a
398 916 729 973 doctissimis
756 915 892 972 viris
912 916 969 971 in
991 914 1295 985 hujusmodi
1320 915 1604 987 scripturis
1624 914 1797 971 soler-

203 1009 429 1066 tissima
458 1008 801 1080 indagatione
819 1014 1213 1077 perscrutatur,
1252 1014 1435 1062 utrum
1464 1005 1533 1062 ad
1567 1005 1797 1061 salutem

202 1101 412 1157 anima:
435 1099 745 1172 pertineant
763 1107 819 1154 et
844 1097 987 1171 regis
1012 1098 1203 1164 nostri,
1232 1098 1323 1168 qui
1342 1098 1581 1154 salvator
1598 1096 1684 1153 vel
1707 1112 1796 1152 sa-

202 1190 412 1246 lutaris
435 1189 654 1253 dicitur,
694 1188 951 1244 salutaria
995 1189 1197 1245 monita
1241 1189 1497 1254 habeant,
1530 1204 1600 1245 ne
1623 1187 1791 1252 forte,

201 1281 531 1354 postpositis
554 1280 660 1346 his,
684 1280 892 1351 antiqui
919 1280 1093 1335 hostis
1111 1279 1357 1350 qumdam
1384 1279 1544 1337 noxia
1586 1277 1796 1334 machi-

202 1378 474 1427 namenta
500 1372 756 1436 habeant,
781 1378 837 1427 et
861 1371 989 1427 dum
1017 1372 1322 1440 sequendus
1358 1370 1429 1426 sit
1455 1370 1521 1437 is,
1556 1368 1650 1440 qui
1692 1370 1788 1435 ait,

202 1464 361 1520 Data
378 1473 453 1519 est
474 1465 604 1518 mihi
619 1465 788 1518 omnis
806 1472 1030 1534 potestas
1047 1463 1103 1517 in
1129 1461 1256 1517 caelo
1275 1471 1323 1518 et
1342 1463 1397 1517 in
1415 1470 1558 1516 terra
1572 1459 1793 1533 (latus.

200 1554 436 1627 xxml),
467 1555 561 1625 qui
590 1569 690 1625 per
713 1553 1075 1610 humilitatem
1101 1560 1317 1608 terrena
1354 1550 1668 1607 calentibus
1710 1564 1801 1604 so-

198 1648 403 1716 ciavit,
428 1649 534 1713 ille,
564 1650 711 1719 quod
732 1648 893 1712 absit,
920 1655 1181 1717 sequatur
1218 1645 1310 1716 qui
1335 1644 1462 1700 dum
1486 1657 1586 1713 per
1612 1649 1800 1713 tyran-

198 1715 400 1797 nidem
426 1715 620 1796 similis
647 1738 926 1795 Altissimo
942 1715 1392 1807 arroganteresse
1408 1734 1599 1797 voluit,
1614 1731 1799 1787 divino
1826 1715 1876 1777 Β

192 1833 518 1903 iustissimo
558 1832 769 1903 judicio
815 1831 883 1887 ad
931 1829 1187 1886 inferiora
1229 1828 1468 1897 dilapsus
1510 1824 1800 1881 infeliciter

200 1928 350 1982 ruit.
380 1923 651 1993 Quaeritur
674 1925 839 1979 etiam
869 1940 897 1979 a
946 1922 1145 1977 talibus
1174 1918 1569 1983 nummulariis,
1612 1924 1797 1972 utrum

202 2017 357 2071 tanti
428 2015 839 2086 patrisfamilias
905 2028 1161 2069 nummus
1196 2010 1499 2083 plenissimi
1545 2007 1801 2079 ponderis

200 2107 579 2180 aequalitatem
619 2114 786 2180 gerat,
812 2107 868 2162 id
906 2115 1009 2171 εει,
1034 2114 1219 2160 utrum
1249 2103 1494 2160 doctrina
1546 2102 1803 2173 quaelibet

203 2201 549 2274 propheticis
574 2208 736 2271 atque
759 2199 1069 2271 apostolicis
1093 2195 1359 2253 doctrinis
1385 2192 1697 2257 concordet,
1730 2206 1803 2247 ne

209 2293 364 2349 forte
409 2292 517 2348 illis
559 2290 956 2362 quodammodo
995 2288 1323 2345 dissentiens
1380 2294 1474 2341 aut
1528 2282 1798 2354 superﬂua

205 2400 447 2456 qumque
476 2393 568 2440 aut
592 2385 771 2439 minus
792 2382 951 2454 plena
972 2381 1294 2453 promulget,
1320 2379 1575 2450 quoniam
1608 2385 1665 2433 et
1703 2376 1801 2431 do-

207 2478 374 2533 naria
401 2478 521 2532 auri
549 2486 604 2532 et
624 2475 835 2547 argenti
858 2489 980 2545 qua:
1004 2475 1057 2529 in
1083 2486 1247 2543 opere
1274 2470 1614 2527 tabernaculi
1645 2484 1676 2523 a
1703 2483 1802 2538 po-
1844 2492 1857 2503 ·

207 2567 349 2638 pulo
369 2566 752 2632 oil'erebantur,
782 2580 813 2621 a
850 2565 1157 2636 legislatore
1177 2563 1246 2619 ad
1273 2563 1485 2634 pondus
1501 2561 1798 2617 sanctuarii

206 2674 455 2731 appensa
505 2658 957 2729 suscipiebantur.
1026 2654 1179 2712 Unde
1231 2654 1391 2709 datur
1427 2652 1654 2723 intelligi
1705 2664 1801 2706 eas

204 2751 518 2822 scripturas
562 2751 677 2806 sive
730 2749 1028 2814 doctrinas,
1058 2749 1145 2803 vel
1195 2748 1359 2803 etiam
1388 2760 1554 2817 opera
1601 2760 1632 2800 a
1668 2760 1802 2800 vero

204 2841 550 2911 legislatorc,
580 2842 876 2896 mediatore
898 2839 1148 2894 videlicet
1177 2838 1271 2893 Dei
1298 2836 1682 2915 egbominum,
1710 2849 1802 2890 ve-

208 2934 425 2989 raciter
475 2933 617 2987 intra
651 2938 898 2987 sanctam
921 2929 1219 2985 Ecclesiam
1268 2942 1389 2983 esse
1429 2925 1801 2996 suscipienda,

206 3038 342 3094 quae
367 3039 405 3078 a.
422 3023 659 3094 pondere
686 3020 1003 3086 sanctuarii,
1046 3019 1099 3076 id
1121 3027 1205 3074 est
1237 3018 1306 3074 ab
1329 3020 1676 3088 antiquorum
1704 3032 1803 3088 pa-

209 3126 364 3171 trum
392 3130 603 3182 norma,
628 3128 968 3184 nequaquam
996 3120 1123 3167 sunt
1152 3111 1403 3167 sensibus
1443 3111 1526 3166 vel
1546 3111 1801 3181 operibus

206 3208 546 3277 disgregata.
576 3205 705 3261 Haec
728 3221 859 3275 ergo
884 3204 1066 3260 omnia
1088 3204 1215 3258 dum
1264 3202 1575 3273 singillatim
1600 3201 1715 3256 sive
1742 3201 1800 3256 in

207 3296 375 3352 libris
395 3296 488 3365 qui
513 3294 888 3350 inscribuntur
924 3292 1089 3349 Gesta
1116 3292 1359 3354 Patrum,
1390 3292 1503 3345 sive
1525 3292 1579 3345 in
1619 3291 1798 3346 omni-

207 3388 322 3441 bus
369 3384 572 3454 passim
622 3383 965 3453 dogmatibus
1012 3381 1214 3437 fuerint
1259 3380 1512 3452 prudenti
1553 3379 1802 3434 examine

210 3476 447 3547 quaesita
475 3484 530 3531 et
550 3490 760 3530 summa
784 3474 1051 3529 industria
1071 3482 1307 3543 reperta,
1325 3471 1657 3527 conﬁdenter
1676 3478 1803 3525 sunt

208 3568 533 3624 earumdem
554 3568 817 3622 librorum
862 3567 1111 3635 dogmata
1140 3564 1222 3618 vel
1261 3564 1569 3618 testimonia
1609 3563 1677 3617 ad
1713 3575 1802 3616 res

212 3659 416 3715 dubias
437 3658 838 3713 conﬁrmandus
863 3658 917 3711 in
947 3656 1182 3711 medium
1206 3655 1550 3720 deducenda;
1575 3669 1676 3709 nec
1700 3668 1800 3723 po-

209 3751 350 3807 terit
378 3750 502 3805 talis
546 3750 777 3820 pecunia
823 3763 853 3802 a
894 3748 1134 3817 quolibet
1177 3746 1491 3815 improbari,
1541 3760 1663 3815 qua:
1705 3760 1805 3814 per

210 3844 358 3899 tales
378 3841 676 3912 trapetitas
704 3841 841 3895 tanti
868 3839 1134 3896 examinis
1157 3836 1501 3907 indagatione
1526 3837 1694 3892 valuit
1708 3849 1804 3905 ap—

211 3934 457 4007 probari.

841 4020 1071 4079 CAPUT
1108 4018 1221 4076 XII.

210 4139 295 4193 De
304 4137 514 4207 eoquod
530 4136 811 4207 Dionysius
824 4136 1086 4207 presbyter
1096 4133 1326 4188 ecclesia:
1338 4132 1726 4207 .iscalonitanre
1744 4134 1798 4188 in

284 4203 471 4263 eadem
492 4203 692 4277 synodo
718 4203 953 4261 retulisse
978 4203 1166 4277 fertur,
1188 4204 1465 4274 quemdam
1485 4203 1799 4277 monachum

285 4294 471 4333 coram
496 4273 725 4347 imagine
765 4273 1430 4347 sauctw‘dlariw’semper
1462 4274 1676 4347 virginis
1720 4273 1802 4327 tu-

286 4365 503 4403 ceruam
540 4342 883 4411 illuminasse,
932 4356 980 4401 et
1029 4354 1142 4415 post
1171 4342 1380 4415 tertium
1431 4342 1507 4415 uel
1546 4342 1801 4413 quintum

1900 471 2122 525 prorsus
2157 472 2229 513 an
2261 458 2317 514 id
2343 461 2489 529 quod
2535 460 2721 517 retulit
2749 461 2893 518 idem
2922 465 3210 537 presbyter
3254 468 3308 523 in
3336 472 3470 526 veri-

1901 555 2012 605 tate
2033 555 2245 619 gcstum
2279 550 2352 605 sit
2388 551 2686 622 ignoretur,
2730 554 2945 610 etiamsi
2988 573 3044 611 in
3075 558 3304 616 veritate
3351 578 3475 633 ges-

1900 647 2015 695 tum
2053 638 2223 697 ﬁnisse
2238 642 2576 711 probaretur,
2603 643 2888 701 sollicitius
2930 648 3292 719 indagandum
3322 655 3474 707 esset

1897 745 2133 800 quonam
2156 732 2318 790 modo
2352 741 2565 803 gestum
2588 734 2754 791 luisse
2792 738 3194 807 perhiberetur,
3216 744 3473 812 quoniam

1897 822 2116 892 quidem
2146 822 2406 879 miracula
2430 823 2702 881 interdum
2746 841 2845 897 per
2872 830 3152 898 mprobos,
3202 831 3475 887 interdum

1897 917 2063 973 etiam
2088 934 2186 989 per
2207 918 2384 974 aerias
2427 926 2745 991 potestates,
2797 921 3113 993 plerumque
3163 935 3341 981 tamen
3382 943 3480 999 per

1898 1015 2376 1079 sanctosquosque
2401 1010 2516 1065 sive
2553 1024 2653 1080 per
2688 1011 2932 1082 angelica
2961 1013 3263 1070 ministeria
3317 1015 3473 1071 ﬁunt.

1898 1098 2052 1166 Quod
2075 1100 2122 1154 si
2151 1100 2387 1169 quodam
2409 1099 2618 1169 antiqui
2650 1101 2827 1157 hostis
2849 1100 3245 1159 θεωοεὶεεὶωο
3267 1105 3476 1161 machi-

1899 1197 2154 1247 namento
2180 1199 2361 1247 actum
2384 1198 2491 1258 est,
2518 1206 2627 1247 non
2656 1191 2833 1248 solum
2858 1209 2925 1250 ex
2947 1208 3016 1250 eo
3038 1195 3257 1252 minime
3274 1197 3475 1266 poterit

1900 1280 2194 1351 imaginum
2245 1281 2489 1339 adoratio
2514 1284 2709 1348 astrui,
2761 1283 2857 1340 sed
2883 1285 3047 1341 etiam
3071 1301 3197 1342 cum
3254 1294 3477 1342 auctore

1900 1389 2001 1429 suo
2031 1375 2349 1444 cunctisque
2381 1374 2500 1444 ejus
2528 1374 2864 1433 illusionibus
2900 1386 3162 1448 perpetuo
3190 1380 3349 1435 debet
3379 1381 3476 1435 ab-

1894 1464 2019 1535 jici;
2045 1466 2092 1521 si
2123 1480 2254 1521 vero
2273 1481 2371 1536 per
2399 1467 2673 1538 angelicas
2702 1478 2998 1538 apparatus
3029 1479 3241 1541 gestum
3261 1480 3364 1535 est,
3416 1479 3480 1525 ut

1900 1557 2153 1627 pleraque
2173 1557 2326 1628 signa
2348 1557 2464 1613 fieri
2488 1558 2683 1623 solent,
2710 1574 2814 1614 nec
2845 1575 2912 1615 ex
2938 1574 3006 1617 eo
3033 1561 3249 1630 quidem
3273 1560 3354 1617 rei
3384 1576 3480 1618 cu-

1896 1649 2111 1719 jusdam
2142 1650 2474 1707 irrationalis
2495 1652 2742 1707 adoratio
2763 1653 2966 1723 poterit
2996 1654 3313 1720 inolescere,
3343 1669 3479 1724 quo-

1904 1741 2049 1795 niam
2070 1740 2381 1797 credibilius
2405 1742 2622 1811 quidem
2646 1750 2730 1798 est
2754 1743 2857 1799 hoc
2877 1744 3201 1800 miraculum
3224 1746 3326 1802 loci
3356 1762 3480 1802 san-

1899 1830 1973 1887 cti
1986 1831 2287 1886 reverentia
2300 1831 2652 1902 potiusquam
2666 1832 2895 1901 alicujus
2918 1835 3167 1905 imaginis
3183 1837 3474 1905 praesentia

1898 1930 2109 1993 gestum
2150 1920 2336 1987 fuisse,
2366 1922 2413 1977 si
2441 1930 2622 1979 tamen
2652 1932 2864 1994 gestum
2892 1933 2997 1981 est.
3036 1926 3468 1982 Venerabiliores

1896 2016 2043 2070 enim
2073 2024 2199 2070 sunt
2246 2015 2484 2071 basilicae
2531 2016 2784 2086 imagine,
2834 2025 2891 2073 et
2940 2018 3307 2074 reverentiora
3352 2026 3480 2073 sunt
3596 2006 3601 2011 ’

1899 2106 2016 2161 loca
2040 2106 2276 2162 cultibus
2300 2107 2608 2177 mancipata
2629 2108 2846 2171 divinis,
2870 2109 3199 2177 quibuslibet
3232 2109 3478 2179 picturis,

1899 2197 2128 2253 Domino
2155 2204 2464 2263 attestante,
2494 2200 2587 2274 qui
2609 2198 2787 2268 majus
2815 2200 2950 2255 dixit
2975 2215 3099 2256 esse
3122 2202 3294 2256 altare
3312 2216 3476 2271 quam

1899 2302 2097 2344 munus
2122 2288 2265 2357 quod
2290 2288 2344 2342 in
2369 2303 2437 2344 eo
2465 2287 2712 2355 oil‘ertur,
2751 2288 3032 2361 majusque
3067 2306 3188 2347 esse
3220 2292 3477 2361 templum

1900 2394 2034 2435 auro
2050 2381 2194 2450 quod
2214 2381 2269 2435 in
2292 2395 2361 2437 eo
2384 2387 2490 2447 est,
2522 2381 2647 2451 quia
2670 2382 2875 2453 templo
2899 2393 2953 2438 et
2971 2384 3126 2438 altari
3146 2399 3343 2437 aurum
3366 2383 3481 2439 sive

1900 2485 2127 2526 munera
2179 2480 2585 2528 consecrantur.
2639 2473 2892 2543 Legimus
2968 2489 3201 2544 namque
3259 2473 3477 2530 beatum

1899 2564 2219 2634 Gregorium
2242 2565 2445 2621 dixisse
2471 2566 2614 2635 quod
2631 2566 2688 2620 in
2715 2567 2944 2636 quadam
2959 2566 3182 2623 basilica
3195 2567 3481 2637 ingruente

1902 2656 2325 2711 insolentissima
2363 2670 2626 2727 aquarum
2658 2656 2931 2713 alluvione
2963 2658 3275 2713 earumdem
3319 2670 3486 2726 aqua-

1902 2760 2022 2802 rum
2051 2748 2302 2805 incursus
2322 2762 2493 2818 usque
2519 2750 2588 2805 ad
2612 2749 2877 2805 fenestras
2901 2750 3263 2820 pervenerint,
3289 2764 3486 2819 easque

1901 2837 2050 2892 intus
2078 2838 2290 2894 Domini
2334 2839 2539 2893 virtute
2570 2840 2854 2894 resistente
2893 2840 3114 2895 minime
3152 2840 3357 2895 intrare
3393 2853 3488 2908 po-

1902 2926 2091 2989 tuisse,
2119 2934 2175 2979 et
2191 2926 2474 2982 luminaria
2497 2941 2622 2997 qum
2640 2942 2670 2981 a
2693 2927 3010 2983 custodibus
3030 2927 3266 2983 basilica:
3285 2927 3488 2982 dudum

1907 3014 2123 3071 fuerant
2143 3016 2411 3071 exstincta
2427 3057 2443 3082 ,
2486 3017 2556 3071 ab
2574 3017 2777 3073 eisdem
2802 3018 3119 3073 custodibus
3148 3018 3489 3087 postmodum

1907 3106 2212 3164 illuminata
2245 3116 2457 3180 reperta
2487 3106 2691 3164 fuisse:
2735 3109 2880 3178 quod
2915 3109 3133 3178 quidem
3170 3107 3490 3164 miraculum

1905 3214 2016 3254 non
2061 3200 2314 3271 imaginis
2339 3198 2645 3268 cujuslibet,
2694 3199 2788 3255 sed
2831 3200 3004 3256 sancti
3045 3200 3147 3255 loci
3189 3199 3490 3255 reverentia

1906 3290 2108 3345 facmm
2135 3290 2301 3346 fuisse
2319 3290 2650 3362 perhibetur.
2692 3289 2750 3345 Si
2779 3306 2910 3361 ergo
2926 3292 2985 3347 id
3006 3291 3323 3363 miraculum
3346 3292 3491 3361 quod

1904 3382 2300 3438 Asealonitante
2320 3383 2563 3439 ecclesiae
2589 3384 2874 3453 presbyter
2903 3398 3032 3452 erga
3075 3382 3366 3451 imaginem
3398 3396 3492 3451 ap-

1903 3475 2150 3545 paruisse
2194 3474 2379 3529 retulit
2426 3476 2498 3530 ob
2551 3474 2797 3529 eamdem
2845 3473 3132 3543 imaginem
3175 3471 3491 3543 apparuisse

1906 3573 2197 3631 constaret,
2244 3581 2350 3621 non
2377 3566 2497 3621 ideo
2525 3566 2783 3637 imagines
2808 3565 3096 3620 adoranda:
3118 3563 3325 3629 forent,
3358 3579 3492 3633 quo-

1906 3660 2052 3712 niam
2077 3673 2185 3712 non
2205 3656 2387 3711 omnia
2408 3671 2509 3727 per
2530 3669 2654 3726 quae
2681 3654 2765 3709 vel
2803 3655 2860 3709 in
2892 3653 3090 3723 quibus
3119 3652 3380 3707 miracula
3404 3668 3494 3723 ap-

1905 3765 2134 3821 paruere
2155 3750 2427 3805 adoranda
2449 3748 2767 3812 creduntur;
2792 3748 2838 3802 si
2864 3761 2993 3817 ergo
3012 3744 3191 3801 omnia
3216 3745 3270 3798 in
3296 3745 3494 3815 quibus

1906 3842 1988 3896 vel
2014 3856 2112 3910 per
2139 3855 2261 3910 qua:
2297 3838 2557 3893 miracula
2591 3837 2839 3908 quaedam
2882 3851 3179 3907 apparuere
3212 3836 3490 3891 adoranda

1906 3943 2050 3998 sunt,
2078 3948 2216 4004 pene
2240 3932 2375 3988 nihil
2401 3932 2697 3987 remanebit
2717 3930 2861 4000 quod
2888 3945 2993 3984 non
3014 3930 3269 3985 adoretur
3292 3948 3304 3982 :
3331 3929 3491 3999 quip-

1905 4042 1972 4097 pe
1997 4041 2119 4081 cum
2141 4032 2222 4079 tot
2249 4024 2522 4094 tantisque
2546 4020 2719 4079 modis
2744 4037 2882 4091 pene
2912 4021 2968 4076 in
2997 4021 3247 4076 omnibus
3272 4028 3492 4075 creatu-

1907 4120 1983 4175 ris
2023 4120 2201 4174 divina
2232 4116 2490 4172 miracula
2516 4124 2731 4172 ostensa
2756 4116 2890 4179 sint,
2934 4114 2989 4169 in
3028 4114 3226 4184 quibus
3251 4114 3376 4168 huic
3402 4122 3495 4168 no.

1907 4221 2035 4264 ειη
2075 4207 2422 4279 disputationi
2444 4206 2721 4261 immorari
2741 4205 2977 4261 otiosum
3016 4213 3117 4267 est,
3149 4203 3402 4273 quoniam
3440 4203 3495 4257 in

1908 4300 2280 4370 superioribus
2322 4296 2482 4367 hujus
2522 4297 2704 4367 operis
2749 4296 2996 4367 partibus
3041 4312 3106 4351 cx
3153 4297 3255 4350 hac
3292 4311 3350 4349 re
3393 4295 3494 4349 ali-

285 4385 1391 4473 5:2:L2nivied2uii'e};
1839 4413 1886 4472 D
1908 4391 2226 4462 ‘1“annuum
2254 4389 2480 4443 Domino
2516 4395 2788 4442 annuente
2824 4385 3155 4456 ἀίδρυιειιυιη
3184 4392 3286 4438 δεῖ·

291 4489 564 4561 reperisse.

284 4622 513 4691 Legitur
541 4619 771 4690 denique
820 4619 876 4674 in
903 4616 1142 4688 ejusdem
1176 4615 1369 4687 synodi
1419 4614 1648 4670 lectione
1677 4613 1802 4669 Dio—

208 4712 412 4784 nysius
437 4710 724 4781 presbyter
743 4707 986 4764 ecclesia;
1014 4706 1409 4763 Ascalonitanaa
1433 4705 1489 4761 in
1511 4719 1657 4776 saepe
1687 4717 1805 4758 me-

209 4812 431 4864 morata
463 4802 670 4873 synodo
696 4800 946 4856 retulisse
959 4799 1248 4869 quemdam
1273 4798 1599 4854 monachum
1622 4811 1806 4853 coram

210 4895 455 4965 imagine
479 4896 652 4951 beatae
686 4892 781 4948 Dei
820 4891 1098 4964 genitricis
1131 4888 1313 4945 Mariae
1342 4889 1619 4944 lucernam
1664 4902 1799 4941 con-

210 4991 493 5053 cinuasse,
508 4995 695 5057 etpost
711 4992 966 5056 quartum
986 4983 1071 5038 vel
1083 4983 1331 5053 quintum
1358 4997 1457 5036 nec
1475 4995 1581 5035 non
1606 4988 1662 5034 et
1685 4993 1807 5033 sex-

211 5087 341 5134 tum
380 5092 623 5133 mensem
667 5075 1051 5132 inexstinctam
1112 5073 1399 5143 reperisse.
1451 5071 1554 5137 Qui
1598 5068 1808 5123 relatus

212 5172 376 5235 dum,
404 5152 617 5224 sicut'et
640 5175 837 5223 caetera
874 5181 995 5236 qua:
1020 5164 1218 5219 ibidem
1246 5162 1416 5218 relata
1440 5170 1583 5225 sunt,
1610 5174 1715 5213 non
1739 5160 1809 5213 ob

214 5262 373 5320 aliud
420 5260 585 5317 fuerit
614 5261 830 5326 allatus,
869 5258 976 5316 nisi
1000 5259 1071 5314 ob
1114 5256 1410 5326 imaginum
1432 5251 1806 5308 stabiliendam

216 5354 619 5418 adorationem,
646 5367 749 5408 nec
775 5351 842 5407 de
868 5366 935 5406 eo
959 5349 1102 5405 sicut
1128 5363 1227 5402 nec
1248 5346 1316 5400 de
1361 5342 1574 5400 cmteris
1618 5342 1808 5397 eadem

217 5443 525 5514 imaginum
553 5441 799 5498 adoratio
827 5439 1116 5510 quemdam
1144 5435 1345 5508 poterit
1386 5434 1633 5490 obtinere
1655 5432 1810 5503 vigo-

217 5549 366 5600 rem,
389 5534 586 5604 quippe
600 5548 726 5589 eum
750 5539 806 5587 et
828 5533 894 5587 de
918 5529 1034 5599 ejus
1055 5528 1159 5583 iide
1186 5526 1278 5596 qui
1306 5525 1359 5581 id
1387 5523 1653 5590 retulerit,
1671 5530 1726 5579 et
1746 5524 1811 5580 dc

220 5624 376 5679 facto
412 5632 590 5679 utrum
622 5623 822 5679 factum
853 5622 943 5687 sit,
972 5627 1025 5675 et
1054 5619 1119 5676 de
1170 5626 1433 5688 tempore,
1459 5617 1677 5687 quando
1728 5617 1809 5671 fa-

223 5726 375 5772 rtum
391 5715 766 5783 sit,etdeloco
793 5714 881 5771 ubi
912 5712 1111 5768 factum
1142 5710 1228 5777 sit,
1263 5716 1319 5768 et
1341 5709 1407 5766 de
1430 5710 1591 5766 modo
1620 5724 1808 5781 quem-

2492 4500 2722 4557 CAPUT
2762 4499 2897 4555 XIII.

1909 4603 2063 4671 Quod
2088 4604 2197 4658 haec
2226 4601 2454 4676 synpdus
2493 4598 2791 4676 nullatenus
2823 4597 3140 4676 requiparari
3181 4592 3357 4676 possit.
3394 4590 3496 4645 Ni-

1978 4690 2137 4728 ca’nw
2164 4662 2383 4744 syn'odo,
2422 4686 2723 4743 quanquam
2750 4671 2803 4723 in
2823 4662 3001 4722 eodem
3024 4667 3089 4721 sit
3110 4662 3312 4735 agitata
3338 4662 3453 4717 loco
3473 4701 3488 4725 ,

1978 4746 2111 4798 sicut
2134 4744 2367 4799 Joannes
2407 4742 2674 4799 mesbuter
2715 4738 2995 4792 adulanter
3031 4737 3225 4790 dixisse
3260 4731 3497 4799 perhibe-

1977 4750 2111 4798 εὔδια
2134 4750 2367 4799 Joannes
2407 4750 2674 4813 presbyter
2715 4750 2995 4792 adutanter
3031 4750 3225 4790 ("11888
3260 4750 3495 4804 permee-

1978 4825 2085 4879 tur,
2105 4815 2293 4886 quippe
2313 4830 2432 4886 cum
2459 4812 2524 4866 ab
2546 4828 2608 4865 ea
2638 4827 2742 4864 non
2786 4806 2955 4863 solum
2985 4808 3041 4862 in
3070 4804 3294 4869 cwteris,
3332 4801 3423 4858 sed
3447 4809 3495 4856 et

1979 4887 2033 4940 in
2063 4882 2294 4956 symbolo
2315 4883 2611 4952 discrepare
2638 4887 2901 4933 noscatur.

1981 4976 2296 5044 Quanquam
2327 4973 2489 5042 igitur
2519 4972 2634 5026 huic
2665 4968 2905 5040 synodus
2937 4968 2991 5023 in
3023 4968 3202 5022 Nicaea
3231 4961 3497 5033 Bithynia:

1911 5069 2044 5123 urbe
2066 5066 2137 5121 sit
2155 5064 2379 5137 agitata,
2403 5075 2741 5131 nequaquam
2763 5060 3055 5115 secundum
3082 5056 3293 5111 illorum
3319 5060 3497 5108 osten-

1914 5158 2199 5221 tationem,
2229 5164 2283 5210 et
2320 5152 2611 5209 secundum
2642 5150 2866 5206 Joannis
2902 5146 3204 5221 presbyteri
3241 5143 3500 5199 adulatio-

1911 5265 2035 5305 nem
2068 5243 2389 5319 :equiparari
2429 5242 2568 5297 valet
2610 5249 2809 5298 sanctae
2837 5240 3068 5296 Nicaena:
3110 5236 3336 5309 synodo,
3370 5250 3501 5305 quo-

1913 5343 2056 5399 niam
2085 5355 2209 5397 cum
2241 5338 2296 5393 in
2327 5336 2574 5408 pluribus
2604 5336 2671 5391 ab
2705 5350 2769 5390 ea
2805 5333 3103 5397 discordet,
3140 5346 3240 5386 nec
3272 5330 3325 5383 in
3357 5343 3497 5398 sym-

1912 5435 2037 5491 bolo
2069 5430 2285 5503 quidem
2316 5429 2368 5485 ei
2402 5428 2623 5485 omnino
2656 5424 2966 5482 concordat.
3006 5424 3178 5479 liabet
3208 5422 3351 5477 enim
3383 5420 3501 5475 haec

1916 5526 1968 5579 in
2003 5540 2115 5578 sua:
2146 5522 2267 5576 iidei
2303 5518 2638 5591 professione
2669 5534 2806 5574 nova
2860 5518 3023 5573 verba
3072 5527 3298 5585 qumque
3335 5521 3388 5566 et
3423 5512 3500 5566 in—

1914 5616 2111 5671 usitata
2140 5628 2259 5685 qua:
2285 5628 2315 5667 a
2347 5620 2531 5669 sancta
2562 5610 2775 5666 Nicaena
2819 5610 3023 5681 synodo
3063 5618 3399 5677 nequaquam
3444 5603 3498 5655 in

1917 5704 2159 5780 symbolo
2204 5712 2329 5761 sunt
2373 5711 2656 5772 annotata,
2707 5701 2771 5757 de
2818 5701 3012 5772 quibus
3054 5700 3107 5754 in
3153 5696 3295 5753 tertii
3340 5691 3500 5761 hujus
