4016 6292
544 225 681 283 120⁸1

1398 224 1458 277 Β.
1498 221 1747 277 CAROLI
1782 216 1994 274 MAGNI
2032 214 2182 272 OPP.
2214 215 2407 305 'PARS
2440 215 2504 271 ll.
2547 215 2789 272 SECTIO
2828 214 2889 271 ll.
2992 224 2997 230 '

3650 221 3775 278 ηοξ

541 336 722 406 operis
740 335 877 392 .libri
913 334 1150 393 exordiis
1185 340 1344 405 prout
1363 316 1649 395 valuimus,
1679 331 1904 386 Domino
1930 330 2113 399 opitu-
2136 329 2190 388 Α
2216 327 2451 384 Trinitas
2479 305 2637 382 Pater
2659 336 2713 382 et
2740 327 2906 381 Filius
2930 332 2986 381 et
3009 324 3241 397 Spiritus
3261 336 3512 395 sanctus;
3538 342 3777 385 creatura

544 426 711 499 lante,
739 427 1147 497 disputavimus.
1170 427 1343 482 Habet
1363 427 1523 481 etiam
1563 433 1685 494 post
1725 423 2114 480 confessionem

545 527 748 572 sanctae
774 517 1052 573 Trinitatis
1074 516 1462 573 confessionem
1488 530 1701 586 quoque
1725 515 2117 571 adorandarum

546 609 839 678 imaginum
862 610 1293 678 inditam,~quam
1316 624 1490 679 neque
1514 609 1568 663 in
1590 609 1972 677 prophetarum
1996 620 2119 661 ora-

546 701 710 767 culis,
759 716 931 771 neque
973 702 1027 756 in
1072 703 1468 772 evangeliorum
1517 702 1796 765 tonitruis,
1845 715 2019 769 neque
2061 700 2115 753 in

548 796 916 866 apostolorum
942 794 1303 865 dogmatibus,
1328 810 1500 864 neque
1536 795 1592 849 in
1631 793 1959 849 anteriorum
1997 804 2120 846 sau-

549 892 761 939 ctarum
787 883 1115 953 synodorum
1143 884 1400 938 relatibus
1426 883 1513 938 vel
1549 882 1913 953 quorumlibet
1936 880 2121 935 orthoo

549 974 811 1030 doxorum
850 982 1065 1045 patrum
1093 974 1353 1030 doctrinis
1378 975 1584 1044 uspiam
1613 974 1910 1044 reperimus
1951 972 2122 1028 inser—

546 1074 677 1120 tam.
714 1066 894 1136 Longe
925 1066 1121 1136 quippe
1149 1075 1204 1122 et
1236 1066 1374 1121 ultra
1407 1066 1569 1136 quam
1594 1066 1699 1121 dici
1738 1072 1933 1134 potest,
1964 1063 2123 1132 longe

544 1156 614 1210 ab
645 1155 735 1211 illa
764 1155 881 1210 hate
905 1155 1086 1221 distat,
1117 1157 1418 1226 praesertim
1442 1160 1568 1211 cuni
1592 1156 1683 1209 illa
1706 1156 2001 1211 Ecclesiam
2025 1170 2120 1210 ca-

545 1244 804 1299 tholicam
829 1246 898 1300 ab
922 1254 1106 1300 errore
1132 1246 1380 1312 reducat,
1412 1247 1515 1302 ista
1545 1261 1576 1301 e
1598 1245 1870 1302 contrario
1891 1246 1946 1300 in
1965 1260 2121 1300 erro-

546 1349 661 1399 rem
691 1335 943 1403 inducat;
991 1337 1080 1391 illa
1107 1351 1138 1391 a
1167 1337 1625 1407 periculosissimp
1659 1336 1804 1392 Arrii
1844 1333 2123 1403 naufragio

544 1439 664 1486 eam
691 1426 949 1495 depellat,
992 1428 1096 1484 ista
1136 1428 1254 1484 eam
1299 1429 1354 1483 in
1394 1427 1801 1483 adorandarum
1827 1428 2122 1498 imaginum

543 1512 884 1585 naufragium
911 1524 1153 1575 coactam
1181 1518 1448 1587 impellat;
1482 1518 1569 1573 illa
1604 1518 1799 1573 Filium
1832 1518 1980 1573 Patri
2004 1532 2123 1573 esse

546 1605 1054 1662 consubstantialem
1084 1616 1140 1662 et
1166 1616 1491 1664 coaeternum
1529 1609 1849 1678 perdoceat,
1895 1611 1997 1665 ista
2035 1625 2123 1665 res

2214 433 2343 473 vero
2378 420 2570 488 partim
2598 426 2682 473 est
2706 417 3005 481 invisibilis,
3033 418 3173 472 sicut
3204 419 3406 483 anima,
3436 421 3640 488 partim
3664 423 3780 476 visi-

2214 510 2357 575 bilis,
2383 510 2523 565 sicut
2558 523 2772 577 corpus,
2804 507 3059 563 invisibili
3099 509 3369 563 tertiarius
3406 525 3673 565 numerus
3697 513 3782 566 tri-

2216 603 2396 657 buitur
2421 617 2435 655 :
2464 616 2635 671 quare
2667 601 2888 671 diligere
2914 601 3083 656 Deum
3112 600 3399 669 tripliciter
3426 600 3785 671 iubemusz

2217 702 2323 747 toto
2344 693 2517 757 corde,
2544 710 2608 747 ea:
2632 703 2740 747 tota
2768 694 2964 756 anima,
2994 701 3043 747 et
3076 709 3141 747 ea:
3166 702 3275 747 tota
3304 702 3479 747 mente
3509 693 3690 765 (Deut.
3718 711 3789 758 vi,

2188 780 2379 859 ‘Levit.
2407 781 2552 851 xxx);
2581 782 2794 851 corpori
2813 782 3191 851 quaternarius
3209 788 3435 850 propter
3458 782 3790 838 evidentissi-

2218 886 2362 927 mam
2389 882 2638 928 naturam
2661 870 2800 940 ejus,
2831 872 2887 926 id
2910 879 3022 936 est,
3050 871 3279 927 calidam
3304 880 3362 926 et
3390 869 3681 941 frigidam,
3703 873 3792 927 hu-

2218 965 2416 1021 midam
2442 973 2497 1020 et
2530 966 2748 1021 siccam.
2779 964 3054 1021 Universae
3079 979 3207 1034 ergo
3245 971 3521 1019 creatum
3559 973 3795 1033 septena-

2220 1055 2353 1120 rius,
2380 1056 2467 1110 cui
2492 1054 2740 1124 adjuncta
2769 1062 2970 1111 sanctae
2992 1054 3274 1113 Trinitatis
3298 1055 3621 1126 cognitione
3647 1056 3795 1112 dena-

2221 1146 2335 1202 rius
2374 1162 2631 1203 numerus
2670 1146 2964 1216 perﬁcitur,
2992 1146 3045 1200 in
3071 1161 3178 1215 quo
3204 1153 3290 1202 est
3313 1145 3501 1200 omnis
3532 1145 3796 1215 sapientia

2222 1238 2530 1307 disciplina,
2584 1253 2704 1308 qua:
2754 1237 2824 1292 ad
2874 1237 3120 1294 homines
3165 1236 3499 1293 erudiendos
3549 1237 3795 1304 pertinet,

2222 1336 2523 1383 creatorem
2552 1336 2963 1395 creaturamque
2988 1327 3337 1397 dignoscere,
3372 1334 3427 1380 et
3454 1325 3612 1380 illum
3640 1325 3797 1381 enim

2223 1416 2605 1483 dominantem,
2634 1417 2793 1472 istam
2824 1415 3323 1484 subjectam‘fateri.
3354 1415 3437 1470 Ac
3466 1430 3573 1485 per
3597 1416 3699 1470 hoc
3718 1415 3793 1469 ad-

2215 1507 2420 1578 junctis
2460 1509 2587 1564 huic
2623 1508 2919 1577 disciplina:
2943 1507 3151 1564 duobus
3184 1505 3646 1562 eminentissimis
3680 1521 3801 1575 pre-

2226 1601 2414 1671 ceptis,
2443 1599 2741 1656 dilectionis
2766 1599 2860 1654 Dei
2900 1596 3148 1653 videlicet
3170 1606 3222 1653 et
3244 1597 3511 1668 proximi,
3539 1597 3799 1653 duodeiw

545 1695 847 1753 insensatas
873 1700 1097 1756 adorare
1118 1709 1462 1770 percenseat:
1490 1701 1581 1757 illa
1606 1702 1901 1758 secundum
1926 1702 2122 1757 divini—
2152 1680 2198 1739 Β
2225 1691 2340 1747 filis
2363 1705 2621 1746 ηυωθτυε
2642 1689 2937 1760 Ρθΐίίοίωτι
2968 1688 3101 1743 Nam
3129 1689 3231 1744 εῑεί
3252 1688 3489 1760 Nam“)
3510 1691 3800 1757 εφίειιπίθ

548 1796 713 1842 tatem
743 1788 1068 1859 comqualem
1106 1789 1255 1844 Patri
1292 1789 1767 1863 Filiumgaﬁirmet,
1800 1792 1902 1846 ista
1927 1790 2126 1860 quasli-

545 1875 639 1930 bet
670 1875 909 1944 picturas
953 1892 1095 1932 arcae
1138 1878 1446 1949 testamenti
1476 1879 1707 1945 Domini,
1751 1879 1901 1935 cruci
1945 1878 2127 1937 Domi-

550 1966 705 2033 nicaa,
732 1968 973 2037 corporis
995 1976 1048 2023 et
1072 1970 1345 2040 sanguinis
1371 1970 1637 2025 Dominici
1659 1977 2015 2035 sacramento,
2041 1969 2126 2024 vel

549 2056 762 2112 caeteris
799 2058 1178 2117 sacratissimis
1218 2060 1378 2115 rebus
1410 2061 1709 2129 comquales
1745 2073 1866 2116 esse
1901 2059 2122 2125 deliret;

548 2145 645 2200 illa
674 2146 727 2201 in
754 2148 927 2211 tribus
951 2149 1332 2219 coazqualibus,
1359 2151 1818 2215 coessentialibus,
1845 2148 2128 2206 coarternis

488 2264 493 2269 η
549 2236 798 2306 personis
826 2253 989 2292 unam
1043 2239 1240 2297 divina:
1281 2239 1581 2309 majestatis
1637 2241 1993 2297 substantiam
2034 2239 2129 2294 ad-

538 2326 812 2381 .orandam
843 2326 1197 2384 saluberrime
1233 2330 1459 2396 sentiat,
1496 2330 1600 2386 ista
1637 2330 1899 2400 imagines
1937 2345 2129 2391 secun-

550 2416 680 2490 dum
723 2417 1001 2473 servitium
1049 2427 1250 2474 sancta:
1293 2419 1571 2477 Trinitatis
1617 2421 1916 2477 adorandas
1957 2420 2130 2490 impu-

549 2508 739 2563 denter
778 2507 955 2575 dicat;
1005 2509 1078 2584 in‘
1108 2509 1197 2583 illa
1246 2510 1566 2566 damnentur
1603 2510 1820 2573 Arriani
1863 2511 2129 2582 dogmatis

545 2613 780 2667 errores,
809 2600 865 2656 in
898 2606 1001 2658 ista
1044 2603 1397 2660 nihilominus
1422 2605 1740 2661 abdicentur
1764 2605 1993 2661 istorum
2016 2620 2130 2660 ma-

541 2689 719 2761 jores;
764 2691 820 2747 in
865 2692 957 2749 illa
999 2704 1352 2750 exsecrentur
1395 2711 1581 2753 eorum
1624 2697 1992 2766 blasphemiae,
2034 2697 2128 2766 qui

545 2780 745 2845 Filium
771 2784 1179 2841 eoessentialem
1207 2785 1355 2840 Patri
1383 2786 1731 2856 pertinaciter
1758 2802 1859 2844 nec
1882 2786 2123 2851 credunt,

544 2884 647 2941 nec
674 2870 931 2939 fatentur,
966 2874 1024 2931 in
1064 2875 1173 2931 ista
1217 2877 1558 2936 abominetur
1584 2894 1770 2935 eorum
1799 2879 2008 2949 puritas
2036 2880 2129 2949 qui

544 2972 728 3032 spreta
754 2964 1091 3035 picturarum
1116 2969 1433 3026 adoratione
1460 2970 1559 3029 soli
1586 2971 1700 3029 Deo
1731 2984 1790 3026 se
1829 2971 2124 3027 servituros

546 3065 764 3112 strenua
793 3066 970 3114 mente
1000 3068 1055 3114 et
1079 3061 1273 3116 devoto
1309 3070 1529 3131 pectore
1566 3052 1918 3133 proﬁtentur;
1953 3064 2009 3123 in
2037 3063 2126 3121 illa

546 3154 669 3216 post
696 3145 1088 3216 confessionem
1115 3158 1315 3206 sanctae
1342 3151 1623 3208 Trinitatis
1653 3154 1900 3210 remissio
1930 3168 2125 3224 pecca-

548 3240 974 3340 torumucarnis
1022 3242 1349 3301 resurrectio
1397 3254 1452 3300 et
1497 3246 1609 3300 vita
1657 3245 1824 3301 futuri
1872 3246 2055 3302 saeculi
2096 3263 2128 3301 a

546 3326 893 3407 pontiﬁcibus
932 3330 1274 3399 perdocetur,
1322 3334 1376 3389 in
1422 3334 1528 3389 ista
1571 3343 1693 3405 post
1736 3334 2127 3392 confessionem

548 3419 789 3490 ejusdem
828 3429 1029 3477 sanctae
1073 3431 1129 3478 et
1159 3424 1333 3480 unicae
1381 3426 1661 3482 Trinitatis
1699 3428 1994 3498 imaginum
2032 3428 2128 3483 ad—

547 3511 722 3569 oratio
750 3511 1174 3583 incompetenter
1193 3514 1479 3581 statuitur;
1509 3516 1561 3570 in
1588 3516 1678 3571 illa
1700 3517 1815 3572 sive
1839 3518 1896 3572 in
1917 3517 2126 3573 caeteris

547 3617 605 3675 sy
615 3602 766 3659 nodis
791 3616 890 3673 pro
911 3602 1175 3661 defunctis
1199 3603 1444 3667 ﬁdelibus
1468 3606 1578 3663 Deo
1602 3607 1926 3663 sacriﬁcium
1948 3606 2128 3664 offerri

547 3710 655 3759 non
703 3696 1048 3765 prohibetur,
1098 3697 1151 3752 in
1198 3698 1303 3753 ista
1353 3696 1617 3755 defunctis
1661 3700 2129 3769 prodecessoribus

548 3787 662 3850 sive
688 3789 1000 3856 parentibus
1023 3804 1055 3843 a
1084 3788 1208 3845 ﬁliis
1232 3790 1317 3845 vel
1360 3791 1764 3848 successoribus
1788 3792 2128 3846 anathemata

548 3879 901 3949 ingeruntur;
943 3888 998 3936 et
1040 3888 1100 3935 ut
1139 3890 1337 3938 caetera
1376 3890 1650 3939 taceamus
1689 3898 1809 3952 qua:
1849 3897 2129 3939 recensere

547 3965 768 4035 longum
792 3975 904 4033 est,
939 3967 998 4022 in
1023 3968 1112 4022 illa
1136 3985 1371 4026 cccxvm
1405 3970 1555 4026 fuere
1589 3970 1892 4040 pontiﬁces,
1916 3971 1972 4024 in
2002 3970 2125 4035 ista,

548 4062 607 4107 ut
633 4053 739 4124 ipsi
762 4066 1093 4123 asseverant,
1119 4074 1291 4115 cccvi.
1322 4059 1475 4115 Unde
1502 4076 1608 4115 non
1636 4061 1905 4116 immerito
1926 4061 2042 4116 hinc
2059 4061 2128 4115 ab

549 4143 639 4198 illa
680 4142 1009 4207 duodenario
1050 4163 1274 4204 numero
1312 4149 1589 4204 subtracto
1626 4150 1809 4216 distat,
1850 4150 1964 4206 sive
2001 4152 2128 4222 quia

546 4236 691 4292 idem
729 4250 983 4292 numerus
1011 4237 1145 4302 duos
1176 4240 1232 4293 in
1270 4254 1329 4294 se
1361 4240 1629 4310 perfectos
1655 4258 1909 4299 numeros
1942 4245 2120 4310 habet,

2226 1795 2468 1843 numero,
2496 1780 2553 1835 in
2571 1795 2679 1849 quo
2701 1780 2991 1836 humanam
3017 1786 3265 1834 naturam
3289 1780 3500 1849 partim
3525 1780 3798 1846 visibilem,

2225 1870 2420 1940 partim
2443 1869 2763 1925 iuvisibilem
2775 1869 3133 1928 demonstrari
3145 1868 3403 1935 diximus,
3417 1869 3671 1939 quinque
3684 1868 3803 1939 legis

2225 1958 2348 2014 libri
2377 1972 2473 2028 per
2507 1973 2643 2029 quos
2670 1959 2739 2014 ad
2767 1959 2861 2013 Dei
2889 1957 3251 2028 cognitionem
3275 1966 3331 2014 et
3358 1959 3427 2013 ad
3464 1958 3801 2015 dilectioum

2227 2050 2322 2105 Dei
2347 2059 2402 2105 et
2420 2050 2651 2121 proximi
2678 2049 2890 2105 venitur
2913 2049 3197 2113 addantur,
3218 2049 3596 2104 duodeuarius
3624 2049 3804 2103 nihile-

2225 2141 2404 2196 minus
2445 2156 2699 2197 numerus
2723 2139 3023 2209 completur
3066 2156 3081 2194 :
3127 2139 3215 2194 cui
3244 2140 3293 2195 si
3319 2147 3565 2209 quatuor
3587 2155 3804 2210 evange-

2226 2231 2422 2288 liorum
2447 2232 2570 2289 libri
2592 2231 2967 2301 adjungantur,
2991 2232 3065 2286 ad
3082 2240 3295 2287 sextum
3318 2231 3603 2287 decimum
3632 2248 3805 2288 nume-

2226 2342 2345 2381 rum
2370 2326 2504 2382 ordo
2529 2326 2887 2396 protenditur,
2915 2326 3169 2395 quoniam
3194 2333 3251 2380 et
3271 2325 3418 2399 idem
3445 2326 3806 2382 duodenarins

2225 2418 2469 2488 partibus
2496 2417 2610 2472 suis
2639 2417 3027 2487 multiplicatus
3063 2418 3132 2473 ad
3168 2425 3384 2475 sextum
3412 2419 3691 2475 decimum
3716 2434 3807 2473 nu-

2226 2522 2432 2564 merum
2456 2508 2731 2578 pervenit,
2761 2509 3025 2578 assumpti
3044 2509 3189 2564 enim
3215 2525 3308 2565 sex
3339 2524 3481 2579 quos
3509 2510 3598 2565 bis
3628 2510 3805 2571 habet,

2226 2608 2281 2655 et
2310 2601 2416 2656 duo
2440 2614 2575 2670 quos
2602 2600 2778 2658 sexies
2801 2600 2995 2666 habet,
3022 2608 3076 2669 et
3102 2607 3212 2655 tres
3233 2616 3370 2671 quos
3394 2609 3595 2672 quater
3617 2601 3806 2665 habet,

2225 2700 2281 2749 et
2307 2699 2537 2763 quatuor
2561 2708 2698 2763 quos
2732 2700 2816 2748 ter
2847 2693 3039 2759 habet,
3078 2699 3135 2748 et
3167 2706 3307 2747 unus
3328 2706 3493 2761 quem
3521 2691 3810 2747 duodecies

2225 2782 2417 2849 habet,
2455 2789 2666 2838 sextum
2692 2781 2961 2838 decimum
2991 2795 3278 2836 numerum
3304 2780 3576 2846 efﬁciunt,
3622 2789 3689 2835 ut
3720 2797 3811 2852 per

2220 2873 2326 2941 ,has
2373 2874 2611 2944 quinque
2663 2880 2848 2944 partes
2897 2872 2953 2928 in
3006 2873 3202 2943 quibus
3251 2873 3490 2943 quinque
3543 2872 3810 2928 librorum

2227 2965 2395 3035 ﬁgura
2423 2973 2655 3032 tenetur,
2682 2973 2738 3020 et
2766 2973 2970 3036 septem
3001 2966 3055 3033 in
3081 2964 3278 3035 quibus
3299 2972 3550 3019 creatura
3578 2964 3815 3018 visibilis

2150 3018 2198 3083 ο
2227 3018 2296 3111 εἴ
2327 3056 2612 3112 invisibilis
2641 3018 3185 3122 ,demonstraturfet
3231 3063 3462 3126 quatuor
3508 3056 3565 3110 in
3614 3056 3816 3125 quibus

2227 3159 2414 3210 sancta
2460 3152 2735 3222 evangelia
2779 3152 3152 3222 designantur,
3205 3149 3276 3205 ad
3326 3148 3815 3205 sextumdecimnm

2225 3256 2510 3297 numerum
2529 3241 2901 3311 perveniatur;
2933 3241 3023 3295 ubi
3046 3249 3101 3295 et
3127 3240 3182 3295 in
3204 3238 3388 3296 decem
3414 3239 3662 3311 decalogi
3685 3255 3808 3310 pre

2225 3341 2395 3403 cepta,
2434 3339 2488 3387 et
2531 3332 2588 3386 in
2633 3346 2728 3393 sex
2762 3332 2928 3388 totius
2967 3329 3315 3403 perfectionis
3352 3345 3563 3387 summa
3602 3344 3737 3399 quae
3762 3329 3816 3384 in

2226 3439 2365 3481 novo
2389 3424 2735 3480 Testamento
2775 3439 2872 3494 per
2910 3423 3259 3479 mediatorem
3302 3422 3398 3478 Dei
3436 3430 3491 3477 et
3528 3422 3819 3478 hominum

2225 3513 2351 3579 data
2379 3522 2496 3581 est,
2526 3514 2847 3580 ostenditur,
2874 3522 2936 3569 ut
2960 3528 3058 3584 per
3086 3513 3365 3569 duodecim
3407 3512 3815 3583 apostolorum,

2226 3614 2283 3661 et
2304 3622 2401 3677 per
2427 3614 2661 3677 quatuor
2685 3605 3101 3676 evangeliorum,
3131 3612 3187 3660 et
3208 3618 3306 3674 per
3324 3603 3558 3660 sedecim
3587 3603 3821 3659 nobilis-

2228 3698 2488 3753 simorum
2514 3703 2696 3752 vatum
2722 3696 2814 3765 qui
2841 3694 3010 3752 libros
3034 3695 3235 3750 habent
3261 3694 3523 3758 tonitrua,
3547 3694 3619 3749 ad
3655 3694 3820 3749 anilis

2228 3790 2566 3845 solummodo
2588 3789 2685 3844 Dei
2706 3788 2971 3845 culturam
2988 3795 3045 3842 et
3064 3785 3452 3850 adorationem,
3466 3785 3820 3856 spretiscun-

2228 3882 2331 3937 ctis
2360 3881 2688 3937 vanitatibus
2715 3878 3045 3944 mortalium,
3076 3885 3284 3933 mentes
3307 3876 3606 3947 erigantur.

2299 3970 2447 4027 Cum-
2478 3984 2608 4039 ergo
2650 3969 2761 4026 sint
2802 3967 3083 4023 duodecim
3127 3967 3481 4037 patriarchae,
3526 3966 3817 4022 duodecim

2228 4062 2465 4118 minores
2505 4061 2799 4133 prophetae,
2845 4057 3128 4114 duodecim
3169 4057 3335 4113 etiam
3381 4057 3645 4128 apostoli,
3691 4070 3724 4099 ι
3766 4064 3819 4111 et

2178 4194 2183 4198 ι
2228 4156 2410 4227 plures
2437 4152 2809 4224 hujuscemodi
2834 4153 2927 4223 qui
2946 4153 3003 4209 in
3027 4151 3223 4210 divinis
3239 4151 3438 4206 litteris
3458 4151 3531 4206 ab
3555 4150 3817 4207 studiosis

2230 4248 2523 4304 lectoribus
2544 4246 2789 4316 indagari
2813 4253 3058 4316 possunt,
3085 4252 3210 4300 sunt
3232 4244 3396 4299 etiam
3422 4243 3478 4298 in
3500 4244 3702 4299 eum
3728 4260 3818 4298 nn-

545 4328 662 4384 sive
685 4326 810 4399 quia
837 4327 891 4382 in
919 4328 1154 4384 ternario
1177 4344 1335 4400 quem
1361 4340 1551 4403 quater
1593 4333 1776 4399 habet,
1804 4341 1860 4390 et
1899 4335 1955 4389 in
1994 4351 2126 4406 qua—
2155 4369 2206 4433 υ
2229 4354 2381 4403 mero
2424 4338 2595 4415 multa
2642 4353 2763 4408 quae
2803 4338 2871 4392 ad
2915 4336 3167 4408 physicos
3210 4336 3480 4405 pertinent
3525 4335 3814 4392 collocata.

548 4420 787 4477 ternario
810 4435 971 4491 quem
1002 4428 1084 4477 ter
1109 4422 1290 4488 habet,
1318 4426 1634 4495 mysterium
1659 4436 1860 4483 sanctae
1888 4428 2124 4483 Trinita-

547 4514 619 4571 tis
661 4513 719 4569 in
759 4522 993 4586 quatuor
1029 4515 1322 4587 evangeliis
1364 4526 1417 4573 et
1459 4528 1690 4589 quatuor
1729 4520 2123 4591 evangeliorum

536 4603 750 4680 fontem
793 4607 1037 4659 eamdem
1085 4613 1325 4661 sanctam
1374 4606 1693 4664 Trinitatem
1739 4625 1858 4665 csse
1903 4609 2124 4665 demon—

452 4698 457 4703 “
544 4703 714 4759 strat;
752 4694 864 4748 sive
892 4695 1016 4763 quia
1055 4695 1196 4750 idem
1220 4696 1582 4752 duodenarius
1619 4713 1874 4756 numerus
1909 4714 2122 4754 omnem

544 4781 881 4852 disciplinam
928 4784 1328 4855 dignoscentem
1374 4795 1430 4841 et
1473 4787 1866 4843 discernentem
1914 4796 2126 4843 creatu-

544 4887 662 4927 ram
691 4881 850 4942 atque
870 4883 1173 4930 creatorem
1203 4885 1257 4932 et
1295 4878 1362 4931 ad
1402 4892 1632 4946 superna
1661 4876 1943 4931 ducentem
1961 4918 1974 4943 ,
2006 4893 2124 4947 quae

544 4964 621 5021 illi
651 4965 856 5037 synodo
880 4966 1092 5036 penitus
1117 4967 1298 5035 deest,
1326 4969 1429 5024 hoc
1458 4969 1618 5024 modo
1647 4969 1998 5024 demonstrat.
2030 4969 2126 5025 Est

546 5066 725 5112 autem
751 5064 964 5112 creator
986 5059 1146 5124 Deus,
1168 5074 1236 5114 ex
1261 5075 1369 5129 quo
1396 5062 1596 5128 omnia,
1620 5076 1716 5131 per
1737 5076 1896 5132 quem
1920 5063 2121 5127 omnia,

548 5149 600 5201 in
628 5164 733 5217 quo
757 5150 960 5215 omnia,
997 5150 1207 5205 dicente
1228 5142 1486 5221 Apostolo
1511 5170 1523 5206 :
1550 5152 1808 5219 Quoniam
1836 5170 1899 5208 ex
1922 5155 2053 5224 ipso,
2078 5164 2124 5208 et

552 5255 639 5299 per
668 5242 853 5309 ipsum,
892 5252 941 5296 et
979 5242 1033 5295 in
1060 5246 1169 5313 ipso
1211 5254 1330 5296 sunt
1373 5245 1547 5299 omnia
1588 5245 1765 5317 (Rom.
1794 5247 1894 5318 xu),
1925 5255 1978 5300 et
2009 5246 2127 5301 ideo

625 5363 649 5389 α
686 5349 756 5427 Et
771 5352 945 5422 plures
967 5353 1332 5427 hujuscemodi
1353 5360 1546 5427 quwin
1568 5359 1756 5413 divinis
1778 5359 1981 5420 litteris,
2017 5369 2122 5414 ctc.

555 5419 879 5503 Emendalor
907 5419 1079 5477 mutat
1112 5425 1165 5503 in
1192 5419 1375 5495 plura,
1395 5442 1499 5503 qua
1532 5430 1827 5484 mutatione
1860 5429 1987 5483 nihil
2012 5439 2128 5484 erat

555 5504 728 5568 Opus,“
736 5495 780 5544 si
804 5506 902 5568 pro
929 5510 1046 5568 qua:
1066 5495 1383 5568 collocasset
1405 5495 1514 5568 qui.

626 5560 654 5599 δ
689 5558 824 5615 Sunt
855 5558 1129 5617 duodecim
1164 5568 1300 5621 venti
1329 5558 1578 5623 mu'udum
1615 5571 1669 5624 in
1697 5571 1919 5624 circuitu
1947 5570 2127 5623 termi-

558 5638 735 5697 natum
764 5647 855 5686 uer
886 5643 1110 5693 auatuor
1138 5635 1248 5689 cali
1281 5646 1457 5705 partes
1491 5639 1787 5704 perﬂautes.
1836 5639 1997 5707 Lego,
2027 5649 2131 5693 ter—

2230 4430 2367 4485 Sunt
2387 4444 2620 4499 namque
2642 4429 2696 4483 in
2720 4428 2939 4482 zodiaco
2963 4427 3166 4482 circulo
3190 4426 3472 4481 duodecim
3494 4426 3671 4496 signa,
3696 4442 3814 4496 quae

2225 4521 2372 4575 illum
2418 4519 2573 4590 quasi
2629 4518 2845 4589 quidam
2892 4530 3222 4587 gemmarum
3269 4516 3489 4571 ordines
3538 4516 3809 4579 ambiunt;

2223 4610 2254 4650 ι’
2282 4617 2408 4665 sunt
2436 4608 2717 4663 duodecim
2749 4607 2894 4661 venti
2924 4607 3180 4662 mundum
3212 4607 3265 4661 in
3290 4607 3527 4662 circuitu
3560 4609 3810 4662 ternatim

2222 4718 2320 4773 per
2358 4708 2590 4771 quatuor
2626 4700 2747 4756 coeli
2791 4702 2970 4770 partes
3011 4698 3326 4771 perﬁantes;
3360 4704 3489 4752 sunt
3527 4696 3811 4754 duodecim

2226 4805 2468 4855 menses,
2521 4790 2714 4860 quibus
2764 4805 2938 4845 anuus
2984 4788 3290 4859 perﬁcitur;
3347 4796 3475 4842 sunt
3522 4787 3808 4842 duodecim

2225 4885 2371 4937 horae
2405 4883 2606 4953 quibus
2642 4883 2760 4939 dies
2796 4883 3110 4952 completur,
3150 4890 3205 4937 et
3240 4881 3394 4951 plura
3437 4879 3808 4949 hujuscemodi

2226 4991 2343 5044 qum
2367 4976 2435 5030 ab
2463 4973 2689 5029 eruditis
2720 4975 2852 5029 viris
2888 4982 2942 5027 et
2972 4973 3264 5029 secundum
3299 4971 3642 5027 stecularium
3672 4970 3809 5024 litte-

2227 5081 2407 5119 rarum
2434 5064 2793 5134 cognitionem
2821 5063 3161 5132 indagantur,
3191 5068 3248 5117 et
3271 5058 3596 5131 spiritaliter
3621 5074 3809 5114 secun-

2226 5157 2351 5210 dum
2382 5154 2806 5210 ecclesiasticam
2842 5153 3139 5209 doctrinam
3174 5151 3563 5221 intelliguntur.
3603 5150 3739 5205 Nam
3760 5148 3807 5203 si

2228 5246 2364 5300 forte
2390 5245 2585 5315 aliquis
2607 5243 2766 5313 hujus
2790 5246 2959 5299 nostri
2984 5244 3166 5314 operis
3188 5243 3522 5298 obtrectator
3539 5257 3643 5298 nos
3663 5255 3804 5297 πηοτ-
3904 5245 3910 5248 ⁴

2229 5356 2413 5409 natim.
2458 5354 2617 5409 Venti
2648 5362 2772 5408 sunt
2807 5352 3118 5423 duodecim,
3146 5367 3377 5423 quorum
3402 5360 3637 5423 quatuor
3659 5349 3805 5423 prin-

2229 5425 2447 5495 cipales,
2477 5425 2671 5495 caeteri
2688 5423 2957 5495 laterales.
2986 5422 3049 5476 lli
3079 5438 3146 5477 ex
3166 5420 3400 5495 quatuor
3423 5420 3608 5476 mundi
3635 5420 3805 5495 parti-

2229 5488 2340 5572 bus
2364 5488 2733 5572 manipulatim
2772 5494 3008 5572 _spirant,
3060 5488 3272 5572 tres—ab
3302 5493 3541 5572 oriente,
3734 5488 3806 5542 ab

2229 5565 2529 5631 occidente,
2575 5580 2605 5628 a
2654 5564 2875 5619 meridie
2914 5572 3042 5628 tres,
3078 5571 3133 5617 et
3179 5570 3291 5619 tres
3334 5578 3369 5619 a
3414 5564 3799 5632 septentrione.

2234 5636 2345 5690 lloc
2369 5635 2590 5692 Carolus
2618 5635 2766 5701 dicit,
2796 5634 3037 5689 ternatim
3063 5636 3310 5703 perﬂare.
