4016 6292
294 278 438 334 ηοθ

1031 359 1033 361 ι
1077 274 1250 328 LIBRI
1289 274 1607 330 CAROLINI
1665 306 1732 316 -—
1771 277 1990 332 CAPIT.
2032 280 2119 334 DE
2155 265 2342 336 ΙΜᾸΟ.
2383 313 2450 321 ——-
2482 281 2609 337 LIB.
2651 285 2737 341 IV.

3393 295 3527 351 1210

279 394 419 447 dere
457 391 680 453 nitatur,
707 397 788 443 ‘eo
825 386 967 457 quod
1003 390 1072 443 de
1105 389 1364 460 physicis,
1397 391 1462 443 de
1490 389 1575 442 his
1612 389 1857 443 videlicet
1886 393 1926 446 Α
1959 392 2376 462 meritorumque
2423 395 2718 464 impuritas.
2757 396 2988 454 Possunt
3033 404 3174 458 enim
3213 407 3263 461 in
3300 408 3385 466 his
3418 412 3527 469 eise-

279 499 410 551 quae
448 482 500 535 in
545 481 921 534 mathematica
960 479 1241 544 habentur,
1281 480 1522 548 exempla
1561 480 1854 548 posuimus,

279 574 434 642 legat
461 572 676 626 beatum
704 571 1087 640 Hieronymum
1105 611 1119 635 ,
1148 579 1200 625 et
1237 587 1335 624 nos
1361 579 1452 624 aut
1477 587 1596 624 cum
1625 585 1688 624 eo
1716 587 1858 625 mor—

278 663 434 726 deat,
474 670 566 714 aut
595 660 710 730 ejus
742 661 1040 715 doctrinam
1069 669 1491 730 caeterorumque
1521 661 1738 715 Patrum
1769 678 1858 716 se-

276 760 510 820 quentes
539 752 838 804 litterarum
861 765 965 805 non
987 751 1196 806 nescios
1218 759 1583 821 recognoscat.
1606 752 1693 805 Ait
1714 756 1856 805 enim

277 844 429 897 idem
468 843 658 896 doctor
695 843 820 895 dum
860 843 923 895 de
967 851 1116 896 veste
1157 843 1468 897 sacerdotali
1515 843 1850 911 disputaret:

281 950 305 980 ι
345 930 626 985 Rationale
652 929 705 982 in
729 928 903 983 medio
923 929 1154 997 positum
1179 938 1374 983 terram
1396 931 1715 994 edisserunt,
1737 946 1855 1000 qua:

272 1023 352 1077 ad
389 1024 559 1077 instar
586 1022 767 1092 puncti
798 1021 923 1076 licet
956 1021 1135 1076 omnia
1171 1022 1224 1074 in
1261 1037 1318 1076 se
1352 1024 1573 1088 habeat,
1612 1032 1789 1077 tamen
1824 1038 1854 1076 a

271 1114 492 1166 cunctis
518 1111 745 1164 vallatur
776 1110 1085 1174 elementis;
1120 1111 1398 1166 duodecim
1423 1112 1626 1182 lapides
1653 1113 1734 1166 vel
1766 1128 1856 1167 zo-

273 1201 499 1256 diacum
531 1201 954 1269 interpretantur
979 1201 1259 1265 circulum,
1290 1202 1372 1256 vel
1401 1202 1681 1257 duodecim
1707 1216 1856 1256 men-

270 1307 390 1356 ses,
419 1300 472 1346 et
498 1292 722 1361 singulis
747 1291 1028 1346 versiculis
1054 1292 1262 1362 singula
1290 1293 1566 1362 assignant
1591 1300 1850 1361 tempora,

266 1391 335 1437 et
361 1381 446 1436 his
470 1388 652 1436 ternos
678 1381 933 1450 deputant
960 1396 1192 1436 menses.
1227 1381 1336 1435 Nec
1359 1383 1516 1436 alicui
1541 1383 1756 1451 gentilis
1776 1383 1854 1436 vi-

266 1472 468 1527 deatur
491 1471 771 1540 expositio.
807 1469 923 1525 Non
949 1471 1092 1526 enim
1124 1472 1168 1526 si
1201 1472 1441 1527 caelestia
1469 1482 1523 1526 et
1551 1473 1643 1526 Dei
1675 1473 1853 1542 dispo-

265 1551 524 1620 sitionem
577 1565 842 1620 idolorum
893 1565 1197 1620 nominibus
1243 1563 1594 1627 infamarunt,
1650 1563 1852 1618 idcirco

263 1655 371 1711 Dei
404 1655 642 1724 neganda
680 1662 763 1709 est
800 1653 1155 1722 providentia,
1193 1668 1313 1723 quae
1349 1661 1496 1708 certa
1535 1651 1653 1723 lege
1681 1652 1851 1706 currit

1958 481 2184 550 demque
2217 484 2348 538 locis
2378 494 2431 538 et
2469 504 2496 540 a
2535 488 2716 554 pravis
2749 505 2909 558 prava
2947 508 3187 564 qumque,
3221 507 3275 551 et
3307 516 3336 553 a
3370 506 3520 561 rectis

1957 579 2104 624 recta
2140 589 2364 641 qumque
2401 577 2602 645 peragi.
2645 576 2776 630 Nam
2816 579 2868 633 in
2900 583 3030 636 urbe
3054 600 3171 652 quae
3199 586 3299 640 fuit
3335 601 3512 646 metro

1954 663 2091 732 polis
2117 665 2331 735 Aigypti
2371 683 2487 735 qua:
2517 684 2545 721 a
2575 669 2872 735 Titanibus,
2905 674 2956 728 id
2991 684 3102 740 est,
3142 693 3172 730 a
3209 679 3509 750 Gigantibus

1957 755 2168 846 condita
2209 755 2373 811 fuisse
2411 760 2738 826 perhibetur,
2771 771 2825 816 et
2865 765 2932 818 ab
2965 767 3043 820 eis
3085 767 3285 825 Thanis
3317 784 3530 846 vocata,

1955 843 2119 898 multa
2143 855 2300 914 atque
2327 851 2583 916 stupenda
2612 865 2640 902 a
2667 850 2847 921 Moyse
2870 854 3030 909 divini
3058 859 3288 913 nominis
3313 843 3525 921 invoca;

1957 931 2100 987 tione
2125 943 2248 988 sunt
2286 945 2499 1003 peracta
2541 939 2828 1006 miracula,
2872 952 2925 998 et
2964 960 2994 998 a
3026 945 3189 1017 Magis
3229 949 3525 1010 Pharaonis

1954 1025 2220 1078 aeriarum
2247 1035 2569 1096 potestatum
2606 1030 3036 1090 insolentissimis
3061 1040 3331 1096 exercitiis
3359 1044 3524 1099 multa

1952 1123 2168 1184 peracta
2194 1120 2480 1188 prmstigia,
2513 1121 2565 1173 in
2590 1119 2934 1192 ejusdemque
2958 1125 3202 1182 Thaneos
3232 1131 3522 1198 suburhiis,

1953 1214 2006 1258 et
2049 1221 2079 1258 a
2121 1207 2321 1262 sanctis
2347 1210 2479 1263 viris
2519 1210 2696 1280 Moyse
2734 1213 2980 1270 videlicet
3021 1224 3074 1271 et
3109 1218 3287 1274 Aaron
3328 1239 3525 1280 memo-

1953 1294 2118 1347 randa
2149 1305 2270 1350 sunt
2297 1305 2442 1366 gesta
2469 1300 2728 1370 prodigia,
2759 1312 2813 1356 et
2841 1320 2869 1357 a
2899 1305 3198 1362 dmmonum
3230 1311 3524 1370 cultoribus

1951 1383 2173 1440 nefariis
2197 1387 2520 1454 quibuslibet
2554 1394 3045 1451 consecrationibus
3085 1399 3196 1452 sive
3238 1400 3525 1458 invocatio-

1951 1474 2108 1529 nibus
2136 1475 2366 1530 infausta
2405 1477 2683 1548 ﬁgmenta,
2729 1483 2911 1552 sicque
2948 1485 3047 1540 loci
3077 1493 3381 1546 communio
3412 1493 3525 1548 nul-

1950 1565 2061 1619 lum
2087 1567 2192 1622 illis
2215 1568 2395 1622 valens
2418 1569 2610 1624 atl‘erre
2635 1572 3019 1642 praeiudicium,
3049 1587 3103 1633 et
3130 1581 3246 1636 istis
3268 1584 3353 1651 pia
3379 1600 3522 1653 quae.-

1949 1671 2053 1724 que
2082 1657 2383 1726 agentibus,
2410 1669 2465 1714 et
2495 1661 2600 1716 illis
2628 1666 2883 1731 probrosa
2915 1683 3139 1738 qumque
3165 1677 3523 1744 perpetranti-

263 1754 330 1835 et
368 1745 538 1801 fertur
580 1753 634 1799 et
675 1744 812 1835 regit
856 1743 1037 1798 omnia
1077 1758 1091 1796 :
1131 1750 1185 1797 et
1211 1743 1280 1835 lin
1325 1741 1426 1835 Job
1467 1741 1753 1835 Arcturum
1794 1750 1849 1796 el
1880 1746 1922 1805 Β
1951 1748 2050 1803 bus
2083 1765 2366 1805 commune
2404 1755 2631 1820 prtebuit
2669 1756 2978 1826 hospitium.
3022 1762 3162 1817 Urbs
3201 1741 3382 1835 itaque
3425 1766 3522 1822 Sa-

265 1834 526 1890 Orionem
558 1843 612 1889 et
640 1834 944 1898 Mazuroth,
977 1835 1079 1889 hoc
1102 1832 1216 1898 est,
1244 1834 1524 1888 zodiacum
1552 1833 1842 1898 circulum,

262 1934 327 1979 et
357 1933 551 1979 cetera
591 1931 858 1978 astrorum
903 1925 1118 1979 nomina
1161 1925 1408 1994 legimus,
1451 1941 1556 1980 non
1586 1925 1727 1994 quod
1754 1940 1846 1979 ea-

265 2017 394 2071 dem
424 2018 560 2085 apud
595 2016 847 2071 Hebraeos
876 2017 1133 2071 vocabula
1166 2017 1302 2082 sint,
1338 2017 1432 2072 sed
1458 2017 1583 2086 quia
1613 2032 1710 2071 nos
1738 2032 1843 2072 non

262 2124 552 2180 possumus
579 2125 696 2178 qua:
726 2109 977 2164 dicuntur
1005 2111 1109 2166 nisi
1151 2111 1422 2166 consuetis
1444 2110 1664 2165 vocibus
1690 2108 1846 2163 intel-

263 2202 458 2272 ligere.
498 2222 514 2253 ι
551 2201 646 2255 Est
677 2216 891 2270 quoque
931 2202 1018 2256 hic
1057 2217 1314 2256 numerus
1348 2202 1532 2257 multis
1571 2201 1844 2271 mysteriis

264 2302 638 2359 consecratus,
670 2309 789 2363 qua:
822 2294 1030 2364 singula
1070 2303 1316 2350 retexere
1352 2294 1637 2349 brevitatis
1668 2293 1845 2348 studio

261 2399 376 2439 non
407 2383 663 2448 valemus,
701 2393 756 2439 et
788 2393 848 2439 ut
882 2400 1040 2440 nosse
1075 2386 1363 2455 possimus,
1401 2385 1520 2440 ideo
1553 2384 1679 2439 huic
1707 2384 1843 2439 isto-

260 2489 388 2527 rum
418 2473 623 2545 synodo
651 2474 929 2529 duodecim
966 2475 1246 2544 pontiﬁces
1279 2476 1458 2530 minus
1484 2474 1648 2530 fuisse
1681 2490 1844 2544 quam

261 2563 347 2618 illi
374 2573 572 2618 sanctae
602 2563 830 2619 Nicaenae
860 2567 1082 2635 synodo,
1109 2567 1235 2634 quia
1264 2566 1542 2621 duodecim
1570 2566 1841 2636 apostolo-

260 2671 386 2710 rum
419 2656 782 2712 sacratissima
809 2657 1189 2726 praadicatione
1216 2659 1328 2712 sive
1353 2657 1694 2722 auctoritate,
1719 2657 1840 2726 qui—

260 2746 368 2804 bus
398 2747 540 2801 illam
567 2761 792 2816 prorsus
813 2755 1026 2802 constat
1049 2763 1169 2803 esse
1195 2748 1485 2812 munitam,
1517 2749 1676 2802 istam
1708 2763 1842 2802 con-

260 2845 375 2893 stat
397 2851 514 2892 esse
549 2837 604 2891 in
633 2836 902 2907 plerisque
929 2848 1272 2904 extraneam;
1309 2849 1364 2893 et
1395 2840 1590 2907 quibus
1625 2839 1714 2893 illa
1744 2839 1840 2893 ad-

259 2927 450 2983 hibitis
493 2929 648 2998 quasi
692 2929 1012 2998 quibusdam
1056 2930 1555 3000 inexpugnabilibus
1603 2929 1842 2984 turribus

259 3031 522 3079 exornata
547 3024 616 3077 ad
639 3023 828 3081 altiora
850 3023 1145 3094 consurgit,
1174 3025 1258 3079 his
1280 3025 1384 3079 ista
1407 3024 1584 3079 minus
1609 3025 1840 3081 inventis

259 3113 511 3171 mutilata
555 3115 623 3169 ad
667 3115 937 3170 deteriora
979 3115 1246 3182 decurrit;
1292 3116 1384 3170 illa
1433 3118 1518 3172 his
1559 3117 1839 3174 duodecim

259 3207 490 3276 gemmis
518 3207 571 3261 in
614 3208 810 3277 quibus
845 3208 1125 3262 duodecim
1154 3209 1392 3263 tribuum
1425 3209 1672 3272 nomina,
1702 3209 1840 3263 anti-

260 3313 495 3369 quorum
527 3307 738 3368 patrum
767 3299 1015 3354 videlicet
1051 3300 1258 3354 notitiae
1281 3299 1366 3355 vel
1400 3300 1642 3369 exempla
1668 3300 1840 3354 virtu-

260 3401 402 3455 tum,
429 3391 628 3459 scripta
657 3398 799 3456 sunt,
830 3398 1140 3457 exornatur,
1165 3391 1363 3459 quibus
1388 3391 1488 3444 ista
1514 3389 1728 3458 penitus
1750 3405 1841 3443 ca-

261 3495 386 3537 rere
415 3479 769 3550 dignoscitur;
801 3480 886 3534 his
914 3479 1194 3534 duodecim
1219 3479 1392 3548 portis
1422 3479 1565 3534 illius
1587 3478 1839 3547 pulcher-

261 3573 418 3628 rima:
453 3571 704 3638 civitatis,
743 3571 1228 3626 sacratissimarum
1266 3571 1471 3626 scilicet
1505 3571 1841 3626 constitutio-

260 3678 416 3726 num,
458 3677 652 3716 arcana
691 3670 1059 3733 penetrantur,
1103 3677 1222 3732 quae
1264 3663 1318 3716 in
1359 3663 1458 3717 ista
1502 3676 1840 3732 nequaquam

260 3755 547 3809 habentur.
586 3753 796 3809 Nullam
822 3770 952 3828 ergo
978 3757 1119 3812 inter
1158 3757 1299 3810 illam
1337 3765 1392 3810 et
1428 3756 1584 3810 istam
1622 3757 1842 3812 merito-

259 3860 386 3900 rum
412 3845 648 3916 reperire
672 3846 940 3916 quivimus
964 3846 1420 3909 coneordantiam,
1449 3853 1647 3916 praeter
1667 3847 1840 3900 nomi-

259 3937 351 3991 nis
376 3935 1178 4010 solummodooonsonantiam,
1220 3944 1280 3991 ut
1315 3945 1369 3991 et
1403 3936 1494 3991 illa
1522 3951 1587 3992 eo
1616 3937 1758 4006 quod
1785 3936 1840 3991 in

259 4027 550 4097 metropoli
577 4026 843 4098 Bithyniae
873 4028 1005 4082 urbe
1034 4026 1211 4082 Nicaea
1239 4028 1304 4082 ad
1327 4027 1623 4098 profectum
1652 4027 1839 4082 Eccle-

258 4116 362 4172 sia:
388 4118 586 4187 agitata
619 4125 704 4172 est
741 4117 976 4182 Niczena,
1007 4126 1060 4173 et
1102 4119 1204 4173 ista
1248 4119 1373 4188 quia
1411 4119 1629 4184 ibidem,
1671 4135 1844 4188 quan-

257 4220 430 4278 quam
458 4205 562 4261 alio
589 4213 712 4261 voto
740 4206 1048 4276 disparique
1073 4208 1266 4263 merito
1292 4217 1442 4277 gesta
1471 4217 1553 4264 est
1570 4249 1585 4275 ,
1613 4209 1843 4279 appelle-

258 4308 357 4352 tur
377 4297 724 4354 nihilominus
763 4297 997 4354 Nicmna.
1031 4298 1148 4352 Non
1176 4301 1320 4354 enim
1348 4303 1624 4356 nominum
1653 4319 1843 4358 conso-

256 4389 450 4444 nantia
480 4405 639 4444 unam
681 4405 892 4460 semper
922 4392 1029 4448 vim
1074 4393 1272 4447 habere
1299 4394 1554 4460 creditur,
1586 4397 1838 4464 quoniam

256 4482 521 4553 pleraque
563 4491 873 4540 sanctorum
921 4493 973 4539 et
1014 4485 1302 4540 illustrium
1346 4487 1583 4540 virorum
1623 4488 1838 4542 nomina

256 4573 592 4644 quibuslth
637 4573 958 4645 ignobilibus
1005 4575 1308 4631 hominibus
1352 4577 1519 4631 indita
1568 4578 1840 4646 reperiun-

257 4673 376 4728 tur,
403 4664 594 4733 quippe
632 4679 752 4718 cum
800 4679 1141 4736 nequaquam
1189 4682 1384 4722 nomen
1423 4668 1599 4732 meriti
1642 4668 1843 4739 irroget

256 4755 656 4825 arqualitatem,
699 4758 792 4812 sed
826 4759 1004 4812 meriti
1029 4761 1307 4829 aequalitas
1335 4762 1568 4817 nominis
1591 4772 1842 4832 proroget

258 4847 603 4916 dignitatem.
633 4847 767 4903 Cum
791 4864 920 4919 ergo
947 4850 1065 4905 ideo
1089 4866 1207 4905 eam
1235 4852 1444 4922 magnis
1470 4853 1712 4908 attollere
1732 4870 1843 4908 me-

258 4937 496 4993 ritorum
526 4937 826 5007 insignibus
851 4937 1116 5002 affectent,
1143 4940 1286 5008 quod
1311 4941 1364 4994 in
1392 4943 1578 4996 eodem
1603 4958 1711 5012 quo
1735 4945 1844 5012 pri-
1872 4987 1876 4990 η

255 5030 389 5083 dem
423 5036 606 5081 sancta
644 5029 878 5098 synodus
906 5028 1109 5094 fuerat,
1151 5031 1266 5085 haec
1297 5046 1509 5100 quoque
1539 5033 1609 5085 sit
1646 5033 1844 5102 agitata

259 5117 407 5178 loco,
434 5117 715 5171 advertant
738 5133 844 5172 non
874 5133 1039 5172 unum
1064 5134 1278 5188 semper
1309 5135 1428 5175 esse
1457 5121 1595 5175 sicut
1627 5137 1725 5177 nec
1751 5139 1845 5177 no-

257 5196 431 5262 minis
459 5207 701 5275 alicujus.
725 5209 798 5261 ita
828 5210 990 5264 etiam
1017 5226 1116 5265 nec
1138 5211 1238 5265 loci
1261 5210 1547 5278 cujuslibet
1573 5215 1840 5270 meritum.

259 5299 532 5363 Quoniam
559 5315 681 5353 cum
711 5315 816 5353 non
856 5301 1099 5355 homines
1137 5316 1236 5370 pro
1265 5301 1415 5367 locis,
1459 5304 1552 5358 sed
1591 5303 1707 5359 loca
1748 5320 1846 5373 pro

261 5390 579 5445 hominibus
618 5391 756 5446 sicut
795 5400 849 5445 et
893 5400 1099 5447 autem:
1136 5401 1359 5447 terreme
1399 5403 1660 5450 creatum
1703 5395 1842 5450 facta

259 5481 394 5542 sint,
427 5495 533 5536 non
556 5481 634 5536 eis
657 5482 898 5550 przebent
922 5481 1277 5536 emolumenta
1308 5483 1440 5538 situs
1468 5484 1724 5550 locorum,
1750 5489 1842 5542 sed

261 5572 559 5630 eminentia
586 5574 922 5637 meritorum,
951 5587 1050 5627 nec
1071 5573 1356 5642 plurimum
1379 5575 1520 5630 valet
1544 5576 1646 5632 loci
1668 5577 1844 5647 cujus—
1877 5611 1880 5615 ~

264 5663 403 5721 libet
443 5665 719 5732 sanctitas,
769 5665 814 5720 si
857 5673 1033 5720 tamen
1079 5664 1133 5718 in
1179 5665 1483 5722 hominibus
1521 5668 1590 5722 sit
1627 5677 1840 5724 actuum

1868 4440 1918 4499 Β

1945 1840 2132 1898 maria:
2157 1841 2302 1896 Luza
2320 1883 2334 1907 ,
2367 1857 2484 1911 quae
2507 1860 2538 1899 a
2564 1855 2752 1902 sancto
2776 1851 3080 1918 patriarcha
3107 1853 3271 1910 Jacob
3297 1857 3483 1913 Bethel
3503 1901 3519 1926 ,

1947 1929 1999 2020 id
2035 1939 2118 1983 est
2164 1930 2352 1985 domus
2394 1933 2522 1997 Dei,
2578 1939 2896 1993 vocabulum
2941 1943 3129 1996 sortita
3168 1953 3279 2008 est,
3325 1948 3378 2001 in
3417 1965 3519 2020 qua

1947 2019 2086 2074 idem
2128 2022 2433 2089 patriarcha
2477 2026 2677 2082 scalam
2717 2030 2782 2084 de
2821 2039 2965 2085 terra
3007 2034 3074 2088 ad
3115 2037 3310 2091 caelum
3353 2019 3523 2111 usriue

1945 2116 2276 2179 tangentem,
2323 2114 2646 2184 angelusque
2685 2118 2778 2173 Dei
2820 2122 3170 2179 ascendentes
3209 2137 3263 2181 et
3303 2129 3522 2185 descen-

1945 2196 2131 2253 dentes
2165 2214 2261 2268 per
2283 2216 2402 2255 eam
2440 2204 2602 2270 vidit,
2641 2210 2978 2264 postmodum
3014 2213 3209 2271 vitulos
3236 2233 3427 2274 aureos
3465 2221 3519 2274 in

1945 2287 2320 2380 oﬁ‘endiculum
2363 2293 2552 2349 domus
2589 2295 2751 2366 Israel
2798 2299 3001 2364 habuit,
3044 2319 3180 2373 quos
3222 2307 3295 2361 ibi
3335 2324 3520 2380 regum

1944 2378 2208 2445 pessimus
2233 2378 2518 2437 Jeroboam
2558 2386 2809 2443 colendos
2850 2391 3160 2463 constituit,
3191 2407 3244 2450 et
3273 2378 3422 2453 locus
3455 2401 3519 2455 de

1943 2484 2050 2537 quo
2096 2472 2180 2526 vir
2222 2483 2440 2529 sanctus
2489 2476 2564 2530 ait
2613 2494 2627 2530 :
2693 2477 2820 2534 Vere
2865 2481 3120 2539 Dominus
3167 2496 3243 2542 est
3291 2489 3349 2543 in
3405 2489 3518 2545 loco

1943 2559 2060 2623 isto,
2108 2569 2154 2614 et
2198 2578 2290 2631 ego
2341 2565 2626 2619 nesciebam
2657 2566 2809 2638 (Gen.
2852 2573 3064 2643 xxvm),
3114 2585 3169 2629 et
3209 2592 3367 2645 quem
3406 2589 3521 2635 slu-

1944 2663 2072 2716 pore
2132 2666 2327 2720 magno
2384 2654 2656 2711 admirans
2700 2659 2994 2716 terribilem
3037 2679 3156 2719 esse
3200 2667 3364 2736 dixit,
3421 2685 3518 2726 nec

1943 2740 2087 2794 aliud
2146 2742 2219 2796 ibi
2273 2758 2391 2798 esse
2441 2744 2541 2800 nisi
2593 2747 2809 2804 domum
2858 2751 2950 2807 Dei
3005 2761 3059 2808 et
3095 2765 3304 2823 portam
3358 2760 3516 2827 coeli,

1942 2838 2127 2898 postea
2170 2831 2344 2888 Iactus
2374 2844 2456 2890 est
2493 2837 2682 2892 domus
2724 2840 2882 2906 idoli,
2924 2851 2978 2897 et
3015 2843 3321 2902 Israeliticae
3374 2851 3518 2917 genti

1943 2934 2104 2973 causa
2140 2923 2398 2992 periculi,
2441 2940 2543 2980 nec
2575 2930 2741 2984 erecti
2768 2946 2797 2983 a
2823 2933 3135 3000 patriarcha
3159 2936 3349 3006 lapidis
3384 2956 3516 2996 con-

1942 3013 2193 3079 secratio,
2250 3030 2350 3069 nec
2397 3018 2535 3072 sacri
2588 3021 2840 3092 unguinis
2887 3023 3161 3092 delibutio,
3213 3044 3312 3083 nec
3363 3046 3518 3086 reve-

1943 3105 2092 3159 rendi
2123 3107 2357 3164 nominis
2392 3110 2675 3179 appellatio
2705 3112 2920 3170 nefandi
2945 3118 3087 3188 regis
3113 3118 3396 3177 Jeroboam
3423 3141 3520 3180 ne-

1941 3198 2166 3267 quitiam
2189 3215 2219 3254 a
2243 3215 2498 3270 perversa
2519 3203 2730 3260 actione
2753 3207 3009 3274 cohibuit,
3039 3212 3130 3266 sed
3153 3211 3328 3268 locum
3358 3231 3516 3285 quem

1941 3307 1972 3345 a
2001 3299 2150 3348 tanto
2179 3295 2490 3363 patriarcha
2527 3296 2847 3352 admiratum
2873 3301 3060 3367 scivit,
3090 3304 3248 3359 idolis
3279 3307 3517 3375 polluere

1939 3395 2046 3434 non
2081 3379 2408 3436 formidavit.
2444 3382 2595 3439 Unde
2629 3385 2788 3440 datur
2814 3387 3067 3459 intelligi,
3096 3390 3253 3447 facile
3276 3396 3516 3462 potuisse

1939 3469 1996 3523 in
2033 3467 2209 3524 Nicaaa
2244 3471 2505 3542 Bithynia:
2544 3474 2694 3538 urbe,
2740 3477 2831 3530 ubi
2870 3479 3076 3545 pridem
3115 3491 3299 3537 sancta
3340 3484 3517 3541 fuerat

1939 3561 2174 3631 synodus
2188 3561 2476 3628 celebrata,
2492 3578 2801 3634 perversum
2815 3569 3208 3627 adorandarum
3223 3575 3515 3645 imaginum

1939 3653 2192 3707 constitui
2220 3654 2442 3724 dogma,
2473 3656 2518 3710 si
2547 3656 2600 3709 in
2630 3657 2814 3713 Bethel
2841 3674 2872 3712 a
2901 3662 3228 3730 nequissimo
3266 3681 3392 3735 rege
3419 3667 3513 3723 Je-

1940 3744 2159 3798 roboam
2188 3754 2478 3812 potuerunt
2506 3746 2644 3801 idola
2671 3749 2830 3817 poni,
2863 3751 2952 3805 ubi
2979 3751 3146 3807 Jacob
3175 3754 3391 3810 domum
3418 3758 3513 3813 Dei

1939 3849 2058 3889 esse
2079 3835 2213 3890 dixit
2234 3845 2288 3890 et
2311 3839 2522 3904 portam
2542 3839 2694 3906 caeli;
2719 3849 2772 3895 et
2797 3842 2841 3896 si
2870 3843 2979 3899 illic
3005 3845 3058 3898 in
3079 3855 3353 3915 posterum
3377 3853 3512 3907 tanti

1939 3927 2258 3995 patriarcha:
2297 3930 2700 3986 consecratione
2739 3932 2944 3988 nullum
2983 3935 3150 3991 valuit
3193 3937 3342 3995 locus
3381 3943 3515 3997 obti-

1940 4030 2068 4069 nere
2094 4016 2331 4087 vigorem
2350 4059 2364 4084 ,
2395 4020 2596 4074 nullam
2623 4022 2708 4077 bis
2740 4025 3065 4094 temporibus
3092 4028 3355 4100 Bithynia:
3383 4035 3515 4090 urbs

1941 4104 1997 4158 in
2034 4107 2134 4161 hac
2166 4115 2320 4176 parte
2354 4109 2695 4179 antiquorum
2719 4112 2941 4170 Patrum
2965 4117 3164 4174 valebit
3189 4119 3388 4177 habere
3419 4123 3514 4178 de-

1942 4197 2281 4266 fensionem,
2302 4202 2394 4257 sed
2429 4204 2706 4259 hominum
2733 4206 3113 4266 diversissimis
3141 4212 3246 4267 huc
3283 4212 3516 4285 illucque

1941 4292 2287 4362 vergentibus
2309 4297 2792 4364 permutationihus
2821 4300 2938 4356 loca
2967 4317 3064 4370 pro
3084 4303 3356 4359 hominum
3383 4323 3516 4376 qua-

1944 4385 2182 4439 litatibus
2202 4394 2256 4439 et
2285 4402 2315 4440 a
2345 4388 2546 4442 sanctis
2571 4403 2729 4456 posse
2759 4392 3101 4456 sanctiﬁcari,
3133 4401 3187 4447 et
3207 4409 3237 4446 a
3267 4405 3516 4463 peccato-

1943 4475 2092 4528 ribus
2115 4475 2276 4544 pollui
2302 4476 2642 4532 manifestum
2675 4489 2778 4534 est.
2818 4479 3066 4549 Legimus
3093 4480 3308 4536 domum
3333 4483 3426 4539 Dei
3460 4487 3514 4541 in

1945 4565 2056 4621 Silo
2097 4567 2164 4622 ab
2207 4567 2464 4623 Eleazaro
2501 4578 2555 4624 et
2593 4570 2821 4626 Phinees
2859 4571 3222 4626 sacerdotibus
3255 4590 3395 4630 arcae
3437 4584 3508 4631 te-

1943 4657 2194 4710 stamenti
2245 4656 2455 4712 Domini
2505 4659 2618 4714 sive
2652 4659 2980 4714 tabernaculi
3030 4660 3380 4719 collocatione
3430 4682 3515 4721 sa-

1944 4747 2377 4818 criﬁciorumque
2423 4749 2640 4816 jugibus
2695 4749 3056 4804 oblationibus
3102 4763 3509 4823 consecratam,

1943 4853 1997 4899 et
2041 4847 2379 4915 postmodum
2427 4847 2494 4901 ab
2542 4845 2714 4913 Ophni
2754 4853 2809 4898 et
2843 4843 3072 4901 Phinees
3116 4847 3239 4903 ﬁliis
3269 4850 3384 4903 Heli
3429 4867 3514 4906 sa-

1945 4937 2254 4992 cerdotibus
2310 4937 2703 5006 perpetratione
2756 4933 3107 4991 nefandorum
3153 4954 3374 5008 operum
3433 4941 3515 4996 in-

1948 5029 2242 5098 quinatam.
2307 5028 2560 5096 Legimus
2618 5041 2831 5096 quoque
2889 5027 3066 5082 Salem
3124 5031 3511 5089 nobilissimam

1944 5121 2212 5191 quondam
2257 5121 2474 5180 urbem,
2509 5134 2628 5187 qua:
2657 5127 2840 5187 postea
2888 5119 3053 5176 Jebus
3095 5124 3206 5178 sive
3251 5124 3467 5196 Solyma
3502 5169 3517 5193 ,

1948 5229 2064 5282 quae
2097 5229 2239 5267 nunc.
2275 5228 2369 5282 per
2407 5210 2787 5264 derivationem
2826 5210 3189 5284 Hierosolyma
3224 5217 3514 5287 vocitatur,

1946 5305 2172 5375 primam
2195 5311 2314 5371 post
2343 5300 2600 5355 diluvium
2623 5316 2654 5354 a
2677 5311 2864 5357 sancto
2883 5304 3000 5358 viro
3023 5303 3168 5370 Sem,
3195 5306 3284 5375 qui
3307 5317 3511 5378 postea,

1946 5403 2005 5448 ut
2020 5394 2214 5457 ferunt,
2231 5391 2616 5446 Melchisedech
2640 5400 2860 5446 vocatus
2871 5402 2972 5457 est,
2989 5395 3257 5452 conditam
3285 5406 3340 5453 et
3362 5399 3507 5454 inha-

1946 5482 2192 5545 bitatam,
2232 5488 2287 5535 et
2326 5479 2664 5550 postmodum
2707 5481 2774 5536 ab
2813 5486 3129 5541 exsecrabili
3159 5497 3315 5558 gente
3355 5489 3505 5544 Jebu—

1948 5588 2175 5628 satorum
2207 5573 2505 5637 subactam,
2531 5580 2585 5626 et
2606 5572 2764 5642 longo
2790 5581 3028 5644 tempore
3055 5593 3224 5648 usque
3253 5581 3320 5634 ad
3346 5580 3511 5635 David

1946 5677 2268 5732 possessam.
2304 5662 2558 5732 Legimus
2599 5678 2812 5732 quoque
2847 5666 3270 5726 sacratissimum
3313 5686 3374 5725 ac
3424 5685 3501 5725 re-
