4016 6292
306 245 458 305 1213

1086 246 1263 304 LIBRI
1298 246 1639 305 CAROLINI.
1677 276 1749 287 —
1778 242 1999 301 CAPIT.
2038 245 2129 302 DE
2165 245 2356 303 IIIAG.
2395 278 2465 288 —
2498 248 2627 304 LIB.
2666 249 2749 305 IV.

3410 254 3551 310 vi?“

304 371 463 418 tores
507 367 892 424 exsecrantur;
943 366 999 414 et
1041 361 1181 415 sicut
1227 361 1279 415 in
1327 360 1420 416 illa
1454 361 1785 416 diversarum
1820 358 1875 412 in
1904 357 1954 415 Α
1978 371 2100 426 quae
2125 358 2192 413 ab
2219 358 2517 417 artiﬁcibus
2551 376 2620 416 ex
2651 360 2880 418 diversis
2905 362 3146 419 materiis
3166 363 3246 429 ﬁt,
3279 367 3552 423 absurdis-

304 451 575 508 Trinitate
628 450 1051 506 substantiarum
1108 450 1622 520 perniciosissimum
1685 450 1874 519 dogma

301 541 587 606 statuitur,
615 540 690 595 ita
715 542 772 595 in
786 541 888 596 ista
921 540 1254 596 diversarum
1299 555 1480 596 rerum
1497 539 1671 595 cultus
1694 549 1750 595 et
1783 539 1879 594 ad-

298 631 487 686 oratio
510 631 610 687 soli
640 630 940 688 Deodebita
955 638 1318 700 perwnsetur.
1348 630 1431 686 Sit
1454 645 1584 701 ergo
1616 631 1670 685 in
1691 628 1878 699 hujus-

298 722 517 779 cemodi
546 737 773 778 numero
807 722 984 792 prima
1022 722 1262 793 synodus
1309 720 1748 785 Ariminensium,
1790 734 1877 774 se-

297 812 482 868 cunda
523 813 614 868 illa
639 828 759 882 qua:
792 814 861 869 ab
899 812 1124 869 istorum
1158 811 1634 882 prodecessoribus
1656 826 1756 880 pro
1783 809 1876 866 ba-

295 901 580 959 silicarum
610 902 891 959 abolendis
932 902 1214 958 ornatibus
1241 909 1388 973 gesta
1436 908 1538 966 est,
1572 899 1731 955 tertia
1755 899 1873 955 haec

290 1011 425 1067 quas
448 995 517 1052 ab
542 995 657 1051 istis
694 997 766 1051 ob
794 994 1088 1063 imaginum
1119 993 1323 1049 cultum
1348 1001 1404 1049 et
1422 993 1791 1049 adorationem
1814 993 1872 1049 in

291 1087 435 1142 urbe
462 1085 640 1142 Niczea
668 1084 870 1157 agitata
911 1094 1036 1140 est:
1064 1085 1140 1140 ita
1191 1084 1453 1140 duntaxat
1496 1093 1555 1139 ut
1585 1085 1759 1154 prima
1800 1085 1873 1140 sit

288 1191 550 1232 nummus
578 1190 769 1241 areas,
813 1176 1046 1232 secunda
1073 1182 1348 1242 stanneus,
1390 1175 1548 1230 tertia
1566 1174 1868 1245 plumbeus,

284 1269 555 1340 quoniam
580 1281 705 1323 cum
730 1267 962 1323 habeant
987 1267 1127 1322 inter
1145 1280 1205 1323 se
1236 1272 1538 1338 temporum
1558 1267 1870 1322 distantiam

284 1373 568 1431 magnam,
600 1369 783 1413 tamen
806 1358 1004 1413 habent
1027 1358 1383 1428 quorumdam
1409 1372 1655 1413 errorum
1678 1370 1870 1413 conso-

280 1451 569 1506 nantiam.
596 1451 666 1506 At
693 1451 740 1505 si
764 1451 993 1506 istorum
1031 1448 1173 1506 fastu
1204 1457 1260 1505 et
1291 1450 1651 1506 ostentatione
1669 1465 1867 1506 secum

277 1539 356 1595 da
386 1538 671 1611 abjicitur,
704 1554 802 1595 nos
830 1554 1044 1610 quoque
1071 1540 1151 1596 eis
1171 1538 1238 1596 ad
1260 1553 1380 1595 eam
1404 1554 1473 1594 ex
1510 1539 1613 1596 hoc
1644 1554 1869 1596 numero

1978 449 2112 503 sime
2140 457 2195 505 et
2226 450 2651 521 incompetenter
2688 452 2898 508 locutus
2927 462 3043 519 est,
3092 451 3226 510 eum’
3248 458 3549 525 praesertim

1976 538 2179 610 liquido
2216 551 2397 611 pateat
2442 546 2712 599 neminem
2760 546 3069 601 mortalium
3114 562 3302 603 veram
3345 548 3549 605 Christi

1975 644 2133 699 posse
2188 628 2423 689 formare
2488 633 2795 704 imaginem.
2851 636 2985 691 Cum
3040 637 3186 692 enim
3235 653 3364 694 vera
3418 641 3552 697 dici-

1975 728 2083 787 tur,
2124 723 2350 778 multum
2381 725 2449 779 ab
2477 722 2580 781 hac
2604 740 2724 795 quae
2747 728 2816 782 ab
2836 726 3136 783 artiﬁcibus
3160 727 3380 797 ﬁngitur
3399 729 3552 786 elon-

1974 819 2150 882 gatur,
2174 812 2426 883 quoniam
2477 823 2740 883 quantum
2771 815 2974 871 veritas
2997 831 3026 871 a
3059 815 3296 873 falsitate
3329 816 3507 874 diﬁ‘ert
3530 860 3548 884 ,

1974 908 2184 957 tantum
2209 917 2336 958 vera
2364 902 2567 958 Christi
2606 904 2783 975 imago
2810 905 2878 960 ab
2905 919 2968 960 ea
2992 904 3186 972 distat,
3227 921 3390 977 quam
3413 908 3549 963 arti-

1972 991 2091 1049 ﬁcis
2122 994 2279 1049 docta
2312 993 2427 1050 sive
2454 994 2669 1051 indocta
2692 1012 2884 1052 manus
2904 1011 3003 1067 pro
3022 1005 3181 1069 captu
3205 998 3403 1069 ingenii
3430 998 3548 1057 for-

1970 1092 2100 1139 mat.
2156 1084 2213 1140 Si
2243 1099 2373 1141 vero
2430 1087 2498 1141 de
2543 1088 2790 1157 corporis
2845 1096 2901 1144 et
2943 1089 3224 1160 sanguinis
3281 1090 3550 1148 Dominici

1969 1177 2226 1248 mysterio
2274 1179 2416 1248 quod
2443 1179 2682 1251 quotidie
2716 1181 2773 1236 in
2828 1189 3169 1237 sacramento
3216 1195 3248 1237 a
3294 1181 3550 1243 ﬁdelibus

1968 1270 2201 1325 sumitur
2226 1270 2408 1326 dicere
2432 1270 2617 1337 voluit,
2641 1273 2785 1343 quod
2820 1273 2962 1330 inter
2986 1274 3157 1345 ipsam
3179 1275 3396 1346 quidem
3429 1291 3550 1333 sua-

1968 1372 2088 1413 rum
2115 1375 2378 1431 nugarum
2400 1361 2942 1432 conglomerationem
2964 1379 3102 1434 pene
3118 1365 3390 1435 patefecit,
3418 1383 3543 1425 cum

1966 1448 2043 1504 ait
2072 1466 2085 1503 :
2126 1448 2298 1516 Quam
2323 1451 2434 1522 ipse
2458 1452 2708 1522 sacriﬁcii
2745 1454 3004 1525 perfector
3038 1466 3089 1512 et
3122 1457 3266 1512 Deus
3313 1467 3548 1514 nostram

1964 1556 2030 1599 ea:
2057 1540 2202 1596 nobis
2228 1557 2295 1596 ea:
2321 1551 2429 1597 toto
2455 1544 2743 1614 suscipiam
2774 1562 3002 1601 massam
3030 1548 3319 1603 secundum
3346 1558 3547 1621 tempus

277 1630 648 1701 nbiiciendam
676 1632 1057 1688 adminiculum
1084 1633 1420 1702 praebeamus
1445 1649 1461 1689 :
1492 1640 1546 1688 et
1570 1633 1745 1704 prima
1773 1633 1863 1700 sit,
1902 1696 1944 1709 -_
1968 1632 2278 1690 voluntariae
2310 1636 2570 1707 passionis
2597 1638 2655 1692 in
2691 1638 2899 1709 signum
2929 1647 2979 1694 et
3010 1640 3069 1694 in
3103 1640 3408 1694 memoriam
3430 1654 3571 1707 ma:

275 1696 578 1797 ut'prmfati
603 1741 821 1793 sumus,
857 1696 1296 1790 Ariminensium,
1341 1696 1588 1781 secunda.
1604 1741 1732 1781 vero
1750 1696 1869 1782 haec
1902 1696 1947 1758 Β
1973 1726 2216 1796 nifestant
2243 1696 2354 1783 suis
2384 1728 2606 1784 tradidit
2642 1696 2945 1802 45.5mm,
2998 1740 3055 1787 et
3096 1733 3151 1786 in
3187 1732 3291 1787 hoc
3333 1746 3548 1803 quoque

274 1832 415 1890 qua:
439 1819 508 1874 ab
548 1819 668 1873 istis
701 1825 852 1889 gesta
888 1824 971 1872 est
992 1858 1006 1883 ,
1057 1816 1231 1887 prima
1260 1815 1538 1881 videlicet,
1578 1825 1639 1872 ut
1662 1817 1869 1888 praefati

273 1922 496 1976 Sumus,
522 1923 774 1965 nummus
796 1924 987 1975 aereus,
1018 1916 1074 1964 et
1108 1909 1234 1978 quia
1268 1908 1361 1964 illa
1383 1906 1765 1976 contemnitur,
1788 1924 1869 1965 se-

272 2001 466 2057 cunda
509 2001 737 2057 istorum
778 2012 899 2070 qua:
922 1999 1161 2069 plumbei
1207 2000 1412 2055 nummi
1463 1999 1640 2055 locum
1686 2008 1863 2065 tenet,

274 2099 664 2161 computetur;
708 2098 869 2161 atque
897 2090 986 2145 his
1009 2091 1338 2161 postpositis,
1371 2104 1467 2146 sex
1496 2092 1869 2147 tantummodo

272 2204 392 2246 nos
427 2188 628 2245 sanctis
650 2186 1043 2242 universalibus
1074 2187 1294 2258 synodis
1325 2194 1381 2241 et
1406 2185 1667 2241 localibus
1692 2186 1870 2241 conci-

274 2281 400 2345 liis,
436 2295 556 2351 quae
585 2279 654 2334 ab
698 2277 785 2333 his
813 2292 913 2333 nec
941 2276 1047 2332 title
1091 2293 1192 2333 nec
1226 2277 1612 2346 praedicatione
1654 2277 1867 2332 dissen-

273 2371 434 2423 tiunt
461 2367 696 2424 contenti
727 2368 917 2428 simus,
958 2373 1013 2421 et
1048 2365 1119 2421 ad
1159 2367 1425 2422 tremendi
1459 2366 1723 2423 examinis
1743 2365 1869 2421 uiti-

273 2463 474 2533 suique
500 2462 601 2518 diei
638 2476 737 2516 nos
777 2460 898 2515 ﬁdei
944 2459 1254 2529 integritate
1272 2466 1326 2513 et
1347 2459 1614 2514 honorum
1644 2473 1866 2529 operum

274 2552 641 2608 incrementis
673 2550 892 2606 omnino
928 2548 1222 2609 terriﬁcum
1262 2563 1626 2619 praeparemus
1672 2549 1869 2603 adven-

271 2654 427 2711 tum,
459 2643 552 2715 qui
595 2640 712 2712 ejus
739 2641 972 2713 glorioso
1002 2641 1177 2696 reditu
1209 2641 1598 2705 celebrabitur,
1644 2640 1713 2696 de
1755 2655 1865 2710 quo

271 2738 360 2791 ab
394 2734 622 2804 angelis,
652 2733 907 2804 apostolis
941 2733 1144 2790 dictum
1167 2740 1252 2787 est
1288 2750 1302 2786 :
1343 2729 1457 2786 Viri
1478 2731 1704 2796 Gaiilau’,
1737 2731 1865 2801 quid

270 2825 441 2880 statis
470 2822 779 2894 aspicientes
803 2824 860 2876 in
884 2820 1107 2876 caelum?
1137 2821 1223 2875 hic
1245 2820 1400 2874 Iesus
1434 2821 1523 2891 qui
1552 2820 1859 2890 adsumptus

270 2926 364 2974 est
394 2933 428 2970 a
452 2916 612 2981 vobis,
635 2916 712 2970 sic
732 2915 895 2970 veniet
918 2914 1355 2985 quemadmodum
1377 2913 1580 2969 vidistis
1590 2929 1708 2967 eum
1729 2928 1859 2967 ean-

270 3017 391 3061 tem
419 3006 477 3059 in
508 3004 692 3061 caelum
723 3006 862 3078 (Act.
887 3004 952 3075 ι).

868 3095 1097 3154 CAPUT
1132 3096 1272 3152 XIV.

275 3189 379 3269 De_
422 3205 484 3269 eo
532 3188 673 3259 quod
703 3185 1401 3269 ‘Gregorius‘Neoctesarew
1438 3186 1706 3269 episcopus
1739 3188 1813 3241 ait
1841 3205 1855 3241 :

358 3258 635 3313 Lmtentur
665 3265 721 3313 et
766 3258 1037 3313 exsultent
1083 3265 1138 3312 et
1167 3264 1494 3326 praesumant
1537 3258 1629 3325 qui
1675 3272 1861 3313 veram

360 3327 562 3383 Christi
593 3328 881 3397 imaginem
911 3328 1140 3397 benigno
1167 3326 1346 3397 animo
1375 3325 1633 3397 facientes
1655 3337 1711 3381 et
1742 3327 1864 3382 dili-

358 3407 545 3470 gentes
579 3405 633 3453 et
661 3396 977 3453 venerantes
1003 3396 1069 3453 ad
1104 3396 1559 3470 salutemanimaa
1584 3405 1638 3452 et
1670 3412 1861 3470 corpo-

358 3465 438 3525 ris
464 3470 767 3534 offerentes,
790 3482 951 3537 quam
972 3469 1084 3537 ipse
1105 3466 1355 3539 sacriﬁcii
1371 3465 1642 3539 perfector
1655 3474 1708 3521 et
1720 3465 1862 3521 Deus

359 3550 603 3596 nostram
666 3554 733 3594 ex
784 3540 941 3595 nobis
986 3554 1053 3593 ex
1112 3545 1226 3593 toto
1274 3538 1576 3605 suscipiens
1625 3552 1861 3592 massam

360 3611 655 3665 secundum
683 3617 890 3677 tempus
921 3608 1233 3678 voluntaria:
1272 3607 1632 3678 passionisin
1647 3607 1861 3678 signum

357 3689 413 3735 et
456 3680 509 3733 in
548 3675 864 3734 memoriam
907 3676 1247 3733 manifestam
1273 3675 1395 3732 suis
1441 3675 1663 3733 tradidit
1700 3675 1863 3733 disci-

396 3751 521 3805 ulis.

355 3767 601 3909 Egerii
628 3838 789 3910 igitur
806 3835 1168 3893 Neoczesareze
1192 3836 1427 3907 episcopi
1451 3835 1639 3891 inutile
1659 3834 1861 3889 dictum

276 3943 343 3992 et
364 3933 652 4004 imperitia:
672 3932 856 3988 nubilo
883 3939 1081 3986 tectum
1108 3945 1172 3988 ac
1192 3929 1410 4000 ineptia:
1447 3928 1738 3997 involucris
1761 3927 1831 3983 ob
1847 3956 1861 3969 -

276 4027 475 4090 situm,
507 4023 563 4078 in
589 4038 655 4078 eo
675 4037 887 4093 quoque
906 4021 1318 4091 reprehenditur
1336 4020 1477 4090 quod
1496 4021 1570 4075 ait
1605 4034 1622 4074 :
1662 4017 1863 4073 Laden-

277 4130 378 4175 tur
407 4128 454 4173 et
492 4118 746 4173 exsultent
777 4126 827 4171 et
872 4124 1260 4189 pra'sumantur
1293 4117 1382 4188 qni
1437 4132 1611 4171 veram
1662 4114 1860 4170 Christi

277 4212 570 4282 imaginem
598 4211 847 4281 facientes
871 4219 921 4265 et
962 4210 1236 4280 diligentes
1266 4220 1314 4264 et
1345 4214 1644 4297 vgneranles
1672 4209 1741 4263 ad
1772 4226 1863 4264 sa-

278 4301 451 4356 lutem
494 4300 684 4355 animae
727 4309 774 4355 et
804 4301 1036 4371 corporis
1073 4300 1302 4369 oﬁ'erunt
1326 4340 1341 4366 ,
1380 4308 1434 4355 et
1475 4308 1690 4354 uetera.
1721 4298 1860 4366 Quid

1969 1832 2076 1872 non
2105 1817 2449 1875 mediocriter
2468 1820 2690 1875 erravit.
2714 1819 2832 1876 Non
2851 1822 2996 1877 enim
3016 1821 3306 1891 imaginem
3329 1830 3423 1878 aut
3448 1822 3549 1878 ali-

1968 1923 2130 1979 quam
2172 1908 2659 1980 praaﬁgurationem
2679 1952 2694 1976 ,
2726 1910 2820 1967 sed
2870 1911 3217 1968 semetipsum
3246 1911 3357 1967 Deo
3397 1911 3546 1968 Patri

1966 2016 2065 2071 pro
2096 2001 2333 2057 nobisin
2360 2001 2685 2057 sacriﬁcium
2708 2001 2925 2067 obtulit,
2955 2010 3011 2057 et
3037 2003 3128 2073 qui
3154 2003 3426 2073 quondam
3447 2004 3547 2059 sub

1967 2092 2157 2148 umbra
2175 2093 2311 2164 legis
2342 2094 2400 2148 in
2423 2094 2545 2165 agni
2574 2094 2940 2149 immolatione
2958 2136 2972 2159 ,
3006 2094 3123 2151 sive
3142 2096 3196 2149 in
3226 2095 3547 2165 quibusdam

1969 2185 2131 2240 rebus
2152 2183 2470 2255 imaginarie
2493 2183 2943 2256 prteﬁgurabatur
2977 2183 3305 2249 offerendas,
3338 2185 3549 2240 veraci-

1967 2284 2054 2333 ter
2081 2291 2145 2332 ea
2182 2292 2564 2333 consummans
2592 2292 2712 2346 qua:
2740 2276 2809 2332 de
2836 2292 2895 2332 se
2930 2286 3113 2331 vatum
3156 2275 3391 2332 oraculis
3422 2287 3547 2347 pro-

1965 2369 2182 2440 phetata
2212 2376 2355 2436 sunt,
2390 2369 2502 2423 Deo
2523 2369 2668 2424 Patri
2697 2376 2779 2424 est
2798 2369 3015 2424 victima
3032 2356 3290 2424 rsalutaris
3310 2369 3543 2435 oblatus,

1966 2477 2067 2517 nec
2108 2461 2264 2516 nobis
2312 2461 2449 2532 legis
2473 2461 2876 2517 transeuntibus
2905 2462 3113 2517 umbris
3167 2461 3545 2531 imaginarium

1964 2553 2231 2623 quoddam
2257 2553 2531 2616 indicium,
2559 2554 2651 2607 sed
2674 2555 2757 2607 sui
2777 2553 3055 2623 sanguinis
3077 2560 3132 2608 et
3153 2552 3394 2621 corporis
3413 2553 3540 2608 con-'-

1963 2642 2085 2698 tulit
2135 2651 2554 2699 sacramentum.
2581 2641 2698 2696 Non
2728 2643 2871 2696 enim
2902 2642 3178 2712 sanguinis
3203 2649 3260 2696 et
3302 2643 3546 2712 corporis
3608 2708 3623 2717 _

1944 2734 2226 2790 'Dominici
2252 2734 2565 2805 mysterium
2594 2734 2769 2803 imago
2783 2731 2898 2800 jam
2936 2747 3079 2788 nunc
3114 2732 3403 2787 dicendum
3435 2740 3542 2799 est,

1963 2822 2059 2877 sed
2091 2822 2310 2885 veritas,
2344 2837 2450 2876 non
2476 2821 2669 2876 umbra
2714 2823 2809 2876 sed
2860 2836 3088 2890 corpus,
3124 2835 3230 2876 non
3271 2822 3546 2892 exemplar

1962 2912 2265 2968 futurorum
2290 2915 2385 2969 sed
2414 2914 2469 2967 id
2491 2913 2635 2983 quod
2662 2913 3057 2982 exemplaribus
3079 2913 3543 2985 praeﬁgurabatur.

1964 3004 2083 3060 Jam
2119 3004 2414 3061 secundum
2447 3004 2730 3062 Canticum
2775 3005 3110 3060 canticorum
3139 3006 3388 3076 aspiravit
3411 3005 3544 3068 dies,

1964 3106 2015 3151 et
2054 3105 2243 3150 amotis
2275 3104 2396 3149 sunt
2425 3095 2623 3150 umbra:
2665 3094 2844 3166 (Cant.
2873 3094 2958 3165 ιι),
3007 3094 3122 3164 jam
3164 3096 3288 3151 linis
3319 3096 3455 3166 legis
3480 3097 3547 3151 ad

1952 3184 2222 3254 justitiam
2253 3184 2400 3241 omni
2424 3186 2664 3241 credenti
2687 3185 2935 3241 Christus
2960 3187 3203 3251 advenit,
3231 3186 3343 3255 jam
3373 3187 3547 3257 legem

1960 3276 2288 3344 adimplevit,
2311 3274 2424 3344 jam
2451 3277 2541 3344 qui
2564 3275 2786 3330 sedebat
2815 3276 2868 3329 in
2901 3276 3121 3343 regione
3156 3276 3367 3331 umbrae
3399 3292 3547 3332 mor-

1961 3370 2052 3434 tis,
2082 3369 2256 3424 lucem
2284 3372 2534 3437 magnam
2565 3367 2731 3430 vidit,
2769 3366 2881 3435 jam
2911 3367 3154 3421 velamen
3186 3365 3343 3421 faciei
3373 3363 3543 3437 Moysi

1962 3462 2199 3525 decidit,
2249 3469 2305 3516 et
2336 3461 2518 3515 velum
2563 3459 2749 3528 templi
2779 3459 3027 3513 scissum
3055 3473 3253 3512 arcana
3299 3456 3455 3511 nobis
3486 3464 3549 3512 et

1960 3553 2138 3622 ignota
2172 3565 2400 3621 qumque
2446 3548 2715 3612 ostendit,
2765 3547 2879 3617 jam
2925 3562 3085 3603 verus
3127 3545 3542 3611 Melchisedech,

1959 3641 2206 3699 Christus
2230 3639 2495 3705 videlicet,
2524 3634 2619 3693 rex
2658 3636 2859 3707 justus,
2904 3652 2999 3690 rex
3030 3636 3213 3706 pacis.
3251 3649 3355 3689 non
3374 3648 3541 3703 pecu-

1961 3736 2089 3792 dum
2114 3733 2362 3791 victimas
2386 3771 2402 3796 ,
2454 3731 2550 3786 sed
2592 3729 2675 3787 sui
2704 3729 2862 3785 nobis
2897 3726 3138 3797 corporis
3176 3736 3230 3782 et
3266 3724 3541 3793 sanguinis

1960 3825 2187 3883 contulit
2209 3830 2625 3880 sacramentum.
2654 3819 2765 3876 Nec
2786 3820 2863 3874 ait
2900 3838 2913 3873 :
2951 3819 3077 3874 Haec
3100 3826 3185 3874 est
3219 3818 3395 3887 imago
3419 3831 3542 3871 cor-

1957 3917 2105 3989 poris
2141 3924 2195 3972 et
2214 3915 2489 3985 sanguinis
2520 3914 2647 3980 mei,
2685 3913 2780 3967 sed
2816 3929 2829 3966 :
2875 3910 2991 3966 Hoc
3024 3919 3099 3966 est
3122 3927 3310 3982 corpus
3336 3924 3531 3973 meum,

1957 4008 2099 4080 quod
2129 4022 2223 4077 pro
2250 4004 2390 4060 vobis
2433 4003 2701 4067 tradetur;
2729 4009 2784 4057 et
2823 4018 2837 4055 :
2874 3998 2977 4055 Hic
3005 4008 3080 4054 est
3124 3999 3341 4070 sanguis
3368 4014 3539 4065 meus,

1959 4100 2048 4173 qui
2079 4115 2173 4171 pro
2201 4096 2381 4151 multis
2410 4094 2711 4165 effundatur
2740 4094 2798 4147 in
2822 4092 3177 4147 remissionem
3207 4098 3541 4161 peccatorum

1962 4193 2177 4267 (Matth.
2210 4190 2383 4262 xxvi).
2410 4188 2545 4245 Cum
2572 4202 2702 4258 ergo
2721 4228 2737 4253 ,
2766 4193 2827 4241 ut
2854 4183 3065 4256 praefati
3089 4197 3296 4246 sumus,
3326 4197 3428 4237 nec
3455 4197 3544 4236 ar-

1959 4286 2166 4341 tiﬁcum
2188 4299 2322 4353 opus
2351 4296 2478 4335 vera
2507 4279 2713 4335 Christi
2730 4278 2901 4348 possit
2923 4277 3100 4345 imago
3127 4275 3255 4338 dici,
3286 4287 3388 4328 nec
3414 4287 3542 4328 cor-

281 4405 525 4460 namque
554 4390 605 4445 in
634 4391 737 4446 hac
779 4361 1008 4455 ditione,
1057 4389 1229 4444 lwtari
1256 4398 1305 4443 ct
1352 4387 1615 4443 exsultare
1639 4430 1652 4455 ς
1705 4389 1775 4444 sit
1808 4389 1863 4444 in

1966 4378 2113 4448 poris
2158 4382 2214 4430 et
2260 4371 2535 4443 sanguinis
2556 4369 2674 4439 ejus
2712 4368 3029 4441 mysterium
3057 4363 3201 4435 quod
3225 4363 3281 4417 in
3316 4361 3544 4417 veritate

278 4491 539 4555 promptu
583 4491 666 4538 est
714 4482 1044 4553 intelligere;
1083 4482 1210 4554 quid
1239 4496 1369 4537 vero
1396 4482 1467 4536 sit
1496 4481 1638 4552 quod
1677 4480 1859 4551 adjun~

282 4582 441 4629 ctum
465 4581 567 4639 est,
616 4583 663 4628 et
706 4582 1094 4646 prwsumantur
1121 4614 1137 4640 ,
1184 4572 1384 4628 nullius
1430 4573 1645 4643 penitus
1675 4587 1866 4627 sensus

282 4665 479 4722 lectori
512 4664 705 4736 ingerit
743 4664 1015 4727 indicium,
1045 4663 1170 4734 quia
1220 4671 1275 4718 et
1316 4679 1347 4718 a
1373 4678 1628 4719 sensuum
1667 4660 1867 4732 regulis

283 4766 376 4815 est
404 4757 653 4820 alienum,
693 4764 747 4810 et
772 4772 803 4810 a
826 4755 1033 4811 Latina:
1063 4754 1350 4809 locutionis
1384 4754 1690 4824 integritate
1715 4753 1867 4823 peni-

290 4860 383 4905 tus
411 4858 727 4902 extraneum
760 4864 773 4900 :
804 4846 999 4916 quippe
1023 4861 1145 4901 cum
1174 4846 1221 4900 si
1253 4845 1318 4901 de
1342 4845 1757 4915 praesumptione
1784 4843 1867 4899 di-

286 4954 417 4996 cere
441 4937 609 4994 voluit
633 4977 649 5002 ,
680 4952 787 4991 non
827 4937 1035 4993 duobus
1059 4935 1486 5007 prmcedentibus
1518 4936 1621 4989 hoc
1646 4933 1865 4989 tertium

291 5031 471 5088 valeat
507 5029 557 5083 in
607 5043 796 5084 sensus
847 5042 1039 5097 sapore
1090 5027 1380 5090 cohaerere,
1427 5025 1533 5080 nisi
1583 5023 1721 5079 forte
1747 5023 1867 5078 illos

290 5121 430 5177 dixit
452 5119 999 5185 lmtarietexsultare,
1028 5117 1119 5188 qui
1140 5134 1250 5173 rem
1281 5116 1519 5171 illicitam
1548 5120 1647 5170 eta
1666 5114 1868 5169 sanctis

291 5210 540 5281 patribus
563 5209 886 5280 prohibitam
906 5209 1131 5263 adorare
1153 5213 1499 5276 praesumunt,
1519 5213 1575 5261 et
1596 5204 1688 5274 qui
1708 5211 1868 5258 tanta:

292 5302 731 5373 praesumptionis
754 5301 1078 5369 instigantur
1104 5298 1355 5362 stimulis,
1382 5306 1444 5352 ut
1465 5298 1521 5351 in
1554 5295 1868 5352 adoratione

296 5409 479 5447 rerum
509 5407 670 5447 sensu
698 5392 996 5447 carentium
1043 5390 1250 5445 cunctis
1287 5388 1557 5444 contraire
1585 5387 1869 5442 videantur

294 5476 624 5541 authenticis
666 5482 981 5553 Scripturis.
1023 5481 1067 5537 Ο
1107 5480 1331 5537 demens
1355 5479 1589 5551 episcopi
1626 5479 1787 5535 dictio
1815 5489 1870 5534 et

298 5579 410 5634 risu
437 5578 625 5646 digna!
669 5593 789 5647 qum
824 5591 985 5646 quam
1021 5573 1216 5630 dixerit
1242 5588 1426 5628 veram
1450 5571 1650 5627 Christi
1681 5569 1871 5639 imagi-

303 5687 426 5727 nem
458 5686 561 5725 non
588 5670 861 5725 evidenter
878 5666 1130 5724 ostendit.
1158 5665 1259 5733 Qui
1294 5664 1338 5721 si
1370 5664 1507 5719 hanc
1527 5663 1661 5720 dixit
1687 5676 1868 5716 veram

1963 4482 2170 4543 gestum
2191 4486 2309 4525 esse
2337 4474 2550 4525 constat
2573 4482 2680 4521 non
2697 4465 2751 4519 in
2771 4463 2963 4534 ﬁgura,
2994 4458 3188 4514 merito
3215 4455 3384 4511 autin
3401 4468 3539 4523 quo-

1963 4562 2090 4617 libet
2135 4562 2328 4616 horum
2372 4564 2464 4612 aut
2491 4557 2547 4613 in
2584 4563 2812 4623 utroque
2850 4548 3141 4620 Gregorius
3177 4546 3543 4602 Neocaesareae

1965 4656 2248 4726 episcopus
2294 4652 2722 4722 reprehenditur,
2756 4646 2847 4715 qui
2895 4652 2973 4698 tot
3008 4640 3221 4697 indiciis
3269 4638 3540 4706 tantisque

1967 4744 2301 4804 documentis
2350 4742 2508 4797 talem
2556 4738 2809 4809 ineptiam
2845 4732 3135 4804 protulisse
3174 4727 3538 4785 convincitur.

1966 4840 2022 4894 In
2041 4852 2105 4894 eo
2130 4852 2260 4907 ergo
2279 4833 2422 4904 quod
2439 4834 2580 4888 idem
2600 4830 2884 4901 episcopus
2904 4826 2980 4880 ait
2995 4825 3062 4879 de
3080 4823 3299 4879 Christo
3323 4837 3336 4874 :
3364 4816 3539 4884 Quam

1966 4932 2073 5001 ipse
2104 4926 2352 4994 sacriﬁcii
2383 4923 2640 4995 perfector
2670 4930 2719 4976 et
2754 4919 2890 4973 Deus
2930 4927 3162 4972 nostram
3196 4930 3260 4968 ea:
3291 4910 3438 4967 nobis
3477 4926 3542 4965 ex

1966 5031 2074 5075 toto
2105 5018 2389 5087 suscipiens
2418 5029 2663 5075 massam,
2707 5010 2855 5080 justa
2879 5017 2964 5065 est
2992 5003 3366 5077 reprehensio,
3404 5014 3541 5070 quo-

1966 5114 2114 5167 niam
2139 5121 2261 5163 cum
2299 5118 2477 5159 massa
2511 5100 2831 5171 perditionis
2854 5112 3024 5167 genus
3056 5095 3349 5151 humanum
3389 5089 3507 5144 diea
3526 5118 3538 5128 -

1968 5214 2054 5258 tur
2080 5213 2202 5256 cum
2230 5193 2479 5264 originali
2505 5199 2745 5263 peccato,
2772 5190 2989 5245 incaute
3024 5192 3265 5241 nostram
3289 5196 3359 5237 ex
3384 5179 3542 5235 nobis

1966 5308 2033 5348 ex
2056 5299 2169 5345 toto
2197 5286 2468 5342 Christum
2491 5284 2790 5354 suscepisse
2823 5293 3058 5335 massam
3085 5278 3225 5332 idem
3254 5272 3543 5344 episcopus
3640 5330 3647 5333 ﬁ

1966 5379 2211 5452 profatus
2234 5382 2317 5431 est
2342 5393 2361 5441 :_
2388 5375 2513 5444 quia
2546 5374 2801 5429 videlicet
2836 5383 3143 5441 quanquam
3182 5365 3431 5422 Christus

1968 5451 2079 5528 tam
2102 5471 2393 5525 humanam
2422 5475 2693 5530 naturam,
2716 5477 2933 5519 carnem
2952 5458 3204 5515 videlicet
3215 5470 3339 5513 cum
3368 5451 3539 5508 sensi-

1968 5566 2069 5620 bus
2098 5561 2229 5626 suis,
2258 5568 2312 5615 et
2341 5559 2576 5613 animam
2602 5572 2724 5614 cum
2747 5554 2956 5610 ratione
2987 5565 3103 5616 sua,
3130 5564 3236 5604 non
3261 5544 3544 5602 divinitate

1973 5658 2024 5712 in
2060 5651 2447 5709 immanitatem
2483 5663 2771 5713 conversa,
2800 5659 2973 5714 neque
3006 5640 3340 5699 humanitate
3378 5636 3432 5692 in
3457 5633 3540 5688 di-
