4016 6292
499 247 631 296 tam

1376 243 1434 293 Β.
1473 240 1722 296 CAROLI
1759 241 1970 297 MAGNI
2009 241 2155 297 OPP.
2196 241 2374 296 PARS
2411 243 2474 296 ll.
2517 241 2756 299 SECTI‘)
2790 243 2851 298 Il.

3609 246 3735 302 I‘ZIB

499 355 776 409 vinitatem
809 362 1032 420 mutata,
1062 354 1153 409 sed
1179 361 1524 422 permanente
1549 353 1832 422 utriusque
1861 363 2065 412 natura:
2096 359 2133 411 Λ
2168 355 2453 424 imaginem
2511 357 2565 410 in
2621 355 2862 424 ejusdem
2909 356 3118 410 Domini
3165 357 3428 411 honorem
3486 361 3737 424 erexisse,

495 445 851 514 proprietate,
882 445 1025 499 Deus
1055 447 1275 499 verbum
1308 445 1576 500 hominem
1621 444 1676 498 in
1708 448 1911 501 unitate
1948 462 2070 516 per-

494 547 639 588 sonze
667 534 978 602 susceperit,
1023 534 1257 590 hominis
1299 544 1479 590 tamen
1501 539 1761 609 originale
1788 550 2069 608 peccatum

493 640 601 678 non
637 627 890 693 suscepit,
922 641 985 680 ac
1010 641 1108 693 per
1157 629 1259 682 hoc
1299 630 1589 683 absurdum
1625 640 1708 684 est
1748 621 1930 686 dicere
1971 646 2068 684 no-

497 725 667 770 stram
711 732 778 770 ex
823 717 975 770 nobis
1013 733 1080 772 ex
1126 726 1241 772 toto
1291 730 1416 775 eum
1460 723 1759 790 suscepisse
1811 720 2073 776 massam.

496 806 620 861 Ideo
639 822 766 877 ergo
792 816 1031 860 nostram
1067 824 1134 862 ex
1176 811 1332 864 nobis
1375 819 1541 864 totam
1573 814 1792 867 minime
1833 815 2067 882 suscepit

499 914 731 954 massam
771 899 896 966 quia
927 898 1202 968 originalis
1233 903 1437 970 peccati
1465 919 1571 971 quo
1595 919 1753 959 omne
1787 905 2067 960 hominum

495 1002 663 1056 genus
698 995 822 1041 ante
858 989 1180 1056 baptismum
1229 1005 1527 1045 connexum
1571 1002 1809 1058 tenetur,
1863 1009 2066 1064 nequa-

497 1092 657 1145 quam
687 1080 988 1148 suscepisse
1036 1081 1332 1136 credendus
1365 1090 1449 1136 est
1471 1099 1686 1138 noxam.
1728 1085 1899 1142 Tanta
1940 1101 2067 1156 ergo

497 1168 638 1229 illius
661 1170 866 1238 antiqui
891 1171 1100 1240 peccati
1145 1180 1228 1226 est
1255 1188 1380 1228 cum
1412 1189 1516 1242 quo
1545 1176 1817 1229 nascimur
1864 1191 2063 1241 massa,

496 1268 554 1314 ut
580 1259 626 1314 si
647 1260 1005 1329 particulatim
1035 1261 1274 1332 diligenti
1312 1265 1738 1320 consideratione
1777 1266 2064 1330 dividatur,

495 1353 676 1407 omnia
722 1352 775 1406 in
827 1368 894 1408 eo
942 1354 1243 1408 criminalia
1284 1356 1492 1424 possint
1547 1356 1774 1411 inveniri
1825 1366 2065 1426 peccata.

495 1443 630 1498 Nam
675 1452 731 1499 et
769 1447 1017 1514 superbia
1055 1455 1137 1502 est
1158 1447 1295 1512 illic,
1339 1448 1462 1516 quia
1495 1447 1654 1503 homo
1675 1449 1729 1502 in
1768 1464 1863 1504 sua
1893 1450 2070 1518 potius

495 1548 616 1589 esse
654 1549 814 1602 quam
867 1535 920 1590 in
947 1536 1040 1590 Dei
1070 1545 1336 1605 potestate
1355 1538 1572 1603 dilexit;
1611 1547 1670 1592 et
1703 1540 2065 1611 sacrilegium,

495 1626 618 1694 quia
638 1625 750 1681 Deo
775 1641 884 1682 non
912 1628 1168 1692 credidit;
1201 1636 1254 1682 et
1289 1629 1656 1695 homicidium,
1687 1631 1812 1699 quia
1854 1644 1911 1685 se
1934 1647 2070 1700 prae-

2169 442 2512 511 ejusdemque
2562 445 2812 514 imaginis
2856 445 3094 500 ﬁmbrias
3145 462 3204 500 se
3255 449 3434 503 denuo
3487 451 3739 519 tetigisse,

2171 533 2357 587 subter
2408 548 2569 602 quam
2621 535 2908 604 imaginem
2952 536 3174 589 herbam
3224 541 3520 607 quamdam
3575 551 3741 596 ortam

2168 622 2348 683 fuisse,
2381 638 2501 691 qua:
2530 624 2575 677 si
2602 625 2860 691 paulatim
2911 640 3262 681 succrescens
3304 629 3628 683 summitate
3656 647 3742 684 sua

2167 716 2356 783 pedem
2397 715 2681 785 contigerit
2717 725 2909 771 erecta:
2937 718 3206 786 imaginis,
3236 721 3455 773 cunctis
3480 721 3747 790 εει-ἰηιόὶ-

2168 805 2325 859 nibus
2348 806 2607 860 medetur.
2637 807 2693 859 ln
2711 822 2819 875 quo
2841 809 3054 874 quidem
3084 808 3245 872 facto,
3273 809 3320 863 si
3346 807 3529 864 tamen
3555 809 3744 864 factum

2167 907 2286 946 esse
2309 895 2576 956 credatur,
2615 895 2758 948 nulla
2805 896 3099 966 imaginum
3129 899 3376 953 adoratio
3405 901 3746 954 commemb-

2168 991 2276 1037 tur.
2325 983 2381 1038 Si
2411 1000 2542 1055 ergo
2588 985 2677 1038 illa
2708 986 2897 1040 mulier
2937 987 3152 1042 feminei
3197 1003 3362 1043 sexus
3405 988 3674 1044 facilitate
3698 1000 3748 1045 et

2168 1074 2397 1142 quadam
2449 1075 2611 1128 animi
2659 1074 2873 1129 levitate
2897 1086 3149 1146 percepto
3178 1078 3437 1132 sanitatis
3467 1079 3742 1145 beneﬁcio,

2169 1173 2350 1233 utpote
2382 1166 2593 1220 Domini
2617 1182 2829 1236 semper
2848 1169 3191 1237 praesentiam
3224 1184 3500 1237 quaerens,
3526 1185 3746 1239 eumque

2168 1255 2365 1322 ubique
2390 1270 2510 1310 esse
2549 1271 2706 1325 posse
2746 1257 3018 1326 ignorans,
3067 1257 3363 1328 imaginem
3403 1259 3612 1324 erexit,
3637 1261 3747 1334 quis

2169 1353 2278 1400 tam
2299 1361 2492 1401 vecors
2535 1347 2804 1415 perceptis
2874 1361 3045 1401 sacra)
3115 1347 3242 1401 ﬁdei
3303 1347 3745 1423 charismatibus,

2167 1449 2397 1504 eumque
2439 1437 2638 1504 ubique
2683 1451 2804 1490 esse
2851 1451 2958 1491 non
3006 1437 3255 1492 nesciens
3290 1447 3353 1491 ut
3395 1438 3520 1506 ejus
3560 1439 3747 1494 habere

2169 1535 2330 1595 queat
2359 1527 2724 1594 praesentiam,
2762 1527 2962 1582 idcirco
2992 1527 3280 1598 imaginem
3318 1529 3501 1597 eriget
3533 1544 3748 1599 eamque

2169 1617 2445 1672 adorabit?
2498 1618 2564 1672 Et
2613 1619 2658 1672 si
2706 1617 2792 1671 illa
2835 1618 3034 1672 mundo
3069 1634 3169 1673 nec
3203 1619 3334 1673 dum
3374 1620 3444 1672 ab
3491 1619 3746 1674 idolorum

493 1691 736 1786 cipitavit
758 1717 813 1773 in.
835 1726 1098 1784 mortem;
1129 1691 1184 1772 et
1208 1718 1490 1775 fornicatio
1516 1691 1794 1790 spiritalis,
1811 1691 2067 1795 quoniam
2105 1691 2145 1750 Β
2172 1709 2404 1764 cultibus
2437 1709 2665 1764 liberam
2707 1709 2838 1764 νίδίδ
2877 1718 3215 1764 mortuorum
3252 1711 3619 1777 quorumdam
3656 1709 3746 1763 Μ’

493 1807 772 1878 integritas
809 1810 1004 1863 mentis
1035 1809 1282 1864 humana:
1323 1813 1628 1880 serpentiua
1670 1815 1922 1870 suasione
1953 1831 2072 1871 cor-

495 1906 651 1966 rupta
687 1906 803 1962 est;
835 1907 890 1952 et
915 1897 1143 1965 furtum,
1176 1901 1302 1969 quia
1333 1903 1484 1957 cibus
1512 1904 1817 1972 prohibitus
1841 1921 2068 1977 usurpa-

494 1997 584 2044 tus
608 1997 730 2054 est;
765 1997 820 2044 et
846 1991 1103 2055 avaritia,
1133 1992 1259 2061 quia
1295 1993 1577 2062 plusquam
1605 1995 1850 2053 suﬁlcere
1875 1998 1952 2054 illi
1979 1999 2072 2054 de-

491 2080 639 2146 buit,
680 2081 922 2150 appetiit.
975 2082 1179 2148 Quibus
1206 2085 1454 2141 omnibus
1494 2093 1644 2142 tanto
1665 2096 1750 2144 est
1775 2089 2068 2146 humanum

493 2187 663 2242 genus
718 2172 1003 2237 irretitum,
1055 2182 1114 2227 ut
1150 2175 1217 2228 de
1238 2174 1476 2243 legitimo
1512 2179 1676 2233 etiam
1723 2182 2068 2238 matrimonio

491 2271 805 2330 procreatus
834 2263 976 2318 dicat
1015 2280 1028 2317 :
1067 2262 1135 2317 In
1159 2265 1521 2335 iniquitatibus
1544 2279 1819 2339 conceptus
1847 2287 1993 2337 sum,
2020 2283 2067 2327 et

490 2353 549 2408 in
566 2353 792 2422 peccatis
816 2355 1011 2424 peperit
1040 2371 1122 2409 me
1157 2341 1325 2409 mater
1361 2374 1476 2412 mea
1512 2358 1665 2428 (Psal
1697 2361 1792 2433 Li).
1822 2361 2069 2420 Christus

492 2456 621 2514 ergo
639 2443 735 2498 Dei
750 2445 921 2499 virtus
941 2452 995 2499 et
1011 2445 1106 2500 Dei
1128 2446 1389 2514 sapientia
1411 2457 1660 2504 naturam
1683 2451 1937 2518 hominis,
1962 2470 2068 2509 non

495 2533 702 2601 peccati
732 2549 988 2599 massam,
1021 2536 1275 2604 suscepit.
1329 2536 1457 2603 Sed,
1488 2546 1548 2592 ut
1600 2537 1666 2593 ad
1701 2541 1754 2594 id
1787 2541 2071 2598 redeamus

491 2625 634 2679 unde
650 2625 874 2696 digressi
903 2641 1108 2692 sumus,
1127 2627 1194 2684 de
1219 2628 1460 2696 ejusdem
1483 2633 1718 2703 episcopi
1738 2636 2069 2706 professione

492 2715 879 2785 aliquantulum
905 2733 937 2773 a
972 2719 1128 2775 nobis
1153 2721 1471 2792 ambigitur,
1500 2725 1594 2794 qui
1617 2733 1783 2781 totam
1818 2743 1884 2782 ex
1914 2731 2069 2786 nobis

490 2815 732 2863 nostram
766 2807 1042 2863 Christum
1073 2812 1374 2881 suscepisse
1399 2829 1634 2870 massam
1655 2817 1856 2874 dixisse
1888 2820 2069 2889 perhi—

489 2897 679 2965 betur,
709 2901 966 2968 quoniam
991 2910 1084 2955 aut
1107 2917 1296 2972 magna
1335 2919 1458 2959 eum
1486 2907 1589 2961 hoc
1614 2908 1858 2976 proﬁteri
1885 2911 2064 2966 ineru-

491 2989 624 3045 ditio
662 2992 854 3061 coegit,
887 2999 980 3046 aut
1002 2992 1252 3048 immanis
1277 3009 1431 3051 error
1474 2997 1528 3051 id
1553 3013 1676 3052 eum
1704 2999 1948 3069 proferre
1972 3001 2068 3055 im-

2169 1802 2372 1856 minum
2430 1803 2485 1856 in
2531 1801 2756 1856 urbibus
2800 1802 2992 1856 statuis
3043 1803 3113 1856 ob
3161 1801 3528 1870 quarumdam
3574 1816 3747 1856 rerum

2169 1897 2486 1951 memoriam
2512 1883 2650 1951 sive
2702 1904 2904 1951 cultum
2953 1895 3188 1960 erectis,
3252 1893 3534 1956 similiter,
3599 1905 3748 1963 prout

2169 1985 2335 2040 valuit
2381 1999 2542 2056 agere
2567 1985 2793 2050 studuit,
2831 1985 2952 2054 quis
2989 1999 3134 2038 sanae
3175 1983 3374 2037 mentis
3399 1981 3524 2051 ejus
3545 1984 3748 2038 actibus

2169 2093 2444 2134 assensum
2471 2079 2757 2148 prtebebit,
2777 2088 2830 2132 et
2851 2079 3135 2133 Dominum
3178 2093 3284 2132 non
3319 2077 3375 2130 in
3402 2077 3748 2142 manul’actis,

2169 2173 2264 2228 sed
2310 2173 2366 2227 in
2410 2173 2549 2228 caelo
2593 2174 2676 2227 vel
2713 2175 2894 2244 potius
2932 2173 3131 2242 ubique
3175 2187 3295 2226 esse
3339 2172 3571 2226 credens
3628 2172 3749 2226 talia

2169 2280 2329 2334 agere
2365 2267 2612 2322 curabit?
2662 2266 2771 2321 Aut
2817 2266 2863 2320 si
2913 2263 3052 2318 forte
3098 2264 3187 2318 illa
3227 2264 3616 2334 superstitioso
3645 2265 3749 2318 ritu

2168 2356 2354 2411 habuit
2381 2357 2556 2412 zelum
2578 2357 2692 2422 Dei,
2719 2357 2812 2411 sed
2839 2371 2944 2410 non
2973 2356 3268 2411 secundum
3289 2356 3600 2419 scientiam,
3631 2356 3752 2425 quis

2169 2448 2467 2504 catholicus
2502 2448 2556 2503 in
2593 2448 2700 2502 ﬁde
2728 2449 3013 2504 roboratus
3049 2462 3118 2502 ex
3161 2446 3279 2515 ejus
3305 2448 3517 2503 actibus
3558 2448 3620 2502 in
3652 2448 3752 2501 hac

2168 2547 2321 2607 parte
2357 2539 2603 2609 exempla
2666 2546 2858 2602 sumet,
2908 2539 3100 2608 bisque
3145 2538 3342 2593 similia
3396 2537 3600 2592 faciet?
3646 2539 3756 2591 Aut

2169 2629 2215 2682 si
2237 2626 2377 2683 forte
2403 2628 2492 2684 illa
2518 2629 2822 2684 rudimento
2843 2629 3210 2684 conversionis
3237 2643 3348 2682 sua:
3373 2642 3493 2697 quae
3517 2627 3755 2682 necdum

2168 2718 2339 2774 solido
2356 2719 2488 2774 cibo
2515 2719 2658 2773 vesci
2687 2727 2918 2787 poterat,
2948 2719 3069 2773 ideo
3109 2726 3294 2772 tenero
3323 2718 3442 2772 cibo
3470 2719 3756 2782 utebatur,

2169 2817 2228 2864 ut
2261 2810 2329 2864 ad
2347 2810 2745 2880 percipiendum
2771 2811 3000 2866 solidum
3025 2810 3204 2866 cibum
3219 2809 3485 2880 paulatim
3513 2811 3758 2880 sumptis

2167 2904 2374 2958 viribus
2416 2911 2715 2968 cresceret,
2760 2905 2966 2960 scilicet
3001 2913 3059 2958 ut
3096 2919 3194 2975 per
3231 2919 3344 2959 rem
3385 2906 3660 2962 visibilem
3699 2915 3760 2960 et

2169 2995 2507 3049 tractabilem
2544 2995 2611 3049 ad
2648 2995 2936 3051 invisibilis
2976 3005 3031 3051 et
3077 2996 3361 3053 inetfabilis
3398 2999 3492 3053 Dei
3537 2999 3761 3054 cultum

468 3080 643 3150 'pulit.
681 3051 815 3136 Nam
839 3082 966 3137 dum
993 3098 1092 3139 nos
1109 3099 1231 3138 eum
1255 3093 1311 3140 et
1330 3089 1599 3142 eruditum
1625 3097 1678 3144 et
1705 3051 2065 3146 hrtbodoxum
2095 3051 2141 3114 Ο
2169 3087 2474 3152 accederet,
2505 3087 2626 3157 quis
2659 3087 2776 3156 ejus
2815 3089 2868 3142 in
2912 3089 3014 3144 hoc
3041 3088 3183 3144 facto
3224 3090 3466 3145 imitator
3495 3089 3753 3153 εσεοωε,

489 3187 610 3228 esse
649 3172 906 3239 velimus,
941 3175 1185 3245 exemplo
1219 3178 1427 3233 Domini
1475 3181 1744 3236 neminem
1792 3182 2066 3252 cupientes

487 3263 666 3333 perire
695 3304 710 3331 ,
764 3264 811 3320 si
854 3266 1117 3320 utrumvis
1156 3267 1380 3323 istorum
1411 3269 1486 3324 illi
1533 3271 1720 3337 deest,
1773 3280 1828 3327 et
1877 3289 2063 3329 revera

489 3359 672 3424 deest,
739 3360 1022 3416 mallemus
1060 3361 1115 3416 id
1171 3363 1312 3432 quod
1350 3363 1591 3434 profatus
1632 3375 1719 3421 est
1781 3367 2064 3439 imperitiae

486 3450 670 3520 potius
695 3466 858 3521 quam
885 3451 1165 3507 schismati
1201 3453 1476 3522 deputare.

1085 3584 1314 3641 CAPUT
1353 3586 1468 3643 XV.

486 3670 564 3726 De
577 3689 636 3726 eo
648 3673 784 3744 quod
798 3673 1382 3749 Epiphaniuadiagonus
1401 3678 1690 3749 imaginum
1702 3681 2059 3738 adorationem

558 3753 789 3823 gstritere
812 3744 1156 3823 autenm-dixit
1173 3762 1191 3798 :
1207 3745 1472 3823 Quoniam
1498 3744 1586 3823 hic
1607 3749 1828 3823 titulum,
1845 3753 2059 3823 erigens

523 3812 787 3885 Domini,
817 3822 872 3868 et
902 3829 960 3869 se
1010 3815 1133 3882 ipsa
1171 3823 1400 3885 tangens
1444 3819 1671 3875 fimbriis
1714 3822 1852 3875 tituli
1899 3812 2056 3878 sicuti

553 3882 771 3961 quidem
821 3885 1035 3961 venitur
1077 3882 1323 3961 sanctum
1363 3888 1746 3961 Evangelium,
1800 3893 2055 3961 quoniam

555 3950 782 4021 salutem
821 3953 1012 4021 adepta
1049 3962 1132 4010 est
1176 3956 1317 4010 inter
1353 3950 1589 4013 medium
1630 3950 2054 4018 ille'et-Domini

857 4018 1020 4112 lie—aha
1044 4025 1290 4112 quamam
1335 4029 1656 4112 germinavit
1681 4046 1799 4112 quae
1857 4048 2055 4112 appro-

553 4092 822 4156 pinquans
867 4092 1054 4159 pedem
1099 4094 1242 4147 tituli
1288 4092 1476 4150 omnes
1513 4092 1854 4155 inﬁrmitates
1878 4092 2050 4157 curat.

556 4199 710 4272 Sccpe
725 4200 836 4270 jam
864 4202 916 4256 in
940 4203 1043 4259 hoc
1065 4220 1225 4274 opere
1249 4207 1498 4275 diximus,
1527 4212 1669 4280 quod
1697 4221 1750 4268 et
1773 4216 2054 4286 perspicue

482 4299 722 4364 apparet,
744 4308 879 4363 pene
899 4310 1085 4351 omnes
1111 4311 1294 4353 eorum
1323 4305 1636 4370 sententias,
1665 4322 1798 4376 quas
1824 4310 1892 4365 ob
1919 4310 2053 4366 ima-

482 4384 664 4454 ginum
695 4386 1061 4471 adorationem
1090 4389 1144 4443 in
1171 4405 1266 4444 sua
1294 4395 1498 4464 synodo
1525 4398 1887 4468 protulerunt,
1920 4417 2054 4471 quo-
2085 4409 2132 4469 D

481 4464 766 4531 dammo'do
798 4475 959 4531 tantis
992 4492 1109 4533 esse
1153 4478 1378 4549 ignaviae
1405 4464 1722 4554 caliginibus
1755 4464 2048 4561 interpola-

480 4570 585 4626 tas,
617 4569 677 4615 ut
701 4562 1001 4632 eloquentia
1040 4580 1307 4636 sensuque
1340 4579 1585 4626 carentes
1623 4573 1834 4630 diﬁicile
1859 4591 2048 4632 earum

480 4667 671 4708 sensus
700 4653 961 4710 lectorum
991 4657 1218 4728 attingat
1245 4668 1470 4714 mentes.
1511 4660 1644 4716 Cum
1674 4678 1802 4734 ergo
1834 4666 2048 4722 illarum

480 4743 800 4813 ineptissimi
863 4754 1039 4802 textus
1091 4765 1350 4819 compago
1380 4751 1792 4821 haudquaquam
1833 4771 1894 4809 ea
1931 4772 2051 4825 quae

476 4835 677 4905 profari
718 4838 958 4906 cupiunt,
997 4841 1229 4895 evidenti
1272 4857 1519 4897 sermone
1562 4845 1846 4913 exprimat,
1889 4849 2052 4903 habet

476 4934 656 4980 tamen
705 4927 843 4980 inter
891 4930 1079 4983 eadem
1111 4931 1398 4986 verborum
1428 4933 1607 4986 nubila
1655 4938 1900 5003 quaedam
1928 4953 2050 5006 per-

475 5019 659 5086 spicua
698 5019 892 5074 indicia
925 5021 1202 5075 nominum
1247 5023 1512 5087 videlicet,
1546 5040 1639 5079 seu
1671 5041 1852 5080 rerum
1881 5029 2053 5083 notis-

474 5109 733 5162 simarum
779 5111 1098 5172 mentiones,
1125 5112 1289 5166 veluti
1334 5128 1454 5166 cum
1492 5113 1633 5168 inter
1673 5117 1865 5172 densas
1897 5129 2049 5173 tene—

473 5196 598 5249 bras
625 5197 980 5265 quorumdam
1009 5200 1234 5254 torrium
1272 5200 1489 5272 igniculi
1514 5204 1852 5272 interlucent,
1881 5217 1936 5263 ut
1957 5226 2052 5279 per

474 5286 654 5336 rerum
696 5285 956 5339 vocabula
999 5294 1053 5341 et
1095 5303 1180 5342 res
1227 5291 1538 5346 notissimas
1585 5293 1804 5351 lectoris
1841 5298 2051 5352 animus

469 5388 542 5455 ea.
581 5388 699 5442 qum
756 5375 1056 5444 exprimere
1105 5379 1292 5434 volunt
1347 5384 1661 5450 persentiat.
1736 5387 2050 5458 Exprimere

471 5463 696 5527 etenim,
715 5463 768 5517 ni
786 5462 961 5531 fallor,
985 5467 1038 5521 in
1057 5470 1261 5538 prolata
1284 5475 1550 5528 sententia
1575 5474 1906 5545 Epiphanius
1933 5480 2050 5534 dia-

469 5561 639 5607 conus
667 5554 943 5621 nisus‘est,
968 5559 1243 5614 mulierem
1287 5577 1317 5614 a
1341 5562 1606 5630 proﬂuvio
1644 5566 1919 5636 sanguinis
1948 5567 2050 5620 Do-

471 5645 682 5703 minicze
724 5648 889 5704 vestis
933 5648 1157 5708 ﬁmbriae
1188 5661 1331 5710 tactu
1376 5663 1636 5720 sanatam,
1687 5658 1900 5714 titulum
1933 5661 2044 5716 sive

2167 3188 2348 3248 spreta
2400 3179 2556 3234 solidi
2612 3180 2718 3234 cibi
2768 3180 3101 3246 fortitudine,
3159 3183 3225 3237 ad
3279 3181 3514 3236 infantia:
3560 3182 3760 3240 denuo

2166 3270 2312 3323 cibos
2341 3270 2520 3338 cupiat
2549 3285 2669 3325 esse
2697 3272 2976 3326 redactus?
3016 3273 3071 3326 ln
3100 3272 3359 3327 miraculo
3403 3272 3570 3343 igitur
3593 3280 3757 3343 quod

2165 3360 2220 3413 in
2254 3361 2419 3415 herba
2454 3361 2531 3426 ﬁt,
2561 3361 2604 3415 si
2644 3368 2825 3416 tamen
2864 3356 3064 3416 factum
3100 3362 3264 3416 fuisse
3299 3363 3568 3426 credatur,
3592 3377 3760 3432 quat,

2163 3459 2221 3506 ut
2262 3451 2351 3508 ille
2397 3453 2573 3508 fassus
2612 3461 2715 3517 est,
2767 3455 2978 3509 cunctis
3020 3455 3428 3523 aegritudinibus
3469 3456 3756 3520 medetur,

2164 3543 2577 3614 haudquaquam
2607 3547 2806 3615 poterit
2834 3545 3045 3600 illorum
3088 3546 3318 3600 assertio
3348 3545 3762 3615 quodammodo

2160 3635 2359 3699 ﬁilciri,
2405 3637 2657 3705 quoniam
2685 3653 2789 3691 non
2821 3646 2881 3692 ut
2903 3637 3081 3692 herbae
3103 3643 3194 3690 aut
3231 3637 3489 3708 imagines
3510 3638 3758 3693 adoren-

2160 3733 2249 3779 tur
2279 3726 2331 3780 id
2372 3726 2571 3781 factum
2623 3727 2789 3782 fuisse
2832 3729 3163 3797 perhibetur,
3212 3729 3306 3782 sed
3351 3737 3410 3781 ut
3441 3728 3752 3785 inﬁdelium

2158 3824 2390 3881 mentes,
2431 3818 2625 3886 spretis
2662 3818 2990 3873 vanitatibus
3023 3818 3307 3882 idolorum,
3337 3819 3404 3872 ad
3433 3833 3574 3872 vene
3609 3819 3753 3876 ﬁdei

2159 3906 2461 3979 rudimenta
2499 3915 2963 3973 converterentur,
2987 3909 3242 3977 quoniam
3270 3908 3571 3962 secundum
3596 3908 3754 3979 Apo-

2157 3995 2355 4051 stolum
2397 3975 2548 4067 signa
2592 4012 2697 4051 non
2724 4012 2822 4067 pro
2862 3975 3131 4062 ﬁdelibus,
3158 3997 3252 4052 sed
3296 4013 3394 4066 pro
3437 3975 3760 4055 inﬁdelibus

2157 4089 2278 4144 data
2310 4088 2475 4143 fuisse
2504 4090 2813 4143 creduntur.
2839 4089 3080 4144 Ecclesia
3107 4103 3339 4157 namque
3363 4088 3652 4151 catholica,
3688 4101 3751 4145 ut

2158 4179 2225 4235 ad
2264 4181 2424 4236 ﬁdem
2457 4189 2742 4245 cresceret,
2789 4182 3062 4236 miraculis
3091 4189 3210 4235 erat
3251 4180 3566 4245 nutrienda,
3591 4191 3641 4234 et
3690 4193 3754 4237 ut

2155 4273 2270 4343 ejus
2306 4274 2516 4329 novella
2552 4273 2812 4344 plantatio
2851 4273 3290 4337 convalesceret,
3347 4272 3585 4327 assiduis
3627 4283 3752 4328 erat

2156 4363 2558 4435 irrigationibus
2606 4365 2852 4420 fovenda.

2159 4521 2350 4576 Inutile
2370 4524 2566 4578 dictum
2592 4523 2872 4594 Epiphanii
2905 4524 3114 4576 diaconi
3145 4523 3563 4593 reprehenditur,
3594 4523 3648 4577 in
3685 4543 3750 4580 eo

2220 4594 2360 4663 quod
2384 4594 2455 4646 ait
2481 4610 2497 4646 :
2522 4594 2682 4648 Multa
2709 4609 2830 4662 qua:
2864 4595 2917 4647 in
2945 4595 3098 4647 nobis
3126 4602 3410 4647 sacrantur
3435 4595 3744 4650 orationem

2222 4675 2434 4718 sacrata
2461 4680 2567 4719 non
2604 4664 2929 4732 suscipiunt;
2975 4673 3022 4716 et
3050 4673 3166 4733 post
3193 4679 3362 4732 pauca
3388 4680 3405 4716 :
3431 4663 3543 4718 Nec
3573 4665 3744 4733 pluri-

2221 4749 2367 4786 mum
2397 4734 2536 4787 sicut
2563 4733 2869 4788 veneranda
2912 4740 2967 4788 et
2991 4733 3321 4787 honoramur
3365 4742 3420 4787 et
3447 4733 3743 4803 ampliﬁca-

2220 4819 2381 4856 mur:
2417 4804 2529 4870 ipse
2558 4805 2701 4859 enim
2746 4804 2956 4873 signum
2986 4803 3212 4858 viviﬁcm
3244 4803 3426 4858 crucis
3469 4805 3589 4858 sine
3618 4821 3742 4860 ora-

2221 4873 2366 4927 tione
2403 4873 2548 4927 fatur
2589 4890 2619 4927 a
2647 4874 2824 4936 nobis,
2850 4875 3154 4926 veneranda
3181 4880 3284 4936 est,
3324 4882 3379 4926 et
3407 4873 3745 4929 suﬁiciemur

2221 4944 2432 5013 signum
2479 4943 2595 5011 ejus
2646 4944 2892 5013 accipere
2942 4943 3426 4997 sanctiﬁcationem
3472 4959 3572 5012 per
3617 4959 3737 5013 quae

2222 4960 2432 4999 Signum
2479 4960 2595 5011 ejus
2646 4960 2758 4999 acet
2801 4960 2892 4998 ere
2942 4960 3426 4997 sancuncanonem
3472 4960 3572 5012 per
3617 4960 3736 5013 quae

2222 5003 2365 5066 facta
2423 5029 2452 5066 a
2505 5015 2659 5068 nobis
2713 4960 2798 5067 ari)
2826 5029 2949 5068 eum
2999 5013 3365 5068 adorationem
3406 5015 3627 5081 quidam
3681 5015 3736 5068 in

2221 5081 2400 5136 fronte
2445 5085 2887 5148 sanctiﬁcatione,
2917 5090 2971 5137 et
2995 5099 3115 5150 qua:
3153 5083 3206 5135 in
3236 5097 3360 5136 aere
3384 5098 3484 5152 per
3506 5083 3734 5151 digitum

2217 5151 2423 5206 factum
2467 5155 2677 5223 signum
2734 5154 2954 5223 ell'ugari
2993 5153 3264 5223 dammneS
3312 5151 3619 5223 speramus,
3658 5156 3732 5208 si-

2220 5223 2422 5276 militer
2465 5222 2534 5295 et
2566 5224 2797 5295 imagine
2841 5222 2937 5292 per
2986 5237 3177 5295 nomen
3225 5222 3643 5295 signiﬁcationis
3668 5224 3733 5277 ad

2223 5295 2452 5360 primam
2491 5292 2717 5348 formam
2747 5295 2966 5348 honoris
2991 5292 3305 5348 deducimus
3341 5303 3394 5347 et
3422 5294 3735 5348 osculantes

2221 5378 2342 5416 eam
2375 5373 2430 5417 et
2459 5365 2847 5418 honorabiliter
2883 5365 3207 5418 honorantes
3235 5363 3563 5432 accipiemus
3601 5380 3730 5418 san-

2221 5433 2624 5496 ctiﬁcationem,
2661 5450 2785 5487 nam
2819 5443 2872 5488 et
2906 5450 3057 5488 sacra
3082 5433 3292 5487 diversa
3317 5449 3440 5486 vasa
3467 5434 3731 5488 habentes

2221 5502 2320 5557 has
2337 5503 2644 5557 osculamur
2673 5513 2725 5558 ct
2753 5504 3142 5574 amplectimur,
3169 5511 3223 5557 ct
3245 5502 3726 5559 sanctiﬁcationem

2221 5574 2508 5639 quamdam
2539 5589 2838 5643 speramus.

2223 5661 2282 5716 Si
2305 5663 2509 5730 ridetis,
2541 5665 2709 5732 inquit
2731 5664 3025 5733 Scriptura,
3051 5665 3214 5719 virum
3239 5661 3455 5721 ῑιειάερηι
3486 5666 3537 5719 in
3561 5665 3674 5719 τρι-ι’
3701 5680 3726 5713 ς
