  <div class='ocr_page' id='page_1' title='image "/cluster/home/n/w/nwhite01/storage/ocr_20150623/98/hvd.32044015466782/614.png"; bbox 0 0 4016 6292; ppageno 0'>
   <div class='ocr_carea' id='block_1_1' title="bbox 234 279 366 336">
    <p class='ocr_par' dir='ltr' id='par_1_1' title="bbox 234 279 366 336">
     <span class='ocr_line' id='line_1_1' title="bbox 234 279 366 336; baseline -0.015 -1"><span class='ocrx_word' id='word_1_1' title='bbox 234 279 366 336; x_wconf 67' lang='lat'><strong>{£17</strong></span> 
     </span>
    </p>
   </div>
   <div class='ocr_carea' id='block_1_2' title="bbox 1014 268 2694 333">
    <p class='ocr_par' dir='ltr' id='par_1_2' title="bbox 1014 268 2694 333">
     <span class='ocr_line' id='line_1_2' title="bbox 1014 268 2694 333; baseline -0.001 -3"><span class='ocrx_word' id='word_1_2' title='bbox 1014 275 1189 330; x_wconf 79' lang='lat' dir='ltr'><strong>LIBRI</strong></span> <span class='ocrx_word' id='word_1_3' title='bbox 1227 268 1568 330; x_wconf 73' lang='lat' dir='ltr'><strong>CAROLINI.</strong></span> <span class='ocrx_word' id='word_1_4' title='bbox 1607 305 1674 314; x_wconf 91' lang='lat'><strong>——</strong></span> <span class='ocrx_word' id='word_1_5' title='bbox 1711 268 1931 330; x_wconf 76' lang='lat' dir='ltr'><strong>CAPIT.</strong></span> <span class='ocrx_word' id='word_1_6' title='bbox 1975 275 2061 333; x_wconf 88' lang='lat' dir='ltr'><strong>DE</strong></span> <span class='ocrx_word' id='word_1_7' title='bbox 2099 273 2287 333; x_wconf 75' lang='lat' dir='ltr'><strong>IMAG.</strong></span> <span class='ocrx_word' id='word_1_8' title='bbox 2331 305 2400 316; x_wconf 89' lang='lat'>—</span> <span class='ocrx_word' id='word_1_9' title='bbox 2439 275 2566 332; x_wconf 81' lang='lat' dir='ltr'><strong>LIB.</strong></span> <span class='ocrx_word' id='word_1_10' title='bbox 2607 275 2694 330; x_wconf 80' lang='lat' dir='ltr'><strong>IV.</strong></span> 
     </span>
    </p>
   </div>
   <div class='ocr_carea' id='block_1_3' title="bbox 3339 266 3481 326">
    <p class='ocr_par' dir='ltr' id='par_1_3' title="bbox 3339 266 3481 326">
     <span class='ocr_line' id='line_1_3' title="bbox 3339 266 3481 326; baseline 0.007 -1"><span class='ocrx_word' id='word_1_11' title='bbox 3339 266 3481 326; x_wconf 24' lang='lat'><strong>1218‘</strong></span> 
     </span>
    </p>
   </div>
   <div class='ocr_carea' id='block_1_4' title="bbox 231 383 3477 463">
    <p class='ocr_par' dir='ltr' id='par_1_4' title="bbox 231 383 3477 463">
     <span class='ocr_line' id='line_1_4' title="bbox 231 383 3477 463; baseline -0.003 -16"><span class='ocrx_word' id='word_1_12' title='bbox 231 394 361 460; x_wconf 84' lang='lat' dir='ltr'><strong>suis,</strong></span> <span class='ocrx_word' id='word_1_13' title='bbox 385 394 515 447; x_wconf 86' lang='lat' dir='ltr'><strong>scito</strong></span> <span class='ocrx_word' id='word_1_14' title='bbox 541 391 663 463; x_wconf 87' lang='lat' dir='ltr'><strong>quia</strong></span> <span class='ocrx_word' id='word_1_15' title='bbox 692 405 829 462; x_wconf 80' lang='lat' dir='ltr'><strong>spent</strong></span> <span class='ocrx_word' id='word_1_16' title='bbox 858 389 1006 443; x_wconf 82' lang='lat' dir='ltr'><strong>habet</strong></span> <span class='ocrx_word' id='word_1_17' title='bbox 1038 389 1282 442; x_wconf 73' lang='lat' dir='ltr'><strong>insipiens</strong></span> <span class='ocrx_word' id='word_1_18' title='bbox 1309 388 1473 456; x_wconf 84' lang='lat' dir='ltr'><strong>magis</strong></span> <span class='ocrx_word' id='word_1_19' title='bbox 1494 403 1650 456; x_wconf 84' lang='lat' dir='ltr'><strong>quam</strong></span> <span class='ocrx_word' id='word_1_20' title='bbox 1679 387 1800 451; x_wconf 82' lang='lat' dir='ltr'><strong>ille;</strong></span> <span class='ocrx_word' id='word_1_21' title='bbox 1836 397 1875 450; x_wconf 74' lang='grc' dir='ltr'><strong>Α</strong></span> <span class='ocrx_word' id='word_1_22' title='bbox 1907 388 2138 443; x_wconf 85' lang='lat' dir='ltr'><strong>cultibus</strong></span> <span class='ocrx_word' id='word_1_23' title='bbox 2164 388 2485 458; x_wconf 87' lang='lat' dir='ltr'><strong>mancipatis</strong></span> <span class='ocrx_word' id='word_1_24' title='bbox 2522 387 2701 442; x_wconf 88' lang='lat' dir='ltr'><strong>dicere</strong></span> <span class='ocrx_word' id='word_1_25' title='bbox 2730 383 2917 448; x_wconf 90' lang='lat' dir='ltr'><strong>voluit,</strong></span> <span class='ocrx_word' id='word_1_26' title='bbox 2955 383 3008 438; x_wconf 91' lang='lat' dir='ltr'><strong>in</strong></span> <span class='ocrx_word' id='word_1_27' title='bbox 3035 383 3138 438; x_wconf 87' lang='lat' dir='ltr'><strong>hoc</strong></span> <span class='ocrx_word' id='word_1_28' title='bbox 3171 399 3285 451; x_wconf 80' lang='lat' dir='ltr'><strong>ejus</strong></span> <span class='ocrx_word' id='word_1_29' title='bbox 3316 385 3477 438; x_wconf 86' lang='lat' dir='ltr'><strong>dictio</strong></span> 
     </span>
    </p>
   </div>
   <div class='ocr_carea' id='block_1_5' title="bbox 232 477 1806 552">
    <p class='ocr_par' dir='ltr' id='par_1_5' title="bbox 232 477 1806 552">
     <span class='ocr_line' id='line_1_5' title="bbox 232 477 1806 552; baseline -0.004 -15"><span class='ocrx_word' id='word_1_30' title='bbox 232 493 285 537; x_wconf 90' lang='lat' dir='ltr'><strong>et</strong></span> <span class='ocrx_word' id='word_1_31' title='bbox 306 484 358 537; x_wconf 87' lang='lat' dir='ltr'><strong>in</strong></span> <span class='ocrx_word' id='word_1_32' title='bbox 378 480 704 552; x_wconf 84' lang='lat' dir='ltr'><strong>multiloquio</strong></span> <span class='ocrx_word' id='word_1_33' title='bbox 725 488 990 550; x_wconf 82' lang='lat' dir='ltr'><strong>peccatum</strong></span> <span class='ocrx_word' id='word_1_34' title='bbox 1014 496 1114 532; x_wconf 88' lang='lat' dir='ltr'><strong>non</strong></span> <span class='ocrx_word' id='word_1_35' title='bbox 1134 478 1314 530; x_wconf 72' lang='lat' dir='ltr'><strong>deerit.</strong></span> <span class='ocrx_word' id='word_1_36' title='bbox 1341 477 1643 531; x_wconf 84' lang='lat' dir='ltr'><strong>Secundum</strong></span> <span class='ocrx_word' id='word_1_37' title='bbox 1668 477 1806 531; x_wconf 87' lang='lat' dir='ltr'><strong>hanc</strong></span> 
     </span>
    </p>
   </div>
   <div class='ocr_carea' id='block_1_6' title="bbox 234 570 1810 644">
    <p class='ocr_par' dir='ltr' id='par_1_6' title="bbox 234 570 1810 644">
     <span class='ocr_line' id='line_1_6' title="bbox 234 570 1810 644; baseline -0.002 -16"><span class='ocrx_word' id='word_1_38' title='bbox 234 590 363 644; x_wconf 86' lang='lat' dir='ltr'><strong>ergo</strong></span> <span class='ocrx_word' id='word_1_39' title='bbox 389 590 557 628; x_wconf 72' lang='lat' dir='ltr'><strong>sacra:</strong></span> <span class='ocrx_word' id='word_1_40' title='bbox 582 573 875 642; x_wconf 71' lang='lat' dir='ltr'><strong>Scriptura:</strong></span> <span class='ocrx_word' id='word_1_41' title='bbox 913 571 1233 626; x_wconf 79' lang='lat' dir='ltr'><strong>sententiam</strong></span> <span class='ocrx_word' id='word_1_42' title='bbox 1263 570 1594 639; x_wconf 79' lang='lat' dir='ltr'><strong>Epiphanius</strong></span> <span class='ocrx_word' id='word_1_43' title='bbox 1630 571 1810 625; x_wconf 89' lang='lat' dir='ltr'><strong>diaco-</strong></span> 
     </span>
    </p>
   </div>
   <div class='ocr_carea' id='block_1_7' title="bbox 236 661 1808 736">
    <p class='ocr_par' dir='ltr' id='par_1_7' title="bbox 236 661 1808 736">
     <span class='ocr_line' id='line_1_7' title="bbox 236 661 1808 736; baseline -0.004 -16"><span class='ocrx_word' id='word_1_44' title='bbox 236 683 359 732; x_wconf 91' lang='lat' dir='ltr'><strong>nus,</strong></span> <span class='ocrx_word' id='word_1_45' title='bbox 383 666 475 736; x_wconf 87' lang='lat' dir='ltr'><strong>qui</strong></span> <span class='ocrx_word' id='word_1_46' title='bbox 507 667 562 720; x_wconf 89' lang='lat' dir='ltr'><strong>in</strong></span> <span class='ocrx_word' id='word_1_47' title='bbox 589 663 773 720; x_wconf 88' lang='lat' dir='ltr'><strong>eadem</strong></span> <span class='ocrx_word' id='word_1_48' title='bbox 797 663 1001 734; x_wconf 83' lang='lat' dir='ltr'><strong>synodo</strong></span> <span class='ocrx_word' id='word_1_49' title='bbox 1026 662 1179 716; x_wconf 81' lang='lat' dir='ltr'><strong>velox</strong></span> <span class='ocrx_word' id='word_1_50' title='bbox 1205 661 1259 714; x_wconf 92' lang='lat' dir='ltr'><strong>in</strong></span> <span class='ocrx_word' id='word_1_51' title='bbox 1286 661 1464 715; x_wconf 83' lang='lat' dir='ltr'><strong>verbis</strong></span> <span class='ocrx_word' id='word_1_52' title='bbox 1491 669 1544 714; x_wconf 89' lang='lat' dir='ltr'><strong>et</strong></span> <span class='ocrx_word' id='word_1_53' title='bbox 1571 661 1808 714; x_wconf 90' lang='lat' dir='ltr'><strong>multilo-</strong></span> 
     </span>
    </p>
   </div>
   <div class='ocr_carea' id='block_1_8' title="bbox 237 741 1802 829">
    <p class='ocr_par' dir='ltr' id='par_1_8' title="bbox 237 741 1802 829">
     <span class='ocr_line' id='line_1_8' title="bbox 237 741 1802 829; baseline -0.007 -16"><span class='ocrx_word' id='word_1_54' title='bbox 237 761 364 829; x_wconf 83' lang='lat' dir='ltr'><strong>quio</strong></span> <span class='ocrx_word' id='word_1_55' title='bbox 412 772 542 812; x_wconf 90' lang='lat' dir='ltr'><strong>usus</strong></span> <span class='ocrx_word' id='word_1_56' title='bbox 583 741 748 809; x_wconf 83' lang='lat' dir='ltr'><strong>fuisse</strong></span> <span class='ocrx_word' id='word_1_57' title='bbox 779 753 1116 823; x_wconf 75' lang='lat' dir='ltr'><strong>perhibetur,</strong></span> <span class='ocrx_word' id='word_1_58' title='bbox 1154 758 1209 805; x_wconf 89' lang='lat' dir='ltr'><strong>et</strong></span> <span class='ocrx_word' id='word_1_59' title='bbox 1245 766 1392 820; x_wconf 87' lang='lat' dir='ltr'><strong>spem</strong></span> <span class='ocrx_word' id='word_1_60' title='bbox 1431 752 1630 805; x_wconf 90' lang='lat' dir='ltr'><strong>habere</strong></span> <span class='ocrx_word' id='word_1_61' title='bbox 1674 750 1802 804; x_wconf 88' lang='lat' dir='ltr'><strong>insi-</strong></span> 
     </span>
    </p>
   </div>
   <div class='ocr_carea' id='block_1_9' title="bbox 239 841 1812 919">
    <p class='ocr_par' dir='ltr' id='par_1_9' title="bbox 239 841 1812 919">
     <span class='ocr_line' id='line_1_9' title="bbox 239 841 1812 919; baseline -0.004 -17"><span class='ocrx_word' id='word_1_62' title='bbox 239 855 476 919; x_wconf 89' lang='lat' dir='ltr'><strong>pientem</strong></span> <span class='ocrx_word' id='word_1_63' title='bbox 515 845 686 916; x_wconf 89' lang='lat' dir='ltr'><strong>magis</strong></span> <span class='ocrx_word' id='word_1_64' title='bbox 729 859 891 912; x_wconf 84' lang='lat' dir='ltr'><strong>quam</strong></span> <span class='ocrx_word' id='word_1_65' title='bbox 933 857 991 897; x_wconf 89' lang='lat' dir='ltr'><strong>se</strong></span> <span class='ocrx_word' id='word_1_66' title='bbox 1033 842 1287 905; x_wconf 89' lang='lat' dir='ltr'><strong>ostendit,</strong></span> <span class='ocrx_word' id='word_1_67' title='bbox 1312 842 1448 895; x_wconf 91' lang='lat' dir='ltr'><strong>etin</strong></span> <span class='ocrx_word' id='word_1_68' title='bbox 1475 841 1812 910; x_wconf 91' lang='lat' dir='ltr'><strong>multiloquio</strong></span> 
     </span>
    </p>
   </div>
   <div class='ocr_carea' id='block_1_10' title="bbox 238 932 1813 1008">
    <p class='ocr_par' dir='ltr' id='par_1_10' title="bbox 238 932 1813 1008">
     <span class='ocr_line' id='line_1_10' title="bbox 238 932 1813 1008; baseline -0.003 -18"><span class='ocrx_word' id='word_1_69' title='bbox 238 947 418 991; x_wconf 87' lang='lat' dir='ltr'><strong>errata</strong></span> <span class='ocrx_word' id='word_1_70' title='bbox 473 949 700 1008; x_wconf 67' lang='lat' dir='ltr'><strong>quaeque</strong></span> <span class='ocrx_word' id='word_1_71' title='bbox 744 934 1031 989; x_wconf 80' lang='lat' dir='ltr'><strong>contraxit.</strong></span> <span class='ocrx_word' id='word_1_72' title='bbox 1089 932 1224 986; x_wconf 85' lang='lat' dir='ltr'><strong>Nam</strong></span> <span class='ocrx_word' id='word_1_73' title='bbox 1270 933 1394 988; x_wconf 89' lang='lat' dir='ltr'><strong>dum</strong></span> <span class='ocrx_word' id='word_1_74' title='bbox 1445 935 1500 988; x_wconf 92' lang='lat' dir='ltr'><strong>in</strong></span> <span class='ocrx_word' id='word_1_75' title='bbox 1545 932 1813 1003; x_wconf 87' lang='lat' dir='ltr'><strong>superiori</strong></span> 
     </span>
    </p>
   </div>
   <div class='ocr_carea' id='block_1_11' title="bbox 240 1023 1814 1098">
    <p class='ocr_par' dir='ltr' id='par_1_11' title="bbox 240 1023 1814 1098">
     <span class='ocr_line' id='line_1_11' title="bbox 240 1023 1814 1098; baseline -0.003 -16"><span class='ocrx_word' id='word_1_76' title='bbox 240 1029 475 1098; x_wconf 88' lang='lat' dir='ltr'><strong>capitulo</strong></span> <span class='ocrx_word' id='word_1_77' title='bbox 511 1030 567 1082; x_wconf 89' lang='lat' dir='ltr'><strong>in</strong></span> <span class='ocrx_word' id='word_1_78' title='bbox 604 1025 720 1094; x_wconf 86' lang='lat' dir='ltr'><strong>ejus</strong></span> <span class='ocrx_word' id='word_1_79' title='bbox 759 1027 914 1096; x_wconf 86' lang='lat' dir='ltr'><strong>nugis</strong></span> <span class='ocrx_word' id='word_1_80' title='bbox 954 1040 986 1078; x_wconf 90' lang='lat' dir='ltr'><strong>a</strong></span> <span class='ocrx_word' id='word_1_81' title='bbox 1021 1023 1176 1078; x_wconf 91' lang='lat' dir='ltr'><strong>nobis</strong></span> <span class='ocrx_word' id='word_1_82' title='bbox 1207 1023 1588 1092; x_wconf 89' lang='lat' dir='ltr'><strong>aliquantulum</strong></span> <span class='ocrx_word' id='word_1_83' title='bbox 1630 1025 1814 1092; x_wconf 83' lang='lat' dir='ltr'><strong>dispu-</strong></span> 
     </span>
    </p>
   </div>
   <div class='ocr_carea' id='block_1_12' title="bbox 243 1115 1812 1184">
    <p class='ocr_par' dir='ltr' id='par_1_12' title="bbox 243 1115 1812 1184">
     <span class='ocr_line' id='line_1_12' title="bbox 243 1115 1812 1184; baseline -0.001 -14"><span class='ocrx_word' id='word_1_84' title='bbox 243 1127 411 1173; x_wconf 86' lang='lat' dir='ltr'><strong>tatum</strong></span> <span class='ocrx_word' id='word_1_85' title='bbox 451 1119 540 1183; x_wconf 88' lang='lat' dir='ltr'><strong>sit,</strong></span> <span class='ocrx_word' id='word_1_86' title='bbox 573 1117 628 1172; x_wconf 91' lang='lat' dir='ltr'><strong>in</strong></span> <span class='ocrx_word' id='word_1_87' title='bbox 666 1117 767 1172; x_wconf 90' lang='lat' dir='ltr'><strong>hoc</strong></span> <span class='ocrx_word' id='word_1_88' title='bbox 809 1115 1156 1171; x_wconf 90' lang='lat' dir='ltr'><strong>nihilominus</strong></span> <span class='ocrx_word' id='word_1_89' title='bbox 1194 1115 1581 1184; x_wconf 89' lang='lat' dir='ltr'><strong>aliquantulum</strong></span> <span class='ocrx_word' id='word_1_90' title='bbox 1626 1115 1812 1184; x_wconf 82' lang='lat' dir='ltr'><strong>dispu-</strong></span> 
     </span>
    </p>
   </div>
   <div class='ocr_carea' id='block_1_13' title="bbox 246 1211 598 1264">
    <p class='ocr_par' dir='ltr' id='par_1_13' title="bbox 246 1211 598 1264">
     <span class='ocr_line' id='line_1_13' title="bbox 246 1211 598 1264; baseline -0.003 -2"><span class='ocrx_word' id='word_1_91' title='bbox 246 1211 467 1264; x_wconf 85' lang='lat' dir='ltr'><strong>tandum</strong></span> <span class='ocrx_word' id='word_1_92' title='bbox 497 1217 598 1263; x_wconf 90' lang='lat' dir='ltr'><strong>est.</strong></span> 
     </span>
    </p>
   </div>
   <div class='ocr_carea' id='block_1_14' title="bbox 312 1317 1816 1390">
    <p class='ocr_par' dir='ltr' id='par_1_14' title="bbox 312 1317 1816 1390">
     <span class='ocr_line' id='line_1_14' title="bbox 312 1317 1816 1390; baseline -0.003 -15"><span class='ocrx_word' id='word_1_93' title='bbox 312 1320 680 1390; x_wconf 88' lang='lat' dir='ltr'><strong>Disposuimus</strong></span> <span class='ocrx_word' id='word_1_94' title='bbox 705 1319 918 1388; x_wconf 88' lang='lat' dir='ltr'><strong>quidem</strong></span> <span class='ocrx_word' id='word_1_95' title='bbox 948 1319 1002 1372; x_wconf 91' lang='lat' dir='ltr'><strong>in</strong></span> <span class='ocrx_word' id='word_1_96' title='bbox 1037 1331 1222 1372; x_wconf 90' lang='lat' dir='ltr'><strong>earum</strong></span> <span class='ocrx_word' id='word_1_97' title='bbox 1259 1317 1679 1388; x_wconf 84' lang='lat' dir='ltr'><strong>professionibus</strong></span> <span class='ocrx_word' id='word_1_98' title='bbox 1711 1333 1816 1372; x_wconf 91' lang='lat' dir='ltr'><strong>non</strong></span> 
     </span>
    </p>
   </div>
   <div class='ocr_carea' id='block_1_15' title="bbox 244 1406 1816 1476">
    <p class='ocr_par' dir='ltr' id='par_1_15' title="bbox 244 1406 1816 1476">
     <span class='ocr_line' id='line_1_15' title="bbox 244 1406 1816 1476; baseline -0.004 -10"><span class='ocrx_word' id='word_1_99' title='bbox 244 1412 430 1476; x_wconf 84' lang='lat' dir='ltr'><strong>verba,</strong></span> <span class='ocrx_word' id='word_1_100' title='bbox 480 1410 575 1466; x_wconf 88' lang='lat' dir='ltr'><strong>sed</strong></span> <span class='ocrx_word' id='word_1_101' title='bbox 618 1409 913 1464; x_wconf 79' lang='lat' dir='ltr'><strong>sententias</strong></span> <span class='ocrx_word' id='word_1_102' title='bbox 961 1408 1260 1471; x_wconf 88' lang='lat' dir='ltr'><strong>discutere,</strong></span> <span class='ocrx_word' id='word_1_103' title='bbox 1307 1421 1406 1461; x_wconf 88' lang='lat' dir='ltr'><strong>nec</strong></span> <span class='ocrx_word' id='word_1_104' title='bbox 1457 1406 1816 1460; x_wconf 85' lang='lat' dir='ltr'><strong>litteraturam</strong></span> 
     </span>
    </p>
   </div>
   <div class='ocr_carea' id='block_1_16' title="bbox 243 1494 1818 1566">
    <p class='ocr_par' dir='ltr' id='par_1_16' title="bbox 243 1494 1818 1566">
     <span class='ocr_line' id='line_1_16' title="bbox 243 1494 1818 1566; baseline -0.004 -12"><span class='ocrx_word' id='word_1_105' title='bbox 243 1501 339 1555; x_wconf 88' lang='lat' dir='ltr'><strong>sed</strong></span> <span class='ocrx_word' id='word_1_106' title='bbox 379 1513 572 1554; x_wconf 86' lang='lat' dir='ltr'><strong>sensus</strong></span> <span class='ocrx_word' id='word_1_107' title='bbox 612 1497 893 1563; x_wconf 79' lang='lat' dir='ltr'><strong>ventilare,</strong></span> <span class='ocrx_word' id='word_1_108' title='bbox 921 1496 1175 1566; x_wconf 89' lang='lat' dir='ltr'><strong>quoniam</strong></span> <span class='ocrx_word' id='word_1_109' title='bbox 1219 1495 1533 1550; x_wconf 70' lang='lat' dir='ltr'><strong>litteratum</strong></span> <span class='ocrx_word' id='word_1_110' title='bbox 1573 1494 1818 1551; x_wconf 85' lang='lat' dir='ltr'><strong>ordinem</strong></span> 
     </span>
    </p>
   </div>
   <div class='ocr_carea' id='block_1_17' title="bbox 243 1584 1820 1656">
    <p class='ocr_par' dir='ltr' id='par_1_17' title="bbox 243 1584 1820 1656">
     <span class='ocr_line' id='line_1_17' title="bbox 243 1584 1820 1656; baseline -0.004 -11"><span class='ocrx_word' id='word_1_111' title='bbox 243 1590 300 1645; x_wconf 87' lang='lat' dir='ltr'><strong>in</strong></span> <span class='ocrx_word' id='word_1_112' title='bbox 329 1590 417 1644; x_wconf 89' lang='lat' dir='ltr'><strong>his</strong></span> <span class='ocrx_word' id='word_1_113' title='bbox 445 1588 714 1644; x_wconf 92' lang='lat' dir='ltr'><strong>inﬁnitum</strong></span> <span class='ocrx_word' id='word_1_114' title='bbox 743 1594 826 1642; x_wconf 91' lang='lat' dir='ltr'><strong>est</strong></span> <span class='ocrx_word' id='word_1_115' title='bbox 847 1600 1109 1656; x_wconf 65' lang='lat' dir='ltr'><strong>quaerere,</strong></span> <span class='ocrx_word' id='word_1_116' title='bbox 1142 1586 1338 1655; x_wconf 87' lang='lat' dir='ltr'><strong>quippe</strong></span> <span class='ocrx_word' id='word_1_117' title='bbox 1363 1600 1486 1639; x_wconf 90' lang='lat' dir='ltr'><strong>cum</strong></span> <span class='ocrx_word' id='word_1_118' title='bbox 1524 1584 1668 1638; x_wconf 90' lang='lat' dir='ltr'><strong>nulla</strong></span> <span class='ocrx_word' id='word_1_119' title='bbox 1697 1599 1820 1638; x_wconf 83' lang='lat' dir='ltr'><strong>sen-</strong></span> 
     </span>
    </p>
   </div>
   <div class='ocr_carea' id='block_1_18' title="bbox 249 1675 1816 1745">
    <p class='ocr_par' dir='ltr' id='par_1_18' title="bbox 249 1675 1816 1745">
     <span class='ocr_line' id='line_1_18' title="bbox 249 1675 1816 1745; baseline -0.003 -13"><span class='ocrx_word' id='word_1_120' title='bbox 249 1679 420 1734; x_wconf 85' lang='lat' dir='ltr'><strong>tentia</strong></span> <span class='ocrx_word' id='word_1_121' title='bbox 467 1677 523 1732; x_wconf 91' lang='lat' dir='ltr'><strong>in</strong></span> <span class='ocrx_word' id='word_1_122' title='bbox 561 1675 798 1745; x_wconf 86' lang='lat' dir='ltr'><strong>ejusdem</strong></span> <span class='ocrx_word' id='word_1_123' title='bbox 841 1675 1088 1731; x_wconf 87' lang='lat' dir='ltr'><strong>lectionis</strong></span> <span class='ocrx_word' id='word_1_124' title='bbox 1125 1675 1334 1745; x_wconf 81' lang='lat' dir='ltr'><strong>prolixo</strong></span> <span class='ocrx_word' id='word_1_125' title='bbox 1380 1684 1526 1730; x_wconf 81' lang='lat' dir='ltr'><strong>textu</strong></span> <span class='ocrx_word' id='word_1_126' title='bbox 1574 1689 1671 1744; x_wconf 88' lang='lat' dir='ltr'><strong>per</strong></span> <span class='ocrx_word' id='word_1_127' title='bbox 1697 1688 1816 1729; x_wconf 91' lang='lat' dir='ltr'><strong>eam</strong></span> 
     </span>
    </p>
   </div>
   <div class='ocr_carea' id='block_1_19' title="bbox 1909 475 3477 550">
    <p class='ocr_par' dir='ltr' id='par_1_19' title="bbox 1909 475 3477 550">
     <span class='ocr_line' id='line_1_19' title="bbox 1909 475 3477 550; baseline -0.003 -17"><span class='ocrx_word' id='word_1_128' title='bbox 1909 478 2158 534; x_wconf 80' lang='lat' dir='ltr'><strong>frustrari</strong></span> <span class='ocrx_word' id='word_1_129' title='bbox 2199 489 2396 550; x_wconf 89' lang='lat' dir='ltr'><strong>potest,</strong></span> <span class='ocrx_word' id='word_1_130' title='bbox 2421 480 2673 548; x_wconf 85' lang='lat' dir='ltr'><strong>quoniam</strong></span> <span class='ocrx_word' id='word_1_131' title='bbox 2711 491 2847 546; x_wconf 91' lang='lat' dir='ltr'><strong>pene</strong></span> <span class='ocrx_word' id='word_1_132' title='bbox 2876 476 3010 530; x_wconf 90' lang='lat' dir='ltr'><strong>nihil</strong></span> <span class='ocrx_word' id='word_1_133' title='bbox 3033 483 3116 530; x_wconf 89' lang='lat' dir='ltr'><strong>est</strong></span> <span class='ocrx_word' id='word_1_134' title='bbox 3147 476 3200 529; x_wconf 90' lang='lat' dir='ltr'><strong>in</strong></span> <span class='ocrx_word' id='word_1_135' title='bbox 3243 475 3324 529; x_wconf 87' lang='lat' dir='ltr'><strong>his</strong></span> <span class='ocrx_word' id='word_1_136' title='bbox 3357 490 3477 546; x_wconf 80' lang='lat' dir='ltr'><strong>qua:</strong></span> 
     </span>
    </p>
   </div>
   <div class='ocr_carea' id='block_1_20' title="bbox 1910 569 3481 638">
    <p class='ocr_par' dir='ltr' id='par_1_20' title="bbox 1910 569 3481 638">
     <span class='ocr_line' id='line_1_20' title="bbox 1910 569 3481 638; baseline -0.002 -15"><span class='ocrx_word' id='word_1_137' title='bbox 1910 572 2365 633; x_wconf 90' lang='lat' dir='ltr'><strong>enumeravimus,</strong></span> <span class='ocrx_word' id='word_1_138' title='bbox 2409 571 2551 638; x_wconf 91' lang='lat' dir='ltr'><strong>quod</strong></span> <span class='ocrx_word' id='word_1_139' title='bbox 2581 585 2683 623; x_wconf 91' lang='lat' dir='ltr'><strong>non</strong></span> <span class='ocrx_word' id='word_1_140' title='bbox 2712 583 2809 638; x_wconf 89' lang='lat' dir='ltr'><strong>per</strong></span> <span class='ocrx_word' id='word_1_141' title='bbox 2838 569 3175 622; x_wconf 76' lang='lat' dir='ltr'><strong>sacerdotum</strong></span> <span class='ocrx_word' id='word_1_142' title='bbox 3207 569 3481 620; x_wconf 88' lang='lat' dir='ltr'><strong>orationes</strong></span> 
     </span>
    </p>
   </div>
   <div class='ocr_carea' id='block_1_21' title="bbox 1911 658 3489 721">
    <p class='ocr_par' dir='ltr' id='par_1_21' title="bbox 1911 658 3489 721">
     <span class='ocr_line' id='line_1_21' title="bbox 1911 658 3489 721; baseline -0.001 -7"><span class='ocrx_word' id='word_1_143' title='bbox 1911 668 1964 714; x_wconf 90' lang='lat' dir='ltr'><strong>et</strong></span> <span class='ocrx_word' id='word_1_144' title='bbox 2009 662 2442 715; x_wconf 88' lang='lat' dir='ltr'><strong>consecrationes</strong></span> <span class='ocrx_word' id='word_1_145' title='bbox 2509 667 2875 721; x_wconf 89' lang='lat' dir='ltr'><strong>consecretur,</strong></span> <span class='ocrx_word' id='word_1_146' title='bbox 2924 658 3018 712; x_wconf 90' lang='lat' dir='ltr'><strong>sed</strong></span> <span class='ocrx_word' id='word_1_147' title='bbox 3065 665 3120 712; x_wconf 90' lang='lat' dir='ltr'><strong>et</strong></span> <span class='ocrx_word' id='word_1_148' title='bbox 3167 658 3489 712; x_wconf 75' lang='lat' dir='ltr'><strong>exoreismis</strong></span> 
     </span>
    </p>
   </div>
   <div class='ocr_carea' id='block_1_22' title="bbox 1911 748 3486 821">
    <p class='ocr_par' dir='ltr' id='par_1_22' title="bbox 1911 748 3486 821">
     <span class='ocr_line' id='line_1_22' title="bbox 1911 748 3486 821; baseline -0.001 -17"><span class='ocrx_word' id='word_1_149' title='bbox 1911 759 1965 804; x_wconf 88' lang='lat' dir='ltr'><strong>et</strong></span> <span class='ocrx_word' id='word_1_150' title='bbox 1991 752 2118 807; x_wconf 82' lang='lat' dir='ltr'><strong>salis</strong></span> <span class='ocrx_word' id='word_1_151' title='bbox 2153 760 2207 805; x_wconf 88' lang='lat' dir='ltr'><strong>et</strong></span> <span class='ocrx_word' id='word_1_152' title='bbox 2249 767 2402 821; x_wconf 52' lang='lat' dir='ltr'><strong>aqua).</strong></span> <span class='ocrx_word' id='word_1_153' title='bbox 2443 751 2754 820; x_wconf 88' lang='lat' dir='ltr'><strong>aspersione</strong></span> <span class='ocrx_word' id='word_1_154' title='bbox 2800 749 2878 802; x_wconf 91' lang='lat' dir='ltr'><strong>uti</strong></span> <span class='ocrx_word' id='word_1_155' title='bbox 2919 748 3486 812; x_wconf 85' lang='lat' dir='ltr'><strong>consuevitEcclesia,</strong></span> 
     </span>
    </p>
   </div>
   <div class='ocr_carea' id='block_1_23' title="bbox 1912 839 3490 911">
    <p class='ocr_par' dir='ltr' id='par_1_23' title="bbox 1912 839 3490 911">
     <span class='ocr_line' id='line_1_23' title="bbox 1912 839 3490 911; baseline -0.001 -16"><span class='ocrx_word' id='word_1_156' title='bbox 1912 856 2139 911; x_wconf 90' lang='lat' dir='ltr'><strong>quorum</strong></span> <span class='ocrx_word' id='word_1_157' title='bbox 2195 857 2436 897; x_wconf 83' lang='lat' dir='ltr'><strong>omnium</strong></span> <span class='ocrx_word' id='word_1_158' title='bbox 2500 840 2935 895; x_wconf 75' lang='lat' dir='ltr'><strong>consecratione;</strong></span> <span class='ocrx_word' id='word_1_159' title='bbox 2976 839 3062 893; x_wconf 87' lang='lat' dir='ltr'><strong>vel</strong></span> <span class='ocrx_word' id='word_1_160' title='bbox 3120 839 3490 893; x_wconf 84' lang='lat' dir='ltr'><strong>institutiones</strong></span> 
     </span>
    </p>
   </div>
   <div class='ocr_carea' id='block_1_24' title="bbox 1913 927 3488 998">
    <p class='ocr_par' dir='ltr' id='par_1_24' title="bbox 1913 927 3488 998">
     <span class='ocr_line' id='line_1_24' title="bbox 1913 927 3488 998; baseline -0.001 -15"><span class='ocrx_word' id='word_1_161' title='bbox 1913 931 1981 984; x_wconf 90' lang='lat' dir='ltr'><strong>ab</strong></span> <span class='ocrx_word' id='word_1_162' title='bbox 2014 931 2144 998; x_wconf 90' lang='lat' dir='ltr'><strong>ipsis</strong></span> <span class='ocrx_word' id='word_1_163' title='bbox 2185 931 2443 985; x_wconf 76' lang='lat' dir='ltr'><strong>Ecclesia:</strong></span> <span class='ocrx_word' id='word_1_164' title='bbox 2490 928 2811 984; x_wconf 87' lang='lat' dir='ltr'><strong>rudimentis</strong></span> <span class='ocrx_word' id='word_1_165' title='bbox 2842 930 2906 982; x_wconf 81' lang='lat' dir='ltr'><strong>ab</strong></span> <span class='ocrx_word' id='word_1_166' title='bbox 2947 927 3309 983; x_wconf 85' lang='lat' dir='ltr'><strong>Ecclesiarum</strong></span> <span class='ocrx_word' id='word_1_167' title='bbox 3350 943 3488 997; x_wconf 65' lang='lat' dir='ltr'><strong>pra)-</strong></span> 
     </span>
    </p>
   </div>
   <div class='ocr_carea' id='block_1_25' title="bbox 1914 1022 3486 1086">
    <p class='ocr_par' dir='ltr' id='par_1_25' title="bbox 1914 1022 3486 1086">
     <span class='ocr_line' id='line_1_25' title="bbox 1914 1022 3486 1086; baseline 0 -10"><span class='ocrx_word' id='word_1_168' title='bbox 1914 1023 2118 1078; x_wconf 90' lang='lat' dir='ltr'><strong>suiibus</strong></span> <span class='ocrx_word' id='word_1_169' title='bbox 2149 1025 2355 1079; x_wconf 68' lang='lat' dir='ltr'><strong>tradita:</strong></span> <span class='ocrx_word' id='word_1_170' title='bbox 2395 1023 2562 1078; x_wconf 84' lang='lat' dir='ltr'><strong>fuisse</strong></span> <span class='ocrx_word' id='word_1_171' title='bbox 2591 1030 2908 1086; x_wconf 89' lang='lat' dir='ltr'><strong>noscuntur,</strong></span> <span class='ocrx_word' id='word_1_172' title='bbox 2935 1031 2989 1076; x_wconf 90' lang='lat' dir='ltr'><strong>et</strong></span> <span class='ocrx_word' id='word_1_173' title='bbox 3027 1022 3083 1077; x_wconf 91' lang='lat' dir='ltr'><strong>in</strong></span> <span class='ocrx_word' id='word_1_174' title='bbox 3124 1022 3278 1078; x_wconf 89' lang='lat' dir='ltr'><strong>libris</strong></span> <span class='ocrx_word' id='word_1_175' title='bbox 3301 1037 3486 1077; x_wconf 86' lang='lat' dir='ltr'><strong>sacer-</strong></span> 
     </span>
    </p>
   </div>
   <div class='ocr_carea' id='block_1_26' title="bbox 1913 1111 3487 1184">
    <p class='ocr_par' dir='ltr' id='par_1_26' title="bbox 1913 1111 3487 1184">
     <span class='ocr_line' id='line_1_26' title="bbox 1913 1111 3487 1184; baseline 0.001 -19"><span class='ocrx_word' id='word_1_176' title='bbox 1913 1111 2182 1168; x_wconf 82' lang='lat' dir='ltr'><strong>dotalibus</strong></span> <span class='ocrx_word' id='word_1_177' title='bbox 2209 1123 2443 1169; x_wconf 66' lang='lat' dir='ltr'><strong>exaratae</strong></span> <span class='ocrx_word' id='word_1_178' title='bbox 2472 1115 2759 1169; x_wconf 85' lang='lat' dir='ltr'><strong>habentur.</strong></span> <span class='ocrx_word' id='word_1_179' title='bbox 2787 1113 2920 1168; x_wconf 88' lang='lat' dir='ltr'><strong>Cum</strong></span> <span class='ocrx_word' id='word_1_180' title='bbox 2954 1129 3082 1184; x_wconf 90' lang='lat' dir='ltr'><strong>ergo</strong></span> <span class='ocrx_word' id='word_1_181' title='bbox 3119 1114 3174 1169; x_wconf 90' lang='lat' dir='ltr'><strong>id</strong></span> <span class='ocrx_word' id='word_1_182' title='bbox 3203 1114 3343 1168; x_wconf 89' lang='lat' dir='ltr'><strong>idem</strong></span> <span class='ocrx_word' id='word_1_183' title='bbox 3372 1114 3487 1168; x_wconf 86' lang='lat' dir='ltr'><strong>dia-</strong></span> 
     </span>
    </p>
   </div>
   <div class='ocr_carea' id='block_1_27' title="bbox 1913 1204 3487 1275">
    <p class='ocr_par' dir='ltr' id='par_1_27' title="bbox 1913 1204 3487 1275">
     <span class='ocr_line' id='line_1_27' title="bbox 1913 1204 3487 1275; baseline 0.001 -17"><span class='ocrx_word' id='word_1_184' title='bbox 1913 1218 2082 1258; x_wconf 90' lang='lat' dir='ltr'><strong>conus</strong></span> <span class='ocrx_word' id='word_1_185' title='bbox 2101 1204 2222 1259; x_wconf 91' lang='lat' dir='ltr'><strong>ideo</strong></span> <span class='ocrx_word' id='word_1_186' title='bbox 2239 1205 2479 1259; x_wconf 89' lang='lat' dir='ltr'><strong>intulerit</strong></span> <span class='ocrx_word' id='word_1_187' title='bbox 2501 1213 2558 1259; x_wconf 93' lang='lat' dir='ltr'><strong>ut</strong></span> <span class='ocrx_word' id='word_1_188' title='bbox 2575 1204 2855 1275; x_wconf 81' lang='lat' dir='ltr'><strong>imagines,</strong></span> <span class='ocrx_word' id='word_1_189' title='bbox 2872 1220 3100 1274; x_wconf 88' lang='lat' dir='ltr'><strong>quarum</strong></span> <span class='ocrx_word' id='word_1_190' title='bbox 3121 1204 3487 1260; x_wconf 86' lang='lat' dir='ltr'><strong>adorationem</strong></span> 
     </span>
    </p>
   </div>
   <div class='ocr_carea' id='block_1_28' title="bbox 1914 1296 3480 1369">
    <p class='ocr_par' dir='ltr' id='par_1_28' title="bbox 1914 1296 3480 1369">
     <span class='ocr_line' id='line_1_28' title="bbox 1914 1296 3480 1369; baseline 0.004 -20"><span class='ocrx_word' id='word_1_191' title='bbox 1914 1296 1992 1350; x_wconf 87' lang='lat' dir='ltr'><strong>illi</strong></span> <span class='ocrx_word' id='word_1_192' title='bbox 2030 1312 2252 1366; x_wconf 91' lang='lat' dir='ltr'><strong>prorsus</strong></span> <span class='ocrx_word' id='word_1_193' title='bbox 2314 1299 2574 1353; x_wconf 88' lang='lat' dir='ltr'><strong>roborare</strong></span> <span class='ocrx_word' id='word_1_194' title='bbox 2636 1306 2881 1362; x_wconf 72' lang='lat' dir='ltr'><strong>aestuant,</strong></span> <span class='ocrx_word' id='word_1_195' title='bbox 2922 1304 2988 1353; x_wconf 88' lang='lat' dir='ltr'><strong>de</strong></span> <span class='ocrx_word' id='word_1_196' title='bbox 3025 1313 3253 1368; x_wconf 91' lang='lat' dir='ltr'><strong>quarum</strong></span> <span class='ocrx_word' id='word_1_197' title='bbox 3295 1299 3480 1369; x_wconf 84' lang='lat' dir='ltr'><strong>utique</strong></span> 
     </span>
    </p>
   </div>
   <div class='ocr_carea' id='block_1_29' title="bbox 1916 1386 3490 1453">
    <p class='ocr_par' dir='ltr' id='par_1_29' title="bbox 1916 1386 3490 1453">
     <span class='ocr_line' id='line_1_29' title="bbox 1916 1386 3490 1453; baseline 0.001 -11"><span class='ocrx_word' id='word_1_198' title='bbox 1916 1388 2319 1442; x_wconf 88' lang='lat' dir='ltr'><strong>consecratione</strong></span> <span class='ocrx_word' id='word_1_199' title='bbox 2349 1387 2496 1443; x_wconf 89' lang='lat' dir='ltr'><strong>nulla</strong></span> <span class='ocrx_word' id='word_1_200' title='bbox 2533 1395 2618 1442; x_wconf 91' lang='lat' dir='ltr'><strong>est</strong></span> <span class='ocrx_word' id='word_1_201' title='bbox 2641 1387 3006 1443; x_wconf 87' lang='lat' dir='ltr'><strong>ecclesiastica</strong></span> <span class='ocrx_word' id='word_1_202' title='bbox 3033 1386 3322 1453; x_wconf 84' lang='lat' dir='ltr'><strong>institutio,</strong></span> <span class='ocrx_word' id='word_1_203' title='bbox 3346 1387 3490 1443; x_wconf 88' lang='lat' dir='ltr'><strong>vasis</strong></span> 
     </span>
    </p>
   </div>
   <div class='ocr_carea' id='block_1_30' title="bbox 1918 1477 3490 1548">
    <p class='ocr_par' dir='ltr' id='par_1_30' title="bbox 1918 1477 3490 1548">
     <span class='ocr_line' id='line_1_30' title="bbox 1918 1477 3490 1548; baseline 0.002 -18"><span class='ocrx_word' id='word_1_204' title='bbox 1918 1477 2001 1532; x_wconf 91' lang='lat' dir='ltr'><strong>vel</strong></span> <span class='ocrx_word' id='word_1_205' title='bbox 2032 1479 2242 1533; x_wconf 61' lang='lat' dir='ltr'><strong>caeteris</strong></span> <span class='ocrx_word' id='word_1_206' title='bbox 2279 1479 2440 1534; x_wconf 88' lang='lat' dir='ltr'><strong>rebus</strong></span> <span class='ocrx_word' id='word_1_207' title='bbox 2482 1478 2678 1534; x_wconf 83' lang='lat' dir='ltr'><strong>divinis</strong></span> <span class='ocrx_word' id='word_1_208' title='bbox 2713 1477 2947 1533; x_wconf 86' lang='lat' dir='ltr'><strong>cultibus</strong></span> <span class='ocrx_word' id='word_1_209' title='bbox 2978 1477 3302 1548; x_wconf 88' lang='lat' dir='ltr'><strong>mancipatis</strong></span> <span class='ocrx_word' id='word_1_210' title='bbox 3337 1492 3490 1533; x_wconf 88' lang='lat' dir='ltr'><strong>asso-</strong></span> 
     </span>
    </p>
   </div>
   <div class='ocr_carea' id='block_1_31' title="bbox 1919 1567 3488 1635">
    <p class='ocr_par' dir='ltr' id='par_1_31' title="bbox 1919 1567 3488 1635">
     <span class='ocr_line' id='line_1_31' title="bbox 1919 1567 3488 1635; baseline 0 -11"><span class='ocrx_word' id='word_1_211' title='bbox 1919 1570 2106 1635; x_wconf 88' lang='lat' dir='ltr'><strong>ciaret,</strong></span> <span class='ocrx_word' id='word_1_212' title='bbox 2149 1571 2252 1626; x_wconf 92' lang='lat' dir='ltr'><strong>hoc</strong></span> <span class='ocrx_word' id='word_1_213' title='bbox 2307 1570 2650 1625; x_wconf 86' lang='lat' dir='ltr'><strong>introducere</strong></span> <span class='ocrx_word' id='word_1_214' title='bbox 2693 1569 2937 1633; x_wconf 79' lang='lat' dir='ltr'><strong>moliens,</strong></span> <span class='ocrx_word' id='word_1_215' title='bbox 2968 1576 3028 1623; x_wconf 90' lang='lat' dir='ltr'><strong>ut</strong></span> <span class='ocrx_word' id='word_1_216' title='bbox 3064 1568 3205 1623; x_wconf 86' lang='lat' dir='ltr'><strong>sicut</strong></span> <span class='ocrx_word' id='word_1_217' title='bbox 3226 1567 3343 1623; x_wconf 71' lang='lat' dir='ltr'><strong>haec</strong></span> <span class='ocrx_word' id='word_1_218' title='bbox 3367 1567 3488 1625; x_wconf 81' lang='lat' dir='ltr'><strong>sine</strong></span> 
     </span>
    </p>
   </div>
   <div class='ocr_carea' id='block_1_32' title="bbox 1920 1659 3492 1730">
    <p class='ocr_par' dir='ltr' id='par_1_32' title="bbox 1920 1659 3492 1730">
     <span class='ocr_line' id='line_1_32' title="bbox 1920 1659 3492 1730; baseline 0 -15"><span class='ocrx_word' id='word_1_219' title='bbox 1920 1662 2256 1718; x_wconf 85' lang='lat' dir='ltr'><strong>orationibus</strong></span> <span class='ocrx_word' id='word_1_220' title='bbox 2278 1669 2610 1724; x_wconf 87' lang='lat' dir='ltr'><strong>consecrata,</strong></span> <span class='ocrx_word' id='word_1_221' title='bbox 2642 1661 2716 1714; x_wconf 88' lang='lat' dir='ltr'><strong>ita</strong></span> <span class='ocrx_word' id='word_1_222' title='bbox 2751 1661 2870 1715; x_wconf 88' lang='lat' dir='ltr'><strong>illas</strong></span> <span class='ocrx_word' id='word_1_223' title='bbox 2898 1675 3112 1730; x_wconf 89' lang='lat' dir='ltr'><strong>quoque</strong></span> <span class='ocrx_word' id='word_1_224' title='bbox 3134 1661 3253 1715; x_wconf 87' lang='lat' dir='ltr'><strong>sine</strong></span> <span class='ocrx_word' id='word_1_225' title='bbox 3285 1659 3492 1715; x_wconf 76' lang='lat' dir='ltr'><strong>oratio-</strong></span> 
     </span>
    </p>
   </div>
   <div class='ocr_carea' id='block_1_33' title="bbox 244 1737 1824 1838">
    <p class='ocr_par' dir='ltr' id='par_1_33' title="bbox 244 1765 1821 1838">
     <span class='ocr_line' id='line_1_33' title="bbox 244 1765 1821 1838; baseline -0.003 -14"><span class='ocrx_word' id='word_1_226' title='bbox 244 1769 416 1838; x_wconf 87' lang='lat' dir='ltr'><strong>possit</strong></span> <span class='ocrx_word' id='word_1_227' title='bbox 458 1777 602 1823; x_wconf 87' lang='lat' dir='ltr'><strong>stare</strong></span> <span class='ocrx_word' id='word_1_228' title='bbox 630 1807 645 1832; x_wconf 95' lang='lat'><strong>,</strong></span> <span class='ocrx_word' id='word_1_229' title='bbox 702 1768 758 1822; x_wconf 93' lang='lat' dir='ltr'><strong>in</strong></span> <span class='ocrx_word' id='word_1_230' title='bbox 791 1766 947 1821; x_wconf 85' lang='lat' dir='ltr'><strong>&#39;raris</strong></span> <span class='ocrx_word' id='word_1_231' title='bbox 995 1774 1174 1820; x_wconf 88' lang='lat' dir='ltr'><strong>autem</strong></span> <span class='ocrx_word' id='word_1_232' title='bbox 1224 1766 1511 1819; x_wconf 88' lang='lat' dir='ltr'><strong>verborum</strong></span> <span class='ocrx_word' id='word_1_233' title='bbox 1552 1765 1821 1820; x_wconf 89' lang='lat' dir='ltr'><strong>erratibus</strong></span> 
     </span>
    </p>
   </div>
   <div class='ocr_carea' id='block_1_34' title="bbox 1921 1737 3494 1838">
    <p class='ocr_par' dir='ltr' id='par_1_34' title="bbox 1923 1750 3494 1823">
     <span class='ocr_line' id='line_1_34' title="bbox 1923 1750 3494 1823; baseline -0.002 -14"><span class='ocrx_word' id='word_1_234' title='bbox 1923 1756 2081 1810; x_wconf 89' lang='lat' dir='ltr'><strong>nibus</strong></span> <span class='ocrx_word' id='word_1_235' title='bbox 2119 1762 2464 1810; x_wconf 87' lang='lat' dir='ltr'><strong>consecratas</strong></span> <span class='ocrx_word' id='word_1_236' title='bbox 2491 1769 2611 1809; x_wconf 87' lang='lat' dir='ltr'><strong>esse</strong></span> <span class='ocrx_word' id='word_1_237' title='bbox 2645 1753 2980 1823; x_wconf 86' lang='lat' dir='ltr'><strong>perdoceret,</strong></span> <span class='ocrx_word' id='word_1_238' title='bbox 3021 1753 3074 1806; x_wconf 91' lang='lat' dir='ltr'><strong>in</strong></span> <span class='ocrx_word' id='word_1_239' title='bbox 3109 1767 3176 1807; x_wconf 92' lang='lat' dir='ltr'><strong>eo</strong></span> <span class='ocrx_word' id='word_1_240' title='bbox 3201 1750 3319 1820; x_wconf 88' lang='lat' dir='ltr'><strong>ejus</strong></span> <span class='ocrx_word' id='word_1_241' title='bbox 3341 1750 3494 1806; x_wconf 84' lang='lat' dir='ltr'><strong>moli-</strong></span> 
     </span>
    </p>
   </div>
   <div class='ocr_carea' id='block_1_35' title="bbox 245 1856 1826 1926">
    <p class='ocr_par' dir='ltr' id='par_1_35' title="bbox 245 1856 1826 1926">
     <span class='ocr_line' id='line_1_35' title="bbox 245 1856 1826 1926; baseline -0.003 -11"><span class='ocrx_word' id='word_1_242' title='bbox 245 1870 302 1915; x_wconf 92' lang='lat' dir='ltr'><strong>et</strong></span> <span class='ocrx_word' id='word_1_243' title='bbox 356 1859 675 1914; x_wconf 81' lang='lat' dir='ltr'><strong>eruditionis</strong></span> <span class='ocrx_word' id='word_1_244' title='bbox 721 1857 847 1912; x_wconf 86' lang='lat' dir='ltr'><strong>lima</strong></span> <span class='ocrx_word' id='word_1_245' title='bbox 909 1873 1010 1913; x_wconf 91' lang='lat' dir='ltr'><strong>nec</strong></span> <span class='ocrx_word' id='word_1_246' title='bbox 1057 1857 1187 1912; x_wconf 92' lang='lat' dir='ltr'><strong>dum</strong></span> <span class='ocrx_word' id='word_1_247' title='bbox 1244 1857 1424 1926; x_wconf 90' lang='lat' dir='ltr'><strong>politis</strong></span> <span class='ocrx_word' id='word_1_248' title='bbox 1486 1856 1641 1912; x_wconf 80' lang='lat' dir='ltr'><strong>facile</strong></span> <span class='ocrx_word' id='word_1_249' title='bbox 1685 1857 1826 1912; x_wconf 83' lang='lat' dir='ltr'><strong>inter</strong></span> 
     </span>
    </p>
   </div>
   <div class='ocr_carea' id='block_1_36' title="bbox 244 1937 1825 2020">
    <p class='ocr_par' dir='ltr' id='par_1_36' title="bbox 244 1937 1825 2020">
     <span class='ocr_line' id='line_1_36' title="bbox 244 1937 1825 2020; baseline -0.003 -15"><span class='ocrx_word' id='word_1_250' title='bbox 244 1965 516 2005; x_wconf 87' lang='lat' dir='ltr'><strong>sensuum-</strong></span> <span class='ocrx_word' id='word_1_251' title='bbox 556 1956 737 2004; x_wconf 88' lang='lat' dir='ltr'><strong>errata</strong></span> <span class='ocrx_word' id='word_1_252' title='bbox 783 1949 1106 2018; x_wconf 88' lang='lat' dir='ltr'><strong>disputatur.</strong></span> <span class='ocrx_word' id='word_1_253' title='bbox 1185 1949 1286 2005; x_wconf 84' lang='lat' dir='ltr'><strong>Ubi</strong></span> <span class='ocrx_word' id='word_1_254' title='bbox 1331 1937 1482 2020; x_wconf 30' lang='lat' dir='ltr'><strong>ergo.</strong></span> <span class='ocrx_word' id='word_1_255' title='bbox 1515 1950 1568 2003; x_wconf 91' lang='lat' dir='ltr'><strong>in</strong></span> <span class='ocrx_word' id='word_1_256' title='bbox 1595 1948 1825 2019; x_wconf 75' lang='lat' dir='ltr'><strong>prolixa</strong></span> 
     </span>
    </p>
   </div>
   <div class='ocr_carea' id='block_1_37' title="bbox 243 2040 1826 2112">
    <p class='ocr_par' dir='ltr' id='par_1_37' title="bbox 243 2040 1826 2112">
     <span class='ocr_line' id='line_1_37' title="bbox 243 2040 1826 2112; baseline -0.001 -17"><span class='ocrx_word' id='word_1_257' title='bbox 243 2041 498 2096; x_wconf 89' lang='lat' dir='ltr'><strong>lectionis</strong></span> <span class='ocrx_word' id='word_1_258' title='bbox 545 2040 689 2096; x_wconf 87' lang='lat' dir='ltr'><strong>serie</strong></span> <span class='ocrx_word' id='word_1_259' title='bbox 732 2055 833 2095; x_wconf 91' lang='lat' dir='ltr'><strong>nec</strong></span> <span class='ocrx_word' id='word_1_260' title='bbox 874 2056 1126 2096; x_wconf 88' lang='lat' dir='ltr'><strong>sensuum</strong></span> <span class='ocrx_word' id='word_1_261' title='bbox 1177 2053 1261 2096; x_wconf 92' lang='lat' dir='ltr'><strong>est</strong></span> <span class='ocrx_word' id='word_1_262' title='bbox 1307 2043 1516 2112; x_wconf 85' lang='lat' dir='ltr'><strong>puritas</strong></span> <span class='ocrx_word' id='word_1_263' title='bbox 1557 2056 1658 2095; x_wconf 89' lang='lat' dir='ltr'><strong>nec</strong></span> <span class='ocrx_word' id='word_1_264' title='bbox 1707 2055 1826 2094; x_wconf 82' lang='lat' dir='ltr'><strong>ver-</strong></span> 
     </span>
    </p>
   </div>
   <div class='ocr_carea' id='block_1_38' title="bbox 243 2129 1820 2201">
    <p class='ocr_par' dir='ltr' id='par_1_38' title="bbox 243 2129 1820 2201">
     <span class='ocr_line' id='line_1_38' title="bbox 243 2129 1820 2201; baseline -0.003 -15"><span class='ocrx_word' id='word_1_265' title='bbox 243 2133 443 2186; x_wconf 83' lang='lat' dir='ltr'><strong>borum</strong></span> <span class='ocrx_word' id='word_1_266' title='bbox 498 2130 810 2201; x_wconf 76' lang='lat' dir='ltr'><strong>integritas,</strong></span> <span class='ocrx_word' id='word_1_267' title='bbox 875 2129 1086 2186; x_wconf 81' lang='lat' dir='ltr'><strong>difﬁcile</strong></span> <span class='ocrx_word' id='word_1_268' title='bbox 1126 2131 1192 2186; x_wconf 91' lang='lat' dir='ltr'><strong>de</strong></span> <span class='ocrx_word' id='word_1_269' title='bbox 1229 2131 1454 2201; x_wconf 76' lang='lat' dir='ltr'><strong>singulis</strong></span> <span class='ocrx_word' id='word_1_270' title='bbox 1502 2130 1820 2201; x_wconf 85' lang='lat' dir='ltr'><strong>disputatur,</strong></span> 
     </span>
    </p>
   </div>
   <div class='ocr_carea' id='block_1_39' title="bbox 244 2219 1823 2293">
    <p class='ocr_par' dir='ltr' id='par_1_39' title="bbox 244 2219 1823 2293">
     <span class='ocr_line' id='line_1_39' title="bbox 244 2219 1823 2293; baseline -0.001 -16"><span class='ocrx_word' id='word_1_271' title='bbox 244 2222 503 2293; x_wconf 86' lang='lat' dir='ltr'><strong>quoniam</strong></span> <span class='ocrx_word' id='word_1_272' title='bbox 529 2221 584 2275; x_wconf 92' lang='lat' dir='ltr'><strong>in</strong></span> <span class='ocrx_word' id='word_1_273' title='bbox 608 2219 876 2276; x_wconf 88' lang='lat' dir='ltr'><strong>inﬁnitum</strong></span> <span class='ocrx_word' id='word_1_274' title='bbox 905 2221 1281 2291; x_wconf 90' lang='lat' dir='ltr'><strong>disputationis</strong></span> <span class='ocrx_word' id='word_1_275' title='bbox 1307 2223 1438 2278; x_wconf 90' lang='lat' dir='ltr'><strong>ordo</strong></span> <span class='ocrx_word' id='word_1_276' title='bbox 1463 2221 1823 2291; x_wconf 88' lang='lat' dir='ltr'><strong>protenditur.</strong></span> 
     </span>
    </p>
   </div>
   <div class='ocr_carea' id='block_1_40' title="bbox 241 2309 1827 2381">
    <p class='ocr_par' dir='ltr' id='par_1_40' title="bbox 241 2309 1827 2381">
     <span class='ocr_line' id='line_1_40' title="bbox 241 2309 1827 2381; baseline -0.002 -16"><span class='ocrx_word' id='word_1_277' title='bbox 241 2311 308 2365; x_wconf 92' lang='lat' dir='ltr'><strong>Si</strong></span> <span class='ocrx_word' id='word_1_278' title='bbox 338 2311 483 2367; x_wconf 89' lang='lat' dir='ltr'><strong>enim</strong></span> <span class='ocrx_word' id='word_1_279' title='bbox 510 2311 574 2366; x_wconf 88' lang='lat' dir='ltr'><strong>de</strong></span> <span class='ocrx_word' id='word_1_280' title='bbox 615 2311 844 2381; x_wconf 75' lang='lat' dir='ltr'><strong>singulis</strong></span> <span class='ocrx_word' id='word_1_281' title='bbox 890 2312 1179 2366; x_wconf 88' lang='lat' dir='ltr'><strong>verborum</strong></span> <span class='ocrx_word' id='word_1_282' title='bbox 1219 2311 1486 2366; x_wconf 88' lang='lat' dir='ltr'><strong>erratibus</strong></span> <span class='ocrx_word' id='word_1_283' title='bbox 1524 2309 1827 2379; x_wconf 84' lang='lat' dir='ltr'><strong>disputetur</strong></span> 
     </span>
    </p>
   </div>
   <div class='ocr_carea' id='block_1_41' title="bbox 245 2401 1824 2473">
    <p class='ocr_par' dir='ltr' id='par_1_41' title="bbox 245 2401 1824 2473">
     <span class='ocr_line' id='line_1_41' title="bbox 245 2401 1824 2473; baseline -0.001 -15"><span class='ocrx_word' id='word_1_284' title='bbox 245 2403 379 2458; x_wconf 89' lang='lat' dir='ltr'><strong>dum</strong></span> <span class='ocrx_word' id='word_1_285' title='bbox 407 2403 602 2458; x_wconf 88' lang='lat' dir='ltr'><strong>debent</strong></span> <span class='ocrx_word' id='word_1_286' title='bbox 645 2418 848 2458; x_wconf 89' lang='lat' dir='ltr'><strong>arcana</strong></span> <span class='ocrx_word' id='word_1_287' title='bbox 890 2402 1099 2468; x_wconf 90' lang='lat' dir='ltr'><strong>rimari,</strong></span> <span class='ocrx_word' id='word_1_288' title='bbox 1128 2411 1183 2458; x_wconf 91' lang='lat' dir='ltr'><strong>et</strong></span> <span class='ocrx_word' id='word_1_289' title='bbox 1209 2418 1271 2458; x_wconf 90' lang='lat' dir='ltr'><strong>ea</strong></span> <span class='ocrx_word' id='word_1_290' title='bbox 1315 2419 1435 2473; x_wconf 75' lang='lat' dir='ltr'><strong>qua:</strong></span> <span class='ocrx_word' id='word_1_291' title='bbox 1472 2401 1539 2456; x_wconf 88' lang='lat' dir='ltr'><strong>ad</strong></span> <span class='ocrx_word' id='word_1_292' title='bbox 1567 2402 1824 2458; x_wconf 87' lang='lat' dir='ltr'><strong>ecclesia-</strong></span> 
     </span>
    </p>
   </div>
   <div class='ocr_carea' id='block_1_42' title="bbox 247 2497 1848 2568">
    <p class='ocr_par' dir='ltr' id='par_1_42' title="bbox 247 2497 1848 2568">
     <span class='ocr_line' id='line_1_42' title="bbox 247 2497 1848 2568; baseline -0.001 -16"><span class='ocrx_word' id='word_1_293' title='bbox 247 2498 420 2552; x_wconf 88' lang='lat' dir='ltr'><strong>sticas</strong></span> <span class='ocrx_word' id='word_1_294' title='bbox 464 2513 550 2553; x_wconf 89' lang='lat' dir='ltr'><strong>res</strong></span> <span class='ocrx_word' id='word_1_295' title='bbox 605 2498 877 2568; x_wconf 90' lang='lat' dir='ltr'><strong>pertinent</strong></span> <span class='ocrx_word' id='word_1_296' title='bbox 945 2497 1131 2553; x_wconf 89' lang='lat' dir='ltr'><strong>solerti</strong></span> <span class='ocrx_word' id='word_1_297' title='bbox 1183 2498 1525 2568; x_wconf 87' lang='lat' dir='ltr'><strong>indagatione</strong></span> <span class='ocrx_word' id='word_1_298' title='bbox 1571 2497 1848 2561; x_wconf 49' lang='lat' dir='ltr'><strong>scrutari,</strong></span> 
     </span>
    </p>
   </div>
   <div class='ocr_carea' id='block_1_43' title="bbox 244 2588 1826 2660">
    <p class='ocr_par' dir='ltr' id='par_1_43' title="bbox 244 2588 1826 2660">
     <span class='ocr_line' id='line_1_43' title="bbox 244 2588 1826 2660; baseline 0.001 -18"><span class='ocrx_word' id='word_1_299' title='bbox 244 2589 616 2660; x_wconf 75' lang='lat' dir='ltr'><strong>grammaticae</strong></span> <span class='ocrx_word' id='word_1_300' title='bbox 641 2589 775 2645; x_wconf 90' lang='lat' dir='ltr'><strong>artis</strong></span> <span class='ocrx_word' id='word_1_301' title='bbox 802 2589 1127 2659; x_wconf 87' lang='lat' dir='ltr'><strong>multiplices</strong></span> <span class='ocrx_word' id='word_1_302' title='bbox 1156 2588 1372 2659; x_wconf 55' lang='lat' dir='ltr'><strong>regulas,</strong></span> <span class='ocrx_word' id='word_1_303' title='bbox 1401 2604 1519 2658; x_wconf 82' lang='lat' dir='ltr'><strong>quae</strong></span> <span class='ocrx_word' id='word_1_304' title='bbox 1549 2589 1601 2643; x_wconf 90' lang='lat' dir='ltr'><strong>in</strong></span> <span class='ocrx_word' id='word_1_305' title='bbox 1627 2588 1826 2644; x_wconf 86' lang='lat' dir='ltr'><strong>scholis</strong></span> 
     </span>
    </p>
   </div>
   <div class='ocr_carea' id='block_1_44' title="bbox 245 2679 1826 2749">
    <p class='ocr_par' dir='ltr' id='par_1_44' title="bbox 245 2679 1826 2749">
     <span class='ocr_line' id='line_1_44' title="bbox 245 2679 1826 2749; baseline 0 -15"><span class='ocrx_word' id='word_1_306' title='bbox 245 2679 553 2747; x_wconf 87' lang='lat' dir='ltr'><strong>discuntur,</strong></span> <span class='ocrx_word' id='word_1_307' title='bbox 586 2681 726 2735; x_wconf 83' lang='lat' dir='ltr'><strong>tradi</strong></span> <span class='ocrx_word' id='word_1_308' title='bbox 767 2679 1107 2735; x_wconf 89' lang='lat' dir='ltr'><strong>videbuntur.</strong></span> <span class='ocrx_word' id='word_1_309' title='bbox 1144 2679 1253 2735; x_wconf 91' lang='lat' dir='ltr'><strong>Sed</strong></span> <span class='ocrx_word' id='word_1_310' title='bbox 1287 2680 1414 2735; x_wconf 90' lang='lat' dir='ltr'><strong>dum</strong></span> <span class='ocrx_word' id='word_1_311' title='bbox 1445 2681 1500 2734; x_wconf 91' lang='lat' dir='ltr'><strong>in</strong></span> <span class='ocrx_word' id='word_1_312' title='bbox 1535 2679 1638 2735; x_wconf 88' lang='lat' dir='ltr'><strong>hoc</strong></span> <span class='ocrx_word' id='word_1_313' title='bbox 1661 2695 1826 2749; x_wconf 85' lang='lat' dir='ltr'><strong>opere</strong></span> 
     </span>
    </p>
   </div>
   <div class='ocr_carea' id='block_1_45' title="bbox 245 2769 1826 2841">
    <p class='ocr_par' dir='ltr' id='par_1_45' title="bbox 245 2769 1826 2841">
     <span class='ocr_line' id='line_1_45' title="bbox 245 2769 1826 2841; baseline 0 -17"><span class='ocrx_word' id='word_1_314' title='bbox 245 2771 422 2825; x_wconf 89' lang='lat' dir='ltr'><strong>nostri</strong></span> <span class='ocrx_word' id='word_1_315' title='bbox 464 2770 679 2826; x_wconf 87' lang='lat' dir='ltr'><strong>itineris</strong></span> <span class='ocrx_word' id='word_1_316' title='bbox 717 2785 936 2840; x_wconf 79' lang='lat' dir='ltr'><strong>gressus</strong></span> <span class='ocrx_word' id='word_1_317' title='bbox 987 2770 1278 2841; x_wconf 89' lang='lat' dir='ltr'><strong>plurimum</strong></span> <span class='ocrx_word' id='word_1_318' title='bbox 1327 2770 1669 2839; x_wconf 81' lang='lat' dir='ltr'><strong>impediatur,</strong></span> <span class='ocrx_word' id='word_1_319' title='bbox 1712 2769 1826 2824; x_wconf 89' lang='lat' dir='ltr'><strong>sive</strong></span> 
     </span>
    </p>
   </div>
   <div class='ocr_carea' id='block_1_46' title="bbox 244 2861 1827 2932">
    <p class='ocr_par' dir='ltr' id='par_1_46' title="bbox 244 2861 1827 2932">
     <span class='ocr_line' id='line_1_46' title="bbox 244 2861 1827 2932; baseline 0.001 -19"><span class='ocrx_word' id='word_1_320' title='bbox 244 2861 377 2930; x_wconf 74' lang='lat' dir='ltr'><strong>quia</strong></span> <span class='ocrx_word' id='word_1_321' title='bbox 431 2876 618 2917; x_wconf 87' lang='lat' dir='ltr'><strong>eorum</strong></span> <span class='ocrx_word' id='word_1_322' title='bbox 691 2863 958 2918; x_wconf 88' lang='lat' dir='ltr'><strong>sermonis</strong></span> <span class='ocrx_word' id='word_1_323' title='bbox 1021 2862 1331 2918; x_wconf 82' lang='lat' dir='ltr'><strong>diﬁicultate</strong></span> <span class='ocrx_word' id='word_1_324' title='bbox 1383 2862 1640 2917; x_wconf 90' lang='lat' dir='ltr'><strong>nonnulla</strong></span> <span class='ocrx_word' id='word_1_325' title='bbox 1698 2861 1827 2932; x_wconf 90' lang='lat' dir='ltr'><strong>quid</strong></span> 
     </span>
    </p>
   </div>
   <div class='ocr_carea' id='block_1_47' title="bbox 243 2950 1825 3022">
    <p class='ocr_par' dir='ltr' id='par_1_47' title="bbox 243 2950 1825 3022">
     <span class='ocr_line' id='line_1_47' title="bbox 243 2950 1825 3022; baseline 0 -16"><span class='ocrx_word' id='word_1_326' title='bbox 243 2950 552 3021; x_wconf 85' lang='lat' dir='ltr'><strong>signiﬁcare</strong></span> <span class='ocrx_word' id='word_1_327' title='bbox 587 2951 747 3007; x_wconf 79' lang='lat' dir='ltr'><strong>velint</strong></span> <span class='ocrx_word' id='word_1_328' title='bbox 769 2951 980 3022; x_wconf 73' lang='lat' dir='ltr'><strong>difﬁcile</strong></span> <span class='ocrx_word' id='word_1_329' title='bbox 1025 2952 1507 3022; x_wconf 88' lang='lat' dir='ltr'><strong>deprehendantur,</strong></span> <span class='ocrx_word' id='word_1_330' title='bbox 1545 2953 1658 3008; x_wconf 90' lang='lat' dir='ltr'><strong>sive</strong></span> <span class='ocrx_word' id='word_1_331' title='bbox 1701 2953 1825 3022; x_wconf 84' lang='lat' dir='ltr'><strong>quia</strong></span> 
     </span>
    </p>
   </div>
   <div class='ocr_carea' id='block_1_48' title="bbox 211 3042 1826 3098">
    <p class='ocr_par' dir='ltr' id='par_1_48' title="bbox 211 3042 1826 3098">
     <span class='ocr_line' id='line_1_48' title="bbox 211 3042 1826 3098; baseline 0.002 -3"><span class='ocrx_word' id='word_1_332' title='bbox 211 3047 438 3096; x_wconf 72' lang='lat' dir='ltr'><strong>eorum</strong></span> <span class='ocrx_word' id='word_1_333' title='bbox 511 3042 906 3097; x_wconf 85' lang='lat' dir='ltr'><strong>enuntiationes</strong></span> <span class='ocrx_word' id='word_1_334' title='bbox 975 3043 1325 3098; x_wconf 90' lang='lat' dir='ltr'><strong>barbarismis</strong></span> <span class='ocrx_word' id='word_1_335' title='bbox 1385 3057 1449 3098; x_wconf 89' lang='lat' dir='ltr'><strong>ac</strong></span> <span class='ocrx_word' id='word_1_336' title='bbox 1507 3043 1826 3098; x_wconf 72' lang='lat' dir='ltr'><strong>solmcismis</strong></span> 
     </span>
    </p>
   </div>
   <div class='ocr_carea' id='block_1_49' title="bbox 243 3131 1825 3201">
    <p class='ocr_par' dir='ltr' id='par_1_49' title="bbox 243 3131 1825 3201">
     <span class='ocr_line' id='line_1_49' title="bbox 243 3131 1825 3201; baseline 0.001 -15"><span class='ocrx_word' id='word_1_337' title='bbox 243 3131 565 3201; x_wconf 76' lang='lat' dir='ltr'><strong>caeterisque</strong></span> <span class='ocrx_word' id='word_1_338' title='bbox 613 3132 757 3186; x_wconf 89' lang='lat' dir='ltr'><strong>vitiis</strong></span> <span class='ocrx_word' id='word_1_339' title='bbox 826 3131 1051 3187; x_wconf 79' lang='lat' dir='ltr'><strong>infectas</strong></span> <span class='ocrx_word' id='word_1_340' title='bbox 1103 3132 1304 3187; x_wconf 91' lang='lat' dir='ltr'><strong>nostris</strong></span> <span class='ocrx_word' id='word_1_341' title='bbox 1374 3132 1825 3201; x_wconf 82' lang='lat' dir='ltr'><strong>disputationibus</strong></span> 
     </span>
    </p>
   </div>
   <div class='ocr_carea' id='block_1_50' title="bbox 244 3221 1825 3292">
    <p class='ocr_par' dir='ltr' id='par_1_50' title="bbox 244 3221 1825 3292">
     <span class='ocr_line' id='line_1_50' title="bbox 244 3221 1825 3292; baseline -0.001 -16"><span class='ocrx_word' id='word_1_342' title='bbox 244 3221 447 3286; x_wconf 82' lang='lat' dir='ltr'><strong>coacti,</strong></span> <span class='ocrx_word' id='word_1_343' title='bbox 477 3221 604 3291; x_wconf 89' lang='lat' dir='ltr'><strong>quia</strong></span> <span class='ocrx_word' id='word_1_344' title='bbox 632 3237 720 3277; x_wconf 87' lang='lat' dir='ltr'><strong>res</strong></span> <span class='ocrx_word' id='word_1_345' title='bbox 749 3221 936 3292; x_wconf 79' lang='lat' dir='ltr'><strong>exigit,</strong></span> <span class='ocrx_word' id='word_1_346' title='bbox 973 3221 1363 3285; x_wconf 88' lang='lat' dir='ltr'><strong>interserimus,</strong></span> <span class='ocrx_word' id='word_1_347' title='bbox 1397 3222 1508 3275; x_wconf 90' lang='lat' dir='ltr'><strong>sive</strong></span> <span class='ocrx_word' id='word_1_348' title='bbox 1535 3222 1659 3290; x_wconf 88' lang='lat' dir='ltr'><strong>quia</strong></span> <span class='ocrx_word' id='word_1_349' title='bbox 1702 3236 1825 3276; x_wconf 92' lang='lat' dir='ltr'><strong>eum</strong></span> 
     </span>
    </p>
   </div>
   <div class='ocr_carea' id='block_1_51' title="bbox 243 3312 1827 3384">
    <p class='ocr_par' dir='ltr' id='par_1_51' title="bbox 243 3312 1827 3384">
     <span class='ocr_line' id='line_1_51' title="bbox 243 3312 1827 3384; baseline 0 -18"><span class='ocrx_word' id='word_1_350' title='bbox 243 3312 395 3366; x_wconf 91' lang='lat' dir='ltr'><strong>inter</strong></span> <span class='ocrx_word' id='word_1_351' title='bbox 436 3322 690 3384; x_wconf 84' lang='lat' dir='ltr'><strong>corrupta</strong></span> <span class='ocrx_word' id='word_1_352' title='bbox 743 3328 931 3368; x_wconf 89' lang='lat' dir='ltr'><strong>eorum</strong></span> <span class='ocrx_word' id='word_1_353' title='bbox 979 3313 1143 3367; x_wconf 89' lang='lat' dir='ltr'><strong>verba</strong></span> <span class='ocrx_word' id='word_1_354' title='bbox 1194 3312 1431 3381; x_wconf 90' lang='lat' dir='ltr'><strong>corrupti</strong></span> <span class='ocrx_word' id='word_1_355' title='bbox 1483 3313 1827 3368; x_wconf 89' lang='lat' dir='ltr'><strong>nihilominus</strong></span> 
     </span>
    </p>
   </div>
   <div class='ocr_carea' id='block_1_52' title="bbox 243 3402 1828 3472">
    <p class='ocr_par' dir='ltr' id='par_1_52' title="bbox 243 3402 1828 3472">
     <span class='ocr_line' id='line_1_52' title="bbox 243 3402 1828 3472; baseline -0.001 -15"><span class='ocrx_word' id='word_1_356' title='bbox 243 3417 445 3457; x_wconf 90' lang='lat' dir='ltr'><strong>sensus</strong></span> <span class='ocrx_word' id='word_1_357' title='bbox 474 3403 613 3468; x_wconf 90' lang='lat' dir='ltr'><strong>siut,</strong></span> <span class='ocrx_word' id='word_1_358' title='bbox 647 3411 702 3457; x_wconf 90' lang='lat' dir='ltr'><strong>et</strong></span> <span class='ocrx_word' id='word_1_359' title='bbox 730 3419 830 3458; x_wconf 91' lang='lat' dir='ltr'><strong>nos</strong></span> <span class='ocrx_word' id='word_1_360' title='bbox 860 3403 1146 3458; x_wconf 87' lang='lat' dir='ltr'><strong>verborum</strong></span> <span class='ocrx_word' id='word_1_361' title='bbox 1191 3403 1632 3470; x_wconf 87' lang='lat' dir='ltr'><strong>reprehensiones</strong></span> <span class='ocrx_word' id='word_1_362' title='bbox 1663 3402 1828 3472; x_wconf 89' lang='lat' dir='ltr'><strong>proli-</strong></span> 
     </span>
    </p>
   </div>
   <div class='ocr_carea' id='block_1_53' title="bbox 242 3492 1826 3559">
    <p class='ocr_par' dir='ltr' id='par_1_53' title="bbox 242 3492 1826 3559">
     <span class='ocr_line' id='line_1_53' title="bbox 242 3492 1826 3559; baseline 0.001 -14"><span class='ocrx_word' id='word_1_363' title='bbox 242 3492 438 3546; x_wconf 77' lang='lat' dir='ltr'><strong>xitatis</strong></span> <span class='ocrx_word' id='word_1_364' title='bbox 457 3506 624 3548; x_wconf 88' lang='lat' dir='ltr'><strong>causa</strong></span> <span class='ocrx_word' id='word_1_365' title='bbox 641 3493 976 3559; x_wconf 90' lang='lat' dir='ltr'><strong>omittentes,</strong></span> <span class='ocrx_word' id='word_1_366' title='bbox 1001 3507 1253 3547; x_wconf 85' lang='lat' dir='ltr'><strong>sensuum</strong></span> <span class='ocrx_word' id='word_1_367' title='bbox 1273 3492 1609 3547; x_wconf 89' lang='lat' dir='ltr'><strong>solummodo</strong></span> <span class='ocrx_word' id='word_1_368' title='bbox 1631 3493 1826 3546; x_wconf 88' lang='lat' dir='ltr'><strong>seriem</strong></span> 
     </span>
    </p>
   </div>
   <div class='ocr_carea' id='block_1_54' title="bbox 243 3580 1829 3652">
    <p class='ocr_par' dir='ltr' id='par_1_54' title="bbox 243 3580 1829 3652">
     <span class='ocr_line' id='line_1_54' title="bbox 243 3580 1829 3652; baseline 0.001 -18"><span class='ocrx_word' id='word_1_369' title='bbox 243 3581 587 3636; x_wconf 84' lang='lat' dir='ltr'><strong>inculcemus</strong></span> <span class='ocrx_word' id='word_1_370' title='bbox 613 3590 670 3636; x_wconf 90' lang='lat' dir='ltr'><strong>et</strong></span> <span class='ocrx_word' id='word_1_371' title='bbox 694 3580 964 3638; x_wconf 86' lang='lat' dir='ltr'><strong>laboriose</strong></span> <span class='ocrx_word' id='word_1_372' title='bbox 990 3582 1065 3647; x_wconf 93' lang='lat' dir='ltr'><strong>id,</strong></span> <span class='ocrx_word' id='word_1_373' title='bbox 1096 3582 1292 3652; x_wconf 89' lang='lat' dir='ltr'><strong>quippe</strong></span> <span class='ocrx_word' id='word_1_374' title='bbox 1329 3598 1451 3637; x_wconf 91' lang='lat' dir='ltr'><strong>cum</strong></span> <span class='ocrx_word' id='word_1_375' title='bbox 1490 3597 1656 3636; x_wconf 90' lang='lat' dir='ltr'><strong>unum</strong></span> <span class='ocrx_word' id='word_1_376' title='bbox 1696 3597 1829 3651; x_wconf 89' lang='lat' dir='ltr'><strong>pen-</strong></span> 
     </span>
    </p>
   </div>
   <div class='ocr_carea' id='block_1_55' title="bbox 244 3673 1824 3744">
    <p class='ocr_par' dir='ltr' id='par_1_55' title="bbox 244 3673 1824 3744">
     <span class='ocr_line' id='line_1_55' title="bbox 244 3673 1824 3744; baseline 0.001 -17"><span class='ocrx_word' id='word_1_377' title='bbox 244 3674 377 3727; x_wconf 89' lang='lat' dir='ltr'><strong>deat</strong></span> <span class='ocrx_word' id='word_1_378' title='bbox 414 3687 481 3727; x_wconf 81' lang='lat' dir='ltr'><strong>ex</strong></span> <span class='ocrx_word' id='word_1_379' title='bbox 519 3673 713 3739; x_wconf 90' lang='lat' dir='ltr'><strong>altero,</strong></span> <span class='ocrx_word' id='word_1_380' title='bbox 745 3673 1083 3744; x_wconf 90' lang='lat' dir='ltr'><strong>alterumque</strong></span> <span class='ocrx_word' id='word_1_381' title='bbox 1127 3675 1197 3728; x_wconf 92' lang='lat' dir='ltr'><strong>sit</strong></span> <span class='ocrx_word' id='word_1_382' title='bbox 1240 3675 1501 3729; x_wconf 88' lang='lat' dir='ltr'><strong>insertum</strong></span> <span class='ocrx_word' id='word_1_383' title='bbox 1540 3673 1594 3727; x_wconf 93' lang='lat' dir='ltr'><strong>in</strong></span> <span class='ocrx_word' id='word_1_384' title='bbox 1634 3673 1824 3739; x_wconf 88' lang='lat' dir='ltr'><strong>altero,</strong></span> 
     </span>
    </p>
   </div>
   <div class='ocr_carea' id='block_1_56' title="bbox 243 3763 1829 3836">
    <p class='ocr_par' dir='ltr' id='par_1_56' title="bbox 243 3763 1829 3836">
     <span class='ocr_line' id='line_1_56' title="bbox 243 3763 1829 3836; baseline 0.004 -21"><span class='ocrx_word' id='word_1_385' title='bbox 243 3763 532 3828; x_wconf 73' lang='lat' dir='ltr'><strong>faciamus,</strong></span> <span class='ocrx_word' id='word_1_386' title='bbox 557 3772 726 3820; x_wconf 86' lang='lat' dir='ltr'><strong>restat</strong></span> <span class='ocrx_word' id='word_1_387' title='bbox 750 3776 831 3831; x_wconf 90' lang='lat' dir='ltr'><strong>ut,</strong></span> <span class='ocrx_word' id='word_1_388' title='bbox 854 3774 1121 3820; x_wconf 88' lang='lat' dir='ltr'><strong>annuente</strong></span> <span class='ocrx_word' id='word_1_389' title='bbox 1149 3767 1395 3834; x_wconf 90' lang='lat' dir='ltr'><strong>Domino,</strong></span> <span class='ocrx_word' id='word_1_390' title='bbox 1417 3767 1712 3836; x_wconf 85' lang='lat' dir='ltr'><strong>postposita</strong></span> <span class='ocrx_word' id='word_1_391' title='bbox 1744 3782 1829 3822; x_wconf 90' lang='lat' dir='ltr'><strong>re—</strong></span> 
     </span>
    </p>
   </div>
   <div class='ocr_carea' id='block_1_57' title="bbox 241 3850 1827 3927">
    <p class='ocr_par' dir='ltr' id='par_1_57' title="bbox 241 3850 1827 3927">
     <span class='ocr_line' id='line_1_57' title="bbox 241 3850 1827 3927; baseline 0.003 -19"><span class='ocrx_word' id='word_1_392' title='bbox 241 3855 606 3926; x_wconf 88' lang='lat' dir='ltr'><strong>prehensione</strong></span> <span class='ocrx_word' id='word_1_393' title='bbox 641 3872 760 3927; x_wconf 77' lang='lat' dir='ltr'><strong>qua:</strong></span> <span class='ocrx_word' id='word_1_394' title='bbox 797 3858 1081 3912; x_wconf 84' lang='lat' dir='ltr'><strong>verborum</strong></span> <span class='ocrx_word' id='word_1_395' title='bbox 1117 3858 1264 3913; x_wconf 86' lang='lat' dir='ltr'><strong>vitiis</strong></span> <span class='ocrx_word' id='word_1_396' title='bbox 1299 3859 1526 3925; x_wconf 89' lang='lat' dir='ltr'><strong>accidit,</strong></span> <span class='ocrx_word' id='word_1_397' title='bbox 1572 3850 1827 3914; x_wconf 84' lang='lat' dir='ltr'><strong>sensuum</strong></span> 
     </span>
    </p>
   </div>
   <div class='ocr_carea' id='block_1_58' title="bbox 244 3944 1826 4020">
    <p class='ocr_par' dir='ltr' id='par_1_58' title="bbox 244 3944 1826 4020">
     <span class='ocr_line' id='line_1_58' title="bbox 244 3944 1826 4020; baseline 0.004 -23"><span class='ocrx_word' id='word_1_398' title='bbox 244 3954 462 3998; x_wconf 85' lang='lat' dir='ltr'><strong>tantum</strong></span> <span class='ocrx_word' id='word_1_399' title='bbox 505 3944 840 4002; x_wconf 81' lang='lat' dir='ltr'><strong>inordinatus</strong></span> <span class='ocrx_word' id='word_1_400' title='bbox 879 3947 1398 4018; x_wconf 88' lang='lat' dir='ltr'><strong>conglomerationes</strong></span> <span class='ocrx_word' id='word_1_401' title='bbox 1441 3950 1697 4019; x_wconf 89' lang='lat' dir='ltr'><strong>spiritalis</strong></span> <span class='ocrx_word' id='word_1_402' title='bbox 1723 3965 1826 4020; x_wconf 84' lang='lat' dir='ltr'><strong>pu-</strong></span> 
     </span>
    </p>
   </div>
   <div class='ocr_carea' id='block_1_59' title="bbox 240 4035 1827 4112">
    <p class='ocr_par' dir='ltr' id='par_1_59' title="bbox 240 4035 1827 4112">
     <span class='ocr_line' id='line_1_59' title="bbox 240 4035 1827 4112; baseline 0.005 -23"><span class='ocrx_word' id='word_1_403' title='bbox 240 4036 340 4105; x_wconf 81' lang='lat' dir='ltr'><strong>gni</strong></span> <span class='ocrx_word' id='word_1_404' title='bbox 388 4035 615 4091; x_wconf 89' lang='lat' dir='ltr'><strong>illisione</strong></span> <span class='ocrx_word' id='word_1_405' title='bbox 657 4047 994 4107; x_wconf 86' lang='lat' dir='ltr'><strong>quassantes,</strong></span> <span class='ocrx_word' id='word_1_406' title='bbox 1029 4046 1262 4108; x_wconf 80' lang='lat' dir='ltr'><strong>coeptum</strong></span> <span class='ocrx_word' id='word_1_407' title='bbox 1313 4041 1416 4095; x_wconf 86' lang='lat' dir='ltr'><strong>iter</strong></span> <span class='ocrx_word' id='word_1_408' title='bbox 1441 4049 1496 4095; x_wconf 91' lang='lat' dir='ltr'><strong>et</strong></span> <span class='ocrx_word' id='word_1_409' title='bbox 1540 4057 1730 4112; x_wconf 87' lang='lat' dir='ltr'><strong>magna</strong></span> <span class='ocrx_word' id='word_1_410' title='bbox 1761 4056 1827 4097; x_wconf 80' lang='lat' dir='ltr'><strong>ex</strong></span> 
     </span>
    </p>
   </div>
   <div class='ocr_carea' id='block_1_60' title="bbox 238 4128 1829 4202">
    <p class='ocr_par' dir='ltr' id='par_1_60' title="bbox 238 4128 1829 4202">
     <span class='ocr_line' id='line_1_60' title="bbox 238 4128 1829 4202; baseline 0.005 -24"><span class='ocrx_word' id='word_1_411' title='bbox 238 4133 406 4196; x_wconf 84' lang='lat' dir='ltr'><strong>parte</strong></span> <span class='ocrx_word' id='word_1_412' title='bbox 439 4134 712 4195; x_wconf 88' lang='lat' dir='ltr'><strong>peractum</strong></span> <span class='ocrx_word' id='word_1_413' title='bbox 755 4143 1060 4197; x_wconf 84' lang='lat' dir='ltr'><strong>pergamus.</strong></span> <span class='ocrx_word' id='word_1_414' title='bbox 1102 4128 1191 4182; x_wconf 80' lang='lat' dir='ltr'><strong>Ait</strong></span> <span class='ocrx_word' id='word_1_415' title='bbox 1235 4129 1375 4184; x_wconf 90' lang='lat' dir='ltr'><strong>enim</strong></span> <span class='ocrx_word' id='word_1_416' title='bbox 1409 4129 1666 4199; x_wconf 64' lang='lat' dir='ltr'><strong>praefatus</strong></span> <span class='ocrx_word' id='word_1_417' title='bbox 1704 4131 1829 4202; x_wconf 86' lang='lat' dir='ltr'><strong>Epi-</strong></span> 
     </span>
    </p>
   </div>
   <div class='ocr_carea' id='block_1_61' title="bbox 238 4217 1829 4296">
    <p class='ocr_par' dir='ltr' id='par_1_61' title="bbox 238 4217 1829 4296">
     <span class='ocr_line' id='line_1_61' title="bbox 238 4217 1829 4296; baseline 0.006 -26"><span class='ocrx_word' id='word_1_418' title='bbox 238 4217 482 4286; x_wconf 87' lang='lat' dir='ltr'><strong>phanius</strong></span> <span class='ocrx_word' id='word_1_419' title='bbox 513 4218 788 4283; x_wconf 89' lang='lat' dir='ltr'><strong>diaconus,</strong></span> <span class='ocrx_word' id='word_1_420' title='bbox 826 4218 977 4288; x_wconf 89' lang='lat' dir='ltr'><strong>cujus</strong></span> <span class='ocrx_word' id='word_1_421' title='bbox 1008 4220 1327 4276; x_wconf 89' lang='lat' dir='ltr'><strong>sententiam</strong></span> <span class='ocrx_word' id='word_1_422' title='bbox 1357 4222 1626 4280; x_wconf 87' lang='lat' dir='ltr'><strong>discutere</strong></span> <span class='ocrx_word' id='word_1_423' title='bbox 1652 4240 1829 4296; x_wconf 68' lang='lat' dir='ltr'><strong>caepe-</strong></span> 
     </span>
    </p>
   </div>
   <div class='ocr_carea' id='block_1_62' title="bbox 242 4307 1828 4380">
    <p class='ocr_par' dir='ltr' id='par_1_62' title="bbox 242 4307 1828 4380">
     <span class='ocr_line' id='line_1_62' title="bbox 242 4307 1828 4380; baseline 0.006 -19"><span class='ocrx_word' id='word_1_424' title='bbox 242 4322 475 4362; x_wconf 82' lang='lat' dir='ltr'><strong>ramus:</strong></span> <span class='ocrx_word' id='word_1_425' title='bbox 505 4307 680 4364; x_wconf 77' lang='lat' dir='ltr'><strong>Multa</strong></span> <span class='ocrx_word' id='word_1_426' title='bbox 701 4327 817 4380; x_wconf 74' lang='lat' dir='ltr'><strong>qua:</strong></span> <span class='ocrx_word' id='word_1_427' title='bbox 854 4311 908 4364; x_wconf 90' lang='lat' dir='ltr'><strong>in</strong></span> <span class='ocrx_word' id='word_1_428' title='bbox 935 4311 1082 4365; x_wconf 86' lang='lat' dir='ltr'><strong>nobis</strong></span> <span class='ocrx_word' id='word_1_429' title='bbox 1113 4324 1392 4367; x_wconf 75' lang='lat' dir='ltr'><strong>sacranrur</strong></span> <span class='ocrx_word' id='word_1_430' title='bbox 1425 4315 1712 4370; x_wconf 85' lang='lat' dir='ltr'><strong>orationem</strong></span> <span class='ocrx_word' id='word_1_431' title='bbox 1741 4334 1828 4371; x_wconf 85' lang='lat' dir='ltr'><strong>sa-</strong></span> 
     </span>
    </p>
   </div>
   <div class='ocr_carea' id='block_1_63' title="bbox 235 4399 1903 4478">
    <p class='ocr_par' dir='ltr' id='par_1_63' title="bbox 235 4399 1903 4478">
     <span class='ocr_line' id='line_1_63' title="bbox 235 4399 1903 4478; baseline 0.005 -27"><span class='ocrx_word' id='word_1_432' title='bbox 235 4406 401 4451; x_wconf 81' lang='lat' dir='ltr'><strong>crata</strong></span> <span class='ocrx_word' id='word_1_433' title='bbox 431 4412 535 4452; x_wconf 86' lang='lat' dir='ltr'><strong>non</strong></span> <span class='ocrx_word' id='word_1_434' title='bbox 569 4399 880 4470; x_wconf 78' lang='lat' dir='ltr'><strong>suscipiunt.</strong></span> <span class='ocrx_word' id='word_1_435' title='bbox 918 4399 1071 4467; x_wconf 86' lang='lat' dir='ltr'><strong>Quod</strong></span> <span class='ocrx_word' id='word_1_436' title='bbox 1096 4402 1314 4470; x_wconf 88' lang='lat' dir='ltr'><strong>quidem</strong></span> <span class='ocrx_word' id='word_1_437' title='bbox 1346 4419 1469 4457; x_wconf 90' lang='lat' dir='ltr'><strong>cum</strong></span> <span class='ocrx_word' id='word_1_438' title='bbox 1508 4404 1603 4468; x_wconf 91' lang='lat' dir='ltr'><strong>ita,</strong></span> <span class='ocrx_word' id='word_1_439' title='bbox 1643 4413 1701 4458; x_wconf 91' lang='lat' dir='ltr'><strong>ut</strong></span> <span class='ocrx_word' id='word_1_440' title='bbox 1745 4406 1826 4460; x_wconf 86' lang='lat' dir='ltr'><strong>di-</strong></span> <span class='ocrx_word' id='word_1_441' title='bbox 1849 4419 1903 4478; x_wconf 81' lang='lat' dir='ltr'><strong>D</strong></span> 
     </span>
    </p>
   </div>
   <div class='ocr_carea' id='block_1_64' title="bbox 235 4491 1830 4563">
    <p class='ocr_par' dir='ltr' id='par_1_64' title="bbox 235 4491 1830 4563">
     <span class='ocr_line' id='line_1_64' title="bbox 235 4491 1830 4563; baseline 0.003 -16"><span class='ocrx_word' id='word_1_442' title='bbox 235 4493 412 4558; x_wconf 83' lang='lat' dir='ltr'><strong>citur.</strong></span> <span class='ocrx_word' id='word_1_443' title='bbox 474 4491 682 4547; x_wconf 90' lang='lat' dir='ltr'><strong>nullum</strong></span> <span class='ocrx_word' id='word_1_444' title='bbox 733 4493 952 4563; x_wconf 89' lang='lat' dir='ltr'><strong>plenum</strong></span> <span class='ocrx_word' id='word_1_445' title='bbox 1005 4509 1221 4549; x_wconf 89' lang='lat' dir='ltr'><strong>sensum</strong></span> <span class='ocrx_word' id='word_1_446' title='bbox 1279 4496 1490 4562; x_wconf 88' lang='lat' dir='ltr'><strong>habeat,</strong></span> <span class='ocrx_word' id='word_1_447' title='bbox 1550 4498 1654 4551; x_wconf 91' lang='lat' dir='ltr'><strong>hoc</strong></span> <span class='ocrx_word' id='word_1_448' title='bbox 1707 4513 1830 4551; x_wconf 91' lang='lat' dir='ltr'><strong>eum</strong></span> 
     </span>
    </p>
   </div>
   <div class='ocr_carea' id='block_1_65' title="bbox 233 4581 1831 4652">
    <p class='ocr_par' dir='ltr' id='par_1_65' title="bbox 233 4581 1831 4652">
     <span class='ocr_line' id='line_1_65' title="bbox 233 4581 1831 4652; baseline 0.003 -14"><span class='ocrx_word' id='word_1_449' title='bbox 233 4581 567 4651; x_wconf 89' lang='lat' dir='ltr'><strong>conjicimus</strong></span> <span class='ocrx_word' id='word_1_450' title='bbox 588 4582 822 4637; x_wconf 91' lang='lat' dir='ltr'><strong>voluisse</strong></span> <span class='ocrx_word' id='word_1_451' title='bbox 845 4583 1148 4652; x_wconf 87' lang='lat' dir='ltr'><strong>signiﬁcare</strong></span> <span class='ocrx_word' id='word_1_452' title='bbox 1177 4592 1235 4639; x_wconf 93' lang='lat' dir='ltr'><strong>ut</strong></span> <span class='ocrx_word' id='word_1_453' title='bbox 1259 4585 1492 4640; x_wconf 90' lang='lat' dir='ltr'><strong>diceret:</strong></span> <span class='ocrx_word' id='word_1_454' title='bbox 1521 4586 1684 4640; x_wconf 84' lang='lat' dir='ltr'><strong>Multa</strong></span> <span class='ocrx_word' id='word_1_455' title='bbox 1705 4596 1831 4642; x_wconf 90' lang='lat' dir='ltr'><strong>sunt</strong></span> 
     </span>
    </p>
   </div>
   <div class='ocr_carea' id='block_1_66' title="bbox 235 4673 1830 4746">
    <p class='ocr_par' dir='ltr' id='par_1_66' title="bbox 235 4673 1830 4746">
     <span class='ocr_line' id='line_1_66' title="bbox 235 4673 1830 4746; baseline 0.003 -17"><span class='ocrx_word' id='word_1_456' title='bbox 235 4677 302 4729; x_wconf 85' lang='lat' dir='ltr'><strong>in</strong></span> <span class='ocrx_word' id='word_1_457' title='bbox 334 4673 496 4730; x_wconf 91' lang='lat' dir='ltr'><strong>nobis</strong></span> <span class='ocrx_word' id='word_1_458' title='bbox 531 4683 742 4730; x_wconf 88' lang='lat' dir='ltr'><strong>sacrata</strong></span> <span class='ocrx_word' id='word_1_459' title='bbox 783 4690 901 4745; x_wconf 61' lang='lat' dir='ltr'><strong>quae</strong></span> <span class='ocrx_word' id='word_1_460' title='bbox 943 4692 1040 4746; x_wconf 88' lang='lat' dir='ltr'><strong>per</strong></span> <span class='ocrx_word' id='word_1_461' title='bbox 1074 4676 1369 4732; x_wconf 86' lang='lat' dir='ltr'><strong>sacerdotis</strong></span> <span class='ocrx_word' id='word_1_462' title='bbox 1410 4680 1705 4735; x_wconf 89' lang='lat' dir='ltr'><strong>orationem</strong></span> <span class='ocrx_word' id='word_1_463' title='bbox 1748 4680 1830 4735; x_wconf 85' lang='lat' dir='ltr'><strong>vel</strong></span> 
     </span>
    </p>
   </div>
   <div class='ocr_carea' id='block_1_67' title="bbox 233 4767 1828 4837">
    <p class='ocr_par' dir='ltr' id='par_1_67' title="bbox 233 4767 1828 4837">
     <span class='ocr_line' id='line_1_67' title="bbox 233 4767 1828 4837; baseline 0.002 -14"><span class='ocrx_word' id='word_1_464' title='bbox 233 4782 444 4823; x_wconf 89' lang='lat' dir='ltr'><strong>manus</strong></span> <span class='ocrx_word' id='word_1_465' title='bbox 482 4767 883 4837; x_wconf 88' lang='lat' dir='ltr'><strong>impositionem</strong></span> <span class='ocrx_word' id='word_1_466' title='bbox 913 4768 1130 4822; x_wconf 88' lang='lat' dir='ltr'><strong>minime</strong></span> <span class='ocrx_word' id='word_1_467' title='bbox 1155 4778 1456 4823; x_wconf 87' lang='lat' dir='ltr'><strong>sacrantur.</strong></span> <span class='ocrx_word' id='word_1_468' title='bbox 1495 4769 1648 4837; x_wconf 84' lang='lat' dir='ltr'><strong>Quod</strong></span> <span class='ocrx_word' id='word_1_469' title='bbox 1679 4773 1724 4825; x_wconf 92' lang='lat' dir='ltr'><strong>si</strong></span> <span class='ocrx_word' id='word_1_470' title='bbox 1753 4773 1828 4826; x_wconf 89' lang='lat' dir='ltr'><strong>ita</strong></span> 
     </span>
    </p>
   </div>
   <div class='ocr_carea' id='block_1_68' title="bbox 233 4857 1824 4928">
    <p class='ocr_par' dir='ltr' id='par_1_68' title="bbox 233 4857 1824 4928">
     <span class='ocr_line' id='line_1_68' title="bbox 233 4857 1824 4928; baseline 0.003 -16"><span class='ocrx_word' id='word_1_471' title='bbox 233 4867 355 4924; x_wconf 83' lang='lat' dir='ltr'><strong>cst,</strong></span> <span class='ocrx_word' id='word_1_472' title='bbox 386 4857 618 4927; x_wconf 91' lang='lat' dir='ltr'><strong>qualiter</strong></span> <span class='ocrx_word' id='word_1_473' title='bbox 641 4873 829 4913; x_wconf 87' lang='lat' dir='ltr'><strong>verum</strong></span> <span class='ocrx_word' id='word_1_474' title='bbox 856 4873 976 4914; x_wconf 89' lang='lat' dir='ltr'><strong>esse</strong></span> <span class='ocrx_word' id='word_1_475' title='bbox 1002 4858 1172 4928; x_wconf 89' lang='lat' dir='ltr'><strong>possit</strong></span> <span class='ocrx_word' id='word_1_476' title='bbox 1221 4875 1326 4914; x_wconf 92' lang='lat' dir='ltr'><strong>non</strong></span> <span class='ocrx_word' id='word_1_477' title='bbox 1359 4862 1493 4916; x_wconf 89' lang='lat' dir='ltr'><strong>satis</strong></span> <span class='ocrx_word' id='word_1_478' title='bbox 1537 4863 1824 4919; x_wconf 85' lang='lat' dir='ltr'><strong>elucescit:</strong></span> 
     </span>
    </p>
   </div>
   <div class='ocr_carea' id='block_1_69' title="bbox 234 4949 1830 5020">
    <p class='ocr_par' dir='ltr' id='par_1_69' title="bbox 234 4949 1830 5020">
     <span class='ocr_line' id='line_1_69' title="bbox 234 4949 1830 5020; baseline 0.005 -18"><span class='ocrx_word' id='word_1_479' title='bbox 234 4949 506 5019; x_wconf 88' lang='lat' dir='ltr'><strong>quoniam</strong></span> <span class='ocrx_word' id='word_1_480' title='bbox 533 4964 865 5020; x_wconf 63' lang='lat' dir='ltr'><strong>quaecunque</strong></span> <span class='ocrx_word' id='word_1_481' title='bbox 909 4950 963 5004; x_wconf 90' lang='lat' dir='ltr'><strong>in</strong></span> <span class='ocrx_word' id='word_1_482' title='bbox 989 4949 1229 5005; x_wconf 86' lang='lat' dir='ltr'><strong>Ecclesia</strong></span> <span class='ocrx_word' id='word_1_483' title='bbox 1257 4961 1557 5016; x_wconf 72' lang='lat' dir='ltr'><strong>sacrentur,</strong></span> <span class='ocrx_word' id='word_1_484' title='bbox 1600 4955 1712 5009; x_wconf 89' lang='lat' dir='ltr'><strong>sive</strong></span> <span class='ocrx_word' id='word_1_485' title='bbox 1744 4971 1830 5010; x_wconf 89' lang='lat' dir='ltr'><strong>ec-</strong></span> 
     </span>
    </p>
   </div>
   <div class='ocr_carea' id='block_1_70' title="bbox 233 5040 1829 5114">
    <p class='ocr_par' dir='ltr' id='par_1_70' title="bbox 233 5040 1829 5114">
     <span class='ocr_line' id='line_1_70' title="bbox 233 5040 1829 5114; baseline 0.003 -18"><span class='ocrx_word' id='word_1_486' title='bbox 233 5040 537 5096; x_wconf 88' lang='lat' dir='ltr'><strong>clesiastici</strong></span> <span class='ocrx_word' id='word_1_487' title='bbox 596 5041 814 5097; x_wconf 89' lang='lat' dir='ltr'><strong>ordines</strong></span> <span class='ocrx_word' id='word_1_488' title='bbox 840 5082 854 5106; x_wconf 93' lang='lat'><strong>,</strong></span> <span class='ocrx_word' id='word_1_489' title='bbox 912 5042 1025 5096; x_wconf 89' lang='lat' dir='ltr'><strong>sive</strong></span> <span class='ocrx_word' id='word_1_490' title='bbox 1070 5043 1454 5099; x_wconf 87' lang='lat' dir='ltr'><strong>sacrandorum</strong></span> <span class='ocrx_word' id='word_1_491' title='bbox 1507 5045 1829 5114; x_wconf 84' lang='lat' dir='ltr'><strong>templorum</strong></span> 
     </span>
    </p>
   </div>
   <div class='ocr_carea' id='block_1_71' title="bbox 232 5132 1830 5204">
    <p class='ocr_par' dir='ltr' id='par_1_71' title="bbox 232 5132 1830 5204">
     <span class='ocr_line' id='line_1_71' title="bbox 232 5132 1830 5204; baseline 0.003 -15"><span class='ocrx_word' id='word_1_492' title='bbox 232 5132 637 5198; x_wconf 85' lang='lat' dir='ltr'><strong>dedicationes,</strong></span> <span class='ocrx_word' id='word_1_493' title='bbox 669 5132 784 5188; x_wconf 89' lang='lat' dir='ltr'><strong>sive</strong></span> <span class='ocrx_word' id='word_1_494' title='bbox 817 5144 1026 5190; x_wconf 65' lang='lat' dir='ltr'><strong>caetera:</strong></span> <span class='ocrx_word' id='word_1_495' title='bbox 1071 5134 1442 5204; x_wconf 88' lang='lat' dir='ltr'><strong>hujuscemodi</strong></span> <span class='ocrx_word' id='word_1_496' title='bbox 1492 5138 1830 5193; x_wconf 86' lang='lat' dir='ltr'><strong>constitutio-</strong></span> 
     </span>
    </p>
   </div>
   <div class='ocr_carea' id='block_1_72' title="bbox 234 5224 1830 5292">
    <p class='ocr_par' dir='ltr' id='par_1_72' title="bbox 234 5224 1830 5292">
     <span class='ocr_line' id='line_1_72' title="bbox 234 5224 1830 5292; baseline 0.003 -12"><span class='ocrx_word' id='word_1_497' title='bbox 234 5239 364 5287; x_wconf 85' lang='lat' dir='ltr'><strong>nes,</strong></span> <span class='ocrx_word' id='word_1_498' title='bbox 397 5238 494 5292; x_wconf 90' lang='lat' dir='ltr'><strong>per</strong></span> <span class='ocrx_word' id='word_1_499' title='bbox 524 5224 886 5280; x_wconf 89' lang='lat' dir='ltr'><strong>sacerdotales</strong></span> <span class='ocrx_word' id='word_1_500' title='bbox 910 5225 1276 5283; x_wconf 89' lang='lat' dir='ltr'><strong>ecclesiastico</strong></span> <span class='ocrx_word' id='word_1_501' title='bbox 1299 5244 1446 5284; x_wconf 90' lang='lat' dir='ltr'><strong>more</strong></span> <span class='ocrx_word' id='word_1_502' title='bbox 1467 5231 1830 5285; x_wconf 88' lang='lat' dir='ltr'><strong>consecratio-</strong></span> 
     </span>
    </p>
   </div>
   <div class='ocr_carea' id='block_1_73' title="bbox 233 5313 1828 5388">
    <p class='ocr_par' dir='ltr' id='par_1_73' title="bbox 233 5313 1828 5388">
     <span class='ocr_line' id='line_1_73' title="bbox 233 5313 1828 5388; baseline 0.004 -20"><span class='ocrx_word' id='word_1_503' title='bbox 233 5328 347 5368; x_wconf 87' lang='lat' dir='ltr'><strong>nes</strong></span> <span class='ocrx_word' id='word_1_504' title='bbox 373 5313 530 5380; x_wconf 89' lang='lat' dir='ltr'><strong>ﬁunt,</strong></span> <span class='ocrx_word' id='word_1_505' title='bbox 557 5314 753 5386; x_wconf 89' lang='lat' dir='ltr'><strong>quippe</strong></span> <span class='ocrx_word' id='word_1_506' title='bbox 783 5332 904 5371; x_wconf 91' lang='lat' dir='ltr'><strong>cum</strong></span> <span class='ocrx_word' id='word_1_507' title='bbox 946 5319 1012 5372; x_wconf 88' lang='lat' dir='ltr'><strong>ad</strong></span> <span class='ocrx_word' id='word_1_508' title='bbox 1050 5318 1218 5388; x_wconf 88' lang='lat' dir='ltr'><strong>ipsam</strong></span> <span class='ocrx_word' id='word_1_509' title='bbox 1242 5316 1560 5376; x_wconf 71' lang='lat' dir='ltr'><strong>Christianm</strong></span> <span class='ocrx_word' id='word_1_510' title='bbox 1582 5320 1702 5376; x_wconf 90' lang='lat' dir='ltr'><strong>ﬁdei</strong></span> <span class='ocrx_word' id='word_1_511' title='bbox 1731 5338 1828 5375; x_wconf 84' lang='lat' dir='ltr'><strong>no-</strong></span> 
     </span>
    </p>
   </div>
   <div class='ocr_carea' id='block_1_74' title="bbox 234 5406 1827 5480">
    <p class='ocr_par' dir='ltr' id='par_1_74' title="bbox 234 5406 1827 5480">
     <span class='ocr_line' id='line_1_74' title="bbox 234 5406 1827 5480; baseline 0.004 -20"><span class='ocrx_word' id='word_1_512' title='bbox 234 5406 515 5461; x_wconf 83' lang='lat' dir='ltr'><strong>bilitatem</strong></span> <span class='ocrx_word' id='word_1_513' title='bbox 541 5422 640 5477; x_wconf 90' lang='lat' dir='ltr'><strong>per</strong></span> <span class='ocrx_word' id='word_1_514' title='bbox 663 5424 825 5478; x_wconf 90' lang='lat' dir='ltr'><strong>quam</strong></span> <span class='ocrx_word' id='word_1_515' title='bbox 857 5409 925 5463; x_wconf 87' lang='lat' dir='ltr'><strong>ad</strong></span> <span class='ocrx_word' id='word_1_516' title='bbox 951 5417 1176 5465; x_wconf 71' lang='lat' dir='ltr'><strong>caeteros</strong></span> <span class='ocrx_word' id='word_1_517' title='bbox 1202 5410 1400 5480; x_wconf 89' lang='lat' dir='ltr'><strong>gradus</strong></span> <span class='ocrx_word' id='word_1_518' title='bbox 1439 5413 1730 5475; x_wconf 88' lang='lat' dir='ltr'><strong>acceditur,</strong></span> <span class='ocrx_word' id='word_1_519' title='bbox 1774 5413 1827 5466; x_wconf 91' lang='lat' dir='ltr'><strong>in</strong></span> 
     </span>
    </p>
   </div>
   <div class='ocr_carea' id='block_1_75' title="bbox 235 5497 1830 5570">
    <p class='ocr_par' dir='ltr' id='par_1_75' title="bbox 235 5497 1830 5570">
     <span class='ocr_line' id='line_1_75' title="bbox 235 5497 1830 5570; baseline 0.004 -20"><span class='ocrx_word' id='word_1_520' title='bbox 235 5497 385 5566; x_wconf 85' lang='lat' dir='ltr'><strong>ipsis</strong></span> <span class='ocrx_word' id='word_1_521' title='bbox 431 5497 670 5554; x_wconf 73' lang='lat' dir='ltr'><strong>infantia:</strong></span> <span class='ocrx_word' id='word_1_522' title='bbox 726 5499 1048 5554; x_wconf 89' lang='lat' dir='ltr'><strong>rudimentis</strong></span> <span class='ocrx_word' id='word_1_523' title='bbox 1101 5516 1200 5570; x_wconf 90' lang='lat' dir='ltr'><strong>per</strong></span> <span class='ocrx_word' id='word_1_524' title='bbox 1244 5502 1582 5557; x_wconf 86' lang='lat' dir='ltr'><strong>sacerdotum</strong></span> <span class='ocrx_word' id='word_1_525' title='bbox 1639 5519 1830 5558; x_wconf 88' lang='lat' dir='ltr'><strong>manus</strong></span> 
     </span>
    </p>
   </div>
   <div class='ocr_carea' id='block_1_76' title="bbox 234 5589 1829 5658">
    <p class='ocr_par' dir='ltr' id='par_1_76' title="bbox 234 5589 1829 5658">
     <span class='ocr_line' id='line_1_76' title="bbox 234 5589 1829 5658; baseline 0.004 -17"><span class='ocrx_word' id='word_1_526' title='bbox 234 5589 624 5658; x_wconf 84' lang='lat' dir='ltr'><strong>impositiones</strong></span> <span class='ocrx_word' id='word_1_527' title='bbox 648 5601 702 5647; x_wconf 89' lang='lat' dir='ltr'><strong>et</strong></span> <span class='ocrx_word' id='word_1_528' title='bbox 730 5591 794 5646; x_wconf 93' lang='lat' dir='ltr'><strong>ad</strong></span> <span class='ocrx_word' id='word_1_529' title='bbox 820 5591 989 5646; x_wconf 90' lang='lat' dir='ltr'><strong>Deum</strong></span> <span class='ocrx_word' id='word_1_530' title='bbox 1016 5589 1292 5648; x_wconf 89' lang='lat' dir='ltr'><strong>orationes</strong></span> <span class='ocrx_word' id='word_1_531' title='bbox 1317 5594 1583 5650; x_wconf 89' lang='lat' dir='ltr'><strong>veniatur.</strong></span> <span class='ocrx_word' id='word_1_532' title='bbox 1619 5595 1674 5651; x_wconf 92' lang='lat' dir='ltr'><strong>Si</strong></span> <span class='ocrx_word' id='word_1_533' title='bbox 1701 5612 1829 5651; x_wconf 87' lang='lat' dir='ltr'><strong>vero</strong></span> 
     </span>
    </p>
   </div>
   <div class='ocr_carea' id='block_1_77' title="bbox 237 5680 1828 5749">
    <p class='ocr_par' dir='ltr' id='par_1_77' title="bbox 237 5680 1828 5749">
     <span class='ocr_line' id='line_1_77' title="bbox 237 5680 1828 5749; baseline 0.007 -14"><span class='ocrx_word' id='word_1_534' title='bbox 237 5682 320 5737; x_wconf 85' lang='lat' dir='ltr'><strong>de</strong></span> <span class='ocrx_word' id='word_1_535' title='bbox 349 5680 482 5740; x_wconf 81' lang='lat' dir='ltr'><strong>locis</strong></span> <span class='ocrx_word' id='word_1_536' title='bbox 508 5684 622 5741; x_wconf 87' lang='lat' dir='ltr'><strong>sive</strong></span> <span class='ocrx_word' id='word_1_537' title='bbox 653 5684 794 5743; x_wconf 86' lang='lat' dir='ltr'><strong>vasis</strong></span> <span class='ocrx_word' id='word_1_538' title='bbox 818 5683 900 5741; x_wconf 88' lang='lat' dir='ltr'><strong>vel</strong></span> <span class='ocrx_word' id='word_1_539' title='bbox 927 5684 1250 5749; x_wconf 86' lang='lat' dir='ltr'><strong>quibuslibet</strong></span> <span class='ocrx_word' id='word_1_540' title='bbox 1288 5686 1606 5745; x_wconf 86' lang='lat' dir='ltr'><strong>utensilibus</strong></span> <span class='ocrx_word' id='word_1_541' title='bbox 1634 5691 1828 5746; x_wconf 83' lang='lat' dir='ltr'><strong>divinis</strong></span> 
     </span>
    </p>
   </div>
   <div class='ocr_carea' id='block_1_78' title="bbox 1923 1841 3494 1913">
    <p class='ocr_par' dir='ltr' id='par_1_78' title="bbox 1923 1841 3494 1913">
     <span class='ocr_line' id='line_1_78' title="bbox 1923 1841 3494 1913; baseline -0.003 -15"><span class='ocrx_word' id='word_1_542' title='bbox 1923 1859 2046 1898; x_wconf 90' lang='lat' dir='ltr'><strong>men</strong></span> <span class='ocrx_word' id='word_1_543' title='bbox 2074 1845 2276 1899; x_wconf 87' lang='lat' dir='ltr'><strong>cassari</strong></span> <span class='ocrx_word' id='word_1_544' title='bbox 2315 1851 2512 1912; x_wconf 90' lang='lat' dir='ltr'><strong>potest,</strong></span> <span class='ocrx_word' id='word_1_545' title='bbox 2543 1843 2686 1913; x_wconf 89' lang='lat' dir='ltr'><strong>quod</strong></span> <span class='ocrx_word' id='word_1_546' title='bbox 2737 1842 2965 1896; x_wconf 89' lang='lat' dir='ltr'><strong>istorum</strong></span> <span class='ocrx_word' id='word_1_547' title='bbox 3011 1841 3494 1902; x_wconf 80' lang='lat' dir='ltr'><strong>oonsecrandorum</strong></span> 
     </span>
    </p>
   </div>
   <div class='ocr_carea' id='block_1_79' title="bbox 1925 1931 3496 2001">
    <p class='ocr_par' dir='ltr' id='par_1_79' title="bbox 1925 1931 3496 2001">
     <span class='ocr_line' id='line_1_79' title="bbox 1925 1931 3496 2001; baseline -0.005 -12"><span class='ocrx_word' id='word_1_548' title='bbox 1925 1935 1980 1989; x_wconf 91' lang='lat' dir='ltr'><strong>in</strong></span> <span class='ocrx_word' id='word_1_549' title='bbox 2012 1934 2162 1989; x_wconf 91' lang='lat' dir='ltr'><strong>libris</strong></span> <span class='ocrx_word' id='word_1_550' title='bbox 2196 1933 2621 1989; x_wconf 88' lang='lat' dir='ltr'><strong>sacerdotalibus</strong></span> <span class='ocrx_word' id='word_1_551' title='bbox 2658 1932 2858 2001; x_wconf 88' lang='lat' dir='ltr'><strong>scripta</strong></span> <span class='ocrx_word' id='word_1_552' title='bbox 2898 1931 3148 1995; x_wconf 88' lang='lat' dir='ltr'><strong>habetur,</strong></span> <span class='ocrx_word' id='word_1_553' title='bbox 3188 1938 3244 1984; x_wconf 86' lang='lat' dir='ltr'><strong>et</strong></span> <span class='ocrx_word' id='word_1_554' title='bbox 3268 1943 3367 1998; x_wconf 88' lang='lat' dir='ltr'><strong>per</strong></span> <span class='ocrx_word' id='word_1_555' title='bbox 3407 1943 3496 1982; x_wconf 79' lang='lat' dir='ltr'><strong>sa-</strong></span> 
     </span>
    </p>
   </div>
   <div class='ocr_carea' id='block_1_80' title="bbox 1925 2019 3499 2092">
    <p class='ocr_par' dir='ltr' id='par_1_80' title="bbox 1925 2019 3499 2092">
     <span class='ocr_line' id='line_1_80' title="bbox 1925 2019 3499 2092; baseline -0.004 -11"><span class='ocrx_word' id='word_1_556' title='bbox 1925 2028 2169 2082; x_wconf 89' lang='lat' dir='ltr'><strong>cerdotes</strong></span> <span class='ocrx_word' id='word_1_557' title='bbox 2208 2025 2520 2081; x_wconf 88' lang='lat' dir='ltr'><strong>solemniter</strong></span> <span class='ocrx_word' id='word_1_558' title='bbox 2552 2025 2862 2080; x_wconf 89' lang='lat' dir='ltr'><strong>celebratur</strong></span> <span class='ocrx_word' id='word_1_559' title='bbox 2905 2023 3084 2092; x_wconf 88' lang='lat' dir='ltr'><strong>prisca</strong></span> <span class='ocrx_word' id='word_1_560' title='bbox 3116 2019 3354 2085; x_wconf 90' lang='lat' dir='ltr'><strong>traditio,</strong></span> <span class='ocrx_word' id='word_1_561' title='bbox 3385 2019 3499 2074; x_wconf 83' lang='lat' dir='ltr'><strong>illa-</strong></span> 
     </span>
    </p>
   </div>
   <div class='ocr_carea' id='block_1_81' title="bbox 1927 2113 3500 2187">
    <p class='ocr_par' dir='ltr' id='par_1_81' title="bbox 1927 2113 3500 2187">
     <span class='ocr_line' id='line_1_81' title="bbox 1927 2113 3500 2187; baseline -0.004 -14"><span class='ocrx_word' id='word_1_562' title='bbox 1927 2135 2043 2173; x_wconf 91' lang='lat' dir='ltr'><strong>rum</strong></span> <span class='ocrx_word' id='word_1_563' title='bbox 2076 2133 2202 2173; x_wconf 91' lang='lat' dir='ltr'><strong>vero</strong></span> <span class='ocrx_word' id='word_1_564' title='bbox 2233 2133 2406 2187; x_wconf 89' lang='lat' dir='ltr'><strong>neque</strong></span> <span class='ocrx_word' id='word_1_565' title='bbox 2445 2117 2952 2182; x_wconf 89' lang='lat' dir='ltr'><strong>eonsecrandarum,</strong></span> <span class='ocrx_word' id='word_1_566' title='bbox 2989 2128 3164 2184; x_wconf 89' lang='lat' dir='ltr'><strong>neque</strong></span> <span class='ocrx_word' id='word_1_567' title='bbox 3200 2113 3500 2168; x_wconf 77' lang='lat' dir='ltr'><strong>adoranda-</strong></span> 
     </span>
    </p>
   </div>
   <div class='ocr_carea' id='block_1_82' title="bbox 1925 2205 3500 2276">
    <p class='ocr_par' dir='ltr' id='par_1_82' title="bbox 1925 2205 3500 2276">
     <span class='ocr_line' id='line_1_82' title="bbox 1925 2205 3500 2276; baseline -0.003 -14"><span class='ocrx_word' id='word_1_568' title='bbox 1925 2223 2043 2262; x_wconf 90' lang='lat' dir='ltr'><strong>rum</strong></span> <span class='ocrx_word' id='word_1_569' title='bbox 2075 2207 2181 2261; x_wconf 92' lang='lat' dir='ltr'><strong>ulla</strong></span> <span class='ocrx_word' id='word_1_570' title='bbox 2210 2207 2416 2276; x_wconf 87' lang='lat' dir='ltr'><strong>uspiam</strong></span> <span class='ocrx_word' id='word_1_571' title='bbox 2458 2207 2512 2261; x_wconf 91' lang='lat' dir='ltr'><strong>in</strong></span> <span class='ocrx_word' id='word_1_572' title='bbox 2544 2208 2629 2263; x_wconf 89' lang='lat' dir='ltr'><strong>his</strong></span> <span class='ocrx_word' id='word_1_573' title='bbox 2655 2222 2775 2276; x_wconf 70' lang='lat' dir='ltr'><strong>qua:</strong></span> <span class='ocrx_word' id='word_1_574' title='bbox 2800 2207 2870 2261; x_wconf 89' lang='lat' dir='ltr'><strong>ab</strong></span> <span class='ocrx_word' id='word_1_575' title='bbox 2896 2205 3135 2261; x_wconf 84' lang='lat' dir='ltr'><strong>Ecclesia</strong></span> <span class='ocrx_word' id='word_1_576' title='bbox 3167 2205 3500 2274; x_wconf 78' lang='lat' dir='ltr'><strong>recipiuntur</strong></span> 
     </span>
    </p>
   </div>
   <div class='ocr_carea' id='block_1_83' title="bbox 1925 2292 3500 2366">
    <p class='ocr_par' dir='ltr' id='par_1_83' title="bbox 1925 2292 3500 2366">
     <span class='ocr_line' id='line_1_83' title="bbox 1925 2292 3500 2366; baseline -0.004 -14"><span class='ocrx_word' id='word_1_577' title='bbox 1925 2299 2155 2352; x_wconf 90' lang='lat' dir='ltr'><strong>habetur</strong></span> <span class='ocrx_word' id='word_1_578' title='bbox 2191 2297 2480 2353; x_wconf 91' lang='lat' dir='ltr'><strong>institutio.</strong></span> <span class='ocrx_word' id='word_1_579' title='bbox 2527 2298 2586 2351; x_wconf 87' lang='lat' dir='ltr'><strong>In</strong></span> <span class='ocrx_word' id='word_1_580' title='bbox 2612 2312 2678 2353; x_wconf 91' lang='lat' dir='ltr'><strong>eo</strong></span> <span class='ocrx_word' id='word_1_581' title='bbox 2701 2310 2830 2351; x_wconf 89' lang='lat' dir='ltr'><strong>vero</strong></span> <span class='ocrx_word' id='word_1_582' title='bbox 2865 2296 3010 2366; x_wconf 91' lang='lat' dir='ltr'><strong>quod</strong></span> <span class='ocrx_word' id='word_1_583' title='bbox 3045 2294 3118 2348; x_wconf 90' lang='lat' dir='ltr'><strong>ait</strong></span> <span class='ocrx_word' id='word_1_584' title='bbox 3147 2312 3161 2348; x_wconf 87' lang='lat'>:</span> <span class='ocrx_word' id='word_1_585' title='bbox 3191 2293 3305 2348; x_wconf 79' lang='lat' dir='ltr'><strong>Nec</strong></span> <span class='ocrx_word' id='word_1_586' title='bbox 3335 2292 3500 2364; x_wconf 80' lang='lat' dir='ltr'><strong>pluri-</strong></span> 
     </span>
    </p>
   </div>
   <div class='ocr_carea' id='block_1_84' title="bbox 1923 2383 3498 2455">
    <p class='ocr_par' dir='ltr' id='par_1_84' title="bbox 1923 2383 3498 2455">
     <span class='ocr_line' id='line_1_84' title="bbox 1923 2383 3498 2455; baseline -0.003 -15"><span class='ocrx_word' id='word_1_587' title='bbox 1923 2403 2066 2440; x_wconf 90' lang='lat' dir='ltr'><strong>mum</strong></span> <span class='ocrx_word' id='word_1_588' title='bbox 2100 2387 2230 2441; x_wconf 80' lang='lat' dir='ltr'><strong>sicut</strong></span> <span class='ocrx_word' id='word_1_589' title='bbox 2270 2386 2564 2441; x_wconf 81' lang='lat' dir='ltr'><strong>veneranda</strong></span> <span class='ocrx_word' id='word_1_590' title='bbox 2591 2395 2638 2440; x_wconf 82' lang='lat' dir='ltr'><strong>et</strong></span> <span class='ocrx_word' id='word_1_591' title='bbox 2658 2386 2980 2440; x_wconf 80' lang='lat' dir='ltr'><strong>honoramur</strong></span> <span class='ocrx_word' id='word_1_592' title='bbox 3006 2392 3054 2438; x_wconf 87' lang='lat' dir='ltr'><strong>et</strong></span> <span class='ocrx_word' id='word_1_593' title='bbox 3081 2383 3498 2455; x_wconf 75' lang='lat' dir='ltr'><strong>amplificantur:</strong></span> 
     </span>
    </p>
   </div>
   <div class='ocr_carea' id='block_1_85' title="bbox 1923 2476 3502 2550">
    <p class='ocr_par' dir='ltr' id='par_1_85' title="bbox 1923 2476 3502 2550">
     <span class='ocr_line' id='line_1_85' title="bbox 1923 2476 3502 2550; baseline -0.002 -19"><span class='ocrx_word' id='word_1_594' title='bbox 1923 2479 2032 2549; x_wconf 86' lang='lat' dir='ltr'><strong>ipse</strong></span> <span class='ocrx_word' id='word_1_595' title='bbox 2058 2480 2195 2533; x_wconf 85' lang='lat' dir='ltr'><strong>enim</strong></span> <span class='ocrx_word' id='word_1_596' title='bbox 2220 2481 2425 2550; x_wconf 83' lang='lat' dir='ltr'><strong>signum</strong></span> <span class='ocrx_word' id='word_1_597' title='bbox 2473 2478 2687 2546; x_wconf 65' lang='lat' dir='ltr'><strong>viviﬁci:</strong></span> <span class='ocrx_word' id='word_1_598' title='bbox 2729 2478 2899 2532; x_wconf 86' lang='lat' dir='ltr'><strong>crucis</strong></span> <span class='ocrx_word' id='word_1_599' title='bbox 2930 2476 3041 2530; x_wconf 83' lang='lat' dir='ltr'><strong>sine</strong></span> <span class='ocrx_word' id='word_1_600' title='bbox 3071 2476 3306 2530; x_wconf 83' lang='lat' dir='ltr'><strong>oratione</strong></span> <span class='ocrx_word' id='word_1_601' title='bbox 3347 2490 3502 2528; x_wconf 82' lang='lat' dir='ltr'><strong>sacra</strong></span> 
     </span>
    </p>
   </div>
   <div class='ocr_carea' id='block_1_86' title="bbox 1927 2563 3502 2638">
    <p class='ocr_par' dir='ltr' id='par_1_86' title="bbox 1927 2563 3502 2638">
     <span class='ocr_line' id='line_1_86' title="bbox 1927 2563 3502 2638; baseline -0.002 -15"><span class='ocrx_word' id='word_1_602' title='bbox 1927 2569 2072 2638; x_wconf 81' lang='lat' dir='ltr'><strong>fatur</strong></span> <span class='ocrx_word' id='word_1_603' title='bbox 2100 2587 2133 2623; x_wconf 90' lang='lat' dir='ltr'><strong>a</strong></span> <span class='ocrx_word' id='word_1_604' title='bbox 2174 2571 2320 2624; x_wconf 87' lang='lat' dir='ltr'><strong>nobis</strong></span> <span class='ocrx_word' id='word_1_605' title='bbox 2350 2568 2643 2623; x_wconf 78' lang='lat' dir='ltr'><strong>veneranda</strong></span> <span class='ocrx_word' id='word_1_606' title='bbox 2688 2577 2784 2635; x_wconf 84' lang='lat' dir='ltr'><strong>est,</strong></span> <span class='ocrx_word' id='word_1_607' title='bbox 2830 2567 2883 2622; x_wconf 92' lang='lat' dir='ltr'><strong>id</strong></span> <span class='ocrx_word' id='word_1_608' title='bbox 2926 2581 3049 2621; x_wconf 89' lang='lat' dir='ltr'><strong>eum</strong></span> <span class='ocrx_word' id='word_1_609' title='bbox 3091 2573 3220 2636; x_wconf 90' lang='lat' dir='ltr'><strong>puto</strong></span> <span class='ocrx_word' id='word_1_610' title='bbox 3269 2563 3502 2620; x_wconf 83' lang='lat' dir='ltr'><strong>voluisse</strong></span> 
     </span>
    </p>
   </div>
   <div class='ocr_carea' id='block_1_87' title="bbox 1926 2655 3504 2729">
    <p class='ocr_par' dir='ltr' id='par_1_87' title="bbox 1926 2655 3504 2729">
     <span class='ocr_line' id='line_1_87' title="bbox 1926 2655 3504 2729; baseline -0.002 -15"><span class='ocrx_word' id='word_1_611' title='bbox 1926 2660 2124 2724; x_wconf 90' lang='lat' dir='ltr'><strong>dicere,</strong></span> <span class='ocrx_word' id='word_1_612' title='bbox 2169 2660 2312 2729; x_wconf 91' lang='lat' dir='ltr'><strong>quod</strong></span> <span class='ocrx_word' id='word_1_613' title='bbox 2352 2660 2562 2727; x_wconf 83' lang='lat' dir='ltr'><strong>signum</strong></span> <span class='ocrx_word' id='word_1_614' title='bbox 2608 2658 2928 2714; x_wconf 54' lang='lat' dir='ltr'><strong>veneranda</strong></span> <span class='ocrx_word' id='word_1_615' title='bbox 2974 2656 3170 2722; x_wconf 89' lang='lat' dir='ltr'><strong>crucis,</strong></span> <span class='ocrx_word' id='word_1_616' title='bbox 3215 2655 3357 2726; x_wconf 92' lang='lat' dir='ltr'><strong>quod</strong></span> <span class='ocrx_word' id='word_1_617' title='bbox 3402 2670 3504 2711; x_wconf 85' lang='lat' dir='ltr'><strong>nos</strong></span> 
     </span>
    </p>
   </div>
   <div class='ocr_carea' id='block_1_88' title="bbox 1927 2745 3504 2818">
    <p class='ocr_par' dir='ltr' id='par_1_88' title="bbox 1927 2745 3504 2818">
     <span class='ocr_line' id='line_1_88' title="bbox 1927 2745 3504 2818; baseline -0.003 -14"><span class='ocrx_word' id='word_1_618' title='bbox 1927 2749 2220 2805; x_wconf 88' lang='lat' dir='ltr'><strong>honoriﬁce</strong></span> <span class='ocrx_word' id='word_1_619' title='bbox 2240 2750 2395 2806; x_wconf 90' lang='lat' dir='ltr'><strong>nobis</strong></span> <span class='ocrx_word' id='word_1_620' title='bbox 2421 2750 2654 2804; x_wconf 90' lang='lat' dir='ltr'><strong>indimus</strong></span> <span class='ocrx_word' id='word_1_621' title='bbox 2679 2751 2882 2818; x_wconf 86' lang='lat' dir='ltr'><strong>absque</strong></span> <span class='ocrx_word' id='word_1_622' title='bbox 2907 2746 3137 2817; x_wconf 88' lang='lat' dir='ltr'><strong>quadam</strong></span> <span class='ocrx_word' id='word_1_623' title='bbox 3161 2745 3504 2804; x_wconf 85' lang='lat' dir='ltr'><strong>sacerdotum</strong></span> 
     </span>
    </p>
   </div>
   <div class='ocr_carea' id='block_1_89' title="bbox 1925 2839 3505 2903">
    <p class='ocr_par' dir='ltr' id='par_1_89' title="bbox 1925 2839 3505 2903">
     <span class='ocr_line' id='line_1_89' title="bbox 1925 2839 3505 2903; baseline -0.004 -9"><span class='ocrx_word' id='word_1_624' title='bbox 1925 2839 2169 2894; x_wconf 88' lang='lat' dir='ltr'><strong>oratione</strong></span> <span class='ocrx_word' id='word_1_625' title='bbox 2207 2839 2292 2902; x_wconf 88' lang='lat' dir='ltr'><strong>vel</strong></span> <span class='ocrx_word' id='word_1_626' title='bbox 2338 2839 2764 2903; x_wconf 85' lang='lat' dir='ltr'><strong>consecratione,</strong></span> <span class='ocrx_word' id='word_1_627' title='bbox 2801 2844 2885 2892; x_wconf 88' lang='lat' dir='ltr'><strong>est</strong></span> <span class='ocrx_word' id='word_1_628' title='bbox 2919 2845 2974 2890; x_wconf 91' lang='lat' dir='ltr'><strong>et</strong></span> <span class='ocrx_word' id='word_1_629' title='bbox 3005 2846 3184 2890; x_wconf 85' lang='lat' dir='ltr'><strong>tamen</strong></span> <span class='ocrx_word' id='word_1_630' title='bbox 3233 2843 3505 2890; x_wconf 86' lang='lat' dir='ltr'><strong>sacratum</strong></span> 
     </span>
    </p>
   </div>
   <div class='ocr_carea' id='block_1_90' title="bbox 1926 2926 3502 2998">
    <p class='ocr_par' dir='ltr' id='par_1_90' title="bbox 1926 2926 3502 2998">
     <span class='ocr_line' id='line_1_90' title="bbox 1926 2926 3502 2998; baseline -0.003 -14"><span class='ocrx_word' id='word_1_631' title='bbox 1926 2931 2156 2984; x_wconf 88' lang='lat' dir='ltr'><strong>habetur</strong></span> <span class='ocrx_word' id='word_1_632' title='bbox 2184 2947 2197 2983; x_wconf 92' lang='lat'>:</span> <span class='ocrx_word' id='word_1_633' title='bbox 2231 2929 2284 2983; x_wconf 91' lang='lat' dir='ltr'><strong>in</strong></span> <span class='ocrx_word' id='word_1_634' title='bbox 2310 2945 2417 2998; x_wconf 93' lang='lat' dir='ltr'><strong>quo</strong></span> <span class='ocrx_word' id='word_1_635' title='bbox 2443 2929 2700 2984; x_wconf 90' lang='lat' dir='ltr'><strong>nimirum</strong></span> <span class='ocrx_word' id='word_1_636' title='bbox 2735 2928 2895 2991; x_wconf 91' lang='lat' dir='ltr'><strong>dicto,</strong></span> <span class='ocrx_word' id='word_1_637' title='bbox 2931 2927 3070 2982; x_wconf 89' lang='lat' dir='ltr'><strong>sicut</strong></span> <span class='ocrx_word' id='word_1_638' title='bbox 3095 2935 3151 2981; x_wconf 93' lang='lat' dir='ltr'><strong>et</strong></span> <span class='ocrx_word' id='word_1_639' title='bbox 3186 2926 3242 2981; x_wconf 88' lang='lat' dir='ltr'><strong>in</strong></span> <span class='ocrx_word' id='word_1_640' title='bbox 3270 2926 3502 2992; x_wconf 63' lang='lat' dir='ltr'><strong>«cteris,</strong></span> 
     </span>
    </p>
   </div>
   <div class='ocr_carea' id='block_1_91' title="bbox 1928 3015 3507 3085">
    <p class='ocr_par' dir='ltr' id='par_1_91' title="bbox 1928 3015 3507 3085">
     <span class='ocr_line' id='line_1_91' title="bbox 1928 3015 3507 3085; baseline -0.003 -11"><span class='ocrx_word' id='word_1_641' title='bbox 1928 3035 2035 3074; x_wconf 91' lang='lat' dir='ltr'><strong>non</strong></span> <span class='ocrx_word' id='word_1_642' title='bbox 2081 3021 2407 3075; x_wconf 89' lang='lat' dir='ltr'><strong>mediocrem</strong></span> <span class='ocrx_word' id='word_1_643' title='bbox 2449 3035 2602 3074; x_wconf 90' lang='lat' dir='ltr'><strong>suam</strong></span> <span class='ocrx_word' id='word_1_644' title='bbox 2651 3019 2985 3074; x_wconf 88' lang='lat' dir='ltr'><strong>demonstrat</strong></span> <span class='ocrx_word' id='word_1_645' title='bbox 3029 3017 3315 3082; x_wconf 87' lang='lat' dir='ltr'><strong>insaniam,</strong></span> <span class='ocrx_word' id='word_1_646' title='bbox 3363 3015 3507 3085; x_wconf 89' lang='lat' dir='ltr'><strong>quod</strong></span> 
     </span>
    </p>
   </div>
   <div class='ocr_carea' id='block_1_92' title="bbox 1854 3081 3508 3181">
    <p class='ocr_par' dir='ltr' id='par_1_92' title="bbox 1854 3081 3508 3181">
     <span class='ocr_line' id='line_1_92' title="bbox 1854 3081 3508 3181; baseline -0.002 -15"><span class='ocrx_word' id='word_1_647' title='bbox 1854 3081 1900 3142; x_wconf 65' lang='grc' dir='ltr'><strong>θ</strong></span> <span class='ocrx_word' id='word_1_648' title='bbox 1931 3111 2142 3181; x_wconf 90' lang='lat' dir='ltr'><strong>signum</strong></span> <span class='ocrx_word' id='word_1_649' title='bbox 2191 3111 2369 3166; x_wconf 91' lang='lat' dir='ltr'><strong>crucis</strong></span> <span class='ocrx_word' id='word_1_650' title='bbox 2420 3127 2530 3166; x_wconf 90' lang='lat' dir='ltr'><strong>non</strong></span> <span class='ocrx_word' id='word_1_651' title='bbox 2586 3110 2746 3164; x_wconf 88' lang='lat' dir='ltr'><strong>aliam</strong></span> <span class='ocrx_word' id='word_1_652' title='bbox 2795 3109 2987 3180; x_wconf 67' lang='lat' dir='ltr'><strong>quaerit</strong></span> <span class='ocrx_word' id='word_1_653' title='bbox 3046 3107 3508 3164; x_wconf 88' lang='lat' dir='ltr'><strong>consecrationem</strong></span> 
     </span>
    </p>
   </div>
   <div class='ocr_carea' id='block_1_93' title="bbox 1925 3200 3510 3273">
    <p class='ocr_par' dir='ltr' id='par_1_93' title="bbox 1925 3200 3510 3273">
     <span class='ocr_line' id='line_1_93' title="bbox 1925 3200 3510 3273; baseline -0.002 -16"><span class='ocrx_word' id='word_1_654' title='bbox 1925 3217 2086 3272; x_wconf 86' lang='lat' dir='ltr'><strong>quam</strong></span> <span class='ocrx_word' id='word_1_655' title='bbox 2126 3218 2246 3258; x_wconf 89' lang='lat' dir='ltr'><strong>eam</strong></span> <span class='ocrx_word' id='word_1_656' title='bbox 2275 3219 2394 3272; x_wconf 84' lang='lat' dir='ltr'><strong>quae</strong></span> <span class='ocrx_word' id='word_1_657' title='bbox 2434 3218 2532 3273; x_wconf 91' lang='lat' dir='ltr'><strong>per</strong></span> <span class='ocrx_word' id='word_1_658' title='bbox 2554 3203 2650 3257; x_wconf 86' lang='lat' dir='ltr'><strong>Dei</strong></span> <span class='ocrx_word' id='word_1_659' title='bbox 2693 3211 2749 3257; x_wconf 90' lang='lat' dir='ltr'><strong>et</strong></span> <span class='ocrx_word' id='word_1_660' title='bbox 2780 3203 3059 3257; x_wconf 85' lang='lat' dir='ltr'><strong>hominum</strong></span> <span class='ocrx_word' id='word_1_661' title='bbox 3103 3200 3246 3256; x_wconf 80' lang='lat' dir='ltr'><strong>facta</strong></span> <span class='ocrx_word' id='word_1_662' title='bbox 3276 3209 3361 3257; x_wconf 88' lang='lat' dir='ltr'><strong>est</strong></span> <span class='ocrx_word' id='word_1_663' title='bbox 3395 3215 3510 3255; x_wconf 88' lang='lat' dir='ltr'><strong>mc-</strong></span> 
     </span>
    </p>
   </div>
   <div class='ocr_carea' id='block_1_94' title="bbox 1925 3291 3509 3362">
    <p class='ocr_par' dir='ltr' id='par_1_94' title="bbox 1925 3291 3509 3362">
     <span class='ocr_line' id='line_1_94' title="bbox 1925 3291 3509 3362; baseline -0.003 -15"><span class='ocrx_word' id='word_1_664' title='bbox 1925 3294 2211 3348; x_wconf 87' lang='lat' dir='ltr'><strong>diatorem.</strong></span> <span class='ocrx_word' id='word_1_665' title='bbox 2245 3293 2400 3359; x_wconf 85' lang='lat' dir='ltr'><strong>Quod</strong></span> <span class='ocrx_word' id='word_1_666' title='bbox 2430 3309 2560 3348; x_wconf 90' lang='lat' dir='ltr'><strong>vero</strong></span> <span class='ocrx_word' id='word_1_667' title='bbox 2607 3291 2926 3361; x_wconf 78' lang='lat' dir='ltr'><strong>subiunxit:</strong></span> <span class='ocrx_word' id='word_1_668' title='bbox 2966 3291 3037 3345; x_wconf 83' lang='lat' dir='ltr'><strong>Et</strong></span> <span class='ocrx_word' id='word_1_669' title='bbox 3083 3291 3509 3362; x_wconf 36' lang='lat' dir='ltr'><strong>suﬁciemnngsie</strong></span> 
     </span>
    </p>
   </div>
   <div class='ocr_carea' id='block_1_95' title="bbox 1926 3382 3508 3453">
    <p class='ocr_par' dir='ltr' id='par_1_95' title="bbox 1926 3382 3508 3453">
     <span class='ocr_line' id='line_1_95' title="bbox 1926 3382 3508 3453; baseline -0.002 -16"><span class='ocrx_word' id='word_1_670' title='bbox 1926 3400 2085 3453; x_wconf 89' lang='lat' dir='ltr'><strong>gnum</strong></span> <span class='ocrx_word' id='word_1_671' title='bbox 2135 3385 2249 3451; x_wconf 87' lang='lat' dir='ltr'><strong>ejus</strong></span> <span class='ocrx_word' id='word_1_672' title='bbox 2303 3384 2539 3453; x_wconf 84' lang='lat' dir='ltr'><strong>accipere</strong></span> <span class='ocrx_word' id='word_1_673' title='bbox 2576 3383 3044 3451; x_wconf 78' lang='lat' dir='ltr'><strong>sanctiﬁcationcm</strong></span> <span class='ocrx_word' id='word_1_674' title='bbox 3089 3399 3184 3451; x_wconf 84' lang='lat' dir='ltr'><strong>per</strong></span> <span class='ocrx_word' id='word_1_675' title='bbox 3213 3382 3508 3452; x_wconf 52' lang='lat' dir='ltr'><strong>cumfusum</strong></span> 
     </span>
    </p>
   </div>
   <div class='ocr_carea' id='block_1_96' title="bbox 1927 3473 3507 3543">
    <p class='ocr_par' dir='ltr' id='par_1_96' title="bbox 1927 3473 3507 3543">
     <span class='ocr_line' id='line_1_96' title="bbox 1927 3473 3507 3543; baseline -0.003 -13"><span class='ocrx_word' id='word_1_676' title='bbox 1927 3493 1960 3530; x_wconf 89' lang='lat' dir='ltr'><strong>a</strong></span> <span class='ocrx_word' id='word_1_677' title='bbox 1986 3475 2131 3529; x_wconf 85' lang='lat' dir='ltr'><strong>nobis</strong></span> <span class='ocrx_word' id='word_1_678' title='bbox 2164 3474 2232 3528; x_wconf 84' lang='lat' dir='ltr'><strong>ad</strong></span> <span class='ocrx_word' id='word_1_679' title='bbox 2255 3491 2372 3529; x_wconf 83' lang='lat' dir='ltr'><strong>eum</strong></span> <span class='ocrx_word' id='word_1_680' title='bbox 2396 3474 2756 3528; x_wconf 85' lang='lat' dir='ltr'><strong>adorationem</strong></span> <span class='ocrx_word' id='word_1_681' title='bbox 2786 3473 3000 3543; x_wconf 85' lang='lat' dir='ltr'><strong>quidam</strong></span> <span class='ocrx_word' id='word_1_682' title='bbox 3033 3474 3088 3527; x_wconf 88' lang='lat' dir='ltr'><strong>in</strong></span> <span class='ocrx_word' id='word_1_683' title='bbox 3117 3473 3287 3542; x_wconf 75' lang='lat' dir='ltr'><strong>fronte</strong></span> <span class='ocrx_word' id='word_1_684' title='bbox 3309 3473 3507 3526; x_wconf 82' lang='lat' dir='ltr'><strong>sancti-</strong></span> 
     </span>
    </p>
   </div>
   <div class='ocr_carea' id='block_1_97' title="bbox 1926 3560 3504 3633">
    <p class='ocr_par' dir='ltr' id='par_1_97' title="bbox 1926 3560 3504 3633">
     <span class='ocr_line' id='line_1_97' title="bbox 1926 3560 3504 3633; baseline -0.004 -15"><span class='ocrx_word' id='word_1_685' title='bbox 1926 3564 2190 3633; x_wconf 80' lang='lat' dir='ltr'><strong>ﬁcatione,</strong></span> <span class='ocrx_word' id='word_1_686' title='bbox 2227 3572 2276 3616; x_wconf 78' lang='lat' dir='ltr'><strong>et</strong></span> <span class='ocrx_word' id='word_1_687' title='bbox 2298 3579 2415 3633; x_wconf 72' lang='lat' dir='ltr'><strong>qua:</strong></span> <span class='ocrx_word' id='word_1_688' title='bbox 2451 3563 2507 3615; x_wconf 87' lang='lat' dir='ltr'><strong>in</strong></span> <span class='ocrx_word' id='word_1_689' title='bbox 2543 3578 2663 3616; x_wconf 86' lang='lat' dir='ltr'><strong>aere</strong></span> <span class='ocrx_word' id='word_1_690' title='bbox 2688 3579 2781 3632; x_wconf 87' lang='lat' dir='ltr'><strong>per</strong></span> <span class='ocrx_word' id='word_1_691' title='bbox 2811 3562 3031 3632; x_wconf 82' lang='lat' dir='ltr'><strong>digitum</strong></span> <span class='ocrx_word' id='word_1_692' title='bbox 3067 3561 3262 3630; x_wconf 79' lang='lat' dir='ltr'><strong>factum</strong></span> <span class='ocrx_word' id='word_1_693' title='bbox 3299 3560 3504 3629; x_wconf 83' lang='lat' dir='ltr'><strong>signum</strong></span> 
     </span>
    </p>
   </div>
   <div class='ocr_carea' id='block_1_98' title="bbox 1928 3653 3505 3726">
    <p class='ocr_par' dir='ltr' id='par_1_98' title="bbox 1928 3653 3505 3726">
     <span class='ocr_line' id='line_1_98' title="bbox 1928 3653 3505 3726; baseline -0.002 -16"><span class='ocrx_word' id='word_1_694' title='bbox 1928 3657 2149 3726; x_wconf 80' lang='lat' dir='ltr'><strong>e/fugari</strong></span> <span class='ocrx_word' id='word_1_695' title='bbox 2192 3655 2455 3710; x_wconf 75' lang='lat' dir='ltr'><strong>dwmones</strong></span> <span class='ocrx_word' id='word_1_696' title='bbox 2500 3671 2790 3724; x_wconf 81' lang='lat' dir='ltr'><strong>speramus,</strong></span> <span class='ocrx_word' id='word_1_697' title='bbox 2838 3656 2906 3710; x_wconf 88' lang='lat' dir='ltr'><strong>ad</strong></span> <span class='ocrx_word' id='word_1_698' title='bbox 2951 3655 3003 3710; x_wconf 91' lang='lat' dir='ltr'><strong>id</strong></span> <span class='ocrx_word' id='word_1_699' title='bbox 3053 3655 3195 3723; x_wconf 89' lang='lat' dir='ltr'><strong>quod</strong></span> <span class='ocrx_word' id='word_1_700' title='bbox 3257 3653 3505 3723; x_wconf 87' lang='lat' dir='ltr'><strong>superius</strong></span> 
     </span>
    </p>
   </div>
   <div class='ocr_carea' id='block_1_99' title="bbox 1929 3743 3506 3815">
    <p class='ocr_par' dir='ltr' id='par_1_99' title="bbox 1929 3743 3506 3815">
     <span class='ocr_line' id='line_1_99' title="bbox 1929 3743 3506 3815; baseline -0.001 -15"><span class='ocrx_word' id='word_1_701' title='bbox 1929 3747 2137 3801; x_wconf 89' lang='lat' dir='ltr'><strong>illatum</strong></span> <span class='ocrx_word' id='word_1_702' title='bbox 2179 3753 2262 3799; x_wconf 90' lang='lat' dir='ltr'><strong>est</strong></span> <span class='ocrx_word' id='word_1_703' title='bbox 2290 3745 2546 3815; x_wconf 88' lang='lat' dir='ltr'><strong>pertinet.</strong></span> <span class='ocrx_word' id='word_1_704' title='bbox 2593 3743 2784 3800; x_wconf 89' lang='lat' dir='ltr'><strong>Crucis</strong></span> <span class='ocrx_word' id='word_1_705' title='bbox 2825 3744 2988 3815; x_wconf 83' lang='lat' dir='ltr'><strong>igitur</strong></span> <span class='ocrx_word' id='word_1_706' title='bbox 3010 3744 3221 3813; x_wconf 84' lang='lat' dir='ltr'><strong>signum</strong></span> <span class='ocrx_word' id='word_1_707' title='bbox 3250 3759 3506 3814; x_wconf 84' lang='lat' dir='ltr'><strong>magnum</strong></span> 
     </span>
    </p>
   </div>
   <div class='ocr_carea' id='block_1_100' title="bbox 1929 3833 3506 3907">
    <p class='ocr_par' dir='ltr' id='par_1_100' title="bbox 1929 3833 3506 3907">
     <span class='ocr_line' id='line_1_100' title="bbox 1929 3833 3506 3907; baseline -0.001 -17"><span class='ocrx_word' id='word_1_708' title='bbox 1929 3836 1983 3890; x_wconf 90' lang='lat' dir='ltr'><strong>in</strong></span> <span class='ocrx_word' id='word_1_709' title='bbox 2027 3851 2085 3890; x_wconf 90' lang='lat' dir='ltr'><strong>se</strong></span> <span class='ocrx_word' id='word_1_710' title='bbox 2126 3835 2326 3890; x_wconf 89' lang='lat' dir='ltr'><strong>habere</strong></span> <span class='ocrx_word' id='word_1_711' title='bbox 2376 3835 2713 3907; x_wconf 87' lang='lat' dir='ltr'><strong>mysterium,</strong></span> <span class='ocrx_word' id='word_1_712' title='bbox 2743 3834 2898 3904; x_wconf 90' lang='lat' dir='ltr'><strong>eique</strong></span> <span class='ocrx_word' id='word_1_713' title='bbox 2941 3833 3203 3905; x_wconf 83' lang='lat' dir='ltr'><strong>imagines</strong></span> <span class='ocrx_word' id='word_1_714' title='bbox 3241 3849 3349 3889; x_wconf 87' lang='lat' dir='ltr'><strong>non</strong></span> <span class='ocrx_word' id='word_1_715' title='bbox 3384 3849 3506 3889; x_wconf 83' lang='lat' dir='ltr'><strong>esse</strong></span> 
     </span>
    </p>
   </div>
   <div class='ocr_carea' id='block_1_101' title="bbox 1929 3925 3505 3994">
    <p class='ocr_par' dir='ltr' id='par_1_101' title="bbox 1929 3925 3505 3994">
     <span class='ocr_line' id='line_1_101' title="bbox 1929 3925 3505 3994; baseline 0.002 -16"><span class='ocrx_word' id='word_1_716' title='bbox 1929 3925 2338 3994; x_wconf 76' lang='lat' dir='ltr'><strong>:equiparandas</strong></span> <span class='ocrx_word' id='word_1_717' title='bbox 2398 3925 2738 3979; x_wconf 88' lang='lat' dir='ltr'><strong>evidentibus</strong></span> <span class='ocrx_word' id='word_1_718' title='bbox 2773 3933 2856 3979; x_wconf 90' lang='lat' dir='ltr'><strong>est</strong></span> <span class='ocrx_word' id='word_1_719' title='bbox 2895 3925 3107 3979; x_wconf 91' lang='lat' dir='ltr'><strong>indiciis</strong></span> <span class='ocrx_word' id='word_1_720' title='bbox 3140 3925 3505 3994; x_wconf 78' lang='lat' dir='ltr'><strong>manifestum,</strong></span> 
     </span>
    </p>
   </div>
   <div class='ocr_carea' id='block_1_102' title="bbox 1895 4014 3510 4100">
    <p class='ocr_par' dir='ltr' id='par_1_102' title="bbox 1895 4014 3510 4100">
     <span class='ocr_line' id='line_1_102' title="bbox 1895 4014 3510 4100; baseline -0.001 -28"><span class='ocrx_word' id='word_1_721' title='bbox 1895 4024 1984 4072; x_wconf 73' lang='lat' dir='ltr'><strong>&#39;et</strong></span> <span class='ocrx_word' id='word_1_722' title='bbox 2029 4017 2084 4070; x_wconf 93' lang='lat' dir='ltr'><strong>in</strong></span> <span class='ocrx_word' id='word_1_723' title='bbox 2125 4015 2494 4084; x_wconf 79' lang='lat' dir='ltr'><strong>superioribus</strong></span> <span class='ocrx_word' id='word_1_724' title='bbox 2561 4014 2722 4084; x_wconf 89' lang='lat' dir='ltr'><strong>hujus</strong></span> <span class='ocrx_word' id='word_1_725' title='bbox 2781 4015 2964 4087; x_wconf 89' lang='lat' dir='ltr'><strong>operis</strong></span> <span class='ocrx_word' id='word_1_726' title='bbox 3011 4015 3297 4085; x_wconf 86' lang='lat' dir='ltr'><strong>partibus,</strong></span> <span class='ocrx_word' id='word_1_727' title='bbox 3330 4026 3510 4100; x_wconf 33' lang='lat' dir='ltr'><strong>[prout</strong></span> 
     </span>
    </p>
   </div>
   <div class='ocr_carea' id='block_1_103' title="bbox 1894 4107 3509 4177">
    <p class='ocr_par' dir='ltr' id='par_1_103' title="bbox 1894 4107 3509 4177">
     <span class='ocr_line' id='line_1_103' title="bbox 1894 4107 3509 4177; baseline -0.001 -15"><span class='ocrx_word' id='word_1_728' title='bbox 1894 4125 1898 4128; x_wconf 89' lang='grc'><strong>·</strong></span> <span class='ocrx_word' id='word_1_729' title='bbox 1930 4109 2191 4163; x_wconf 88' lang='lat' dir='ltr'><strong>Dominus</strong></span> <span class='ocrx_word' id='word_1_730' title='bbox 2231 4108 2431 4162; x_wconf 89' lang='lat' dir='ltr'><strong>donare</strong></span> <span class='ocrx_word' id='word_1_731' title='bbox 2472 4107 2724 4177; x_wconf 86' lang='lat' dir='ltr'><strong>dignatus</strong></span> <span class='ocrx_word' id='word_1_732' title='bbox 2751 4115 2854 4170; x_wconf 89' lang='lat' dir='ltr'><strong>est,</strong></span> <span class='ocrx_word' id='word_1_733' title='bbox 2891 4107 3338 4162; x_wconf 87' lang='lat' dir='ltr'><strong>demonstratum.</strong></span> <span class='ocrx_word' id='word_1_734' title='bbox 3375 4107 3509 4162; x_wconf 78' lang='lat' dir='ltr'><strong>Nam</strong></span> 
     </span>
    </p>
   </div>
   <div class='ocr_carea' id='block_1_104' title="bbox 1893 4199 3513 4272">
    <p class='ocr_par' dir='ltr' id='par_1_104' title="bbox 1893 4199 3513 4272">
     <span class='ocr_line' id='line_1_104' title="bbox 1893 4199 3513 4272; baseline -0.001 -16"><span class='ocrx_word' id='word_1_735' title='bbox 1893 4214 1899 4219; x_wconf 88' lang='lat'><strong><em>&#39;</em></strong></span> <span class='ocrx_word' id='word_1_736' title='bbox 1933 4203 2060 4256; x_wconf 92' lang='lat' dir='ltr'><strong>dum</strong></span> <span class='ocrx_word' id='word_1_737' title='bbox 2101 4201 2382 4272; x_wconf 89' lang='lat' dir='ltr'><strong>imagines,</strong></span> <span class='ocrx_word' id='word_1_738' title='bbox 2412 4208 2473 4254; x_wconf 92' lang='lat' dir='ltr'><strong>ut</strong></span> <span class='ocrx_word' id='word_1_739' title='bbox 2515 4200 2766 4269; x_wconf 85' lang='lat' dir='ltr'><strong>superius</strong></span> <span class='ocrx_word' id='word_1_740' title='bbox 2795 4200 3048 4265; x_wconf 73' lang='lat' dir='ltr'><strong>diximus,</strong></span> <span class='ocrx_word' id='word_1_741' title='bbox 3081 4199 3224 4254; x_wconf 89' lang='lat' dir='ltr'><strong>nulla</strong></span> <span class='ocrx_word' id='word_1_742' title='bbox 3267 4200 3513 4254; x_wconf 89' lang='lat' dir='ltr'><strong>oratione</strong></span> 
     </span>
    </p>
   </div>
   <div class='ocr_carea' id='block_1_105' title="bbox 1932 4293 3508 4362">
    <p class='ocr_par' dir='ltr' id='par_1_105' title="bbox 1932 4293 3508 4362">
     <span class='ocr_line' id='line_1_105' title="bbox 1932 4293 3508 4362; baseline 0.001 -16"><span class='ocrx_word' id='word_1_743' title='bbox 1932 4295 2016 4348; x_wconf 88' lang='lat' dir='ltr'><strong>vel</strong></span> <span class='ocrx_word' id='word_1_744' title='bbox 2065 4309 2258 4348; x_wconf 88' lang='lat' dir='ltr'><strong>manus</strong></span> <span class='ocrx_word' id='word_1_745' title='bbox 2304 4293 2650 4362; x_wconf 90' lang='lat' dir='ltr'><strong>impositione</strong></span> <span class='ocrx_word' id='word_1_746' title='bbox 2705 4301 3005 4357; x_wconf 90' lang='lat' dir='ltr'><strong>sacrentur,</strong></span> <span class='ocrx_word' id='word_1_747' title='bbox 3072 4293 3249 4348; x_wconf 86' lang='lat' dir='ltr'><strong>crucis</strong></span> <span class='ocrx_word' id='word_1_748' title='bbox 3295 4293 3508 4361; x_wconf 85' lang='lat' dir='ltr'><strong>signum</strong></span> 
     </span>
    </p>
   </div>
   <div class='ocr_carea' id='block_1_106' title="bbox 1932 4383 3510 4453">
    <p class='ocr_par' dir='ltr' id='par_1_106' title="bbox 1932 4383 3510 4453">
     <span class='ocr_line' id='line_1_106' title="bbox 1932 4383 3510 4453; baseline -0.001 -14"><span class='ocrx_word' id='word_1_749' title='bbox 1932 4385 2238 4452; x_wconf 91' lang='lat' dir='ltr'><strong>ubicunque</strong></span> <span class='ocrx_word' id='word_1_750' title='bbox 2301 4384 2565 4453; x_wconf 81' lang='lat' dir='ltr'><strong>ingeritur</strong></span> <span class='ocrx_word' id='word_1_751' title='bbox 2626 4383 2791 4438; x_wconf 88' lang='lat' dir='ltr'><strong>divini</strong></span> <span class='ocrx_word' id='word_1_752' title='bbox 2865 4384 3101 4438; x_wconf 89' lang='lat' dir='ltr'><strong>nominis</strong></span> <span class='ocrx_word' id='word_1_753' title='bbox 3170 4383 3510 4438; x_wconf 82' lang='lat' dir='ltr'><strong>invocatione</strong></span> 
     </span>
    </p>
   </div>
   <div class='ocr_carea' id='block_1_107' title="bbox 1936 4471 3512 4540">
    <p class='ocr_par' dir='ltr' id='par_1_107' title="bbox 1936 4471 3512 4540">
     <span class='ocr_line' id='line_1_107' title="bbox 1936 4471 3512 4540; baseline -0.002 -10"><span class='ocrx_word' id='word_1_754' title='bbox 1936 4473 2182 4537; x_wconf 81' lang='lat' dir='ltr'><strong>infertur,</strong></span> <span class='ocrx_word' id='word_1_755' title='bbox 2219 4482 2273 4527; x_wconf 90' lang='lat' dir='ltr'><strong>et</strong></span> <span class='ocrx_word' id='word_1_756' title='bbox 2305 4473 2430 4527; x_wconf 91' lang='lat' dir='ltr'><strong>dum</strong></span> <span class='ocrx_word' id='word_1_757' title='bbox 2464 4473 2545 4527; x_wconf 60' lang='lat' dir='ltr'><strong>hac</strong></span> <span class='ocrx_word' id='word_1_758' title='bbox 2577 4474 3039 4528; x_wconf 89' lang='lat' dir='ltr'><strong>consecrationem</strong></span> <span class='ocrx_word' id='word_1_759' title='bbox 3095 4471 3381 4540; x_wconf 87' lang='lat' dir='ltr'><strong>quamdam</strong></span> <span class='ocrx_word' id='word_1_760' title='bbox 3411 4487 3512 4527; x_wconf 89' lang='lat' dir='ltr'><strong>nec</strong></span> 
     </span>
    </p>
   </div>
   <div class='ocr_carea' id='block_1_108' title="bbox 1934 4555 3511 4635">
    <p class='ocr_par' dir='ltr' id='par_1_108' title="bbox 1934 4555 3511 4635">
     <span class='ocr_line' id='line_1_108' title="bbox 1934 4555 3511 4635; baseline -0.001 -14"><span class='ocrx_word' id='word_1_761' title='bbox 1934 4567 2170 4621; x_wconf 86' lang='lat' dir='ltr'><strong>habeant</strong></span> <span class='ocrx_word' id='word_1_762' title='bbox 2195 4582 2296 4621; x_wconf 91' lang='lat' dir='ltr'><strong>nec</strong></span> <span class='ocrx_word' id='word_1_763' title='bbox 2344 4567 2544 4622; x_wconf 88' lang='lat' dir='ltr'><strong>habere</strong></span> <span class='ocrx_word' id='word_1_764' title='bbox 2573 4555 2773 4635; x_wconf 88' lang='lat' dir='ltr'><strong>queant</strong></span> <span class='ocrx_word' id='word_1_765' title='bbox 2810 4582 2912 4620; x_wconf 89' lang='lat' dir='ltr'><strong>nec</strong></span> <span class='ocrx_word' id='word_1_766' title='bbox 2950 4565 3200 4631; x_wconf 88' lang='lat' dir='ltr'><strong>debeant,</strong></span> <span class='ocrx_word' id='word_1_767' title='bbox 3230 4562 3360 4618; x_wconf 92' lang='lat' dir='ltr'><strong>illud</strong></span> <span class='ocrx_word' id='word_1_768' title='bbox 3383 4577 3511 4620; x_wconf 85' lang='lat' dir='ltr'><strong>vero</strong></span> 
     </span>
    </p>
   </div>
   <div class='ocr_carea' id='block_1_109' title="bbox 1893 4656 3513 4726">
    <p class='ocr_par' dir='ltr' id='par_1_109' title="bbox 1893 4656 3513 4726">
     <span class='ocr_line' id='line_1_109' title="bbox 1893 4656 3513 4726; baseline -0.003 -14"><span class='ocrx_word' id='word_1_769' title='bbox 1893 4670 1896 4672; x_wconf 74' lang='lat'><em>‘</em></span> <span class='ocrx_word' id='word_1_770' title='bbox 1933 4659 2068 4712; x_wconf 90' lang='lat' dir='ltr'><strong>adeo</strong></span> <span class='ocrx_word' id='word_1_771' title='bbox 2098 4665 2180 4711; x_wconf 88' lang='lat' dir='ltr'><strong>est</strong></span> <span class='ocrx_word' id='word_1_772' title='bbox 2223 4673 2252 4710; x_wconf 89' lang='lat' dir='ltr'><strong>a</strong></span> <span class='ocrx_word' id='word_1_773' title='bbox 2282 4657 2622 4726; x_wconf 88' lang='lat' dir='ltr'><strong>redemptore</strong></span> <span class='ocrx_word' id='word_1_774' title='bbox 2657 4656 2840 4710; x_wconf 89' lang='lat' dir='ltr'><strong>mundi</strong></span> <span class='ocrx_word' id='word_1_775' title='bbox 2881 4661 3172 4719; x_wconf 88' lang='lat' dir='ltr'><strong>sacratum,</strong></span> <span class='ocrx_word' id='word_1_776' title='bbox 3203 4661 3262 4706; x_wconf 91' lang='lat' dir='ltr'><strong>ut</strong></span> <span class='ocrx_word' id='word_1_777' title='bbox 3291 4667 3400 4708; x_wconf 87' lang='lat' dir='ltr'><strong>non</strong></span> <span class='ocrx_word' id='word_1_778' title='bbox 3425 4668 3513 4707; x_wconf 85' lang='lat' dir='ltr'><strong>so-</strong></span> 
     </span>
    </p>
   </div>
   <div class='ocr_carea' id='block_1_110' title="bbox 1932 4743 3510 4818">
    <p class='ocr_par' dir='ltr' id='par_1_110' title="bbox 1932 4743 3510 4818">
     <span class='ocr_line' id='line_1_110' title="bbox 1932 4743 3510 4818; baseline -0.002 -16"><span class='ocrx_word' id='word_1_779' title='bbox 1932 4749 2042 4803; x_wconf 92' lang='lat' dir='ltr'><strong>lum</strong></span> <span class='ocrx_word' id='word_1_780' title='bbox 2090 4747 2389 4818; x_wconf 89' lang='lat' dir='ltr'><strong>cujuspiam</strong></span> <span class='ocrx_word' id='word_1_781' title='bbox 2437 4747 2842 4803; x_wconf 90' lang='lat' dir='ltr'><strong>consecratione</strong></span> <span class='ocrx_word' id='word_1_782' title='bbox 2885 4745 3156 4815; x_wconf 83' lang='lat' dir='ltr'><strong>indigeat,</strong></span> <span class='ocrx_word' id='word_1_783' title='bbox 3205 4745 3300 4799; x_wconf 90' lang='lat' dir='ltr'><strong>sed</strong></span> <span class='ocrx_word' id='word_1_784' title='bbox 3342 4743 3510 4799; x_wconf 87' lang='lat' dir='ltr'><strong>divini</strong></span> 
     </span>
    </p>
   </div>
   <div class='ocr_carea' id='block_1_111' title="bbox 1932 4824 3512 4908">
    <p class='ocr_par' dir='ltr' id='par_1_111' title="bbox 1932 4824 3512 4908">
     <span class='ocr_line' id='line_1_111' title="bbox 1932 4824 3512 4908; baseline -0.004 -12"><span class='ocrx_word' id='word_1_785' title='bbox 1932 4841 2167 4896; x_wconf 90' lang='lat' dir='ltr'><strong>nominis</strong></span> <span class='ocrx_word' id='word_1_786' title='bbox 2200 4841 2538 4896; x_wconf 90' lang='lat' dir='ltr'><strong>invocatione</strong></span> <span class='ocrx_word' id='word_1_787' title='bbox 2577 4839 2921 4894; x_wconf 88' lang='lat' dir='ltr'><strong>illatumalia</strong></span> <span class='ocrx_word' id='word_1_788' title='bbox 2963 4824 3190 4908; x_wconf 67' lang='lat' dir='ltr'><strong>quaeque</strong></span> <span class='ocrx_word' id='word_1_789' title='bbox 3228 4846 3512 4893; x_wconf 84' lang='lat' dir='ltr'><strong>consecret</strong></span> 
     </span>
    </p>
   </div>
   <div class='ocr_carea' id='block_1_112' title="bbox 1931 4929 3519 5000">
    <p class='ocr_par' dir='ltr' id='par_1_112' title="bbox 1931 4929 3519 5000">
     <span class='ocr_line' id='line_1_112' title="bbox 1931 4929 3519 5000; baseline -0.002 -13"><span class='ocrx_word' id='word_1_790' title='bbox 1931 4941 1986 4987; x_wconf 90' lang='lat' dir='ltr'><strong>et</strong></span> <span class='ocrx_word' id='word_1_791' title='bbox 2008 4933 2311 4988; x_wconf 89' lang='lat' dir='ltr'><strong>benedicat.</strong></span> <span class='ocrx_word' id='word_1_792' title='bbox 2352 4932 2521 4987; x_wconf 88' lang='lat' dir='ltr'><strong>Porro</strong></span> <span class='ocrx_word' id='word_1_793' title='bbox 2544 4932 2687 5000; x_wconf 91' lang='lat' dir='ltr'><strong>quod</strong></span> <span class='ocrx_word' id='word_1_794' title='bbox 2713 4932 2788 4984; x_wconf 90' lang='lat' dir='ltr'><strong>ait</strong></span> <span class='ocrx_word' id='word_1_795' title='bbox 2818 4948 2830 4983; x_wconf 86' lang='lat'><strong>:</strong></span> <span class='ocrx_word' id='word_1_796' title='bbox 2864 4929 3124 4985; x_wconf 83' lang='lat' dir='ltr'><strong>Similiter</strong></span> <span class='ocrx_word' id='word_1_797' title='bbox 3151 4940 3198 4984; x_wconf 84' lang='lat' dir='ltr'><strong>et</strong></span> <span class='ocrx_word' id='word_1_798' title='bbox 3233 4931 3519 5000; x_wconf 83' lang='lat' dir='ltr'><strong>imaginem</strong></span> 
     </span>
    </p>
   </div>
   <div class='ocr_carea' id='block_1_113' title="bbox 1930 5024 3520 5095">
    <p class='ocr_par' dir='ltr' id='par_1_113' title="bbox 1930 5024 3520 5095">
     <span class='ocr_line' id='line_1_113' title="bbox 1930 5024 3520 5095; baseline 0 -16"><span class='ocrx_word' id='word_1_799' title='bbox 1930 5042 2022 5095; x_wconf 87' lang='lat' dir='ltr'><strong>per</strong></span> <span class='ocrx_word' id='word_1_800' title='bbox 2049 5041 2235 5079; x_wconf 86' lang='lat' dir='ltr'><strong>nomen</strong></span> <span class='ocrx_word' id='word_1_801' title='bbox 2272 5024 2673 5095; x_wconf 80' lang='lat' dir='ltr'><strong>signiﬁcationis</strong></span> <span class='ocrx_word' id='word_1_802' title='bbox 2700 5025 2769 5077; x_wconf 90' lang='lat' dir='ltr'><strong>ad</strong></span> <span class='ocrx_word' id='word_1_803' title='bbox 2790 5026 3013 5095; x_wconf 86' lang='lat' dir='ltr'><strong>primam</strong></span> <span class='ocrx_word' id='word_1_804' title='bbox 3050 5027 3274 5084; x_wconf 80' lang='lat' dir='ltr'><strong>Iormam</strong></span> <span class='ocrx_word' id='word_1_805' title='bbox 3297 5024 3520 5079; x_wconf 80' lang='lat' dir='ltr'><strong>honoris</strong></span> 
     </span>
    </p>
   </div>
   <div class='ocr_carea' id='block_1_114' title="bbox 1930 5114 3519 5179">
    <p class='ocr_par' dir='ltr' id='par_1_114' title="bbox 1930 5114 3519 5179">
     <span class='ocr_line' id='line_1_114' title="bbox 1930 5114 3519 5179; baseline 0.001 -11"><span class='ocrx_word' id='word_1_806' title='bbox 1930 5115 2262 5179; x_wconf 84' lang='lat' dir='ltr'><strong>deducimus,</strong></span> <span class='ocrx_word' id='word_1_807' title='bbox 2305 5125 2351 5170; x_wconf 81' lang='lat' dir='ltr'><strong>et</strong></span> <span class='ocrx_word' id='word_1_808' title='bbox 2391 5114 2684 5169; x_wconf 81' lang='lat' dir='ltr'><strong>osculantes</strong></span> <span class='ocrx_word' id='word_1_809' title='bbox 2719 5133 2833 5170; x_wconf 86' lang='lat' dir='ltr'><strong>eam</strong></span> <span class='ocrx_word' id='word_1_810' title='bbox 2864 5125 2912 5170; x_wconf 85' lang='lat' dir='ltr'><strong>et</strong></span> <span class='ocrx_word' id='word_1_811' title='bbox 2945 5115 3322 5170; x_wconf 82' lang='lat' dir='ltr'><strong>honorabiliter</strong></span> <span class='ocrx_word' id='word_1_812' title='bbox 3351 5116 3519 5170; x_wconf 82' lang='lat' dir='ltr'><strong>Itono-</strong></span> 
     </span>
    </p>
   </div>
   <div class='ocr_carea' id='block_1_115' title="bbox 1932 5205 3513 5279">
    <p class='ocr_par' dir='ltr' id='par_1_115' title="bbox 1932 5205 3513 5279">
     <span class='ocr_line' id='line_1_115' title="bbox 1932 5205 3513 5279; baseline -0.001 -17"><span class='ocrx_word' id='word_1_813' title='bbox 1932 5220 2104 5264; x_wconf 85' lang='lat' dir='ltr'><strong>rantes</strong></span> <span class='ocrx_word' id='word_1_814' title='bbox 2154 5210 2465 5279; x_wconf 83' lang='lat' dir='ltr'><strong>accipiemus</strong></span> <span class='ocrx_word' id='word_1_815' title='bbox 2512 5207 3000 5276; x_wconf 78' lang='lat' dir='ltr'><strong>sanctiﬁcationcm,</strong></span> <span class='ocrx_word' id='word_1_816' title='bbox 3025 5219 3187 5274; x_wconf 88' lang='lat' dir='ltr'><strong>quam</strong></span> <span class='ocrx_word' id='word_1_817' title='bbox 3223 5205 3294 5260; x_wconf 82' lang='lat' dir='ltr'><strong>sit</strong></span> <span class='ocrx_word' id='word_1_818' title='bbox 3318 5207 3513 5264; x_wconf 80' lang='lat' dir='ltr'><strong>absur-</strong></span> 
     </span>
    </p>
   </div>
   <div class='ocr_carea' id='block_1_116' title="bbox 1932 5299 3511 5370">
    <p class='ocr_par' dir='ltr' id='par_1_116' title="bbox 1932 5299 3511 5370">
     <span class='ocr_line' id='line_1_116' title="bbox 1932 5299 3511 5370; baseline -0.001 -16"><span class='ocrx_word' id='word_1_819' title='bbox 1932 5301 2058 5355; x_wconf 91' lang='lat' dir='ltr'><strong>dum</strong></span> <span class='ocrx_word' id='word_1_820' title='bbox 2107 5316 2374 5370; x_wconf 88' lang='lat' dir='ltr'><strong>quamque</strong></span> <span class='ocrx_word' id='word_1_821' title='bbox 2436 5316 2466 5354; x_wconf 89' lang='lat' dir='ltr'><strong>a</strong></span> <span class='ocrx_word' id='word_1_822' title='bbox 2516 5301 2728 5355; x_wconf 88' lang='lat' dir='ltr'><strong>ratione</strong></span> <span class='ocrx_word' id='word_1_823' title='bbox 2786 5300 3020 5355; x_wconf 86' lang='lat' dir='ltr'><strong>alienum</strong></span> <span class='ocrx_word' id='word_1_824' title='bbox 3076 5299 3280 5370; x_wconf 88' lang='lat' dir='ltr'><strong>liquido</strong></span> <span class='ocrx_word' id='word_1_825' title='bbox 3342 5307 3511 5370; x_wconf 83' lang='lat' dir='ltr'><strong>patet.</strong></span> 
     </span>
    </p>
   </div>
   <div class='ocr_carea' id='block_1_117' title="bbox 1933 5390 3513 5462">
    <p class='ocr_par' dir='ltr' id='par_1_117' title="bbox 1933 5390 3513 5462">
     <span class='ocr_line' id='line_1_117' title="bbox 1933 5390 3513 5462; baseline -0.001 -17"><span class='ocrx_word' id='word_1_826' title='bbox 1933 5393 2078 5446; x_wconf 80' lang='lat' dir='ltr'><strong>Dixit</strong></span> <span class='ocrx_word' id='word_1_827' title='bbox 2106 5392 2271 5455; x_wconf 92' lang='lat' dir='ltr'><strong>enim,</strong></span> <span class='ocrx_word' id='word_1_828' title='bbox 2305 5391 2725 5462; x_wconf 14' lang='lat' dir='ltr'><strong>imaginemlper</strong></span> <span class='ocrx_word' id='word_1_829' title='bbox 2760 5405 2955 5446; x_wconf 89' lang='lat' dir='ltr'><strong>nomen</strong></span> <span class='ocrx_word' id='word_1_830' title='bbox 3002 5390 3414 5462; x_wconf 88' lang='lat' dir='ltr'><strong>signiﬁcationis</strong></span> <span class='ocrx_word' id='word_1_831' title='bbox 3445 5391 3513 5444; x_wconf 90' lang='lat' dir='ltr'><strong>ad</strong></span> 
     </span>
    </p>
   </div>
   <div class='ocr_carea' id='block_1_118' title="bbox 1932 5479 3514 5554">
    <p class='ocr_par' dir='ltr' id='par_1_118' title="bbox 1932 5479 3514 5554">
     <span class='ocr_line' id='line_1_118' title="bbox 1932 5479 3514 5554; baseline -0.001 -16"><span class='ocrx_word' id='word_1_832' title='bbox 1932 5485 2118 5554; x_wconf 83' lang='lat' dir='ltr'><strong>primae</strong></span> <span class='ocrx_word' id='word_1_833' title='bbox 2154 5483 2341 5538; x_wconf 74' lang='lat' dir='ltr'><strong>forma:</strong></span> <span class='ocrx_word' id='word_1_834' title='bbox 2381 5484 2662 5549; x_wconf 90' lang='lat' dir='ltr'><strong>honorem,</strong></span> <span class='ocrx_word' id='word_1_835' title='bbox 2707 5483 2760 5538; x_wconf 90' lang='lat' dir='ltr'><strong>id</strong></span> <span class='ocrx_word' id='word_1_836' title='bbox 2799 5490 2901 5550; x_wconf 89' lang='lat' dir='ltr'><strong>est,</strong></span> <span class='ocrx_word' id='word_1_837' title='bbox 2948 5483 3018 5537; x_wconf 89' lang='lat' dir='ltr'><strong>ad</strong></span> <span class='ocrx_word' id='word_1_838' title='bbox 3055 5483 3252 5548; x_wconf 88' lang='lat' dir='ltr'><strong>sancti,</strong></span> <span class='ocrx_word' id='word_1_839' title='bbox 3279 5483 3331 5536; x_wconf 92' lang='lat' dir='ltr'><strong>in</strong></span> <span class='ocrx_word' id='word_1_840' title='bbox 3361 5479 3514 5550; x_wconf 85' lang='lat' dir='ltr'><strong>cujus</strong></span> 
     </span>
    </p>
   </div>
   <div class='ocr_carea' id='block_1_119' title="bbox 1932 5572 3508 5643">
    <p class='ocr_par' dir='ltr' id='par_1_119' title="bbox 1932 5572 3508 5643">
     <span class='ocr_line' id='line_1_119' title="bbox 1932 5572 3508 5643; baseline -0.001 -17"><span class='ocrx_word' id='word_1_841' title='bbox 1932 5572 2150 5628; x_wconf 91' lang='lat' dir='ltr'><strong>nomine</strong></span> <span class='ocrx_word' id='word_1_842' title='bbox 2189 5573 2577 5642; x_wconf 56' lang='lat' dir='ltr'><strong>praetitnlatur,‘</strong></span> <span class='ocrx_word' id='word_1_843' title='bbox 2619 5573 3022 5630; x_wconf 88' lang='lat' dir='ltr'><strong>venerationem</strong></span> <span class='ocrx_word' id='word_1_844' title='bbox 3082 5587 3242 5643; x_wconf 84' lang='lat' dir='ltr'><strong>posse</strong></span> <span class='ocrx_word' id='word_1_845' title='bbox 3286 5573 3508 5628; x_wconf 85' lang='lat' dir='ltr'><strong>deduci:</strong></span> 
     </span>
    </p>
   </div>
   <div class='ocr_carea' id='block_1_120' title="bbox 1932 5664 3512 5738">
    <p class='ocr_par' dir='ltr' id='par_1_120' title="bbox 1932 5664 3512 5738">
     <span class='ocr_line' id='line_1_120' title="bbox 1932 5664 3512 5738; baseline 0.003 -24"><span class='ocrx_word' id='word_1_846' title='bbox 1932 5665 2073 5736; x_wconf 75' lang='lat' dir='ltr'><strong>quod</strong></span> <span class='ocrx_word' id='word_1_847' title='bbox 2102 5665 2215 5721; x_wconf 83' lang='lat' dir='ltr'><strong>ﬁeri</strong></span> <span class='ocrx_word' id='word_1_848' title='bbox 2251 5680 2408 5738; x_wconf 86' lang='lat' dir='ltr'><strong>posse</strong></span> <span class='ocrx_word' id='word_1_849' title='bbox 2433 5664 2634 5721; x_wconf 89' lang='lat' dir='ltr'><strong>nullius</strong></span> <span class='ocrx_word' id='word_1_850' title='bbox 2671 5666 2897 5724; x_wconf 90' lang='lat' dir='ltr'><strong>rationis</strong></span> <span class='ocrx_word' id='word_1_851' title='bbox 2927 5667 3143 5723; x_wconf 88' lang='lat' dir='ltr'><strong>indiciis</strong></span> <span class='ocrx_word' id='word_1_852' title='bbox 3173 5666 3512 5722; x_wconf 83' lang='lat' dir='ltr'><strong>evidentibus</strong></span> 
     </span>
    </p>
   </div>
  </div>
