4016 6292
544 264 678 325 i2i9

1390 257 1450 319 Β.
1491 262 1739 321 CAROIJ
1785 257 1999 320 MAGNI
2040 261 2191 318 OPP.
2224 259 2402 318 PARS
2425 257 2487 318 li.
2534 256 2772 320 SECTIO
2803 262 2863 318 ll.

3659 263 3787 319 Im

541 387 717 456 potest
738 380 1044 451 approbari.
1087 379 1146 435 Si
1166 378 1404 434 nominis
1433 379 1805 435 tantummodo
1826 377 2106 446 inscriptio
2136 382 2181 440 Α
2207 392 2330 431 mur
2353 390 2471 431 eam
2492 384 2547 432 et
2558 374 2956 433 honorabiliter
2978 374 3285 441 adoramus,
3306 374 3789 431 sanctiﬁcationem

542 489 635 529 eas
675 472 743 527 ad
784 471 1097 526 eorumdcm
1136 476 1446 525 sanctorum
1497 482 1726 537 quorum
1767 466 1986 523 nomina
2027 481 2119 521 su—

540 564 974 635 perscribuntur,
1008 560 1266 615 honorem
1295 559 1531 624 deducit,
1571 573 1700 628 ergo
1726 558 1981 627 quaelibet
2008 571 2115 621 res,

541 653 628 707 cui
659 650 833 707 sancti
868 648 1147 717 cujusdam
1188 662 1384 703 nomen
1425 646 1859 715 superscribitur,
1887 645 1954 699 ad
1978 642 2119 711 ejus-

540 743 662 798 dem
695 741 865 807 sancti
890 741 1149 794 honorem
1176 738 1509 793 conscendit.
1533 736 1675 807 Ergo
1696 735 1922 805 lapides,
1953 735 2115 803 ligna,

541 843 738 898 vestes,
769 834 881 888 sive
927 829 1181 884 animalia
1219 829 1462 898 quaedam
1500 827 1857 896 quorumdam
1905 833 2119 880 sancto-

541 938 662 977 rum
695 920 1001 976 nominibus
1044 916 1430 988 snperscripta,
1473 916 1541 971 ad
1563 915 1874 969 eorumdem
1906 922 2119 968 sancto-

544 1029 665 1069 rum
713 1015 974 1069 honorem
1024 1016 1325 1074 transeunt,
1379 1022 1608 1078 quorum
1646 1012 1770 1061 sunt
1812 1004 2121 1060 nominibus

542 1110 867 1174 praenotata;
900 1108 956 1157 et
985 1101 1031 1156 si
1064 1100 1283 1156 nomina
1311 1098 1671 1169 superscripta
1699 1097 1814 1151 haec
1842 1110 1963 1164 qua:
1988 1111 2120 1153 enu-

543 1193 869 1252 meravimus
893 1193 961 1246 ad
988 1205 1175 1245 eorum
1203 1203 1433 1258 quorum
1457 1187 1677 1242 nomina
1705 1193 1830 1240 sunt
1856 1185 2119 1240 honorem

542 1285 837 1356 perducere
875 1280 1098 1337 minime
1134 1286 1357 1349 queunt,
1389 1291 1490 1332 nec
1528 1276 1650 1333 illas
1681 1290 1899 1345 quoque
1945 1274 2121 1329 nomi-

542 1389 672 1430 num
723 1373 1105 1443 inscriptiones
1130 1372 1199 1426 ad
1223 1380 1535 1426 sanctorum
1570 1370 1833 1424 honorem
1859 1369 2121 1437 quodam-

514 1520 519 1523 .
544 1464 700 1518 modo
721 1463 1045 1532 perducunt,
1062 1470 1121 1516 et
1140 1461 1186 1516 si
1222 1461 1367 1516 istud
1389 1459 1641 1529 prudenti
1679 1458 2121 1514 consideratione

516 1553 826 1617 abnuitur,
853 1559 911 1606 et
938 1551 1069 1606 illud
1091 1549 1276 1607 solerti
1300 1549 1626 1618 indigatioue
1669 1547 1937 1615 abjicitur.
1980 1545 2122 1603 Oile-

2215 467 2284 522 ab
2309 482 2372 522 ea
2400 468 2643 536 accipere
2678 466 2975 536 cupientes,
3007 482 3168 537 quam
3212 484 3313 524 nec
3351 468 3441 521 illa
3478 468 3667 530 habet,
3702 484 3790 523 nec

2215 558 2371 613 nobis
2412 557 2688 628 impertire
2716 559 2875 613 valet.
2909 557 3119 625 Quanto
3148 574 3277 630 ergo
3315 567 3494 630 potest
3543 575 3692 616 caeco
3721 559 3791 631 iu-

2216 661 2340 701 men
2376 647 2620 714 reddere,
2669 664 2794 704 cum
2838 649 2954 719 ipsa
2988 666 3097 704 non
3145 650 3354 716 videat;
3401 650 3593 705 odoris
3638 665 3792 708 sensu

2217 743 2424 796 carenti
2471 743 2722 810 odorem,
2773 760 2896 799 cum
2952 745 3066 814 ipsa
3110 747 3298 801 eodem
3352 762 3521 801 sensu
3583 759 3789 812 careat;

2216 832 2380 887 surdo
2407 833 2683 898 auditum,
2727 849 2848 889 cum
2885 850 2992 890 non
3035 836 3244 901 audiat;
3296 838 3790 907 muto.eloquium,

2216 934 2337 975 cum
2368 920 2481 989 ipsa
2504 938 2611 976 non
2639 922 2917 993 loquatur;
2948 925 3111 981 debili
3139 928 3388 983 manibus
3412 935 3646 993 tactum,
3676 945 3791 985 uim

2216 1008 2331 1078 ipsa
2370 1010 2502 1064 nihil
2542 1012 2766 1082 palpare
2808 1024 2997 1085 queat;
3041 1017 3231 1073 claudo
3253 1034 3527 1089 gressum,
3559 1034 3671 1090 quo
3706 1021 3797 1077 illa

2214 1101 2430 1167 penitus
2468 1112 2646 1170 caret;
2695 1114 2908 1161 mortuo
2934 1108 3122 1174 vitam,
3160 1125 3283 1164 cum
3320 1110 3439 1180 ipsa
3479 1127 3591 1167 non
3624 1112 3794 1168 vivat:

2219 1200 2367 1246 tanto
2410 1193 2760 1250 nihilominus
2812 1196 2968 1252 nobis
3017 1198 3499 1271 sanctiﬁcationcm
3550 1201 3798 1271 ingerere

2219 1281 2378 1349 valet,
2394 1298 2498 1353 qua
2523 1285 2637 1354 ipsa
2661 1287 2877 1356 penitus
2898 1298 3066 1344 caret.
3081 1290 3138 1343 in
3163 1306 3330 1361 parvo
3353 1270 3481 1348 vero
3505 1270 3795 1359 commate,

2217 1372 2359 1442 quod
2402 1386 2665 1444 superest,
2704 1394 2811 1433 non
2839 1389 2921 1435 est
2964 1381 3166 1455 diutius
3210 1382 3624 1459 immorandum,
3669 1402 3800 1457 quo-

2216 1462 2364 1517 niam
2402 1479 2542 1534 pene
2582 1472 2752 1521 totum
2798 1468 2851 1535 in
2894 1471 3265 1543 superioribus
3314 1476 3681 1531 commatibus
3708 1492 3801 1551 per

2216 1564 2400 1624 partes
2438 1555 2669 1633 videtur;
2696 1574 2815 1613 esse
2866 1575 3190 1616 connexum.
3236 1563 3327 1617 Ait
3355 1548 3497 1633 enim
3528 1584 3541 1618 :
3575 1548 3731 1635 Nam
3761 1578 3801 1622 et

543 1650 737 1698 runtur
773 1641 993 1697 cuilibet
1021 1654 1206 1695 eorum
1240 1638 1334 1707 qui
1371 1637 1632 1707 imagines
1672 1637 1916 1700 adorant,
1970 1636 2119 1723 verbi
2148 1717 2193 1727 _‘
2219 1659 2373 1717 sacra
2404 1645 2607 1700 diversa
2633 1664 2755 1701 vasa
2782 1648 3027 1706 habentes
3049 1652 3144 1707 has
3170 1638 3468 1725 osculamur
3507 1666 3555 1710 ct
3597 1644 3798 1727 ample-

541 1734 736 1805 gratia,
752 1733 981 1788 duarum
1016 1730 1338 1789 fenlinal‘um
1359 1728 1704 1797 pulchrarum
1733 1718 2119 1797 imagines‘su-
2145 1717 2194 1777 Β
2224 1736 2415 1811 ειξηιιινν
2452 1748 2499 1791 et
2531 1741 2996 1808 sanctiﬁcationem
3034 1722 3314 1813 quamdam
3352 1763 3644 1816 speramus.
3687 1717 3800 1802 I'Von

536 1824 932 1897 perscriptione
953 1829 1220 1885 carentes,
1235 1836 1372 1889 quas
1390 1820 1478 1875 ille
1499 1820 1893 1889 parvipeudcns
1915 1817 2116 1888 abiicit,

538 1918 893 1987 abjectasque
913 1909 1153 1985 quolibet
1194 1913 1251 1968 in
1299 1913 1419 1967 loco
1441 1910 1625 1979 jacere
1661 1904 2122 1979 permittit,,di¢it

546 2007 625 2062 illi
659 2006 827 2077 quis:
885 2004 1003 2060 Una
1053 2003 1268 2059 illarum
1319 2008 1519 2057 sanctae
1560 1999 1743 2055 Mariae
1789 2000 1965 2070 imago
2014 2007 2117 2065 est,

547 2097 710 2167 abjici
757 2111 863 2151 non
889 2095 1080 2158 debet;
1128 2092 1299 2147 altera
1326 2091 1563 2154 Veneris,
1592 2106 1710 2159 quae
1733 2090 1953 2147 omnino
1981 2087 2119 2158 abji-

543 2188 735 2245 cienda
756 2195 861 2251 est,
899 2186 1063 2239 vertit
1104 2199 1163 2239 se
1209 2183 1278 2238 ad
1318 2182 1581 2252 pictorem
1631 2197 1881 2251 quaerens
1925 2183 1993 2237 ab
2032 2197 2116 2245 eo.

543 2275 666 2343 quia
702 2276 757 2329 in
782 2274 1032 2329 omnibus
1055 2271 1341 2328 simillimae
1369 2279 1512 2337 sunt,
1536 2287 1654 2340 qua:
1682 2271 1894 2326 illarum
1920 2279 2119 2326 sanctis

542 2367 723 2421 Mariae
778 2367 956 2436 imago
1010 2366 1100 2430 sit,
1145 2363 1230 2419 vel
1277 2379 1397 2433 quae
1420 2363 1676 2418 Veneris?
1721 2362 1814 2418 llle
1856 2363 1981 2419 huic
2026 2361 2119 2417 dat

530 2455 1053 2525 superseriptionem
1081 2463 1283 2510 sanctte
1304 2453 1503 2518 Marte,
1537 2453 1614 2508 illi
1642 2468 1770 2508 vero
1810 2452 2115 2523 superscri‘

538 2549 779 2619 ptiunem
821 2547 1045 2603 Veneris
1085 2564 1100 2599 :
1140 2545 1245 2601 ista
1284 2545 1411 2614 quia
1461 2544 1976 2613 superscriptionem
2022 2544 2117 2599 Dei

520 2639 818 2707 genitricis
844 2639 1027 2703 habet,
1070 2638 1315 2708 erigitur,
1346 2638 1658 2703 honoratur,
1689 2636 1991 2702 osculatur;
2027 2636 2116 2691 illa

542 2731 670 2801 quia
714 2731 1118 2802 inscriptionem
1145 2731 1370 2786 Veneris
1389 2729 1579 2787 Encas
1603 2727 1880 2797 cujusdam
1902 2726 2116 2799 profugi

543 2823 822 2894 genitricis
845 2823 1027 2887 habet,
1051 2822 1321 2893 dejicitur,
1360 2822 1740 2891 exprobratur,
1766 2830 2110 2887 exsecratur;

542 2913 661 2983 pari
693 2922 935 2982 utraeque
964 2922 1090 2968 sunt
1119 2912 1312 2984 ﬁgura,
1358 2913 1579 2983 paribus
1623 2911 1916 2978 coloribus,
1960 2912 2114 2981 pari-

540 3004 750 3074 husque
789 3002 946 3059 facite
983 3003 1244 3069 materiis,
1294 3003 1751 3073 superscriptione
1795 3011 2007 3059 tantum
2034 3003 2116 3058 di-

540 3101 707 3147 stant.
757 3093 913 3148 Dieat
951 3093 1104 3159 mihi,
1126 3109 1329 3163 quaeso,
1359 3094 1686 3165 Epiphanius
1719 3094 1995 3162 diaconus,
2022 3096 2116 3165 qui

540 3183 917 3257 peg.,nominis
965 3183 1369 3253 inscriptionem
1428 3184 1692 3256 imagines
1739 3184 1808 3241 ad
1854 3185 2117 3241 honorem

538 3274 728 3350 prima:
769 3276 960 3330 lorma:
986 3274 1177 3330 deduci
1209 3289 1371 3344 posse
1404 3275 1561 3341 dixit,
1582 3276 1677 3331 ubi
1700 3276 1816 3332 haec
1854 3275 2115 3332 sanctitas

537 3362 697 3434 hujus
716 3374 1012 3435 antequam
1038 3366 1528 3437 superscriberetur
1555 3366 1690 3422 fuit?
1718 3366 1802 3423 vel
1847 3367 1938 3424 ubi
1971 3367 2114 3423 illius

537 3452 883 3524 exprobratio
955 3454 1270 3524 priusquam
1326 3456 1819 3526 superscriberetur
1869 3457 2114 3512 exstitit?

538 3544 937 3617 Superscriptio
989 3546 1170 3616 itaque
1192 3587 1208 3612 ,
1265 3562 1385 3618 qua:
1428 3547 1755 3618 imaginibus
1798 3548 1908 3604 indi
1954 3549 2109 3615 solet,

537 3638 832 3693 secundum
880 3651 1087 3693 morem
1129 3636 1455 3705 litterarum,
1478 3639 1675 3708 quibus
1718 3646 1870 3694 tanta
1896 3639 1980 3695 vis
2007 3647 2106 3705 est,

535 3738 597 3785 ut
619 3731 780 3785 tacite
794 3729 1104 3801 loquantur,
1127 3736 1182 3784 et
1203 3744 1588 3800 nonnunquam
1613 3730 1755 3786 dicta
1785 3731 2106 3795 absentium,

536 3833 922 3891 nonnunquam
952 3831 1081 3872 vero
1108 3817 1453 3887 praesentium
1485 3819 1604 3875 sine
1630 3833 1763 3876 voce
1788 3819 2107 3886 edisseram,

534 3906 784 3964 notitiam
829 3906 1031 3962 inferre
1056 3906 1219 3972 valet,
1260 3907 1369 3964 illis
1391 3924 1521 3964 vero
1564 3908 1894 3979 imaginibus
1914 3909 2111 3978 quibus

534 3995 760 4061 inditur,
789 3997 1269 4054 sanctiﬁcationem
1309 3998 1566 4055 exhibere
1605 4015 1710 4055 non
1737 4007 1936 4069 potest.
1977 3997 2112 4054 San-

531 4086 790 4142 ctiﬁcatio
824 4087 969 4142 enim
1014 4088 1371 4145 rationalibus
1398 4090 1662 4145 creaturis
1694 4091 1958 4145 bonorum
1982 4104 2111 4158 ope-

534 4192 655 4232 rum
680 4176 1009 4232 exhibitione
1034 4186 1089 4232 et
1116 4178 1431 4232 meritorum
1465 4179 1840 4249 prterogativis
1867 4179 2109 4234 concedi-

531 4278 651 4336 tur;
695 4270 857 4325 rebus
894 4283 1024 4323 vero
1062 4268 1467 4326 irrationalibus
1506 4277 1562 4326 et
1586 4284 1749 4325 sensu
1772 4272 2103 4338 carentibus,

2220 1828 2362 1909 enim
2395 1829 2461 1884 ad
2484 1829 2731 1887 homines
2754 1847 2853 1903 per
2879 1850 3029 1899 vasa,
3058 1834 3153 1891 sed
3181 1838 3246 1895 ad
3277 1852 3402 1891 vasa
3424 1853 3523 1909 per
3547 1838 3801 1903 homines

2178 1978 2184 1984 _
2220 1907 2385 1993 divini
2408 1912 2642 1978 nominis
2664 1922 3001 2005 invocatione
3025 1934 3081 2003 et
3110 1941 3383 1992 sacrorum
3410 1907 3800 2017 mysteriorm

2220 2009 2580 2091 celebratione
2621 2012 2978 2083 sanctiﬁcatio
3012 2012 3319 2082 venit;nec
3347 2017 3488 2095 vasis

2210 2102 2559 2175 _co_:equan‘d:e
2584 2112 2729 2170 sunt,
2758 2106 3011 2177 quoniam
3040 2108 3097 2162 in
3123 2109 3289 2173 vasis,
3318 2125 3424 2165 non
3454 2111 3511 2164 in
3546 2111 3801 2184 imagini-

2218 2192 2339 2258 bus,
2368 2193 2476 2249 Deo
2517 2193 2843 2251 sacriﬁcium
2888 2196 3131 2252 oii'ertur.
3160 2196 3296 2252 Nam
3326 2200 3370 2255 si
3414 2217 3443 2255 a
3475 2202 3649 2267 vasis,
3685 2219 3800 2273 qu:

2217 2284 2401 2354 utique
2450 2286 2785 2341 sanctiﬁcata
2834 2296 2989 2355 sunt,
3060 2288 3366 2345 hominibus
3413 2292 3798 2358 sanctiﬁcatio,

2218 2383 2277 2430 ut
2304 2375 2557 2443 diximus,
2582 2376 3146 2447 minimeimpertitur,
3176 2379 3523 2435 multominus
3556 2382 3631 2436 ab
3668 2384 3802 2437 ima-

2208 2465 2431 2543 ginibus
2453 2466 2810 2535 impertietur,
2838 2482 2957 2537 qua:
2981 2482 3082 2523 nec
3104 2467 3441 2526 sanctiﬁcare
3467 2486 3571 2527 nec
3595 2473 3804 2528 sancti-

2216 2554 2368 2623 ﬁcari
2395 2564 2641 2627 possunt.

2789 2646 3016 2705 CAPUT
3053 2647 3214 2706 XVI-1.

2218 2737 2725 2814 Ridiculosissimunt
2764 2740 3275 2814 dictum'Epiphanit
3300 2742 3728 2814 reprehenditur,
3753 2746 3803 2800 ξι

2395 2825 2455 2862 eo
2483 2810 2621 2880 quod
2658 2812 2734 2864 ait
2754 2825 2773 2864 :
2798 2810 2878 2864 Ex
2901 2810 3123 2880 prOprio
3156 2810 3364 2868 ventre
3380 2813 3611 2869 locutus.

2286 2900 2441 2967 Quod
2466 2902 2520 2956 iu
2546 2902 2733 2957 eadem
2758 2903 2965 2974 synodo
2985 2903 3246 2960 scribitur
3268 2919 3335 2961 eo
3366 2906 3513 2976 quod
3536 2907 3803 2976 praefatus

2220 2988 2551 3076 Epiphanius
2575 2992 2640 3047 de
2661 2995 2891 3062 quodam
2924 2994 3079 3061 dixit,
3105 2995 3191 3051 Ea:
3222 2997 3432 3068 proprio
3456 3009 3638 3054 ventre
3664 3000 3802 3054 locu-

2139 3061 2188 3125 ο
2217 3061 2335 3147 ηιξ
2349 3096 2654 3154 quanquam
2678 3061 2846 3140 rebus
2871 3086 2938 3141 ad
2966 3086 3125 3141 iidem
3150 3061 3544 3156 pertinentibus
3588 3090 3803 3147 nullum

2215 3169 2403 3227 alerat
2420 3172 2809 3243 prmjudicium,
2831 3186 2885 3230 et
2907 3176 3034 3231 huic
3054 3177 3269 3248 negotio
3287 3178 3353 3233 de
3370 3192 3479 3249 quo
3504 3193 3697 3237 sermo
3724 3192 3804 3238 est

2214 3277 2316 3318 nec
2338 3263 2632 3335 quidquam
2666 3265 2752 3321 vel
2778 3266 2981 3337 irroget
3012 3267 3100 3332 vel
3122 3268 3359 3336 deroget,
3383 3268 3508 3324 ideo
3549 3279 3743 3327 tamen
3772 3287 3803 3325 ι

2213 3354 2371 3409 nobis
2394 3369 2500 3411 non
2525 3363 2607 3411 est
2627 3356 3072 3425 praetermissum,
3087 3357 3341 3427 quoniam
3359 3359 3642 3415 indoctum
3668 3363 3803 3431 quid

2212 3451 2370 3498 sonat
2389 3450 2444 3501 et
2468 3443 2760 3511 insulsum,
2781 3455 2836 3501 et
2860 3445 2987 3517 quia
3018 3461 3119 3502 nec
3150 3446 3348 3503 debent
3376 3463 3477 3503 nec
3512 3457 3751 3520 possunt
3772 3466 3803 3505 ι

2212 3536 2305 3592 tali
2330 3536 2599 3609 scriptura
2628 3553 2783 3595 novae
2810 3538 3063 3609 quaelibet
3098 3540 3512 3595 constitutiones
3541 3540 3803 3597 Ecclesiae

2209 3628 2515 3699 prorogari,
2542 3643 2662 3698 qua:
2694 3636 2774 3684 tot
2811 3630 2986 3686 modis
3024 3636 3201 3700 potest
3229 3629 3576 3700 reprehendi.
3621 3630 3801 3687 Omne

2210 3722 2357 3777 enim
2393 3720 2537 3791 quod
2571 3720 3045 3791 irreprehensibile
3080 3731 3179 3787 est,
3215 3723 3321 3778 hoc
3362 3723 3561 3793 recipit
3605 3735 3799 3782 saneta

2210 3811 2475 3867 catholica
2502 3810 2773 3878 Ecclesia;
2832 3810 2977 3882 quod
3004 3822 3184 3868 autem
3215 3813 3270 3867 in
3320 3813 3572 3884 pluribus
3612 3829 3798 3885 repre-

2208 3901 2481 3967 henditur,
2512 3902 2616 3957 hoc
2652 3903 2721 3957 ab
2755 3902 3124 3958 ecclesiastico
3173 3902 3426 3974 dogmate
3476 3904 3794 3960 abdicatur.

2209 3990 2320 4048 Nec
2344 3992 2502 4048 debet
2536 3992 2679 4048 illius
2725 3992 2972 4049 lectionis
3017 4009 3136 4064 quae
3187 3993 3706 4064 reprehensionibus
3742 4006 3799 4051 et

2208 4084 2405 4139 talibus
2431 4084 2589 4156 nugis
2609 4093 2693 4140 est
2719 4084 2876 4155 plena
2892 4125 2907 4150 ,
2933 4085 3000 4141 de
3028 4084 3315 4142 adorandis
3339 4085 3673 4157 imaginibus
3698 4086 3799 4141 ob-

2207 4177 2412 4232 servari
2438 4192 2684 4233 censura.
2713 4178 2975 4234 Dixerunt
3010 4192 3202 4248 nempe
3227 4178 3517 4248 quemdam
3555 4193 3624 4233 ex
3667 4192 3799 4248 pro-

2204 4269 2324 4338 prio
2340 4278 2526 4324 ventre
2554 4268 2811 4325 locutum.
2829 4269 2982 4337 Quod
3006 4270 3210 4327 dictum
3230 4285 3336 4325 non
3357 4267 3536 4326 solum
3561 4286 3592 4324 a
3616 4270 3795 4325 doctis

531 4368 717 4433 utpote
741 4367 867 4416 sunt
892 4375 1019 4416 vasa
1059 4359 1258 4415 divinis
1284 4360 1516 4418 cultibus
1555 4362 1880 4434 mancipata,
1925 4372 1982 4418 et
2018 4365 2104 4420 his
2134 4411 2182 4434 η
2207 4372 2396 4412 verum
2444 4358 2608 4414 etiam
2653 4358 2721 4413 ab
2758 4358 2987 4414 indoctis
3025 4358 3246 4413 auribus
3277 4357 3577 4427 Γεδρυίῑυΐν
3601 4366 3659 4412 ει
3698 4372 3795 4413 *θ’

527 4411 729 4508 est;
742 4411 864 4507 ἶπῖιὲ
894 4411 2105 4521 si;sagggioiaigisztgi“sane;
2134 4411 2185 4474 υ
2207 4411 2773 4519 insanandus
2791 4411 3201 4505 sisennae
3221 4411 3501 4505 sicut};
3523 4411 3605 4505 ἐκ
3625 4411 3792 4506 ω

527 4542 940 4599 consecratione
974 4548 1028 4596 et
1054 4540 1219 4596 divini
1248 4541 1481 4597 nominis
1501 4543 1839 4600 invocatione
1870 4544 2099 4601 accedit.

528 4633 609 4689 Ac
634 4648 733 4703 per
750 4633 853 4687 hoc
876 4632 1113 4688 evidenti
1131 4630 1343 4687 ratione
1373 4641 1725 4699 monstratur,
1749 4634 1948 4688 nullam
1975 4634 2105 4688 ima-

527 4727 748 4796 ginibus
776 4726 1038 4782 inhaerere
1062 4740 1221 4797 posse
1253 4727 1734 4784 sanctiﬁcationem
1754 4740 1852 4797 per
1877 4728 2105 4798 quamli-

526 4819 621 4875 bet
653 4816 1197 4888 superscriptionem,
1230 4819 1483 4889 quoniam
1510 4818 1613 4873 ista
1652 4834 1772 4888 qua:
1814 4819 1985 4874 beatae
2006 4819 2101 4873 Dei

527 4910 809 4982 genitricis
844 4909 1025 4964 Mariae
1061 4909 1574 4979 superscriptionem
1620 4910 1863 4974 sortitur,
1896 4918 1951 4964 et
1981 4924 2101 4979 quae

525 5001 799 5071 quondam
824 5000 1223 5068 despicabiliter
1257 4998 1464 5068 abjecta
1483 4998 1675 5067 iacuit,
1702 5014 1847 5054 nunc
1870 5013 2098 5053 venera-

527 5089 710 5146 biliter
756 5092 1071 5157 adornatur,
1119 5098 1380 5160 quantum
1424 5089 1592 5147 valuit
1643 5091 2100 5160 contemptoribus

524 5183 639 5236 suis
666 5189 845 5251 spreta
867 5179 1059 5250 iacens
1087 5183 1296 5249 obesse,
1340 5189 1545 5239 tantum
1581 5184 1930 5239 nihilominus
1954 5185 2098 5240 valet

523 5270 824 5326 cultoribus
864 5272 980 5328 suis
1020 5280 1199 5327 erecta
1244 5281 1299 5328 et
1339 5272 1561 5329 adorata
1599 5272 1872 5343 prodesse,
1913 5284 1967 5329 et
2005 5275 2095 5329 illa

521 5367 784 5427 quantum
809 5370 992 5430 posset
1029 5359 1220 5431 iuvare
1248 5365 1293 5419 si
1321 5366 1637 5435 erigeretur,
1682 5373 1889 5421 tantum
1916 5374 2094 5436 potest

524 5441 717 5500 indere
744 5462 864 5502 cum
897 5452 1193 5518 spernitur.
1227 5452 1377 5520 Quod
1409 5470 1537 5509 vero
1563 5455 1674 5509 ait:
1703 5454 1771 5509 Et
1798 5457 2092 5512 osculantes

522 5552 636 5589 eam
661 5547 708 5590 et
733 5538 1107 5596 honorabiliter
1136 5543 1415 5600 adorantes
1450 5546 1762 5616 accipiemus
1795 5548 2093 5617 sanctiﬁca-

520 5625 731 5695 tionem,
762 5636 970 5685 tantum
994 5633 1197 5690 valeret
1235 5643 1491 5706 quantum
1528 5636 1572 5692 si
1600 5636 1809 5693 diceret
1833 5656 1845 5692 :
1871 5637 2089 5695 Oscula-

2204 4540 2347 4595 enim
2374 4553 2458 4605 ea,
2487 4555 2608 4609 quae
2630 4554 2784 4594 mens
2807 4540 3051 4610 concepit
3081 4540 3262 4610 lingua
3314 4540 3615 4611 interprete
3658 4555 3789 4611 pro-

2202 4632 2496 4699 ducuntur;
2521 4644 2588 4686 cx
2614 4639 2802 4687 ventre
2822 4647 2887 4687 ea
2907 4631 3357 4713 administrantur
3375 4649 3500 4705 qua:
3529 4636 3586 4691 in
3601 4651 3783 4692 seces-

2202 4738 2321 4779 sum
2348 4724 2513 4778 missa
2547 4731 2873 4795 egeruntur:
2902 4732 2958 4780 et
2987 4725 3127 4780 sicut
3149 4740 3255 4781 non
3288 4734 3470 4797 potest
3493 4744 3618 4793 cor,
3639 4730 3781 4799 quod

2199 4816 2514 4886 plerumque
2534 4825 2590 4872 et
2624 4816 2680 4871 in
2725 4816 2920 4872 divinis
2961 4816 3180 4883 litteris,
3206 4826 3261 4874 et
3307 4820 3363 4874 in
3391 4821 3783 4878 consuetudine

2200 4905 2529 4974 loquentium
2550 4922 2650 4976 pro
2675 4915 2855 4963 mente
2881 4908 2994 4963 sive
3019 4923 3180 4964 sensu
3206 4909 3451 4979 ponitur,
3476 4927 3635 4970 escas
3652 4927 3782 4969 con-

2197 4994 2379 5062 iicere,
2411 4996 2697 5051 humorum
2720 4997 3064 5053 collectiones
3097 4999 3316 5066 habere,
3353 5000 3431 5056 ita
3466 5017 3577 5057 non
3602 5010 3779 5074 potest

2197 5093 2387 5141 venter
2410 5086 2764 5154 cogitationes
2788 5088 3091 5157 concipere,
3116 5102 3316 5158 easque
3338 5103 3439 5160 per
3464 5094 3631 5147 verba
3654 5106 3780 5163 pro-

2196 5175 2412 5231 ducere.
2441 5176 2653 5233 Habent
2689 5190 2820 5248 ergo
2842 5178 3053 5250 singula
3091 5181 3334 5235 membra
3369 5181 3551 5238 oilicia
3576 5198 3686 5245 sua,
3705 5192 3777 5236 ut

2194 5269 2431 5338 quinque
2458 5282 2648 5323 sensus
2691 5269 2929 5339 quinque
2970 5271 3339 5326 membrorum
3372 5274 3622 5342 partibus
3666 5271 3775 5328 dis-

2194 5356 2382 5413 tributi
2426 5356 2553 5422 sint,
2579 5367 2804 5428 excepto
2841 5365 3007 5423 tactu,
3032 5359 3123 5429 qui
3150 5362 3402 5430 quamvis
3427 5361 3487 5417 in
3523 5362 3773 5418 manibus

2193 5454 2373 5509 sedem
2403 5453 2603 5507 habere
2624 5458 2859 5523 putetur,
2894 5467 2993 5523 per
3019 5461 3215 5508 caetera
3262 5454 3507 5508 membra
3547 5452 3772 5509 dimisus

2190 5550 2291 5599 est.
2335 5543 2404 5598 Et
2436 5542 2731 5597 secundum
2784 5543 3224 5613 philosophorum
3277 5546 3662 5614 experientiam
3705 5543 3768 5597 in

2188 5637 2348 5691 corde
2373 5644 2456 5692 est
2481 5636 2657 5703 timor,
2686 5636 2738 5692 in
2776 5636 2959 5708 splene
2979 5636 3163 5693 laetitia
3181 5678 3196 5705 ,
3222 5638 3274 5693 in
3291 5636 3477 5709 iecore
3498 5636 3765 5706 voluptas,
