4016 6292
228 309 377 368 liii

1033 307 1207 363 LIBRI
1244 300 1582 362 CAROLINI.
1626 336 1691 344 —
1730 297 1945 360 CAPIT.
1994 297 2076 358 DE
2116 295 2301 368 NAG.
2345 337 2407 344 —
2447 304 2571 359 LIB.
2619 306 2701 360 l\’.

3363 304 3499 358 2222

227 426 292 480 in
337 426 510 480 tribus
549 420 856 476 ventriculis
885 422 1117 487 cerebri,
1145 421 1199 474 in
1225 421 1492 475 anteriore
1514 419 1606 490 qui
1644 429 1729 491 est
1757 418 1823 472 ad
1857 422 1898 478 Λ
1927 431 2281 484 quorumdam
2303 427 2610 472 sanctorum
2636 417 2898 488 imagines
2919 418 2989 473 ob
3017 433 3198 474 rerum
3229 428 3502 490 gestarum

229 514 458 581 faciem,
477 528 690 577 sensus,
718 512 771 566 in
804 525 870 565 eo
894 512 988 580 qui
1024 511 1291 581 posterior
1320 512 1387 566 ad
1417 512 1683 566 cervicem
1712 517 1814 572 est,

233 617 442 672 motus,
472 607 526 660 in
551 619 618 659 eo
650 619 780 658 vero
810 603 903 672 qui
931 603 1073 656 inter
1102 612 1390 672 utrumque
1416 616 1528 666 est,
1561 600 1821 656 memoria

231 698 426 768 vigere
464 697 886 758 demonstratur,
917 695 971 747 in
1012 694 1357 762 pulmonibus
1395 693 1700 757 anhelandi,
1733 707 1824 745 vo-

234 804 338 844 ces
358 785 722 848 modiﬁcandi,
756 785 1006 854 spiritum
1034 785 1261 838 ducendi
1283 784 1514 840 olﬁcium
1546 784 1772 837 habetur
1809 799 1820 835 :

237 887 490 933 ventrem
511 885 714 940 autem,
741 889 903 943 quem
933 875 1100 928 maris
1123 882 1331 928 constat
1355 875 1554 928 habere
1577 873 1823 941 ﬁguram,

237 984 493 1024 escarum
532 976 742 1022 tantum
778 965 1206 1021 confectionibus
1240 967 1632 1036 humorumquc
1670 966 1830 1020 colle-

239 1062 518 1115 ctionibus
539 1057 883 1113 manifestum
912 1067 996 1113 est
1025 1058 1305 1113 inservire.
1331 1057 1465 1112 Nam
1496 1059 1540 1111 si
1571 1057 1708 1112 forte
1733 1059 1828 1112 bu-

237 1147 400 1218 jusce
437 1150 569 1204 dicti
621 1164 865 1203 errorem
918 1149 1003 1203 his
1044 1147 1210 1203 velint
1249 1149 1590 1203 adminiculis
1620 1148 1827 1211 fulcire,

239 1241 391 1311 quod
417 1240 738 1309 plerumque
766 1240 974 1294 ventris
1005 1240 1208 1294 mentio
1237 1239 1289 1293 in
1325 1240 1494 1294 sacris
1527 1239 1722 1294 litteris
1751 1253 1833 1292 re-

237 1332 508 1400 periatur,
547 1339 608 1384 ut
641 1338 726 1384 est
756 1328 902 1392 illud,
957 1325 1144 1382 Venter
1190 1345 1336 1383 meus
1371 1329 1710 1383 conturbatus
1754 1339 1828 1383 est

241 1422 464 1492 (Thren.
503 1437 540 1485 l,
575 1419 715 1474 Hab.
745 1437 827 1483 ιιι,
860 1420 1036 1475 Eccle.
1069 1420 1168 1491 xu),
1203 1421 1344 1486 sive,
1388 1420 1625 1476 Ventrem
1656 1439 1826 1476 meum

242 1511 398 1567 doleo
452 1511 645 1584 (Ereti.
682 1511 919 1583 xxxvii),
948 1520 1003 1567 et
1051 1522 1247 1568 czetera
1298 1510 1698 1580 hujuscemodi,
1735 1515 1831 1567 ad-

239 1613 460 1660 vertant
483 1619 758 1674 nunquam
780 1603 938 1674 hujus
962 1605 1189 1660 membri
1218 1607 1536 1661 vocabulum
1559 1622 1658 1674 pro
1681 1607 1828 1661 locn-

238 1694 409 1754 tione,
443 1693 536 1748 sed
567 1708 668 1762 pro
689 1693 811 1748 aliis
833 1703 994 1764 atque
1021 1695 1140 1750 aliis
1185 1698 1345 1751 rebus
1390 1711 1510 1766 qua:
1556 1713 1652 1766 per
1698 1713 1826 1751 vcn-

1925 507 2241 560 mcmoriam
2269 516 2324 561 et
2350 508 2702 563 tediﬁciorum
2736 509 3186 579 pulchritudines,
3215 526 3246 565 a
3278 515 3504 569 catholi-
3545 529 3552 538 ‘

1923 594 2004 648 cis
2042 596 2256 651 habitas
2287 596 2450 653 fuisse
2487 599 2541 652 in
2579 599 2838 654 basilicis.
2867 599 3020 655 Sicut
3041 616 3171 670 ergo
3203 603 3506 660 occisorum

1926 687 2187 756 pecudum
2212 690 2460 744 sacriﬁcii
2496 706 2624 745 usus
2652 701 2707 744 et
2736 707 2766 744 a
2806 693 3008 746 sanctis
3035 702 3160 748 ante
3188 693 3362 764 legem
3408 711 3508 766 pa-

1928 777 2098 832 tribus
2130 779 2325 848 legitur
2363 779 2688 844 celebratus,
2721 781 2858 834 etin
2903 782 3019 852 lege
3062 798 3092 835 a
3144 783 3370 839 Domino
3414 799 3510 854 per

1928 864 2147 936 Moysen
2173 877 2256 922 est
2288 870 2535 934 traditus,
2569 870 2751 925 dicant
2783 872 2874 926 ubi
2903 875 3296 929 adorandarum
3325 876 3512 946 imagi-

1929 972 2058 1010 num
2085 973 2213 1012 usus
2237 967 2329 1012 aut
2355 969 2478 1014 ante
2506 961 2677 1031 legem
2703 977 2732 1015 a
2770 965 3113 1031 patriarchis,
3150 974 3243 1019 aut
3296 967 3349 1020 in
3396 967 3513 1038 lege

1931 1063 2028 1116 per
2053 1047 2432 1115 legislatorem,
2460 1059 2552 1104 aut
2582 1052 2635 1105 iu
2672 1068 2810 1106 novo
2849 1062 3170 1111 testamento
3205 1072 3234 1110 a
3286 1057 3516 1113 Domino

1931 1149 1984 1192 et
2009 1139 2294 1204 salvatore,
2323 1149 2414 1194 aut
2441 1142 2509 1196 ab
2542 1144 2798 1212 apostolis
2823 1144 2905 1199 vel
2928 1146 2996 1200 ab
3035 1147 3347 1214 apostolicis
3382 1148 3515 1204 viris

1931 1229 2002 1282 sit
2025 1230 2338 1297 institutus;
2372 1240 2426 1288 et
2449 1247 2569 1287 cum
2592 1234 2803 1289 illorum
2832 1236 3126 1293 celebratio
3151 1248 3260 1292 tam
3285 1241 3515 1296 authen-

1933 1320 2094 1373 ticam
2127 1322 2320 1376 habeat
2345 1323 2711 1391 traditionem,
2738 1327 2920 1381 dicant
2954 1344 3115 1397 quem
3155 1329 3380 1384 istarum
3414 1333 3513 1386 ad-

1930 1411 2106 1465 oratio
2139 1412 2380 1466 obtineat
2415 1414 2670 1478 vigorem.
2705 1416 2808 1483 Qui
2837 1418 2963 1472 dum
2997 1420 3099 1474 hoc
3127 1421 3306 1475 dicere
3335 1424 3517 1493 nequi-

1929 1500 2124 1565 verint,
2157 1517 2270 1556 rem
2291 1518 2348 1557 se
2369 1503 2611 1560 inutilem
2639 1507 2926 1574 protulisse
2945 1508 3284 1577 erubescant,
3313 1501 3515 1568 ctrina-

1927 1595 2073 1648 niter
2105 1605 2412 1651 sanctorum
2436 1598 2825 1655 sacriﬁciorum
2856 1603 3114 1670 oblationi
3143 1604 3518 1662 adorationem

1929 1688 2220 1757 imaginum
2261 1691 2535 1745 associare
2579 1693 2729 1747 uisos
2777 1693 2945 1750 fuisse
2988 1697 3311 1765 resipiscam
3356 1707 3518 1768 atque

241 1793 386 1837 trem
415 1783 810 1853 signiﬁcantur,
838 1786 1046 1855 tropice
1074 1786 1332 1855 positum,
1369 1789 1435 1841 de
1459 1789 1655 1857 quibus
1685 1804 1825 1843 nunc
1857 1789 1901 1848 Β
1933 1790 2278 1850 cognoscant.
2309 1781 2588 1848 Quomodo
2638 1800 2768 1855 ergo
2818 1796 3000 1855 potest
3055 1789 3203 1843 credi
3255 1790 3518 1862 imagines

238 1876 522 1945 disputare
547 1877 765 1948 longum
795 1888 898 1934 est.
931 1879 1063 1934 lllud
1089 1882 1255 1947 enim,
1289 1882 1460 1936 sicubi
1489 1882 1692 1937 dictum
1722 1894 1823 1948 est,

239 1967 634 2039 tropologicum
662 1977 764 2035 est,
793 1969 936 2025 istud
961 1987 1089 2025 vero
1113 1971 1544 2041 acyrologicum;
1584 1987 1679 2041 per
1701 1973 1829 2028 ilud

235 2059 597 2115 obumbratur
619 2061 908 2132 allegorice
954 2063 1174 2128 veritas,
1207 2078 1302 2132 per
1355 2063 1496 2118 istud
1545 2064 1830 2118 mutilatur

237 2165 436 2206 sensus
480 2153 719 2222 puritas;
772 2152 900 2208 illud
934 2155 1069 2209 nitet
1101 2155 1401 2226 mysteriis,
1433 2156 1576 2210 istud
1623 2156 1831 2225 squalet

237 2241 479 2312 ineptiis.
499 2243 768 2300 Caeterum
795 2247 839 2300 si
871 2248 936 2302 de
963 2247 1296 2318 Pythonibus
1317 2250 1496 2305 dicere
1523 2251 1827 2316 voluerunt,

237 2350 379 2404 quos
409 2337 745 2407 septuaginta
780 2339 1128 2411 ventriloquos
1162 2343 1586 2410 transtulerunt,
1620 2345 1686 2398 de
1713 2345 1831 2414 qui-

240 2425 348 2479 bus
379 2441 434 2478 in
474 2426 893 2482 Deuteronomio
926 2428 1164 2500 legitur:
1205 2431 1329 2486 Non
1368 2433 1658 2486 invenietur
1685 2435 1740 2488 in
1783 2444 1832 2487 te

237 2514 474 2570 lustrans
509 2516 681 2578 ﬁlium
720 2535 874 2573 suum
901 2530 991 2573 ant
1022 2520 1193 2592 [ilium
1220 2523 1276 2575 in
1317 2524 1454 2593 igne,
1501 2534 1548 2578 et
1588 2525 1830 2579 divinans

238 2609 637 2678 divinationem,
666 2627 936 2684 augurans
964 2624 1010 2668 et
1041 2617 1349 2686 aruspicans
1383 2628 1430 2672 et
1474 2618 1834 2674 medicamini-

238 2705 338 2758 bus
373 2704 1023 2786 infuscans,incantator,
1070 2710 1452 2782 ventriloquus,
1492 2722 1540 2766 et
1589 2722 1832 2783 portenta

236 2796 540 2865 inspiciens,
571 2807 618 2850 et
648 2799 973 2870 interrogans
1009 2810 1242 2856 mortuos
1273 2803 1464 2874 (Deut.
1501 2819 1634 2858 xvm
1653 2803 1672 2874 )
1691 2845 1704 2869 ,
1733 2819 1834 2857 nec

241 2888 350 2943 hoc
379 2889 797 2958 reprehensione
823 2902 992 2955 caret,
1019 2895 1272 2963 quoniam
1295 2911 1417 2950 cum
1441 2896 1518 2950 illi
1544 2897 1834 2966 quemdam

241 2983 518 3038 hominem
533 2999 598 3039 ex
615 2986 834 3056 proprio
855 2997 1044 3043 ventre
1077 2988 1315 3044 locutum
1360 2987 1528 3045 fuisse
1575 2990 1830 3054 dixerint,

240 3081 307 3128 ut
331 3072 630 3145 Pythonem
650 3117 664 3142 ,
689 3093 790 3133 nec
817 3079 886 3134 ab
912 3079 1078 3148 ipsius
1116 3080 1330 3149 quidem
1360 3080 1622 3151 Pythonis
1647 3077 1834 3136 ventre

1930 1888 1960 1925 a
2000 1873 2282 1928 catholicis
2315 1874 2382 1928 ad
2417 1873 2757 1940 adorandum,
2781 1877 3044 1943 conditas,
3069 1895 3194 1933 cum
3243 1896 3342 1934 nec
3389 1881 3500 1951 ipsa

1931 1965 2147 2033 quidem
2175 1965 2457 2034 gentilium
2485 1967 2771 2021 simulacra
2798 1969 3031 2038 primum
3067 1971 3135 2024 ad
3175 1971 3508 2027 adorandum

1929 2057 2316 2124 perhibeantur
2345 2057 2563 2112 condita
2605 2057 2806 2114 fuisse?
2863 2060 3290 2115 Simulacrorum
3336 2062 3522 2130 itaque

1930 2162 2062 2201 usus
2088 2155 2312 2203 exortus
2340 2158 2443 2214 est,
2473 2166 2596 2204 cum
2621 2166 2687 2205 ex
2715 2152 2984 2208 desiderio
3018 2162 3358 2210 mortuorum
3389 2171 3523 2225 quo-

1932 2237 2186 2292 rumlibet
2211 2239 2452 2292 virorum
2477 2239 2696 2294 fortium
2718 2249 2812 2294 aut
2835 2257 3021 2310 regum
3043 2253 3135 2297 aut
3163 2245 3521 2313 quarumdam

1932 2332 2146 2384 urbium
2183 2331 2544 2411 conditorum,
2571 2342 2662 2388 aut
2689 2335 3051 2404 quarumlibet
3084 2337 3284 2390 artium
3329 2338 3522 2392 inven-

1936 2431 2112 2480 torum
2146 2427 2408 2498 imagines
2432 2429 2514 2484 vel
2546 2428 2747 2502 cﬁigics
2775 2433 2843 2487 ab
2869 2433 2954 2487 his
2981 2433 3071 2502 qui
3101 2448 3196 2488 eos
3222 2433 3523 2488 dilexerant

1934 2519 2332 2586 conderentur,
2365 2529 2425 2575 ut
2469 2531 2812 2592 posterorum
2862 2525 2943 2579 vel
3004 2525 3325 2582 dilectorum
3373 2527 3524 2582 dolor

1933 2610 2158 2667 haberet
2189 2613 2405 2682 aliquod
2426 2615 2493 2669 de
2533 2616 2826 2686 imaginum
2865 2618 3321 2689 contemplatione
3350 2634 3526 2674 reme-

1935 2705 2123 2770 dium;
2166 2707 2258 2760 sed
2287 2704 2545 2776 paulatim
2593 2708 2736 2762 hunc
2781 2723 3022 2764 errorem
3071 2711 3524 2780 persuadentibus

1936 2795 2270 2851 daemonibus
2299 2797 2372 2851 ita
2397 2797 2450 2852 in
2478 2806 2724 2867 posteros
2752 2800 3056 2870 irrepsisse,
3081 2811 3138 2856 ut
3160 2818 3295 2873 quos
3325 2803 3396 2857 illi
3423 2818 3524 2872 pro

1936 2889 2052 2943 sola
2103 2890 2340 2946 nominis
2379 2893 2641 2948 memoria
2678 2895 2977 2963 pingendos
3026 2907 3370 2964 censuerant,
3400 2912 3526 2952 suc.

1937 2997 2184 3038 cessares
2213 2983 2344 3039 deos
2373 2986 2750 3042 existimarent
2785 2998 2945 3058 atque
2976 2990 3235 3056 colerent,
3268 2999 3322 3045 et
3357 2991 3411 3045 in
3442 2991 3530 3046 his

1938 3078 2041 3134 sibi
2089 3079 2360 3134 dtemones
2406 3081 2716 3137 sacriﬁcare
2770 3083 2975 3137 illectos
3013 3099 3256 3154 quosque
3302 3086 3531 3140 miseros

241 3165 427 3229 homo,
443 3167 538 3222 sed
566 3167 837 3238 malignus
863 3169 1102 3239 loquitur
1125 3171 1366 3241 spiritus,
1391 3173 1465 3226 ita
1492 3173 1753 3226 duntaxat
1777 3179 1837 3225 ut
1859 3152 1907 3216 (ἶ
1938 3179 2342 3238 percenserent.
2369 3170 2484 3227 Hoc
2508 3173 2670 3228 etiam
2694 3175 2940 3245 exemplo
2953 3152 3089 3231 adeo
3104 3152 3378 3233 cernimus
3400 3181 3531 3232 ima-

242 3257 437 3312 eodem
467 3257 714 3330 Pythone
738 3260 828 3330 qui
861 3259 1232 3330 ventriloquus
1255 3261 1470 3326 dicitur,
1495 3277 1593 3330 per
1634 3277 1697 3316 os
1736 3263 1838 3316 hu-

244 3363 410 3403 mano
430 3363 583 3404 more
603 3349 860 3419 loquente
886 3351 953 3406 de
969 3359 1158 3405 ventre
1180 3349 1297 3418 ejus
1324 3351 1547 3419 spiritus
1574 3352 1835 3407 immundi

243 3455 413 3495 voces
437 3441 747 3506 audiantur,
778 3448 854 3506 et,
880 3456 1139 3513 responsa
1185 3443 1412 3507 dentur,
1436 3458 1574 3512 quos
1617 3444 1836 3512 quidem

242 3532 620 3603 ventriloquos
651 3533 704 3588 in
730 3533 1076 3606 Assyriorum
1109 3535 1222 3590 sive
1248 3533 1625 3606 {Egyptiorum
1659 3536 1836 3605 genti-

243 3625 369 3688 bus,
401 3623 541 3694 apud
563 3638 700 3695 quos
727 3627 951 3697 magica:
998 3635 1143 3681 artes
1189 3627 1420 3697 copiosae
1469 3634 1614 3692 sunt,
1657 3626 1839 3696 plures

245 3729 371 3770 esse
401 3713 742 3770 manifestum
780 3723 881 3770 est.

817 3805 1043 3863 CAPUT
1091 3807 1254 3864 XVIII

245 3902 447 3958 Contra
476 3919 564 3974 eos
585 3903 676 3974 qui
695 3905 877 3958 dicunt
905 3921 923 3958 :
945 3904 1049 3971 Qui
1080 3905 1369 3974 imaginem
1402 3903 1669 3960 idolorum
1697 3904 1841 3960 dixe

322 3982 449 4046 runt
491 3973 884 4046 dxemoniorum
931 3973 1261 4046 imaginibus
1309 3975 1562 4046 similem,
1585 3983 1842 4030 accusent

319 4045 453 4099 Abel
479 4053 534 4116 et
561 4044 679 4116 Noe
704 4053 760 4100 et
787 4043 1067 4116 Abraham
1087 4052 1142 4100 ct
1177 4045 1396 4116 Moysen
1427 4055 1484 4101 et
1521 4045 1747 4116 Samuel,
1787 4054 1844 4099 et

322 4115 514 4189 David,
540 4115 686 4186 quod
713 4115 816 4187 ipsi
847 4116 1024 4172 aliena
1065 4126 1121 4173 et
1165 4115 1375 4189 pagana
1420 4115 1689 4172 sacriﬁcia
1732 4115 1844 4170 Deo

326 4185 650 4241 libaverant.

323 4275 598 4344 Quantum
631 4277 685 4332 in
722 4277 828 4334 hoc
859 4277 1096 4348 capitulo
1123 4286 1298 4344 sonat,
1319 4287 1375 4334 et
1395 4294 1496 4335 nos
1521 4294 1586 4334 ex
1612 4277 1734 4333 aliis
1753 4293 1846 4333 eo-

251 4387 380 4427 rum
412 4370 572 4426 dictis
595 4371 804 4442 experti
830 4387 1048 4437 sumus,
1077 4372 1181 4426 hoc
1212 4370 1555 4429 introducere
1579 4371 1841 4434 nituntur,

252 4475 321 4520 ut
348 4465 476 4534 quia
497 4480 530 4518 a
556 4465 780 4535 paganis
805 4465 1077 4536 quondam
1101 4466 1406 4520 occisorum
1443 4463 1710 4534 pecudum
1755 4478 1845 4517 sa-

249 4557 464 4614 criﬁcia
489 4559 826 4614 daemonibus
853 4557 1167 4622 litabantur,
1196 4571 1296 4610 nec
1334 4563 1514 4610 tamen
1547 4555 1617 4611 ob
1657 4554 1762 4609 hoc
1811 4569 1842 4607 a

249 4651 464 4707 sanctis
488 4650 624 4706 viris
643 4651 700 4705 in
724 4649 896 4704 veteri
921 4648 1038 4719 lege
1071 4646 1607 4720 prtetermittebatur,
1629 4647 1762 4717 quin
1789 4653 1844 4701 et

249 4746 326 4801 ab
351 4744 457 4800 illis
489 4744 792 4800 occisorum
815 4742 1081 4812 pecudum
1107 4741 1218 4796 Deo
1240 4740 1474 4796 victima:
1494 4738 1841 4805 offerrentur,

249 4852 360 4892 nec
406 4835 527 4892 ideo
563 4835 636 4890 sit
683 4833 1206 4906 prtetermittendum
1238 4832 1369 4902 quin
1411 4832 1552 4886 intra
1599 4839 1843 4886 sanctam

250 4926 557 4983 Ecclesiam
585 4925 849 4995 imagines
874 4923 1183 4987 adorentur,
1213 4937 1311 4992 pro
1343 4938 1409 4978 eo
1437 4921 1582 4992 quod
1609 4938 1642 4976 a
1672 4923 1846 4994 genti-

250 5021 400 5075 libus
442 5018 585 5074 idola
618 5017 964 5083 colebantur;
989 5016 1082 5072 sed
1106 5016 1248 5071 sicut
1283 5016 1338 5070 in
1372 5015 1492 5069 aliis
1521 5031 1585 5070 ex
1613 5016 1717 5071 hoc
1747 5029 1845 5070 nc-

252 5110 408 5182 gotio
442 5108 833 5164 assertionibus
870 5121 1057 5163 eorum
1083 5105 1415 5176 obiectiones
1441 5107 1714 5161 incassum
1754 5106 1849 5160 ad-

252 5201 446 5258 hibita:
480 5198 830 5266 frustrantur,
861 5199 936 5254 ita
979 5199 1142 5253 etiam
1190 5199 1308 5254 haec
1353 5212 1568 5267 quoque
1617 5195 1849 5265 objectio

259 5294 690 5362 lncompetenter
709 5293 950 5349 adhibita
974 5291 1256 5364 prudentis
1279 5291 1597 5345 assertionis
1631 5288 1847 5359 objectu

252 5386 636 5444 frustrabitur.
677 5384 1019 5442 Manifestum
1067 5393 1150 5440 est
1185 5399 1416 5452 namque
1461 5383 1672 5453 pridem
1716 5391 1769 5437 et
1817 5399 1848 5437 a

257 5481 470 5536 sanctis
492 5479 628 5535 viris
653 5478 762 5533 Deo
792 5476 1169 5545 omnipotenti,
1193 5483 1248 5530 et
1281 5490 1312 5528 a
1360 5475 1640 5546 gentilium
1676 5491 1852 5531 sacer-

257 5573 484 5629 dotibus
537 5573 844 5627 occisorum
891 5567 1158 5638 pecudum
1206 5565 1471 5622 sacriﬁcia
1520 5567 1854 5622 dremonibus

259 5666 447 5723 oblata
488 5665 673 5729 fuisse,
713 5672 769 5719 et
820 5661 1120 5731 antiquitus
1171 5658 1528 5714 nefandorum
1575 5661 1852 5715 hominum

266 5758 557 5813 simulacra
581 5755 879 5811 daemonico
907 5753 1162 5808 instinctu
1189 5750 1362 5819 posita
1410 5750 1462 5804 in
1515 5751 1772 5822 delubris,
1804 5760 1856 5804 et

1873 4513 1924 4573 D

1941 3263 2124 3333 ginum
2149 3279 2306 3320 usum
2330 3266 2648 3334 inolescere,
2665 3276 2724 3322 ut
2747 3285 2866 3339 quze
2890 3271 3040 3340 prius
3059 3272 3128 3326 ub
3149 3283 3528 3328 ornamentum

1939 3355 2287 3411 basilicarum
2314 3368 2368 3412 et
2394 3361 2713 3415 memoriam
2745 3370 2902 3416 erant
2929 3364 3318 3434 compaginata:
3346 3380 3530 3419 rerum

1941 3454 2251 3515 gestarum,
2294 3447 2622 3505 inolescente
2668 3452 2931 3520 paulatim
2980 3453 3187 3507 nefario
3240 3471 3341 3509 usu
3396 3455 3533 3510 adeo

1941 3550 2086 3590 nunc
2121 3551 2152 3589 a
2177 3537 2459 3594 catholicis
2485 3540 2788 3610 quibusque
2821 3542 3170 3609 extollantur,
3203 3554 3262 3598 ut
3311 3546 3535 3601 adoren-

1941 3635 2050 3693 tur,
2069 3629 2255 3698 eisque
2281 3629 2587 3696 luminaria,
2619 3633 2992 3704 thymiamata,
3011 3635 3264 3705 primitia:
3284 3637 3368 3692 vel
3390 3654 3535 3708 qum-

1941 3720 2066 3776 datu
2106 3723 2424 3778 munuscula
2485 3724 2799 3790 oﬁ‘erantur,
2847 3734 2922 3793 et,
2961 3727 3104 3796 quod
3158 3729 3388 3798 nequius
3429 3739 3531 3794 est,

1942 3823 2002 3868 ut
2038 3814 2091 3869 in
2130 3814 2354 3872 Graeciaa
2410 3819 2657 3888 partibus
2699 3819 2904 3876 factum
2961 3820 3220 3891 legimus,
3253 3825 3537 3893 pontiﬁces

1942 3905 2034 3975 qui
2078 3905 2249 3961 solum
2290 3907 2458 3964 Deum
2496 3908 2862 3978 adorandum,
2889 3911 3171 3983 solumque
3207 3915 3491 3972 colendum
3517 3957 3534 3983 ,

1945 3997 2130 4067 illique
2155 3997 2256 4052 soli
2280 4001 2622 4056 serviendum
2647 4003 2946 4072 praedicare
2988 4005 3306 4072 debuerant,
3329 4015 3385 4062 et
3435 4009 3537 4079 ipsi

1945 4087 2025 4141 eis
2050 4102 2109 4142 se
2137 4088 2434 4145 servituros
2463 4089 2749 4156 fateantur,
2772 4107 2972 4163 easque
2998 4095 3177 4151 colant
3205 4107 3260 4152 et
3287 4099 3536 4165 adorent,

1945 4187 2002 4234 et
2021 4193 2211 4236 earum
2233 4190 2635 4252 contemptores
2665 4183 2938 4254 soliusque
2964 4185 3060 4241 Dei
3086 4187 3341 4254 cultores,
3356 4205 3541 4245 veros-

1947 4287 2053 4344 que
2088 4275 2402 4330 adoratorcs
2442 4276 2511 4332 ob
2544 4291 2731 4332 carum
2759 4286 3127 4348 contemptum
3171 4292 3225 4336 et
3254 4281 3542 4338 haereticos

1941 4367 2205 4437 judicent,
2235 4377 2289 4423 et
2313 4369 2774 4428 auathematizare
2822 4373 3096 4430 affectent.
3141 4375 3258 4431 Uno
3306 4393 3543 4448 namque

1951 4469 2006 4517 et
2035 4475 2172 4530 pene
2201 4460 2317 4531 pari
2354 4462 2544 4528 modo,
2577 4472 2638 4518 ut
2661 4463 2874 4535 pmfati
2907 4481 3109 4529 sumus,
3142 4467 3540 4524 adorandornnl

1952 4558 2007 4606 et
2031 4551 2378 4608 colendorum
2406 4553 2819 4611 simulacrorum
2840 4557 2924 4612 vel
2954 4558 3132 4626 potius
3160 4557 3465 4614 dmmonum
3486 4569 3542 4615 et

1951 4642 2245 4713 gentilibus
2271 4645 2635 4714 nequissimus
2676 4663 2806 4704 usus
2846 4648 3084 4715 inolevit,
3127 4658 3183 4704 et
3231 4650 3538 4718 catholicis,

1952 4735 2096 4804 quod
2119 4749 2226 4790 non
2264 4734 2380 4791 sine
2407 4737 2638 4806 quodam
2670 4738 2835 4792 animi
2871 4754 3107 4796 maerore
3139 4743 3538 4810 prosequimur,

1953 4826 2348 4882 adorandarum
2381 4827 2676 4899 imaginum
2711 4829 3044 4899 ineptissima
3077 4833 3410 4888 consuetudo
3449 4848 3544 4890 ace

1953 4916 2170 4981 crescit,
2198 4925 2252 4972 et
2292 4932 2378 4972 res
2416 4917 2484 4972 ad
2523 4918 2668 4974 aliud
2715 4921 2965 4987 conditae,
2993 4921 3059 4976 ad
3105 4921 3250 4976 aliud
3291 4921 3548 4979 videntur

1953 5020 2248 5081 usurpatze.
2267 5010 2384 5066 Non
2410 5013 2553 5066 enim
2577 5029 2676 5068 nos
2703 5013 2967 5085 imagines
2995 5015 3047 5069 iu
3076 5014 3313 5069 basilicis
3339 5015 3550 5084 positas

1954 5105 2092 5160 idola
2109 5120 2501 5175 nuncupamus,
2523 5107 2616 5162 sed
2639 5122 2708 5162 ne
2733 5105 2873 5162 idola
2898 5115 3297 5176 nuncupentur,
3315 5105 3550 5163 adorare

1951 5214 2048 5253 eas
2077 5206 2131 5253 et
2149 5197 2327 5253 colere
2349 5199 2535 5267 eisque
2558 5199 2840 5254 servitium
2869 5199 3182 5269 impendere
3209 5214 3546 5263 recusamus,

1953 5294 2208 5361 quoniam
2234 5293 2555 5362 plerumque
2582 5309 2690 5348 non
2712 5309 2832 5357 res,
2859 5293 2954 5348 sed
2985 5309 3149 5348 causa
3177 5292 3256 5347 rei
3287 5308 3386 5362 pro
3437 5306 3551 5348 sce-

1955 5386 2062 5442 lere
2087 5394 2388 5455 reputatur,
2413 5388 2539 5441 dum
2568 5386 2819 5443 videlicet
2846 5387 3016 5443 multa
3055 5386 3252 5456 quibus
3277 5387 3415 5442 bene
3455 5400 3549 5454 po.

1957 5485 2060 5531 test
2085 5478 2163 5532 uti
2195 5477 2336 5532 male
2366 5493 2463 5533 usa
2496 5478 2549 5532 in
2597 5477 2861 5549 ﬂagitium
2911 5486 3321 5544 convertuntur,
3359 5479 3548 5546 sicque

1955 5585 2059 5623 una
2084 5570 2385 5638 eademque
2421 5586 2508 5625 res
2529 5571 2666 5625 bene
2699 5571 2976 5626 utentibus
2999 5585 3105 5624 non
3131 5579 3215 5623 est
3244 5584 3405 5623 causa
3433 5567 3545 5636 pia-

1957 5662 2084 5728 culi,
2111 5671 2167 5718 et
2193 5664 2330 5718 male
2363 5665 2639 5719 utentibus
2674 5672 2756 5719 est
2799 5679 2962 5720 causa
3010 5663 3255 5734 periculi.
3307 5659 3546 5714 Sollicite

1957 5769 2085 5824 ergo
2120 5756 2527 5824 prtecavendum
2568 5763 2644 5810 cst
2685 5764 2738 5811 et
2785 5772 2994 5812 summa
3041 5753 3303 5810 industria
3356 5763 3550 5818 procu-
