4016 6292
519 279 653 342 {29.3

1435 288 1492 342 ll.
1527 290 1772 346 CAROLI
1811 286 2021 348 MAGNI
2061 295 2207 351 OPP.
2242 295 2437 352 PARS.
2476 296 2536 352 ll.
2575 291 2814 357 SECTIO
2850 291 2912 356 ll.

3614 310 3741 367 1‘22!

515 397 768 460 randum,
797 411 868 458 ne
895 396 1023 453 dum
1073 397 1287 466 Quidam
1329 406 1634 454 nostrorum
1683 402 1940 470 quasdam
1987 419 2074 458 res
2102 413 2143 467 Α
2175 407 2318 462 lem?
2356 411 2446 478 qui
2493 413 2559 464 ab
2609 413 2737 481 ipsis
2784 415 3063 469 cunabulis
3123 413 3348 470 Domino
3398 429 3745 474 consecratus

516 485 654 538 ultra
677 501 838 554 quam
867 487 1000 542 ordo
1024 487 1260 555 exposcit
1303 487 1594 542 sublimare
1631 488 1901 554 aﬂ‘ectant,
1931 501 2080 544 vetu-

514 577 734 630 stissimi
767 577 909 631 illius
933 586 988 631 et
1017 577 1211 632 cariosi
1237 578 1438 632 erroris
1468 579 1689 632 redivivi
1726 579 1833 634 illis
1872 581 2079 636 cineres

511 665 909 730 convalescant,
940 673 994 720 et
1035 665 1532 736 victoriam‘quam
1581 669 1635 722 in
1679 685 1867 740 campo
1901 672 2078 740 adepti

511 762 653 817 sunt,
693 754 832 808 intra
877 756 1025 809 urbis
1057 757 1258 810 mmnia
1293 758 1540 825 perdant,
1565 762 1879 832 subigatque
1907 763 2080 818 civilis

510 842 636 897 belli
689 845 1140 912 insuspicabiliter
1184 846 1368 901 dolosa
1417 848 1609 913 illusio,
1650 866 1786 919 quos
1833 853 2080 922 subigere

509 935 719 988 externi
761 935 929 988 hostis
965 943 1148 1004 aperta
1193 937 1434 1006 nequivit
1483 939 1750 1008 impulsio.
1783 941 1918 996 Cum
1953 956 2080 1012 ergo

513 1022 586 1075 illi
603 1023 933 1077 accusandus
952 1024 1192 1094 garriant
1214 1035 1427 1080 sanctos
1445 1036 1645 1094 patres,
1660 1029 1792 1083 Abel
1814 1030 2076 1094 videlicet,

512 1113 621 1169 Noe
648 1122 702 1168 et
727 1114 1020 1180 Abraham,
1055 1116 1270 1187 Moysen
1288 1157 1303 1182 ,
1333 1117 1636 1174 Samuelem
1677 1128 1732 1173 et
1761 1121 1947 1186 David,
1973 1139 2079 1176 non

509 1219 604 1259 eos
630 1205 787 1260 nobis
816 1221 1070 1262 accusare
1101 1207 1252 1273 libet,
1271 1209 1366 1263 sed
1392 1208 1628 1274 laudare,
1657 1210 1870 1266 dicente
1895 1211 2082 1266 Eccle-

509 1294 726 1349 siastico
748 1310 764 1348 :
788 1295 1084 1350 Laudemus
1112 1297 1247 1353 viros
1274 1299 1526 1366 gloriosos
1543 1307 1588 1352 et
1611 1309 1851 1369 parentes
1878 1310 2080 1354 nostros

509 1383 562 1436 in
610 1386 942 1453 generatione
971 1401 1088 1449 sua,
1115 1384 1334 1439 multam
1387 1385 1609 1455 gloriam
1658 1388 1778 1458 fecit
1823 1389 2078 1445 Dominus

507 1473 893 1543 magniﬁcentia
911 1491 1026 1538 sua,
1046 1492 1077 1528 a
1095 1475 1286 1529 sceculo
1306 1476 1629 1532 dominantes
1656 1481 1712 1532 in
1730 1481 2077 1550 potentatibus

507 1563 614 1616 suis
660 1564 892 1617 homines
937 1565 1112 1634 magni
1153 1565 1336 1619 virtute
1359 1577 1406 1620 et
1434 1568 1711 1638 prudentia
1746 1587 1844 1624 sua
1873 1572 2079 1641 prarditi

507 1653 562 1707 in
593 1653 844 1722 dignitate
870 1655 1268 1724 praphetarum,
1294 1665 1342 1710 et
1387 1658 1696 1728 imperantes
1740 1661 1796 1714 in
1836 1663 2078 1732 prwsenti

2179 514 2346 568 usque
2373 502 2440 556 ad
2467 502 2796 572 decrepitam
2826 513 3158 559 senectutem
3203 507 3257 559 in
3289 507 3508 561 Domini
3561 509 3746 563 militia

2177 593 2442 648 militavit.
2470 597 2577 650 Aut
2610 597 2813 651 David?
2854 598 2946 666 qui
2983 599 3069 651 vir
3101 599 3297 653 dicitur
3334 599 3636 654 secundum
3659 617 3752 655 cor

2177 684 2386 738 Domini
2402 685 2666 749 inventus,
2684 695 2738 741 et
2760 687 2814 740 in
2827 703 2891 742 eo
2911 689 3120 743 meritis
3141 699 3452 744 sanctorum
3475 690 3747 758 praelatus,

2178 785 2236 829 ut
2259 785 2312 830 et
2335 777 2401 830 de
2433 777 2650 831 Christo
2680 779 2916 847 apertius
2954 779 3162 833 cunctis
3196 781 3565 849 prophetarit,
3593 789 3646 834 et
3671 796 3751 834 se-

2179 867 2410 920 cundum
2444 866 2672 920 formam
2715 869 2857 922 servi
2905 868 3020 923 eius
3066 879 3219 938 pater
3264 869 3336 924 sit
3385 877 3748 939 nuncupatus.

2179 953 2418 1019 Quorum
2445 955 2490 1008 si
2505 956 2687 1011 laudes
2701 965 2753 1011 ct
2775 959 3029 1027 mysteria
3054 959 3366 1028 singillatim
3387 957 3749 1028 proferamus,

2180 1054 2304 1100 ante
2329 1047 2442 1101 dies
2467 1063 2630 1116 quam
2667 1049 2830 1102 verba
2857 1049 3108 1104 cessabit.
3154 1049 3271 1104 Non
3317 1051 3470 1105 enim
3510 1049 3591 1104 illi
3623 1049 3752 1105 olle-

2179 1135 2367 1190 rebant
2405 1136 2516 1192 Deo
2548 1137 2809 1192 sacriﬁcia
2854 1152 3093 1210 pagana,
3121 1139 3214 1193 sed
3259 1139 3542 1210 mysteriis
3575 1141 3747 1210 plena,

2179 1225 2301 1294 quia
2325 1225 2554 1280 necdum
2581 1243 2613 1281 a
2642 1227 2792 1298 pagis
2813 1227 3218 1283 Atheniensium
3246 1230 3444 1299 pagani
3469 1245 3750 1298 nuncupa-

2177 1315 2392 1380 bantur,
2423 1317 2635 1384 quando
2649 1316 2761 1384 jam
2784 1318 2852 1372 ab
2881 1317 2988 1372 illis
3013 1317 3122 1372 Deo
3145 1317 3474 1372 sacriﬁcium
3497 1317 3756 1373 oﬂ‘ereba-

2179 1411 2285 1467 tur,
2306 1411 2380 1468 et,
2401 1412 2462 1457 ut
2486 1404 2561 1458 ita
2589 1404 2838 1470 dixerim,
2863 1407 3090 1460 necdum
3107 1404 3440 1460 Athenarum
3467 1407 3604 1461 urbs
3627 1423 3755 1461 eon-

2179 1492 2287 1546 dita
2327 1500 2463 1557 erat,
2492 1507 2593 1548 nec
2634 1492 2864 1562 Cecrops
2914 1493 3309 1549 oﬂ‘erendorum
3359 1495 3754 1550 sacriﬁciorum

2178 1581 2547 1636 institutiones
2575 1591 2629 1636 et
2657 1598 2873 1636 ararum
2896 1585 3197 1639 erectiones
3233 1594 3287 1638 et
3311 1585 3628 1638 daemonum
3671 1599 3756 1653 ap-

2176 1672 2492 1742 pellationes
2526 1673 2814 1742 gentilibus
2852 1675 3163 1738 tradiderat,
3193 1689 3314 1728 cum
3342 1672 3462 1741 jam
3517 1674 3657 1728 Abel
3704 1682 3756 1727 et

505 1743 724 1813 populo,
758 1753 806 1797 et
861 1745 917 1798 in
969 1745 1154 1798 virtute
1197 1746 1488 1815 prudentia:
1531 1749 1707 1818 populi
1749 1751 2076 1804 sanctissima
2108 1743 2155 1804 Β
2179 1761 2291 1816 Noe
2323 1769 2378 1815 ει
2400 1761 2670 1816 Abraham
2712 1761 2822 1816 Deo
2866 1762 3132 1818 sacriﬁcia
3179 1763 3513 1818 obtulerant.
3556 1762 3755 1819 Odere-

507 1834 681 1899 verba,
717 1844 772 1888 et
801 1843 996 1890 cmtera
1029 1834 1217 1906 (Eccli.
1255 1839 1422 1906 κων).
1451 1838 1582 1905 Quis
1620 1854 1748 1910 ergo
1772 1849 1882 1896 tam
1906 1840 2080 1911 profa-

509 1936 632 1976 nam
662 1923 858 1978 habeat
890 1931 1155 1989 ruentem,
1179 1934 1240 1979 ut
1284 1927 1439 1994 Abel,
1464 1929 1554 1997 qui
1589 1931 1657 1984 ab
1685 1931 1802 1999 ipso
1852 1934 2078 1994 Domino

501 2012 678 2079 justus
700 2014 995 2082 appellatus
1018 2023 1120 2081 est,
1147 2031 1403 2073 accusare
1427 2020 1652 2076 audeat?
1672 2021 1824 2091 cujus
1855 2030 2072 2098 sanguis

507 2102 574 2157 de
599 2110 742 2158 terra
767 2105 835 2159 ad
861 2105 1145 2160 Dominum
1167 2107 1428 2164 clamasse
1449 2109 1663 2181 legitur,
1689 2113 1780 2182 qui
1801 2117 2077 2186 exemplar

505 2202 561 2248 et
585 2210 772 2250 norma
804 2203 887 2251 est
904 2197 1143 2252 omnium
1165 2197 1452 2266 justorum,
1479 2203 1569 2272 qui
1589 2205 1796 2272 primus
1824 2222 2077 2276 persecu-

507 2284 708 2339 tionem
732 2288 973 2356 passuris
997 2289 1198 2344 sanctis
1218 2291 1450 2359 praevius
1488 2294 1712 2360 exstitit,
1741 2304 1796 2351 et
1843 2298 2078 2357 civitatis

508 2375 599 2430 Dei
631 2391 792 2445 quam
821 2375 1055 2434 ﬂuminis
1113 2379 1344 2449 impetus
1376 2381 1628 2449 laetiﬁcat,
1659 2386 1865 2454 primus
1889 2387 2079 2446 fundae

506 2475 686 2520 menta
704 2465 857 2540 jecit.
883 2467 992 2522 Aut
1015 2469 1136 2538 quis
1175 2469 1288 2526 Noe
1339 2472 1515 2526 virum
1557 2472 1762 2542 justum
1821 2493 2078 2536 accusare

503 2559 835 2626 praesumat?
865 2573 1024 2627 quem
1059 2560 1320 2616 Dominus
1347 2563 1574 2632 gratiam
1603 2580 1782 2621 coram
1825 2584 1885 2623 se
1929 2570 2078 2625 inve-

504 2647 650 2703 nisse
678 2656 926 2714 testatur,
958 2649 1049 2718 qui
1081 2651 1348 2706 secundus
1375 2662 1497 2722 post
1527 2654 1701 2710 Adam
1736 2657 1956 2713 humani
1984 2676 2075 2733 ge-

503 2737 651 2793 neris
675 2746 830 2807 pater
856 2740 1004 2794 orbis
1031 2741 1240 2796 exstitit
1265 2753 1561 2812 reparator,
1578 2755 1632 2801 et
1657 2747 1713 2802 in
1732 2755 1859 2819 typo
1875 2751 2076 2809 Christi

504 2826 595 2900 qui
619 2831 914 2885 Ecclesiam
945 2832 1170 2887 diversis
1189 2835 1437 2904 gentibus
1457 2837 1668 2906 plenam
1692 2839 1832 2894 inter
1851 2841 2076 2896 munda-

503 2934 694 2974 norum
750 2919 1008 2974 ﬂuctuum
1061 2921 1324 2978 immanes
1373 2927 1637 2994 procellas
1681 2930 2075 2998 gubernaturus

503 3020 640 3076 erat,
675 3025 814 3064 arcae
840 3011 1067 3066 diversis
1101 3013 1462 3071 animantibus
1486 3017 1676 3086 plenae,
1699 3021 1840 3076 inter
1893 3023 2072 3078 borri-

503 3115 757 3156 sonorum
781 3100 1037 3156 ﬂuctuum
1071 3103 1328 3161 illisiones
1366 3110 1572 3163 exstitit
1611 3113 1952 3178 gubernator,
1981 3116 2071 3186 qui

502 3197 584 3242 tot
609 3189 925 3246 meritorum
952 3202 1247 3248 exornatur
1276 3196 1591 3266 insignibus,
1625 3208 1684 3256 ut
1727 3203 1814 3258 ille
1865 3213 2073 3260 tantum

503 3295 624 3334 cum
647 3280 867 3336 Daniele
890 3292 944 3336 et
971 3281 1071 3339 Job
1095 3285 1150 3338 in
1182 3286 1267 3340 die
1291 3285 1480 3355 judicii
1505 3290 1812 3349 liberandus
1840 3296 2069 3362 dicatur,

502 3369 780 3425 Ezechiele
800 3380 1108 3439 attestante,
1132 3376 1224 3444 qui
1252 3378 1328 3432 ait
1356 3393 1370 3432 :
1407 3378 1468 3434 Si
1494 3381 1840 3450 pestilentiam
1895 3387 2071 3440 immi-

499 3475 614 3512 sero
658 3477 813 3531 super
851 3471 1044 3516 terram
1084 3463 1259 3530 illam,
1291 3476 1339 3520 et
1388 3469 1618 3536 e/fudero
1662 3471 2071 3543 indignationem

500 3567 668 3604 meam
701 3569 856 3624 super
896 3571 1010 3607 eam
1054 3554 1110 3609 in
1152 3560 1486 3628 sanguinem,
1528 3563 1864 3632 utauferam
1903 3583 1968 3620 ex
2008 3584 2073 3622 ea

500 3641 759 3696 hominem
781 3652 827 3697 et
839 3644 1162 3713 jumentum,
1188 3656 1234 3700 et
1261 3646 1375 3701 Noe
1396 3658 1443 3702 et
1466 3644 1654 3704 Daniel
1675 3660 1721 3705 et
1751 3653 1849 3706 Job
1876 3655 2070 3723 fuerint

499 3737 555 3790 in
575 3736 744 3789 medio
769 3737 902 3807 ejus,
921 3739 1027 3792 vivo
1043 3755 1155 3808 ego,
1174 3738 1299 3794 dicit
1313 3741 1565 3797 Dominus
1587 3743 1740 3810 Deus,
1759 3749 1881 3817 quia
1897 3748 2069 3816 ﬁlium

499 3834 546 3876 et
568 3823 735 3892 filiam
758 3843 860 3879 non
884 3826 1190 3894 liberabunt,
1206 3830 1295 3883 sed
1318 3831 1416 3901 ipsi
1429 3833 1639 3902 justitia
1661 3852 1758 3889 sua
1782 3836 2068 3892 liberabant

500 3915 704 3969 animas
728 3933 852 3969 suas
883 3917 1250 3993 (Ezech.x1v).
1297 3923 1353 3977 In
1395 3926 1588 3993 quibus
1644 3928 1816 3984 tribus
1869 3932 2069 3986 sanctis

500 4005 676 4059 omnis
707 4016 1013 4063 sanctorum
1041 4013 1326 4071 multitudo
1344 4018 1604 4088 signatur,
1628 4030 1686 4076 ut
1712 4038 1810 4091 per
1831 4024 1942 4080 Noe
1967 4027 2070 4082 Ec-

499 4095 677 4150 clesia:
713 4095 1116 4166 gubernatores,
1147 4121 1244 4174 per
1287 4104 1558 4164 Danielem
1595 4113 1829 4183 virgines
1863 4126 1917 4171 et
1944 4134 2069 4172 con-

500 4187 754 4254 tinentes,
783 4204 880 4260 per
907 4186 1006 4246 Job
1037 4195 1302 4266 conjugati
1332 4207 1385 4252 et
1408 4202 1727 4267 ptenitentes
1754 4205 2063 4263 innuantur.

496 4279 603 4333 Aut
622 4280 741 4350 quis
752 4283 1023 4338 Abraham
1044 4289 1407 4354 patriarcham
1429 4307 1685 4348 accusare
1707 4296 1954 4352 aﬂ'ectet?
1975 4302 2065 4370 qui

496 4377 578 4423 est
594 4370 768 4438 prima
795 4373 1124 4426 credentium
1153 4376 1236 4428 via
1265 4385 1317 4429 et
1346 4379 1486 4433 beati
1517 4384 1737 4440 seminis
1775 4403 1927 4442 serus
1970 4406 2066 4458 pa-

498 4467 598 4524 ter,
615 4461 700 4515 cui
732 4477 837 4516 non
869 4462 1052 4533 legalis
1072 4465 1427 4534 observantia,
1456 4471 1548 4524 sed
1577 4473 1704 4529 ﬁdes
1731 4479 2063 4536 credulitatis

496 4561 578 4605 est
607 4549 962 4620 adjustitiam
1002 4564 1278 4624 reputata;
1330 4561 1419 4628 qui
1469 4562 1784 4621 Trinitatem
1828 4569 1882 4622 in
1937 4579 2061 4640 typo

494 4641 700 4708 videns,
740 4653 794 4698 et
839 4645 1096 4699 unitatem
1145 4647 1199 4700 in
1252 4650 1509 4720 mysterio
1569 4668 1850 4722 venerans,
1895 4659 2060 4714 divini

489 4730 674 4801 judicii
709 4748 924 4799 arcana,
945 4744 999 4789 et
1027 4737 1091 4791 de
1122 4737 1346 4810 conjuge
1371 4757 1475 4795 anu
1509 4743 1862 4812 suscipiendm
1904 4751 2061 4806 sobo-

494 4824 558 4878 lis
575 4827 895 4892 stupendum
921 4827 1240 4909 miraculum
1262 4833 1446 4887 audire
1469 4838 1792 4904 promeruit;
1813 4841 1903 4909 qui
1937 4842 2059 4898 ﬁdei

493 4914 645 4984 cujus
697 4914 809 4986 ipse
869 4908 1159 4987 specimen
1190 4924 1400 4987 tenuit,
1455 4923 1662 4980 futuras
1707 4908 1849 4982 circa
1899 4931 2060 4987 ﬁnem

494 5006 674 5060 mundi
708 5011 980 5076 angustias
1025 5009 1319 5079 ﬁguraliter
1359 5015 1545 5081 sensit,
1574 5031 1696 5071 cum
1725 5018 1867 5073 circa
1901 5021 2059 5077 ﬁnem

493 5095 596 5150 diei
624 5104 799 5151 terror
831 5099 1028 5158 nimius
1059 5109 1112 5154 et
1141 5105 1453 5160 tenebrosus
1502 5122 1664 5177 super
1709 5125 1831 5164 eum
1884 5112 2058 5168 irruit.

494 5184 597 5237 Aut
637 5188 756 5254 quis
791 5188 1008 5259 Moysen
1061 5190 1417 5261 legislatorem
1447 5211 1701 5252 accusare
1741 5204 2063 5274 praesumat?

493 5272 559 5325 de
593 5287 698 5341 quo
724 5278 981 5347 scriptum
1013 5289 1126 5345 est,
1156 5283 1297 5351 quod
1343 5293 1489 5340 esset
1538 5287 1857 5344 mitissimus
1902 5272 2062 5360 super

492 5375 679 5414 omnes
703 5366 793 5432 qui
831 5371 1176 5425 morabantur
1202 5373 1255 5426 in
1283 5381 1424 5428 terra
1443 5415 1458 5440 ,
1485 5377 1576 5444 qui
1617 5379 1668 5431 in
1702 5387 1827 5449 typo
1857 5380 2058 5438 Christi

495 5458 756 5512 mediator
782 5462 920 5518 inter
952 5467 1117 5520 Deum
1149 5477 1203 5522 et
1240 5469 1483 5524 homines
1511 5473 1811 5528 consistens
1847 5475 2061 5531 devicto

496 5547 821 5615 nequissimo
870 5552 1023 5629 hoste
1075 5557 1324 5624 populum
1380 5559 1445 5613 de
1498 5561 1753 5615 servitute
1807 5562 2061 5634 Aigyptia

496 5636 661 5707 signis
687 5653 746 5692 ac
770 5643 1024 5713 prodigiis
1047 5647 1376 5724 terribilibus
1402 5649 1672 5706 liberavit.
1701 5652 1805 5709 Aut
1837 5653 2061 5709 Samue-

2177 1852 2327 1916 bant,
2353 1850 2590 1919 inquam,
2615 1851 2782 1905 sancti
2807 1851 2919 1905 sive
2945 1861 3070 1906 ante
3102 1852 3296 1923 legem,
3322 1852 3439 1907 sive
3477 1856 3582 1908 sub
3621 1853 3755 1923 lege,

2177 1940 2440 1995 sacriﬁcia
2464 1939 2654 2011 typicis
2680 1942 2951 2011 mysteriis
2969 1943 3308 2009 obumbrata,
3332 1959 3456 2014 qua:
3510 1944 3568 1998 in
3618 1961 3756 1999 novo

2179 2038 2497 2089 testamento
2518 2048 2615 2104 per
2637 2035 2987 2090 mediatorem
3001 2034 3094 2090 Dei
3109 2045 3162 2090 et
3183 2036 3488 2101 hominum,
3519 2037 3756 2108 expulsis

2176 2123 2508 2179 obumbratis
2529 2126 3074 2196 prmﬁgurationibus,
3104 2137 3228 2182 sunt
3248 2129 3518 2199 completa
3536 2170 3552 2194 ,
3577 2139 3634 2184 et
3659 2130 3755 2184 Ec-

2177 2209 2354 2267 clesiae
2390 2212 2608 2279 tradita,
2637 2214 2834 2284 quibus
2858 2231 3026 2286 usque
3054 2217 3111 2271 in
3136 2218 3295 2272 ﬁnem
3317 2219 3435 2288 ipso
3457 2218 3756 2272 auxiliante

2177 2302 2282 2355 erit
2308 2309 2582 2356 contenta.
2607 2302 2716 2359 Cur
2749 2320 2876 2375 ergo
2911 2307 3115 2376 antiqui
3142 2316 3320 2376 patres
3346 2308 3643 2362 visibiliter
3667 2323 3753 2362 sa-

2176 2390 2534 2446 criﬁcaverint
2583 2403 2637 2448 et
2686 2395 2923 2450 carnalia
2975 2395 3240 2452 sacriﬁcia
3286 2397 3397 2452 Deo
3449 2398 3748 2460 litaverint,

2173 2481 2318 2535 beati
2343 2482 2625 2552 Augustini
2655 2486 2833 2540 verbis
2873 2485 3039 2541 lector
3084 2495 3362 2557 agnoscat.
3405 2487 3500 2541 Ait
3538 2489 3690 2542 enim
3735 2503 3750 2541 :

2182 2590 2200 2623 ι
2244 2573 2371 2640 Quae
2391 2583 2517 2630 sunt
2539 2576 2701 2630 etiam
2739 2592 2892 2632 sacra
2919 2577 3200 2647 spiritalia,
3222 2593 3452 2648 quorum
3481 2578 3756 2648 imagines

2176 2665 2448 2721 carnalem
2492 2667 2748 2736 populum
2795 2669 3067 2724 celebrare
3091 2671 3392 2737 oportebat,
3411 2676 3472 2724 ut
3497 2669 3763 2740 praeﬁgit.

2176 2761 2315 2814 ratio
2354 2760 2478 2814 novi
2531 2760 2708 2830 populi
2773 2762 3030 2816 servitute
3075 2762 3274 2817 veteris
3318 2763 3492 2826 ﬁeret,
3517 2777 3762 2830 quorum

2176 2852 2403 2906 duorum
2430 2851 2747 2921 populorum
2774 2852 3126 2908 differentiam
3151 2854 3314 2908 etiam
3341 2854 3396 2907 in
3420 2869 3762 2923 unaquaque

2158 2952 2419 2998 nostrum
2440 2943 2566 2999 licet
2588 2944 2888 3010 advertere,
2903 2959 3024 2999 cum
3046 2945 3272 3016 quisque
3291 2945 3358 2999 ab
3381 2953 3534 2999 utero
3554 2945 3764 2999 matris

2175 3041 2413 3088 veterem
2438 3033 2709 3088 hominem
2736 3049 2956 3090 necesse
2984 3043 3066 3091 est
3088 3043 3228 3106 agat,
3254 3035 3423 3090 donec
3460 3035 3654 3088 veniat
3691 3036 3765 3089 ad

2099 3098 2145 3163 θ
2167 3123 2460 3194 juvenilem
2485 3133 2721 3192 aetatem,
2736 3127 2828 3182 ubi
2843 3125 2958 3196 jam
2976 3143 3082 3184 non
3103 3098 3187 3182 est
3204 3098 3425 3182 necesse
3449 3127 3766 3181 carnaliter

2174 3229 2382 3284 sapere,
2411 3216 2506 3271 sed
2540 3225 2717 3285 potest
2740 3217 2809 3272 ad
2842 3218 3103 3287 spiritalia
3125 3218 3398 3273 voluntate
3425 3217 3682 3272 converti
3702 3227 3764 3274 et

2173 3305 2496 3362 intrinsecus
2525 3307 2835 3378 regenerari
2865 3322 2881 3361 :
2925 3308 3067 3378 quod
3105 3324 3232 3379 ergo
3271 3308 3326 3362 in
3371 3322 3477 3362 uno
3523 3305 3765 3361 homine

2173 3404 2320 3450 recte
2343 3397 2570 3452 educato
2593 3399 2781 3453 ordine
2812 3406 3019 3453 naturae
3053 3397 3435 3467 disciplinaque
3453 3397 3761 3468 contingit,

2172 3485 2275 3542 hoc
2320 3487 2664 3557 proportione
2707 3488 2763 3543 in
2808 3489 3060 3544 universo
3102 3503 3298 3560 genere
3337 3489 3571 3542 humano
3627 3488 3762 3542 ﬁeri

2172 3590 2268 3644 per
2290 3577 2523 3632 divinam
2559 3579 2971 3647 providentiam,
2997 3579 3284 3651 peragique
3322 3578 3764 3649 pulcherrimum

2170 3673 2271 3721 est.
2317 3686 2336 3719 ι

2761 3759 2984 3816 CAPUT
3021 3759 3161 3815 XIX.

2172 3872 2366 3928 Contra
2388 3889 2475 3950 eos
2497 3873 2587 3943 qui
2607 3873 2789 3950 dicunt
2815 3888 2838 3950 _:
2877 3871 2933 3926 Si
2965 3880 3184 3926 sanctus
3205 3869 3534 3950 Epiphanms
3557 3869 3761 3939 imagi-

2238 3957 2366 3996 num
2407 3941 2710 3996 destructor
2755 3941 2855 3996 fuit
2898 3951 2952 3995 et
2991 3956 3174 3995 earum
3218 3941 3574 4000 abominator,
3607 3953 3760 4006 quo-

2238 4012 2398 4090 modo
2429 4011 2545 4090 ejus
2573 4013 2816 4090 discipuli
2850 4011 3112 4090 imagines
3139 4010 3493 4090 depingebaut
3537 4010 3591 4061 in
3639 4008 3761 4090 Cy-

2237 4078 2476 4150 priorum
2525 4078 2723 4145 insula,
2746 4083 2799 4136 in
2851 4078 3047 4150 templo
3090 4083 3232 4150 quod
3280 4078 3521 4150 ejusdem
3568 4082 3758 4147 patris

2237 4147 2453 4206 nomine
2479 4153 2844 4216 titulaverunt,
2871 4147 2988 4203 cum
3017 4147 3247 4203 videlicet
3267 4147 3432 4202 multa
3451 4149 3759 4216 pingantur

2237 4237 2354 4291 qua:
2373 4238 2475 4274 non
2499 4222 2803 4291 adorantur,
2828 4231 2875 4274 et
2911 4220 3208 4291 plerumque
3233 4238 3265 4273 a
3296 4219 3441 4272 bonis
3467 4219 3752 4287 magistris

2238 4289 2364 4343 mali
2390 4290 2628 4362 discipuli
2651 4292 2908 4344 oriantur.

2241 4384 2425 4454 Magna
2455 4400 2511 4438 se
2549 4384 2603 4438 in
2631 4384 2732 4437 hac
2772 4392 2924 4453 parte
2955 4381 3030 4437 illi
3073 4384 3136 4438 de
3170 4382 3362 4451 quibus
3400 4395 3583 4435 sermo
3615 4386 3743 4446 est,

2095 4454 2148 4517 ι)
2170 4473 2234 4527 ad
2272 4489 2424 4526 suum
2460 4487 2698 4527 errorem
2733 4471 2985 4525 tuendum
3015 4485 3288 4524 armorum
3321 4470 3588 4539 reperisse
3614 4488 3754 4540 gra-

2171 4564 2412 4618 tulantur
2455 4564 2844 4626 instrumenta,
2879 4577 2943 4616 eo
2989 4564 3131 4630 quod
3179 4562 3232 4615 in
3277 4562 3448 4616 insula
3484 4560 3673 4632 Cypro
3719 4580 3750 4615 a

2169 4653 2445 4722 cujusdam
2472 4653 2640 4706 sancti
2668 4653 2771 4705 viri
2797 4650 3080 4721 Epiphanii
3106 4651 3382 4721 discipulis
3407 4652 3634 4706 basilica
3661 4653 3752 4706 di-

2169 4753 2321 4800 catur
2351 4743 2513 4797 luisse
2547 4743 2773 4812 depicta,
2802 4742 2954 4811 quasi
2977 4741 3121 4795 nulla
3147 4755 3232 4795 res
3254 4741 3424 4810 possit
3446 4743 3596 4811 pingi
3620 4759 3750 4810 quae

2167 4853 2274 4890 non
2309 4836 2560 4891 continuo
2606 4835 2797 4889 debeat
2823 4833 3054 4888 adorari.
3096 4833 3230 4887 Cum
3261 4847 3392 4902 ergo
3441 4833 3746 4902 imaginum

2167 4925 2527 4980 liabendarum
2554 4923 2636 4978 vel
2663 4939 2768 4977 non
2793 4920 3157 4976 babendarum
3181 4937 3309 4974 usus
3338 4936 3443 4974 non
3480 4919 3745 4988 prmjudi-

2164 5025 2248 5069 cct
2273 5014 2550 5069 catholica:
2577 5012 2696 5068 ﬁdei
2721 5013 2962 5081 puritati,
2990 5019 3200 5067 constat
3220 5008 3470 5087 eumdem
3495 5003 3741 5079 Epipha~

2163 5109 2310 5161 nium
2344 5106 2456 5161 sive
2485 5105 2648 5159 alium
2677 5105 2966 5174 quemlibet
2988 5097 3231 5160 sanctum
3256 5104 3455 5170 virum,
3484 5119 3586 5159 nec
3607 5105 3741 5158 ima-

2163 5200 2345 5269 ginum
2384 5195 2549 5253 fuisse
2582 5198 2991 5259 destructorem,
3031 5211 3130 5250 nec
3155 5209 3341 5250 earum
3371 5195 3732 5258 adoratorem,

2164 5290 2558 5360 discipulosque
2589 5287 2704 5356 ejus
2726 5289 2810 5342 vel
2838 5287 3102 5357 quoslibet
3130 5289 3425 5344 catholicos
3443 5290 3592 5343 viros
3623 5304 3732 5343 non

2165 5383 2285 5436 ideo
2328 5382 2578 5436 basilicas
2617 5381 2854 5436 colorum
2897 5381 3034 5436 fucis
3063 5381 3387 5451 depinxisse,
3419 5391 3478 5437 ut
3504 5383 3734 5452 pictum

2166 5472 2540 5534 adorareutur,
2570 5471 2663 5524 sed
2688 5478 2745 5524 ut
2769 5485 2834 5524 ex
2862 5471 2942 5525 eis
2965 5472 3264 5540 parietibus
3285 5471 3632 5539 pulchritudo
3652 5471 3736 5524 in-

2164 5559 2414 5624 ferretur,
2443 5567 2497 5614 et
2528 5575 2707 5614 rerum
2747 5569 3018 5629 gestarum
3052 5561 3438 5630 aspicientibus
3470 5559 3733 5614 memoria

2165 5653 2513 5709 ingereretur.
2567 5652 2679 5707 Non
2711 5654 2853 5708 enim
2915 5655 3039 5724 quia
3067 5654 3347 5724 Epiphanii
3385 5653 3634 5725 discipuli
3670 5653 3732 5706 in
