4016 6292
199 293 360 353 ιω

996 286 1176 345 LIBRI
1209 286 1552 350 CAROLINI.
1590 316 1662 329 —
1691 283 1913 345 CAPIT.
1955 284 2044 342 DE
2086 284 2277 344 IMAG.
2316 315 2388 330 -—
2425 287 2557 344 LIB.
2595 287 2681 345 IV.

3326 294 3503 379 me

203 409 398 467 insula
427 406 606 480 Cypro
630 403 913 463 basilicam
951 403 1255 475 depinxisse
1297 403 1650 476 perhibentur
1667 440 1681 469 ,
1711 401 1796 456 id-
1826 404 1881 466 Α
1903 397 2030 455 leris
2049 401 2446 471 perpetratione
2465 401 2736 470 cohibuit;
2767 403 2882 474 qui,
2908 404 3123 477 cognita
3148 407 3231 464 sui
3255 411 3480 474 sceleris

203 500 369 556 circo
416 498 681 569 imagines
730 497 1116 564 adorabuntur,
1167 497 1425 567 quoniam
1467 511 1577 553 non
1620 495 1802 552 omnia
1905 489 2457 565 nequitia,indignam
2480 493 2647 550 vitam
2663 493 2823 566 digna
2844 505 3020 552 morte
3039 496 3244 566 finivit;
3272 501 3340 558 de
3363 518 3475 574 quo

200 608 340 663 quae
383 591 680 662 pinguntur
716 587 972 659 protinus.
987 589 1302 644 adorantur.
1345 586 1477 655 Quae
1501 587 1549 643 si
1591 586 1799 658 singula

201 683 436 740 adorari
478 681 756 746 deberent,
799 694 985 750 pauca:
1029 679 1319 736 admodum
1365 687 1628 735 creatura:
1675 693 1798 748 quae

201 790 329 830 non
379 772 766 838 adorarentur,
816 777 1180 829 remanerent.
1224 770 1511 827 Cernimus
1562 785 1798 841 namque

199 868 270 923 in
310 865 542 922 metallis
572 863 892 921 conflatorio
917 863 1032 918 sive
1055 862 1350 934 sculptorio
1370 877 1552 934 opere,
1575 861 1632 918 in
1651 875 1798 932 gem-

199 961 322 1015 mis
346 958 757 1029 insignibusque
781 955 1050 1027 lapidibus
1083 955 1218 1010 mira
1255 954 1542 1032 sculpturis
1571 961 1708 1021 arte,
1735 953 1794 1008 in

203 1051 578 1110 marmoribus
627 1050 948 1120 ceterisque
991 1048 1259 1120 lapidibus
1303 1048 1628 1107 latomorum
1677 1047 1795 1102 sive

203 1146 546 1214 sculptorum
575 1142 863 1209 industria,
916 1142 974 1196 in
1014 1140 1176 1212 lignis
1213 1139 1484 1197 caalatoris
1513 1138 1790 1209 scalpello,

204 1237 265 1292 in
317 1234 641 1292 lithostrotis
694 1234 1038 1291 diversomm
1083 1233 1325 1290 colorum
1371 1248 1469 1304 per
1527 1231 1795 1290 artificem

201 1327 608 1399 compaginatis
631 1325 910 1392 crustulis,
949 1326 1007 1382 in
1027 1326 1240 1394 sericis,
1269 1327 1442 1383 laneis
1477 1339 1579 1383 nec
1599 1342 1710 1383 non
1733 1335 1791 1384 et

199 1417 366 1474 lineis
386 1415 819 1473 multicoloribus
838 1417 1082 1474 vestibus
1117 1417 1384 1487 plumario
1405 1416 1786 1494 polymitario-

201 1525 315 1582 quo
339 1523 505 1579 opere
540 1507 802 1564 formatas
829 1508 1112 1581 imagines.
1142 1508 1395 1581 Nunquid
1422 1509 1547 1579 quia
1574 1507 1786 1580 praefati

200 1601 328 1665 viri,
368 1599 544 1658 sancti
586 1598 797 1656 scilicet
833 1597 1120 1671 Epiphanii
1142 1640 1159 1667 ,
1213 1599 1460 1670 discipuli
1505 1599 1564 1654 in
1601 1597 1781 1669 Cypro

198 1689 492 1748 basilicam
503 1688 882 1760 depinxerunt,
897 1690 1102 1746 idcirco
1118 1703 1310 1746 omnes
1321 1688 1610 1747 adorandae
1626 1695 1752 1746 sunt
1765 1689 1790 1744 i

1904 583 1983 640 ait
2007 583 2298 642 Sedulius:

2085 679 2224 733 Tunc
2245 681 2320 730 vir
2342 680 2647 745 apostolicus,
2675 693 2805 735 nunc
2823 682 2934 736 vilis
2956 689 3174 748 apoststa
3199 686 3373 741 factus.

1901 759 2154 820 Nicolaus
2180 778 2396 835 quoque
2417 765 2711 837 discipulus
2741 768 3110 839 apostolorum
3149 780 3204 827 et
3229 772 3374 830 inter
3395 789 3480 832 se-

1899 861 2044 924 ptem
2060 870 2166 911 una
2188 871 2315 912 cum
2333 857 2492 913 beato
2517 857 2792 928 Stephano
2813 859 2866 914 in
2886 861 3097 916 diaconi
3120 861 3481 925 ministerium

1901 956 2268 1015 consecratus,
2309 949 2570 1018 neglectis
2614 950 2959 1021 postmodum
2993 953 3258 1009 bonorum
3306 957 3480 1027 magi-

1898 1045 2140 1095 strorum
2157 1040 2437 1106 doctrinis,
2463 1041 2580 1098 sive
2601 1042 2870 1098 bonorum
2901 1043 3359 1103 condiaconorum
3390 1064 3482 1107 so-

1899 1133 2207 1202 cietatibus,
2259 1134 2648 1192 haeresiarches
2690 1144 2774 1192 est
2801 1136 3046 1206 effectus,
3093 1147 3148 1194 ct
3177 1140 3268 1210 qui
3303 1143 3477 1198 hono-

1899 1239 2020 1280 rum
2064 1238 2290 1294 operum
2317 1225 2577 1280 exercitia
2615 1227 2877 1296 exemplis
2905 1228 3022 1284 sive
3047 1230 3248 1299 verbis,
3266 1240 3327 1288 ut
3351 1242 3479 1304 poto

1897 1314 2194 1387 discipulus
2214 1315 2599 1387 apostolorum,
2627 1317 2914 1376 instituere
2933 1319 3136 1387 debuit,
3155 1325 3478 1391 permutatis

1895 1409 1955 1464 in
1977 1409 2318 1466 contrarium
2346 1409 2557 1467 vicibus
2598 1411 2713 1482 ipse
2757 1411 3003 1469 nefanda:
3032 1414 3258 1472 haeresis
3299 1418 3478 1474 scelus

1894 1498 2150 1567 instituit,
2182 1499 2248 1555 de
2273 1513 2380 1569 qua
2409 1499 2466 1554 in
2506 1499 2829 1572 Apocalypsi
2875 1501 3178 1558 scribitur:
3227 1504 3335 1560 Sed
3379 1507 3477 1560 hoc

1891 1589 2052 1644 habes
2079 1590 2219 1661 quod
2240 1591 2398 1645 odisti
2427 1589 2569 1660 facta
2602 1590 3012 1659 Nicolaitarum,
3040 1611 3157 1665 qua:
3178 1604 3226 1650 et
3252 1612 3344 1667 ego
3387 1597 3478 1652 odi

1894 1680 2078 1753 (Apoc.
2125 1681 2212 1754 ιι).
2243 1682 2300 1738 Si
2322 1697 2453 1754 ergo
2500 1683 2626 1740 boni
2660 1685 2937 1754 prophetae
2981 1686 3157 1743 malus
3183 1687 3478 1759 discipulus

199 1792 299 1838 aut
325 1781 454 1852 quia
503 1780 581 1836 illi
623 1781 853 1837 diversis
891 1781 1136 1838 materiis
1179 1781 1359 1837 locum
1382 1788 1785 1838 exornaverunt
1819 1767 1873 1832 Β
1894 1779 2121 1845 propter
2147 1774 2430 1829 avaritiam
2460 1775 2800 1844 reprobatlll‘,
2827 1783 2882 1832 θι
2907 1776 3035 1832 Ι)οηί
3061 1779 3333 1849 magistri,
3374 1780 3480 1836 D0-

199 1875 390 1931 divino
411 1871 580 1929 cultui
609 1873 933 1940 dedicatum,
983 1874 1106 1930 ideo
1139 1874 1208 1930 ad
1248 1873 1488 1946 singulas
1531 1875 1791 1933 materias

198 1993 340 2050 quas
372 1972 736 2047 praemisimus
769 1989 870 2045 pro
898 1973 1227 2047 imaginibus
1267 1987 1388 2044 quae
1410 1971 1572 2028 eisin
1614 1971 1791 2042 subje-

196 2079 292 2128 cto
322 2081 448 2128 sunt
473 2071 714 2130 curvatis
738 2069 1069 2140 poplitibus,
1099 2066 1256 2124 ﬂexis
1301 2067 1622 2135 cervicibus,
1664 2082 1787 2124 cre-

197 2162 581 2221 brescentibus
609 2162 876 2234 suspiriis,
907 2159 1202 2216 sublevatis
1231 2153 1546 2215 reverenter
1575 2174 1639 2215 ac
1674 2158 1791 2229 ple-

194 2272 432 2328 rumque
469 2256 806 2314 semiclausis
845 2252 1156 2318 luminibus,
1189 2266 1221 2307 a
1257 2251 1508 2308 fidelibus
1535 2258 1622 2307 est
1659 2266 1786 2307 cur-

195 2349 469 2407 rendum?
497 2348 618 2407 Non
649 2348 817 2421 igitur
841 2359 1180 2416 consequens
1203 2352 1290 2400 est
1332 2351 1394 2399 ut
1430 2358 1529 2414 pro
1552 2357 1618 2400 eo
1644 2344 1788 2414 quod

199 2441 278 2497 illi
303 2439 584 2496 basilicam
606 2439 850 2511 pinxisse
873 2436 1148 2502 dicuntur,
1178 2434 1442 2507 imagines
1469 2434 1783 2490 adorentur.

198 2533 388 2589 Potest
406 2533 583 2589 etiam
609 2531 739 2586 huic
765 2529 983 2586 illorum
1009 2525 1301 2596 objectioni
1325 2525 1470 2581 aliud
1493 2524 1789 2580 rationabi-

193 2622 324 2679 liter
352 2620 570 2693 opponi,
612 2627 675 2675 ut
701 2617 917 2676 illorum
943 2616 1174 2673 assertio
1198 2614 1341 2671 sicut
1367 2613 1488 2670 aliis
1528 2612 1789 2683 objectio-

196 2715 361 2770 nibus
389 2711 633 2782 nequivit
659 2708 878 2772 muniri,
906 2707 983 2762 ita
1013 2707 1180 2762 etiam
1210 2719 1312 2761 nec
1338 2706 1442 2762 hac
1461 2719 1678 2776 quoque
1696 2703 1788 2760 de-

193 2808 344 2881 picta
374 2806 444 2861 ab
470 2802 758 2875 Epiphanii
802 2798 1084 2870 discipulis
1107 2797 1332 2854 basilica
1370 2796 1551 2852 valeat
1575 2794 1782 2862 astrui,

195 2895 504 2971 praesertim
528 2909 653 2950 cum
678 2892 780 2949 etsi
805 2891 1046 2962 ejusdem
1067 2889 1243 2945 sancti
1272 2888 1380 2944 viri
1398 2886 1786 2958 discipulorum

196 2999 500 3045 consensus
535 2999 568 3039 a
603 2998 663 3039 se
703 2981 904 3038 inditas
933 2979 1233 3052 parietibus
1274 2979 1515 3051 picturas
1556 2976 1789 3033 adorare

198 3076 522 3141 censuisset,
548 3072 753 3129 nullam
779 3070 896 3142 ejus
932 3071 1044 3126 vim
1073 3084 1302 3127 censura
1354 3068 1602 3134 haberet,
1646 3082 1784 3138 quo-

1895 1865 2030 1920 mini
2065 1864 2275 1920 scilicet
2313 1871 2368 1921 et
2397 1864 2695 1921 Salvatoris
2745 1866 2940 1932 nostri,
2977 1867 3272 1938 discipulus
3295 1867 3384 1924 fur
3425 1879 3480 1927 et

1892 1956 2140 2028 proditor
2163 1954 2388 2012 effectus
2415 1956 2778 2023 abominatur,
2816 1965 2872 2012 et
2903 1965 3213 2014 sanctorum
3267 1943 3481 2029 aposto-

1894 2045 2072 2103 lorum
2100 2047 2275 2103 malus
2306 2047 2601 2118 discipulus
2633 2056 2858 2120 propter
2882 2048 3110 2120 impium
3140 2049 3337 2121 dogma
3364 2069 3396 2108 a
3421 2071 3481 2110 se

1894 2139 2202 2194 institutum
2224 2147 2556 2204 exsecratur,
2592 2139 2722 2208 quid
2753 2141 2956 2195 mirum
2987 2141 3036 2196 si
3066 2156 3098 2196 a
3123 2142 3268 2199 bono
3309 2146 3482 2217 magi-

1895 2236 2010 2286 stro
2034 2230 2338 2300 Epiphanio
2376 2230 2712 2300 picturarum
2741 2230 3112 2286 adorationem
3141 2231 3480 2291 instituendo

1893 2319 2022 2376 mali
2047 2320 2298 2392 discipuli
2314 2319 2736 2378 eﬂiciuntur?Et
2759 2321 2865 2378 hoc
2882 2321 3125 2380 dicentes
3148 2340 3257 2382 non
3279 2339 3373 2383 eos
3395 2343 3481 2384 re-

1891 2411 2437 2481 probosjudicamus,
2482 2413 2681 2484 quippe
2711 2427 2836 2469 cum
2861 2426 3052 2470 eorum
3077 2415 3246 2473 vitam
3270 2426 3326 2474 et
3350 2434 3481 2476 eon-

1891 2505 2260 2562 versationem
2302 2507 2630 2574 nesciamus,
2671 2507 2768 2562 sed
2811 2508 3090 2578 proposita
3131 2511 3482 2569 conditionali

1890 2595 2177 2666 particula,
2203 2596 2251 2653 si
2278 2598 2520 2668 picturas
2546 2598 2780 2654 adorare
2811 2607 3168 2669 censuerunt,
3185 2601 3258 2656 in
3282 2615 3348 2658 eo
3386 2617 3481 2660 eos

1891 2699 2154 2741 erroneos
2205 2701 2602 2744 asseveramus.
2657 2688 3000 2759 Aspiciamus
3038 2704 3168 2762 ergo
3212 2691 3479 2749 Novatum

1890 2775 2147 2849 Cypriani
2169 2778 2406 2850 episcopi
2431 2779 2810 2850 presbyterum
2833 2779 3191 2837 Novatianam
3213 2783 3478 2841 hmresem

1892 2871 2219 2938 condidisse,
2247 2879 2302 2928 et
2328 2886 2486 2926 suum
2516 2872 2802 2928 arbitrium
2832 2882 3078 2929 secutum
3107 2876 3282 2932 sancti
3305 2879 3484 2949 magi»

1891 2962 1995 3018 Stri
2040 2963 2248 3018 monita
2295 2963 2595 3034 sprevisse;
2633 2963 2827 3018 Arium
2876 2978 3091 3034 quoque
3123 2980 3156 3020 a
3210 2967 3482 3025 catholico

1895 3055 2157 3128 magistro
2183 3057 2461 3113 eruditum
2509 3056 2760 3114 novimus
2811 3057 2999 3127 fuisse,
3041 3067 3097 3115 et
3136 3062 3484 3131 postmodum

200 3129 712 3240 $43155,“un
746 3181 778 3222 ε
804 3129 989 3222 ’δοηίε
1035 3161 1312 3234 magistris
1346 3161 1487 3218 bene
1534 3129 1782 3230 ἀίέοίὶιηιί
1814 3129 1865 3197 ε
1895 3147 2192 3240 exitiabilis
2217 3148 2486 3220 dogmatis
2521 3163 2690 3221 grana
2737 3149 3056 3206 seminasse.
3095 3129 3236 3219 Quid
3273 3154 3339 3209 de
3371 3155 3483 3210 sin-

198 3263 434 3326 educati,
461 3259 804 3331 postmodum
845 3256 1090 3329 neglecta
1117 3254 1456 3311 institutione
1494 3253 1785 3325 magistro-

195 3369 323 3412 rum
350 3352 656 3409 efliciuntur
678 3349 941 3421 perversi.
966 3347 1121 3416 Quod
1146 3347 1193 3403 si
1223 3345 1409 3402 solerti
1437 3345 1784 3416 indagatione

201 3455 493 3520 qumratur,
523 3458 803 3501 sacrarum
827 3441 1131 3498 litterarum
1163 3436 1424 3507 exemplis
1461 3437 1784 3507 approbabi-

198 3548 308 3596 tur.
346 3538 527 3594 Elisaei
561 3537 729 3608 igitur
754 3535 860 3591 viri
887 3533 1061 3592 sancti
1091 3540 1147 3588 et
1174 3529 1405 3601 duplicis
1429 3529 1562 3585 Elia:
1586 3530 1784 3600 spiritu

200 3631 359 3690 ditati
397 3629 663 3700 discipulo
711 3635 895 3685 tantus
941 3625 1186 3699 pecuniae
1222 3639 1376 3680 amor
1422 3622 1671 3692 irrepsit,
1721 3632 1786 3679 ut

201 3731 458 3798 percepto
479 3721 798 3793 alienigena:
818 3731 1046 3776 munere
1063 3732 1096 3772 a
1112 3716 1376 3788 magistro
1397 3722 1582 3786 spreto
1594 3713 1786 3770 exitia-

199 3817 326 3874 bilis
341 3816 509 3872 etiam
527 3813 789 3886 aegritudo
808 3825 933 3867 eum
955 3808 1196 3866 fmdarit.
1222 3805 1343 3862 Non
1367 3805 1519 3862 illum
1541 3806 1784 3878 prophe-

200 3910 312 3966 tica
336 3906 621 3973 allocutio,
660 3920 768 3960 non
794 3902 1039 3975 magistri
1084 3899 1338 3966 eruditio,
1365 3913 1477 3956 non
1504 3899 1786 3970 signorum

197 3997 532 4057 terribilium
559 3995 818 4060 ostensio,
854 4007 964 4049 non
993 3990 1130 4048 tanti
1157 3990 1435 4062 propheta:
1483 3987 1787 4044 communis

196 4090 468 4149 habitatio
503 4105 536 4145 a
562 4096 730 4145 tanta:
761 4087 948 4159 pestis,
993 4085 1050 4142 id
1069 4092 1154 4141 est
1187 4082 1451 4148 avaritias,
1489 4081 1612 4138 labe
1638 4096 1786 4138 com-

195 4182 430 4254 pescuit,
464 4179 566 4236 sed
594 4178 822 4235 avaritia
851 4191 973 4250 quae
995 4190 1123 4232 eum
1149 4173 1370 4240 invasit,
1400 4172 1608 4244 lepram
1651 4187 1786 4242 quo-
1831 4205 1844 4219 ο

193 4289 301 4346 que
323 4273 374 4329 ei
401 4286 526 4328 cum
553 4271 679 4344 Syri
705 4285 874 4328 censu
895 4267 1110 4324 inussit.
1143 4265 1339 4322 Judam
1364 4264 1551 4331 etiam,
1588 4263 1655 4319 de
1677 4278 1786 4334 quo

187 4551 448 4605 tationem
482 4545 656 4617 (Psal.
686 4544 838 4617 xu);
872 4544 961 4600 cui
987 4541 1257 4614 quondam
1302 4538 1510 4596 dictum
1538 4545 1665 4594 est:
1701 4535 1780 4590 Tu

187 4657 316 4696 vero
373 4641 528 4694 homo
593 4632 883 4701 unanimis,
939 4633 1050 4688 duo;
1102 4648 1248 4688 meus
1307 4638 1356 4686 et
1403 4637 1556 4686 notus
1608 4643 1778 4695 meus,

183 4733 282 4804 qui
332 4729 492 4786 simul
552 4744 756 4785 mecum
824 4725 1002 4781 dulces
1066 4723 1305 4796 cupiebas
1371 4723 1510 4777 cibos
1577 4717 1779 4792 (Psal.

185 4838 253 4880 ιν
285 4825 351 4895 ),
395 4820 641 4894 neglecta
689 4819 820 4877 boni
889 4816 1139 4889 magistri
1187 4814 1496 4872 eruditione
1519 4853 1534 4881 ,
1592 4820 1648 4869 et
1697 4826 1783 4868 re-

183 4930 324 4971 vera
351 4913 623 4986 boni,°qui
661 4913 728 4970 de
759 4926 820 4969 se
845 4910 963 4980 ipso
993 4909 1132 4966 dixit
1169 4923 1184 4963 :
1217 4909 1302 4962 An
1329 4905 1514 4962 oculus
1538 4913 1660 4961 tuus
1688 4920 1779 4960 ne-

176 5023 352 5081 quam
375 5015 473 5075 est,
497 5006 628 5079 quia
658 5021 752 5077 ego
777 5004 942 5058 bonus
963 5018 1081 5057 sum
1106 5000 1320 5074 (Matth.
1344 4999 1473 5070 xx)?
1499 5005 1554 5054 et
1575 4997 1663 5053 cui
1684 5011 1782 5066 per

178 5098 369 5161 David
413 5096 613 5154 dicitur
651 5109 670 5150 :
714 5093 895 5150 Bonus
937 5110 1011 5160 es,
1038 5092 1281 5158 Domine,
1325 5090 1605 5145 bonitatem
1634 5098 1779 5143 tuam

175 5193 322 5247 doce
342 5186 464 5255 me;
493 5187 561 5244 de
586 5200 697 5258 quo
720 5184 885 5242 etiam
903 5199 1002 5255 per
1020 5182 1310 5240 Jeremiam
1339 5181 1537 5237 dicitur
1561 5194 1575 5235 :
1601 5179 1781 5234 Bonus

175 5292 260 5339 est
280 5280 542 5337 Dominus
569 5277 898 5350 sperantibus
926 5276 986 5331 in
1021 5292 1096 5341 se,
1128 5276 1320 5330 anima:
1345 5271 1598 5344 qucerenti
1625 5270 1778 5327 illum

176 5373 413 5445 (Thren.
465 5369 576 5443 ιιι),
602 5369 739 5425 adeo
762 5366 979 5439 capacis
1009 5365 1097 5422 vel
1138 5365 1375 5421 maxime
1403 5362 1618 5434 rapacis
1649 5375 1778 5419 ava-

172 5463 333 5519 ritias
360 5460 512 5518 furor
538 5458 786 5532 arripuit,
817 5467 878 5514 ut
905 5458 1228 5530 magistrum
1256 5455 1486 5528 prodere
1512 5471 1622 5512 non
1671 5455 1778 5512 dis-

173 5555 401 5623 tulerit,
431 5569 594 5626 quem
620 5568 728 5608 non
780 5552 944 5607 verba
989 5550 1248 5614 ccelcstia,
1284 5564 1394 5606 non
1436 5548 1561 5604 vitae
1606 5545 1777 5606 fontis

172 5649 491 5715 inundatio,
546 5661 657 5704 non
683 5647 961 5718 signorum
994 5643 1278 5709 exhibitio,
1314 5657 1425 5698 non
1473 5642 1774 5712 apostolica

153 5744 442 5817 societas,
474 5757 582 5799 non
607 5739 885 5811 apostolici
909 5739 1147 5796 nominis
1176 5737 1411 5814 dignitas
1431 5753 1464 5796 a
1493 5739 1630 5799 tanti
1655 5753 1775 5800 sce-

474 5838 743 5902 ΡΔϊιιοι.
785 5832 1066 5899 XCVIII.

1846 3248 1853 3266 ί
1891 3238 2032 3310 gulis
2059 3239 2332 3296 referam?
2364 3255 2501 3312 pene
2529 3255 2720 3297 omnes
2762 3242 3158 3298 haeresiarchas
3181 3245 3479 3304 catholico-

1889 3343 2016 3384 rum
2064 3337 2280 3385 constat
2307 3329 2475 3387 f'uisse
2503 3329 2816 3400 discipulos,
2869 3333 2995 3401 quia
3039 3349 3381 3404 nequaquam
3426 3337 3481 3393 in

1837 3445 1842 3450 -
1888 3434 1992 3476 suo
2019 3422 2239 3478 nomine
2265 3429 2479 3493 poterat
2500 3423 2752 3479 hzeresim
2773 3423 2895 3494 quis
2926 3423 3162 3491 titulare,
3194 3427 3296 3482 nisi
3330 3429 3482 3485 illam

1889 3526 1991 3568 suo
2020 3512 2250 3570 arbitrio
2285 3514 2596 3586 reperisset.
2633 3514 2840 3582 Quibus
2870 3515 3131 3587 exempli!
3176 3518 3470 3590 colligitur,

1888 3603 1968 3658 nil
2005 3605 2179 3661 sancti
2223 3605 2514 3678 Epiphanii
2539 3606 2819 3678 discipulis
2846 3609 3092 3679 magistri
3136 3611 3479 3669 sanctitatem

1887 3694 2180 3766 profuisse,
2205 3696 2252 3753 si
2276 3697 2345 3753 ab
2374 3696 2756 3754 ecclesiasticis
2793 3699 3270 3759 constitutionibus
3291 3712 3474 3774 spreta

1889 3786 2019 3844 boni
2041 3789 2289 3860 magistri
2312 3788 2618 3846 eruditione
2647 3793 2945 3848 creduntur
2972 3792 3232 3853 deviasse.

2492 3921 2720 3980 CAPUT
2757 3922 2878 3979 XX.

1893 4008 2048 4079 Quod
2073 4011 2367 4085 adulatorie
2403 4013 2769 4085 imperatorem
2797 4032 2951 4071 suum
2981 4017 3087 4072 sive
3113 4025 3334 4074 matrem
3363 4022 3483 4085 ejus

1962 4082 2214 4155 apostolis
2243 4082 2516 4155 coaequare
2558 4084 2658 4139 nisi
2686 4096 2807 4140 sunt
2845 4085 3074 4142 dicentes
3104 4105 3122 4142 :
3155 4087 3310 4146 Sicut
3347 4082 3479 4149 olim

1962 4153 2154 4209 salutis
2180 4153 2381 4233 nostra:
2428 4163 2634 4233 rector~
2651 4165 2706 4233 et
2731 4156 3014 4233 perfector
3041 4157 3198 4233 Jesus
3227 4165 3479 4233 proprios

1963 4239 2092 4298 suos
2113 4225 2386 4298 apostolos
2416 4226 2587 4282 sancti
2601 4224 2836 4298 Spiritus
2871 4228 3101 4285 induens
3124 4224 3480 4289 virt'utc’emi-

194 4296 301 4346 lluc
323 4296 374 4329 et
401 4296 526 4328 cum
553 4296 679 4344 Dyn
705 4296 874 4374 censu
895 4296 1110 4324 ιιιιωοιι.
1143 4296 1339 4322 auuauu
1364 4296 1551 4367 σιιιιςυι
1588 4296 1655 4319 υσ
1677 4296 1786 4366 ιιωξ
1855 4312 1920 4355 οἱ,
1962 4296 2056 4360 sit,
2084 4296 2226 4351 sicut
2249 4305 2306 4350 et
2338 4312 2485 4351 nunc
2526 4296 2656 4353 δυοέ
2683 4299 2978 4369 placabiles
3023 4309 3080 4356 et
3105 4303 3477 4370 apostolorum

194 4381 302 4439 per
328 4364 661 4437 Prophetam
690 4370 956 4434 scnptum
997 4367 1123 4416 est:
1163 4356 1338 4413 Homo
1364 4371 1509 4426 pacis
1545 4369 1674 4409 mete
1694 4371 1788 4426 qut
1857 4392 1870 4406 ο
1962 4365 2171 4439 similes
2199 4366 2385 4439 fideles
2411 4375 2628 4424 nostros
2664 4369 3020 4439 imperatores
3059 4371 3232 4426 erexit
3269 4373 3334 4428 de
3381 4390 3476 4431 eo-

187 4459 379 4514 edebat
407 4471 595 4528 panem
621 4469 794 4510 meum
821 4450 1090 4522 ampliauit
1116 4448 1392 4548 adversum
1420 4462 1503 4500 me
1528 4444 1778 4548 supple-n-
1810 4483 1866 4548 Β

1962 4365 2171 4439 similes
2199 4366 2385 4439 fideles
2411 4375 2628 4424 nostros
2664 4365 3020 4439 imperatores
3059 4365 3232 4426 erexit
3269 4373 3334 4428 de
3381 4390 3476 4431 eo-

1961 4436 2089 4491 dem
2110 4435 2344 4508 Spiritu
2367 4439 2660 4508 prudentes
2693 4435 2886 4507 factos,
2915 4449 2971 4496 et
2994 4439 3215 4498 idoneos
3237 4443 3478 4501 existen-

1964 4514 2050 4563 tes
2069 4506 2271 4568 virtute
2296 4506 2386 4564 ad'
2397 4509 2786 4580 perfectionem
2816 4518 3080 4567 noStram.

1963 4618 2225 4677 Sessuros
2271 4636 2398 4677 cum
2425 4622 2653 4680 Domino
2701 4622 2977 4695 apostolos
3027 4623 3094 4679 ad
3119 4622 3476 4693 iudicandum

1889 4711 2132 4783 ejusdem
2157 4712 2373 4769 Domini
2407 4714 2643 4771 veridica
2685 4729 2818 4769 voce
2851 4713 3196 4784 reperimus:
3241 4715 3361 4783 Vos,
3392 4717 3478 4773 in-

1889 4802 2027 4873 quit,
2056 4804 2146 4875 qui
2176 4805 2339 4858 secuti
2371 4805 2491 4859 estis
2519 4822 2620 4873 me,
2646 4805 2701 4859 in
2728 4804 3114 4875 regeneratione
3141 4821 3259 4860 cum
3286 4806 3478 4864 sederit

1888 4893 2066 4951 Filius
2091 4897 2316 4952 hominis
2341 4897 2399 4951 in
2422 4897 2542 4952 sede
2579 4895 2872 4966 majestatis
2902 4912 3034 4964 sum,
3056 4896 3299 4954 sedebitis
3322 4915 3473 4970 super
3517 4903 3526 4908 “

1889 4988 2166 5044 duodecim
2193 4990 2428 5056 thronos,
2445 4988 2749 5058 judicantes
2789 4987 3065 5044 duodecim
3104 4989 3271 5054 tribus
3305 4988 3478 5046 Israel

1891 5076 2044 5150 (Luc.
2068 5079 2227 5151 xxn),
2252 5093 2452 5150 eosque
2475 5094 2534 5135 se
2562 5078 2790 5150 elegisse
2804 5078 2870 5135 de
2891 5079 3176 5145 mundo,ut
3187 5079 3255 5136 de
3272 5082 3476 5138 mundo

1890 5188 1999 5228 non
2037 5181 2234 5237 essent,
2258 5170 2352 5227 sed
2378 5179 2437 5227 ut
2472 5170 2710 5228 fructum
2733 5171 3025 5245 plurimum
3045 5171 3324 5243 afferrent,
3355 5176 3474 5248 ipse

1889 5265 2151 5322 Dominus
2167 5271 2485 5322 attestatur:
2505 5263 2619 5337 Ego
2636 5282 2744 5331 vos,
2764 5265 3032 5335 inquiens,
3049 5266 3114 5321 de
3133 5267 3330 5321 mundo
3345 5267 3472 5341 elegt

1889 5368 1947 5413 ut
1969 5357 2033 5413 de
2048 5357 2242 5411 mundo
2258 5373 2361 5411 non
2380 5357 2578 5422 essetis,
2602 5365 2650 5412 et
2665 5373 2758 5428 ego
2775 5355 2908 5428 elegi
2936 5373 3022 5412 vos
3037 5367 3096 5411 ut
3111 5357 3342 5428 fructum
3359 5358 3473 5430 plu-

1885 5452 2077 5506 rimum
2101 5451 2355 5520 a/feratis,
2389 5459 2438 5505 et
2466 5449 2669 5520 fructus
2702 5457 2864 5505 vester
2889 5457 3098 5503 maneat
3136 5449 3195 5503 in
3218 5456 3471 5504 internum

1886 5543 2066 5615 (Joan.
2117 5543 2241 5612 xv);
2295 5541 2416 5599 illos
2464 5556 2584 5598 esse
2614 5539 2695 5596 sal
2723 5550 2876 5596 terra:
2909 5539 3128 5610 (Matth.
3158 5539 3256 5610 νγ).
3289 5540 3472 5595 condi-

1883 5644 2124 5695 mentum
2153 5632 2403 5694 videlicet
2428 5633 2644 5706 populi,
2683 5646 2791 5704 quo
2821 5631 3024 5688 insulsa
3071 5645 3298 5703 qumque
3347 5644 3474 5684 con-

1883 5732 2122 5800 diuntur,
2157 5736 2214 5786 et
2239 5726 2496 5805 iusapida
2543 5734 2898 5800 saporantur;
2931 5739 3023 5781 eos
3050 5722 3227 5781 lucem
3251 5719 3461 5790 mundi,

2959 5820 3036 5885 39
