4016 6292
581 299 719 358 in"

1455 304 1516 360 Β.
1555 300 1809 361 CAROLI
1846 299 2062 359 MAGNI
2097 299 2252 360 OPP.
2284 301 2466 361 PARS
2505 305 2569 362 ll.
2611 306 2853 368 SEGTIO
2888 310 2956 370 ll.
2985 333 2994 354 ν

3695 327 3842 388 sm

576 418 672 492 qui
699 415 843 475 verte
869 417 1026 487 lueis,
1067 419 1170 476 hoc
1204 427 1288 478 est
1336 417 1558 485 Christi,
1596 417 1805 490 fulgore
1828 433 1939 475 suae
1965 416 2162 490 pmdi-
2184 418 2238 481 Δ
2263 425 2400 483 tant,
2437 423 2580 490 (mod
2611 437 2670 478 se
2693 423 2843 497 diligi
2868 426 3079 500 sibique
3104 445 3320 502 parere,
3361 447 3534 510 seque
3551 441 3845 509 collaudaﬁ

571 513 808 581 ‘cationjs
833 513 1014 570 verbis
1038 513 1220 568 mundi
1252 513 1528 578 tenebras,
1574 511 1883 568 difﬁdentiae
1908 511 2160 568 videlicet

578 606 880 678 caliginem,
925 607 1274 673 irradiarunt,
1301 606 1650 663 manifestum
1683 616 1803 674 est;
1837 607 1944 663 illis
1970 622 2004 665 a
2047 607 2156 663 Do-

575 700 724 756 mino
747 708 800 756 et
825 700 881 756 in
914 707 1060 757 terra
1085 699 1184 771 pe'r
1211 699 1626 756 insnfllationem
1657 701 1835 766 datur,
1866 708 1920 755 et
1947 715 1980 755 e
2019 699 2158 756 coelo

571 793 632 849 in
665 793 789 865 igne
831 792 1248 864 linguai-nmine
1291 793 1554 850 divisione
1591 791 1828 864 Spiritus
1873 787 2047 848 sancti
2089 790 2158 845 ad

571 871 900 966 inndenda'm
926 885 1022 940 Dei
1046 892 1100 941 et
1120 885 1352 958 proximi
1378 883 1734 942 dileCtionem'
1759 883 2054 949 emititur;
2085 881 2154 938 it-

572 977 640 1038 lis
665 976 905 1037 solvendi
943 980 1272 1054 ligandique,
1311 989 1536 1054 peccata
1585 978 1894 1035 remittendi
1937 985 1992 1033 et
2023 977 2156 1034 reti-

569 1069 754 1138 nendi,
782 1073 1026 1129 mortuos
1051 1073 1369 1139 Suscitandi,
1409 1073 1680 1130 damenes
1706 1070 1976 1140 ejiciendi,
2001 1069 2154 1126 inﬁr-

566 1175 688 1220 mos
712 1157 958 1230 curandi,
993 1174 1297 1236 ceteraque
1321 1164 1695 1235 hujuscemodi
1728 1165 1890 1234 opera
1917 1162 2151 1220 faciendi

568 1253 729 1312 datur
747 1264 1011 1326 potestas,
1042 1265 1097 1312 et
1127 1273 1315 1312 omnes
1342 1267 1530 1328 gentes
1569 1257 1793 1312 docendi
1812 1297 1830 1322 ,
1859 1261 1913 1310 et
1953 1256 2008 1310 in
2047 1265 2150 1310 no-

565 1346 714 1402 mine
739 1354 940 1403 sanctm
967 1346 1250 1403 Trinitatis
1269 1347 1580 1417 baptizandi
1604 1346 1882 1403 confertur
1916 1348 2152 1403 auctori-

565 1445 679 1510 tas;
718 1441 825 1498 illis
851 1443 1083 1513 gaudere
1111 1441 1326 1512 jussum
1368 1439 1472 1507 est,
1515 1442 1658 1512 quod
1699 1442 1913 1496 nomina
1959 1454 2149 1497 eorum

564 1542 784 1591 πίθηκε
809 1527 930 1592 vita:
974 1535 1211 1592 caelestis
1243 1536 1382 1591 liber
1411 1536 1612 1590 inserta
1659 1541 1875 1600 teneat;
1911 1533 2022 1589 illis
2065 1533 2148 1589 di-

564 1623 712 1683 ctum
742 1635 860 1683 est:
899 1626 1050 1683 Beati
1093 1625 1231 1681 oculi
1256 1627 1346 1697 qui
1394 1625 1564 1681 vident
1596 1642 1714 1696 qua?
1741 1641 1830 1680 vos
1856 1625 2070 1690 videtis,
2101 1633 2150 1679 et

564 1735 720 1774 aures
749 1737 865 1791 qua:
916 1720 1138 1774 audiunt
1167 1736 1284 1792 qua:
1313 1718 1506 1773 auditis
1535 1717 1684 1791 (Luc.
1727 1716 1804 1788 x),
1835 1719 1958 1788 quia
1993 1719 2147 1774 vide-

2259 510 2328 606 ab
2356 511 2668 606 hominibus
2694 516 2974 588 videntur;
3007 523 3114 579 illis
3135 526 3371 584 dicitur:
3399 531 3553 587 Beati
3595 541 3690 606 qui
3713 557 3842 597 ante

2256 602 2415 673 ﬂetis,
2442 607 2568 677 quia
2593 607 2828 665 ridebitis
2849 611 3066 684 (Matth.
3083 617 3169 689 v);
3191 619 3527 681 istisdicitur
3542 645 3557 681 :
3575 602 3736 687 at...
3754 635 3840 689 έο-

2256 691 2367 794 lore
2385 697 2652 794 miscetur,
2677 709 2726 794 et
2745 709 2978 759 extrema
3001 709 3184 777 gaudii
3204 711 3378 768 luctus
3410 727 3636 786 occupat
3668 722 3840 794 (Prae.

2255 786 2403 858 xlv);
2450 788 2532 844 illi
2560 792 2826 861 gaudente
2867 799 3072 855 mundo
3112 806 3422 864 contristati
3461 822 3617 880 sunt,

2255 889 2419 977 stato
2453 886 2631 941 denuo
2686 890 2888 945 mundo
2941 894 3184 964 gavisuri
3235 907 3381 964 sunt,
3432 902 3530 959 isti
3583 909 3843 977 gaudente

2253 975 2458 1068 mundo
2477 977 2735 1052 gaudent,
2759 983 3079 1041 contristato
3103 991 3308 1045 mundo
3333 975 3836 1068 contristabuntur;

2253 1064 2332 1121 illi
2359 1077 2555 1124 euntes
2579 1069 2636 1124 in
2678 1074 2958 1142 mundum,
2988 1077 3142 1148 cujus
3184 1080 3413 1152 ﬁguram
3438 1064 3842 1156 praeteritarum

2247 1164 2638 1232 pradicabant,
2679 1168 2798 1238 ejus
2843 1174 3035 1229 noxios
3084 1185 3240 1234 actus
3287 1179 3516 1248 flebant,
3563 1189 3843 1247 tam

2253 1257 2444 1352 aeterni
2476 1257 2686 1316 fruetus
2713 1264 2942 1330 semina,
2967 1266 3059 1322 isti
3085 1268 3140 1323 in
3161 1274 3364 1329 mundo
3393 1274 3614 1332 fundati
3642 1282 3710 1335 de
3727 1298 3844 1352 pro-

2253 1348 2516 1440 speritate
2560 1353 2750 1408 mundi
2779 1357 3096 1425 gaudentes,
3143 1363 3532 1433 amplexantur
3559 1348 3841 1440 pruenti

2253 1439 2381 1517 vita:
2405 1455 2695 1512 prospera;
2733 1445 2810 1501 illi
2841 1451 3120 1508 venientes
3145 1457 3212 1511 ad
3229 1455 3502 1524 judicium
3545 1439 3767 1521 venient
3791 1471 3840 1524 in

2253 1533 2635 1601 exsultatione,
2673 1539 2850 1594 securi
2878 1541 2944 1596 de
2973 1552 3178 1599 aeterna
3219 1555 3671 1612 remuneratione
3690 1600 3705 1620 ,
3727 1575 3840 1630 por-

2249 1630 2430 1678 tantes
2455 1627 2759 1696 manipulos
2781 1631 3058 1689 hominum
3084 1651 3184 1705 per
3218 1643 3372 1695 suam
3397 1627 3838 1714 prmdicationem

2251 1727 2659 1784 conversorum,
2679 1721 2770 1776 isti
2794 1725 3010 1780 venient
3037 1742 3163 1782 cum
3185 1745 3380 1802 magno
3405 1744 3654 1793 tremore
3679 1742 3838 1797 redd-

561 1811 691 1868 licet
717 1783 1013 1868 secundum
1037 1783 1278 1881 ejusdem
1306 1811 1520 1867 Domini
1543 1783 1608 1867 et
1637 1783 1933 1868 Salvatoris
1978 1812 2148 1868 nostri
2180 1783 2229 1846 Β
2255 1805 2361 1860 ιιιτὶ
2385 1808 2654 1864 rationem
2677 1826 2904 1881 operum
2931 1830 3173 1872 suorum.
3190 1783 3314 1876 Sed
3335 1825 3473 1893 quid

562 1899 692 1958 Jesu
739 1903 941 1960 Christi
973 1905 1381 1960 veracissimum
1412 1905 1800 1970 testimonium,
1838 1904 1989 1959 multi
2031 1921 2151 1977 pro-

551 1995 730 2067 pheta:
759 2006 806 2050 et
839 2012 981 2068 reges
1012 1995 1281 2052 voluerunt
1308 1997 1479 2052 videre
1532 2014 1649 2069 qua:
1688 1997 1768 2052 illi
1797 1997 2058 2062 videbant,
2101 2007 2149 2054 et

566 2089 752 2144 audire
774 2107 890 2162 qua:
921 2089 1000 2145 illi
1026 2089 1325 2155 audiebant,
1358 2091 1614 2161 quoniam
1647 2089 1889 2146 omnium
1917 2091 2150 2158 patriar-

563 2182 791 2237 charum
827 2190 882 2236 et
924 2175 1314 2252 prOphetarum
1343 2180 1546 2252 egregii
1595 2190 1790 2248 costus,
1837 2196 2150 2252 quanquam

560 2275 958 2345 redemptorem
976 2273 1158 2328 mundi
1177 2282 1461 2329 venturum
1482 2287 1582 2343 pro
1607 2271 1782 2328 salute
1807 2275 1993 2329 mund
2020 2289 2150 2346 pro-

558 2363 755 2441 phetia:
780 2363 1005 2437 spiritus
1028 2359 1334 2421 eruditione
1363 2365 1584 2431 scirent,
1614 2381 1846 2437 eumque
1875 2367 2150 2423 interioris

559 2459 791 2518 intuitus
828 2461 985 2517 oculo
1010 2459 1408 2530 quodammodo
1456 2471 1762 2528 cernerent,
1811 2475 1934 2515 eum
1966 2467 2148 2517 tamen

561 2569 724 2625 quem
770 2549 1127 2626 corporaliter
1168 2561 1455 2608 venturum
1495 2554 1757 2618 sciebant,
1792 2555 2149 2627 corporaliter

558 2663 782 2705 cernere
811 2647 1136 2703 aeStuabant.
1169 2645 1272 2714 Qui
1309 2647 1435 2702 dum
1463 2655 1544 2703 tot
1577 2647 1896 2703 meritorum
1923 2647 2150 2718 insigni-

553 2741 658 2798 bus
686 2741 984 2804 emineant,
1024 2747 1211 2810 totque
1246 2737 1640 2794 beatitudinum
1679 2739 1993 2795 excellentia
2026 2738 2146 2810 pol-

547 2829 725 2903 leant,
759 2835 1033 2893 incassum
1065 2835 1144 2891 eis
1188 2835 1264 2890 illi
1294 2852 1525 2906 quorum
1553 2851 1766 2892 errores
1795 2835 2141 2900 discutimus,

555 2923 914 3000 imperatores
946 2945 1073 2984 suos
1100 2929 1404 2984 assimilare
1432 2929 1706 2985 affectant.
1740 2928 1971 2998 Liquido
1993 2944 2146 2983 nam-

556 3036 661 3090 que
682 3029 834 3092 patet
864 3019 1138 3091 apostolos
1171 3021 1452 3091 prophetis
1480 3021 1734 3091 praelatos
1764 3036 1915 3088 esse;
1947 3022 1992 3076 si
2018 3019 2148 3092 apo-

555 3111 711 3167 stolis
738 3111 1100 3180 imperatores
1144 3126 1353 3175 eorum,
1403 3099 1567 3165 ut'illi
1601 3110 1906 3178 somniant,
1941 3111 2148 3167 similes

554 3213 702 3272 sunt,
757 3205 1039 3276 prophetis
1088 3203 1473 3274 praeferuntur,
1508 3203 1601 3273 qui
1646 3202 1946 3269 Christum,
1983 3219 2147 3274 quem

554 3296 914 3368 corporaliter
941 3305 1230 3352 venturum
1261 3296 1523 3360 sciebant,
1553 3294 1908 3366 corporaliter
1934 3311 2041 3351 non
2065 3293 2146 3350 vi-

554 3391 781 3456 derunt;
797 3389 841 3444 si
855 3389 1132 3460 prophetis
1149 3385 1527 3459 praeferuntur,
1549 3387 1944 3457 redemptorem
1960 3386 2144 3441 mundi

552 3481 913 3556 corporalitq
955 3481 1239 3540 viderunt:
1290 3477 1687 3550 redemptorem
1736 3486 1917 3534 autem
1957 3479 2144 3534 mundi

553 3589 648 3629 eos
662 3571 1017 3643 corporaliter
1038 3587 1143 3626 non
1162 3569 1378 3636 vidisse,
1397 3567 1800 3625 evidentissime
1827 3578 1975 3640 patet
1995 3588 2007 3624 :
2035 3584 2142 3625 non

551 3665 720 3739 igitur
741 3664 1020 3738 prophetis
1046 3661 1403 3734 imperatores
1427 3677 1614 3717 eorum
1638 3659 2021 3732 praeferuntur,
2042 3676 2144 3719 nec

551 3741 830 3830 apostolis,
862 3765 923 3812 ut
952 3755 1030 3811 illi
1063 3755 1268 3820 dicunt,
1302 3753 1507 3810 similes
1531 3764 1678 3810 sunt.
1704 3754 1985 3824 Quomodo
2011 3772 2143 3828 ergo

551 3849 813 3922 apostolis
841 3854 1045 3918 queant
1074 3845 1382 3910 assimilari,
1416 3861 1539 3901 cum
1567 3862 1675 3902 non
1703 3846 1875 3901 solum
1902 3863 2010 3903 non
2033 3846 2143 3903 sint

551 3941 633 3998 eis
657 3940 926 3997 similibus
952 3939 1167 3994 meritis
1202 3938 1541 4009 aaquiparati,
1575 3939 1848 4009 similique
1887 3941 2142 3996 sanctita-

550 4031 624 4088 tis
667 4033 844 4087 nitore
870 4031 1106 4102 praediti,
1138 4038 1336 4086 verum’
1353 4032 1517 4087 etiam
1542 4046 1732 4087 eorum
1754 4031 2140 4088 sacratissimis

549 4125 1028 4197 praedicationibus
1073 4124 1129 4181 ln
1174 4123 1422 4196 pluribus
1459 4123 1742 4180 videantur
1783 4122 1989 4181 obniti?
2031 4124 2140 4181 Aut

548 4215 822 4289 quomodo
848 4223 1103 4286 poterunt
1135 4231 1324 4272 eorum
1363 4230 1484 4270 esse
1511 4215 1738 4282 similes,
1773 4233 2005 4287 quorum
2045 4233 2140 4274 ne-

549 4311 759 4385 gligunt
792 4324 914 4366 esse
941 4310 1240 4381 sequaces?
1265 4308 1345 4363 llli
1370 4308 1563 4365 sectati
1588 4316 1715 4364 sunt
1734 4309 1982 4366 ctelestia
2008 4325 2135 4382 per-

543 4399 823 4478 petimque
837 4413 1111 4468 mansura,
1142 4400 1232 4456 isti
1255 4409 1534 4456 sectantur
1547 4401 1829 4457 terrestria
1842 4415 2069 4474 quaeque
2081 4410 2137 4460 et

2253 1901 2568 1992 moramur?
2597 1903 2724 1970 quid
2754 1903 2963 1976 longius
2989 1913 3318 1980 evagamur?
3343 1917 3480 1985 quid
3523 1917 3594 1974 de
3615 1921 3836 1992 ingenti-

2251 1988 2357 2046 bus
2399 1990 2551 2047 silvis
2595 1994 2838 2051 modicos
2881 1996 3042 2055 ﬂores
3089 2002 3430 2074 colligimus,
3467 1988 3711 2077 quorum
3749 2030 3838 2070 nec

2253 2084 2598 2141 millesimam
2611 2089 2830 2158 quidem
2844 2100 3052 2160 partem
3078 2095 3331 2166 colligere
3359 2101 3652 2158 valemus?
3681 2105 3838 2162 Tanta

2253 2183 2338 2268 est
2373 2178 2628 2234 distantia
2656 2180 2802 2236 inter
2825 2185 3099 2252 apostolos
3119 2195 3174 2241 et
3205 2187 3605 2259 imperatores,
3651 2210 3839 2268 quanta

2253 2266 2399 2324 inter
2439 2277 2656 2326 sanctos
2702 2280 2759 2327 et
2791 2282 3127 2343 peccatores,
3177 2288 3231 2334 et
3261 2295 3385 2335 cum
3433 2266 3686 2353 apostoli
3721 2291 3840 2345 emi-

2253 2368 2420 2416 neant
2460 2363 2586 2418 novi
2622 2367 2932 2422 testamenti
2971 2371 3177 2425 sanctis
3204 2373 3493 2442 omnibus,
3521 2379 3703 2433 multo
3738 2397 3839 2436 am-

2251 2452 2392 2521 plius
2431 2454 2674 2512 eminere
2715 2458 3009 2515 creduntur
3047 2466 3444 2532 peccatoribus.
3487 2467 3537 2524 0
3587 2471 3838 2540 adulatio,

2251 2557 2352 2598 cur
2379 2551 2528 2600 tanta
2566 2548 2886 2616 praesumis?
2916 2548 2961 2606 0
2993 2551 3171 2608 oleum
3195 2560 3444 2616 rancoris
3491 2564 3685 2631 potius
3719 2581 3840 2623 exu-

2250 2631 2452 2690 berans
2469 2636 2736 2704 nidorem,
2753 2654 2916 2709 quam
2940 2640 3182 2699 lenitatis
3201 2656 3294 2701 aut
3308 2652 3555 2708 nectaris
3577 2655 3835 2712 nitorem!

2251 2739 2283 2778 a
2314 2727 2686 2784 sacerdotibus
2724 2733 2994 2798 venderls,
3025 2749 3056 2790 a
3101 2739 3425 2805 prmsulibus
3465 2743 3523 2797 in
3567 2745 3838 2803 lectorum

2252 2819 2608 2885 quorumdam
2639 2821 2816 2890 capita
2844 2822 3029 2888 illiuis,
3059 2828 3282 2896 etquod
3308 2828 3582 2902 Pmpheta
3607 2837 3716 2892 sibi
3754 2840 3839 2894 ad-

2252 2907 2430 2962 hiberi
2458 2910 2742 2965 exhorruit
2768 2927 2781 2966 :
2837 2911 3044 2980 Oleum,
3074 2916 3346 2987 inquiens,
3377 2935 3722 2983 peccatorum
3741 2947 3839 2984 non

2248 3001 2534 3072 impinguet
2550 3013 2705 3074 caput
2733 3021 2902 3059 meum
2922 3006 3094 3077 (Psal.
3115 3009 3282 3081 cxu),
3311 3012 3364 3065 id
3390 3015 3716 3082 pontiﬁcum
3735 3035 3839 3078 ctu-

2254 3100 2342 3147 tus
2363 3092 2748 3163 imperatorum
2769 3096 3036 3165 capitibus
3062 3099 3220 3166 indit,
3255 3111 3312 3158 et
3344 3105 3486 3173 quod
3515 3113 3841 3181 evangelia

2249 3182 2493 3274 virgines
2507 3186 2795 3241 emendum
2809 3187 3062 3245 dixerunt
3086 3205 3118 3245 a
3143 3194 3534 3264 venditoribus,
3549 3199 3681 3268 hoc,
3707 3207 3842 3274 proh

2248 3272 2440 3328 dolor!
2471 3273 2655 3331 fideles
2694 3285 2750 3331 et
2786 3278 3021 3334 maxime
3053 3283 3237 3352 populi
3285 3296 3529 3345 rectores
3567 3272 3767 3350 emunt
3809 3313 3839 3350 a

2243 3363 2588 3433 praesulibus.
2626 3365 2782 3434 Quod
2827 3383 2960 3438 ergo
2986 3386 3056 3427 ex
3091 3373 3282 3430 eodem
3319 3377 3554 3447 Spiritu,
3583 3382 3646 3437 id
3673 3394 3765 3440 est
3810 3402 3842 3441 a

2245 3467 2436 3514 sancto
2470 3459 2697 3530 Spiritu,
2744 3463 2961 3520 eosdem
3013 3465 3398 3537 imperatores,
3435 3477 3744 3543 prudentes
3789 3491 3841 3535 et

2244 3551 2472 3608 idoneos
2496 3551 2670 3610 factos
2702 3565 2824 3612 esse
2846 3558 3046 3615 virtute
3071 3560 3137 3615 ad
3159 3561 3546 3630 perfectionem
3574 3583 3744 3624 suam
3766 3571 3842 3625 fa-

2247 3653 2451 3714 tentur,
2497 3647 2847 3706 manifestum
2889 3661 2974 3708 est
2997 3668 3188 3710 omnes
3218 3656 3402 3712 fideles
3435 3659 3529 3728 qui
3559 3664 3844 3720 veraciter

2242 3736 2538 3794 Christiani
2567 3749 2725 3809 sunt,
2755 3752 3007 3801 sanctum
3046 3745 3246 3803 habere
3293 3747 3569 3822 Spiritum,
3617 3753 3842 3812 dicetne

2240 3828 2540 3900 Apostolo:
2589 3833 2839 3908 Quisquis
2877 3839 3134 3910 Spiritum
3163 3841 3359 3899 Christi
3397 3861 3501 3900 non
3540 3848 3731 3914 habet,
3761 3852 3840 3905 hic

2243 3937 2350 3977 non
2375 3934 2450 3979 est
2479 3925 2594 3996 ejus
2625 3927 2807 3999 (Rom.
2837 3930 2983 4001 Vill),
3008 3933 3153 4001 quod
3178 3933 3411 4004 Spiritus
3440 3939 3838 4000 sanctidonlm

2242 4023 2444 4086 etpost
2467 4017 2794 4089 baptismum
2817 4036 2916 4092 per
2946 4039 3137 4081 manus
3165 4027 3560 4097 impositionem
3585 4030 3836 4090 infundi-

2239 4121 2355 4182 tur,
2391 4124 2449 4172 et
2475 4118 2601 4174 vita:
2626 4120 2891 4175 munditia
2919 4123 3219 4179 secundum
3265 4127 3580 4184 meritorum
3616 4129 3837 4186 (iisan-

2240 4209 2376 4264 tiam
2405 4211 2635 4284 singulis
2675 4211 3040 4282 distribuitur,
3088 4217 3304 4272 dicente
3332 4234 3458 4275 vase
3495 4219 3836 4281 electionis:

2242 4303 2536 4378 Unicuique
2566 4306 2695 4361 data
2727 4316 2802 4362 est
2830 4310 3005 4378 gratia
3027 4310 3314 4364 secundum
3333 4327 3637 4369 mensuram
3664 4316 3831 4389 (Eph.

2235 4398 2338 4471 ιν).
2366 4397 2684 4470 Quanquam
2726 4401 2895 4470 igitur
2921 4401 2977 4456 in
3018 4402 3125 4458 allo
3171 4403 3291 4460 loco
3329 4406 3598 4464 scribatur
3639 4426 3660 4464 :
3712 4409 3830 4465 Non

547 4497 784 4564 caduca;
810 4493 910 4564 illi,
927 4501 1110 4567 spreto
1137 4493 1358 4559 mundo,
1377 4487 1612 4549 Domino
1627 4494 1905 4551 adhaerere
1929 4492 2134 4551 malue-
2151 4513 2216 4592 ε)
2238 4493 2376 4547 enim
2404 4494 2472 4546 ad
2494 4509 2797 4548 mensuram
2822 4495 2914 4548 dat
2937 4494 3080 4551 Deus
3105 4494 3370 4567 Spiritum
3396 4499 3579 4570 μου».
3607 4502 3734 4573 ιη).
3763 4503 3827 4558 ad

547 4599 696 4660 runt,
732 4591 823 4650 isti
854 4589 1042 4647 mundi
1070 4587 1284 4660 pompis
1308 4585 1535 4658 ejusque
1571 4583 1767 4643 fumeis
1792 4589 2003 4658 gaudiis
2037 4590 2133 4645 ad-
2159 4583 2207 4592 '
2237 4601 2552 4642 mensuram
2602 4596 2784 4642 tamen
2833 4587 3085 4644 fidelibus
3137 4589 3438 4661 quibusque
3481 4591 3822 4662 imper-titur;

543 4679 836 4760 haerentes,
861 4683 1180 4759 plerumque
1199 4681 1415 4740 Domini
1444 4691 1714 4754 praecepta
1741 4677 2030 4753 spernunt;
2070 4684 2134 4739 il-

535 4761 586 4837 ‘li
644 4766 1080 4851 persecutionem
1132 4784 1360 4848 propter
1398 4773 1672 4845 justitiam
1733 4777 2081 4845 patiebantur
2116 4817 2132 4842 ,

535 4851 638 4930 isti
658 4855 979 4944 plerumque
1003 4876 1230 4942 propter
1257 4864 1580 4936 injustitiam
1594 4869 2028 4937 persequuntur;
2057 4859 2133 4924 illi

546 4951 903 5022 tradebantur
923 4949 980 5020 in
1006 4959 1273 5027 conciliis,
1303 4953 1358 5015 et
1385 4951 1795 5028 ﬂagellabantur
1823 4957 1878 5014 in
1903 4976 2134 5033 synago-

544 5059 648 5130 gis,
682 5051 774 5115 isti
796 5037 1163 5134 praedicantur
1191 5052 1248 5109 in
1273 5052 1529 5124 subjectis
1559 5052 1810 5120 urbibus,
1836 5062 1892 5107 et
1933 5052 2134 5110 collau-

545 5135 744 5211 dantur
792 5153 848 5209 in
897 5148 1146 5226 populis;
1201 5135 1417 5204 illorum
1461 5144 1704 5218 epistola:
1752 5156 1968 5204 interna:
2009 5145 2134 5204 vitae

545 5244 877 5302 commercia
906 5250 1159 5314 gerentes
1205 5240 1546 5296 ducebantur
1590 5235 1829 5310 legendae
1862 5255 1960 5309 per
2003 5255 2132 5311 pro-

545 5335 754 5392 vincias
778 5343 837 5392 et
861 5334 1130 5406 regiones,
1161 5333 1392 5390 istorum
1416 5333 1682 5406 imagines
1710 5344 1765 5390 et
1785 5333 1989 5408 elligies
2011 5350 2136 5404 gen-

547 5427 758 5484 tilieum
785 5433 843 5484 et
883 5426 1188 5484 obsoletum
1231 5427 1520 5500 quemdam
1565 5441 1806 5486 errorem
1833 5428 2134 5486 referentes

547 5523 838 5582 adoranda:
865 5524 1325 5584 circumferuntur
1349 5541 1447 5598 per
1471 5526 1620 5584 vicos
1654 5537 1709 5583 et
1745 5529 2022 5597 civitates;
2058 5531 2134 5587 illi

547 5618 694 5675 beati
724 5616 840 5674 fore
863 5635 895 5675 a
919 5619 1148 5674 Domino
1171 5620 1302 5676 dicti
1327 5629 1475 5687 sunt,
1505 5636 1626 5676 cum
1658 5637 1751 5678 eos
1774 5602 2016 5681 odissent
2039 5625 2135 5680 ho-

539 5713 724 5770 mines
742 5753 758 5779 ,
787 5721 844 5769 et
877 5714 1148 5785 persecuti
1173 5713 1424 5781 fuissent,
1457 5724 1513 5770 et
1536 5731 1695 5772 omne
1716 5719 1916 5775 malum
1939 5720 2133 5776 adver-

551 5822 646 5868 sus
681 5822 778 5866 eos
805 5807 1132 5870 mentientes
1152 5808 1441 5878 dixissent,
1463 5809 1555 5868 isti
1581 5805 1636 5869 in
1657 5827 1724 5871 eo
1745 5829 1806 5873 se
1824 5817 2014 5877 beatos
2028 5837 2134 5897 pu-

2238 4674 2383 4747 quod
2409 4685 2590 4733 autem
2619 4677 2699 4732 ait
2727 4692 2744 4732 :
2787 4677 2913 4732 Non
2941 4678 3081 4732 enim
3127 4676 3196 4733 ad
3229 4679 3529 4737 Mensarum
3564 4683 3658 4738 dat
3683 4685 3823 4741 «Βειι

2239 4769 2495 4842 Spiritum
2511 4812 2526 4838 ,
2588 4770 2691 4827 hoc
2717 4772 2785 4826 de
2810 4771 2924 4826 solo
2946 4771 3086 4828 Filio
3109 4773 3203 4842 qui
3239 4775 3822 4834 'consubstantialisest

2231 4861 2387 4921 Patri
2433 4875 2489 4922 et
2529 4863 2755 4936 Spiritui
2808 4873 3000 4923 sancto
3049 4867 3400 4940 intelligatur,
3451 4870 3543 4926 eui
3600 4887 3714 4928 non
3757 4871 3820 4926 ad

2237 4973 2545 5016 mensuram
2570 4957 2792 5030 spiritus
2817 4961 3008 5030 datur,
3047 4964 3306 5033 quoniam
3335 4957 3494 5034 juxta
3531 4963 3687 5020 Pauli
3731 4978 3820 5022 Ia-

2238 5061 2355 5107 cem
2401 5069 2415 5106 :
2449 5049 2517 5105 In
2546 5052 2658 5122 ipso
2695 5053 2934 5109 habitare
2973 5055 3320 5126 corporaliter
3358 5059 3533 5112 omnis
3557 5057 3822 5128 planitie

2238 5143 2524 5200 divinitatis
2552 5147 2784 5202 creditur
2823 5147 2960 5221 (Col.
2985 5151 3069 5223 II).
3093 5151 3251 5220 Quod
3279 5151 3462 5210 autem
3505 5153 3576 5210 ad
3607 5169 3822 5212 metisc-

2239 5251 2356 5292 ram
2410 5239 2526 5294 dari
2553 5239 2787 5311 Spiritus
2835 5252 2889 5298 et
2936 5245 3161 5317 singulis
3209 5243 3420 5318 singula
3471 5245 3814 5315 distribuere,

2233 5339 2396 5401 prout
2417 5330 2551 5397 vult,
2594 5333 2813 5402 dicitur,
2861 5337 2964 5392 hoc
2993 5338 3058 5392 de
3099 5335 3347 5395 ﬁdelibus
3386 5340 3694 5413 quibusque
3741 5343 3823 5397 di-

2238 5427 2382 5480 ctum
2411 5441 2531 5482 esse
2556 5428 2758 5498 absque
2781 5430 3136 5500 ambiguitate
3157 5429 3442 5502 accipitur.
3487 5433 3596 5490 Sed
3627 5449 3822 5504 quam-

2237 5517 2320 5573 vis
2351 5535 2788 5592 unumquemque
2813 5523 3202 5579 catholicorum
3237 5535 3450 5581 constet
3473 5523 3680 5583 habere
3709 5527 3825 5598 δρία

2237 5613 2403 5668 ritum
2433 5615 2872 5685 sanctum,,juxta
2915 5617 3055 5687 quod
3098 5620 3346 5686 superius
3403 5622 3824 5676 memoravimus

2237 5715 2291 5762 et
2312 5710 2571 5779 exemplis
2599 5709 3001 5776 illustraritnus,
3032 5727 3121 5766 nu.
3153 5732 3162 5763 ι
3209 5728 3240 5764 η
3271 5720 3448 5767 tamen
3479 5725 3681 5769 nostra:
3703 5725 3827 5768 mta—

2203 5855 2213 5864 .
2237 5808 2308 5866 tis
2336 5805 2612 5866 hominem
2633 5807 2931 5866 secundum
2967 5811 3277 5885 aposto.i-.e
3305 5809 3825 5884 mensura:_gratiam
