4016 6292
517 233 666 256 .,,κ.

1060 260 1241 324 LIBRI
1275 260 1619 329 CAROLI‘NI.
1658 302 1728 317 -
1758 268 1979 333 CAPIT.
2019 276 2107 336 DE
2143 279 2444 339 lMAG.'-—
2478 285 2606 344 LIB.
2645 287 2734 346 IV.

3380 284 3522 357 ῑέῒῖῐ)

847 378 1121 450 accepisse
1140 379 1326 437 dicere
1344 382 1623 452 audemus,
1651 392 1747 441 aut
1773 385 1856 441 af-
1875 394 1929 454 Α
1955 404 2100 458 rens,
2125 400 2219 448 aut
2236 392 2495 451 Betsabee
2520 396 2859 457 Salomonem
2882 412 3117 474 jactans,
3145 418 3237 465 aut
3258 409 3530 475 Elisabeth

268 472 496 528 ﬁrmare
521 471 784 528 valens.

866 628 1092 688 CAPUT
1128 630 1276 688 XXI.

267 758 433 839 Deeo
468 758 611 839 quad
636 760 883 817 dixerunt
904 762 1121 839 _:l_iabet
1166 764 1310 821 enim
1366 768 1688 839 prophetia:
1716 764 1855 827 Ecce

344 833 487 919 tergo
524 834 597 919 in.
626 843 773 887 utm
801 836 1039 919 accipiet,
1064 846 1114 918 at
1156 839 1323 919 pariet
1564 840 1699 919 (Isa.
1729 842 1850 914 vn),

344 903 690 978 hancgaatem
710 903 1056 978 prophetiam
1075 907 1131 961 in
1154 903 1445 978 imaginem
1468 903 1850 978 nos'videntes,

344 973 596 1053 videlicet
624 973 969 1053 virginémin
1010 977 1149 1033 ulnis
1174 973 1434 1053 ferentem
1463 998 1620 1051 quem
1646 973 1848 1053 genuit,

381 1045 612 1099 uomodo
652 1045 1037 1101 sustinebimus
1071 1064 1177 1102 non
1211 1050 1437 1105 adorare
1479 1045 1534 1106 et
1578 1045 1856 1109 osEulari?

381 1058 612 1099 uomouo
652 1058 1037 1101 sustinebimus
1071 1064 1177 1102 non
1211 1058 1437 1105 adorare
1479 1061 1534 1106 et
1578 1058 1853 1109 osenlari?

340 1058 477 1181 auis
512 1115 940 1185 indisciplinatus
968 1126 1149 1173 mente
1190 1120 1445 1177 resistere
1491 1124 1752 1179 audebit?
1793 1126 1853 1180 in

342 1185 718 1260 taleosculum
756 1188 942 1257 dignos
997 1189 1144 1243 enim
1176 1192 1424 1260 nosipsos
1464 1192 1726 1250 faciamus
1760 1197 1852 1250 ad—

339 1256 621 1338 orationis,
661 1265 719 1311 ut
760 1256 869 1313 non
909 1261 1227 1315 accedentes
1250 1256 1452 1335 indigni
1481 1264 1605 1322 Ozze
1652 1266 1854 1338 suppli-

336 1327 488 1381 cium
511 1328 821 1385 subeamus.

341 1461 655 1535 Prophetia,
709 1479 828 1533 quae
858 1463 1121 1536 virginem
1171 1475 1555 1538 concepturam
1597 1477 1652 1524 et
1680 1469 1853 1527 ﬁlium

258 1556 572 1626 parituram
601 1555 830 1624 intonat,
861 1572 968 1612 non
1002 1557 1112 1627 jam
1159 1560 1213 1614 in
1238 1560 1460 1616 incertis
1506 1570 1562 1617 et
1589 1564 1854 1634 ambiguis

259 1657 354 1705 est
378 1650 685 1719 querenda,
719 1650 817 1706 sed
855 1651 908 1705 in
936 1662 1152 1721 pectore
1184 1654 1481 1720 retinenda,
1508 1672 1609 1712 nec
1633 1655 1749 1724 ejus
1766 1673 1855 1713 ar-

265 1754 413 1795 cana
440 1741 699 1813 mysteria
724 1749 849 1797 sunt
886 1743 941 1797 in
964 1744 1209 1813 picturis,
1238 1746 1333 1800 sed
1353 1747 1409 1801 in
1435 1747 1633 1803 divinis
1659 1748 1854 1805 litteris
1883 1758 1932 1821 Β

261 1846 566 1904 earumque
593 1834 1051 1904 explanatoribns,
1080 1837 1338 1909 apostolis
1366 1839 1615 1896 videlicet
1640 1856 1858 1896 eorum-

262 1944 377 2000 que
415 1929 836 1995 successoribus,
867 1929 1258 2002 invesﬁganda,
1283 1939 1337 1987 et
1361 1932 1467 1988 ﬁde
1487 1934 1665 2003 potius
1692 1950 1857 2004 quam

262 2019 445 2076 oculis
491 2020 767 2075 intuenda.
802 2020 920 2076 Non
957 2022 1103 2077 enim
1133 2023 1276 2078 idem
1313 2025 1681 2081 nobilissimus
1707 2035 1859 2082 vates

258 2111 436 2167 Isaias
460 2112 735 2181 Evangelii
763 2114 920 2168 nobis
956 2115 1136 2183 potius
1161 2130 1321 2185 quam
1372 2117 1668 2186 prophetiae
1715 2117 1859 2173 refe-

261 2219 399 2260 rens
418 2220 667 2276 saporem
688 2205 764 2260 ait
790 2223 802 2259 ε
830 2205 942 2259 Nisi
975 2205 1258 2276 pinxeritis
1271 2213 1327 2261 et
1349 2208 1703 2263 adoraveritis
1724 2208 1859 2262 ima-

259 2297 445 2371 gines,
466 2313 573 2353 non
592 2299 1011 2369 permanebitis;
1052 2298 1149 2353 sed
1174 2298 1268 2364 ait,
1299 2297 1361 2353 Si
1381 2316 1486 2353 non
1512 2300 1856 2366 credideritis,

261 2404 377 2442 non
398 2387 764 2459 permanebitis
794 2384 928 2460 (lsa.
980 2385 1099 2458 vn).
1137 2386 1479 2442 Manifestum
1536 2389 1720 2458 itaque
1750 2397 1854 2454 est,

261 2492 399 2534 eum
436 2478 614 2548 quiin
663 2478 934 2533 mandatis
982 2477 1178 2533 divinis
1230 2478 1356 2533 ﬁdei
1398 2480 1709 2549 integritate
1742 2480 1859 2536 vult

260 2584 611 2641 permanere,
642 2578 697 2625 et
724 2570 792 2625 ad
827 2578 1086 2625 mternam
1124 2569 1619 2624 remunerationem
1649 2570 1854 2637 venire,

264 2660 636 2716 instrumenta
668 2675 765 2730 per
798 2676 919 2729 quae
953 2660 1021 2715 ad
1047 2661 1162 2714 ιιωο
1187 2660 1370 2714 veniat
1398 2674 1506 2714 non
1553 2659 1610 2713 in
1638 2660 1860 2730 parieti-

262 2755 395 2818 bus,
425 2768 534 2808 non
564 2754 617 2808 in
650 2753 866 2817 tabulis,
902 2769 1010 2808 non
1046 2754 1099 2808 in
1126 2752 1373 2822 picturis,
1403 2768 1512 2806 non
1542 2752 1595 2806 in
1631 2753 1855 2820 quibus-

264 2846 407 2902 libet
449 2845 752 2901 visibilibus
788 2846 970 2909 rebus,
1025 2845 1120 2899 sed
1159 2844 1215 2897 in
1248 2844 1409 2899 corde
1438 2858 1535 2913 per
1579 2844 1759 2908 ﬁdem,
1801 2844 1858 2899 in

267 2954 370 2994 ore
384 2953 485 3008 per
510 2936 921 2999 confessionem,
956 2937 1011 2991 in
1039 2952 1202 3007 opere
1223 2952 1319 3007 per
1343 2938 1607 2992 bonorum
1635 2944 1858 2991 actuum

277 3031 673 3087 exbibitioncm
706 3030 906 3084 habere
928 3030 1144 3094 debere,
1198 3037 1253 3083 et
1306 3029 1529 3083 credere
1592 3028 1856 3099 virginem

263 3136 396 3192 quae
418 3119 754 3175 Salvatorem
778 3119 1001 3189 protulit
1025 3118 1226 3180 mundi,
1255 3135 1364 3173 non
1388 3118 1442 3172 in
1466 3119 1859 3173 mundanorum
1886 3108 1934 3181 C

267 3210 547 3267 artiﬁcum
591 3210 862 3280 operibus,
897 3210 991 3265 sed
1033 3209 1086 3263 in
1132 3210 1322 3263 aeterni
1371 3216 1425 3264 et
1473 3208 1854 3264 inenarrabilis

268 3302 504 3357 artiﬁcis
541 3315 726 3371 opere,
770 3301 823 3354 id
855 3309 958 3366 est,
1008 3302 1066 3354 in
1114 3300 1424 3356 cmlestibus
1453 3301 1669 3355 sedibus
1714 3315 1854 3355 esse.

272 3393 433 3450 Unde
483 3407 703 3449 necesse
736 3400 820 3447 est
881 3400 940 3446 ut
986 3391 1231 3461 quisquis
1284 3406 1404 3445 eam
1455 3390 1680 3445 adorare
1719 3389 1861 3443 desi-

267 3485 449 3549 derat,
502 3499 608 3540 non
656 3484 710 3539 in
757 3482 999 3539 colorum
1048 3482 1204 3545 fucis,
1257 3498 1365 3536 non
1386 3481 1442 3535 in
1493 3480 1861 3536 materialibus

269 3574 523 3645 opiﬁciis,
565 3589 672 3629 non
712 3573 769 3627 in
797 3571 1126 3643 quibuslibet
1152 3571 1405 3637 ofﬁcinis,
1440 3573 1533 3625 sed
1564 3570 1654 3626 illo
1704 3586 1859 3625 men-

271 3665 348 3721 tis
375 3646 547 3719 aciem
578 3664 724 3733 ﬁgat,
757 3679 863 3734 quo
883 3678 1003 3717 eam
1046 3679 1169 3718 cum
1216 3662 1432 3718 Christo
1469 3676 1694 3734 regnare
1734 3677 1861 3722 con-

270 3767 406 3816 stat.
438 3755 573 3813 Nam
600 3757 726 3811 dum
753 3756 830 3810 illi
860 3754 1095 3810 dixerint
1118 3772 1130 3808 :
1164 3753 1317 3808 Hanc
1344 3762 1517 3809 autem
1534 3754 1861 3826 prophetiam

270 3856 331 3910 in
371 3855 650 3925 imaginem
672 3869 765 3907 nos
792 3851 1039 3915 videntes,
1076 3848 1308 3904 videlicet
1332 3848 1583 3918 virginem
1618 3847 1675 3901 in
1720 3846 1861 3902 ulnis

268 3945 524 4019 ferentem
546 3959 695 4013 quem
710 3943 908 4012 genuit,
933 3939 1192 4011 quomodo
1225 3937 1590 3992 sustinebimus
1628 3954 1732 3990 non
1766 3936 1863 3989 ad-

269 4052 431 4093 orare
462 4045 509 4090 et
537 4035 805 4090 osculari?
837 4032 966 4099 Quis
994 4031 1412 4103 indisciplinatus
1441 4040 1607 4085 mente
1630 4031 1863 4085 resistere

271 4130 528 4186 audebit?
556 4138 610 4184 et
638 4144 737 4184 nos
775 4143 913 4199 pene
938 4127 1127 4182 eadem
1162 4126 1326 4180 verba
1358 4139 1513 4190 sono,
1540 4139 1647 4178 non
1678 4139 1860 4189 sensu,

271 4223 450 4279 secuti
480 4223 790 4293 ingerimus.
815 4221 966 4276 Hanc
988 4229 1165 4274 autem
1195 4220 1464 4289 picturam
1489 4218 1543 4272 in
1572 4218 1750 4272 tabula
1771 4224 1865 4271 aut

270 4315 490 4385 pariete
512 4320 817 4377 cernentes,
850 4311 1114 4381 virginem
1144 4308 1392 4363 videlicet
1431 4308 1695 4376 depictam
1729 4320 1860 4376 pue-

271 4422 404 4462 rum
442 4405 498 4460 in
523 4406 666 4460 ulnis
704 4404 987 4469 ferentem,
1018 4402 1289 4472 quomodo
1328 4414 1720 4471 pnesumemus
1748 4415 1862 4453 rem

272 4503 612 4559 insensatam
648 4500 896 4565 adorare,
930 4506 988 4553 et
1019 4512 1155 4566 opus
1188 4494 1473 4564 cujuslibet
1511 4492 1736 4547 artiﬁcis
1773 4508 1861 4547 os-
1884 4474 1938 4537 Ι)
1963 4475 2228 4566 ςέπεη-ῑθδν

270 4593 496 4652 calari?
532 4591 665 4659 Quis
702 4590 1131 4659 indisciplinatus
1159 4588 1265 4643 tale
1304 4586 1514 4642 facinus
1548 4593 1863 4656 perpetrare

272 4684 521 4749 audebit,
546 4691 607 4737 ut
638 4681 1007 4738 adorationem
1045 4678 1145 4735 soli
1172 4678 1404 4733 creatori
1433 4676 1669 4731 debitam
1709 4690 1862 4731 crea-

272 4776 422 4832 turis
461 4775 753 4847 impendat,
785 4781 841 4827 et
868 4774 995 4829 dum
1032 4770 1146 4825 vult
1198 4769 1379 4824 favere
1406 4767 1652 4838 picturis,
1692 4767 1863 4823 sacris

274 4868 550 4927 renitatur
569 4864 898 4937 Scripturis?
914 4864 1065 4928 Esto,
1095 4864 1272 4932 imago
1298 4869 1499 4933 sanctae
1521 4861 1616 4917 Dei
1641 4858 1865 4929 genitri-

275 4964 364 5020 cis
414 4961 685 5018 adoranda
741 4966 846 5024 est,
904 4957 1046 5013 unde
1096 4956 1236 5011 scire
1283 4968 1569 5025 possumus
1615 4967 1734 5022 quae
1796 4951 1867 5006 sit

275 5056 404 5126 ejus
428 5057 624 5126 imago,
652 5061 747 5109 aut
772 5052 967 5123 quibus
993 5049 1207 5106 indiciis
1248 5065 1280 5104 a
1308 5048 1519 5104 exteris
1542 5046 1867 5116 imaginibus

277 5146 610 5203 (irimatur?
642 5144 842 5214 quippe
883 5157 1006 5199 cum
1046 5140 1192 5195 nulla
1241 5139 1295 5194 in
1332 5138 1585 5194 omnibus
1620 5134 1868 5191 diﬁ‘eren-

280 5239 361 5296 tia
384 5246 581 5307 praeter
610 5237 880 5291 artiﬁcum
908 5233 1318 5303 experientiam,
1355 5239 1409 5287 et
1454 5245 1643 5286 eorum
1674 5228 1869 5298 quibus

279 5340 578 5404 operentur
616 5328 853 5399 Opiﬁcia,
882 5326 1345 5394 materiarumqne
1374 5322 1689 5393 qualitatem
1721 5319 1871 5374 inve-

280 5424 492 5481 nitntur.
527 5421 663 5478 Cum
689 5435 817 5491 ergo
843 5417 1110 5488 depictam
1143 5416 1423 5486 pulchram
1463 5412 1752 5483 quamdam
1796 5407 1873 5465 fe-

284 5518 494 5571 minam
533 5528 760 5586 puerum
797 5512 851 5567 in
879 5510 1023 5565 ulnis
1051 5520 1232 5565 tenere
1266 5507 1556 5571 cernimus,
1591 5505 1635 5559 si
1681 5517 1870 5574 supcr-

284 5608 518 5677 scriptio
547 5605 780 5662 necdum
825 5602 968 5658 facta
994 5602 1085 5665 sit,
1125 5608 1220 5654 aut
1253 5598 1524 5670 quondam
1555 5596 1698 5649 facta
1748 5606 1874 5647 casu

284 5698 527 5771 wodam
557 5696 836 5771 demolita,
862 5711 970 5765 qua
996 5693 1261 5748 industria
1286 5692 1593 5746 discernere
1616 5687 1875 5752 valemus,

1958 479 2218 539 Joannem
2274 486 2538 555 bajulans,
2579 501 2670 547 aut
2715 496 2966 565 quaslibet
3014 501 3208 558 mulier
3250 505 3534 575 parvulum

1958 588 2116 631 suum
2142 582 2394 669 tenens?
2427 582 2496 637 Et
2522 592 2583 639 ut
2618 589 2688 643 ad
2734 590 2960 660 gentiles
2989 591 3199 651 fabulas
3228 598 3530 669 veniamus,

1957 675 2078 736 qua:
2104 668 2418 742 plerumque
2442 676 2667 747 depictas
2692 678 3056 752 inveniantur,
3100 688 3242 743 unde
3275 688 3421 746 scire
3442 668 3534 748 va?-

1957 757 2129 816 lemus
2168 772 2352 820 utrum
2394 767 2577 825 Venus
2605 771 2675 826 sit
2698 771 2911 831 Enean
2943 785 3151 846 tenens,
3176 796 3246 836 an
3271 780 3532 844 Alcmena

1957 851 2241 951 Herculem
2284 868 2528 929 portans,
2573 879 2642 919 an
2666 866 3042 928 Andromacha
3074 871 3401 946 Astyanacta
3442 895 3535 951 ge-

1955 948 2126 1043 rens?
2160 946 2297 1006 Nam
2321 953 2365 1006 si
2401 969 2500 1023 pro
2520 956 2624 1011 alia
2654 958 2760 1014 alia
2794 961 3070 1032 adoratur,
3114 968 3382 1027 dementia
3408 946 3531 1043 est;

1956 1037 2003 1091 si
2033 1044 2212 1095 tamen
2233 1057 2297 1097 ea
2322 1061 2441 1116 qua:
2472 1049 2740 1107 adoranda
2774 1054 2988 1124 penitus
3008 1068 3236 1135 nonest,
3258 1037 3535 1133 adoratur,

1954 1132 2174 1187 vesania
2208 1143 2327 1189 est:
2359 1140 2503 1207 quod
2540 1149 2828 1213 utrumque
2872 1132 3171 1206 cavendum
3199 1162 3303 1208 est.
3334 1155 3533 1228 Pingi-

1956 1229 2047 1277 tur
2065 1225 2228 1280 etiam
2279 1228 2468 1283 eadem
2513 1231 2673 1289 beata
2705 1236 2857 1306 virgo
2908 1240 3137 1309 qualiter
3176 1244 3327 1299 aselli
3357 1225 3535 1319 gesta-

1954 1319 2099 1374 mine
2130 1329 2301 1386 vecta,
2325 1337 2552 1392 puerum
2594 1324 2649 1381 in
2678 1328 2819 1385 ulnis
2864 1330 3042 1389 ferens
3094 1334 3289 1407 Joscph
3330 1340 3536 1408 prmvio

1957 1411 2012 1466 in
2038 1410 2332 1484 Egyptum
2382 1415 2761 1490 descenderit,
2817 1424 3114 1494 qualiterve
3180 1444 3247 1483 ex
3301 1429 3536 1503 Egypto

1957 1504 2026 1559 ad
2087 1514 2288 1559 terram
2334 1505 2500 1562 lsrael
2558 1510 2779 1567 redierit
2847 1516 2947 1586 (in
3000 1517 3245 1587 pluribus
3302 1538 3537 1594 namque

1954 1598 2199 1652 materiis
2253 1598 2369 1655 haec
2430 1600 2653 1656 historia
2738 1604 2981 1674 inditur,
3042 1620 3097 1665 et
3150 1628 3258 1667 non
3320 1630 3536 1686 semper

1960 1687 2016 1742 in
2068 1690 2324 1757 basilicis,
2383 1692 2478 1748 sed
2533 1695 2798 1751 interdum
2848 1701 2902 1754 in
2950 1702 3091 1758 vasis
3146 1707 3369 1762 escariis
3424 1709 3537 1765 sive

1956 1783 2257 1852 potatoriis,
2286 1784 2555 1840 interdum
2582 1786 2638 1842 in
2666 1790 2854 1845 sericis
2895 1791 3244 1863 indumentis,
3303 1799 3534 1868 plerum-

1958 1889 2065 1944 que
2120 1882 2303 1930 tamen
2350 1876 2406 1933 in
2457 1878 2774 1953 stragulis),
2844 1886 3214 1955 nunquidnam
3264 1888 3379 1945 luce
3421 1906 3538 1947 om-

1957 1973 2051 2028 nia
2085 1972 2356 2029 adoranda
2393 1975 2562 2031 sunt?
2611 1977 2744 2032 Cum
2782 1992 2911 2050 ergo
2957 1980 3012 2036 in
3048 1983 3289 2052 quolibet
3343 1987 3537 2041 horum

1958 2064 2139 2136 imago
2164 2073 2367 2120 sanctae
2388 2065 2614 2136 virginis
2638 2082 2866 2137 puerum
2899 2072 3131 2126 tenentis
3156 2074 3395 2143 pecualis
3426 2073 3539 2130 ani-

1957 2155 2158 2210 mantis
2189 2163 2340 2226 tergo
2362 2164 2616 2226 suscepta
2657 2157 2932 2225 adoratur,
2968 2163 3210 2231 nunquid
3236 2179 3347 2219 non
3369 2165 3541 2235 ipsius

1960 2247 2253 2302 animantis
2285 2263 2408 2303 cum
2439 2262 2503 2303 ea
2539 2250 2717 2322 imago
2755 2250 3049 2306 aduratur?
3091 2253 3240 2308 nullo
3270 2256 3412 2311 enim
3445 2272 3539 2326 pa-

1961 2348 2049 2398 cto
2064 2341 2120 2396 in
2136 2343 2409 2399 adorando
2432 2344 2714 2415 utriusque
2731 2346 2999 2416 imaginis,
3022 2348 3247 2420 virginis
3269 2350 3538 2416 videlicet,

1963 2435 2077 2490 sive
2107 2434 2420 2502 animantis,
2450 2438 2694 2508 quaedam
2719 2447 2896 2508 potest
2911 2440 3028 2495 ﬁeri
3048 2441 3370 2513 diremptio;
3401 2459 3540 2513 pra:—

1960 2527 2148 2585 sertim
2168 2543 2291 2583 cum
2312 2529 2473 2585 unius
2488 2531 2596 2585 sint
2622 2532 2882 2598 materiae,
2910 2548 3124 2603 unoque
3144 2535 3368 2590 artiﬁcis
3393 2536 3541 2606 inge-

1958 2618 2050 2672 nio
2061 2620 2467 2690 compaginatae,
2490 2629 2584 2675 aut
2617 2622 2895 2693 utriusque
2915 2624 3158 2678 adoratio
3174 2634 3259 2682 est
3283 2640 3541 2695 spernen-

1888 2732 1895 2743 κ
1960 2710 2046 2775 da,
2066 2720 2158 2766 aut
2182 2721 2423 2781 utraeque
2436 2720 2561 2767 sunt
2583 2713 2887 2768 adorandae.
2904 2712 3009 2769 Sed
3025 2716 3166 2769 dicet
3181 2715 3411 2771 fortasse
3426 2718 3538 2787 spi-

1959 2804 2185 2859 nosulus
2226 2804 2463 2874 aliquis:
2489 2805 2615 2860 llaec
2661 2806 2891 2861 assertio
2939 2807 3194 2861 adorandi
3249 2808 3541 2865 animantis

1959 2894 2271 2951 frustranda
2324 2904 2429 2962 est,
2460 2896 2713 2966 quoniam
2762 2911 2885 2951 cum
2929 2896 3222 2966 quemlibet
3268 2898 3542 2953 hominem

1961 2988 2219 3043 cathedra
2246 2997 2555 3059 susceptum
2578 2996 2671 3042 aut
2698 2987 2893 3043 baculo
2919 2987 3163 3041 innixum
3192 3004 3355 3043 causa
3399 2989 3543 3042 salu-

1964 3080 2185 3136 tationis
2213 3080 2530 3146 adoramus,
2573 3094 2681 3133 non
2710 3094 2833 3133 cum
2874 3092 2940 3132 eo
2994 3078 3307 3132 cathedram
3367 3094 3544 3150 neque

1960 3174 2216 3231 baculum
2256 3172 2483 3228 adorare
2511 3180 2895 3236 monstrantur,
2930 3172 3025 3226 sed
3052 3172 3270 3227 homine
3311 3172 3544 3227 salutato

1961 3269 2051 3324 illa
2101 3267 2390 3323 insalutata
2435 3280 2711 3319 remanere
2754 3263 3065 3319 creduntur.
3120 3263 3283 3331 Cujus
3318 3264 3544 3333 spinula:

1960 3361 2065 3415 hoc
2094 3359 2254 3413 modo
2292 3356 2609 3426 quassandae
2634 3363 2793 3408 sunt:
2843 3354 2964 3407 Alia
2996 3362 3079 3409 est
3102 3354 3343 3409 deﬁnitio
3370 3355 3546 3409 homi-

1960 3450 2063 3512 nis,
2113 3448 2219 3502 alia
2272 3446 2451 3502 baculi
2506 3447 2617 3500 sive
2668 3446 2980 3501 cathedrae:
3016 3446 3272 3515 quoniam
3326 3445 3544 3515 quidem

1960 3543 2125 3597 homo
2152 3540 2404 3595 deﬁnitur
2434 3539 2529 3602 ita,
2560 3536 2733 3591 Homo
2760 3545 2834 3591 est
2866 3535 3065 3590 animal
3095 3537 3375 3605 rationale,
3404 3554 3546 3591 mor-

1962 3636 2087 3702 tale,
2116 3633 2331 3700 risibile,
2358 3640 2413 3687 et
2446 3640 2641 3687 caetera
2673 3626 3041 3696 hujuscemodi
3066 3645 3080 3694 ;
3111 3629 3371 3684 cathedra
3415 3645 3546 3685 vero

1961 3727 2047 3784 vel
2074 3724 2297 3781 baculus
2330 3738 2436 3777 non
2465 3722 2653 3776 eodem
2694 3719 2852 3774 modo
2878 3718 3227 3786 deﬁniuntur,
3268 3720 3364 3775 sed
3403 3719 3547 3777 vires

1963 3835 2126 3876 sensu
2158 3818 2376 3886 vitaque
2400 3820 2667 3877 carentes,
2705 3826 2805 3883 pro
2830 3810 3054 3869 artiﬁcis
3077 3811 3413 3881 experientia
3460 3812 3547 3869 vel

1962 3911 2238 3968 voluntate
2249 3908 2318 3963 ad
2338 3907 2515 3962 oflicia
2537 3906 2731 3976 quibus
2758 3903 3062 3959 necessaria
3075 3910 3202 3959 sunt
3220 3914 3546 3975 praeparata,

1964 4012 2020 4060 et
2045 4011 2240 4058 cetera
2267 3996 2676 4069 hujuscemodi;
2708 3996 2801 4051 ubi
2826 3995 3030 4066 liquido
3062 4002 3213 4065 patet
3237 3995 3383 4051 aliud
3426 4012 3550 4055 esse

1965 4092 2289 4148 rationalem
2327 4090 2600 4144 hominem
2642 4086 2926 4143 salutando
2963 4086 3223 4153 adorare,
3262 4086 3410 4142 aliud
3453 4104 3546 4145 ca-

1967 4188 2121 4243 dram
2156 4184 2239 4241 vel
2264 4182 2533 4245 baculum,
2563 4187 2767 4250 utpote
2795 4193 2882 4233 res
2905 4177 3224 4242 insentatas,
3251 4177 3548 4235 insalutata

1966 4280 2299 4348 relinquere.
2323 4276 2383 4330 1n
2414 4272 2725 4329 deﬁnitione
2746 4286 2877 4326 vero
2898 4271 3152 4343 virginea:
3172 4271 3286 4326 sive
3309 4272 3551 4341 pecualis

1966 4370 2256 4426 animantis
2279 4365 2547 4439 imaginis,
2578 4380 2703 4421 cum
2737 4372 2984 4433 utraeque
3010 4364 3120 4419 sint
3142 4378 3307 4420 sensu
3330 4365 3550 4435 vitaque

2270 4478 2339 4518 ex
2359 4477 2468 4517 una
2494 4461 2722 4517 materia
2758 4458 2936 4523 factae,
2960 4473 3070 4514 uno
3097 4459 3395 4529 eodemque
3415 4460 3551 4515 arti-

1964 4560 2066 4617 ﬁce
2108 4558 2374 4619 formatae,
2429 4553 2505 4607 ita
2536 4552 2641 4608 sibi
2686 4558 2874 4607 mutuo
2921 4550 3256 4605 cohaerentes
3326 4559 3387 4607 ut
3431 4551 3551 4609 sine

1962 4650 2227 4716 materiae,
2258 4647 2313 4702 in
2336 4660 2443 4717 qua
2472 4645 2530 4701 in
2562 4642 2806 4711 subjecto
2835 4649 2982 4707 sunt,
3026 4642 3253 4698 discidio
3294 4643 3365 4699 ab
3405 4644 3549 4699 invi-

1963 4757 2082 4799 cem
2108 4745 2381 4810 nequeant
2407 4734 2669 4805 separari,
2696 4747 2833 4802 pene
2856 4732 3002 4786 nulla
3039 4739 3122 4786 est
3144 4731 3201 4786 in
3243 4732 3548 4790 deﬁniendo

1963 4834 2238 4893 distantia.
2281 4830 2344 4886 In
2386 4830 2583 4900 quibus
2613 4842 2736 4881 cum
2778 4832 2932 4881 tanta
2977 4825 3049 4880 sit
3077 4824 3346 4895 parilitas,
3398 4832 3549 4883 tanta

1964 4927 2216 4989 societas,
2255 4927 2408 4977 tanta
2440 4916 2681 4973 materia:
2717 4916 2867 4982 unio,
2904 4923 2999 4971 aut
3043 4916 3328 4984 utriusque
3354 4915 3570 4970 adorsi

1964 5020 2042 5076 tio
2078 5024 2163 5074 est
2207 5000 2563 5082 suscipienda,
2614 5018 2706 5064 aut
2732 5008 3016 5079 utriusque
3056 5007 3378 5079 spernenda.
3413 5005 3552 5063 Cum

1966 5126 2096 5182 ergo
2140 5109 2312 5163 altera
2345 5104 2414 5160 ab
2448 5100 2618 5157 altera
2665 5099 2847 5156 dirimi
2884 5098 3003 5155 sine
3036 5097 3261 5154 discidio
3293 5106 3562 5168 nequeat,

1968 5215 2024 5262 et
2071 5212 2334 5271 utraeque,
2399 5209 2470 5251 ne
2519 5193 2662 5250 forte
2714 5194 3009 5250 animantis
3057 5194 3235 5263 imago
3270 5193 3550 5259 adoremr,

1972 5294 2185 5352 adorari
2212 5308 2319 5348 non
2353 5289 2605 5353 debeant,
2637 5294 2808 5342 restat
2844 5294 2903 5341 ut
2928 5295 3169 5356 utraeque
3215 5283 3548 5340 adorationis

1972 5394 2178 5449 honore
2226 5394 2468 5449 careant,
2524 5391 2578 5438 et
2630 5387 3073 5435 omamentorum
3123 5376 3458 5433 solummodo
3496 5374 3554 5429 in

1971 5484 2213 5542 basilicis
2241 5481 2413 5536 autin
2447 5476 2780 5548 quibuslibet
2807 5475 2938 5530 locis
2972 5473 3091 5528 loca
3121 5480 3354 5535 teneant,
3388 5480 3444 5524 et
3467 5482 3556 5523 as-

1968 5577 2300 5651 picientibus
2345 5586 2527 5627 rerum
2570 5577 2845 5642 gestarum
2893 5567 3211 5620 memoriam
3256 5563 3551 5651 praebeant,

1977 5650 2229 5743 quoniam
2253 5683 2374 5720 cum
2408 5673 2483 5720 tot
2514 5659 2847 5716 Civerticulis
2877 5658 2930 5711 in
2968 5665 3146 5712 tantos
3173 5667 3386 5711 errores
3418 5650 3554 5703 ima-

291 5745 1283 5853 agna-BaE—él'iggcjegéhs;am
1312 5781 1559 5837 Rebecca
1591 5778 1756 5834 ,παροδ
1799 5745 1877 5833 [εξ
1926 5834 1943 5848 ⁸
1979 5766 2164 5838 ginum
2204 5759 2446 5818 adoratio
2476 5761 2685 5827 vergat,
2718 5749 2866 5810 nulla
2894 5765 3013 5806 eam
3044 5758 3189 5805 stare
3235 5745 3377 5800 intra
3421 5754 3552 5797 san-
