4016 6292
491 252 622 314 1231

1360 260 1422 317 Β.
1461 261 1711 322 CAROLI
1739 262 1953 322 MAGNl
1987 263 2137 325 OPP.
2171 266 2350 327 PARS
2387 269 2451 328 Il.
2486 269 2728 331 SECTIO
2762 272 2828 330 ll.

3605 278 3744 340 {252

486 380 630 431 ctam
651 371 949 430 Ecclesiam
974 377 1255 448 perspicua
1276 377 1416 434 ratio
1445 390 1730 438 monstrat.
1768 382 2065 439 Hortantur
2088 387 2140 448 Δ
2165 385 2221 443 in
2257 388 2362 443 hoc
2397 402 2610 459 quoque
2645 389 2998 447 deliramento
3032 391 3464 464 reprehenditur,
3506 406 3574 451 eo
3607 399 3750 466 quod

485 481 616 535 ergo
643 465 720 520 illi
747 481 804 522 se
829 476 1034 533 mutuo,
1063 476 1123 524 ut
1143 469 1292 540 digni
1316 469 1618 528 efﬁciantur
1643 473 1710 530 ad
1734 475 1918 531 oscula
1946 475 2062 532 sive

486 559 833 616 adorationes
878 576 1058 617 rerum
1109 577 1270 618 sensu
1327 564 1644 632 carentium,
1679 567 1959 624 dicentes:
1999 567 2068 623 In

486 650 594 706 tale
637 650 871 705 osculum
899 652 1084 724 dignos
1136 655 1274 707 enim
1319 655 1554 726 nosipsos
1586 657 1842 727 faciamus
1876 659 2068 713 adora-

430 771 433 774 -
485 741 663 807 tionis,
719 753 778 796 ut
824 759 930 798 non
973 743 1272 800 accedentes
1325 746 1529 818 indigni
1577 747 1703 804 Ozaa
1757 748 2068 822 supplicium

485 831 783 887 subeamus.
839 831 949 888 Nos
1002 834 1231 906 denique
1287 836 1478 908 dignos
1535 854 1634 896 nos
1691 839 1952 896 faciamus
1997 841 2066 896 ad

488 921 817 976 adorandam
853 922 1091 980 divinam
1135 923 1494 996 maiestatem,
1541 929 1651 986 imo
1701 931 1769 988 ab
1812 945 1876 987 eo
1921 931 2068 1002 digni

485 1010 788 1067 efﬁciamur
807 1028 836 1067 a
853 1028 960 1084 quo
979 1026 1062 1071 est
1084 1017 1223 1072 bene
1253 1017 1386 1074 velle
1411 1027 1466 1074 et
1486 1019 1765 1091 perﬁcere,
1797 1029 1851 1076 et
1872 1028 1932 1075 ut
1952 1018 2067 1075 veri

485 1103 801 1160 adoratores
842 1121 952 1160 non
993 1109 1289 1164 secundum
1334 1125 1521 1166 eorum
1568 1111 1858 1167 vanitatem
1880 1112 2069 1167 adore-

484 1207 608 1249 mus
629 1193 916 1250 Dominum
955 1196 1010 1252 in
1037 1197 1269 1268 quadam
1292 1200 1546 1272 imagine,
1583 1203 1678 1258 sed
1704 1203 1758 1257 in
1790 1203 1982 1274 spiritu
2012 1211 2068 1258 et

485 1281 736 1348 veritate,
761 1284 973 1340 dicente
1012 1286 1127 1357 ipsa
1159 1288 1440 1345 Veritate:
1477 1288 1599 1345 Veri
1624 1291 1928 1346 adoratores
1971 1292 2067 1345 ad-

485 1375 708 1432 orabunt
735 1376 950 1434 Patrem
979 1380 1037 1435 in
1060 1381 1247 1452 spiritu
1266 1391 1314 1438 et
1342 1384 1553 1439 veritate
1576 1383 1756 1457 (Joan.
1786 1383 1884 1455 tv).
1913 1383 2066 1451 Quod

482 1482 614 1524 vero
653 1485 713 1525 se
754 1470 874 1528 ideo
919 1472 989 1527 ad
1040 1473 1224 1528 oscula
1271 1482 1328 1530 et
1385 1476 1726 1532 adorationes
1771 1477 2066 1548 imaginum

482 1558 675 1628 dignos
707 1559 849 1616 efﬁci
899 1571 1141 1630 monent,
1177 1579 1246 1620 ne
1292 1564 1434 1620 forte
1471 1566 1595 1623 Ozae
1627 1582 1843 1637 poenam
1892 1568 2062 1633 luant,

480 1651 703 1708 videant
744 1668 814 1708 ne
843 1652 987 1708 illius
1024 1655 1459 1726 praesumptionis
1507 1672 1691 1724 causa,
1727 1673 1833 1727 qua
1878 1665 1934 1715 et
1974 1657 2065 1714 ille

482 1757 668 1799 arcam
705 1743 917 1799 Domini
943 1745 1146 1815 absque
1173 1760 1271 1800 suo
1320 1746 1645 1802 adminiculo
1681 1761 1930 1802 casuram
1952 1761 2056 1818 pu-
2084 1735 2136 1799 Β

482 1836 639 1901 tavit,
662 1843 717 1892 et
738 1836 828 1891 isti
857 1836 1207 1893 nihilominus
1236 1838 1403 1894 divini
1432 1827 1611 1895 cultus
1631 1840 1906 1910 regionem
1937 1841 2060 1897 abs-

483 1943 591 2001 que
668 1929 964 1999 imaginum
1020 1929 1347 1987 adminiculo
1410 1931 1775 1988 frustrandam
1842 1941 2056 2002 putant,

482 2018 599 2088 ejus
632 2019 925 2075 exitiabilis
958 2035 1131 2090 ptenae
1180 2021 1502 2077 sententiam
1550 2024 1814 2079 subeant:
1864 2024 2060 2096 quippe

483 2124 608 2164 cum
654 2124 757 2164 nec
791 2109 882 2164 illa
909 2125 977 2164 ne
1006 2119 1207 2178 rueret,
1261 2111 1379 2181 ejus
1425 2112 1702 2170 fulcimine
1746 2115 2058 2186 indiguerit,

484 2215 583 2255 nec
613 2199 715 2256 ista
745 2209 806 2256 ut
832 2200 1040 2258 ﬁrmius
1073 2211 1198 2270 stet,
1229 2203 1443 2260 illarum
1470 2205 1746 2264 fulcimine
1783 2208 2056 2279 indigeat;

481 2300 538 2348 et
557 2291 698 2348 sicut
723 2293 813 2347 illa
861 2294 1063 2349 nullam
1093 2295 1206 2352 Deo
1241 2287 1591 2369 indigentiam
1641 2299 1880 2370 patiente
1937 2302 2062 2358 abs-

482 2396 587 2452 que
622 2383 801 2452 aliquo
861 2384 944 2439 sui
988 2400 1118 2441 casu
1171 2386 1296 2442 Oza:
1353 2391 1717 2446 sustentaculo
1747 2401 1973 2447 vacante
1999 2393 2063 2448 il-

481 2471 632 2544 lapsa
682 2473 975 2541 ferebatur,
1015 2477 1090 2531 ita
1144 2478 1401 2533 nimirum
1445 2481 1551 2536 ista
1590 2483 1815 2539 Domino
1860 2486 2062 2555 guber-

482 2573 646 2620 nante
679 2567 882 2637 absque
919 2568 1026 2623 ullo
1057 2568 1336 2640 naufragio
1371 2570 1666 2641 imaginum
1712 2574 2064 2644 opitulatione

482 2657 781 2726 postposita
817 2658 1141 2714 intemerata
1175 2670 1442 2716 servatur.
1478 2662 1618 2730 Quid
1645 2680 1775 2737 ergo
1795 2675 1880 2722 est
1925 2682 2066 2722 arcae

484 2751 797 2805 testamenti
834 2751 1049 2806 Domini
1072 2767 1191 2822 quae
1216 2769 1247 2807 a
1287 2754 1514 2810 Domino
1548 2758 1963 2827 gubernabatur,
1999 2775 2066 2816 ne

482 2855 669 2895 casum
698 2848 992 2911 pateretur,
1028 2858 1247 2899 manum
1273 2846 1410 2902 velle
1442 2849 1763 2918 subponere,
1813 2851 1918 2908 nisi
1970 2868 2064 2908 ca—

481 2931 698 2988 tholicte
733 2933 980 3004 religioni
1008 2950 1129 3005 quae
1158 2951 1188 2990 a
1241 2937 1467 2994 Domino
1513 2940 1698 3012 utique
1726 2942 1949 3013 regitur,
1999 2959 2070 3000 ne

483 3023 626 3079 inter
648 3023 806 3092 hujus
830 3025 952 3079 vita:
989 3025 1183 3082 itinera
1211 3028 1437 3095 titubet,
1471 3031 1764 3104 imaginum
1795 3036 2065 3091 adoratio-

480 3129 608 3170 nem
628 3113 764 3168 velle
791 3115 1113 3171 admittere?
1135 3117 1242 3173 Aut
1265 3120 1353 3174 cui
1380 3120 1666 3176 assimilari
1697 3132 1876 3194 potest
1929 3123 2059 3193 Oza,

481 3207 575 3277 qui
622 3208 824 3277 absque
883 3208 1225 3265 sacerdotum
1279 3219 1334 3265 et
1396 3212 1789 3271 conlevitarum
1839 3217 2065 3274 consilio

485 3302 720 3371 quadam
754 3303 1162 3374 prtesumptibili
1189 3320 1317 3360 cura
1351 3321 1549 3362 novum
1571 3325 1711 3366 arcae
1735 3312 1950 3368 Domini
1971 3330 2066 3370 vo-

478 3393 583 3448 luit
636 3395 1060 3450 sustentaculum
1109 3405 1389 3467 pmstare,
1435 3400 1541 3456 nisi
1577 3401 1698 3458 istis
1733 3405 1824 3474 qui
1861 3407 2065 3478 absque

484 3494 798 3542 sanctorum
839 3486 1068 3541 Patrum
1104 3489 1344 3544 doctrina
1376 3498 1432 3546 et
1479 3497 1922 3554 consacerdotum
1967 3515 2066 3570 per

479 3577 722 3634 diversas
757 3578 940 3632 mundi
979 3591 1164 3647 partes
1204 3581 1621 3640 constitutorum
1671 3603 1936 3646 consensu
1977 3608 2064 3646 ar-

475 3669 726 3738 rogantia
765 3669 996 3739 quadam
1030 3679 1086 3725 et
1115 3674 1461 3741 superciliosa
1508 3677 1809 3734 intentione
1860 3697 2060 3738 novam

480 3758 802 3816 Christianae
821 3761 1067 3832 religioni
1094 3763 1390 3835 imaginum
1415 3766 1788 3825 adorationem
1814 3772 2062 3830 nituntur

476 3852 752 3908 inserere?
774 3853 1014 3909 Perdidit
1032 3854 1198 3926 igitur
1224 3857 1392 3913 vitam
1416 3861 1510 3930 qui
1533 3876 1715 3916 arcam
1740 3864 1835 3920 Dei
1857 3866 2062 3922 tumide

476 3951 782 3999 sustentare
813 3943 1102 4012 affectavit,
1132 3949 1258 4017 quia
1285 3951 1377 4020 qui
1416 3952 1584 4008 Deum
1613 3956 1703 4024 qui
1744 3957 1942 4028 ubique
1972 3967 2060 4015 to-

473 4040 564 4087 tus
598 4041 698 4096 est,
721 4033 920 4103 ubique
958 4036 1245 4104 mirabilis,
1279 4052 1338 4094 re
1369 4040 1552 4112 aliqua
1592 4043 1833 4116 indigere
1869 4046 1925 4101 in
1952 4063 2060 4118 qua

478 4127 734 4181 adoretur
761 4130 949 4194 credit,
983 4145 1215 4202 eumque
1241 4134 1296 4188 in
1325 4137 1487 4192 rebus
1518 4138 1821 4196 visibilibus
1850 4141 2056 4210 adorat,

478 4219 780 4274 cavendum
806 4228 889 4274 est
915 4235 983 4275 ne
1011 4229 1143 4278 tunc
1186 4223 1351 4279 vitam
1379 4228 1589 4296 perdat,
1621 4245 1744 4284 cum
1768 4230 1886 4300 ejus
1923 4233 2060 4290 vita-

473 4309 617 4366 libus
659 4311 882 4366 monitis
920 4313 1137 4382 procaci
1167 4323 1348 4372 mente
1391 4319 1613 4374 resistit.
1662 4320 1879 4378 Levites
1927 4339 2058 4396 ergo

471 4403 649 4459 isdem
687 4414 833 4460 recte
870 4404 984 4460 Oza
1019 4406 1218 4463 dicitur
1241 4409 1334 4479 qui
1363 4412 1617 4469 robustus
1652 4413 2054 4487 interpretatur,
2080 4444 2134 4504 Β

473 4492 600 4561 quia
637 4505 1054 4566 prmsumptores
1072 4498 1292 4569 quique,
1323 4501 1428 4557 nisi
1453 4504 1644 4559 audaci
1665 4513 1844 4561 mente
1869 4509 2059 4564 robus-

473 4591 560 4640 tos
585 4599 644 4640 se
668 4587 966 4653 crederent,
999 4602 1337 4661 nequaquam
1368 4595 1602 4666 synodos
1628 4596 1683 4650 in
1731 4599 1926 4668 quibus
1966 4601 2060 4656 ad-

474 4676 804 4730 orandarum
848 4677 1144 4750 imaginum
1185 4697 1322 4737 nova
1371 4685 1682 4742 constitutio
1726 4696 2052 4758 censeretur,

473 4763 760 4833 agitarent.
998 4829 1005 4838 ,

1048 4839 1277 4900 CAPUT
1314 4843 1477 4900 XXII.

470 4925 635 5006 -De_eo
660 4927 799 5006 quod
825 4944 922 5006 nec
941 4930 1040 4984 sibi
1068 4933 1194 5006 ipsis
1214 4944 1453 5006 parcunt,
1485 4951 1601 4989 cum
1626 4937 1924 5006 parentibus
1947 4939 2060 4995 suis

546 4996 798 5068 injuriam
819 4998 1048 5068 inferunt
1070 4996 1294 5057 dicentes
1317 5020 1334 5057 :
1355 4996 1459 5059 Pro
1483 5021 1611 5060 vero
1626 4996 1822 5060 'tritico
1849 5007 2057 5064 zizania

545 5066 923 5122 ecclesiasticis
954 5071 1098 5139 agris
1129 5075 1562 5139 seminaverunt,
1604 5075 1786 5128 vinum
1822 5077 2054 5134 miscue-

548 5145 674 5214 runt
701 5152 872 5214 aquae,
901 5146 956 5194 et
979 5141 1284 5214 proaimum
1311 5154 1631 5214 putaverunt
1655 5146 2056 5204 subversionem

545 5207 930 5288 turbulentam,
985 5217 1040 5264 et
1090 5211 1198 5279 lupi
1247 5207 1470 5288 ‘Arabici
1523 5216 1816 5288 existentes
1861 5218 2055 5288 pellem

546 5277 1219 5358 ovium‘subsannaverunt
1245 5283 1472 5358 indueri,
1508 5294 1562 5338 et
1595 5277 1880 5358 veritatem
1911 5304 2053 5358 prae-

546 5351 822 5430 tereuntes
856 5350 1193 5405 mendacium
1225 5354 1634 5430 amplexi‘sunt,
1663 5357 1756 5430 sed
1783 5372 1881 5412 ova
1909 5350 2053 5430 aspi-

547 5413 1059 5498 dum‘jactaverunt,
1088 5429 1141 5477 et
1172 5423 1274 5498 tela
1301 5413 1480 5479 aranei
1503 5413 1796 5481 secundum
1818 5413 2054 5498 proplie-

545 5488 990 5568 tamptexuerunt,
1024 5499 1079 5568 et
1103 5493 1196 5568 qui
1219 5502 1398 5568 sperat
1425 5511 1524 5551 ova
1543 5512 1730 5568 eorum
1749 5488 2052 5568 comedere,

545 5549 890 5622 confringens
913 5549 1138 5630 caudam
1179 5549 1446 5630 inveniet,
1469 5549 1523 5621 et
1555 5549 2054 5626 in'éa‘iiéuiééiiﬁ

545 5634 808 5675 venenum
834 5634 888 5678 et
917 5624 1100 5682 ﬂatum
1127 5624 1462 5689 mortiferum
1490 5638 1769 5707 repletum.

543 5707 900 5783 lntemperata
930 5731 1118 5774 eorum
1146 5721 1392 5782 vecordia
1419 5725 1556 5783 sicut
1584 5727 1636 5786 in
1667 5729 1878 5784 cut-teris
1899 5729 1972 5789 ita
1999 5738 2053 5786 ct

2164 479 2396 550 majores
2420 496 2548 538 suos
2570 498 2668 553 pro
2695 482 2876 538 tritico
2900 483 3109 539 zizania
3137 485 3341 541 sevisse
3365 485 3751 545 ecclesiasticis

2164 573 2327 644 agris,
2351 573 2640 644 vinumque
2667 589 2822 645 aqua:
2845 574 3127 631 miscuisse
3154 585 3207 631 et
3229 577 3509 648 proximos
3535 588 3751 650 potasse

2163 663 2468 720 turbulento
2491 671 2621 734 potu
2645 663 2914 732 dixerunt,
2942 667 3245 736 praesertim
3273 683 3397 723 cum
3433 669 3492 724 in
3521 669 3626 726 hoc
3653 687 3747 727 ne-

2164 754 2309 822 gotio
2345 770 2482 825 pene
2513 757 2570 810 in
2604 756 2856 833 omnibus
2890 758 2947 813 in
2974 759 3169 833 quibus
3202 759 3279 814 illi
3311 760 3611 832 deliquisse
3640 779 3753 821 cre-

2166 845 2385 913 duntur,
2403 848 2490 904 isti
2511 862 2619 903 non
2633 851 2804 904 solum
2821 864 2886 904 ea
2899 865 3006 904 non
3024 851 3360 918 emendasse,
3376 867 3568 908 verum
3587 856 3748 912 etiam

2165 937 2396 1008 amplius
2422 939 2709 1010 deliquisse
2733 940 3155 1012 perhibeantur;
3186 942 3420 1014 denique
3455 946 3750 1003 secundum

2163 1039 2377 1103 poetam
2405 1032 2495 1102 qui
2524 1032 2642 1087 ait:

2319 1121 2417 1188 Pro
2434 1121 2570 1188 molli
2591 1124 2737 1186 viola,
2755 1136 2853 1188 pro
2878 1137 3129 1188 purpureo
3156 1129 3397 1188 narcisso.

2324 1183 2543 1238 Cardqu
2565 1191 2619 1236 et
2639 1183 2794 1249 spinis
2814 1183 2992 1250 sui-gat
3015 1187 3231 1252 paliurus
3251 1183 3430 1252 acutis,

3096 1250 3236 1301 Vino.
3257 1250 3434 1317 lgiog.
3458 1265 3511 1305 v.

2165 1327 2394 1385 istorum
2427 1330 2723 1400 majoribus
2755 1347 2854 1405 pro
2888 1333 3071 1390 tritico
3109 1344 3471 1390 surrexerunt
3510 1335 3751 1404 zizania,

2167 1417 2286 1474 istis
2307 1435 2434 1477 vero
2456 1437 2554 1493 pro
2575 1423 2756 1478 tritico
2794 1424 3016 1480 zizaniis
3035 1426 3264 1482 necdum
3286 1427 3494 1484 evulsis
3519 1427 3756 1499 paliurus

2165 1512 2421 1576 surrexit,
2453 1513 2580 1582 quia
2609 1514 2859 1569 videlicet
2881 1517 3210 1586 prophetica:
3236 1525 3292 1572 et
3319 1519 3654 1589 evangelica:
3679 1521 3754 1575 si-

2165 1614 2231 1654 ve
2249 1603 2555 1671 apostolicze
2573 1605 2970 1675 praidieationis
2988 1608 3233 1679 neglecto
3255 1608 3438 1665 tritico
3456 1650 3472 1675 ,
3499 1609 3554 1665 in
3578 1626 3682 1680 qua
3701 1621 3755 1667 et

2166 1689 2284 1746 loca
2305 1691 2501 1747 divinis
2521 1692 2754 1750 cultibus
2773 1697 3077 1767 mancipata
3099 1699 3354 1755 exornari
3371 1709 3687 1768 censentur,
3701 1712 3754 1759 et

2160 1781 2327 1838 solius
2352 1783 2448 1838 Dei
2471 1783 2648 1841 cultus
2671 1793 2725 1840 et
2748 1787 2991 1842 adoratio
3011 1789 3443 1854 commendatur,
3470 1800 3568 1846 aut
3592 1792 3647 1846 in
3667 1808 3752 1848 or-

2159 1884 2537 1932 namentorum
2563 1894 2595 1932 a
2619 1868 2864 1936 basilicis'
2883 1881 3191 1948 abolitione,
3218 1892 3312 1939 aut
3341 1885 3399 1940 in
3426 1889 3744 1944 earumdem

2159 1979 2598 2027 ornamentorum
2629 1973 2970 2042 adoratione,
3003 1977 3336 2033 zizaniorum
3367 1983 3671 2038 amentium
3698 1993 3751 2039 et

2160 2060 2354 2132 paliuri
2382 2063 2583 2131 spinosi
2613 2065 2974 2134 perniciosum
3013 2068 3205 2135 dogma
3243 2072 3561 2140 percepisse
3599 2088 3750 2128 mon-

2160 2162 2432 2221 strantur,
2482 2163 2538 2210 et
2583 2157 2673 2225 qui
2720 2157 3017 2213 debuerant
3060 2158 3332 2216 frumento
3379 2161 3557 2216 divini
3610 2164 3755 2218 verbi

2161 2251 2368 2298 mentes
2395 2243 2629 2299 fidelium
2659 2245 2802 2301 illius
2829 2247 3095 2302 satietatis
3119 2262 3238 2317 quae
3263 2249 3381 2304 sine
3401 2248 3633 2306 fastidio
3653 2261 3758 2316 est,

2161 2333 2491 2404 plenitudine
2517 2335 2766 2402 reﬁcere,
2801 2337 2894 2393 illo
2927 2339 3177 2410 dogmate
3204 2356 3329 2409 eas,
3367 2344 3519 2413 quod
3551 2343 3754 2416 ingenti

2162 2424 2382 2484 fastidio
2407 2438 2463 2483 et
2491 2430 2779 2486 amentiam
2801 2430 2972 2486 nutrit
2997 2440 3052 2487 et
3077 2447 3326 2488 errorum
3355 2435 3580 2490 aculeos
3607 2437 3756 2508 inge-

2163 2518 2254 2584 rit,
2300 2519 2548 2574 nituntur
2595 2519 2836 2577 inﬁcere.
2885 2523 3026 2578 Vino
3066 2523 3233 2579 etiam
3277 2540 3478 2595 aquam
3526 2527 3760 2597 majores

2164 2625 2291 2666 suos
2320 2611 2601 2667 miscuisse
2628 2613 3101 2685 turbulentumque
3122 2623 3309 2684 potum
3333 2618 3606 2688 proximis
3627 2634 3757 2688 pro-

2164 2697 2261 2754 fati
2282 2708 2407 2756 sunt
2427 2702 2744 2772 propinasse
2765 2721 2777 2756 :
2797 2704 2994 2773 quibus
3007 2720 3113 2760 non
3136 2707 3340 2776 absque
3361 2708 3575 2764 ratione
3597 2710 3760 2780 objici

2165 2800 2358 2863 potest,
2377 2793 2520 2862 quod
2546 2792 2781 2863 majores
2804 2810 2992 2850 eorum
3019 2797 3204 2851 vinum
3233 2800 3374 2854 sacri
3401 2799 3633 2869 eloquii,
3651 2816 3763 2870 quo

2166 2884 2247 2936 uti
2283 2883 2608 2952 debuerant,
2645 2901 2799 2955 aquae
2829 2887 3186 2956 permixtione
3218 2887 3525 2957 insapidum
3561 2890 3763 2946 effece-

2167 2983 2312 3043 runt,
2340 2992 2462 3031 cum
2485 2985 2800 3032 ornamenta
2824 2993 2856 3032 a
2882 2979 3120 3036 basilicis
3147 2979 3407 3036 abolenda
3429 2992 3759 3047 sanxerunt,

2091 3090 2138 3154 ο
2168 3068 2257 3124 isti
2284 3084 2410 3126 vero
2434 3070 2673 3139 ejusdem
2700 3073 2810 3128 vini
2838 3083 3022 3145 potum
3047 3090 3080 3130 a
3106 3077 3584 3148 prodecessoribus
3614 3095 3760 3150 aqua

2166 3161 2411 3216 vitiatum
2438 3178 2643 3218 veneno
2669 3174 2948 3231 acuerunt,
2972 3182 3095 3223 cum
3118 3181 3178 3222 se
3202 3168 3464 3240 imagines
3490 3170 3759 3225 adoratu-

2166 3271 2256 3310 ros
2288 3256 2473 3335 eisque
2501 3259 2780 3313 servitium
2810 3260 3145 3317 exhibituros
3165 3262 3422 3333 professi,
3450 3278 3765 3335 earumque

2165 3330 2528 3402 adorationem
2574 3358 2888 3417 spernentes
2920 3330 3354 3408 anathematibus
3387 3330 3765 3410 condemnare

2166 3436 2344 3491 conati
2369 3448 2512 3492 sunt.
2550 3438 2752 3495 Deinde
2780 3442 3145 3497 turbulentum
3169 3453 3354 3513 potum
3376 3447 3596 3517 utrique
3617 3463 3766 3519 pro-

2164 3528 2325 3585 ximis
2351 3530 2638 3600 propinare
2664 3547 2770 3586 non
2793 3534 3134 3598 erubescunt,
3168 3551 3291 3590 cum
3311 3537 3764 3608 pmdicationem

2163 3633 2337 3684 suam,
2357 3634 2518 3689 quam
2535 3622 2706 3678 sacris
2726 3623 2954 3692 eloquiis
2974 3632 3030 3679 et
3048 3625 3312 3680 bonorum
3327 3642 3550 3697 operum
3564 3644 3765 3688 exan-

2161 3711 2265 3782 plis
2313 3726 2576 3768 exornare
2633 3714 2957 3781 debuerant,
3008 3717 3159 3774 vanis
3201 3725 3258 3772 et
3302 3722 3765 3779 extraordinariis

2161 3801 2632 3860 constitutionibus
2678 3805 2871 3862 vitiare
2914 3822 3022 3862 non
3068 3807 3350 3877 differunt,
3406 3827 3644 3884 eamque
3704 3826 3768 3872 et

2161 3896 2513 3965 praesentibus
2537 3897 2648 3952 vita
2672 3897 2758 3954 vel
2779 3906 2903 3954 actu
2928 3909 3232 3958 monstrare
3260 3912 3318 3960 et
3340 3907 3620 3962 memoria:
3648 3924 3764 3978 ρος

2161 3985 2423 4042 steritatis
2453 3987 2668 4056 scriptis
2699 3990 2958 4046 mandare
2983 4007 3092 4047 non
3119 4001 3384 4049 metuunt.
3431 3994 3585 4062 Quod
3615 4013 3762 4056 vero

2160 4089 2256 4132 eos
2283 4077 2382 4132 sub
2406 4077 2633 4146 pellibus
2656 4079 2834 4134 ovium
2859 4080 3013 4152 lupos
3038 4081 3232 4151 celare,
3257 4092 3314 4138 et
3333 4093 3512 4154 spreta
3539 4089 3759 4144 verita-

2161 4177 2215 4226 te
2230 4172 2566 4227 mendacium
2581 4173 2829 4244 amplecti
2850 4183 3178 4241 asseverant,
3203 4177 3433 4246 idipsum
3456 4179 3512 4233 in
3535 4195 3592 4235 se
3611 4181 3760 4252 ipsis

2161 4262 2279 4318 ﬁeri
2316 4265 2667 4335 conspicient,
2705 4266 2751 4320 si
2793 4265 3074 4337 diligenter
3105 4268 3404 4324 advertant.
3441 4269 3582 4326 Nam
3615 4274 3759 4331 dum

2161 4354 2238 4409 illi
2279 4371 2526 4427 magnam
2567 4373 2627 4413 se
2670 4360 3011 4414 sanctitatem
3049 4361 3249 4416 habere
3291 4361 3588 4433 ﬁngentes,
3630 4365 3758 4434 eius

2160 4445 2314 4515 quasi
2359 4446 2474 4500 zelo
2500 4448 2712 4502 accensi
2738 4447 2997 4519 imagines
3033 4449 3102 4504 ab
3138 4449 3383 4507 ecclesiis
3416 4459 3475 4506 ut
3513 4463 3647 4522 pote
3684 4473 3757 4513 ne

2158 4537 2514 4592 adorarentur
2541 4553 2661 4608 quae
2688 4553 2796 4594 non
2820 4540 2888 4596 ad
2911 4540 3245 4596 adorandum
3270 4543 3337 4597 ab
3368 4542 3609 4612 antiquis
3655 4562 3758 4616 ρο-

2157 4625 2276 4680 sita:
2323 4625 2537 4682 fuerant
2575 4628 2981 4696 abdicaverunt,
3023 4639 3078 4687 et
3115 4631 3204 4688 isti
3239 4647 3335 4688 eas
3362 4633 3522 4704 quasi
3562 4635 3756 4692 nimia:

2156 4719 2462 4775 sanctitatis
2505 4735 2689 4776 amore
2730 4723 2945 4779 accensi
2989 4723 3290 4778 adorandas
3328 4733 3600 4790 statuunt,
3645 4742 3755 4783 nec

2156 4809 2262 4866 sibi
2291 4809 2566 4866 catholica:
2596 4811 2723 4867 ﬁdei
2763 4813 3087 4869 charismata
3120 4814 3366 4871 sufﬁcere
3393 4825 3610 4886 putant,
3637 4821 3752 4875 nisi

2155 4901 2236 4956 eis
2282 4902 2579 4961 .servitium
2625 4903 2955 4960 adorationis
3005 4905 3327 4973 exhibeant,
3381 4922 3508 4963 cum
3559 4917 3749 4966 tamen

2155 4991 2373 5062 utrique
2394 5008 2548 5048 vanae
2572 4993 2746 5049 laudis
2771 4995 3009 5065 appetitu
3037 4995 3095 5050 id
3119 5004 3298 5067 agant,
3328 4997 3459 5066 quid
3484 4997 3632 5054 aliud
3658 4999 3748 5053 fa-

2157 5083 2304 5136 ciunt
2335 5083 2439 5138 nisi
2473 5085 2573 5140 sub
2597 5084 2828 5154 pellibus
2854 5085 3036 5141 ovium
3061 5085 3214 5156 lupos
3239 5089 3469 5158 tegunt?
3496 5089 3626 5158 quia
3660 5091 3751 5144 ni-

2156 5172 2356 5228 mirum
2385 5173 2512 5229 dum
2540 5173 2673 5230 foris
2703 5181 2797 5229 aut
2825 5175 2998 5230 zelum
3036 5183 3130 5231 aut
3164 5177 3398 5232 studium
3433 5179 3747 5235 sanctitatis

2155 5266 2428 5333 simulant,
2457 5267 2724 5322 introrsus
2749 5266 2987 5338 lupinam
3008 5267 3213 5323 rabiem
3239 5283 3344 5337 qua
3371 5269 3587 5324 caeteris
3611 5270 3747 5323 emi-

2156 5373 2286 5414 nere
2306 5359 2568 5425 ambiunt,
2586 5373 2785 5428 eosque
2805 5361 3207 5415 anatltematum
3235 5359 3487 5416 dentibus
3513 5361 3742 5428 rodunt,

2155 5449 2354 5504 habere
2379 5465 2437 5505 se
2462 5457 2765 5505 monstrant
2787 5465 2802 5504 :
2824 5452 3105 5506 veritatem
3133 5451 3316 5520 itaque
3343 5459 3744 5520 praetereuntes

2154 5542 2495 5597 mendacium
2515 5543 2732 5612 utrique
2753 5542 3167 5612 amplectuntur,
3199 5542 3324 5613 quia
3343 5542 3470 5598 dum
3503 5543 3742 5614 superbe

2154 5642 2210 5688 et
2237 5643 2552 5704 arroganter
2573 5649 2708 5689 nova
2731 5650 2955 5704 qumque
2975 5635 3300 5691 constituere
3321 5633 3608 5698 anhelant,
3632 5649 3740 5689 nec

2154 5726 2454 5784 humilitate
2475 5727 2609 5784 duce
2629 5729 2972 5801 antiquorum
2986 5728 3209 5785 Patrum
3228 5724 3470 5796 exempla
3495 5738 3738 5796 sequun-
