4016 6292
277 334 423 394 1853

1035 338 1239 420 LIBRI
1275 333 1620 397 CAROLINI.
1661 365 1730 376 --
1764 328 1987 393 CAPIT.
2027 332 2116 393 DE
2152 334 2344 395 IMAG.
2385 369 2455 380 —
2492 340 2622 398 LIB.
2661 339 2750 399 IV.

3402 344 3544 401 ηδε

278 463 389 522 tur,
419 468 486 510 an
509 447 571 510 ea
597 453 825 511 veritate
854 467 972 526 qua}
1004 454 1188 514 fallere
1224 455 1441 528 fallique
1476 455 1647 510 nescit
1682 453 1863 509 absce-
1884 447 1937 512 Δ
1963 449 2106 519 quod
2139 451 2413 507 osculatur
2445 467 2552 508 non
2580 453 2855 510 adoretur.
2899 429 3170 509 Adoratur
3208 455 3351 511 enim
3377 455 3541 525 Deus,

273 544 432 609 dunt,
458 543 642 615 illique
660 545 943 602 mendacio
963 545 1238 603 adhaerent
1258 547 1325 603 de
1346 562 1454 617 quo
1473 546 1732 614 scriptum
1744 551 1855 600 est:

273 635 353 688 Ab
383 635 537 691 initio
560 637 788 692 mendax
812 637 912 708 fuit
949 646 996 693 et
1038 638 1095 693 in
1133 640 1344 694 veritate
1371 656 1475 693 non
1515 639 1651 693 stetit
1676 637 1855 709 (Joan.

273 729 419 802 vni).
465 729 606 795 Quid
629 745 759 802 ergo
787 739 873 787 est
906 732 1191 787 veritatem
1227 731 1528 802 prmterim,
1576 730 1682 786 nisi
1704 728 1860 785 Chri-

273 821 344 876 sti
372 821 612 888 monitis,
640 822 732 893 qui
763 829 954 878 auctor
973 822 1294 878 humilitatis
1315 830 1417 888 est,
1434 820 1859 894 perjactantiam

274 910 583 965 contraire?
607 909 747 979 Quid
781 920 865 968 est
887 912 1225 968 mendacium
1261 913 1432 982 sequi,
1470 910 1576 967 nisi
1612 908 1728 980 ejus
1764 909 1858 980 qui

270 1009 462 1058 auctor
500 1002 764 1072 superbiae
801 1010 885 1058 est
921 1003 1165 1073 exempla
1203 1003 1258 1058 in
1288 1003 1441 1058 novis
1475 1008 1530 1058 et
1565 1001 1619 1056 in
1656 1000 1859 1056 illicitis

269 1093 751 1149 constitutionibus
783 1093 1082 1160 illiciendo,
1120 1101 1175 1149 et
1205 1094 1440 1164 antiquis
1465 1109 1529 1149 ac
1565 1089 1859 1148 salutiferis

269 1183 654 1241 traditionibus
672 1184 987 1251 obnitendo,
1003 1193 1198 1241 sectari
1211 1186 1233 1240 ?
1244 1184 1397 1252 Quod
1407 1185 1626 1256 quidem
1640 1182 1860 1252 utrique

269 1286 402 1333 tunc
430 1277 653 1342 faciunt,
695 1293 819 1333 cum
853 1278 1119 1350 superbiae
1156 1285 1316 1333 vento
1358 1275 1528 1332 inflati
1569 1283 1663 1331 aut
1703 1273 1857 1330 fran-

265 1370 565 1440 gendarum
599 1376 693 1424 aut
729 1369 1124 1426 adorandarum
1162 1368 1458 1441 imaginum
1487 1381 1728 1424 errorem
1773 1381 1860 1422 ar-

219 1516 228 1528 ,
265 1461 494 1531 ripiunt.
530 1459 701 1517 Porro
733 1462 877 1532 quod
912 1461 1144 1530 majores
1177 1475 1304 1516 suos
1334 1476 1436 1516 ova
1469 1459 1711 1530 aspidum
1732 1473 1859 1530 pro-

266 1552 476 1618 tulisse,
507 1559 563 1608 et
591 1552 750 1608 telam
780 1567 991 1609 araneae
1019 1553 1256 1609 texuisse
1289 1561 1557 1619 asserunt,
1595 1567 1702 1606 non
1738 1565 1856 1606 me-

264 1642 480 1697 diocres
505 1642 606 1697 sibi
638 1643 692 1696 in
719 1643 821 1698 hac
844 1650 998 1713 parte
1021 1642 1374 1699 contumelias
1397 1641 1640 1696 inferunt
1664 1658 1676 1695 :
1702 1640 1858 1712 quip-

260 1750 495 1806 pecum
533 1735 654 1792 ideo
690 1751 880 1792 eorum
918 1752 1018 1793 ova
1053 1738 1182 1804 sint,
1224 1737 1477 1808 quoniam
1510 1744 1604 1792 aut
1645 1735 1712 1790 ab
1753 1733 1857 1790 illis

1965 542 2060 597 sed
2084 558 2193 598 non
2229 543 2534 612 osculatur;
2575 554 2899 603 venerantur
2930 548 3104 604 sancti
3139 549 3233 620 qui
3270 565 3302 606 c
3346 550 3546 607 stcculo

1963 649 2086 690 cum
2113 635 2398 707 triumphis
2426 638 2744 695 meritorum
2769 642 3158 712 migraverunt,
3183 641 3279 699 sed
3310 658 3412 699 nec
3441 643 3538 699 ad-

1962 725 2106 779 orari
2134 727 2330 782 debent
2354 727 2500 783 cultu
2526 729 2728 797 divino,
2744 743 2843 787 nec
2864 731 3099 787 osculari
3112 740 3358 803 possunt.
3375 732 3547 791 Oscu-

1962 815 2142 872 lantur
2169 831 2200 872 c
2228 820 2500 876 contrario
2529 820 2803 894 conjuges,
2835 822 3011 890 liberi,
3035 838 3137 881 nec
3161 841 3270 881 non
3298 834 3353 882 et
3377 827 3543 896 servi,

1960 923 2062 964 nec
2094 916 2274 966 tamen
2300 911 2614 968 adorantur.
2645 913 2990 972 Manifestum
3011 931 3243 989 namque
3265 926 3350 975 est
3386 935 3549 979 oscu-

1960 1000 2075 1056 lum
2109 1011 2165 1058 et
2207 1004 2579 1063 adorationem
2605 1007 2851 1065 'duarum
2903 1026 3087 1067 rerum
3133 1013 3352 1068 nomina
3403 1028 3544 1071 esse.

1961 1091 2241 1162 Quomodo
2266 1112 2395 1168 ergo
2419 1098 2524 1154 erit
2545 1099 2823 1156 nominum
2854 1109 3005 1157 tanta
3052 1104 3108 1158 in
3145 1120 3307 1160 sensu
3340 1105 3544 1175 unitas,

1957 1202 2084 1243 cum
2118 1204 2299 1244 rerum
2344 1190 2398 1245 in
2443 1190 2716 1248 intellectu
2755 1193 2828 1250 sit
2877 1202 3029 1250 tanta
3080 1195 3404 1253 diversitas?
3438 1198 3548 1254 Aut

1960 1297 2061 1337 cur
2085 1299 2194 1340 non
2222 1285 2432 1356 possint
2454 1288 2716 1344 vocabula
2737 1287 2938 1346 diﬂ‘erri
2968 1290 3024 1346 in
3058 1306 3240 1357 sensu,
3268 1308 3390 1347 cum
3415 1308 3548 1364 pos-

1959 1373 2070 1428 sint
2128 1378 2515 1434 vocabulorum
2563 1381 2800 1452 origines
2864 1381 3068 1440 diﬂ’erri
3106 1385 3164 1441 in
3214 1386 3383 1441 actu?
3427 1387 3547 1442 Non

1958 1466 2104 1522 enim
2130 1483 2217 1524 res
2242 1478 2368 1525 sunt
2396 1471 2626 1528 condita:
2653 1481 2875 1546 propter
2916 1477 3155 1544 nomina,
3185 1477 3280 1534 sed
3324 1479 3547 1538 nomina

1957 1567 2179 1628 propter
2200 1575 2308 1627 res,
2331 1576 2430 1617 nec
2449 1563 2778 1618 credendum
2801 1572 2886 1620 est
2906 1573 2966 1620 ut
2989 1581 3079 1622 res
3101 1574 3351 1637 aptentur
3372 1569 3548 1624 nomi-

1957 1648 2136 1714 nibus,
2163 1649 2256 1705 sed
2281 1652 2499 1706 nomina
2522 1652 2703 1722 potius
2733 1661 2986 1725 aptentur
3014 1658 3193 1725 rebus,
3217 1659 3473 1730 quoniam
3491 1668 3548 1716 et

1959 1742 2296 1813 protoplasto
2337 1745 2633 1800 animantia
2670 1747 2900 1804 adducta
2934 1764 2964 1803 a
2995 1748 3223 1806 Domino
3266 1751 3435 1808 fuisse
3483 1762 3547 1808 ut

259 1834 393 1880 sunt
442 1840 541 1896 per
586 1826 768 1882 carnis
817 1828 1100 1882 materiam
1153 1827 1430 1899 propagati
1449 1868 1464 1892 ,
1517 1834 1612 1881 aut
1663 1824 1856 1880 studiis
1883 1815 1933 1879 Β
1959 1834 2164 1892 videret
2192 1837 2321 1907 quid
2340 1847 2560 1895 vocaret
2579 1853 2662 1908 ea,
2691 1839 2968 1911 leguntur;
2999 1843 3162 1899 rebus
3189 1844 3336 1900 enim
3375 1861 3406 1900 a
3433 1845 3546 1902 Deo

261 1917 597 1986 quibuslibet
622 1918 834 1985 imbuti,
863 1927 955 1973 aut
983 1928 1131 1975 certe
1153 1935 1249 1989 per
1274 1933 1534 1973 manuum
1565 1915 1858 1988 impdsitio-

261 2024 390 2064 nem
414 2009 466 2064 in
489 2010 873 2066 ecclesiasticis
891 2011 1174 2066 ordinibus
1195 2011 1525 2075 consecrati;
1552 2017 1606 2064 et
1628 2008 1748 2064 ideo
1770 2021 1860 2064 eo-

260 2115 388 2153 rum
416 2099 518 2154 tcla
541 2108 686 2167 sunt,
709 2101 836 2170 quia
869 2102 937 2156 ab
972 2100 1080 2156 illis
1115 2109 1209 2156 aut
1241 2117 1306 2157 ex
1341 2101 1560 2156 traduce
1598 2114 1854 2170 corpora—

259 2191 410 2260 liter,
448 2201 541 2248 aut
581 2208 649 2248 ex
694 2195 940 2250 doctrina
985 2193 1300 2265 spiritaliter
1339 2202 1463 2250 sunt
1504 2195 1686 2250 orditi.
1742 2192 1855 2249 Ova

256 2299 392 2356 ergo
439 2286 682 2356 aspidum
736 2294 790 2342 et
841 2287 1006 2342 telam
1056 2303 1269 2344 araneae
1317 2304 1377 2344 se
1426 2303 1533 2343 non
1582 2288 1854 2344 immerito

256 2387 594 2448 nuncupant,
623 2377 751 2449 quia
776 2386 831 2434 et
854 2394 1014 2435 aures
1043 2395 1170 2435 suas
1198 2381 1478 2448 obturant,
1511 2395 1580 2436 ne
1611 2377 1857 2450 Scriptu-

256 2487 447 2527 rarum
485 2473 648 2528 verba
685 2471 940 2528 interiore
975 2489 1105 2529 aure
1145 2474 1400 2540 audiant,
1441 2490 1562 2546 qua:
1602 2477 1764 2530 unius
1799 2482 1856 2531 et

255 2561 427 2616 solius
463 2561 559 2616 Dei
599 2561 801 2617 cultum
841 2571 898 2617 et
933 2564 1304 2620 adorationem
1341 2565 1661 2632 instituunt,
1698 2575 1754 2621 et
1785 2566 1854 2621 ad

254 2653 552 2722 capiendas
576 2654 690 2710 sive
728 2653 1027 2712 illicicndas
1064 2657 1273 2713 animas
1307 2673 1568 2712 novarum
1605 2666 1662 2713 et
1695 2659 1854 2714 inuti-

255 2745 392 2800 lium
409 2745 848 2801 constitutionum
867 2747 1027 2803 telam
1043 2748 1427 2819 praedicatione
1438 2749 1604 2805 ordiri
1623 2756 1678 2804 et
1691 2763 1853 2820 opere

218 2865 224 2886 ι
255 2842 442 2891 texere
458 2852 565 2893 non
585 2845 850 2904 metuunt,
875 2847 930 2894 et
949 2840 1245 2895 secundum
1267 2855 1418 2895 suam
1439 2839 1846 2910 professionem,

255 2928 349 2998 qui
388 2929 575 2984 eadem
610 2944 710 2983 ova
744 2944 864 2985 esse
901 2931 1191 2997 desiderat,
1231 2930 1545 2987 basiliscum
1582 2932 1852 2988 introrsus

255 3020 510 3085 inveniet,
541 3022 668 3092 quia
691 3022 940 3079 videlicet
968 3025 1275 3095 quicunque
1300 3039 1488 3080 eorum
1516 3025 1853 3095 praedicatio-

254 3129 326 3169 ne
368 3115 444 3169 uti
491 3115 720 3185 appetit,
753 3115 1046 3172 mortifera:
1080 3117 1134 3172 in
1183 3118 1264 3173 eis
1313 3117 1618 3174 traditionis
1661 3116 1848 3174 ﬂatum

255 3207 481 3278 reperit,
531 3216 587 3264 et
634 3208 761 3265 dum
817 3209 966 3279 cupit
1012 3207 1213 3265 famem
1259 3209 1412 3265 verbi
1463 3209 1848 3280 praedicatione
1870 3187 1923 3258 α

153 3354 166 3357 _
252 3302 531 3358 soluturus
574 3302 844 3372 quoddam
876 3302 1118 3373 reperire
1159 3302 1480 3368 remedium,
1529 3303 1696 3357 vitam
1727 3317 1851 3373 per-

253 3393 470 3449 diturus
498 3393 725 3449 internae
748 3393 936 3449 salutis
957 3394 1158 3466 reperit
1182 3392 1539 3464 dispendium.
1590 3392 1716 3449 Ideo
1752 3394 1851 3466 igi-

254 3491 348 3536 tur
371 3483 521 3539 eisin
538 3491 724 3540 nostra
741 3483 1104 3554 disputatione
1125 3498 1349 3554 parcere
1370 3483 1811 3554 parvipendimus
1829 3524 1846 3553 ,

252 3574 384 3644 quia
409 3588 502 3630 eos
525 3574 742 3631 sibimet
764 3576 819 3630 in
848 3591 945 3631 sua
972 3576 1338 3646 disputatione
1364 3576 1669 3646 pepercisse
1693 3577 1852 3632 mini-

253 3681 345 3721 me
389 3666 710 3736 reperimus,
762 3667 857 3723 sed
905 3676 1125 3738 accepta
1163 3669 1231 3724 ab
1264 3668 1374 3724 illis
1418 3668 1848 3738 reprehendenti

251 3757 484 3812 materia
511 3757 623 3814 suis
650 3773 744 3815 eos
768 3759 987 3829 spiculis
1005 3758 1331 3830 iaculamur.
1370 3758 1501 3828 Qua:
1529 3761 1712 3816 omnia
1737 3777 1848 3819 non

250 3848 374 3904 sine
402 3847 687 3904 dilectione
733 3848 981 3917 facimus,
1025 3851 1121 3908 sed
1170 3852 1287 3908 hzec
1332 3851 1562 3924 agimus,
1598 3852 1728 3923 quia
1753 3868 1850 3910 eo-

250 3955 380 3996 rum
422 3941 493 3997 ab
539 3957 727 3997 errore
770 3943 1182 4000 conversionem
1227 3945 1448 4012 inimus,
1477 3945 1525 4001 si
1570 3946 1710 4003 forte
1750 3945 1850 4003 ali-

249 4032 471 4104 quando
489 4033 690 4090 erroris
709 4035 792 4090 sui
810 4042 1059 4106 portenta
1079 4036 1608 4108 sequicontemnant,
1635 4046 1691 4094 et
1703 4037 1848 4095 viam

250 4140 376 4196 quae
395 4127 546 4185 ducit
576 4131 646 4188 ad
663 4131 832 4187 vitam
857 4133 1122 4204 perpetim
1149 4133 1437 4190 tenendam
1461 4140 1736 4204 appetant.

830 4242 1058 4302 CAPUT
1081 4243 1268 4300 XXIII.

250 4309 478 4368 Inutilis
503 4322 553 4369 et
578 4313 845 4387 inerudita
865 4315 1228 4387 interpretatio
1246 4331 1429 4387 eorum
1464 4318 1560 4387 qui
1590 4317 1727 4384 dum
1747 4317 1848 4372 ad-

282 4417 286 4420 -
322 4399 482 4455 orare
514 4395 562 4439 et
594 4385 823 4441 osculari
847 4402 1009 4439 unum
1031 4401 1141 4440 esse
1167 4385 1439 4455 afﬁrmare
1463 4385 1668 4451 uellent,
1699 4388 1849 4441 dixe-

325 4463 450 4526 ruat
496 4472 516 4509 :
563 4455 774 4526 Quique
822 4464 1135 4512 sanctorum
1168 4457 1473 4526 principum
1526 4465 1727 4512 nostrae
1755 4458 1848 4513 do-

1955 1926 2188 1983 conditis
2224 1928 2369 1984 idem
2413 1929 2634 1985 humani
2662 1932 2874 2002 generis
2907 1940 3064 2003 pater
3109 1934 3328 1990 nomina
3372 1935 3543 2004 dedit,

1955 2032 2062 2072 non
2095 2019 2403 2074 nominibus
2440 2035 2471 2075 a
2492 2036 2550 2076 se
2581 2022 2932 2096 conditisres
2963 2024 3296 2100 quibusoipsa
3321 2028 3546 2084 nomina

1955 2107 2164 2165 inderct
2191 2111 2258 2165 ad
2292 2126 2350 2168 se
2376 2112 2635 2168 adductas
2662 2115 2957 2184 perspexit.
2986 2113 3139 2170 Plato
3167 2117 3399 2186 denique
3422 2121 3546 2190 phi-

1953 2197 2210 2271 losophus
2254 2203 2476 2258 nomina
2521 2205 2789 2260 naturalia
2835 2222 2955 2262 esse
2999 2209 3300 2276 constituit,
3342 2218 3398 2267 et
3442 2212 3547 2269 hoc

1953 2288 2081 2346 hinc
2116 2293 2346 2362 probare
2391 2296 2686 2360 contendit,
2735 2298 2879 2366 quod
2923 2300 3167 2368 quaedam
3210 2302 3449 2371 supellex
3489 2311 3546 2359 et

1953 2387 2349 2456 quodammodo
2379 2388 2800 2446 instrumentum
2835 2391 2945 2447 sint
2970 2392 3389 2460 inviccmsensa
3419 2411 3545 2467 pro-

1953 2478 2129 2544 dendi,
2159 2481 2486 2537 naturalium
2525 2497 2656 2537 vero
2699 2482 3061 2554 supellectiles
3088 2493 3213 2540 sunt
3243 2488 3542 2555 naturales,

1952 2579 2013 2626 ut
2033 2571 2175 2626 oculi
2208 2573 2566 2630 instrumenta
2597 2575 2817 2645 quidem
2841 2585 2968 2632 sunt
2992 2577 3230 2644 videndi,
3261 2579 3354 2650 qui
3394 2580 3544 2637 visus

1952 2677 2044 2718 res
2064 2664 2326 2720 naturalis
2349 2674 2452 2731 est,
2477 2681 2643 2736 quare
2671 2667 2858 2724 oculos
2885 2683 3100 2739 quoque
3127 2673 3403 2728 naturales
3423 2688 3546 2730 esse

1949 2770 2174 2813 necesse
2194 2767 2307 2825 est;
2338 2759 2413 2814 ita
2433 2759 2599 2815 etiam
2622 2763 2796 2817 oratio
2816 2776 2997 2818 rerum
3016 2764 3341 2820 naturalium
3365 2768 3546 2838 supel-

1952 2845 2040 2902 lex
2084 2858 2167 2905 est
2195 2859 2357 2923 atque
2397 2851 2835 2922 instrumentum,
2868 2855 2925 2911 id
2978 2863 3080 2924 est,
3129 2860 3542 2930 sententiarum,

1952 2956 2120 3013 quare
2141 2944 2257 3014 ipm
2303 2961 2520 3016 quoque
2546 2954 2629 3003 est
2671 2947 2956 3004 naturalis.
2992 2949 3316 3006 Aristoteles
3358 2962 3543 3010 autem

1955 3036 2088 3093 dicit
2125 3052 2232 3093 non
2273 3038 2570 3095 secundum
2615 3048 2866 3096 naturam
2908 3056 3029 3099 esse
3074 3044 3396 3110 orationem,
3450 3047 3547 3105 sed

1951 3129 2247 3186 secundum
2287 3129 2546 3201 placitum
2569 3172 2585 3198 ,
2625 3132 2878 3203 quocirca
2913 3149 3016 3190 nec
3060 3149 3180 3192 esse
3238 3138 3542 3194 orationem

1949 3224 2340 3297 supellectilem
2364 3227 2686 3284 naturalem.
2718 3227 2872 3296 Quod
2907 3229 3054 3286 enim
3094 3230 3226 3287 dicit
3266 3246 3375 3288 non
3423 3247 3546 3290 esse

1948 3317 2390 3386 instrumentum,
2419 3334 2528 3376 non
2562 3321 2693 3377 dicit
2719 3335 2828 3376 non
2853 3337 2952 3393 per
2989 3321 3093 3378 hoc
3119 3322 3539 3381 instrumentum

1946 3423 2105 3467 sensa
2139 3409 2394 3482 proferri,
2425 3412 2522 3469 sed
2551 3420 2763 3468 tantum
2802 3428 2917 3469 rem
2950 3427 3090 3481 esse,
3118 3415 3418 3471 orationem
3454 3431 3542 3473 se-

1947 3500 2182 3558 cundum
2218 3503 2562 3573 positionem,
2604 3518 2703 3574 per
2739 3519 2900 3575 quam
2945 3505 3195 3575 proprias
3245 3506 3541 3563 sententias

1946 3591 2403 3650 demonstremus.
2429 3594 2576 3650 Idem
2605 3609 2818 3666 quoque
2841 3595 3211 3667 philosophus,
3239 3597 3325 3652 cui
3354 3596 3410 3652 in
3436 3597 3540 3654 hac

1945 3693 2101 3758 parte
2134 3686 2270 3742 ﬁdes
2297 3687 2638 3758 potissimum
2662 3687 2967 3745 adhibenda
2994 3695 3095 3754 est,
3128 3689 3182 3744 in
3213 3689 3354 3746 libro
3384 3689 3540 3746 Peri-

1946 3778 2351 3833 hermeniarum
2376 3796 2390 3833 :
2421 3797 2441 3830 ‹
2474 3777 2682 3835 Nomen
2699 3779 2831 3834 dicit
2856 3792 2976 3835 esse
2999 3794 3188 3836 vocem
3220 3781 3534 3850 signiﬁcati-

1947 3885 2073 3926 vam
2127 3870 2424 3927 secundum
2463 3871 2724 3941 placitum
2771 3871 2889 3927 sine
2930 3880 3194 3940 tempore,
3239 3892 3257 3926 ›
3313 3872 3368 3929 id
3424 3881 3532 3938 est,

1947 3978 2145 4021 nomen
2165 3979 2285 4021 esse
2305 3979 2514 4021 vocem.
2547 3963 2655 4020 Sed
2684 3979 2878 4020 vocum
2913 3964 3033 4020 alia:
3058 3975 3184 4032 sunt
3214 3981 3334 4037 qum
3369 3967 3534 4038 signi.

1947 4055 2134 4123 ﬁcant,
2185 4055 2304 4110 alia:
2350 4071 2472 4127 qua:
2527 4054 2661 4110 nihil
2707 4054 3047 4127 signiﬁcant;
3095 4072 3293 4113 nomen
3354 4069 3537 4118 autem

1947 4147 2216 4222 signiﬁcat
2243 4147 2301 4203 id
2327 4147 2481 4217 cujus
2505 4163 2703 4204 nomen
2732 4157 2817 4204 est
2843 4163 2858 4203 :
2891 4144 3089 4205 nomen
3117 4149 3285 4221 igitur
3317 4160 3400 4207 est
3432 4167 3538 4208 vox

1948 4239 2327 4313 signiﬁcativa.
2356 4240 2562 4296 Vocum
2587 4239 3066 4311 significativarum
3088 4241 3210 4297 alia:
3229 4251 3355 4297 sunt
3379 4251 3540 4299 natu-

1947 4334 2156 4400 raliter,
2204 4333 2326 4390 alize
2369 4347 2477 4388 non
2528 4331 2868 4388 naturaliter.
2922 4331 3253 4388 Naturaliter
3298 4343 3382 4389 est
3431 4349 3539 4391 vox

1948 4426 2326 4498 signiﬁcativa,
2349 4432 2410 4480 ut
2441 4440 2507 4480 ea
2531 4439 2652 4495 quae
2674 4424 2887 4481 dolores
2925 4424 3246 4479 naturaliter
3268 4433 3538 4482 monstrat

326 4523 520 4580 ctrina;
557 4517 612 4582 έῖ
665 4517 856 4619 (SOI-“Lm
909 4517 1266 4619 “access-Oiei
1302 4517 1578 4619 Egregium
1601 4535 1845 4619 1ρεξιιυμξιι
1871 4556 1926 4619 D
1949 4527 2041 4575 aut
2069 4519 2283 4591 gaudia,
2327 4525 2388 4574 ut
2432 4525 2557 4574 sunt
2595 4517 3027 4587 interjectiones;
3070 4533 3178 4573 non
3218 4518 3540 4619 naturaliter

326 4603 661 4661 nostrorum,
691 4605 747 4652 et
788 4598 888 4654 has
917 4598 1129 4655 adorari
1180 4596 1723 4664 videlicet'osculari,
1757 4597 1841 4653 id-

285 4681 292 4684 ·
326 4665 506 4739 ipsum
555 4667 700 4722 enim
742 4676 1062 4739 utrumque,
1101 4683 1442 4725 communem
1485 4683 1615 4739 vero
1658 4667 1846 4726 Grmee

324 4737 566 4812 antiquae
595 4739 883 4812 locutionis
919 4737 1152 4812 osculari
1183 4749 1239 4794 et
1275 4740 1527 4812 amplecti
1575 4738 1842 4812 designat,

324 4815 384 4882 et
417 4808 711 4882 voluntatis
737 4809 1054 4882 extensione
1082 4810 1263 4879 aliqua
1307 4808 1577 4882 signiﬁcat
1619 4808 1843 4876 amoris,

326 4877 492 4952 sicuti
514 4878 630 4933 fero
667 4888 723 4935 et
745 4878 934 4952 offero,
967 4881 1124 4935 ﬁrmo
1162 4877 1217 4935 ct
1265 4877 1547 4952 con'tirmo,
1579 4882 1845 4952 participo

326 4957 383 5002 et
410 4949 598 5016 adoro,
629 4950 771 5019 quod
797 4951 1133 5006 demonstrat
1161 4951 1406 5006 osculum
1435 4961 1489 5007 ct
1511 4949 1844 5008 extensionis

325 5019 624 5094 amicitiae:
667 5021 810 5090 quod
848 5021 997 5094 enim
1045 5022 1190 5094 quis,
1216 5021 1392 5094 diligit
1427 5033 1482 5078 et
1530 5022 1742 5090 adorat,
1791 5030 1848 5078 et

326 5089 474 5158 quod
499 5089 699 5146 adorati
715 5092 936 5147 omnino
967 5099 1022 5148 et
1045 5089 1244 5164 diligit.

325 5181 387 5236 In
431 5181 735 5239 ditl'ercntia
783 5185 947 5241 osculi
993 5194 1048 5242 et
1089 5185 1580 5258 adorationis,quae
1623 5187 1728 5243 duo
1767 5186 1846 5242 illi

245 5287 426 5328 unum
451 5288 571 5330 esse
598 5283 811 5345 putant,
856 5292 966 5332 non
1006 5284 1088 5334 est
1133 5277 1427 5348 plurimum
1468 5278 1841 5344 laborandum,

245 5365 518 5436 quoniam
554 5367 671 5424 haec
697 5368 804 5424 duo
847 5368 1069 5424 nomina
1121 5377 1273 5425 tanto
1324 5369 1468 5426 inter
1515 5384 1574 5426 se
1621 5368 1845 5436 distant,

246 5465 462 5525 quanto
488 5466 545 5514 et
574 5459 659 5516 hie
697 5475 788 5517 res
813 5475 1046 5532 quarum
1076 5461 1192 5516 haec
1217 5462 1438 5518 nomina
1464 5470 1590 5518 sunt
1618 5461 1764 5524 inter
1788 5477 1848 5520 se

247 5549 602 5621 discrepant;
625 5562 682 5610 et
711 5553 1022 5610 necessario
1048 5569 1298 5626 magnam
1327 5555 1528 5610 habent
1574 5555 1642 5611 ab
1684 5552 1848 5609 alter-

250 5649 384 5697 utro
409 5642 814 5711 discretionem,
857 5661 979 5702 cum
1004 5654 1061 5702 et
1093 5647 1222 5717 ipsa:
1259 5661 1347 5702 res
1372 5646 1690 5717 plerumque
1725 5662 1844 5703 ma-

250 5745 422 5803 gnam
470 5735 612 5792 inter
655 5753 715 5794 se
760 5739 996 5794 habeant
1042 5737 1487 5807 diremptionem,
1540 5737 1847 5808 praesertim

250 5838 388 5882 cum
430 5825 702 5886 interdum
724 5839 779 5890 et
814 5830 958 5904 quod
1002 5829 1260 5888 adoratur
1308 5846 1417 5889 non
1459 5829 1753 5899 osculetur,
1790 5837 1846 5889 et

1945 4628 2076 4670 vero
2103 4611 2473 4684 signiticativte
2511 4625 2673 4668 voces
2703 4617 2844 4674 sunt,
2886 4623 3022 4679 quas
3066 4608 3360 4666 secundum
3389 4611 3537 4682 posi-

1946 4707 2150 4762 tionem
2199 4719 2322 4761 esse
2373 4704 2623 4761 dicimus.
2674 4701 2981 4759 Secundum
3029 4703 3354 4772 positionem
3403 4719 3536 4762 vero

1948 4808 2093 4867 sunt,
2133 4814 2267 4870 quas
2290 4798 2393 4869 ipsi
2419 4799 2522 4854 sibi
2558 4796 2805 4852 homines
2827 4803 3144 4865 posuerunt,
3184 4796 3322 4851 sicut
3357 4797 3412 4852 in
3438 4811 3535 4852 su-

1946 4894 2159 4967 periore
2188 4891 2434 4962 exemplo
2474 4889 2616 4961 quod
2645 4887 2711 4943 de
2743 4887 2938 4943 Genesi
2978 4888 3328 4958 sumpsimus,
3379 4903 3535 4945 mon-
3599 4898 3606 4910 '

1947 4993 2179 5041 stratum
2223 4991 2323 5046 est,
2372 4995 2492 5050 quae
2545 4978 2753 5048 singula
2803 4979 2956 5049 sequi
3003 4977 3376 5050 longissimum
3425 4988 3535 5036 est.

1951 5075 2203 5133 Osculum
2253 5074 2459 5128 interea
2509 5079 2564 5128 ct
2606 5071 2986 5138 adorationem,
3037 5071 3149 5126 sive
3195 5070 3428 5126 osculari
3481 5081 3537 5126 et

1948 5167 2190 5232 adorare,
2224 5165 2359 5220 duas
2382 5177 2472 5218 res
2518 5176 2636 5218 esse
2664 5161 2957 5232 plurimum
3002 5160 3272 5216 interdum
3309 5161 3450 5217 inter
3480 5175 3540 5217 se

1949 5259 2212 5317 distantes
2265 5253 2611 5312 manifestum
2672 5262 2774 5310 est.
2831 5252 3138 5310 Secundum
3191 5254 3536 5310 saecularium

1948 5349 2251 5406 litterarum
2276 5347 2565 5420 magistros
2603 5345 2706 5401 tria
2744 5354 2870 5402 sunt
2893 5361 2962 5402 ex
2991 5345 3187 5417 quibus
3219 5345 3399 5402 omnis
3423 5345 3537 5402 col-

1948 5439 2149 5496 locutio
2204 5437 2602 5508 disputatioque
2669 5436 2978 5507 perﬁcitur,
3045 5452 3156 5503 res,
3208 5436 3532 5504 intellectus,

1947 5545 2128 5590 voces.
2169 5530 2277 5586 Res
2316 5537 2441 5585 sunt
2481 5544 2617 5599 quas
2661 5529 2826 5583 animi
2857 5529 3065 5585 ratione
3087 5529 3416 5600 percipimus
3453 5530 3535 5585 in-

1948 5623 2272 5692 tcllectuque
2303 5620 2677 5685 discernimus,
2702 5628 2762 5675 ut
2785 5628 2867 5677 est
2894 5621 3138 5687 adorare,
3165 5621 3250 5678 vel
3275 5621 3531 5689 osculari,

1947 5714 2033 5771 vel
2081 5713 2284 5784 aliquid
2320 5709 2645 5782 hnjusmodi.
2685 5711 2990 5769 Intellectus
3033 5727 3163 5770 vero
3207 5720 3290 5769 est
3314 5713 3530 5781 quidam

1949 5807 2116 5867 animi
2137 5807 2290 5881 vigor
2313 5820 2422 5879 quo
2454 5819 2542 5864 res
2583 5803 2728 5880 ipsas
2763 5804 3107 5875 addiscimus,
3146 5813 3201 5863 et
3240 5803 3370 5878 quid
3389 5803 3528 5868 inter
