4016 6292
455 277 592 335 1255

1384 271 1463 327 Β.‹
1487 267 1738 331 CAROLI
1771 265 1987 323 MAGNI
2020 264 2173 322 OPP.
2213 266 2394 326 PARS
2428 267 2492 325 ll.
2532 268 2775 329 SEC’l'lO
2807 272 2873 329 ﬂ.

3590 284 3730 339 1236

453 405 511 448 se
535 391 736 447 distent
772 386 1151 446 discernimus.
1177 344 1351 443 voces
1387 384 1582 455 quibus
1612 383 1665 439 id
1701 381 1844 452 quod
1878 378 2117 443 intel-A
2139 379 2268 447 sint,
2296 383 2391 439 sed
2432 384 2571 439 sicut
2595 384 2687 441 illa
2732 386 2838 441 duo
2866 387 2939 443 ab
2961 388 3226 449 alterutro
3255 393 3613 465 dirimuntur,
3658 401 3731 455 ita

452 482 595 542 lectu
620 482 865 555 capimus
889 479 1275 549 signiﬁcamus,
1302 485 1362 533 ut
1392 492 1491 546 pro
1531 492 1597 531 eo
1634 476 1780 546 quod
1821 482 1904 530 est
1942 471 2035 527 ad-

452 592 611 635 orare
635 576 866 633 dicimus
889 573 1148 638 adoratio,
1180 587 1280 645 pro
1304 586 1368 627 eo
1383 570 1526 640 quod
1544 578 1627 626 est
1646 567 1881 624 osculari
1905 566 2037 623 dici-

450 685 577 727 nius
619 670 883 726 osculum.
929 666 1028 722 Est
1080 665 1224 721 aliud
1272 663 1525 733 quiddam
1577 661 1722 732 quod
1771 658 2036 729 signiﬁcat

448 775 650 816 voces:
682 761 767 816 ha:
787 766 912 816 sunt
936 757 1157 823 litterae;
1195 757 1389 811 harum
1412 755 1555 809 enim
1596 752 1818 821 scriptio
1844 764 2035 806 vocum

448 852 775 925 signiﬁcatio
811 857 914 907 est.
961 848 1099 905 Cum
1134 848 1298 920 igitur
1323 847 1440 902 haec
1485 852 1612 901 sunt
1635 853 1887 914 quatuor,
1918 843 2032 907 “res,

447 943 783 1009 intellectus,
826 957 960 1008 vox,
1007 940 1216 1007 littera,
1263 954 1375 995 rem
1422 937 1657 1008 concipit
1698 935 2032 1001 intellectus,

445 1034 785 1091 intellectum
816 1049 947 1093 vero
974 1048 1134 1089 voces
1183 1032 1484 1103 designant,
1522 1030 1668 1101 ipsas
1706 1044 1836 1085 vero
1876 1041 2036 1085 voces

443 1124 639 1182 litterze
680 1126 1006 1197 signiﬁcant.
1054 1124 1206 1181 Unde
1243 1133 1296 1178 et
1344 1123 1599 1194 praefatus
1635 1123 1953 1179 Aristoteles
1980 1124 2035 1179 in

442 1215 865 1274 Perihermeniis
897 1218 1010 1274 suis
1032 1219 1144 1272 ait:
1184 1236 1201 1269 ‹
1244 1215 1380 1271 Sunt
1408 1231 1537 1287 ergo
1573 1230 1635 1269 ea
1674 1230 1794 1285 quae
1828 1222 1953 1270 sunt
1978 1214 2034 1269 in

441 1327 577 1369 voce
601 1329 791 1369 earum
822 1329 941 1383 quae
976 1321 1102 1367 sunt
1131 1313 1187 1367 in
1214 1312 1393 1367 anima
1433 1311 1742 1380 passionum
1785 1319 1953 1376 notae;
1981 1316 2037 1366 et

443 1420 509 1461 ea
552 1421 672 1476 quae
711 1406 1042 1472 scribuntur,
1097 1420 1287 1461 eorum
1339 1419 1459 1474 quae
1511 1410 1637 1458 sunt
1687 1402 1743 1456 in
1782 1417 1943 1467 voce;
1981 1409 2037 1471 et

442 1500 895 1569 quemadmodum
929 1513 1031 1555 nec
1064 1497 1257 1554 litterae
1294 1498 1545 1554 omnibus
1581 1497 1805 1562 eaedem,
1834 1498 1913 1553 sic
1936 1512 2037 1553 nec

444 1590 646 1646 eaedem
673 1606 872 1647 voces:
906 1604 931 1631 ι
964 1606 1195 1660 quarum
1231 1599 1412 1647 autem
1454 1590 1539 1646 ha:
1591 1590 1826 1660 primum
1869 1599 2033 1656 notas,

444 1682 646 1738 eaedem
671 1684 924 1739 omnibus
948 1683 1228 1752 passiones
1274 1683 1469 1739 animae
1516 1689 1661 1748 sunt,
1711 1690 1766 1738 et
1804 1696 2033 1753 quarum

442 1775 530 1834 hac
544 1776 946 1842 similitudines,
970 1792 1058 1832 res
1081 1778 1242 1832 etiam
1263 1778 1484 1844 eadem,
1517 1796 1536 1830 ι
1564 1776 1870 1832 intellectus
1893 1777 2036 1832 vide-

443 1865 588 1933 licet,
618 1867 775 1937 juxta
819 1869 1174 1926 eruditissimi
1211 1870 1313 1925 viri
1361 1869 1533 1926 Boetii
1580 1870 2031 1940 explanationem,

443 1961 611 2016 animi
661 1963 953 2030 quamdam
998 1964 1306 2033 passionem
1348 1964 1666 2035 designans;
1701 1983 1720 2016 ι
1758 1964 2034 2033 quoniam,

445 2059 508 2106 ut
529 2051 672 2107 idem
702 2051 922 2108 Boetius
948 2053 1043 2119 ait,
1073 2054 1177 2109 nisi
1206 2055 1498 2124 quamdam
1526 2054 1933 2110 similitudinem
1958 2054 2035 2109 rei

443 2157 607 2217 quam
641 2143 765 2213 quis
800 2143 1071 2216 intelligit,
1103 2146 1157 2201 in
1185 2146 1378 2202 anima:
1401 2147 1611 2202 ratione
1631 2147 1887 2215 patiatur,
1916 2145 2036 2201 nul-

442 2233 529 2291 lus
557 2243 641 2291 est
667 2235 997 2291 intellectus.
1025 2235 1162 2293 Cum
1201 2238 1347 2293 enim
1391 2238 1546 2294 video
1573 2239 1764 2294 orbem
1791 2238 1877 2292 vel
1902 2254 2036 2308 qua-

443 2329 679 2397 dratum,
719 2329 950 2401 ﬁguram
982 2330 1103 2401 ejus
1146 2341 1326 2386 mente
1374 2332 1622 2401 concipio
1649 2339 1706 2387 et
1751 2330 1869 2399 ejus
1904 2332 2037 2391 mihi

443 2423 737 2480 similitudo
786 2424 842 2479 in
890 2423 1088 2479 animae
1133 2424 1346 2479 ratione
1385 2424 1682 2490 formatur,
1729 2426 2039 2494 patiturque

443 2518 625 2574 anima
656 2518 734 2574 rei
759 2516 1048 2574 intellectae
1075 2518 1502 2575 similitudinem.
1533 2519 1687 2575 Unde
1714 2518 1776 2574 ﬁt
1801 2527 1862 2574 ut
1883 2518 2040 2573 intel-

442 2606 615 2665 lectus
639 2617 694 2667 et
721 2609 1020 2668 similitudo
1045 2611 1117 2666 sit
1140 2611 1221 2667 rei
1243 2619 1299 2666 et
1324 2611 1521 2667 animae
1544 2611 1746 2681 passio.
1786 2633 1803 2662 ι
1835 2611 2039 2667 Harum

443 2708 623 2757 autem
650 2717 840 2759 rursus
863 2710 1119 2775 quatuor,
1157 2703 1276 2760 duae
1313 2713 1439 2760 sunt
1480 2705 1777 2771 naturales,
1803 2705 1922 2761 dua:
1948 2719 2039 2761 se-

444 2795 683 2851 cundum
730 2796 1015 2854 hominum
1070 2798 1416 2870 posrtionem.
1466 2800 1637 2857 Voces
1695 2815 1930 2869 namque
1985 2806 2042 2856 et

443 2888 643 2947 littera:
671 2892 970 2948 secundum
994 2892 1319 2963 positionem
1350 2902 1491 2956 sunt,
1526 2893 1832 2950 intellectus
1859 2900 2038 2948 autem

444 2989 501 3037 et
529 2996 618 3036 res
641 2983 984 3040 naturaliter.
1027 2984 1142 3040 Hoc
1190 2984 1285 3041 illo
1321 2987 1668 3055 approbatur,
1715 2988 1859 3056 quod
1897 2986 2040 3056 apud

2136 472 2395 533 nimirum
2419 474 2521 531 hoc
2559 479 2778 534 tertium
2803 481 2873 536 ab
2891 480 2999 537 illis
3034 484 3244 541 dtiobus
3271 488 3576 558 dirimitur,
3607 494 3730 561 quia

2135 567 2382 624 videlicet
2410 571 2673 640 quaedam,
2724 582 2783 627 ut
2825 576 3073 646 superius
3121 584 3581 648 memoravimus,
3636 587 3731 640 ad-

2135 667 2378 727 orantur,
2427 678 2529 719 nec
2584 667 2841 721 continuo
2893 670 3233 737 osculantur,
3280 678 3535 744 quaedam
3579 694 3733 733 oscu-

2136 750 2318 807 lantur
2344 767 2444 809 nec
2476 758 2732 812 continuo
2757 760 3066 825 adorantur,
3106 764 3369 835 pleraque
3393 768 3733 838 amplectun-

2137 851 2227 899 tur
2248 861 2367 914 qua:
2396 862 2497 903 nec
2533 850 2827 905 adorantur
2851 868 2954 908 nec
2986 856 3324 912 osculantur.
3370 858 3734 929 Amplectitur

2134 938 2389 1008 quislibet
2433 944 2662 1011 quodam
2719 955 2915 1002 eventu
2958 947 3163 1019 lignum
3209 961 3301 1006 aut
3350 951 3599 1023 lapidem
3642 967 3733 1014 aut

2134 1029 2426 1095 quamlibet
2458 1046 2591 1095 rem,
2631 1034 2718 1087 cui
2766 1037 3008 1091 osculum
3050 1037 3194 1095 ferre
3235 1041 3579 1111 superﬂuum
3620 1053 3723 1117 at,

2134 1134 2237 1175 nec
2287 1128 2468 1177 tamen
2522 1140 2643 1181 eam
2691 1126 2897 1182 adorat.
2943 1127 3233 1185 Osculatur
3277 1133 3447 1188 etiam
3502 1135 3732 1205 aliquem

2133 1209 2377 1279 priorum
2405 1214 2474 1268 ad
2503 1228 2662 1282 quem
2690 1218 2991 1273 reverentia
3022 1221 3308 1277 cohibente
3350 1223 3445 1277 vix
3477 1227 3734 1282 accedem

2126 1303 2430 1369 praesumit,
2456 1320 2559 1361 nec
2584 1315 2761 1361 tamen
2791 1325 2913 1364 eum
2940 1312 3321 1381 amplectitur;
3349 1325 3563 1383 quanto
3594 1317 3735 1373 enim

2132 1393 2251 1452 haec
2270 1396 2374 1451 tria
2402 1397 2549 1453 inter
2586 1414 2646 1455 se
2678 1410 2868 1457 mutuo
2898 1403 2953 1457 in
2980 1420 3143 1459 sensu
3169 1407 3377 1462 distare
3413 1419 3733 1475 cernuntur,
3753 1436 3765 1451 ~

2134 1493 2287 1542 tanto
2306 1488 2565 1547 nimirum
2588 1506 2620 1547 a
2643 1493 2851 1548 ratione
2873 1495 3062 1548 eadem
3091 1498 3338 1567 exempla
3380 1515 3510 1569 quae
3536 1501 3607 1554 ab
3636 1501 3738 1558 illis

2132 1579 2205 1635 ad
2246 1596 2311 1635 ea
2356 1599 2525 1637 unum
2563 1599 2685 1639 esse
2719 1587 2992 1656 probanda
3019 1590 3195 1657 posita
3232 1599 3367 1645 sunt
3401 1592 3615 1650 distare
3645 1610 3739 1650 no-

2136 1681 2379 1740 scuntur,
2420 1678 2616 1746 quippe
2642 1693 2765 1733 cum
2807 1686 2861 1733 et
2908 1679 2995 1734 illa
3047 1681 3189 1735 inter
3226 1698 3286 1738 se
3310 1683 3612 1754 plurimam
3645 1687 3738 1741 ha-

2064 1741 2113 1807 Β
2137 1763 2302 1820 beant
2329 1741 2656 1835 distantiam,
2678 1779 2733 1826 et
2757 1771 2860 1826 ista
2887 1788 3008 1827 cum
3029 1774 3241 1829 ratione
3263 1741 3471 1831 nullam
3501 1779 3741 1835 habeant

2135 1863 2567 1916 consonantiam.
2601 1864 2795 1919 Dicunt
2816 1865 2961 1921 enim
2986 1885 3000 1921 :
3032 1866 3236 1937 Quique
3258 1880 3570 1925 sanctorum
3591 1874 3739 1942 prin-

2136 1952 2309 2021 cipum
2341 1964 2533 2009 nostrae
2560 1956 2813 2014 doctrina:
2841 1970 2891 2014 et
2916 1977 3093 2014 eorum
3122 1979 3449 2017 successores
3470 1967 3736 2036 egregium

2135 2054 2343 2116 patrum
2382 2055 2700 2115 nostrorum,
2733 2060 2782 2104 et
2820 2052 2919 2105 har
2956 2052 3172 2106 adorari
3212 2053 3450 2109 uidelicet
3480 2056 3738 2123 osculari,

2137 2138 2364 2207 idipsum
2391 2140 2527 2193 enim
2557 2151 2850 2213 utrumque,
2882 2160 3207 2200 communem
3248 2163 3369 2201 vero
3398 2145 3608 2202 Greece:
3647 2166 3738 2203 an-

2137 2231 2297 2301 tiqua:
2323 2229 2600 2290 locutionis
2629 2234 2858 2290 osculari
2894 2246 2944 2290 et
2980 2237 3220 2309 amplecti
3265 2239 3528 2309 designat,
3568 2249 3625 2294 et
3655 2258 3741 2295 eo-

2139 2321 2352 2377 luntatis
2377 2327 2674 2379 extensione
2694 2327 2872 2398 aliqua
2898 2330 3158 2399 signiﬁcat
3190 2333 3406 2395 amoris,
3434 2333 3599 2386 sicuti
3624 2332 3741 2403 fero

2138 2423 2187 2469 et
2221 2414 2403 2483 o/Tero,
2431 2415 2587 2483 ﬁrmo
2613 2426 2660 2470 et
2687 2418 2960 2488 conﬁrmo,
2996 2422 3254 2493 participe
3284 2434 3330 2475 et
3364 2423 3557 2489 adoro,
3592 2424 3743 2496 quod

2139 2502 2461 2559 demonstrat
2483 2507 2720 2561 osculum
2747 2519 2795 2563 et
2810 2514 3159 2567 extensione":
3186 2515 3452 2569 amicitiae.
3476 2515 3525 2570 Ο
3544 2532 3745 2572 sensus

2140 2596 2474 2654 confundens
2507 2601 2689 2669 potius
2732 2606 3028 2660 sententias
3067 2622 3230 2676 quam
3275 2607 3554 2675 ordinans,
3584 2611 3747 2666 fran-

2139 2703 2271 2759 gens
2294 2692 2474 2759 potius
2504 2691 2666 2749 verba
2696 2711 2856 2765 quam
2882 2697 3198 2768 proferens!
3243 2700 3288 2756 O
3321 2718 3556 2759 acumen
3585 2705 3746 2760 omni

2136 2782 2341 2852 pistillo
2372 2787 2671 2841 retunsiusl
2715 2787 2761 2844 Ο
2803 2792 3071 2846 machmra
3103 2793 3352 2863 plumbea
3381 2796 3534 2866 prius
3564 2797 3747 2852 aciem

2139 2877 2434 2932 retundens
2457 2894 2619 2948 quam
2646 2895 2761 2935 rem
2807 2883 3009 2939 incidat
3046 2887 3132 2941 cui
3172 2887 3474 2944 incidendae
3516 2891 3748 2946 adbibe-

2138 2971 2255 3025 tur!
2288 2970 2333 3026 Ο
2369 2973 2515 3027 ensis
2543 2973 2720 3028 mallei
2746 2976 2927 3044 potius
2966 2977 3208 3035 referens
3234 2963 3547 3035 tunsionem
3574 2998 3746 3053 quam

445 3074 689 3131 diversas
716 3082 905 3148 gentes
937 3077 1164 3132 diversis
1192 3078 1416 3134 vocibus
1441 3078 1613 3133 utitur
1631 3085 1688 3134 et
1711 3077 1926 3145 litteris,
1960 3079 2039 3134 id-
2065 3099 2114 3165 ρ
2142 3061 2304 3132 gladii
2348 3066 2669 3165 Asef‘ionem:
2720 3066 2995 3165 frangens,
3034 3073 3214 3141 Ροίίιιε
3272 3074 3535 3130 materias
3575 3089 3746 3144 quam

446 3166 594 3224 circo
618 3167 874 3243 quoniam
899 3167 1002 3237 ipsi
1032 3183 1195 3226 voces
1231 3170 1429 3240 quibus
1458 3176 1758 3237 uterentur,
1796 3178 1852 3227 et
1892 3170 2041 3227 litte-

447 3274 540 3316 ras
591 3244 788 3330 quibus
838 3260 1139 3337 scriberent
1162 3304 1177 3329 ,
1230 3274 1683 3333 composuerunt;
1734 3263 2042 3321 intellectus

450 3358 634 3406 autem
656 3358 711 3407 et
740 3366 829 3408 res
854 3352 1033 3410 nullus
1054 3353 1258 3423 posuit,
1280 3355 1376 3411 sed
1412 3354 1735 3411 naturaliter
1760 3362 1905 3411 sunt.
1937 3354 2043 3411 Ne-

449 3456 556 3517 que
576 3444 723 3501 enim
743 3445 890 3517 quod
909 3446 1053 3518 apud
1074 3447 1350 3504 Romanos
1373 3463 1547 3519 equus
1563 3456 1668 3515 est,
1694 3450 1836 3521 apud
1851 3450 2045 3506 barba-

448 3551 542 3594 ros
564 3551 783 3605 cervus,
828 3540 926 3595 sed
962 3538 1107 3611 apud
1135 3540 1378 3597 diversas
1402 3550 1590 3614 gentes
1623 3543 1814 3598 eadem
1859 3558 2041 3599 rerum

450 3636 649 3705 natura
669 3636 774 3686 est.
800 3629 1093 3708 Propterea
1120 3648 1232 3690 non
1254 3634 1400 3704 quod
1427 3650 1528 3691 nos
1552 3635 1904 3705 intelligimus
1923 3651 2046 3693 esse

452 3733 674 3793 equum,
704 3736 894 3779 canem
924 3724 1143 3781 barbari
1179 3732 1393 3795 putant,
1437 3728 1534 3784 sed
1576 3729 1764 3784 eadem
1794 3729 1939 3799 apud
1965 3729 2048 3785 di-

451 3812 794 3870 versissimas
848 3823 1040 3887 gentes
1100 3818 1523 3877 substantiarum
1569 3821 2050 3894 intellectuumque

454 3901 596 3957 ratio
621 3910 704 3958 est
730 3906 1044 3961 constituta.
1076 3907 1257 3976 Quare
1289 3913 1410 3969 dum
1453 3913 1649 3971 harum
1691 3923 1819 3971 sunt
1847 3931 2047 3972 secun-

455 3992 585 4049 dum
620 3994 902 4053 hominum
940 4000 1282 4071 positionem,
1322 4006 1377 4063 id
1415 4017 1498 4063 est
1550 4024 1711 4065 voces
1745 4018 1801 4067 et
1828 4011 2044 4080 litterae,

457 4085 578 4143 dua:
623 4089 918 4145 secundum
961 4103 1234 4161 naturam,
1263 4112 1354 4154 res
1392 4108 1447 4154 et
1475 4101 1819 4158 intellectus:
1854 4105 2050 4172 quibus

460 4178 802 4245 documentis
833 4192 1168 4241 monstratur
1194 4204 1301 4243 non
1332 4190 1451 4246 ideo
1475 4188 1844 4250 adorationem
1872 4204 1928 4252 et
1955 4213 2048 4254 os-

460 4271 644 4329 culum
665 4288 830 4330 unam
859 4290 975 4330 rem
1000 4293 1140 4344 esse,
1170 4282 1414 4349 quamvis
1445 4284 1585 4353 apud
1612 4284 1832 4344 Graecos
1853 4304 2048 4360 quam-

462 4362 591 4420 dam
634 4366 753 4422 haec
784 4366 893 4424 duo
918 4368 1136 4427 nomina
1187 4371 1421 4429 habeant
1460 4380 1892 4436 consonantiam.
1929 4381 2052 4436 Ple—

463 4471 697 4529 rumque
719 4474 849 4531 ergo
873 4460 980 4517 duo
1018 4462 1100 4517 vel
1130 4463 1285 4533 plura
1324 4467 1541 4524 nomina
1586 4474 1883 4528 secundum
1910 4489 2041 4547 syn-
2069 4467 2123 4530 D

460 4561 660 4620 onyma
672 4564 834 4606 unam
854 4551 1303 4624 signiﬁcationem
1320 4557 1539 4626 habent,
1556 4562 1871 4635 plerumque
1884 4568 2049 4623 etiam

461 4655 631 4695 unum
655 4657 853 4699 nomen
877 4662 890 4698 :
923 4647 1217 4704 secundum
1244 4650 1569 4723 homonyma
1599 4655 1734 4712 duas
1757 4658 1841 4712 vel
1869 4659 2052 4729 plures

459 4748 551 4790 res
579 4734 866 4807 signiﬁcat,
898 4754 999 4796 nec
1031 4748 1213 4801 tamen
1240 4743 1362 4800 ideo
1394 4760 1579 4803 rerum
1607 4750 1741 4804 ordo
1774 4748 2053 4808 confundi-

461 4839 565 4899 tur,
603 4840 697 4886 aut
722 4833 1117 4903 quodammodo
1138 4839 1439 4906 mutilatur,
1473 4840 1519 4895 si
1547 4841 1625 4896 eis
1644 4843 1714 4897 ab
1741 4845 2052 4903 hominibus

462 4921 759 4979 secundum
814 4924 1078 4995 placitum
1142 4928 1527 4987 diversissimis
1581 4932 1759 4991 modis
1832 4938 2051 4994 nomina

464 5015 683 5075 dantur.
718 5014 1028 5089 Adjungunt
1054 5018 1265 5077 interea
1300 5022 1387 5079 his
1411 5024 1618 5082 duabus
1646 5029 1809 5085 rebus
1834 5031 2053 5087 tertiam

464 5122 602 5176 rem,
644 5117 706 5165 ut
728 5109 973 5177 adorare,
1009 5112 1241 5171 osculari
1282 5123 1339 5171 et
1382 5117 1623 5190 amplecti
1661 5136 1828 5177 unum
1869 5124 2053 5180 omnia

536 5251 565 5281 ι
591 5239 830 5323 Quorum
853 5255 1028 5323 autem
1053 5249 1135 5304 lue
1161 5251 1451 5321 primorum
1482 5262 1639 5323 nota’,
1658 5256 1850 5311 ert-dem
1884 5260 2055 5313 omni-

466 5309 565 5366 bus
596 5314 865 5396 passiones
897 5319 1089 5396 animm
1122 5309 1242 5396 sunt
1266 5338 1284 5376 :
1308 5332 1355 5378 et
1390 5309 1725 5396 quorum'haz
1752 5309 2053 5384 similitudi-

466 5398 581 5471 nes,
609 5399 691 5474 res
718 5388 877 5477 etiam
901 5389 1104 5477 eadem.
1140 5392 1373 5477 .Grtecus
1398 5388 1709 5477 :Aristotelis
1734 5402 1905 5477 cedes
1933 5405 2081 5477 περι-

467 5453 737 5543 ξξμωεᾷας
770 5457 1020 5532 (Carolus
1032 5464 1271 5543 barbare
1303 5476 1383 5543 et_
1394 5469 1644 5543 imperite
1669 5453 1725 5525 in
1742 5453 2058 5543 fastidiit;

468 5530 594 5609 iliis,
644 5530 739 5609 sed
779 5530 845 5586 ex
887 5547 989 5609 us_u
1031 5534 1173 5591 illius
1224 5539 1403 5593 saeculi
1428 5580 1444 5604 ,
1470 5530 1636 5609 quem
1670 5550 1724 5595 et
1750 5530 1966 5600 'Balbus
2000 5545 2057 5600 in

471 5592 754 5679 gatbolico
778 5606 1005 5670 notavit,
1038 5608 1321 5664 scribens:
1357 5628 1374 5661 t
1668 5592 2056 5671 tamen—hillqu

867 5666 1094 5756 utuntur
1136 5680 1240 5756 hoc
1280 5666 1458 5756 quasi~
1472 5683 1692 5739 nomine
1728 5666 2053 5756 composite,

472 5740 682 5804 scilicet
707 5744 825 5806 haec
841 5749 1249 5825 periltermenia.
1284 5740 1315 5808 ί
1350 5752 1432 5812 Ita
1476 5761 1775 5828 prasentat
1800 5740 2047 5818 hinchic-1

2143 3159 2361 3212 secans!
2402 3157 2449 3214 0
2498 3163 2894 3231 argumentatio
2928 3164 3002 3218 nil
3051 3165 3319 3222 aﬁirmare
3365 3176 3570 3237 praeter
3613 3184 3749 3224 suos

2144 3261 2396 3308 auctores
2443 3254 2722 3311 dementes
2773 3272 2895 3313 esse
2938 3259 3142 3325 valens,
3190 3260 3269 3314 nil
3320 3262 3617 3332 proposita
3662 3261 3750 3320 rei

2143 3344 2419 3401 ﬁrmitatis
2445 3347 2723 3415 exhibens,
2748 3352 2843 3405 sed
2869 3352 3204 3409 solummodo
3240 3355 3449 3411 latores
3480 3358 3750 3414 vecordes

2142 3454 2263 3495 esse
2299 3441 2562 3511 pandens.
2594 3442 2678 3498 Ab
2699 3459 2766 3499 eo
2792 3446 2934 3514 quod
2970 3455 3055 3501 est
3088 3447 3198 3517 fero
3217 3455 3271 3502 et
3294 3448 3464 3517 oﬂ'ero
3491 3450 3747 3518 adorare,

2144 3533 2379 3588 osculari
2407 3543 2461 3588 et
2496 3535 2747 3604 amplecti
2787 3553 2954 3592 unum
2994 3554 3113 3595 esse
3156 3548 3404 3595 astruere
3441 3542 3658 3607 nititur,
3690 3553 3750 3599 et

2144 3626 2581 3697 praepositionum
2632 3630 2771 3685 vires
2808 3617 3083 3703 ignorans,
3110 3648 3229 3703 qum
3256 3635 3585 3707 plerumque
3610 3638 3750 3693 alias

2144 3728 2329 3790 partes
2358 3730 2730 3792 corrumpunt,
2759 3723 3080 3798 plerumque
3108 3730 3177 3782 ab
3199 3727 3319 3783 aliis
3348 3731 3602 3800 partibus
3625 3748 3751 3788 core

2145 3821 2487 3884 rumpuntur,
2538 3815 2856 3888 plerumque
2903 3827 2957 3873 et
3003 3830 3359 3892 corrumpunt
3400 3831 3458 3878 et
3497 3839 3752 3881 corrum—

2145 3912 2367 3975 puntur,
2384 3905 2653 3962 interdum
2678 3924 2777 3964 nec
2798 3921 3150 3981 corrumpunt
3172 3928 3272 3967 nec
3296 3924 3745 3987 corrumpuntur,

2147 3996 2335 4066 eisque
2377 3998 2800 4070 signiﬁcationes
2842 4003 3132 4073 aliquando
3177 4017 3394 4076 augent,
3451 4008 3751 4080 aliquando

2148 4091 2419 4158 minuunt,
2444 4093 2732 4164 aliquando
2767 4082 3096 4166 permutant,
3139 4100 3264 4156 dum
3312 4118 3454 4156 vana
3496 4106 3749 4175 quaedam

2150 4185 2437 4240 astruenda
2464 4189 2686 4257 appetit,
2710 4190 2865 4245 vanis
2899 4206 2963 4245 ea
2994 4193 3315 4263 quibusdam
3349 4197 3751 4255 assertionibus

2151 4268 2452 4347 approbare
2478 4281 2776 4338 contendit.
2802 4284 2934 4352 Quis
2952 4303 3083 4361 ergo
3108 4287 3317 4357 ignoret
3341 4291 3528 4361 eiero,
3556 4293 3747 4363 clm.

2149 4369 2342 4439 infero,
2367 4371 2599 4443 confero,
2626 4374 2830 4445 aufero,
2855 4377 3053 4448 defero,
3078 4380 3268 4448 refero,
3290 4381 3512 4449 suffero,
3531 4383 3746 4452 diluo,

2146 4463 2378 4536 profero,
2409 4468 2653 4537 prazfero,
2700 4472 2930 4541 perfero,
2960 4479 3016 4527 et
3061 4484 3257 4527 castora
3285 4475 3329 4529 si
3356 4474 3473 4545 'qua
3506 4485 3633 4532 sunt
3663 4478 3749 4532 his

2152 4560 2370 4627 similia,
2396 4577 2705 4633 quanquam
2756 4566 2824 4620 ab
2874 4581 2939 4623 eo
2982 4572 3145 4625 verbo
3190 4569 3338 4641 quod
3377 4579 3463 4626 est
3498 4573 3614 4642 fero
3654 4588 3748 4626 ve-

2151 4654 2323 4735 niant,
2352 4656 2611 4712 adhibitis
2652 4666 2709 4714 et
2750 4660 2982 4729 quadam
3007 4676 3073 4715 ex
3103 4674 3258 4731 parte
3285 4664 3567 4734 corruptis
3610 4679 3747 4735 pra:-

2150 4731 2511 4819 positionibus
2530 4750 2912 4808 diversissimis
2936 4754 3217 4812 eﬁ‘ectibus
3250 4757 3396 4811 inter
3418 4731 3482 4812 se
3504 4758 3559 4813 in
3588 4772 3744 4813 sensu

2153 4842 2398 4898 distare?
2426 4842 2534 4898 Aut
2567 4845 2690 4915 quis
2747 4847 2953 4901 nesciat
2984 4848 3127 4918 quod
3161 4850 3422 4919 participe
3473 4858 3531 4905 et
3583 4851 3741 4906 adoro

2152 4950 2290 5006 pene
2324 4936 2527 4994 nullam
2569 4954 2762 4996 sensus
2808 4940 3247 4997 concordantiam
3296 4943 3571 5000 habeant?
3596 4945 3744 5013 [irata

2152 5049 2388 5103 namque
2410 5043 2464 5089 et
2485 5035 2761 5103 conﬁrmo,
2789 5051 3095 5107 quanquam
3112 5038 3165 5092 in
3188 5053 3351 5093 sensu
3374 5040 3487 5093 sint
3511 5054 3745 5095 commu-

2154 5123 2264 5192 nia,
2281 5124 2350 5180 ab
2374 5136 2438 5180 ea
2461 5134 2643 5181 tamen
2660 5128 2838 5193 re,eui
2860 5129 2929 5183 ab
2949 5127 3056 5182 illis
3069 5128 3414 5193 adhibentur,
3428 5145 3656 5199 prorsus
3667 5128 3745 5184 ri—

2155 5274 2278 5315 cum
2339 5258 2434 5319 Ὠν
2461 5262 2632 5334 μέντοι
2658 5268 2823 5346 ⁸ςοιῢτα
2843 5266 3095 5346 πρὼςωςη
3113 5266 3279 5320 ταῦτά
3306 5271 3442 5346 πᾶα-ρ
3470 5268 3741 5346 παθὸμξςα

2156 5349 2249 5421 τῆς
2288 5332 2494 5421 ψνᾈῆξς
2525 5337 2611 5388 καί
2648 5332 2715 5390 ὧν
2748 5332 2915 5421 ςαζιτὰ
2945 5335 3296 5421 ,ὀμφαὼμοιτιιμΔ
3318 5332 3621 5421 πράγματα’

2155 5395 2339 5487 ruri-rei.
2365 5395 2527 5487 :Unde
2560 5405 2910 5487 patet__hujus
2944 5395 3046 5461 loci
3082 5395 3609 5487 corniptela,~quain
3647 5407 3742 5487 hoc

2158 5476 2320 5530 modo
2362 5476 2578 5559 ivimus_
2604 5478 2959 5559 medicatum;
3004 5498 3023 5528 ι
3053 5492 3283 5559 quarum
3315 5476 3498 5559 autem
3524 5478 3610 5533 ha:
3630 5476 3741 5558 pri-

2158 5563 2309 5600 mum
2350 5559 2492 5603 nota:
2537 5549 2666 5615 sint,
2713 5551 2916 5629 eaedem
2959 5550 3211 5629 omnibus
3249 5549 3531 5629 passiones
3555 5549 3741 5604 anima

2160 5626 2285 5673 sunt
2322 5636 2333 5672 :
2383 5629 2437 5703 et
2465 5636 2694 5703 quarum
2743 5621 2847 5703 hae
2871 5619 3269 5703 similitudines.
3318 5636 3407 5703 res
3434 5621 3739 5703 .e't‘iamuem-

2161 5691 2303 5748 dem.
2337 5709 2358 5745 ι
2388 5690 2506 5749 Nec
2532 5691 2691 5749 aliter
2716 5699 2800 5748 est
2832 5692 2890 5748 in
2918 5692 3175 5763 operibus
3200 5691 3450 5748 Severini
3478 5690 3668 5748 Boetii.
