4016 6292
198 281 319 354 1257

971 258 1150 346 imm
1185 253 1643 352 caseum:
1675 257 1898 354 eam;
1941 271 2030 350 DE
2059 253 2276 352 ψεῖ
2295 258 2367 316 '-’—
2401 270 2532 350 ως
2570 270 2657 350 .W-

3310 271 3451 354 ms

191 398 375 454 dentur
409 407 530 450 esse
553 401 830 462 extranea.
857 392 932 450 De
961 395 1159 465 quibus
1193 390 1446 463 omnibus
1488 389 1536 462 si
1579 388 1767 461 singil-
1789 390 1842 454 Α
1871 385 2113 442 ticularis
2141 393 2196 442 et
2220 385 2436 456 negatio
2462 385 2836 458 particularis;
2866 385 2984 468 dum
3013 388 3321 465 superiores
3340 406 3460 448 om-

191 490 333 544 latim
356 504 388 544 a
408 488 567 558 nobis
603 487 907 558 disputetur
936 488 1011 543 ita
1039 496 1098 556 ut
1129 487 1185 543 in
1215 486 1416 544 scholis
1452 483 1768 558 grammati-

188 599 368 640 corum
397 584 644 650 discitur,
694 583 810 639 hzec
846 582 1182 638 solummodo
1206 598 1295 638 res
1334 582 1422 636 vix
1457 579 1618 635 unius
1643 577 1768 646 libri

190 685 334 732 textu
353 675 646 732 tenebitur.
674 673 780 731 Sed
800 690 901 731 nec
924 675 1053 730 illud
1071 675 1503 746 prmtereundum
1525 680 1608 728 est
1628 669 1771 746 quod

187 769 530 823 vanissimam
556 773 1077 837 argumentationem
1123 781 1275 822 suam
1311 766 1543 838 quadam
1579 763 1770 819 frivola

187 868 240 914 et
271 859 411 914 inani
438 858 805 929 conclusione,
838 858 993 928 quasi
1024 858 1256 929 quodam
1285 857 1626 914 conversibili
1664 856 1772 928 syl-

190 951 429 1022 logismo,
482 950 750 1007 conﬁcere
799 950 903 1006 nisi
954 959 1079 1006 sunt
1125 951 1410 1007 dicentes:
1454 949 1594 1022 quod
1633 949 1770 1004 enim

191 1040 355 1113 diligit
386 1041 500 1113 quis
531 1050 579 1096 et
614 1041 820 1106 adorat,
860 1051 908 1096 et
940 1042 1080 1112 quod
1108 1042 1292 1097 adorat
1332 1043 1541 1097 omnino
1570 1050 1619 1096 et
1643 1039 1771 1094 dili-

190 1136 279 1206 git,
329 1137 629 1193 nescientes
661 1136 782 1193 ideo
821 1138 938 1193 haec
966 1140 1071 1193 duo
1100 1139 1334 1196 vicissim
1364 1137 1584 1194 minime
1616 1152 1772 1208 posse

191 1229 550 1294 circumverti,
587 1229 729 1298 quod
762 1229 1045 1304 inaequalia
1072 1230 1210 1284 inter
1255 1247 1312 1286 se
1347 1231 1473 1296 sint,
1505 1231 1774 1302 latiusque

189 1318 399 1389 diligere
440 1336 601 1390 quam
645 1321 869 1376 adorare
899 1323 1070 1393 possit
1102 1323 1372 1396 progredi.
1414 1324 1598 1396 Diligit
1627 1325 1774 1378 enim

190 1413 308 1480 quis
339 1428 562 1468 uxorem
606 1413 719 1468 sive
761 1415 987 1484 prolem,
1021 1432 1120 1478 nec
1173 1424 1354 1474 tamen
1404 1419 1593 1488 adorat
1620 1433 1768 1488 eam;

190 1504 357 1576 diligit
381 1520 619 1572 servum,
659 1506 931 1573 ancillam,
964 1523 1182 1578 equum,
1221 1524 1430 1575 canem,
1460 1510 1774 1583 accipitrem

189 1606 242 1651 et
267 1606 456 1652 cmtera
496 1586 884 1666 hujuscemodi,
920 1615 1021 1655 nec
1048 1609 1227 1655 tamen
1276 1601 1463 1656 adorat
1510 1616 1594 1656 ea.
1625 1601 1776 1657 Sicut

188 1701 314 1757 ergo
334 1703 522 1743 verum
548 1697 631 1744 est
674 1705 795 1745 cum
825 1689 977 1758 dicit,
1004 1691 1145 1762 quod
1179 1692 1366 1746 adorat
1409 1693 1524 1766 quis
1562 1702 1608 1752 el
1653 1692 1776 1747 dili-

1868 479 1998 533 nino
2030 478 2134 534 sibi
2158 478 2444 535 contrariae
2473 486 2616 545 sunt,
2648 489 2858 537 caeterae
2883 495 3012 537 vero
3037 479 3154 537 dua:
3176 480 3462 542 inferiores

1869 569 2259 649 subcontrariae
2299 571 2402 628 sibi
2439 579 2626 628 mutuo
2655 583 2802 640 sunt,
2838 586 2893 630 et
2925 571 3213 632 aﬂirmatio
3237 577 3458 634 univer‘

1869 660 2000 718 salis
2042 663 2156 718 sive
2190 662 2538 734 particularis
2590 665 2935 732 subalteruae,
2988 673 3045 720 et
3092 668 3309 740 negatio
3341 667 3463 724 uni-

1870 753 2096 810 versalis
2151 765 2207 809 et
2248 755 2591 826 particularis
2629 756 2951 812 subalternte
2995 757 3346 815 nihilominus
3382 759 3462 814 di-

1872 853 2082 902 cantur.
2122 846 2400 903 Ducantur
2427 847 2622 904 deinde
2660 863 2850 905 sensus
2891 847 3268 922 indagationes
3306 853 3463 924 quasi

1872 939 2118 1010 quietiam
2153 938 2308 995 lineae
2346 941 2635 1012 angulares
2675 941 2812 1008 dum,
2855 958 2962 996 una
2990 943 3056 999 ab
3085 944 3189 1000 hac
3225 947 3463 1000 allirma-

1872 1035 2020 1108 tione
2050 1033 2360 1100 universali,
2401 1034 2566 1090 Omne
2603 1035 2742 1108 quod
2785 1035 2958 1106 diligit
2997 1039 3114 1110 quis
3149 1039 3356 1106 adorat,
3396 1038 3464 1095 ad

1873 1128 2014 1183 hanc
2046 1128 2386 1198 negationem
2423 1128 2827 1198 particularem,
2862 1127 3129 1204 Quiddam
3174 1132 3312 1204 quod
3347 1132 3464 1186 dili-

1829 1244 1848 1263 ο
1872 1222 1944 1292 git
1975 1221 2091 1292 quis
2119 1237 2223 1274 non
2262 1221 2482 1286 adorat;
2529 1222 2700 1278 altera
2731 1222 2797 1278 ab
2833 1201 2935 1278 hac
2961 1201 3280 1294 particulari
3323 1225 3464 1280 allir-

1873 1316 2129 1379 matione,
2161 1313 2428 1381 Quiddam
2465 1316 2602 1387 quod
2638 1315 2810 1386 diligit
2838 1315 2954 1387 quis
2981 1317 3192 1384 adorat,
3225 1319 3291 1372 ad
3325 1319 3465 1388 hanc

1873 1406 2236 1461 universalem
2267 1406 2630 1476 negationem,
2675 1405 2826 1460 Nihil
2862 1408 3001 1479 quod
3029 1407 3200 1478 diligit
3228 1410 3344 1481 quis
3371 1409 3467 1462 ad-

1876 1507 2010 1563 orat,
2033 1505 2088 1552 et
2124 1497 2231 1552 sint
2263 1497 2406 1551 inter
2439 1510 2498 1552 se
2523 1496 2811 1552 contrariae
2849 1497 3218 1568 velvoppositre
3245 1515 3259 1552 :
3291 1505 3346 1554 et
3381 1499 3468 1554 his

1877 1592 1951 1646 ita
1985 1591 2127 1646 inter
2162 1606 2220 1646 se
2263 1591 2629 1662 pugnantibus
2657 1607 2778 1646 cum
2809 1599 3069 1661 utrmque,
3100 1591 3154 1647 id
3186 1602 3286 1659 est,
3325 1591 3468 1647 aﬁir-

1876 1683 2042 1739 matio
2088 1682 2410 1738 universalis
2455 1689 2510 1737 et
2548 1683 2760 1753 negatio
2789 1682 3151 1752 particularis,
3182 1683 3296 1739 sive
3323 1682 3469 1738 allir-

190 1783 282 1852 git,
315 1798 418 1836 non
447 1783 519 1837 ita
546 1799 736 1852 verum
775 1800 892 1839 esse
929 1792 1105 1856 potest
1141 1801 1263 1841 cum
1293 1785 1442 1853 dicit,
1473 1787 1611 1858 quod
1877 1777 2044 1832 matio
2085 1774 2431 1848 particularis
2467 1784 2521 1830 ει
2561 1775 2773 1846 negatio
2811 1774 3154 1842 universalis,
3177 1791 3319 1831 vera!
3349 1790 3472 1833 €558

187 1876 259 1944 git
283 1876 394 1945 quis
415 1886 461 1930 et
487 1876 695 1944 adorat,
729 1894 836 1934 non
864 1879 1006 1934 enim
1038 1881 1155 1936 haec
1192 1872 1777 1940 circumversio'ratio-

187 1967 434 2022 nabiliter
481 1977 626 2023 stare
648 1979 846 2042 potest,
892 1972 1148 2041 quoniam
1172 1982 1224 2028 et
1251 1989 1417 2028 unum
1441 1973 1650 2028 illorum
1697 1973 1776 2030 la-

187 2058 314 2123 tius,
337 2069 395 2114 ut
421 2061 673 2127 diximus,
700 2063 1060 2132 protenditur,
1085 2076 1139 2119 et
1159 2065 1302 2120 nulla
1325 2066 1486 2126 estin
1516 2067 1600 2122 his
1624 2075 1775 2140 tanta

184 2151 486 2222 proprietas
528 2164 588 2208 ut
632 2163 822 2210 mutuo
861 2157 1207 2213 circumverti
1257 2160 1568 2214 credantur.
1622 2157 1775 2215 Sicut

185 2257 313 2314 ergo
336 2245 442 2300 dici
471 2255 672 2317 potest,
704 2265 966 2306 converso
991 2250 1198 2317 ordine,
1224 2251 1365 2321 quod
1395 2251 1658 2309 hinnibile
1692 2260 1776 2309 est

183 2351 353 2406 equus
403 2347 518 2408 est,
564 2349 619 2396 et
672 2342 814 2412 quod
849 2359 1021 2416 equus
1064 2353 1148 2400 est
1196 2346 1456 2402 hinnibile
1502 2355 1622 2414 est,
1666 2362 1774 2404 non

184 2427 264 2483 sic
309 2437 457 2486 recte
501 2431 606 2488 dici
655 2442 850 2505 potest,
893 2435 1032 2507 quod
1078 2436 1250 2508 diligit
1295 2439 1412 2509 quis
1461 2447 1508 2492 et
1561 2438 1771 2506 adorat,

183 2528 239 2575 et
261 2521 398 2592 quod
443 2523 630 2592 adorat
658 2536 707 2580 et
732 2527 921 2600 diligit,
954 2529 1209 2600 quoniam
1238 2530 1368 2602 etin
1403 2530 1605 2586 eisdem
1637 2530 1776 2602 topi-

182 2614 283 2678 cis,
322 2629 388 2669 ex
415 2617 609 2685 quibus
636 2619 752 2674 haec
776 2630 1093 2691 argumenta
1141 2623 1438 2694 procedunt
1489 2624 1542 2679 in
1585 2624 1774 2680 eadem

181 2710 651 2779 argumentatione
701 2729 822 2784 qua:
861 2731 892 2770 a
939 2717 1392 2787 consequentibus
1439 2719 1770 2786 nominatur,

181 2801 236 2855 in
275 2818 378 2872 qua
415 2807 744 2874 propositam
773 2824 888 2864 rem
917 2809 1119 2882 aliquid
1170 2810 1554 2866 inevitabiliter
1580 2827 1772 2866 conse-

181 2894 382 2962 quitur,
433 2905 490 2950 ut
522 2898 575 2952 id
623 2901 763 2969 quod
810 2903 875 2956 de
927 2903 1174 2959 hinnibili
1223 2911 1276 2957 et
1323 2919 1462 2976 equo
1513 2904 1770 2973 diximus,

178 2985 438 3057 pleraque
463 2990 805 3048 circumverti
829 3005 1071 3066 possunt,
1101 2995 1358 3051 nonnulla
1383 3013 1514 3051 vero
1541 2998 1773 3068 circum-

180 3081 319 3135 verti
357 3097 694 3155 nequaquam
723 3098 967 3160 possunt.
1002 3090 1359 3148 Circumverti
1393 3107 1625 3163 namque
1647 3108 1772 3163 pos-

177 3181 306 3228 sunt
331 3174 465 3241 hac,
495 3185 552 3230 ut
574 3177 618 3232 si
641 3179 763 3250 quis
791 3181 967 3239 dicat:
995 3182 1050 3238 Si
1075 3183 1278 3239 risibile
1299 3192 1402 3250 est,
1431 3200 1768 3257 consequens

177 3265 568 3325 inevitabiliter
591 3281 672 3328 est
701 3283 759 3328 ut
788 3275 950 3330 homo
975 3277 1065 3343 sit,
1098 3285 1151 3334 et
1181 3278 1226 3333 si
1264 3278 1424 3334 homo
1459 3287 1540 3336 est
1577 3293 1767 3348 neces-

175 3359 325 3414 sario
365 3360 566 3418 risibile
611 3373 714 3433 est,
745 3374 800 3421 et
829 3376 1022 3423 caetera
1047 3369 1129 3424 his
1156 3369 1374 3425 similia.
1411 3370 1770 3442 Circumvcni

173 3459 359 3508 autem
411 3470 754 3528 nequaquam
790 3468 1015 3532 possunt
1045 3461 1179 3526 haec,
1229 3470 1289 3516 ut
1330 3462 1376 3536 si
1421 3463 1542 3534 quis
1580 3462 1765 3519 dicat:

173 3543 232 3598 Si
273 3545 391 3600 dies
421 3555 505 3602 est
537 3547 695 3616 lucet,
729 3566 1065 3623 consequens
1115 3552 1311 3625 quippe
1360 3562 1444 3608 est
1475 3562 1534 3608 ut
1567 3554 1613 3610 si
1655 3555 1771 3624 dies

170 3643 256 3693 est
292 3637 498 3707 luceat;
541 3641 586 3695 si
635 3643 862 3699 satiatus
893 3654 995 3713 est,
1026 3661 1361 3718 consequens
1390 3655 1474 3702 est
1503 3656 1562 3712 ut
1589 3662 1771 3712 come-

171 3726 318 3782 disse
358 3729 641 3797 credatur;
691 3731 738 3787 si
774 3734 978 3801 ebrius,
1028 3735 1338 3792 necessario
1382 3745 1600 3808 potasse
1644 3752 1770 3802 eum

171 3826 425 3886 constat;
456 3820 502 3875 si
529 3821 720 3879 doctus
745 3832 846 3892 est,
872 3841 1208 3898 consequens
1234 3835 1317 3883 est
1337 3837 1395 3883 ut
1415 3828 1665 3886 didicisse
1691 3831 1771 3886 di-

167 3922 364 3979 catur;
399 3915 444 3970 si
484 3917 694 3986 adorat,
732 3935 1068 3992 consequens
1115 3932 1198 3978 est
1234 3931 1294 3998 ut
1324 3923 1377 3998 id
1410 3924 1554 3995 quod
1580 3925 1771 3982 adorat

165 4003 382 4074 diligat.
432 4003 551 4061 Non
601 4009 744 4064 enim
784 4011 888 4066 dici
925 4022 1122 4083 potest,
1163 4030 1422 4071 converso
1465 4016 1675 4083 ordine,
1722 4015 1770 4074 si

163 4095 317 4152 lucet
353 4103 659 4160 necessario
713 4105 826 4178 dies
871 4114 980 4175 est;
1025 4108 1071 4164 si
1121 4111 1375 4176 comedit,
1432 4125 1770 4182 consequens

110 4248 142 4290 ε
162 4199 249 4246 est
278 4200 340 4246 ut
361 4195 590 4252 satiatus
616 4197 705 4266 sit,
734 4215 854 4254 cum
883 4200 1036 4276 plura
1058 4201 1290 4269 luceant,
1317 4219 1418 4260 nec
1444 4213 1626 4260 tamen
1655 4205 1770 4262 dies

158 4288 258 4353 sit,
293 4296 353 4344 et
390 4289 707 4362 plerumque
737 4294 996 4349 comestio
1026 4311 1126 4350 nec
1173 4297 1300 4362 dum
1347 4297 1415 4352 ad
1462 4297 1768 4352 satietatem

156 4383 483 4452 perveniat;
517 4399 618 4440 nec
648 4385 797 4454 illud,
847 4387 891 4442 si
937 4387 1074 4443 bibit
1113 4388 1295 4444 ebrius
1343 4397 1444 4454 est,
1492 4388 1538 4444 si
1584 4389 1770 4446 didicit

131 4463 365 4529 'doctus
389 4484 489 4544 est,
519 4477 566 4534 si
594 4477 764 4551 diligit
785 4480 994 4548 adorat,
1027 4497 1151 4538 cum
1184 4481 1456 4540 interdum
1495 4496 1595 4538 nec
1615 4491 1770 4554 pota-

158 4565 239 4620 tio
278 4568 353 4623 ad
398 4569 732 4638 ebrietatem,
774 4588 875 4629 nec
925 4573 1206 4646 disciplina
1257 4575 1325 4630 ad
1371 4575 1762 4648 magisterium,
1796 4565 1826 4602 ’τ

155 4676 267 4715 nec
296 4661 516 4718 dilectio
539 4667 603 4732 ad
631 4669 998 4738 adorationem
1019 4671 1310 4748 pertingat.
1335 4671 1614 4732 Ponantur
1639 4687 1770 4748 ergo

152 4751 386 4824 singula
438 4760 734 4815 secundum
790 4749 1206 4838 dialecticorum
1237 4766 1648 4842 experientiam,
1708 4776 1771 4824 ut

152 4844 386 4904 facilius
411 4862 666 4921 appareat
693 4865 955 4927 quantum
983 4857 1126 4914 inter
1161 4874 1222 4928 se
1268 4859 1387 4932 hinc
1410 4862 1514 4918 duo
1544 4861 1764 4937 distent,

149 4941 242 4995 vel
280 4942 522 5013 qualiter
550 4945 666 5003 hmo
687 4947 1074 5010 circumversio
1107 4960 1254 5010 stare
1281 4968 1389 5014 non
1412 4953 1600 5024 possit.
1629 4952 1770 5014 Sunt

147 5034 317 5088 enim
362 5044 595 5107 quatuor
645 5043 1041 5114 propositiones
1078 5044 1222 5101 inter
1265 5060 1326 5102 se
1374 5045 1770 5120 quodammodo

148 5125 399 5193 afl‘ectze,
444 5141 470 5170 ι
493 5145 630 5202 quas
670 5133 973 5215 philosophi
1003 5136 1059 5192 iu
1082 5137 1346 5210 quadrata
1387 5136 1630 5214 formula
1651 5152 1772 5209 spe-

142 5218 402 5286 .ctandas
424 5223 663 5280 scribere
691 5237 1106 5298 consueverunt,
1130 5229 1207 5286 ita
1228 5229 1474 5298 videlicet
1495 5237 1554 5284 ut
1579 5229 1772 5299 primae

149 5313 288 5368 dum
325 5315 457 5382 sint,
499 5315 666 5374 Omne
700 5323 842 5392 quod
884 5321 1057 5394 diligit
1096 5324 1216 5398 quis
1257 5322 1464 5398 adorat,
1511 5332 1587 5390 et,
1617 5321 1771 5380 Nihil

145 5407 313 5479 quod
345 5407 518 5481 diligit
543 5413 662 5484 quis
685 5414 906 5481 adorat;
931 5424 1142 5473 caetera:
1173 5417 1310 5484 dum,
1345 5415 1612 5484 Quiddam
1630 5415 1771 5492 quod

148 5497 351 5570 diligit
391 5502 507 5571 quis
535 5503 742 5571 adorat,
787 5504 1053 5573 Quiddam
1099 5508 1237 5579 quod
1282 5507 1454 5580 diligit
1495 5511 1612 5582 quis
1665 5526 1772 5565 non

145 5589 388 5647 adorat.
422 5593 490 5648 Et
517 5595 708 5666 prima:
729 5597 848 5655 duae
881 5600 1130 5656 dicantur
1167 5600 1454 5657 alllrmatio
1483 5602 1770 5660 universa-

146 5682 229 5741 lis
261 5694 328 5742 et
356 5687 574 5760 negatio
594 5689 932 5760 universalis,
955 5701 1165 5750 caeterae
1193 5696 1311 5752 duae
1334 5695 1618 5754 allirmatio
1640 5711 1768 5768 par-

233 5811 273 5868 !-
318 5799 472 5878 agas
505 5803 800 5892 philosophi
824 5807 1162 5886 inguadrata
1199 5808 1434 5898 [guttula
1462 5811 1771 5887 mactandas

1470 5941 1499 5959 ’,ς
1509 5938 1538 5947 ..ν
1582 5931 1612 5948 Ι

1877 1887 1985 1928 non
2018 1871 2247 1941 possint,
2286 1885 2391 1925 una
2426 1869 2531 1925 erit
2564 1868 2721 1935 falsa,
2755 1869 2924 1925 altera
2949 1885 3097 1936 vera,
3131 1869 3316 1939 sicque
3338 1887 3469 1926 vera

1875 1968 2105 2038 perimet
2135 1964 2344 2029 falsam,
2374 1972 2428 2018 et
2456 1964 2500 2018 si
2531 1963 2621 2016 illa
2670 1962 2833 2018 fuerit
2859 1978 3010 2029 vera,
3041 1962 3144 2017 alia
3172 1979 3296 2019 mox
3323 1979 3355 2018 a
3376 1981 3472 2020 ve-

1878 2060 2038 2114 ritate
2069 2057 2329 2121 discedet,
2366 2057 2578 2110 dicentc
2601 2052 2828 2124 Apuleio
2849 2054 3168 2126 philosopho
3193 2052 3472 2113 Platonico

1878 2149 2249 2224 Madaurensi,
2287 2148 2377 2220 qui
2430 2149 2496 2203 de
2534 2145 2902 2216 hujuscemodi
2941 2147 3268 2218 syllogistica
3313 2147 3472 2204 indu-

1877 2245 2010 2300 stria
2036 2244 2090 2298 in
2115 2242 2253 2298 libro
2275 2242 2366 2312 qui
2389 2239 2722 2305 inscribitur,
2750 2239 2827 2294 De
2846 2240 3236 2311 perihermeniis
3258 2240 3467 2311 Apulei,

1877 2336 2227 2393 subtilissime
2264 2333 2575 2406 disputavit.
2609 2353 2627 2385 ι
2662 2332 3016 2397 Universalis,
3041 2333 3233 2404 inquit,
3263 2332 3469 2388 utravis

1875 2429 2258 2500 particularem
2289 2443 2442 2483 suam
2469 2426 2818 2497 comprobata
2849 2425 3031 2495 utique
3053 2424 3358 2489 conﬁrmat,
3381 2441 3469 2482 re-

1875 2523 2021 2577 victa
2059 2538 2165 2576 non
2195 2521 2380 2591 utique
2419 2518 2685 2585 inﬁrmat;
2720 2519 3063 2590 particularis
3099 2527 3278 2575 autem
3312 2534 3471 2575 versa

1875 2616 1992 2671 vice
2047 2615 2074 2655 ιι
2119 2613 2480 2670 universalem
2527 2629 2679 2669 suam
2729 2612 2934 2668 revicta
2980 2614 3166 2684 utique
3205 2611 3466 2682 inﬁrmat,

1873 2711 2098 2780 probata
2125 2708 2312 2779 utique
2343 2706 2648 2763 continuat.
2686 2726 2704 2758 ι
2737 2703 2873 2761 Sunt
2901 2721 3031 2777 ergo
3066 2705 3119 2761 in
3165 2705 3267 2762 hac
3303 2721 3469 2777 argu-

1875 2802 2204 2859 mentatione
2229 2803 2346 2858 dua:
2373 2802 2676 2873 superiores
2704 2799 3056 2869 universales,
3087 2801 3143 2857 id
3169 2809 3270 2868 est,
3299 2799 3466 2856 Omne

1872 2893 2013 2964 quod
2053 2893 2227 2965 diligit
2268 2895 2384 2965 quis
2431 2893 2637 2959 adorat,
2665 2901 2736 2958 et,
2787 2893 2940 2948 Nihil
2977 2894 3116 2965 quod
3145 2893 3316 2968 diligit
3349 2895 3468 2966 quis

1875 2985 2086 3052 adorat,
2111 2985 2278 3052 falsae,
2306 2985 2582 3058 quoniam,
2605 2993 2664 3040 ut
2687 2987 2936 3057 superius
2956 2986 3156 3042 dictum
3179 2994 3282 3051 est,
3300 2986 3471 3044 multa
3497 3015 3500 3019 -

1875 3077 2050 3147 diligit
2092 3077 2214 3148 quis
2258 3094 2378 3148 quae
2417 3093 2525 3132 non
2569 3079 2775 3141 adorat,
2817 3084 2872 3132 et
2909 3077 3083 3148 aliqua
3123 3077 3188 3133 de
3223 3076 3310 3133 his
3349 3092 3471 3148 qua:

1793 3139 1844 3207 ο
1875 3139 2051 3246 diligit
2083 3139 2205 3246 quis
2229 3139 2452 3239 adorat;
2482 3180 2536 3227 et
2571 3180 2697 3244 sunt
2723 3173 2842 3228 duae
2878 3171 3161 3228 inferiores
3182 3172 3472 3245 particula-

1875 3285 1982 3335 res,
2032 3267 2085 3323 id
2128 3276 2229 3334 est,
2284 3266 2550 3334 Quiddam
2593 3265 2734 3338 quod
2772 3264 2944 3336 diligit
2992 3267 3108 3338 quis
3155 3267 3366 3333 adorat,
3414 3276 3470 3324 et

1876 3359 2141 3428 Quiddam
2162 3361 2300 3432 quod
2329 3359 2501 3432 diligit
2527 3361 2643 3430 quis
2667 3376 2771 3414 non
2793 3359 3002 3426 adorat,
3039 3369 3282 3432 utrmque
3302 3377 3466 3434 verte,

1873 3451 2127 3521 quoniam
2155 3450 2329 3521 diligit
2363 3450 2486 3521 quis
2523 3449 2691 3505 Deum
2717 3447 2875 3519 juxta
2911 3450 3041 3508 illud
3071 3471 3084 3506 :
3121 3451 3320 3530 Diliges
3364 3454 3471 3510 Do-

1871 3547 2074 3623 minum
2101 3543 2267 3599 Deum
2294 3553 2441 3599 tuum
2484 3560 2548 3598 ex
2575 3551 2681 3598 toto
2712 3543 2869 3599 corde
2907 3554 2997 3600 tuo
3026 3543 3213 3618 (Lavit.
3246 3546 3384 3623 xxx),
3413 3557 3472 3606 et

1872 3619 2062 3694 adorat
2089 3653 2234 3706 eum,
2263 3653 2328 3693 ex
2358 3634 2510 3706 cujus
2543 3638 2886 3694 sanctissima
2912 3638 3200 3696 dilectione
3221 3644 3465 3702 omnium

1871 3729 2134 3784 virtutum
2176 3729 2508 3784 nutrimenta
2547 3729 2864 3799 procedunt.
2906 3730 3091 3804 Diligit
3130 3733 3251 3804 quis
3281 3737 3466 3808 proxi-

1870 3836 2019 3892 mum
2047 3828 2102 3876 et
2126 3819 2465 3877 salutationis
2489 3817 2665 3876 oliicio
2698 3821 2889 3878 adorat
2919 3838 3063 3890 eum,
3105 3834 3159 3881 et
3188 3825 3242 3898 in
3269 3842 3334 3884 eo
3372 3843 3466 3902 ap-

1871 3913 2133 3985 probatur
2156 3927 2287 3968 vera
2321 3927 2440 3969 esse
2457 3913 2782 3986 propositio,
2829 3913 3096 3982 Quiddam
3127 3919 3270 3994 quod
3293 3920 3467 3994 diligit

1870 4007 1987 4078 quis
2031 4006 2252 4072 adorat;
2301 4007 2627 4078 approbatur
2667 4007 2833 4064 etiam
2880 4016 2935 4066 et
2981 4010 3100 4068 haec
3144 4028 3278 4071 .vcra
3321 4031 3464 4086 esse,

1876 4095 2146 4182 Quiddam
2171 4097 2310 4170 quod
2334 4096 2505 4169 diligit
2531 4099 2648 4169 quis
2672 4117 2774 4154 non
2799 4099 3190 4177 adorat,.juxta
3217 4108 3466 4182 exempla

1871 4190 2133 4266 conjugis,
2170 4191 2357 4270 prolis,
2409 4190 2557 4263 equi,
2601 4193 2772 4261 canis,
2824 4193 3119 4268 accipitris,
3167 4207 3224 4274 et
3262 4209 3462 4278 caetera

1871 4351 2537 4430 scriberefonsueverunt.
2583 4348 2668 4407 Ad
2713 4352 2854 4412 hanc
2900 4355 3264 4414 conditionem
3301 4357 3459 4430 juxta

1872 4420 2183 4475 Aristotelis
2206 4429 2476 4490 pnecepta
2499 4438 2513 4477 :

1796 4516 1850 4582 υ
1873 4491 2409 4582 Otnng_quqd_diligit
2481 4545 2484 4548 .
2523 4490 2822 4582 (lontr'aria
2948 4496 3092 4582 Nihil
3119 4501 3262 4582 quod
3286 4501 3460 4577 diligit

1943 4563 2086 4636 quis,
2115 4563 2325 4622 adorat.
2539 4565 2780 4642 ἐνᾳντίαι.
2991 4563 3380 4644 .quis,'_adarat.

3070 4737 3142 4786 ί

2155 5229 2326 5305 xi."
2988 5229 3187 5312 Vx

1871 5375 2156 5450 Quiddam,
2175 5378 2318 5450 quod
2340 5378 2416 5436 di-
2440 5376 2830 5436 Subcontraric
2851 5373 3139 5450 Quiddam,
3341 5369 3459 5429 ὤιξε

1871 5442 2152 5576 Πείιῧιιίεζ
2181 5442 2390 5507 adorat.
2501 5453 2795 5508 ὑπεναντίαι
2965 5448 3106 5533 quis,
3121 5442 3454 5502 nonadorat.

1943 5523 1972 5562 δ
2051 5522 2357 5578 niversalem
2401 5539 2552 5578 suam
2601 5524 2792 5578 revicta
2831 5531 3009 5590 utique
3041 5519 3296 5590 inﬁrmat,
3332 5531 3462 5590 prg-

1943 5537 1972 5562 υ
2000 5537 2357 5578 universalem
2401 5539 2552 5578 suam
2601 5537 2792 5578 renata
2831 5537 3009 5592 utique
3041 5537 3296 5590 inﬁrmat,
3332 5537 3457 5590 pro-

1872 5593 2196 5677 ρμειειιτίιιξς
2228 5593 2531 5677 9οηίίῖηὲαὲ-
2561 5593 2716 5677 ea“?
2743 5594 2916 5677 iesum
2943 5583 3457 5677 AP."'ei"m.i':££‘i'

1871 5659 2120 5738 tionibus
2137 5659 2378 5738 Sichardi
2408 5659 2652 5738 etrColv'ii
2684 5659 3197 5738 jurisconsultorum
3236 5659 3455 5738 ιεεὶίιξς,

1870 5737 2220 5811 prohatdnon
2244 5737 2420 5811 utique
2442 5737 2637 5809 ﬁrmat.
2667 5734 2842 5807 Quam
2874 5735 3162 5796 lectionem
3189 5734 3459 5791 sententia

1873 5806 2044 5886 proba
2073 5806 2271 5882 ﬁrmat.

2857 5961 2941 5971 ..ν-,ί
