4016 6292
501 299 639 359 1259

1405 299 1464 354 Β.
1504 278 1755 357 cauom
1799 286 2014 354 MAGNI
2050 291 2202 352 opp.
2239 290 2421 349 rans
2455 289 2519 350 Π.
2561 290 2803 354 seem
2826 293 2890 351 η.

3647 292 3779 354 12ιῦ

499 432 622 488 quae
649 403 906 489 superius
929 413 1137 490 prolata
1165 422 1312 483 sunt,
1349 429 1469 487 quae
1509 417 1720 489 singula
1763 415 2078 485 diliguntur,
2107 412 2163 474 Α
2184 407 2427 480 ejusdem
2477 409 2691 466 Domini
2745 411 3014 466 sententia
3069 417 3379 468 enervatur.
3420 408 3542 468 Non
3601 423 3778 469 autem

500 524 604 566 nec
633 517 816 565 tamen
841 511 1154 566 adorantur.
1183 507 1528 565 Universales
1563 518 1618 564 et
1647 505 1928 564 inferiores
1963 519 2089 577 par-

499 601 758 658 ticulares
786 601 1092 658 alternatim
1121 600 1310 672 positae
1339 608 1682 672 opponuntur
1722 599 1846 656 sibi.
1874 597 2011 653 Nam
2039 595 2088 654 si

499 693 635 750 falsa
693 703 775 750 est
829 695 947 750 haec
991 692 1277 750 allirmatio
1329 691 1672 760 universalis,
1729 688 1895 746 Omne
1947 689 2087 760 quod

499 785 674 856 diligit
695 786 812 852 quis
841 784 1049 851 adorat,
1077 799 1206 840 vera
1230 792 1315 840 est
1344 786 1459 840 lucc
1485 783 1699 854 negatio
1725 781 2083 854 particularis,

499 877 766 944 Quiddam
789 876 930 948 quod
958 877 1129 948 diligit
1156 878 1271 948 quis
1294 893 1398 931 non
1425 877 1645 940 adorat;
1675 884 1730 930 ει
1755 875 1800 931 si
1827 875 1943 929 haec
1961 888 2089 944 par-

495 968 741 1025 ticularis
768 968 980 1039 negatio
1000 969 1133 1025 falsa
1172 980 1272 1035 est,
1301 969 1587 1024 allirmatio
1615 967 1934 1025 universalis
1958 983 2088 1025 vera

493 1070 596 1117 est.
625 1061 694 1116 Et
718 1077 909 1118 rursus
938 1063 982 1119 si
1013 1063 1129 1118 haec
1153 1063 1366 1134 negatio
1395 1061 1735 1128 universalis,
1774 1058 1928 1116 Nihil
1945 1060 2087 1132 quod

489 1153 665 1225 diligit
699 1156 816 1227 quis
846 1156 1053 1223 adorat,
1097 1157 1233 1213 falsa
1261 1165 1363 1223 est,
1395 1158 1512 1213 hzec
1535 1156 1821 1212 aiIirmatio
1847 1155 2088 1228 particu-

491 1243 642 1311 laris,
698 1245 965 1312 Quiddam
1007 1248 1147 1318 quod
1183 1247 1355 1319 diligit
1396 1250 1514 1320 quis
1553 1249 1775 1314 adorat,
1811 1262 1941 1303 vera
1978 1255 2084 1315 est,

490 1343 547 1390 ct
595 1335 642 1392 si
689 1339 792 1394 ista
827 1353 957 1394 vera
999 1354 1107 1395 non
1136 1349 1240 1407 est,
1271 1356 1448 1411 neque
1494 1339 1587 1396 illa
1631 1339 1766 1397 falsa
1813 1348 1915 1396 est.
1949 1338 2087 1398 Sunt

491 1439 674 1486 autem
713 1432 831 1486 duae
865 1429 1154 1488 inferiores
1183 1432 1404 1488 omnino
1430 1448 1571 1488 verae
1601 1449 1613 1484 :
1649 1431 1768 1487 duae
1798 1431 1964 1502 igitur
1995 1447 2086 1487 su-

492 1522 732 1590 periores
760 1523 977 1594 penitus
1001 1521 1151 1580 falsa:
1186 1538 1309 1579 esse
1345 1523 1626 1579 credenda:
1671 1529 1816 1578 sunt.
1854 1522 1931 1578 De
1957 1537 2087 1578 con-

491 1615 737 1672 versione
775 1617 1008 1688 denique
1034 1617 1222 1672 talium
1245 1616 1694 1687 propositionum,
1719 1616 1784 1671 de
1809 1616 2006 1686 quibus
2030 1624 2088 1672 et

491 1725 588 1765 uos
609 1710 857 1780 superius
879 1710 1271 1782 aliquantulum
1297 1710 1709 1780 disputavimus,
1730 1710 1805 1765 ita
1824 1709 2082 1782 praefatus

2189 503 2416 573 praefata
2445 503 2658 560 Domini
2695 505 2963 561 sententia
2984 515 3313 563 enervatur:
3349 522 3460 563 non
3486 507 3657 578 igitur
3697 523 3780 564 se-

2190 595 2424 651 cundum
2441 609 2628 652 eorum
2648 595 2947 652 vanitatem
2965 595 3213 654 Christus
3230 597 3298 654 ab
3321 597 3403 655 eis
3422 606 3592 668 caput
3613 596 3784 655 factus

2189 697 2293 745 est.
2323 688 2476 746 Unde
2500 689 2798 746 cavendum
2830 698 2934 759 est,
2975 707 3044 747 ne
3080 691 3220 749 forte
3251 692 3343 748 isti
3387 693 3460 749 ab
3509 692 3634 763 ejus
3682 694 3787 750 sint

2188 780 2458 837 immunes
2501 780 2784 848 electione,
2833 783 2928 854 qui
2978 797 3103 838 eum
3145 799 3204 840 se
3240 782 3555 855 gloriantur
3597 783 3789 842 fecisse

2188 881 2372 942 caput,
2397 873 2654 944 quoniam
2687 874 2925 944 quidem,
2943 883 3003 929 ut
3022 874 3362 946 conjicimus,
3385 877 3434 932 si
3453 877 3525 932 ab
3544 891 3616 932 eo
3636 875 3790 934 electi

2189 971 2372 1019 essent
2405 979 2514 1020 non
2541 979 2714 1030 suam,
2759 965 2853 1020 sed
2883 964 3000 1034 ejus
3049 965 3277 1037 gloriam
3313 978 3655 1039 quaererent,
3691 984 3791 1026 nec

2187 1069 2372 1111 rerum
2417 1054 2833 1124 insensatarum,
2888 1058 2983 1113 sed
3037 1058 3198 1114 unius
3251 1058 3350 1115 Dei
3409 1059 3791 1118 adorationem

2144 1203 2161 1218 ,
2186 1147 2566 1218 praedicarent.
2595 1147 2676 1202 Ex
2701 1146 2967 1206 fructibus
3002 1150 3151 1205 enim
3173 1151 3356 1218 arbor,
3380 1149 3549 1220 juxta
3574 1151 3788 1208 Verita-

2186 1241 2260 1296 tis
2285 1242 2628 1308 sententiam,
2670 1243 3032 1314 cognoscitur,
3057 1251 3113 1300 et
3142 1244 3472 1316 plerumque
3504 1246 3561 1301 in
3615 1262 3793 1302 rerum

2188 1332 2400 1388 naturis
2454 1334 2522 1389 ab
2577 1332 2785 1389 eiectis
2837 1334 3127 1392 elﬁcientia
3171 1345 3608 1409 cognoscuntur.
3666 1339 3796 1393 Cum

2186 1424 2331 1480 enim
2361 1425 2483 1495 quis
2511 1424 2717 1482 fumum
2744 1425 2907 1493 videt,
2931 1427 3112 1498 ignem
3143 1430 3369 1485 subesse
3402 1445 3520 1484 non
3550 1429 3794 1500 ambigit,

2187 1523 2280 1569 aut
2305 1531 2430 1570 cum
2457 1516 2744 1587 vestigium
2774 1515 3003 1586 alicujus
3031 1517 3281 1574 animalis
3309 1519 3615 1589 conspicit,
3661 1519 3795 1574 idem

2188 1608 2388 1664 animal
2409 1610 2672 1666 transisse
2700 1625 2809 1666 non
2834 1612 3029 1678 nescit,
3054 1619 3111 1667 et
3135 1627 3260 1667 cum
3287 1613 3412 1677 quis
3431 1613 3649 1670 bonum
3668 1628 3796 1685 Opus

2185 1700 2351 1768 videt,
2405 1701 2458 1756 id
2491 1718 2522 1757 a
2560 1703 2671 1758 Deo
2715 1703 2810 1773 qui
2845 1703 3089 1759 omnium
3138 1705 3406 1761 bonorum
3462 1715 3666 1762 auctor
3694 1717 3793 1771 est,

491 1802 841 1873 philosophus
899 1803 1032 1859 dicit
1075 1822 1088 1857 :
1145 1823 1162 1855 ι
1223 1801 1622 1858 Conversibiles
1686 1803 2085 1874 propositiones
2112 1787 2164 1849 Β
2187 1813 2310 1856 εεεε
2351 1814 2461 1855 non
2494 1797 2728 1866 dubitat,
2751 1808 2807 1856 et
2837 1815 2960 1855 cum
2996 1815 3224 1870 pravum
3252 1800 3380 1872 quis
3420 1802 3718 1872 conspicit,
3746 1802 3797 1856 id

491 1894 763 1961 dicuntur,
794 1896 1116 1952 universalis
1145 1895 1447 1951 abdicativa
1491 1905 1545 1952 et
1574 1895 1834 1952 alterutra
1863 1895 2000 1966 ejus,
2029 1897 2086 1953 id

493 1994 592 2051 est,
629 1987 975 2058 particularis
1011 1988 1331 2054 dedieativa,
1383 2002 1448 2043 eo
1495 1988 1640 2058 quod
1684 1988 1962 2059 particula:
1995 2003 2086 2045 ea-

494 2093 632 2143 rum,
671 2076 966 2145 subjectiva
1002 2085 1058 2133 et
1093 2077 1445 2143 deelarativa,
1479 2086 1705 2148 possunt
1751 2093 1967 2148 semper
2005 2079 2086 2134 in-

493 2178 574 2224 ter
602 2185 660 2226 se
689 2185 905 2227 servare
926 2172 1091 2237 vices,
1122 2179 1475 2242 permanente
1505 2171 1811 2227 conditione
1837 2172 2087 2231 veritatis

493 2272 581 2318 aut
607 2265 876 2321 falsitatis.
903 2265 1040 2320 Nam
1062 2273 1122 2320 ut
1142 2274 1226 2321 εει
1251 2266 1367 2321 haec
1388 2280 1518 2320 vera
1539 2266 1859 2336 propositio,
1889 2266 2086 2321 Nullus

487 2358 716 2428 prudens
756 2360 970 2431 impius,
1022 2360 1096 2414 ita
1132 2361 1178 2414 si
1217 2360 1490 2416 convertis
1518 2360 1754 2430 partium
1783 2361 1951 2428 vices,
1994 2376 2089 2416 ve-

492 2467 611 2506 rum
659 2452 784 2518 erit,
831 2451 1030 2507 Nullus
1076 2453 1269 2523 impius
1315 2452 1581 2523 prudens;
1628 2453 1758 2508 item
1801 2460 1859 2507 ut
1890 2451 2088 2508 falsum

489 2556 594 2613 cst,
627 2547 824 2602 Nullus
851 2549 1006 2604 homo
1036 2548 1256 2614 animal,
1289 2548 1362 2603 ita
1395 2557 1451 2604 et
1491 2548 1537 2603 si
1564 2555 1848 2604 convertas
1889 2547 2089 2604 falsum

489 2638 615 2704 erit,
652 2637 876 2692 Nullum
899 2637 1101 2694 animal
1125 2640 1300 2694 homo.
1326 2639 1453 2696 Pari
1477 2640 1687 2696 ratione
1713 2649 1768 2696 et
1795 2640 2090 2712 particula-

488 2733 568 2788 ris
631 2732 932 2790 dedieativa
989 2735 1361 2802 convertitur,
1425 2734 1655 2802 Quidam
1709 2738 2089 2809 grammaticus

491 2825 644 2880 homo
672 2836 782 2892 est;
809 2834 864 2882 et
891 2834 1102 2894 contra,
1130 2828 1360 2894 Quidam
1389 2829 1546 2883 homo
1567 2831 1942 2900 grammaticus
1967 2839 2087 2885 est:

492 2917 638 2985 quod
671 2916 790 2972 duae
827 2926 1038 2974 caeteras
1071 2919 1472 2987 propositiones
1520 2934 1734 2990 semper
1761 2918 1943 2976 facere
1979 2935 2090 2976 non

492 3013 740 3076 possunt,
755 3021 1063 3077 quanquam
1083 3007 1350 3063 interdum
1365 3017 1770 3076 convertantur,
1785 3025 1887 3066 nee
1907 3017 2090 3064 tamen

494 3096 697 3153 idcirco
726 3098 1112 3154 conversibiles
1132 3099 1404 3154 dicuntur.
1431 3099 1575 3172 Ergo
1600 3113 1934 3170 unaquaeque
1963 3115 2091 3171 pro-

2192 1892 2399 1962 antiqui
2427 1892 2600 1948 hostis
2621 1892 3072 1949 machinamentis
3096 1909 3218 1950 esse
3249 1901 3644 1966 perpetratum
3686 1909 3796 1950 cre-

2188 1983 2287 2040 dit.
2322 1983 2436 2041 Hoe
2482 1983 2701 2054 quidem
2743 1985 2986 2041 dicentes
3021 1999 3129 2041 non
3166 1986 3234 2040 de
3284 1999 3484 2042 eorum
3530 1986 3796 2041 electione

2190 2076 2395 2148 aliquid
2421 2087 2624 2134 temere
2645 2076 3112 2147 judicamus,cum
3146 2079 3476 2151 plerumque
3495 2081 3643 2136 bene
3673 2095 3795 2136 cou-

2189 2171 2302 2228 dita
2323 2171 2464 2227 male
2487 2171 2835 2228 inveniantur
2853 2170 3171 2242 depravata,
3197 2173 3292 2229 sed
3316 2173 3372 2229 id
3398 2174 3629 2244 penitus
3656 2176 3795 2232 auir-

2188 2278 2423 2326 mamus,
2447 2278 2557 2318 non
2599 2279 2694 2320 eos
2725 2263 2847 2320 ideo
2890 2263 3094 2320 electos
3119 2279 3242 2320 esse
3266 2273 3326 2320 ut
3352 2279 3453 2336 per
3499 2281 3600 2322 eos
3647 2282 3798 2324 nom

2187 2354 2576 2412 ecclesiasticis
2621 2357 2784 2412 rebus
2837 2356 3252 2413 constitutiones
3300 2357 3701 2423 inolescerent,
3745 2369 3797 2414 et

2190 2463 2250 2505 se
2273 2447 2575 2516 Christum,
2608 2451 2702 2521 qui
2739 2450 2983 2506 omnium
3006 2451 3062 2507 in
3085 2466 3143 2507 se
3166 2450 3510 2507 credentium
3545 2452 3663 2509 vin
3692 2463 3794 2521 est,

2189 2538 2293 2594 sibi
2320 2537 2515 2596 fecisse
2561 2541 3034 2610 caputjactarent.
3071 2541 3224 2611 Esto,
3261 2542 3328 2598 ab
3362 2557 3428 2600 eo
3485 2544 3674 2608 electi,
3729 2545 3797 2600 ab

2189 2645 2256 2687 eo
2295 2631 2351 2686 in
2380 2632 2748 2689 sacerdotium
2793 2635 3076 2692 constituti
3105 2644 3252 2704 sunt,
3289 2651 3401 2694 cur.
3437 2651 3546 2692 non
3576 2652 3714 2693 eum
3744 2639 3802 2694 in

2189 2723 2500 2780 humilitate
2547 2727 2881 2796 sequuntur?
2929 2725 3040 2782 Cur
3080 2741 3188 2785 non
3233 2727 3351 2798 ejus
3389 2727 3571 2800 potius
3630 2743 3802 2799 quam

2192 2831 2346 2871 suam
2393 2816 2618 2888 gloriam
2646 2826 2916 2888 quarunt,
2946 2818 3041 2889 qui
3077 2833 3137 2876 se
3181 2835 3291 2876 non
3319 2835 3494 2885 suam,
3529 2818 3632 2875 sed
3684 2819 3803 2891 ejus

2191 2908 2284 2979 qui
2309 2923 2367 2964 se
2394 2908 2542 2965 misit
2567 2909 2794 2982 gloriam
2837 2910 3097 2982 quaesisse
3132 2918 3360 2967 testatus
3395 2913 3516 2967 est?
3541 2910 3660 2967 Cur
3705 2929 3801 2968 su-

2189 3000 2476 3071 percilium
2498 3001 2770 3073 deponere
2803 3001 3114 3074 negligunt?
3147 3001 3259 3058 Cur
3283 3002 3390 3057 alta
3417 3002 3804 3074 incompeten-

2193 3101 2280 3148 ter
2337 3095 2644 3165 appetunt?
2702 3093 2814 3150 Cur
2862 3094 3120 3152 Ecclesia:
3167 3095 3581 3166 prosperitatem
3648 3095 3805 3150 civili

491 3189 691 3260 positio
719 3205 818 3261 per
849 3207 1041 3248 omnes
1077 3157 1865 3264 signilicationesvreperienda
1888 3157 1992 3259 est,
2018 3209 2090 3250 an
2118 3157 2168 3224 ο
2199 3185 2436 3256 quodam
2461 3184 2602 3242 bello
2630 3187 2992 3258 Perturbat!”
3011 3186 3105 3258 qui
3127 3186 3173 3243 Si
3195 3187 3542 3258 antiquorum
3562 3185 3810 3242 Palmm

493 3281 659 3336 etiam
682 3297 942 3340 conversa
956 3293 1216 3355 congruat
1233 3303 1245 3339 :
1261 3300 1362 3341 nec
1383 3282 1684 3341 innumera:
1704 3284 1980 3352 suntistar,
1998 3286 2096 3344 sed

496 3371 735 3444 quinque
752 3374 904 3430 solae:
923 3383 1016 3430 aut
1037 3375 1180 3431 enim
1198 3376 1501 3446 proprietas
1522 3375 1828 3433 declaratur
1845 3376 2094 3447 alicujus,

498 3471 592 3518 aut
617 3478 808 3535 genus,
833 3471 927 3518 aut
954 3463 1278 3531 differentia,
1307 3474 1402 3520 aut
1422 3465 1546 3522 linis
1575 3475 1668 3522 aut
1694 3467 1966 3524 accidens.
1998 3487 2018 3521 ι

569 3553 649 3611 Ad
671 3554 811 3611 hanc
833 3555 999 3626 igitur
1023 3554 1240 3611 illorum
1272 3557 1565 3613 dictionem
1603 3555 1990 3626 frustrandam,
2039 3568 2096 3617 et

495 3656 740 3702 nostram
762 3647 1116 3704 assertionem
1140 3648 1512 3715 muniendam,
1531 3649 1702 3705 multa
1719 3650 2094 3720 hujuscemodi

497 3747 814 3812 argumenta
845 3739 1090 3796 adhiberi
1122 3749 1394 3811 poterant,
1428 3749 1484 3798 ct
1513 3742 1566 3797 id
1595 3742 1742 3813 quod
1791 3743 2096 3800 adhibitum

495 3841 581 3887 εει
599 3832 765 3888 latius
779 3840 996 3902 poterat
1020 3833 1235 3898 disseri,
1271 3833 1366 3890 sed
1393 3833 1679 3890 brevitatis
1700 3849 1863 3892 causa
1888 3836 2007 3892 haec
2039 3844 2097 3892 et

497 3926 585 3981 his
626 3924 823 3980 similia
846 3926 1192 3982 omittuntur.
1219 3925 1342 3982 Ideo
1379 3941 1614 3996 namque
1639 3928 1977 4000 argumentis
2025 3943 2095 3985 ex

499 4016 766 4072 industria
792 4017 1087 4074 dialecticae
1113 4018 1248 4074 artis
1281 4019 1623 4075 venientibus
1661 4019 1876 4075 illorum
1917 4034 2111 4094 assere

497 4108 705 4163 tionem
748 4112 978 4178 cassare}
1002 4109 1230 4165 Domino
1278 4111 1574 4168 auxiliante
1593 4114 1924 4191 paravimus,
1965 4113 2094 4184 quia

496 4214 594 4255 eos
638 4198 824 4256 nescio
852 4213 959 4270 qua
999 4201 1370 4268 conversione,
1413 4202 1568 4272 quasi
1599 4203 1830 4274 quadam
1875 4205 2096 4278 syllogi-

498 4293 636 4350 stica
662 4292 1150 4366 argumentatione,
1184 4293 1538 4352 deliramenta
1574 4310 1673 4353 sua
1702 4295 1963 4355 roborare
1997 4313 2094 4356 vo-

498 4385 669 4442 luisse
697 4384 1082 4455 comperimus.

597 4480 611 4493 ο
1074 4455 1303 4512 CAPUT
1323 4455 1514 4515 XXIV.

500 4550 578 4604 De
604 4566 666 4606 eo
689 4549 831 4622 quod
875 4547 1214 4622 superciliose
1233 4557 1281 4605 et
1303 4548 1512 4606 indocte
1542 4551 1789 4622 dixerunt
1816 4569 1836 4608 :
1880 4552 2088 4610 Simili-
2116 4532 2175 4598 Ῑ)

571 4629 654 4677 ter
677 4620 734 4676 et
758 4621 852 4690 qui
872 4620 947 4677 ab
975 4621 1198 4678 Oriente
1226 4629 1490 4678 venerunt
1517 4620 1896 4690 eonjuuximus
1921 4625 1976 4680 in
1999 4641 2092 4682 ea-

570 4695 692 4749 dem
717 4690 900 4748 Nicaea
944 4691 1247 4763 metropoli,
1274 4699 1330 4746 et
1378 4693 1794 4762 praasidentibus
1839 4696 2094 4755 omnibus

568 4764 726 4820 nobis
753 4771 915 4834 caput
937 4763 1165 4820 fecimus
1190 4763 1490 4819 Christum.

568 4851 1245 4925 Supereiliosissimum‘ae
1269 4855 1452 4926 potius
1495 4856 1952 4915 absurdissimum
2001 4875 2094 4918 eo-

499 4961 624 5001 rum
660 4943 884 5012 dictum,
921 4946 1013 5016 qui
1047 4962 1106 5003 se
1134 4946 1352 5004 sibimet
1388 4960 1551 5020 eaput
1577 4949 1773 5008 fecisse
1813 4951 2095 5011 Christum

501 5036 716 5108 gloriati
749 5043 893 5101 sunt,
928 5035 1190 5104 dicentes,
1230 5039 1628 5108 pra-sidentibus
1657 5043 1897 5100 omnibus
1945 5046 2094 5101 nobis

504 5136 661 5198 caput
683 5127 898 5198 fecimus
912 5123 1198 5195 Christum,
1213 5129 1409 5200 Oppido
1437 5134 1870 5204 reprehenditur,
1895 5138 2096 5209 quippe

504 5233 631 5276 eum
657 5218 801 5274 idem
825 5217 1108 5288 Dominus,
1133 5221 1228 5293 qui
1249 5230 1333 5280 est
1359 5235 1520 5297 caput
1541 5227 1820 5298 Ecelesim,
1846 5231 2094 5287 eamdem

502 5307 804 5366 Ecelesiam
831 5316 894 5364 ut
936 5308 1041 5367 sibi
1076 5324 1274 5383 corpus
1293 5324 1436 5372 esset
1459 5318 1734 5387 asciverit,
1772 5337 1880 5376 non
1905 5322 1975 5378 ab
2003 5336 2096 5377 ea—

505 5403 627 5458 dem
673 5401 912 5458 Ecclesia
939 5409 1000 5458 ut
1032 5413 1194 5478 caput
1229 5415 1373 5463 esset
1413 5409 1617 5467 ascitus
1642 5411 1732 5468 sit.
1779 5411 1899 5484 Ipse
1947 5412 2096 5469 enim

504 5493 762 5565 apostolis
812 5503 1042 5552 testatur
1084 5497 1288 5565 dicens,
1321 5498 1444 5554 Non
1473 5517 1560 5556 vos
1605 5519 1686 5557 me
1720 5503 1965 5576 elegistis,
2003 5506 2096 5562 sed

504 5604 600 5659 ego
625 5585 754 5657 elegi
790 5603 876 5642 vos
906 5587 1089 5660 (Joan.
1139 5591 1252 5660 xv).
1288 5589 1422 5647 Nam
1453 5593 1500 5648 si
1548 5575 1844 5651 secundum
1876 5575 2129 5666 illorum‘,

505 5679 811 5736 socordiam
853 5679 1106 5739 Christus
1135 5685 1202 5740 ab
1237 5685 1316 5742 eis
1361 5696 1523 5758 caput
1568 5687 1744 5745 factus
1781 5698 1886 5755 est,
1918 5691 1988 5745 ab
2014 5691 2099 5746 eis

2101 5857 2124 5896 Ι

2199 3275 2539 3333 documentis
2559 3276 2646 3333 vel
2670 3277 2936 3350 exemplis
2968 3278 3208 3334 contenti
3259 3293 3381 3334 esse
3410 3277 3639 3342 vellent,
3700 3292 3807 3334 nec

2197 3368 2558 3426 domesticam
2595 3385 2788 3442 pacem
2821 3371 3067 3427 erroneis
3093 3371 3566 3428 constitutionibus
3589 3372 3809 3428 irrum-

2195 3471 2407 3534 perent,
2449 3477 2553 3519 nec
2601 3463 2875 3520 sociorum
2903 3465 2997 3534 qui
3027 3480 3210 3522 secum
3236 3471 3425 3521 contra
3467 3464 3663 3522 hostes
3690 3481 3803 3536 pu-

2197 3555 2414 3627 gnaturi
2435 3563 2618 3612 essent
2648 3555 2705 3612 in
2734 3571 2794 3613 se
2821 3571 2974 3613 arma
3002 3555 3406 3628 detorquerent.
3441 3555 3558 3614 Hoc
3587 3559 3812 3614 etenim

2200 3645 2391 3701 inutile
2434 3645 2660 3713 dictum,
2705 3662 2814 3718 quo
2841 3663 2902 3704 se
2945 3647 3221 3704 Christum
3245 3659 3408 3720 caput
3446 3649 3550 3704 sibi
3594 3648 3812 3706 fecisse

2200 3739 2493 3805 somniant,
2517 3753 2828 3810 quanquam
2846 3740 2973 3797 ﬁdei
3005 3741 3083 3797 nil
3108 3744 3346 3814 deroget,
3370 3743 3814 3814 reprehensione

2198 3837 2385 3886 tamen
2420 3846 2529 3886 non
2553 3839 2724 3888 caret.
2752 3829 2940 3902 Neque
2974 3834 3118 3890 enim
3137 3849 3232 3890 eos
3259 3842 3372 3889 tam
3411 3835 3677 3891 immanis
3718 3838 3810 3892 in-

2199 3922 2369 3978 sania:
2424 3922 2712 3988 credimus,
2737 3932 2798 3978 ut
2827 3939 2922 3980 eos
2976 3923 3032 3980 id
3078 3924 3154 3979 ita
3192 3924 3394 3981 dixisse
3437 3926 3809 3994 arbitremur,

2199 4013 2355 4084 quasi
2377 4013 2446 4070 ab
2467 4013 2574 4069 illis
2599 4013 2744 4070 idem
2767 4014 3026 4072 Dominus
3059 4017 3131 4072 sit
3154 4015 3349 4073 factus.
3379 4016 3534 4084 Quod
3573 4020 3812 4090 quidem

2198 4106 2361 4162 nullae
2395 4106 2580 4179 fideles
2610 4123 2769 4164 aures
2799 4109 2989 4166 audire
3014 4109 3336 4180 patiuntur:
3374 4111 3468 4168 sed
3489 4111 3621 4183 quia
3655 4113 3813 4170 aliud

2197 4199 2508 4271 significare
2536 4200 2779 4258 volentes
2799 4201 2946 4258 aliud
2968 4202 3432 4274 signiﬁcaverunt,
3453 4202 3616 4259 libuit
3640 4207 3810 4261 nobis

2197 4299 2254 4346 et
2282 4289 2336 4346 id
2377 4289 2648 4347 discutere
2674 4292 2820 4363 quod
2844 4301 2971 4349 sunt
3003 4293 3223 4365 prolati,
3261 4301 3318 4350 et
3343 4293 3398 4350 id
3426 4293 3810 4352 indiscussum

2195 4383 2424 4440 minime
2463 4382 2740 4440 dimittere
2779 4385 2924 4454 quod
2978 4385 3214 4442 voluisse
3259 4393 3519 4456 putantur
3564 4387 3807 4458 profari.

2199 4473 2499 4530 Voluerunt
2523 4489 2776 4547 namque,
2819 4477 2876 4532 ni
2898 4475 3156 4544 fallimur,
3183 4476 3406 4534 dicere:
3450 4477 3810 4536 Praesidenti-

2195 4566 2300 4624 bus
2329 4568 2506 4635 nobis,
2551 4569 2646 4638 qui
2672 4569 2918 4625 membra
2945 4567 3148 4626 Christi
3183 4585 3391 4637 sumus,
3420 4585 3638 4628 omnem
3671 4589 3807 4646 ope-

2197 4660 2277 4717 ris
2305 4668 2360 4717 et
2400 4661 2516 4732 spei
2536 4668 2738 4717 nostra:
2762 4660 3076 4718 ﬁrmitatem
3119 4662 3176 4716 in
3224 4675 3291 4718 eo
3334 4661 3659 4731 locavimus,
3708 4667 3804 4737 qui

2197 4759 2284 4808 est
2309 4760 2472 4822 caput
2505 4759 2772 4819 nostrum,
2815 4766 3050 4823 eumque
3091 4753 3249 4824 sequi
3297 4753 3663 4824 decrevimus,
3716 4757 3806 4814 vel

2197 4843 2246 4899 si
2270 4843 2402 4913 quid
2426 4850 2512 4899 est
2558 4842 2932 4914 hujuscemodi
2960 4845 3105 4915 quod
3151 4843 3348 4915 conjici
3396 4855 3602 4917 potest,
3630 4859 3692 4905 et
3736 4865 3807 4908 eo

2199 4935 2344 5006 quod
2366 4935 2552 4992 dicere
2573 4935 2860 4993 voluerunt
2886 4937 3170 5008 imperitiae
3191 4939 3399 4996 viribus
3421 4941 3529 4997 sibi
3557 4943 3802 5011 sublato,

2199 5029 2453 5087 dixerunt
2494 5045 2555 5087 se
2593 5031 2870 5087 Christum
2907 5032 3012 5088 sibi
3045 5031 3242 5089 fecisse
3281 5043 3466 5105 caput,
3493 5045 3548 5091 et
3578 5037 3644 5092 de
3692 5055 3809 5110 quo

2198 5120 2436 5179 Joannes
2475 5123 2809 5198 evangelista
2857 5125 3030 5182 dicit:
3077 5124 3271 5182 Omnia
3302 5144 3396 5198 per
3431 5129 3606 5200 ipsum
3652 5130 3808 5200 facta

2197 5227 2321 5272 sunt
2346 5217 2528 5289 (Joan.
2553 5217 2618 5291 ι),
2648 5233 2680 5274 a
2705 5232 2766 5275 se
2785 5217 2972 5275 dicunt
2999 5217 3223 5276 factum.
3255 5219 3312 5275 In
3339 5221 3618 5292 synodica:
3638 5238 3808 5278 nam-

2198 5328 2306 5385 que
2357 5311 2761 5370 constitutionis
2791 5313 3036 5387 symbolo
3081 5314 3148 5372 dc
3171 5329 3238 5371 eo
3287 5314 3489 5370 dicitur
3526 5314 3811 5382 :Natum,

2199 5425 2305 5464 non
2331 5408 2530 5479 factum
2570 5408 2778 5482 (Symb.
2822 5409 2996 5484 Nic.),
3045 5419 3100 5466 et
3144 5411 3436 5481 Apostolus
3477 5412 3657 5467 dicit:
3695 5411 3815 5478 Qui

2201 5503 2373 5573 {actus
2401 5510 2477 5557 est
2499 5502 2546 5557 ei
2579 5519 2644 5557 ex
2664 5503 2860 5558 semine
2886 5503 3056 5558 David
3091 5501 3272 5575 (Rom.
3303 5505 3374 5574 1);
3405 5504 3550 5574 quod
3590 5505 3664 5560 ita
3695 5505 3814 5559 sol-

2200 5595 2366 5662 vitur,
2395 5596 2522 5665 quia
2549 5597 2601 5652 in
2632 5604 2896 5668 quantum
2941 5598 3083 5654 Deus
3110 5605 3214 5663 est,
3244 5598 3425 5653 omnia
3471 5613 3572 5668 per
3621 5597 3811 5664 ipsum

2144 5742 2155 5761 1
2203 5687 2346 5744 facta
2369 5697 2516 5756 sunt,
2553 5690 2610 5746 in
2634 5698 2895 5761 quantum
2940 5699 3122 5747 autem
3149 5690 3330 5758 homo,
3361 5698 3416 5747 et
3460 5689 3577 5760 ipse
3622 5689 3812 5745 factus

507 5773 692 5844 utique
717 5774 924 5834 electus
959 5785 1072 5839 est;
1121 5785 1174 5833 et
1203 5777 1248 5833 si
1279 5780 1346 5834 ab
1371 5781 1451 5836 eis
1480 5781 1687 5842 electus
1715 5792 1821 5850 est,
1867 5783 2146 5858 perlata,

729 5867 766 5891 ._
1170 5861 1196 5874 -
1242 5860 1336 5882 -,.
1470 5862 1486 5871 .
1702 5862 1751 5891 ν

2203 5791 2308 5850 est,
2337 5782 2551 5842 dicente
2583 5783 2872 5844 Salomone
2898 5803 2910 5842 :
2953 5784 3226 5841 Sam'entia
3257 5783 3538 5855 wdiﬁcarit
3574 5783 3673 5841 sibi
3700 5781 3810 5840 do-
