4016 6292
219 293 362 353 ﬂ“.

999 289 1182 348 LIBRI
1217 285 1562 350 CAROLINI.
1600 319 1670 332 —
1703 289 1926 350 CAPIT.
1969 290 2058 350 DE
2095 291 2288 352 IMAG.
2325 323 2396 338 —
2431 290 2564 354 LIB.
2600 289 2694 355 IV.

3359 302 3502 360 I242

215 427 366 470 mum
393 404 566 482 (Eccl.
588 399 676 481 ιι),
704 403 760 464 id
781 412 886 474 est,
917 407 1185 479 sapientia
1213 407 1310 464 Dei
1332 407 1534 474 Patris,
1565 407 1682 464 sine
1706 421 1812 478 qua
1840 414 1891 476 Α
1918 415 2098 463 autem
2139 408 2283 466 inter
2326 409 2609 467 haereticos
2653 409 3019 482 computavit:
3049 424 3160 469 non
3205 412 3368 487 igitur
3403 431 3502 475 eos

217 503 386 557 Pater
431 513 711 571 nunquam
741 496 862 564 fuit,
908 511 1029 568 qua:
1057 512 1165 554 non
1207 506 1292 554 est
1316 499 1385 555 ab
1412 497 1665 564 eofacta,
1717 496 1813 552 sed

213 601 370 661 nata,
405 591 578 648 Filius
614 589 866 646 videlicet
893 591 987 661 qui
1010 591 1170 646 unius
1205 598 1289 648 est
1319 606 1444 648 cum
1488 591 1651 648 Patre
1688 589 1814 648 sub-

213 686 457 765 stantim,
487 683 901 740 mdificavit-sibi
921 683 976 738 in
998 684 1226 755 virginis
1251 693 1406 740 utero
1429 700 1644 755 corpus,
1670 685 1814 756 quod

213 776 482 850 templum
517 776 834 842 nominavit,
869 776 1054 832 dicens
1080 794 1092 830 :
1121 775 1317 832 Solvite
1339 777 1585 850 templum
1615 777 1733 844 hoc,
1756 785 1814 833 et

216 879 423 926 caetera
445 868 628 940 (Joan.
651 868 737 941 ιι).
772 867 879 924 Sed
899 883 968 923 ne
989 866 1128 924 forte
1154 867 1270 924 haec
1294 869 1562 925 sententia
1588 868 1664 923 illi
1689 884 1812 925 sen-

214 963 405 1018 tentia:
439 961 704 1030 refragari
746 960 994 1017 videatur
1030 976 1152 1032 qua:
1193 961 1360 1017 dicit:
1391 961 1544 1028 Quod
1578 962 1714 1016 enim
1752 963 1807 1018 in

215 1072 284 1111 ea
306 1063 491 1110 natum
513 1053 672 1109 estde
696 1051 900 1124 Spiritu
927 1064 1106 1108 sancto
1137 1062 1211 1109 est
1235 1053 1447 1126 (Matth.
1476 1053 1540 1121 ι),
1565 1055 1810 1111 animad-

214 1146 545 1204 vertendum
571 1154 655 1203 est
693 1146 834 1218 quod
870 1147 1252 1218 inseparabilia
1277 1149 1385 1204 sint
1419 1163 1584 1219 Opera
1631 1149 1810 1204 Trini-

215 1245 372 1312 tatis,
399 1251 456 1300 et
485 1243 627 1315 quod
656 1241 785 1298 facit
811 1241 992 1308 Pater,
1019 1242 1148 1299 facit
1175 1243 1362 1309 Filius,
1396 1245 1524 1300 facit
1561 1252 1615 1300 et
1638 1243 1811 1315 Spiri-

215 1344 310 1392 tus
355 1343 596 1401 sanctus,
649 1343 704 1390 et
740 1335 879 1390 sicut
921 1342 1048 1390 sunt
1075 1335 1236 1390 unius
1277 1334 1600 1404 majestatis,
1650 1335 1811 1392 unius

214 1428 560 1494 substantixe,
591 1427 752 1483 unius
791 1426 1106 1494 voluntatis,
1152 1428 1227 1482 ita
1274 1428 1439 1484 etiam
1487 1428 1596 1484 sint
1649 1427 1810 1484 unius

214 1519 570 1591 operationis.
601 1518 738 1573 Tota
786 1520 932 1575 enim
969 1518 1208 1574 Trinitas
1251 1527 1473 1589 operata
1507 1528 1590 1575 est
1635 1520 1690 1575 in
1720 1520 1808 1576 in-

215 1611 534 1666 carnatione
575 1610 808 1676 Domini,
851 1610 947 1668 sed
986 1610 1099 1667 sola
1126 1611 1250 1667 Filii
1295 1627 1524 1683 persona
1571 1612 1809 1682 suscepit

213 1716 458 1756 carnem.
493 1699 627 1757 Nam
661 1701 706 1757 si
732 1701 926 1759 elfectu
959 1701 1195 1773 Spiritus
1230 1712 1451 1760 sanctus
1480 1703 1684 1759 factum
1725 1713 1810 1761 est

213 1809 433 1866 corpus,
460 1794 604 1865 quod
633 1802 689 1850 et
717 1795 934 1850 domum
963 1796 1067 1851 dici
1088 1812 1246 1867 posse
1272 1797 1615 1863 arbitramur,
1642 1813 1810 1868 quare

213 1886 286 1940 ad
337 1901 626 1956 personam
674 1885 876 1943 Christi
923 1887 1154 1943 relatum
1209 1898 1322 1955 est,
1389 1891 1558 1960 quaeri
1606 1897 1805 1959 potest.

214 1978 444 2034 Factum
489 1980 612 2035 Filii
643 1980 847 2036 factum
883 1980 1063 2038 Patris
1093 1991 1195 2047 est,
1225 1983 1351 2053 quia
1385 1983 1665 2055 utriusque
1704 1997 1810 2039 una

210 2073 393 2127 virtus
419 2080 520 2140 est,
555 2072 716 2128 simili
741 2075 901 2132 modo
938 2076 1102 2130 etiam
1127 2074 1327 2132 factum
1354 2076 1588 2147 Spiritus
1636 2077 1810 2132 sancti

212 2163 422 2219 factum
447 2163 569 2220 Filii
612 2165 708 2220 Dei
762 2174 865 2233 est,
911 2175 1133 2239 propter
1175 2176 1384 2224 natura:
1427 2177 1482 2224 et
1514 2167 1810 2224 voluntatis

210 2257 504 2312 unitatem.
545 2257 670 2313 Sive
701 2257 848 2313 enim
884 2258 1046 2314 Pater
1081 2258 1262 2326 faciat,
1311 2260 1426 2316 sive
1469 2259 1657 2326 Filius,
1694 2259 1811 2315 sive

213 2349 459 2420 Spiritus
483 2358 725 2417 sanctus,
755 2351 994 2408 Trinitas
1023 2360 1106 2408 est
1131 2367 1252 2422 qua:
1265 2361 1538 2422 operatur,
1571 2361 1626 2407 et
1654 2351 1811 2422 quid-

210 2441 346 2513 quid
377 2450 489 2498 tres
535 2441 786 2508 fecerint,
831 2443 925 2500 Dei
970 2445 1130 2499 unius
1179 2452 1264 2500 est
1311 2444 1575 2515 operatio.
1626 2443 1812 2500 Potest

209 2536 383 2591 etiam
423 2544 478 2592 et
502 2536 743 2592 Ecclesia
774 2537 966 2592 domus
991 2536 1195 2594 Christi
1217 2537 1410 2608 accipi,
1435 2553 1597 2608 quam
1642 2536 1811 2593 mdiﬁ-

211 2629 364 2684 cavit
397 2628 502 2684 sibi
525 2625 786 2702 sanguine
818 2645 936 2696 suo,
964 2630 1283 2700 ornavitque
1299 2631 1560 2685 virtutum
1581 2628 1810 2702 gemmis

207 2728 269 2774 et
306 2719 754 2776 documentorum
793 2721 1180 2792 comptissimis
1227 2723 1584 2790 ornamentis,
1614 2721 1809 2792 quibus

209 2812 306 2866 isti
357 2828 467 2868 non
514 2813 774 2878 contenti,
825 2815 952 2869 dum
997 2814 1251 2884 quiddam
1289 2830 1488 2870 novum
1515 2828 1810 2885 prorogare

209 2902 334 2972 ejus
387 2903 777 2974 pulchritudini
823 2912 1117 2976 appetunt,
1171 2904 1474 2962 foeditatem
1523 2905 1573 2962 ei
1628 2905 1809 2975 potius

211 3012 384 3068 quam
409 2997 868 3067 pulchritudinem
893 2999 1139 3069 ingerere
1165 3007 1482 3056 noscuntur.

793 3091 1021 3149 CAPUT
1057 3093 1225 3149 XXV.

209 3180 413 3259 Contrq
449 3199 534 3259 eos
571 3199 660 3259 qui
707 3183 904 3259 dicunt,
947 3184 1088 3259 quod
1134 3184 1464 3259 Epiphanius
1503 3189 1805 3259 octuaginta

284 3253 517 3330 capitula
547 3253 759 3330 digessit
789 3255 852 3309 de
873 3253 1298 3330 [iteresibus,'_q'ui
1321 3266 1516 3324 tamen,
1539 3259 1584 3312 si
1618 3253 1807 3330 imagi-

284 3340 378 3378 nes
405 3324 631 3379 adorare
658 3326 907 3380 [ueracem
937 3326 1112 3392 sciret,
1141 3326 1198 3381 id
1221 3324 1426 3399 quoque
1451 3329 1589 3384 inter
1639 3324 1806 3384 luere-

284 3411 367 3449 ses
395 3403 737 3466 computaret.

281 3484 342 3540 In
365 3485 469 3542 hoc
489 3485 657 3544 etiam
680 3503 936 3560 magnum
965 3502 1024 3544 se
1045 3488 1323 3545 munimen
1347 3491 1668 3548 adoratores
1707 3506 1804 3549 seu

209 3573 454 3632 cultores
477 3575 774 3648 imaginum
797 3578 1068 3635 invenisse
1094 3581 1199 3636 rati
1233 3589 1377 3647 sunt,
1401 3597 1467 3638 eo
1491 3583 1635 3652 quod
1670 3583 1801 3654 Epi-

208 3668 449 3739 phanius
493 3669 735 3738 quidam,
792 3670 885 3742 qui
936 3672 1205 3728 haeresum
1255 3674 1548 3730 varietates
1582 3674 1638 3730 in
1662 3689 1807 3730 Lxxx

209 3759 475 3831 capitulis
493 3759 757 3826 distinxit,
793 3761 840 3817 si
876 3761 1174 3835 imaginum
1223 3765 1594 3822 adorationem
1627 3767 1804 3823 haere-

209 3869 332 3911 sem
383 3853 569 3922 sciret,
617 3854 935 3912 earumdem
975 3857 1274 3930 imaginum
1300 3860 1616 3916 adoratores
1665 3859 1808 3916 inter

207 3946 504 4003 hzereticos
561 3956 922 4019 computaret.
975 3949 1073 4006 llis
1116 3952 1284 4008 armis
1329 3968 1449 4021 nos,
1494 3955 1587 4024 qui
1639 3955 1807 4012 solius

210 4037 313 4093 Dei
339 4037 488 4093 cultu
508 4045 564 4093 et
583 4038 899 4096 adoratione
934 4043 1175 4098 contenti
1197 4059 1400 4110 sumus,
1434 4045 1675 4116 plectere
1702 4047 1807 4103 nisi

210 4136 362 4194 sunt,
403 4127 700 4199 hisjaculis
726 4145 826 4186 nos
851 4130 1142 4188 confodere
1168 4134 1342 4189 moliti
1380 4144 1526 4203 sunt,
1575 4136 1660 4192 his
1711 4137 1810 4193 ha-

209 4221 316 4276 stis
346 4235 446 4277 nos
488 4220 759 4278 debellare
787 4224 967 4279 conati
1014 4232 1161 4292 sunt,
1210 4225 1296 4282 his
1344 4209 1568 4284 ensibus
1603 4237 1806 4288 nostra:

209 4311 487 4368 libertatis
539 4313 842 4384 irruptores
890 4330 950 4371 se
989 4314 1108 4372 fore
1152 4318 1521 4388 crediderunt,
1551 4329 1612 4377 ut
1651 4323 1808 4392 quasi

208 4404 453 4476 quodam
486 4413 805 4477 argumento
839 4422 871 4462 a
905 4422 1102 4480 genere
1125 4423 1224 4479 per
1248 4412 1536 4480 quamdam
1567 4411 1811 4472 reflexio-

207 4513 345 4554 nem
377 4506 592 4592 sumpto
633 4496 876 4557 dicerent
913 4519 928 4556 :
972 4499 1031 4558 Si
1081 4501 1192 4571 ille,
1237 4504 1332 4575 qui
1379 4506 1706 4576 generaliter
1741 4509 1809 4566 de
1829 4529 1886 4592 ι)

209 4591 434 4648 cunctis
477 4591 778 4650 haeresibus
808 4595 1122 4666 disputavit,
1166 4597 1272 4654 hoc
1317 4599 1582 4656 haeresem
1617 4603 1802 4670 sciret,

209 4683 323 4738 hoc
365 4698 580 4756 quoque
610 4685 754 4742 inter
789 4694 1015 4745 cteteras
1053 4689 1289 4748 haereses
1321 4707 1432 4748 sua:
1457 4693 1805 4765 disputationi

209 4774 521 4831 insereret:
559 4791 669 4833 non
712 4786 895 4833 autem
922 4779 977 4835 id
1011 4780 1153 4837 inter
1179 4780 1415 4840 haereses
1440 4786 1618 4854 posuit
1671 4801 1806 4858 quas

207 4867 462 4938 digessit,
493 4883 602 4925 non
631 4867 798 4939 igitur
823 4883 924 4940 pro
970 4871 1177 4929 haerese
1220 4875 1511 4931 tenendum
1537 4884 1639 4933 est.
1675 4877 1807 4945 Qui-

207 4960 320 5016 bus
341 4975 441 5016 nos
457 4975 488 5016 e
508 4960 781 5017 contrario
799 4963 1232 5034 respondendum
1251 4967 1579 5035 putavimus,
1603 4983 1806 5040 eosque

207 5050 565 5120 propriorum
585 5068 863 5109 armorum
889 5054 1264 5112 instrumentis
1282 5058 1510 5117 Domino
1534 5071 1806 5119 annuente

209 5141 490 5200 delielare
522 5144 904 5216 disposuimus,
937 5147 1235 5219 eademque
1256 5151 1364 5221 pila
1416 5167 1537 5222 qua:
1576 5154 1644 5209 ab
1699 5155 1806 5212 illis

207 5245 287 5292 ad
320 5251 420 5294 nos
447 5239 614 5296 missa
650 5249 792 5306 sunt,
825 5241 930 5297 illis
951 5242 1220 5300 vibrantia
1250 5246 1636 5317 detorquentes
1663 5249 1799 5306 diri-

209 5343 347 5401 gere
371 5343 478 5386 non
498 5333 865 5402 gravahimur,
893 5334 1132 5392 dicentes
1167 5355 1180 5392 :
1217 5336 1275 5392 Si
1305 5337 1448 5394 idem
1473 5339 1806 5412 Epiphanius

207 5437 312 5478 eos
341 5423 434 5491 qui
462 5423 756 5496 imaginum
785 5425 1156 5484 adorationem
1193 5441 1490 5500 spernunt,
1519 5433 1804 5495 haereticos

209 5516 405 5582 sciret,
452 5517 508 5571 in
537 5533 633 5574 sua
679 5520 916 5590 generali
963 5522 1031 5577 de
1088 5523 1390 5582 haeresibus
1441 5528 1804 5599 disputatione

209 5624 313 5664 eos
355 5609 498 5666 inter
547 5611 830 5669 haereticos
865 5615 1052 5684 procul
1094 5617 1257 5674 dubio
1287 5629 1662 5693 computaret;
1695 5643 1802 5683 non

1915 500 2202 559 haereticos
2261 501 2556 560 credidisse
2604 504 2905 562 credendus
2946 515 3062 564 est.
3121 506 3274 576 Quod
3317 518 3498 569 autem

1914 595 2054 652 idem
2075 596 2407 668 Epiphanius
2434 613 2540 654 non
2566 597 2742 655 solum
2788 599 3082 672 imaginum
3127 601 3499 660 adorationem

1913 688 2196 758 spreverit,
2221 704 2408 744 verum
2436 689 2600 745 etiam
2628 704 2722 747 eas
2750 689 2805 746 in
2829 691 3077 748 ecclesiis
3097 692 3286 750 haberi
3305 694 3499 752 nolue-

1915 777 2004 845 rit,
2031 779 2117 834 his
2150 779 2366 837 indiciis
2390 780 2712 838 declaratur.
2743 781 2803 837 In
2841 783 3068 855 epistola
3097 800 3334 857 namque
3379 802 3501 858 qua:

1915 872 1984 928 ab
2011 871 2102 929 illo
2140 875 2209 929 ad
2234 872 2495 930 Joannem
2539 874 2850 947 episcopum
2878 875 3044 932 missa
3074 885 3178 942 est,
3223 885 3279 933 et
3301 893 3333 933 a
3371 878 3501 936 Ilie-

1917 979 2142 1036 ronymo
2182 965 2249 1021 de
2293 965 2483 1022 Grzeco
2531 966 2587 1022 in
2617 965 2872 1022 Latinum
2906 967 3178 1038 eloquium
3213 969 3498 1038 translata,

1913 1058 1990 1114 ita
2012 1058 2282 1114 habetur:
2321 1076 2341 1112 ε
2384 1058 2582 1115 Audivi
2624 1060 2887 1130 quosdam
2926 1062 3254 1117 murmurari
3307 1070 3499 1119 contra

1912 1170 2019 1220 me,
2073 1155 2290 1225 quando
2338 1154 2498 1210 simul
2547 1156 2902 1225 pergebamus
2935 1155 3004 1210 ad
3041 1155 3220 1211 locum
3249 1163 3498 1213 sanctum

1912 1245 2005 1316 qui
2035 1252 2262 1302 vocatur
2288 1243 2494 1310 Bethel,
2524 1253 2586 1300 ut
2612 1245 2689 1301 ibi
2719 1245 3002 1302 collectam
3025 1253 3203 1302 tecum
3227 1262 3295 1302 ex
3345 1261 3500 1304 more

1912 1340 2284 1396 ecclesiastico
2321 1339 2576 1406 facerem,
2609 1347 2664 1394 et
2693 1339 2962 1396 venissem
2986 1353 3012 1381 ε
3044 1341 3113 1396 ad
3149 1340 3331 1396 villam
3376 1357 3498 1412 quae

1911 1433 2111 1489 dicitur
2139 1431 2424 1499 Anablata,
2449 1431 2814 1502 vidissemque
2863 1431 2937 1488 ibi
2981 1431 3297 1503 prieteriens
3321 1431 3500 1488 lucer-

1913 1540 2038 1579 nam
2074 1524 2373 1590 ardentem,
2404 1529 2459 1576 et
2483 1522 2900 1594 interrogassem
2929 1523 3021 1594 qui
3047 1523 3197 1579 locus
3229 1530 3374 1578 esset
3415 1519 3499 1578 di-

1915 1617 2274 1686 dicissemque
2297 1631 2418 1671 esse
2438 1614 2742 1680 ecclesiam,
2777 1622 2834 1670 et
2863 1615 3151 1671 intrassem
3173 1623 3233 1670 ut
3257 1627 3496 1681 orarem,

1916 1707 2096 1764 inveni
2125 1708 2200 1762 ibi
2242 1706 2419 1762 velum
2449 1705 2692 1776 pendens
2718 1705 2773 1760 in
2804 1705 3011 1762 foribus
3040 1703 3280 1774 ejusdem
3322 1703 3498 1762 eccle-

1845 1777 1888 1839 Β
1914 1802 2009 1858 sise
2037 1801 2267 1857 tinctum
2315 1809 2478 1870 atque
2526 1799 2817 1871 depictum,
2857 1809 2912 1856 et
2954 1799 3162 1855 habens
3208 1797 3497 1868 imaginem

1911 1894 2066 1967 quasi
2108 1894 2310 1951 Christi
2359 1894 2443 1950 vel
2473 1894 2646 1950 sancti
2681 1891 2982 1964 cujusdam,
3029 1908 3138 1949 non
3191 1892 3335 1948 enim
3364 1892 3497 1948 satis

1909 1989 2134 2045 memini
2162 1987 2320 2057 cujus
2342 1988 2520 2060 imago
2563 1986 2744 2042 fuerit.
2786 1985 2921 2042 Cum
2958 2000 3087 2058 ergo
3116 1985 3219 2042 hoc
3241 1984 3496 2040 vidissem

1910 2083 1965 2138 in
1997 2082 2224 2138 ecclesia
2237 2079 2438 2136 Christi
2462 2088 2649 2136 contra
2670 2080 3049 2135 auctoritatem
3071 2077 3494 2149 Scripturarum,

1910 2174 2144 2230 hominis
2196 2173 2429 2243 pendere
2469 2172 2780 2242 imaginem,
2828 2171 2962 2228 scidi
3014 2171 3165 2236 illud,
3219 2179 3274 2226 et
3324 2169 3498 2240 magis

1910 2269 2030 2324 dedi
2059 2267 2345 2324 consilium
2381 2265 2695 2323 custodibus
2737 2267 2980 2336 ejusdem
3017 2265 3142 2331 loci,
3188 2274 3250 2320 ut
3295 2277 3498 2336 paupe-

1911 2378 2025 2418 rem
2073 2369 2348 2416 mortuum
2388 2375 2454 2416 eo
2492 2359 2844 2415 obvolverent
2889 2365 2943 2414 et
2981 2355 3279 2423 efferrent;
3313 2353 3498 2426 illique

1909 2461 2099 2509 contra
2128 2458 2531 2508 murmurantes
2552 2449 2794 2507 dicerent
2819 2467 2833 2504 :
2865 2448 2924 2504 Si
2953 2448 3200 2505 scindere
3231 2444 3496 2511 voluerat,

1903 2546 2109 2617 justum
2165 2553 2368 2602 eratut
2423 2545 2568 2600 aliud
2594 2545 2748 2600 daret
2793 2542 2970 2598 velum
3028 2551 3191 2612 atque
3240 2548 3495 2596 mutaret.

1909 2631 2064 2710 Quod
2114 2656 2237 2696 cum
2294 2640 2587 2705 audissem,
2623 2653 2711 2693 me
2753 2637 3008 2692 daturum
3057 2649 3178 2691 esse
3227 2632 3498 2704 pollicitus

1909 2750 2048 2800 sum,
2074 2742 2130 2789 et
2157 2733 2300 2789 illico
2326 2747 2446 2788 esse
2494 2732 2808 2787 missurum.
2840 2726 3126 2783 Paululum
3167 2733 3350 2782 autem
3376 2738 3498 2780 mo-

1908 2843 2093 2884 rarum
2117 2827 2220 2882 fuit
2263 2827 2320 2881 in
2348 2825 2542 2890 medio,
2601 2823 2734 2878 dum
2781 2837 2964 2893 quaero
3008 2819 3274 2890 optimum
3321 2815 3500 2872 velum

1906 2935 2006 2992 pro
2033 2935 2099 2976 eo
2128 2921 2364 2974 mittere.
2396 2917 2721 2972 Arbitrabar
2748 2914 2892 2970 enim
2917 2914 2984 2969 de
3009 2911 3188 2984 Cypro
3217 2909 3349 2966 mihi
3379 2921 3501 2964 esse

1907 3013 2253 3069 mittendum.
2283 3010 2438 3066 Nunc
2489 3017 2671 3065 autem
2707 3007 2832 3062 misi
2858 3004 3002 3076 quod
3044 3002 3198 3075 potui
3236 3001 3499 3072 reperire,

1908 3113 1965 3162 et
2011 3121 2209 3176 precor
2250 3101 2524 3173 utjubeas
2552 3101 2872 3172 presbytero
2901 3097 3047 3153 illius
3071 3095 3177 3152 loci
3220 3093 3500 3164 suscipere

1909 3199 2086 3256 velum
2108 3214 2138 3254 a
2167 3197 2359 3262 latore,
2393 3195 2538 3264 quod
2565 3209 2598 3248 a
2627 3191 2784 3248 nobis
2815 3190 3044 3246 missum
3092 3196 3198 3254 est,
3240 3193 3297 3243 et
3342 3186 3499 3242 dein-

1908 3306 2034 3362 ceps
2057 3289 2356 3360 praecipere
2392 3287 2448 3342 in
2501 3283 2731 3341 ecclesia
2765 3281 2969 3339 Christi
3000 3279 3309 3337 istiusmodi
3356 3278 3497 3346 vela,

1907 3401 2027 3455 quae
2056 3389 2244 3439 contra
2283 3380 2601 3452 religionem
2649 3383 2892 3432 nostram
2941 3374 3184 3440 veniunt,
3247 3388 3356 3430 non
3399 3389 3498 3444 ap-

1906 3473 2089 3547 pendi.
2138 3473 2303 3528 Decet
2357 3471 2503 3527 enim
2557 3471 2898 3526 honestatem
2952 3479 3100 3526 tuam
3138 3470 3280 3526 hanc
3326 3468 3500 3539 magis

1907 3567 2110 3624 habere
2134 3562 2549 3622 sollicitudinem
2575 3573 2630 3619 et
2654 3562 3142 3632 scrupulositatem,
3166 3576 3286 3632 quae
3331 3561 3495 3632 digna

1907 3669 1990 3718 est
2015 3658 2260 3717 Ecclesia
2281 3657 2501 3724 Christi,
2520 3665 2575 3712 et
2594 3655 2806 3726 populis
2833 3655 2923 3726 qui
2957 3655 3054 3712 tibi
3077 3654 3268 3711 crediti
3291 3663 3438 3709 sunt.
3471 3675 3490 3706 ι

1908 3754 2060 3810 Hanc
2080 3752 2224 3809 enim
2248 3749 2575 3808 sententiam
2609 3749 2676 3805 de
2695 3749 2801 3804 hoc
2829 3749 3045 3820 negotio
3091 3746 3380 3819 Epiphanii
3422 3747 3501 3803 in-

1908 3845 2174 3910 venimus,
2212 3859 2331 3914 quae
2382 3851 2561 3898 utrum
2589 3840 2861 3896 laudanda
2908 3856 2978 3896 an
3025 3839 3383 3910 vituperanda
3427 3839 3500 3896 sit

1907 3937 2129 3994 lectoris
2173 3934 2400 3991 arbitrio
2436 3932 2771 3990 conceditur.
2827 3931 3096 3988 Caeterum
3138 3930 3388 3987 veniatur
3429 3929 3500 3988 ad

1908 4029 2124 4086 beatum
2144 4025 2525 4098 Augustinum,
2549 4024 2912 4094 interrogetur
2929 4022 3012 4078 vir
3044 4021 3495 4093 sapientissimus,

1911 4120 2215 4192 inquiratur
2260 4119 2450 4175 doctor
2497 4116 2760 4183 eximius,
2816 4116 2962 4173 dicat
3009 4123 3191 4173 utrum
3250 4115 3499 4187 quaedam

1909 4215 2135 4271 haeresis
2183 4214 2480 4286 imaginum
2537 4212 2852 4268 adoratione
2900 4219 3102 4269 utatur.
3155 4212 3306 4269 Fecit
3353 4212 3499 4270 enim

1909 4307 2055 4364 idem
2078 4307 2165 4361 vir
2183 4305 2510 4364 venerabilis
2531 4305 2730 4360 librum
2752 4305 2819 4361 de
2831 4288 3144 4376 octuaginta
3169 4319 3361 4358 novem
3388 4304 3500 4359 lue-

1910 4399 2139 4466 resihus,
2175 4398 2317 4454 inter
2345 4411 2479 4468 quas
2500 4396 2618 4453 dua:
2642 4396 2939 4468 imaginum
2961 4394 3329 4453 adorationem
3370 4407 3498 4450 cen-

1911 4501 2156 4559 suerunt,
2189 4491 2490 4548 Simoniani
2518 4489 2770 4548 videlicet
2803 4498 2858 4546 et
2891 4487 3295 4558 Carpoeratitm.
3342 4486 3498 4556 Quod

1910 4593 1972 4642 ut
1996 4582 2337 4640 manifestius
2366 4581 2480 4649 fiat,
2514 4580 2723 4652 praefati
2757 4579 2998 4637 doctoris
3017 4579 3299 4636 sententiae
3330 4579 3407 4635 ita
3436 4587 3498 4635 ut

1911 4678 1969 4735 in
1994 4677 2183 4735 eodem
2226 4677 2367 4733 libro
2393 4678 2676 4741 habentur,
2728 4674 3042 4746 singillatim
3077 4681 3366 4744 ponantur.
3404 4673 3496 4729 Ait

1910 4771 2094 4828 enim:
2137 4788 2157 4822 ‹
2193 4769 2492 4825 Simoniani
2519 4784 2550 4823 a
2580 4768 2800 4824 Simone
2828 4765 3003 4838 Mago,
3053 4765 3147 4837 qui
3189 4764 3497 4836 baptizatus

1909 4878 1942 4918 a
1973 4861 2220 4934 Philippo
2257 4860 2514 4925 diacono,
2567 4858 2708 4915 sicut
2751 4857 2808 4912 in
2855 4857 3080 4915 Actibus
3128 4857 3495 4930 apostolorum

1908 4954 2128 5026 legitur,
2158 4953 2386 5025 pecunia
2422 4951 2589 5007 voluit
2614 4967 2646 5007 a
2670 4951 2874 5007 sanctis
2897 4951 3158 5023 apostolis
3182 4968 3389 5022 emere,
3432 4965 3493 5014 ut

1907 5048 2071 5106 etiam
2097 5061 2195 5118 per
2220 5045 2617 5117 impositionem
2639 5061 2834 5104 manus
2855 5046 2974 5120 ejus
3008 5047 3230 5105 daretur
3258 5048 3492 5122 Spiritus

1907 5147 2147 5196 sanctus.
2182 5137 2280 5194 Hic
2308 5137 2533 5209 magicis
2557 5137 2788 5194 fallaciis
2809 5139 3096 5212 deceperat
3118 5141 3337 5198 multos.
3386 5143 3492 5200 Do-

1907 5233 2064 5290 ccbat
2097 5241 2279 5288 autem
2322 5230 2692 5286 detestandam
2729 5233 3134 5304 turpitudinem,
3176 5235 3490 5294 indill‘eren-

1906 5337 1989 5385 ter
2025 5327 2210 5383 utendi
2230 5325 2467 5392 feminis,
2498 5341 2600 5382 nec
2628 5327 2796 5382 Deum
2832 5328 3092 5384 mundum
3118 5328 3314 5388 fecisse
3340 5333 3490 5390 dice-

1906 5423 2020 5478 bat.
2039 5419 2280 5491 Negabat
2305 5421 2467 5476 etiam
2492 5422 2671 5477 carnis
2698 5424 3168 5493 resurrectionem,
3193 5436 3248 5484 et
3279 5443 3491 5486 asseve-

1909 5515 2066 5570 rabat
2111 5530 2171 5571 se
2200 5515 2500 5584 Christum,
2529 5517 2779 5587 idemque
2800 5515 2986 5574 Jovem
3003 5535 3061 5575 se
3079 5521 3227 5577 credi
3249 5522 3487 5592 volebat,

1908 5607 2203 5665 Minervam
2223 5625 2353 5667 vero
2373 5611 2717 5666 meretricem
2742 5613 3028 5682 quamdam
3050 5612 3297 5683 Selenen,
3324 5631 3486 5688 quam

290 5722 1005 5824 1f::ffﬁ‘fﬂgftgﬂiﬁqf‘
1017 5729 1331 5824 @99qu
1363 5733 1440 5824 lla
1464 5736 1692 5824 ‘legitur
1719 5741 1859 5814 apud
1897 5741 2073 5818 ipsum
2121 5745 2530 5822 Hieronymum,
2581 5747 2658 5807 ita
2702 5749 2759 5808 in
2801 5751 3007 5824 synodo
3041 5751 3357 5824 Parisiensi,
3402 5755 3484 5822 ita

215 5793 364 5855 aliud
383 5793 720 5877 ltinerarios.
748 5797 1078 5860 Emendator
1106 5803 1335 5862 mutavit
1363 5805 1418 5862 in
1444 5793 1724 5869 Ana‘lialto.
