4016 6292
474 308 614 367 ωδ

1375 304 1436 362 Β.
1476 290 1727 361 CAROLI
1761 297 1976 356 MAGNI
2011 289 2162 353 OPP.
2201 291 2383 349 PARS
2415 292 2478 348 ll.
2520 290 2763 350 SECTIO
2799 289 2864 348 II.

3603 288 3736 346 ιω

475 426 579 489 sibi
605 425 807 491 sociam
853 422 1117 489 scelerum
1134 422 1359 490 fecerat,
1386 414 1754 492 imaginesque
1812 430 1866 474 et
1895 430 2047 473 suam
2076 416 2130 478 Α
2152 418 2299 475 ctum
2339 390 2595 468 mundum
2647 417 2747 477 est,
2797 407 2931 464 nihil
2977 408 3237 477 mundum
3284 406 3578 478 impurum,
3606 408 3739 463 nihil

478 526 533 573 et
558 516 799 589 ejusdem
839 515 1141 572 meretricis
1198 512 1475 584 discipulis
1512 512 1625 568 suis
1648 512 1923 582 praebebat
1959 510 2053 565 ad-

476 611 711 667 orandas
743 629 755 666 :
779 628 913 682 quas
937 620 991 666 et
1020 608 1206 665 Roma:
1231 617 1489 681 tanquam
1521 609 1743 665 deorum
1766 608 2052 666 simulacra

478 704 801 765 auctoritate
825 702 1037 773 publica
1060 703 1438 767 constituerat.
1469 700 1528 757 ln
1559 716 1665 772 qua
1688 701 1822 769 urbe
1863 700 2056 756 beatus

480 794 753 866 apostolus
784 793 976 849 Petrus
1013 809 1137 857 eum
1179 809 1308 850 vera
1334 792 1718 864 omnipotentis
1744 792 1839 848 Det
1861 792 2051 852 virtute

480 887 768 945 exstinxit.
816 886 1037 953 Dixerat
1086 886 1231 945 enim
1278 900 1337 943 se
1377 886 1431 953 in
1476 894 1658 942 monte
1701 884 1830 941 Sina
1885 885 2058 957 legem

480 980 647 1053 Moysi
672 982 725 1036 in
739 981 917 1036 Patris
938 996 1166 1053 persona
1205 982 1415 1037 dedisse
1438 978 1655 1045 Iudzeis,
1690 989 1930 1050 tempore
1969 978 2061 1032 Ti-

478 1073 614 1128 berii
650 1074 703 1126 in
729 1071 846 1127 Filii
880 1088 1108 1147 persona
1136 1075 1376 1143 putative
1401 1075 1739 1147 apparuisse,
1784 1080 1970 1144 postea
2002 1086 2060 1127 se

478 1166 533 1225 in
562 1166 757 1241 linguis
797 1167 968 1238 igneis
998 1165 1259 1237 Spiritum
1299 1174 1546 1233 sanctum
1593 1181 1753 1237 super
1792 1163 2061 1237 apostolos

478 1258 691 1314 venisse
719 1272 735 1312 :
763 1257 1038 1314 Christum
1083 1269 1263 1316 autem
1290 1275 1389 1325 nec
1415 1260 1646 1323 venisse,
1682 1275 1783 1315 nec
1806 1276 1836 1315 a
1862 1257 2062 1314 Iudaeis

481 1348 774 1423 quidquam
806 1350 1113 1421 pertulisse.
1154 1372 1171 1403 ›
1209 1352 1361 1407 Sicut
1394 1351 1556 1407 enim"
1581 1351 1803 1409 haeresis
1834 1368 1954 1423 quae
1994 1352 2062 1406 ab

481 1438 671 1493 eodem
706 1438 924 1495 Simone
964 1450 1151 1517 exorta
1176 1450 1277 1508 est,
1305 1458 1424 1512 quae
1472 1440 1779 1497 Simoniaca
1817 1451 2060 1508 vocatur,

482 1529 702 1585 omnino
723 1546 753 1584 a
768 1530 1012 1586 ﬁdelibus
1034 1533 1327 1603 spernitur,
1348 1532 1421 1588 ita
1436 1548 1649 1604 quoque
1667 1531 2065 1588 adorandarum

481 1620 775 1692 imaginum
796 1638 928 1679 usus
950 1624 1164 1694 penitus
1203 1625 1537 1697 Spernendus
1557 1633 1658 1680 est.
1688 1624 1874 1680 Altera
1925 1640 2061 1696 quo-

484 1728 586 1785 que
610 1714 835 1770 haeresis
855 1721 956 1780 est,
986 1730 1106 1785 quae
1134 1716 1278 1771 hunc
1303 1732 1543 1772 errorem
1564 1725 1869 1786 percenset,
1899 1732 2062 1787 quam

2152 505 2316 577 igitur
2341 511 2586 560 sanctum
2612 502 2917 574 impurum;
2944 508 3002 559 et
3023 501 3069 558 si
3091 502 3208 557 haec
3232 500 3570 577 impurorum
3596 501 3739 557 loco-

2152 614 2273 655 rum
2300 598 2456 653 sedes
2478 596 2772 652 secundum
2797 595 3009 651 illorum
3031 610 3316 653 censuram
3339 602 3615 664 quaerunt,
3643 594 3743 648 im-

2154 689 2491 753 munditiam,
2525 703 2644 760 quae
2673 687 2950 745 sanctitati
2989 688 3262 747 contraria
3303 694 3407 752 est,
3447 701 3561 741 non
3597 700 3748 758 sper-

2154 790 2321 850 nunt;
2356 789 2410 839 et
2435 781 2481 836 si
2506 780 2902 836 immunditiam
2950 794 3057 835 non
3090 786 3373 850 spernunt,
3401 793 3745 849 nequaquam

2155 881 2358 929 sancta:
2403 872 2507 927 dici
2547 880 2794 944 possunt.
2845 870 2903 926 Si
2949 869 3116 940 igitur
3136 870 3479 941 inipurorum
3504 869 3747 926 locorum

2159 964 2314 1019 sedes
2329 970 2598 1033 quaerunt,
2614 970 2813 1019 sancta:
2830 960 3128 1032 nuncupari
3141 975 3485 1031 nequaquam
3500 970 3745 1031 possunt.

2160 1055 2294 1111 Nam
2323 1064 2381 1111 ut
2413 1063 2609 1111 cmtera
2640 1054 2885 1126 exempla
2913 1065 3207 1119 taceamus,
3230 1054 3432 1125 quibus
3453 1054 3641 1110 doceri
3660 1071 3746 1126 po-

2161 1156 2266 1205 test
2290 1164 2725 1220 unamquamque
2755 1164 2869 1203 rem
2906 1164 3013 1204 non
3042 1148 3463 1213 inconvenienti.
3496 1150 3596 1204 sed
3622 1165 3744 1204 eon-

2161 1243 2399 1301 venienti
2424 1244 2603 1313 potius
2633 1242 2713 1298 rei
2741 1243 3101 1299 adhibendam
3121 1258 3241 1299 esse
3262 1243 3484 1308 debere,
3513 1244 3749 1312 ipsorum

2162 1337 2325 1392 etiam
2353 1336 2671 1405 eloquentia:
2720 1336 3024 1405 principum
3070 1343 3342 1407 praecepta
3388 1333 3753 1405 proferamus,

2164 1430 2255 1500 qui
2286 1430 2339 1484 in
2368 1429 2678 1501 eloquentia
2715 1429 2817 1485 hoc
2839 1430 3234 1485 observandum
3274 1428 3500 1500 penitus
3535 1444 3757 1485 censue-

2163 1533 2307 1591 runt,
2336 1533 2525 1590 utres,
2555 1525 2721 1589 locus,
2755 1533 2986 1595 tempus,
3011 1539 3240 1596 persona
3264 1524 3669 1588 consideretur,
3694 1536 3759 1576 ne

2165 1620 2413 1676 dicantur
2446 1621 2627 1690 gravia
2656 1618 2882 1686 levibus,
2916 1634 2985 1674 ne
3027 1618 3329 1675 verecunda
3358 1616 3758 1684 inverecundis,

2165 1728 2235 1769 ne
2261 1711 2462 1768 lasciva
2510 1711 2688 1778 seriis,
2738 1728 2808 1767 ne
2853 1712 3120 1782 impudica
3167 1712 3411 1783 pudicis,
3449 1727 3522 1765 ne
3561 1712 3760 1766 incesta

482 1804 558 1859 ita
605 1805 863 1876 praefatus
901 1806 1089 1862 doctor
1125 1807 1360 1877 scripsit.
1401 1827 1419 1859 ‹
1463 1808 1850 1879 Carpocratitae
1879 1825 1910 1863 a
1936 1808 2067 1864 Car-
2094 1790 2144 1851 Β
2167 1806 2349 1872 castis,
2384 1820 2451 1860 ne
2494 1804 2721 1859 ridicula
2762 1805 3038 1873 tristibus,
3078 1821 3146 1860 ne
3181 1803 3411 1875 profana
3462 1803 3762 1875 religiosis,

480 1905 704 1966 pocrate
749 1904 1044 1969 emperunt,
1075 1897 1167 1968 qui
1199 1900 1425 1955 docebat
1457 1916 1671 1955 omnem
1699 1908 1915 1971 turpem
1940 1916 2068 1973 ope-

484 1988 769 2054 rationem,
837 2004 1162 2059 omnemque
1207 1991 1642 2047 adinventionem
1686 1991 1914 2062 peccati,
1967 2006 2068 2046 nec

484 2076 643 2132 aliter
668 2080 821 2135 evadi
865 2090 1027 2153 atque
1077 2082 1291 2137 transiri
1327 2082 1654 2152 principatus
1681 2091 1736 2137 et
1772 2090 2068 2152 potestates

485 2166 681 2235 quibus
714 2168 829 2225 haec
865 2172 1098 2241 placent,
1149 2181 1207 2228 ut
1245 2174 1415 2244 possit
1466 2173 1532 2228 ad
1580 2172 1777 2229 coelum
1820 2174 2068 2244 superius

483 2256 773 2325 perveniri.
813 2258 914 2315 Hic
959 2264 1123 2318 etiam
1168 2262 1352 2319 Iesum
1377 2264 1650 2318 hominem
1697 2264 2068 2318 tantummodo

485 2352 540 2400 et
570 2348 635 2401 de
675 2359 905 2422 utroque
948 2368 1078 2408 sexu
1125 2363 1311 2409 natum
1357 2362 1574 2425 putasse
1614 2354 1947 2424 perhibetur,
1976 2354 2070 2409 sed

485 2439 761 2511 accepisse
796 2445 959 2500 talem
987 2447 1241 2515 animam,
1273 2463 1378 2524 qua
1403 2447 1566 2503 sciret
1594 2462 1657 2501 ea
1693 2462 1812 2516 qua:
1836 2461 2069 2517 superna

483 2540 666 2587 essent
717 2541 881 2605 atque
937 2540 1232 2593 nuntiaret.
1293 2537 1765 2593 Rcsurrectionem
1829 2540 2070 2609 corporis

487 2620 647 2677 simul
671 2640 797 2679 cum
838 2624 955 2698 lege
998 2628 1307 2699 abjiciebat.
1337 2629 1577 2701 Negabat
1611 2649 1641 2687 a
1686 2632 1797 2687 Deo
1844 2630 2064 2699 factum,

486 2716 584 2770 sed
609 2733 638 2771 a
662 2720 983 2788 quibusdam
1010 2724 1304 2781 virtutibus
1350 2727 1629 2783 mundum.
1666 2714 1854 2782 'Scctze
1901 2728 2071 2799 ipsius

486 2803 654 2889 fuisse
679 2814 911 2871 traditur
941 2818 1085 2873 socia
1115 2821 1359 2889 quaedam
1399 2820 1727 2885 Marcellino,
1761 2840 1879 2894 qua:
1929 2824 2073 2879 cole—

488 2908 583 2964 bat
610 2905 870 2977 imagines
887 2907 1015 2965 Iesu
1038 2917 1094 2966 et
1134 2910 1288 2966 Pauli
1322 2922 1376 2967 et
1399 2913 1614 2969 Homeri
1651 2923 1705 2968 et
1728 2913 2069 2985 Pythagorae,

491 3000 765 3055 adorando
788 3002 1180 3073 incensumque
1208 3005 1473 3073 ponendo.
1509 3026 1526 3057 ι
1557 3005 1689 3060 Nam
1724 3007 1766 3060 si
1800 3005 1938 3060 forte
1975 3008 2074 3062 ali-

490 3094 612 3163 quis
667 3092 891 3164 hujusce
925 3096 1127 3152 erroris
1165 3106 1506 3153 asseverator
1536 3099 1714 3153 dicet:
1768 3098 1892 3154 Ideo
1938 3100 2072 3154 ima-

2166 1897 2262 1953 sed
2291 1898 2472 1953 omnia
2500 1897 2555 1951 in
2576 1896 2898 1966 eloquentiae
2922 1906 3038 1951 arte
3066 1895 3139 1951 ita
3160 1905 3344 1952 essent
3359 1896 3762 1961 convenientia,

2166 1997 2227 2044 ut
2254 1989 2331 2043 nil
2364 1990 2768 2054 inconveniens,
2803 1988 2879 2042 nil
2910 2004 3241 2061 repugnans,
3274 1988 3372 2045 sed
3414 1990 3637 2061 singula
3671 2005 3763 2061 pm

2168 2080 2412 2136 locorum
2437 2089 2492 2135 et
2518 2089 2819 2151 temporum
2858 2079 3121 2150 qualitate
3145 2081 3421 2139 moderata
3456 2090 3762 2139 manerent.

2170 2171 2229 2226 Si
2263 2188 2389 2241 ergo
2424 2172 2480 2228 in
2508 2172 2829 2243 eloquentiae
2856 2179 2972 2226 arte
3007 2171 3111 2227 hoc
3137 2173 3205 2227 ab
3244 2172 3564 2227 oratoribus
3586 2173 3765 2228 obser-

2167 2265 2284 2319 vari
2311 2265 2521 2335 jussum
2560 2274 2663 2332 est,
2696 2266 2866 2321 multo
2896 2265 3069 2335 magis
3112 2265 3271 2320 nobis
3311 2264 3369 2318 in
3405 2274 3618 2320 nostra:
3650 2264 3766 2319 reli—

2169 2361 2343 2433 gionis
2370 2361 2602 2416 cultibus
2636 2338 3033 2417 observandum
3071 2369 3172 2423 est,
3206 2368 3267 2413 ut
3293 2359 3508 2430 singula
3536 2353 3761 2432 qumque

2170 2454 2237 2509 ad
2271 2454 2586 2525 religionem
2615 2453 2939 2527 pertinentia
2986 2452 3060 2508 ita
3086 2453 3469 2520 observentur,
3500 2460 3671 2525 atque
3696 2452 3766 2509 ita

2170 2547 2489 2614 habeantur,
2521 2553 2684 2616 prout
2715 2546 2854 2600 ratio
2883 2545 2997 2601 sive
3024 2544 3157 2601 ordo
3176 2545 3438 2616 exposcit.

2713 2658 2942 2715 CAPUT
2981 2658 3194 2717 XXVII.

2173 2729 2326 2801 Quod
2371 2728 2507 2783 male
2528 2730 2678 2811 pictis
2704 2729 3019 2811 imaginibus
3060 2730 3349 2811 imaginum
3386 2726 3623 2784 cultores
3658 2728 3770 2800 {alii

2238 2810 2474 2872 possunt,
2502 2800 2606 2854 sive
2640 2800 3007 2871 inquirendum
3035 2800 3099 2854 ab
3128 2800 3201 2872 eis
3246 2801 3337 2869 qui
3379 2816 3513 2871 pene
3566 2817 3770 2855 omnem

2240 2870 2364 2940 ﬁdei
2391 2870 2713 2942 Christianw'
2737 2872 3136 2941 prmrogativam
3168 2871 3224 2942 in
3247 2873 3550 2942 imaginatus
3579 2872 3774 2926 adora-

2241 2943 2379 3021 tione
2405 2944 2510 3021 sive
2542 2941 2685 3021 cultu
2714 2942 3033 3021 esistimant,
3067 2941 3193 3013 quid
3223 2941 3551 3021 pauperibus
3575 2944 3773 3021 [arficu-

2240 3012 2366 3066 dum
2404 3014 2489 3075 sit,
2522 3013 2612 3083 qui
2658 3011 2948 3085 artiﬁcibus
2996 3011 3088 3085 per
3134 3011 3264 3084 quo:
3299 3011 3586 3083 imagines
3614 3013 3770 3083 ﬁunt,

2242 3084 2454 3137 omnino
2479 3094 2657 3137 carent
2682 3084 2707 3138 ?

488 3185 642 3257 gines
664 3186 904 3253 adorare,
933 3187 1076 3241 inter
1101 3188 1332 3243 hrereses
1354 3190 1548 3246 beatus
1572 3190 1903 3261 Augustinus
1925 3207 2068 3247 com-

2245 3175 2500 3232 Omnium
2538 3175 2736 3231 artium
2763 3174 3033 3231 institutio
3067 3175 3216 3230 varia
3265 3174 3435 3233 habet
3482 3176 3769 3245 exercitia,

488 3278 718 3348 putavit,
754 3278 878 3348 quia
900 3279 1179 3349 gentilium
1203 3282 1578 3350 quorumdam,
1612 3282 1665 3337 id
1698 3289 1799 3343 est,
1838 3282 2074 3339 Simonis

490 3378 545 3429 et
575 3368 802 3437 Selenze,
820 3385 913 3426 seu
929 3371 1091 3426 etiam
1107 3371 1324 3427 Homeri
1341 3382 1395 3427 et
1416 3372 1756 3444 Pythagorae,
1777 3375 2075 3429 adorabant

491 3460 774 3531 imagines,
799 3462 1039 3516 advertat
1059 3464 1201 3533 quod
1227 3464 1391 3518 etiam
1414 3464 1676 3535 imagines
1699 3462 1825 3519 Iesu
1848 3473 1901 3519 et
1920 3464 2073 3521 Pauli

493 3553 748 3608 adorasse
768 3552 1037 3620 dicuntur,
1078 3563 1131 3610 et
1161 3556 1213 3611 id
1242 3555 1419 3627 ipsum
1451 3556 1592 3610 inter
1618 3555 1853 3611 haereses
1879 3572 1910 3609 a
1935 3571 2075 3628 prm-

494 3647 603 3702 fato
630 3646 749 3702 viro
779 3657 1148 3719 computatum
1173 3657 1274 3704 est.
1305 3648 1442 3704 Nam
1486 3649 1531 3705 si
1559 3650 1701 3704 idem
1728 3648 1814 3702 vir
1841 3648 2073 3705 eximius

494 3740 759 3814 imagines
808 3741 1147 3799 manufactas
1184 3742 1395 3798 Domini
1424 3743 1536 3798 sive
1576 3741 1935 3813 apostolorum
1988 3739 2074 3796 vel

494 3831 659 3899 ctiam
716 3832 1079 3904 quorumlibet
1131 3841 1441 3890 sanctorum
1503 3833 1805 3889 adorandas
1867 3833 2069 3899 sciret,

493 3938 770 3993 nunquam
800 3922 930 3981 Iesu
955 3933 1010 3980 et
1037 3924 1190 3981 Pauli
1213 3925 1506 3998 imaginum
1534 3927 1902 3984 adorationem
1932 3927 2076 3983 inter

495 4014 730 4071 haereses
758 4025 1115 4088 computaret.

1057 4131 1281 4189 CAPUT
1315 4133 1504 4191 XXVI.

497 4235 695 4295 Contra
734 4254 822 4315 eos
845 4240 937 4315 qui
981 4240 1232 4315 imagines
1275 4252 1484 4299 sanctas
1523 4252 1846 4315 ctsacratas
1868 4246 2070 4315 dicunt,

566 4326 754 4387 easque
773 4311 829 4366 in
843 4310 1079 4390 _i:i_is_sive
1102 4312 1156 4367 in
1174 4310 1380 4389 plateis,
1407 4332 1524 4387 qua:
1544 4313 1844 4390 plerumque
1862 4310 2073 4389 polluta}

569 4382 709 4446 sunt,
731 4383 854 4453 poni
876 4382 1085 4453 jubent.

567 4470 805 4543 Iungunt
855 4473 1038 4544 itaque
1079 4474 1155 4541 hi,
1202 4475 1268 4532 de
1315 4476 1510 4548 quibus
1540 4495 1718 4535 sermo
1752 4488 1854 4549 est,
1884 4482 1938 4537 in
1967 4482 2073 4539 hoc

497 4565 712 4634 negotio
737 4564 872 4621 duas
904 4581 994 4623 res
1041 4581 1161 4637 qua;
1193 4566 1296 4623 sibi
1320 4569 1573 4640 utrinque
1600 4582 1917 4644 repugnant,
1947 4551 2072 4631 eum

496 4654 747 4709 videlicet
785 4654 1082 4727 saepissime
1107 4668 1430 4716 memoratas
1475 4661 1738 4733 imagines
1777 4675 1993 4724 sanctas
2016 4678 2074 4725 et

496 4748 832 4805 venerandas
854 4760 1184 4823 nuncupant,
1209 4769 1410 4824 easque
1435 4754 1493 4813 in
1514 4754 1618 4810 viis
1642 4756 1755 4812 sive
1778 4758 1834 4812 in
1856 4758 2070 4829 plateis,

497 4854 617 4910 quee
640 4841 956 4915 plerumque
982 4845 1199 4915 pollutae
1233 4856 1375 4911 sunt,
1402 4847 1678 4918 ponendas
1711 4863 1829 4905 esse
1854 4866 2072 4907 asseve-

499 4941 640 4987 rant.
669 4931 821 4990 Sicut
845 4936 990 4990 enim
1013 4951 1120 4992 non
1141 4939 1390 4994 convenit
1410 4938 1515 4993 luci
1542 4945 1596 4994 ει
1618 4941 1876 5007 tenebris,
1900 4943 2075 5001 calido

500 5032 554 5079 et
573 5024 786 5097 frigido,
809 5026 886 5083 ita
912 5027 1168 5086 nimirum
1188 5047 1296 5087 non
1316 5032 1566 5087 convenit
1588 5033 1859 5089 sanctitati
1880 5042 1933 5091 et
1950 5052 2080 5093 con-

500 5118 856 5187 taminationi,
885 5121 1107 5192 puritati
1152 5131 1209 5178 et
1249 5123 1567 5194 impuritati.
1601 5123 1755 5181 Unde
1784 5141 1977 5198 magna
2010 5144 2080 5185 ex

498 5214 654 5276 parte
685 5224 778 5265 eos
809 5226 994 5268 errare
1034 5220 1264 5281 constat,
1306 5230 1431 5270 cum
1476 5229 1568 5272 eas
1611 5223 1667 5271 et
1708 5225 1923 5274 sanctas
1960 5232 2081 5277 esse

500 5307 768 5366 asserunt,
790 5308 845 5356 et
868 5302 924 5356 in
944 5302 1076 5359 locis
1096 5305 1477 5364 contaminatis
1506 5310 1818 5366 statuendus
1841 5325 1960 5366 esse
1987 5311 2081 5368 de-

500 5398 748 5445 cernunt.
775 5391 1011 5449 Patescit
1026 5411 1254 5468 namque
1270 5400 1666 5470 quodammodo
1686 5401 1740 5457 in
1764 5402 1869 5459 hoc
1887 5417 2076 5460 eorum

503 5495 753 5550 censura,
787 5484 880 5553 qui
905 5501 998 5542 eas
1037 5488 1089 5543 in
1121 5488 1223 5547 viis
1262 5492 1374 5548 sive
1398 5493 1454 5549 in
1474 5495 1690 5551 urbium
1728 5496 2077 5568 vicorumque

501 5574 694 5648 plateis
730 5580 857 5648 poni
880 5594 1219 5652 percensent,
1247 5589 1388 5659 quod
1406 5588 1490 5644 ha:
1509 5591 1801 5647 sanctitate
1833 5601 2074 5661 careant,

418 5680 437 5699 κ
502 5671 663 5730 sicuti
707 5685 758 5737 et
788 5687 995 5747 careat,
1025 5694 1151 5736 cum
1194 5682 1400 5739 scilicet
1444 5684 1489 5741 si
1514 5694 1717 5757 sancta:
1747 5703 1868 5744 esse
1894 5688 2058 5755 crede

504 5774 712 5840 rentur,
749 5766 805 5827 in
827 5766 961 5828 locis
983 5774 1184 5832 sanctis
1204 5777 1332 5849 poni
1360 5761 1729 5837 censerentur.
1762 5781 1932 5841 Omne
1956 5797 2080 5840 san-

2172 3271 2385 3343 pietura
2423 3278 2605 3326 autem
2630 3285 2723 3327 ars
2758 3276 2861 3335 est,
2883 3269 3110 3341 pictura:
3130 3268 3298 3340 igitur
3319 3268 3600 3326 institutio
3624 3270 3769 3326 varia

2174 3368 2336 3423 habet
2361 3364 2638 3431 exercitia,
2678 3372 2733 3419 et
2760 3364 2901 3420 hanc
2945 3371 3268 3419 exercentes
3289 3363 3386 3434 qui
3411 3363 3665 3434 pictores
3683 3379 3773 3420 m-

2173 3469 2384 3526 cantur,
2412 3460 2503 3515 alii
2528 3459 2671 3529 plus,
2703 3459 2796 3515 alii
2824 3459 3005 3514 minus
3030 3473 3152 3515 eam
3179 3457 3515 3529 intelligunt,
3544 3460 3639 3514 alii
3659 3458 3772 3530 pui-

2173 3553 2411 3617 chriora,
2439 3551 2532 3607 alii
2577 3548 2806 3607 foediora
2850 3552 2907 3606 in
2936 3564 3001 3606 ea
3026 3558 3284 3606 exercent
3312 3562 3516 3621 opera;
3547 3549 3643 3604 alii
3668 3548 3774 3606 [nr-

2173 3663 2375 3714 mosas,
2428 3647 2518 3702 alii
2572 3645 2842 3703 deformes
2889 3653 3222 3715 componunt
3269 3643 3566 3714 imagines.
3620 3643 3775 3701 Unda

2172 3740 2431 3795 nimirum
2473 3738 2761 3810 colligitur,
2801 3739 2946 3808 quod
2988 3735 3065 3793 illi
3095 3737 3189 3809 qui
3230 3751 3371 3807 pene
3400 3751 3627 3792 omnem
3653 3734 3775 3793 σω

2173 3842 2287 3888 Sua}
2309 3830 2623 3887 ﬁrmitatem
2669 3830 2726 3886 in
2755 3830 3082 3901 imaginibus
3102 3836 3329 3899 ponunt,
3353 3843 3665 3898 earumque
3686 3827 3777 3882 ad-

2173 3925 2475 3981 orationem
2502 3925 2643 3980 inter
2661 3926 2929 3981 honorum
2957 3938 3182 3994 operum
3212 3923 3581 3979 instrumenta
3602 3938 3776 3978 anuu-

2171 4032 2387 4074 merare
2412 4033 2519 4072 non
2545 4018 2888 4083 erubescunt,
2910 4017 3145 4074 etmodo
3175 4016 3460 4087 pulchras,
3486 4017 3656 4072 modo
3677 4014 3776 4072 fte-

2173 4112 2270 4168 das
2308 4113 2536 4167 adorant
2584 4112 2864 4183 imagines,
2902 4110 3299 4181 quodammodo
3327 4108 3614 4166 fallantur.
3639 4106 3773 4165 Nam

2172 4203 2219 4259 si
2245 4204 2498 4275 quaelibet
2518 4203 2697 4275 imago
2719 4211 2919 4275 quanto
2938 4203 3217 4274 pulchrior
3241 4209 3343 4270 est,
3358 4209 3524 4259 tanto
3539 4202 3771 4274 amplius

2173 4295 2336 4351 habet
2361 4296 2665 4352 sanctitatis
2687 4304 2849 4366 atque
2870 4296 3103 4363 virtutis,
3127 4311 3349 4352 necesse
3368 4304 3457 4352 est
3480 4304 3547 4351 ut
3564 4312 3629 4352 ea
3651 4310 3769 4366 qua

2173 4389 2367 4447 foedior
2392 4398 2492 4454 est,
2526 4390 2705 4445 minus
2755 4390 2952 4444 haheat
2979 4388 3284 4464 sanctitatis
3316 4398 3485 4459 atque
3510 4388 3765 4455 virtutis;

2176 4491 2232 4538 et
2263 4482 2309 4538 si
2334 4497 2398 4537 ea
2426 4498 2547 4554 quae
2573 4481 2770 4538 fmdior
2794 4488 2878 4537 est
2904 4481 3086 4537 minus
3120 4481 3302 4548 habet,
3333 4496 3567 4538 necesse
3606 4488 3694 4539 est
3712 4488 3768 4536 ut

2178 4575 2474 4632 foedissima
2497 4576 2749 4647 qualibet
2771 4585 2865 4631 aut
2889 4575 3024 4631 nihil
3047 4583 3140 4631 aut
3162 4575 3439 4631 modicum
3459 4574 3694 4642 habent;
3715 4580 3768 4630 et

2179 4668 2226 4724 si
2256 4684 2321 4724 ea
2343 4684 2464 4739 qua:
2502 4668 2778 4740 pulchrior
2818 4678 2921 4733 est,
2952 4668 3074 4724 ideo
3103 4668 3363 4723 attentius
3384 4666 3674 4735 adorator,
3703 4681 3767 4723 eo

2180 4762 2324 4833 quod
2367 4776 2530 4818 causa
2576 4760 2990 4834 pulchritudinis
3036 4759 3266 4832 amplius
3317 4761 3486 4818 habet
3529 4760 3762 4829 virtutis,

2172 4852 2287 4924 jam
2315 4870 2423 4909 non
2466 4852 2584 4923 ejus
2611 4853 2870 4910 sanctitas
2899 4868 2966 4908 ex
2991 4853 3222 4924 quadam
3252 4852 3547 4922 religione,
3564 4854 3674 4910 'sed
3700 4867 3764 4909 ex

2180 4945 2406 5003 artificis
2432 4947 2580 5002 venit
2606 4945 2936 5018 operatione.
2977 4945 3047 5001 Et
3096 4946 3146 5001 si
3178 4960 3241 5002 ea
3282 4960 3406 5016 quae
3440 4946 3625 5003 minus
3650 4945 3767 5017 pul—

2181 5039 2314 5094 chra
2340 5045 2459 5101 est,
2484 5037 2570 5093 vel
2615 5053 2681 5094 ea
2714 5052 2835 5108 qua:
2860 5036 2993 5092 nihil
3019 5036 3182 5093 habet
3209 5036 3650 5108 pulchritudinis,
3675 5037 3766 5093 ad-

2179 5140 2386 5199 oratur,
2409 5130 2563 5187 valde
2587 5146 2773 5187 earum
2797 5132 3112 5187 adoratores
3136 5129 3415 5197 falluntur,
3437 5145 3564 5187 cum
3582 5128 3764 5185 videli-

2142 5288 2159 5295 _
2183 5231 2269 5280 cet
2285 5239 2373 5280 res
2388 5223 2782 5294 pulchritudine
2812 5230 3063 5278 carentes
3087 5223 3312 5278 adorare
3338 5229 3688 5293 percensent.
3706 5218 3767 5275 Si

2181 5328 2313 5386 ergo
2345 5330 2534 5371 omnes
2577 5323 2633 5370 et
2677 5314 2936 5385 pulchras
2975 5320 3030 5370 et
3056 5314 3237 5371 minus
3277 5314 3558 5385 pulchras,
3590 5322 3647 5371 et
3689 5311 3764 5369 nil

2181 5408 2595 5481 pulchritudinis
2607 5408 2868 5464 habentes
2883 5409 3162 5479 aequaliter
3180 5409 3408 5465 adorare
3426 5419 3763 5479 conseun

2184 5511 2285 5568 est,
2320 5500 2553 5572 iustitia,
2578 5517 2699 5572 quae
2738 5502 3029 5571 unicuique
3073 5516 3228 5557 suum
3258 5500 3470 5567 tribuit,
3502 5500 3573 5556 de
3604 5498 3764 5556 rebus

2185 5593 2462 5649 auferatur
2510 5607 2751 5661 necesse
2774 5599 2879 5648 est.
2926 5591 3060 5647 Nam
3107 5607 3229 5647 cum
3251 5592 3509 5662 pulchras
3537 5590 3762 5646 adorant

2184 5686 2467 5757 imagines,
2504 5700 2631 5742 casu
2660 5685 2843 5756 aliquo
2864 5699 2974 5755 quo
3004 5692 3193 5755 putant
3214 5700 3275 5740 se
3293 5682 3496 5755 aliquid
3515 5691 3759 5740 metm

2186 5778 2433 5849 adorare,
2456 5776 2745 5846 falluntur;
2770 5791 2895 5836 cum
2915 5790 3046 5836 vero
3064 5774 3334 5835 deformes
3352 5777 3581 5835 adorant
3594 5773 3743 5850 picta
