4016 6292
181 319 320 378 ms

955 314 1136 373 LIBRI
1172 313 1515 374 CAROLINI.
1553 343 1625 360 —
1659 313 1882 374 CAPIT.
1922 315 2012 374 DE
2045 315 2236 374 IMAG.
2275 345 2347 357 —
2380 314 2512 372 LIB.
2552 315 2642 373 IV.

3298 317 3436 377 1246

180 451 288 500 ras,
311 427 559 489 consulto
590 427 864 495 falluntur,
891 429 1090 501 quippe
1109 446 1233 488 cum
1256 443 1346 486 res
1367 429 1637 486 deformes
1655 444 1754 500 pro
1780 433 1832 497 Α
1857 431 2164 499 terrogandi
2211 437 2356 495 sunt,
2383 438 2566 486 utrum
2605 429 2728 486 ideo
2768 429 2994 500 quilibet
3017 443 3283 500 pauperes
3315 431 3442 490 ﬁdei

179 524 383 582 sanctis
408 522 570 578 rebus
592 521 836 576 adorant.
869 518 994 574 Sive
1015 520 1176 590 igitur
1202 536 1332 574 casu
1359 535 1468 584 eas,
1497 519 1609 574 sive
1630 534 1758 573 con-

177 617 323 673 sulto
357 615 601 678 adorent,
641 611 918 666 falluntur.
962 609 1239 666 Falluntur
1270 627 1416 676 vere,
1465 619 1521 666 et
1567 601 1770 666 meritd

177 707 459 770 falluntur,
488 703 580 774 qui
611 717 733 759 cum
767 701 911 757 Deus
944 708 1157 756 creator
1198 699 1440 756 omnium
1487 714 1546 756 se
1582 699 1759 754 solum

178 795 398 854 adorari
425 793 720 859 censuerit,
746 807 835 848 res
859 793 1122 862 quasdam
1164 807 1328 848 sensu
1382 800 1630 847 carentes
1668 791 1762 847 ad-

178 902 342 947 orare
365 887 639 952 nituntur;
663 895 720 942 et
742 885 868 942 dum
889 893 1082 954 putant
1108 899 1170 940 se
1193 885 1249 940 in
1269 885 1558 940 aderandis
1579 882 1764 953 imagi-

178 981 338 1038 nibus
377 979 669 1048 quamdam
698 978 900 1034 sanctis
928 977 1186 1034 exhibere
1211 979 1634 1042 venerationem,
1661 976 1761 1032 soli

180 1070 376 1126 divina:
415 1068 717 1125 adoratioui
757 1068 1048 1138 quamdam
1091 1077 1386 1140 prorngant
1429 1068 1765 1126 communio-

181 1177 327 1218 nem.
353 1160 492 1228 Quia
521 1159 684 1229 igitur
707 1159 856 1214 solus
884 1159 1029 1214 Deus
1047 1160 1353 1218 adorandus
1377 1161 1467 1226 sit,
1497 1170 1765 1231 martyres

181 1268 312 1310 vero
339 1253 425 1309 vel
451 1252 680 1322 quilibet
720 1253 892 1308 sancti
941 1253 1232 1308 venerandi
1265 1253 1444 1322 potius
1467 1253 1576 1308 sint
1601 1267 1766 1322 quam

178 1343 461 1408 adorandi,
497 1351 552 1398 et
599 1343 655 1398 in
697 1344 802 1399 hoc
842 1357 1006 1412 opere
1040 1343 1154 1412 jam
1197 1344 1452 1412 diximus,
1483 1354 1538 1402 et
1566 1347 1767 1418 egregii

178 1437 422 1496 doctoris
447 1437 758 1507 Hieronymi
803 1438 1138 1493 documentis
1188 1439 1593 1509 approbandum
1639 1447 1763 1494 est:

178 1530 276 1599 qui
320 1529 450 1585 dum
489 1537 678 1584 contra
715 1529 1063 1599 Vigilantium
1109 1532 1396 1600 quemdam
1429 1532 1766 1596 hmreticum,

179 1620 276 1689 qui
307 1629 608 1690 martyrum
632 1619 890 1689 reliquias
915 1635 1253 1690 nequaquam
1279 1622 1493 1677 dicebat
1530 1637 1650 1677 esse
1675 1636 1770 1676 ve-

181 1709 474 1776 nerandus,
492 1709 778 1775 scriberet,
801 1710 945 1765 inter
965 1719 1160 1776 caetera
1175 1713 1250 1766 ait
1274 1730 1288 1766 :
1319 1732 1337 1764 ι
1360 1711 1490 1778 Quis
1509 1727 1764 1782 unquam,

1861 538 1970 578 suac
1998 522 2274 594 patiantur
2303 521 2591 591 iacturam,
2642 537 2708 578 eo
2751 523 2896 592 quod
2923 537 3118 579 census
3145 523 3446 594 indigentia

1860 615 2030 686 pressi
2059 630 2164 670 non
2209 614 2445 670 habeant
2489 613 2802 673 facultatem
2825 628 2932 686 qua
2956 613 3253 684 suscipiant
3272 615 3447 686 pictu-

1861 705 2012 760 ram?
2048 704 2105 760 Si
2139 721 2271 777 ergo
2304 706 2458 776 inops
2494 705 2720 776 quilibet
2756 705 2885 761 “ideo
2925 707 3192 770 bonorum
3222 707 3449 766 merito-

1862 813 1983 854 rum
2007 799 2110 856 erit
2134 814 2346 868 expers,
2373 799 2498 870 quia
2527 799 2712 868 rebus,
2742 799 2940 868 quibus
2979 799 3246 872 imagines
3268 800 3447 872 adipi-

1862 896 2064 956 scatur,
2093 901 2260 957 caret,
2277 891 2514 961 locuples
2536 891 2659 948 ideo
2683 893 2942 951 auctioris
2963 891 3146 954 meriti
3173 907 3450 964 praeroga-

1864 982 2030 1038 tivam
2051 985 2246 1050 subiet,
2274 1001 2338 1044 eo
2358 988 2503 1060 quod
2530 990 2694 1045 rebus
2719 990 2916 1060 quibus
2943 989 3170 1060 picturae
3203 999 3454 1049 emantur

1863 1076 2127 1144 abundat;
2155 1085 2208 1134 et
2249 1079 2296 1134 si
2336 1080 2438 1135 iste
2477 1097 2578 1153 pro
2606 1084 2784 1149 rebus,
2830 1099 2940 1142 non
2971 1099 3072 1155 pro
3105 1084 3334 1149 meritis,
3357 1093 3453 1145 aut

1863 1185 2052 1242 ptenas
2103 1179 2197 1228 aut
2233 1175 2454 1243 praemia
2501 1175 2778 1247 suscipiet,
2823 1189 2880 1233 et
2909 1177 2998 1234 ille
3035 1192 3139 1248 pro
3163 1176 3456 1247 indigentia

1834 1278 1975 1320 -non
2011 1278 2111 1332 pro
2157 1265 2412 1340 operibus
2449 1264 2808 1337 iudicabitur,
2869 1269 3166 1341 imaginum
3210 1268 3458 1326 adoratio

1867 1368 2118 1426 magnam
2163 1354 2218 1408 in
2247 1355 2554 1414 Christiana
2601 1359 2865 1431 religione
2892 1376 3077 1420 arcem
3105 1359 3456 1428 conscendet,

1867 1444 2170 1514 etjustitia,
2203 1464 2325 1518 qua:
2357 1449 2554 1506 merita
2597 1450 2903 1520 cujuslibet,
2938 1468 3046 1509 non
3075 1468 3164 1510 res
3190 1452 3458 1522 explorat,

1869 1536 2013 1592 vires
2048 1555 2240 1611 magna
2262 1556 2328 1596 ex
2361 1550 2514 1612 parte
2543 1544 2772 1600 amittet.
2801 1545 2933 1612 Qua:
2957 1545 3141 1604 omnia
3159 1545 3288 1603 dum
3313 1543 3460 1602 nulla

1872 1646 2054 1684 rerum
2078 1633 2463 1701 consequentia
2486 1635 2770 1704 approbari
2796 1638 3026 1706 possint,
3051 1644 3223 1694 restat
3246 1644 3307 1690 ut
3327 1635 3462 1690 ima-

1873 1721 2057 1792 ginum
2101 1723 2280 1778 cultus
2325 1725 2534 1779 nullum
2576 1725 2631 1780 in
2656 1725 2962 1784 Christiana
2990 1727 3252 1800 religione
3276 1733 3464 1786 tenere

181 1819 216 1859 ο
244 1805 495 1858 insanum
541 1811 720 1874 caput,
751 1813 1018 1874 martyres
1048 1805 1329 1859 adoravit?
1363 1825 1381 1856 ι
1417 1804 1472 1858 Si
1513 1819 1644 1873 ergo
1687 1817 1774 1858 se-
1802 1799 1846 1861 Β
1875 1815 2128 1870 credatur
2148 1817 2530 1888 principatum.

181 1894 420 1950 cundum
447 1893 689 1963 ejusdem
731 1895 1055 1950 sententiam
1100 1906 1370 1968 martyres
1400 1911 1506 1950 non
1543 1895 1776 1950 adoram-

182 1996 296 2055 tur,
323 1987 491 2042 multo
515 1987 692 2042 minus
713 2003 900 2044 eorum
929 1989 1190 2060 imagines
1217 2005 1248 2044 a
1278 1988 1526 2044 ﬁdelibus
1545 1987 1774 2042 adoran-

183 2079 269 2138 dae
299 2077 443 2136 sunt;
471 2079 624 2147 Quod
652 2095 780 2136 vero
815 2080 872 2136 in
918 2079 1056 2136 libro
1085 2079 1393 2152 Regnorum
1421 2080 1551 2135 Saul
1579 2080 1775 2151 legitur

183 2172 491 2230 Samnelem
520 2174 840 2229 suscitatam
870 2189 902 2230 a
926 2173 1249 2245 Pythonissa
1278 2176 1534 2229 adorasse
1563 2172 1616 2245 (1
1641 2171 1770 2242 Reg.

182 2263 402 2332 nun),
416 2264 745 2334 deprehendi
765 2271 960 2334 potest,
985 2281 1094 2320 non
1115 2265 1383 2320 Samuelis
1404 2265 1584 2319 anima
1609 2261 1775 2318 fuisse

183 2357 467 2424 suscitata,
495 2357 590 2414 sed
613 2358 860 2426 quaedam
881 2358 1218 2430 prmstigiosa
1246 2357 1526 2414 diabolicae
1550 2357 1776 2412 fallacias

183 2449 366 2521 imago
395 2451 511 2518 regi
556 2450 704 2505 Sauli
735 2451 1084 2520 apparuisse,
1115 2453 1228 2506 sive
1254 2453 1308 2506 in
1335 2466 1402 2506 eo
1434 2451 1577 2520 quod
1600 2466 1660 2504 se
1683 2449 1777 2504 ad-

182 2543 329 2598 orari
357 2543 664 2612 permiserit
684 2584 698 2608 ,
729 2545 873 2614 quod
895 2545 1080 2614 utique
1105 2545 1188 2599 vir
1218 2553 1436 2600 sanctus
1465 2543 1645 2598 facere
1667 2557 1778 2597 non

177 2637 538 2706 permitteret,
571 2636 688 2692 sive
706 2637 870 2692 etiam
896 2637 1023 2706 quia
1045 2638 1282 2708 pessimo
1310 2637 1422 2705 regi
1465 2634 1620 2701 dixit,
1648 2632 1779 2688 Cra-

178 2729 322 2784 stina
355 2745 559 2784 mecum
581 2729 703 2792 eris,
735 2745 858 2784 cum
904 2729 1156 2784 videlicet
1186 2729 1325 2784 idem
1372 2725 1777 2784 immanissimas

179 2819 444 2890 nequitia:
481 2835 580 2876 rex
625 2837 732 2876 non
768 2836 890 2875 cum
931 2823 1192 2892 propheta
1237 2812 1495 2886 moriens,
1530 2819 1623 2874 sed
1652 2833 1777 2873 cum

179 2911 398 2968 diabolo
421 2909 638 2969 futurus
665 2921 802 2980 erat,
829 2915 920 2984 qui
943 2929 1080 2984 quos
1103 2913 1159 2969 in
1183 2915 1288 2969 hoc
1319 2912 1513 2968 sacculo
1540 2912 1607 2967 ad
1634 2909 1777 2966 mala

180 3021 349 3075 opera
373 3007 737 3075 perpetranda
764 3007 936 3073 illicit,
960 3023 1143 3063 secum
1163 3008 1219 3062 in
1247 3007 1433 3062 futuro
1453 3006 1524 3061 ad
1546 3014 1779 3062 aeternas

178 3113 378 3169 pcnas
408 3099 594 3156 trahit.
644 3099 762 3154 Rex
797 3101 978 3170 itaque
1011 3101 1266 3156 immanis
1300 3099 1481 3154 meriti
1529 3099 1772 3167 audiens,

182 3193 239 3248 iu
269 3209 380 3263 quo
425 3193 615 3249 habitu
665 3202 808 3250 esset
852 3195 1138 3260 excitatus,
1183 3193 1449 3248 intellexit
1479 3194 1623 3248 hunc
1653 3182 1775 3248 esse
1801 3162 1848 3226 Ο

184 3285 515 3353 Samuelem,
540 3287 668 3364 quid
695 3288 1020 3343 intellexerit
1047 3288 1245 3354 retulit,
1275 3296 1330 3342 et
1359 3289 1486 3358 quia
1507 3303 1616 3342 non
1639 3287 1778 3342 bene

180 3379 470 3447 intellexit,
508 3389 696 3438 contra
729 3381 1066 3452 Scripturam
1111 3382 1277 3436 alium
1325 3381 1573 3435 adoravit
1612 3394 1778 3451 quam

179 3473 506 3542 Dominum;
547 3483 602 3530 et
627 3484 818 3546 putans
853 3475 1179 3542 Samuclem,
1210 3473 1456 3530 adoravit
1480 3472 1772 3539 diabolum,

181 3579 244 3624 ut
274 3568 512 3624 fructum
542 3569 767 3626 fallacia:
805 3585 914 3625 sua:
943 3570 1168 3624 haberet
1197 3568 1448 3622 Satanas.
1489 3565 1603 3622 Hoc
1631 3566 1778 3620 enim

179 3661 383 3715 nititur
413 3669 473 3716 ut
497 3661 752 3720 adoretur
773 3661 930 3732 quasi
955 3660 1118 3715 Deus.
1145 3658 1205 3715 Si
1229 3659 1374 3714 enim
1397 3674 1528 3713 vere
1559 3656 1778 3716 Samuel

179 3753 260 3809 illi
288 3754 652 3828 apparuisset,
679 3771 787 3812 non
813 3755 999 3826 utique
1024 3755 1110 3810 vir
1129 3754 1313 3831 justus
1338 3753 1672 3832 permisisset
1685 3753 1778 3812 ad-

177 3847 354 3913 orati,
391 3845 482 3918 qui
530 3847 920 3919 pra-dicaverat
963 3847 1250 3902 Dominum
1296 3846 1470 3902 solum
1512 3861 1633 3902 esse
1677 3845 1776 3900 ad-

175 3939 472 3997 orandum.
505 3940 572 3995 Et
605 3941 873 4011 quomodo
899 3941 1062 3996 homo
1093 3941 1209 4006 Dei,
1241 3940 1478 4010 quicum
1504 3939 1778 3995 Abraham

178 4031 239 4086 in
267 4029 553 4102 refrigerio
598 4040 733 4097 erat,
767 4031 979 4088 dicebat
1021 4031 1090 4086 ad
1119 4031 1295 4088 virum
1333 4031 1652 4102 pestilentiae
1695 4029 1780 4086 di-

176 4137 352 4194 gnum
397 4123 590 4178 ardore
620 4123 894 4193 gehennae,
933 4120 1064 4176 Cras
1094 4139 1296 4178 mecum
1331 4122 1475 4177 eris?
1513 4121 1609 4176 llis
1643 4120 1780 4176 duo-

175 4217 288 4272 bus
313 4215 486 4270 titulis
512 4217 864 4270 subtilitatem
893 4214 1114 4272 fallacie
1137 4232 1247 4272 sua:
1269 4215 1508 4287 prodidit
1530 4214 1780 4285 improvi-

175 4307 285 4363 dus
313 4306 563 4370 Satanas,
595 4309 721 4378 quia
766 4317 820 4363 et
854 4308 1068 4363 adorari
1095 4323 1153 4362 se
1181 4307 1425 4377 permisit
1452 4308 1552 4361 sub
1591 4306 1778 4362 habitu

172 4408 234 4454 et
257 4400 483 4454 nomine
509 4397 795 4466 Samuelis,
819 4399 962 4470 quod
984 4406 1114 4468 puto
1138 4397 1356 4453 Samuel
1376 4393 1480 4454 non
1503 4399 1777 4471 permitte-

171 4500 288 4559 ret,
319 4501 375 4548 et
401 4490 578 4546 virum
607 4491 845 4560 peccatis
878 4505 1146 4561 pressum,
1181 4503 1304 4543 cum
1347 4503 1540 4558 magna
1570 4487 1772 4542 distan-

173 4590 256 4644 tia
279 4597 631 4658 peccatorum
661 4595 715 4645 et
735 4584 1004 4654 iustorum
1048 4584 1138 4651 sit,
1169 4599 1291 4640 eum
1321 4583 1566 4640 Samuele
1583 4580 1776 4651 jusﬁs-

173 4681 330 4735 simo
374 4679 620 4734 futurum
655 4679 912 4733 mentitus
939 4686 1051 4746 est;
1085 4692 1273 4732 verum
1305 4685 1482 4748 potest
1508 4676 1699 4742 videri,
1732 4674 1779 4730 si

174 4781 246 4836 de
275 4778 552 4834 Samuelis
579 4777 799 4833 nomine
843 4784 1107 4841 taceatur,
1134 4775 1261 4846 quia
1310 4773 1440 4829 Saul
1487 4788 1610 4829 cum
1657 4771 1777 4827 dia-

170 4869 311 4927 bolo
372 4868 587 4923 futurus
636 4875 754 4922 erat
795 4884 808 4921 :
846 4867 915 4922 ad
961 4881 1086 4923 eum
1149 4867 1294 4920 enim
1340 4864 1776 4936 trausmigravit,

167 4978 352 5038 quem
409 4961 685 5028 adoravit,
736 4977 1045 5033 quanquam
1099 4970 1155 5016 et
1198 4975 1232 5015 a
1274 4961 1436 5016 beato
1475 4957 1780 5028 Augustino

164 5064 234 5114 ct
280 5054 360 5112 ab
409 5053 534 5111 aliis
563 5055 878 5112 doctoribus
916 5055 1131 5109 diversa
1175 5053 1243 5108 de
1294 5054 1398 5108 hac
1449 5068 1508 5109 re
1556 5051 1781 5121 opinen-

167 5161 313 5218 tur,
367 5155 426 5208 et
475 5149 614 5206 liber
669 5149 1084 5206 Ecclesiasticus
1140 5147 1207 5206 ad
1250 5147 1464 5203 laudem
1511 5144 1779 5201 Samuelis

165 5246 414 5315 referat,
449 5260 519 5304 eo
537 5246 682 5318 quod
708 5256 953 5304 mortuus
984 5243 1339 5316 prophetarit.
1371 5241 1490 5298 Jam
1523 5256 1653 5296 vero
1681 5239 1777 5306 illi,

166 5343 273 5414 qui
323 5355 464 5414 pene
511 5355 728 5397 omnem
775 5341 896 5396 ﬁdei
938 5340 1260 5396 Christiana:
1288 5335 1693 5410 praerogativam
1725 5333 1781 5388 in

167 5434 490 5507 imaginum
516 5433 831 5492 adoratione
861 5433 974 5488 sive
1000 5433 1146 5488 cultu
1176 5445 1296 5487 esse
1334 5429 1666 5493 existimant,
1698 5426 1783 5482 in-

251 5565 284 5596 ι
309 5550 464 5607 Sicut
509 5552 650 5606 enim
679 5549 917 5605 Ecclesia
965 5546 1276 5604 universalis
1317 5555 1414 5603 est.
1460 5545 1782 5600 llincmarus

166 5624 357 5680 verba
378 5637 500 5693 qua:
540 5623 595 5677 in
625 5623 732 5678 ﬁne
763 5621 982 5692 capituli
1027 5621 1314 5693 habentur,
1353 5618 1458 5693 huc
1497 5616 1782 5693 inprinci-

167 5698 342 5770 pium
388 5688 685 5770 transtulit,
733 5688 847 5770 hoc
883 5695 1040 5770 modo
1082 5709 1115 5770 ξΔ
1153 5710 1172 5742 ι
1218 5689 1454 5770 [nonius
1492 5688 1782 5770 voluminis

169 5761 390 5840 quarto
422 5767 560 5840 libro
587 5767 703 5840 haec
727 5767 796 5822 de
831 5763 1118 5840 universali
1147 5761 1366 5819 nomine
1399 5761 1602 5840 scripta
1629 5765 1776 5840 sunt.

173 5829 539 5900 Universitas
565 5838 635 5896 ab
663 5854 773 5899 uno
805 5839 1238 5922 cognominatur,
1275 5833 1423 5915 quod
1445 5846 1554 5893 uno
1577 5829 1780 5894 multo-

2411 1932 2640 1990 CAPUT
2679 1933 2916 1990 XXVIII.

1877 2019 2032 2087 Quod
2061 2021 2262 2091 frustra
2291 2039 2441 2078 suam
2479 2025 2738 2095 synodum
2779 2025 3128 2082 uniuersalem
3169 2027 3466 2096 nominant,

1943 2109 2101 2163 quam
2127 2104 2302 2172 tamen
2327 2105 2530 2172 constat
2558 2097 2623 2150 ab
2653 2096 2936 2152 universali
2968 2114 3073 2158 non
3101 2097 3264 2160 fuisse
3290 2114 3472 2172 aggre-

1943 2176 2120 2233 gazam
2151 2163 2409 2219 Ecclesia.

1945 2281 2090 2338 Inter
2115 2290 2310 2338 caetera
2338 2283 2691 2340 deliramenta
2721 2297 2843 2354 quae
2864 2283 2920 2339 in
2945 2285 3134 2341 eadem
3155 2259 3360 2356 synodo
3383 2283 3471 2342 vel

1876 2385 2028 2447 gesta
2055 2375 2141 2430 vel
2171 2377 2370 2446 scripta
2402 2378 2672 2442 dicuntur,
2705 2379 2808 2434 hoc
2833 2395 3048 2450 quoque
3085 2395 3191 2435 non
3217 2381 3470 2438 omnibus

1875 2476 2063 2518 eorum
2093 2462 2462 2518 deliramentis
2501 2464 2678 2520 minus
2717 2471 2820 2532 est,
2871 2466 3015 2538 quod
3054 2467 3300 2523 eamdem
3343 2483 3472 2539 syn-

1875 2555 2045 2610 odum
2063 2555 2423 2612 universalem
2449 2567 2781 2628 nuncupant,
2807 2574 2928 2614 cum
2952 2573 3136 2629 neque
3147 2559 3472 2617 universalis

1877 2647 2002 2704 ﬁdei
2027 2647 2397 2703 inconvulsam
2427 2649 2622 2704 habeat
2657 2650 2964 2718 puritatem,
3015 2665 3190 2722 neque
3213 2666 3313 2722 per
3343 2652 3470 2708 uni-

1877 2751 2158 2792 versarum
2207 2738 2574 2794 Ecclesiarum
2619 2747 2770 2812 gesta
2816 2749 3026 2796 constet
3069 2741 3470 2800 auctoritatem.

1880 2845 1906 2874 ιι
1931 2831 2083 2888 Sicut
2113 2834 2255 2888 enim
2281 2833 2518 2890 Ecclesia
2547 2835 2870 2892 universalis
2899 2846 2983 2893 est
3003 2853 3124 2908 qua:
3154 2837 3344 2894 Graeco
3366 2838 3474 2893 elo-

1877 2925 2006 2995 quio
2035 2926 2302 2980 catholica
2333 2927 2566 2994 dicitur,
2602 2928 2676 2982 ita
2719 2927 2976 2982 nimirum
3017 2943 3178 2984 omne
3213 2927 3474 2999 quidquid

1878 3015 1946 3069 ab
1974 3014 2091 3083 ejus
2129 3015 2335 3070 unitate
2378 3031 2484 3070 non
2529 3017 2786 3082 discedit,
2818 3017 3144 3073 catholicum
3171 3018 3475 3090 nuncupari

1877 3114 2074 3178 potest.
2112 3106 2300 3162 Omnis
2327 3107 2472 3162 enim
2493 3109 2738 3165 doctrina
2770 3109 3080 3166 Christiana
3114 3110 3198 3167 vel
3221 3111 3477 3182 quaelibet

1881 3199 2195 3254 constitutio
2216 3199 2330 3254 sive
2353 3200 2573 3256 traditio
2594 3201 2718 3256 talis
2745 3215 2868 3258 esse
2891 3202 3072 3268 debet,
3099 3211 3160 3256 ut
3181 3202 3475 3258 universali
3541 3219 3548 3224 '

1880 3290 2165 3345 conveniat
2192 3291 2486 3346 Ecclesia}:
2519 3292 2662 3361 quod
2699 3304 3042 3362 nequaquam
3085 3295 3327 3349 haeretici
3371 3295 3472 3350 ob-

1879 3393 2250 3448 servaverunt,
2279 3383 2371 3450 qui
2398 3397 2495 3451 per
2516 3382 2761 3438 diversas
2782 3384 2968 3437 mundi
2991 3391 3175 3453 partes
3200 3383 3484 3453 aliquibus.

1880 3473 2160 3541 regionum
2211 3473 2458 3542 partibus
2508 3473 2767 3528 coarctati
2811 3473 3184 3528 conventicula
3223 3474 3472 3544 quaedam

1879 3570 2212 3628 statuerunt,
2269 3563 2464 3632 quibus
2517 3571 2572 3616 et
2611 3578 2668 3618 se
2715 3573 2771 3618 et
2814 3564 3162 3634 quamplures
3203 3562 3468 3638 [thcm.,

1877 3656 2178 3730 plurimos]
2207 3657 2280 3713 ab
2303 3656 2690 3719 ecclesiastica:
2717 3655 2939 3712 unitatis
2981 3655 3254 3712 consortio
3293 3669 3475 3724 segre-

1879 3757 2162 3820 gaverunt.
2193 3749 2328 3806 Cum
2355 3765 2484 3824 ergo
2512 3751 2742 3808 duarum
2781 3757 2838 3811 et
2882 3749 3045 3806 trium
3069 3749 3473 3818 provinciarum

1879 3842 2140 3914 prmsules
2174 3843 2230 3898 in
2258 3858 2427 3897 unum
2455 3843 2806 3908 conveniunt,
2854 3842 2899 3897 si
2942 3841 3287 3912 antiquorum
3309 3856 3474 3898 cano-

1881 3953 2012 3992 num
2055 3937 2397 3992 institutione
2449 3937 2642 3991 muniti
2690 3936 2892 4008 aliquid
2934 3935 3333 4006 praedicationis
3379 3943 3474 3992 aut

1881 4030 2148 4100 dogmatis
2175 4037 2418 4096 statuunt
2443 4028 2800 4103 [instituunt],
2828 4028 2973 4100 quod
3011 4036 3191 4085 tamen
3221 4029 3290 4086 ab
3331 4029 3474 4084 anti-

1880 4139 2110 4194 quorum
2141 4124 2364 4180 Patrum
2391 4125 2734 4195 dogmatibus
2761 4139 2866 4178 non
2900 4124 3198 4194 discrepat,
3240 4123 3474 4180 catholi-
3523 4193 3529 4198 _

1881 4237 2006 4280 cum
2034 4228 2118 4276 est
2152 4219 2296 4289 quod
2324 4217 2546 4283 faciunt,
2573 4225 2628 4273 et
2661 4217 2892 4273 fortasse
2927 4218 3032 4273 dici
3057 4226 3233 4289 potest
3257 4219 3476 4272 univer-

1880 4316 2009 4378 sale,
2041 4317 2296 4388 quoniam
2322 4315 2569 4386 quamvis
2589 4330 2696 4370 non
2718 4315 2788 4370 sit
2813 4315 2882 4370 ab
2903 4315 3140 4370 universi
3169 4314 3316 4370 orbis
3340 4328 3474 4384 prte-
3517 4385 3520 4388 ῃ

1879 4407 2089 4462 sulibus
2113 4416 2316 4472 actum,
2346 4414 2527 4461 tamen
2556 4405 2626 4460 ab
2658 4407 3036 4461 universorum
3062 4403 3168 4459 ﬁde
3205 4411 3261 4458 et
3304 4403 3472 4458 tradi-

1882 4497 2026 4554 tione
2053 4513 2158 4552 non
2186 4497 2496 4568 discrepat:
2523 4497 2668 4566 quod
2710 4497 2904 4552 crebro
2945 4495 3148 4550 factum
3200 4493 3254 4548 in
3280 4493 3474 4564 pleris-

1877 4603 1983 4661 que
2029 4584 2216 4646 mundi
2263 4589 2530 4660 partibus,
2569 4587 2889 4658 quibusdam
2939 4585 3352 4641 necessitatibus
3390 4584 3474 4640 in-

1875 4681 2278 4747 cumbentibus,
2303 4682 2525 4736 scimus.
2553 4679 2715 4733 Multa
2741 4679 2884 4732 enim
2907 4677 3132 4732 concilia
3156 4684 3305 4747 gesta
3323 4683 3468 4742 sunt,

1877 4788 2110 4843 quorum
2139 4771 2574 4826 institutionibus
2610 4777 2797 4825 sancta
2837 4769 3078 4826 munitur
3117 4778 3174 4824 et
3215 4766 3474 4822 corrobo—

1879 4877 2031 4922 ratur
2056 4865 2316 4921 Ecclesia.
2353 4863 2410 4918 Si
2437 4879 2566 4919 vero
2592 4863 2818 4918 duarum
2849 4867 2941 4914 aut
2971 4861 3134 4914 trium
3167 4858 3472 4930 provincia-

1879 4973 2001 5016 rum
2028 4957 2290 5030 praesules
2321 4957 2390 5011 ‘in
2437 4939 2602 5010 unum
2647 4951 3028 5008 convenientes
3055 4968 3195 5010 nova
3223 4949 3470 5024 quaedam

1878 5061 2122 5110 statuere
2143 5050 2441 5122 cupientes,
2455 5045 2826 5105 conventicula
2839 5046 3084 5116 quaedam
3105 5043 3328 5110 faciunt,
3343 5041 3470 5117 quia

1879 5161 1989 5207 non
2017 5159 2141 5200 cum
2168 5140 2408 5198 universi
2432 5139 2582 5195 orbis
2612 5139 2856 5196 Ecclesia
2878 5139 3148 5204 sentiunt,
3177 5135 3272 5192 sed
3302 5137 3372 5192 ab
3405 5150 3468 5190 ea

1880 5237 2114 5308 quadam
2153 5250 2219 5290 ex
2260 5240 2415 5304 parte
2457 5232 2817 5297 dissentiunt,
2861 5247 2969 5286 non
3013 5239 3098 5285 est
3139 5227 3470 5285 catholicum

1881 5330 2026 5400 quod
2071 5328 2314 5392 faciunt,
2367 5333 2423 5382 et
2469 5325 2592 5381 ideo
2648 5309 2953 5380 universale
3013 5321 3313 5396 nuncupari
3361 5337 3468 5378 non

1881 5431 2076 5495 potest.
2095 5422 2267 5479 Omne
2286 5421 2428 5490 quod
2447 5419 2876 5476 ecclesiasticum
2895 5427 2998 5484 est,
3016 5416 3342 5480 catholicum
3365 5422 3468 5482 cst,

1883 5542 2022 5598 tiens
2044 5554 2202 5594 verso
2221 5545 2568 5610 propagatur.
2593 5533 3036 5610 Namimultitudo
3052 5533 3470 5610 unitatumveﬁ

1881 5614 2043 5668 tendo
2085 5613 2138 5666 in
2176 5602 2341 5664 unum
2379 5602 2624 5673 collecta,
2657 5606 2982 5661 universitas
3012 5606 3260 5662 eﬁicitur.
3314 5602 3472 5657 Sicut

1881 5685 2026 5740 enim
2051 5681 2288 5738 Ecclesia
2311 5679 2632 5736 universalis
2655 5691 2756 5742 est,
2775 5688 2881 5733 etc.
2904 5697 2924 5732 ι
2951 5678 3066 5733 Non
3088 5676 3230 5748 quod
3255 5677 3354 5730 hoc
3374 5687 3468 5728 or-

1883 5755 2007 5813 dine
2036 5755 2090 5809 in
2115 5754 2255 5808 libro
2277 5768 2375 5808 suo
2398 5752 2634 5822 legisset,
2659 5751 2751 5806 sed
2774 5757 2833 5804 ut
2858 5749 3107 5806 instituto
3127 5765 3224 5804 suo
3247 5760 3450 5822 accom-

1880 5826 2140 5900 model-ct,
2155 5825 2264 5892 καθ’
2275 5813 2494 5904 ὗστερῖν
2509 5813 2752 5915 πρόξιρον
2761 5823 2906 5888 hunc
2915 5822 3094 5884 locum
3107 5813 3480 5912 trnncripslt.
