4016 6292
181 283 334 344 ως)

792 285 972 345 LIBRI
1007 285 1352 347 CAROLINI.
1386 315 1458 330 —
1492 285 1788 346 APPEND.
1827 315 1898 330 —
1934 286 2158 346 EPIST.
2192 286 2478 347 ADRIANI
2511 286 2740 349 PAPE.

3295 300 3438 361 1250

175 397 394 456 macula
421 397 659 476 abluens
671 396 884 469 eripiet,
913 401 1007 456 sed
1031 401 1192 458 etiam
1228 401 1282 458 in
1317 403 1420 458 hoc
1448 403 1646 476 mundo
1673 415 1763 456 su-
1791 405 1838 468 Α
1864 408 1919 457 et
1941 401 2117 476 virtus
2137 415 2256 476 qua
2267 409 2388 476 tota
2416 411 2665 476 creatura
2692 401 2809 476 ﬁeri
2852 403 3046 476 potuit.
3072 404 3242 468 Filius
3276 428 3438 474 verus

173 485 292 543 per:
307 485 497 543 omnes
546 471 805 543 barbaras
835 479 1034 543 gentes
1077 487 1196 528 cum
1247 486 1311 527 ea
1362 473 1759 528 committentes

176 541 455 612 suffragiis
497 541 616 613 suis
657 541 911 598 victorias
943 543 1143 613 tribuet
1176 543 1494 608 immensas,
1545 543 1761 613 insuper

175 620 236 667 et
266 627 492 682 regnum
519 611 779 668 calorum
813 613 930 668 sine
971 613 1096 669 ﬁne.
1129 612 1397 669 Praterea
1428 611 1691 670 directum
1729 627 1761 666 a

175 691 365 764 vestra
395 682 814 766 clementissima
840 684 1097 766 pracelsa
1127 684 1290 756 regali
1317 685 1554 766 potentia
1576 698 1762 766 susce-

217 753 363 808 imus
391 754 604 827 ﬁdelem
641 752 960 827 familiamm
988 752 1539 827 vestrum,_4videlicet
1575 754 1760 827 Engii—

253 824 673 896 rtumabbatem
695 830 750 896 et
778 824 1083 896 ministrum
1122 824 1367 895 capella,
1413 826 1505 896 qui
1533 824 1681 896 pene'
1694 825 1762 880 ab

175 893 316 964 ipsis
344 894 583 950 infantia
620 894 938 949 rudimentis
982 895 1034 949 in
1062 893 1263 965 palatio
1295 893 1476 952 vestro
1497 893 1764 952 enutritus

173 973 286 1036 est,
314 976 370 1021 et
399 965 454 1019 in
482 965 735 1020 omnibus
761 965 1000 1036 consiliis
1025 967 1221 1022 vestris
1247 976 1522 1036 receptus;
1548 977 1609 1022 ut
1641 967 1764 1021 ideo

174 1034 322 1108 sicut
348 1051 381 1090 a
403 1036 557 1108 vobis
583 1035 637 1090 in
661 1035 808 1090 omni
837 1033 1201 1108 familiaritate
1231 1033 1521 1108 recipitur,
1549 1037 1622 1091 ita
1646 1045 1703 1108 et
1720 1051 1764 1108 7a

174 1106 339 1161 nobis
382 1105 712 1177 reciperetur
735 1113 791 1161 et
817 1107 1172 1163 condecenter
1198 1105 1572 1164 honoraretur.
1612 1107 1765 1163 Unde

172 1190 283 1248 pro
307 1177 478 1233 nimio
508 1192 692 1232 amore
712 1191 872 1248 quem
904 1191 1031 1248 erga
1062 1185 1296 1233 vestram
1335 1178 1642 1233 mellifluam
1675 1193 1766 1248 ge-

173 1247 358 1303 rimus
382 1248 617 1320 regalem
638 1247 1034 1320 excellentiam,
1050 1248 1189 1304 sicut
1209 1249 1434 1320 misistis
1454 1265 1577 1305 cum
1598 1247 1766 1304 niniio

175 1332 370 1390 amore
411 1317 712 1390 dulcedinis
749 1317 978 1390 eximia,
1019 1333 1143 1374 eum
1190 1319 1563 1389 suscipientes,
1604 1327 1768 1390 prout

174 1388 373 1461 voluit,
408 1397 462 1444 et
507 1389 738 1458 qualiter
761 1388 1369 1461 voluit,‘cumwmagna
1403 1388 1767 1446 familiaritate

177 1460 344 1514 nobis
368 1468 729 1531 enarrantem,
780 1473 911 1514 aure
946 1458 1195 1531 placabili
1235 1458 1291 1516 ei
1320 1471 1501 1518 mente
1536 1461 1767 1531 benigna

175 1546 306 1586 eum
324 1530 682 1600 suscepimus,
710 1538 765 1585 et
783 1531 937 1600 quasi
957 1530 1136 1586 vestra
1158 1532 1426 1600 corporali
1446 1530 1767 1588 excellentia

176 1600 342 1656 nobis
388 1610 678 1667 narrante,
731 1609 977 1656 nostrum
1020 1601 1071 1656 ei
1115 1601 1408 1671 patientius
1439 1601 1767 1659 credidimus

175 1671 498 1736 consilium,
549 1672 617 1726 ad
662 1671 961 1742 profectum
1017 1681 1218 1728 sancta
1264 1682 1462 1728 nostra
1512 1674 1768 1728 Romana

175 1742 438 1798 Ecclesia
470 1750 525 1797 et
545 1752 744 1798 vestra
768 1758 799 1797 a
841 1743 952 1797 Deo
989 1750 1248 1812 protecta
1293 1744 1488 1812 regalis

175 1813 586 1870 exaltationem.
625 1813 770 1868 Inter
805 1829 925 1883 qua
957 1813 1125 1868 edidit
1157 1814 1312 1869 nobis
1337 1813 1633 1884 capitulare
1673 1815 1769 1870 ad-

176 1900 402 1957 versum
430 1884 695 1957 synodum
729 1900 850 1954 qua
875 1899 974 1953 pro
989 1899 1275 1957 sacrarum
1316 1884 1635 1957 imaginum“
1653 1900 1772 1957 ere-

176 1956 364 2012 ctione
389 1957 442 2010 in
463 1954 644 2011 'Nicaa
691 1964 813 2010 acta
842 1963 944 2010 est.
988 1954 1140 2010 Unde
1169 1970 1269 2024 pro
1299 1954 1477 2012 vestra
1517 1955 1770 2012 mellillua

176 2027 351 2097 regali
381 2027 664 2082 dilectione
682 2041 780 2096 per
799 2026 1218 2098 unumquodque
1236 2027 1530 2098 capitulum
1551 2042 1771 2098 respon-

177 2095 305 2151 suin
344 2095 712 2153 reddidimus}
750 2111 855 2151 non
901 2095 1226 2166 quemlibet,
1276 2097 1445 2162 absit,
1495 2095 1771 2153 hominem

175 2167 551 2234 defendentes,
582 2167 676 2223 sed
703 2166 962 2222 olitanam
992 2167 1336 2222 traditionem
1359 2176 1561 2224 saneta
1587 2169 1771 2224 catho-

177 2239 304 2294 lica
330 2246 385 2292 et
410 2239 717 2309 apostolica
747 2238 1004 2292 Romana
1038 2237 1292 2293 Ecclesia:
1332 2245 1592 2302 tenentes,
1628 2239 1768 2309 pris-

177 2325 305 2365 cam
328 2309 783 2379 praedecessorum
803 2315 1110 2380 nostrorum
1124 2318 1436 2380 sanctorum
1455 2309 1771 2380 pontiﬁcum

176 2378 464 2450 sequimur
500 2380 824 2446 doctrinam,
857 2387 1019 2436 recta
1061 2378 1188 2436 ﬁdei
1227 2378 1570 2436 traditionem
1597 2381 1770 2438 modis

178 2452 440 2509 omnibus
461 2451 822 2507 vindicantes.

621 2564 689 2621 ΙΝ
728 2562 1023 2621 ACTlONE
1061 2563 1336 2620 TERTIA.

258 2657 317 2713 ln
354 2657 530 2728 primo
569 2656 783 2727 quidem
825 2655 1060 2727 capitulo
1098 2655 1399 2728 ferebatur,
1434 2657 1489 2712 in
1525 2671 1592 2714 eo
1627 2660 1772 2728 quod

181 2729 318 2783 dicit
344 2727 369 2782 :'
404 2747 422 2781 ε
457 2729 523 2784 Ει
565 2729 617 2782 in
650 2727 912 2797 Spiritum
944 2735 1189 2783 sanctum
1228 2727 1511 2782 Dominum
1537 2745 1602 2785 ac
1633 2727 1771 2785 vivi-

182 2801 488 2865 ﬁcatorem,
511 2815 575 2854 ex
606 2799 765 2854 Patre
792 2815 888 2868 per
909 2797 1102 2853 Filium
1130 2798 1529 2868 procedentem.
1569 2819 1589 2853 ι

256 2869 628 2940 Reprehensio.
667 2869 821 2936 Quod
847 2869 1104 2941 Tarasius
1133 2885 1241 2924 non
1271 2877 1417 2941 recte
1439 2870 1655 2934 sentiat,
1681 2871 1773 2941 qui

181 2939 450 3022 Spiritum
484 2950 869 3022 sapctumnon
896 2939 1150 3022 ex_Patre
1180 2947 1236 3022 et
1271 2939 1774 3022 Filio,ns_ecundum

180 3009 388 3084 Nicani
423 3011 653 3084 symboli
682 3010 860 3084 ﬁdem,
892 3011 986 3084 sed
1015 3026 1083 3084 ex
1095 3009 1270 3084 Patre
1295 3025 1392 3080 per
1430 3011 1622 3084 Filium
1651 3027 1776 3082 pro-

181 3081 465 3138 cedentem
493 3083 549 3138 in
575 3098 687 3138 sua
724 3081 1060 3137 credulitatis
1095 3081 1326 3138 lectione
1348 3081 1688 3152 proﬁteatur.

255 3152 566 3225 Responsio.
595 3153 710 3210 Hoc
735 3152 928 3225 dogma
959 3153 1214 3208 Tarasius
1245 3168 1352 3225 non
1382 3169 1477 3223 per
1506 3168 1564 3208 se
1587 3153 1772 3225 expla-

181 3224 353 3290 navit,
362 3222 465 3279 sed
485 3239 586 3296 per
603 3223 902 3296 doctrinam
927 3231 1236 3279 sanctorum
1252 3222 1476 3296 Patrum
1497 3222 1776 3296 confessus

181 3304 268 3352 est
293 3313 307 3348 :
353 3294 854 3366 quorum_capitula
881 3309 980 3362 pro
1006 3303 1187 3349 vestro
1210 3294 1378 3348 nimio
1405 3310 1607 3366 amore,
1632 3295 1776 3365 quod

182 3367 320 3493 Ηέᾎο
345 3363 525 3435 quem.
561 3363 760 3438 Hard.]
800 3380 928 3435 erga
950 3372 1185 3420 vestram
1208 3363 1708 3436 praerectissimain
1744 3381 1775 3420 a

331 3445 630 3493 nroteetam
651 3436 889 3493 regalem
913 3435 1288 3491 excellentiam
1314 3435 1570 3493 gerimus.
1599 3436 1775 3490 brevi-

331 3445 630 3507 proteetam
651 3435 889 3518 regalem
913 3435 1288 3518 excellentiam
1314 3435 1570 3518 gerimus,
1599 3436 1777 3518 brevi-

183 3517 270 3564 ter
294 3505 619 3562 eitaramus:
656 3505 864 3563 scilicet
908 3507 1082 3562 sancti
1127 3505 1411 3562 Athanasii
1455 3506 1520 3560 de
1563 3507 1778 3576 appari-

183 3580 333 3634 tione
356 3577 570 3634 Domini
599 3577 655 3632 in
688 3576 963 3648 carne_(In
986 3592 1220 3648 sermone
1247 3575 1312 3629 de
1331 3577 1561 3631 humana
1565 3575 1776 3648 potura

180 3658 425 3720 suscepta
445 3649 508 3720 ab
537 3649 816 3720 ιιῃξςῖεηίιο⁸
846 3645 1053 3720 Verbo),
1081 3648 1223 3720 inter
1249 3655 1465 3720 caetera.
1515 3666 1533 3698 ί
1564 3646 1631 3700 Ει
1653 3663 1777 3720 pro-

181 3730 309 3792 pter
331 3717 434 3792 hoe
454 3717 688 3792 insumat
714 3719 768 3773 in
793 3717 1344 3792 facie_apostolo_rum,
1382 3717 1596 3773 dicens:
1623 3719 1774 3772 Acci-

181 3787 289 3862 pite
330 3790 590 3862 Spiritum
627 3787 1076 3862 sanctumuoim.
1112 3787 1247 3862 xx),
1288 3796 1360 3862 ut
1389 3803 1777 3862 cognoscamus

221 3861 322 3941 uia.
349 3857 771 3941 tle-plenitudine
793 3857 1022 3941 Adeit'atis
1049 3867 1134 3941 est
1160 3857 1252 3941 qui
1275 3857 1508 3941 dabatur
1542 3858 1777 3941 Spiritus

225 3929 487 4001 iscipulis.
516 3930 590 4001 In
629 3929 836 3984 Christo
861 3931 1020 4001 enim,
1053 3929 1266 4001 inquit,
1291 3929 1512 4001 habitat,
1558 3930 1779 4001 hociest

188 4003 245 4057 in
287 3999 451 4058 carne
479 4000 632 4071 ejus,
681 4001 846 4054 omnis
879 3999 1148 4071 plenitudo
1184 4000 1394 4071 deitatis
1438 3999 1780 4071 corporaliter

186 4071 416 4142 (Colon.
446 4068 539 4143 in),
572 4071 796 4143 sicuthet
825 4068 1150 4143 evangelista
1177 4068 1413 4143 Joanpes
1452 4068 1618 4143 dicit;
1667 4069 1777 4126 Nos

185 4140 367 4215 omnes
396 4159 462 4215 ea:
488 4140 809 4215 plenitudine
827 4141 942 4215 ejus
964 4140 1254 4215 accepimus
1275 4140 1456 4215 (Icari.
1481 4141 1547 4215 μ),
1579 4140 1780 4211 Corpo—

187 4214 294 4269 rali
319 4213 468 4284 enim
488 4211 670 4284 Specie
683 4211 832 4284 sicut
861 4211 1112 4284 columba
1133 4211 1382 4282 apparuit
1401 4211 1634 4280 Spiritus
1656 4227 1780 4284 san-

184 4293 312 4356 ctus
340 4283 494 4356 (Luc.
518 4282 636 4356 in),
665 4282 998 4356 descendens
1027 4291 1083 4356 et
1112 4297 1338 4356 manens
1358 4297 1520 4356 super
1547 4297 1691 4356 eum.
1721 4283 1779 4338 ln

185 4351 359 4412 nobis
395 4351 601 4410 etenim
621 4352 874 4423 primitia
913 4362 968 4408 et
1014 4353 1209 4423 pignus
1242 4351 1458 4423 deitatis
1488 4352 1775 4417 inhabitat,

185 4427 245 4482 in
281 4425 498 4482 Christo
544 4421 948 4494 aufemromnis
993 4421 1269 4494 plenitudo
1316 4421 1556 4477 deitatis.
1597 4423 1665 4477 Et
1711 4438 1778 4479 ne

226 4497 314 4552 uis
347 4496 642 4552 arbitretur
667 4493 793 4564 quia
823 4495 980 4564 quasi
994 4493 1126 4565 non
1154 4494 1360 4548 habens
1384 4494 1512 4565 ipse
1541 4494 1776 4565 accipie-

226 4513 314 4552 IIIS
347 4513 642 4552 al'Dlll'ellll'
667 4513 793 4564 quia
823 4513 980 4564 (11135!
1006 4513 1112 4549 non
1155 4513 1360 4548 [1308118
1397 4513 1512 4562 Ipse
1541 4513 1776 4565 accrpte-

183 4513 322 4623 gat:
354 4567 468 4638 ipse
497 4566 641 4622 enim
667 4565 772 4621 sibi
795 4565 1024 4638 desuper
1057 4563 1492 4638 mitte_bat,_sicut
1520 4565 1682 4638 Deus,
1723 4573 1781 4620 et

183 4637 308 4710 ipse
343 4634 732 4710 sibideorsuin
774 4634 1121 4710 suscipiebat,
1168 4635 1522 4710 sicut-homo.
1554 4635 1637 4710 Ab
1661 4635 1779 4710 ipso

181 4704 319 4779 e'rgo
367 4708 422 4762 in
453 4708 632 4779 ipsum
660 4704 1061 4779 desgendebat,_
1085 4720 1147 4760 ex
1190 4706 1389 4779 deitate
1421 4704 1537 4779 ejus
1580 4705 1637 4760 in
1674 4704 1780 4761 hu-

182 4775 509 4834 manitatem
540 4777 676 4846 ejus.
713 4797 732 4830 ι
761 4776 829 4831 Ει
852 4784 977 4846 post
1010 4775 1204 4845 plura:
1253 4794 1271 4828 ι
1327 4775 1668 4832 Manifestum
1698 4784 1783 4832 est

182 4849 318 4920 quia
355 4864 453 4919 per
475 4845 652 4920 ipsum
688 4847 870 4920 omnia
905 4845 1035 4903 fecit
1068 4847 1400 4920 Paterhper
1444 4847 1617 4920 ipsum
1651 4862 1782 4918 ergo

179 4916 315 4977 eum
344 4916 590 4987 susciiat,
611 4933 707 4991 per
728 4917 904 4991 ipsum
931 4932 1056 4991 eum
1080 4916 1402 4991 sanciiﬁcat,
1417 4916 1478 4972 et
1488 4933 1586 4988 per
1606 4916 1782 4988 ipsum

181 5005 315 5046 eum
344 4991 568 5055 exaltat,
595 4987 651 5045 et
678 4987 774 5060 per
805 4989 978 5060 ipsum
1005 4987 1175 5060 vitam
1201 4989 1346 5060 dat.»

258 5061 398 5116 Item
424 5060 666 5130 ejusdem
680 5057 875 5130 sancti
897 5057 1179 5130 Athanasii
1222 5057 1291 5114 de
1317 5058 1660 5130 Virginitate,
1701 5058 1783 5113 in-

184 5142 278 5192 ter
309 5127 503 5188 catera
528 5147 544 5186 :
591 5149 608 5183 ι
655 5131 722 5185 Et
749 5130 806 5185 in
844 5127 1105 5198 Spiritum
1132 5136 1400 5195 sanctum,
1420 5127 1517 5200 qui
1542 5130 1596 5184 in
1625 5129 1784 5184 Patre

183 5202 414 5330 titul-“ilio
433 5203 689 5269 existens,
720 5200 814 5272 qui
841 5215 873 5255 a
898 5199 1060 5256 Patre
1085 5201 1372 5269 emittitur,
1395 5199 1457 5257 et
1469 5216 1566 5273 per
1586 5199 1785 5256 Filium

294 5289 377 5329 ur.
410 5293 430 5326 ι

267 5282 377 5329 tur.
410 5293 430 5326 ι

263 5344 402 5400 Item
429 5345 497 5401 de
521 5345 726 5402 Histor.
755 5343 972 5409 eccles.,
1002 5343 1096 5400 lib.
1123 5359 1222 5410 vn,
1253 5343 1470 5400 Eusebii
1496 5342 1789 5398 Caesarien-

183 5417 293 5482 sis,
317 5424 442 5486 post
465 5415 656 5488 plura:
696 5436 734 5488 ί
756 5415 1002 5488 Gregorii
1029 5415 1287 5488 martyris
1308 5425 1364 5488 et
1378 5414 1624 5488 episcopi
1653 5414 1789 5470 Neo-

188 5485 446 5544 casarea
467 5485 609 5542 lides
635 5504 646 5540 :
691 5485 842 5543 Unus
872 5485 1020 5542 Deus
1043 5485 1205 5542 Pater
1229 5486 1390 5541 Verbi
1418 5485 1667 5549 viventis,
1708 5501 1791 5540 sa-

230 5558 415 5614 ientia
461 5557 824 5623 subsistentis,
853 5567 907 5612 et
931 5557 1146 5612 virtutis
1175 5573 1305 5622 sua,
1337 5566 1392 5612 et
1430 5558 1634 5627 ﬁgurae,
1669 5573 1791 5627 per-

230 5573 415 5614 ientia
461 5573 824 5623 sunsrswnus,
853 5573 907 5612 et
931 5573 1146 5612 virtutis
1175 5573 1305 5622 sua,
1337 5573 1392 5612 et
1430 5573 1634 5627 ugune,
1687 5573 1790 5610 ier-

185 5573 374 5685 iectus
411 5628 637 5700 perfecti
662 5628 1110 5700 genitortPater
1148 5627 1268 5682 Filii
1319 5573 1790 5700 unigeniti._linus

189 5699 481 5764 Dominus,
507 5699 654 5755 solus
671 5698 752 5755 ex
781 5699 896 5756 solo
919 5699 1048 5761 Deo,
1076 5698 1248 5769 ﬁgura
1271 5706 1326 5752 et
1347 5699 1524 5768 imago
1549 5698 1788 5764 deitatis,

193 5770 437 5830 Verbum
457 5780 795 5844 perpetratis,
814 5769 1078 5841 sapientia
1101 5770 1563 5840 comprehenderis
1583 5770 1786 5837 omnia,

209 5853 227 5877 ν
323 5848 408 5856 ----
631 5855 634 5860 .

317 5899 362 5953 I

1801 3117 1850 3184 C

1865 472 1999 551 veri,
2026 480 2080 526 et
2104 473 2398 551 invisibilis
2411 489 2478 528 ex
2508 473 2779 551 invisibili,
2826 472 2882 551 e't
2927 476 3344 551 incorruptibilis
3371 472 3439 543 ei

1866 543 2274 626 incorruptibili,
2301 552 2356 626 et
2386 544 2705 626 immortalis
2725 543 3223 626 ex_immomli,'et
3249 558 3442 626 sempi.

1865 619 2052 687 ternus
2075 629 2141 687 er
2167 614 2510 687 sempiterno.
2537 615 2685 671 Unus
2724 614 3216 687 Spiritus-sanctus,
3241 638 3308 680 ex
3330 614 3441 684 Deo

1865 684 2219 769 substan'iiam
2263 685 2502 769 habens,
2551 695 2611 769 ei
2652 684 2890 769 qui—per
2928 687 3121 769 Eilium
3153 684 3438 765 apparuit,

1866 751 2045 837 imago
2070 753 2197 837 Filii
2209 754 2460 837 perfecti,
2488 751 2726 837 perfecia
2761 751 3053 837 viventium
3090 751 3273 837 can-sa,
3316 751 3440 822 san:

1865 823 2029 880 ctitas
2052 823 2839 902 sanctiﬁcationis—praestant,
2876 844 2974 902 per
2991 847 3151 902 quem
3184 823 3326 890 Deus
3351 853 3441 892 su-

1865 908 1964 1018 ger
1989 896 2168 950 omnia
2207 896 2344 951 etin
2387 897 2637 952 omnibus
2676 896 3033 969 cognoscitur,
3073 922 3093 955 ι
3131 911 3186 958 et
3221 916 3437 964 catera.

1915 971 1935 1018 t
1981 981 2087 1018 non
2134 967 2308 1018 solum
2353 967 2813 1018 hismrioaranhus
2851 970 2951 1018 ista
2992 972 3132 1018 hanc
3179 987 3437 1018 memnml

1915 971 1935 1018 t
1981 981 2105 1036 non,
2134 967 2308 1021 solum
2353 967 2813 1036 historiographus
2851 970 2951 1026 iste
2991 972 3132 1028 hanc
3179 987 3444 1033 memorat

1868 1036 2042 1090 sancti
2077 1035 2334 1113 Gregorii
2368 1037 2546 1113 ﬁdem,
2586 1035 2691 1092 sed
2716 1047 2771 1113 et
2816 1041 3081 1098 maximus
3103 1045 3446 1113 praedicator

1867 1114 2088 1178 sanctus
2114 1105 2405 1178 Gregorius
2428 1107 2700 1178 Nyssenus
2727 1108 2784 1163 in
2807 1124 3056 1168 sermone
3084 1105 3272 1171 Graec
3296 1119 3446 1174 miri-

1869 1175 1978 1260 ﬁce
2011 1185 2172 1260 atque
2215 1175 2594 1260 splendide_ea
2633 1179 2965 1260 explanavit,
3003 1183 3266 1253 qualiter,
3313 1195 3371 1244 et
3411 1205 3445 1244 a

1869 1247 2064 1330 quibus
2085 1247 2260 1330 eidem
2283 1255 2468 1303 sancto
2490 1247 2750 1323 Gregorio
2769 1247 3204 1326 disposita'atque
3227 1247 3446 1316 ostensa

1869 1325 1924 1372 et
1951 1325 2066 1373 visa
2089 1327 2192 1374 est.

1940 1387 2074 1469 l_t_em
2100 1385 2509 1469 sanctillilarii
2553 1404 2622 1445 ex
2652 1389 2745 1446 lib.
2794 1406 2890 1469 vni
2929 1394 2996 1469 de
3019 1394 3151 1469 Fide
3174 1396 3316 1469 (Lib.
3343 1415 3443 1457 vm

1870 1457 2264 1542 defrinitate),
2292 1459 2434 1542 inger
2454 1471 2651 1542 eaiera
2663 1479 2702 1542 ﬂ:
2735 1479 2755 1542 ς
2790 1457 3190 1542 Cum-Spiritus
3206 1477 3443 1536 sanctus,

1870 1529 2052 1598 qui-et
2089 1529 2324 1603 Spiritus
2353 1530 2557 1586 Christi
2581 1539 2637 1587 et
2662 1531 2899 1603 Spiritus
2924 1529 3020 1590 Dei
3061 1544 3177 1603 est,
3216 1553 3306 1595 res
3349 1529 3446 1595 na;

1869 1607 2007 1680 tura
2035 1614 2156 1656 esse
2203 1601 2602 1656 demonstretur
2645 1601 2805 1659 unius
2826 1643 2842 1669 ,
2869 1621 3080 1680 Aquai'o
3112 1601 3279 1678 igitur
3314 1624 3448 1680 quo-

1870 1669 2032 1750 modo
2069 1686 2177 1726 non
2215 1686 2282 1750 ex
2317 1675 2890 1750 naturaunumsunt?
2912 1669 2984 1730 Ἀ
3018 1669 3181 1750 Patre
3204 1669 3449 1750 proc'edit

1587 1744 1769 1826 tentia
1799 1762 1848 1826 Β
1874 1740 2110 1826 Spiritus
2137 1741 2401 1826 veritatis,
2427 1758 2459 1826 ξι
2483 1741 2629 1826 Filio
2650 1743 2984 1826 mittitdr,_et
3005 1740 3446 1826 a_Fiiio'_aecipit,

1877 1813 1972 1892 sed
2007 1811 2189 1892 omnia
2214 1812 2718 1892 quahabetPater,
2745 1823 2800 1869 et
2827 1814 3019 1892 Filius:
3041 1816 3107 1871 Et
3130 1819 3332 1892 idcirco
3345 1811 3445 1892 qui

1875 1883 1944 1960 ab
1972 1897 2039 1960 eo
2060 1882 2412 1960 _accipit,_Dei
2437 1881 2673 1952 Spiritus
2701 1893 2804 1950 est,
2849 1887 2944 1960 sed
2968 1886 3109 1960 idem
3134 1881 3448 1960 etSpirit'us

1875 1952 2075 2008 Christi
2096 1952 2200 2010 est;
2230 1973 2250 2005 ι
2294 1953 2361 2007 Et
2388 1962 2511 2022 post
2557 1969 2729 2023 pauca
2768 1972 2781 2010 :
2825 1976 2843 2007 ι
2871 1956 2968 2012 Est
3018 1958 3162 2012 enim
3194 1952 3271 2014 in'
3296 1963 3452 2018 nobis

1875 2023 2124 2098 Spiritus
2148 2025 2273 2098 Dei,
2311 2023 2409 2098 sed
2433 2030 2488 2098 et
2524 2027 2689 2098 estin
2738 2027 2894 2098 nobis
2943 2026 3178 2098 Spiritus
3214 2029 3447 2098 Christi,

1873 2101 1930 2148 et
1949 2109 2071 2149 cum
2094 2094 2330 2168 Spiritus
2351 2093 2554 2168 Chrisii
2579 2095 2738 2168 inest,
2771 2096 2911 2152 inest
2951 2093 3185 2168 Spiritus
3215 2101 3330 2156 Dei.
3373 2093 3452 2158 Ita

1874 2164 2162 2239 cumquod
2190 2164 2285 2220 Dei
2309 2173 2395 2219 est
2413 2172 2468 2218 et
2495 2164 2706 2239 Christi
2725 2175 2826 2239 est,
2852 2176 2916 2239 et,
2933 2164 3055 2239 eu'm
3080 2171 3223 2239 quod
3246 2171 3449 2230 Christi

1873 2242 1956 2289 est
1981 2236 2077 2290 Dei
2097 2243 2198 2301 est,
2217 2251 2335 2290 non
2362 2243 2538 2305 potest
2567 2234 2711 2291 aliud
2738 2237 2867 2306 quid
2887 2234 3161 2294 diversum
3202 2239 3450 2300 Christus

1873 2319 1992 2361 esse
2013 2322 2175 2378 quam
2197 2307 2340 2378 Deus
2366 2314 2468 2361 est.
2500 2307 2647 2378 Deus
2658 2307 2837 2378 igitur
2869 2307 3120 2366 Christus
3156 2319 3260 2378 est,
3285 2329 3451 2369 unum

1873 2391 1995 2455 cum
2044 2377 2154 2432 Deo
2180 2375 2430 2432 Christus
2471 2390 2487 2430 :
2532 2384 2588 2432 et
2617 2375 2747 2455 illud
2794 2379 3161 2455 evangelicum
3208 2375 3370 2455 :Ego
3401 2393 3450 2440 et

1874 2445 2038 2520 Pdter
2060 2464 2223 2520 unum
2237 2463 2438 2520 sumus,
2465 2456 2574 2503 etc.
2603 2447 2838 2520 »κροαῃε
2865 2445 2947 2520 x.)

1944 2517 2075 2592 item
2106 2518 2173 2574 de
2208 2517 2863 2592 epistola__sancti_‘Basilii
2915 2517 2984 2574 ad
3016 2520 3449 2592 Amphilochium

1872 2587 2186 2666 episcopum
2219 2587 2386 2666 iconii
2421 2588 2562 2659 (Lib.
2588 2605 2604 2643 1
2629 2589 2694 2642 de
2718 2587 2922 2666 Spiritu
2936 2587 3219 2666 sancto-ad
3235 2594 3452 2666 Amphi-

1873 2655 2041 2725 tam;
2059 2655 2175 2729 '48)
2198 2699 2213 2723 ,
2240 2659 2384 2734 inter
2407 2655 2605 2734 caetera
2623 2673 2648 2734 _:
2687 2677 2705 2710 ι
2734 2655 2908 2734 Unum
2934 2661 3074 2716 idem
3097 2669 3152 2716 et
3187 2655 3452 2734 Spiritum

1874 2737 2244 2812 sanctumuet‘
2267 2731 2448 2812 ipsum.
2468 2729 2525 2785 in
2544 2730 2752 2812 unitate
2785 2731 2990 2812 dictum
3033 2745 3132 2801 per
3164 2729 3450 2812 unum_Fi-

1875 2797 2006 2854 lium
2036 2797 2303 2882 uniPaii-i
2331 2798 2708 2882 coniunctum,
2749 2809 2810 2882 e_t_
2835 2815 2933 2882 per
2957 2797 3135 2882 ipsum
3179 2805 3455 2882 complens

1875 2870 2361 2946 superlaudaiiilem
2411 2880 2467 2926 et
2507 2870 3107 2946 beatam_Trinitaiem.
3147 2892 3165 2926 ι
3221 2870 3455 2946 Ει“ι›οει

1948 2957 2046 3012 uca
2081 2956 2096 2995 :
2131 2959 2149 2993 ι
2184 2941 2611 3012 Ειιίωνειιογυιιει
2659 2941 2753 3012 Dei
2807 2941 3030 3012 scientia
3071 2951 3155 2998 est
3175 2983 3192 3012 ,
3233 2945 3302 3001 ab
3332 2941 3456 3004 "uno

1919 3010 2084 3080 piritu
2120 3027 2218 3082 per
2262 3028 2430 3067 unum
2460 3011 2655 3082 Filium
2692 3011 2747 3065 in
2771 3027 2879 3067 uno
2936 3011 3115 3068 Patre.
3149 3010 3183 3068 ι’
3231 3014 3299 3070 Et
3349 3018 3454 3072 ite-

1879 3096 1998 3136 rum
2042 3098 2057 3136 :
2101 3081 2428 3138 (Naturalis
2462 3081 2677 3137 bonitas
2723 3090 2778 3135 et
2816 3084 3109 3138 secundum
3153 3087 3458 3144 naturalem

1878 3153 2362 3224 sanctiﬁcationem
2386 3194 2401 3220 ,
2450 3151 2784 3224 etfregalem
2825 3153 3138 3224 dignitatem
3165 3195 3182 3224 ,
3238 3171 3303 3211 ex
3354 3157 3458 3214 Pa-

1878 3231 1961 3294 tre
1996 3238 2095 3293 per
2130 3223 2478 3294 Unigenitum
2515 3223 2815 3294 inSpiritu
2852 3223 3178 3294 pertransit,
3219 3235 3323 3282 etc.
3362 3246 3383 3280 ι

1947 3292 2080 3349 Item
2105 3292 2281 3368 sancti
2325 3292 2598 3350 Ambrosii
2631 3292 2698 3368 ej;
2725 3293 2819 3348 lib.
2845 3292 2871 3348 i
2889 3295 3030 3367 (cap.
3056 3297 3114 3368 5)
3142 3297 3209 3352 de
3252 3297 3458 3368 Spiritu

1879 3373 2084 3436 sancto,
2114 3365 2256 3419 inter
2299 3372 2490 3436 catera
2525 3379 2540 3417 :
2590 3381 2608 3415 ε
2647 3364 2754 3419 Vos
2812 3364 3015 3436 anteiri,
3053 3364 3458 3436 baptizabimini

1879 3433 2083 3509 Spiritu
2123 3444 2331 3509 sancto.
2367 3452 2387 3487 ι
2419 3435 2487 3488 Et
2509 3442 2826 3509 postpauca
2865 3449 2880 3488 :
2921 3454 2940 3487 ι
2972 3433 3163 3492 Unitas
3181 3453 3311 3506 ergo
3331 3454 3458 3509 ope-

1878 3504 2104 3580 rationis
2125 3545 2142 3570 ,
2178 3507 2358 3580 unitas
2377 3505 2806 3580 pradicationis,
2835 3521 3086 3580 qlianon
3109 3504 3287 3580 potest
3310 3504 3462 3580 sepa-

1879 3576 2010 3649 rari.
2044 3574 2198 3649 Quod
2223 3575 2269 3630 si
2291 3573 2540 3649 ho_c_ioco
2571 3573 3214 3649 separetur’Spiriius'Wab
3261 3573 3456 3649 opeia-

1880 3646 2023 3716 tione
2049 3645 2229 3716 Patris
2257 3654 2312 3701 et
2337 3644 2490 3711 Filii,
2524 3645 2650 3716 quia
2673 3644 2874 3700 dictum
2896 3654 2998 3711 est,
3024 3646 3102 3702 Ex
3125 3648 3236 3704 Deo
3254 3644 3454 3714 omnia,

1878 3725 1952 3788 et,
1982 3715 2085 3788 Per
2105 3715 2694 3788 Filium_omnia,ergo
2727 3722 2781 3770 et
2811 3716 3056 3788 ibi,7quia
3077 3718 3368 3788 Apostolus
3395 3721 3463 3775 de

1875 3786 2094 3858 Christo
2114 3786 2397 3858 dixit.|Qai
2421 3796 2497 3842 est
2516 3802 2673 3858 super
2696 3787 2872 3840 omnia
2901 3787 3043 3842 Deus
3080 3786 3377 3844 benedictus
3403 3791 3461 3845 in

1876 3857 2262 3928 swcuIa(Rom.
2278 3857 2388 3927 ix),
2424 3873 2532 3913 non
2563 3857 2735 3928 solum
2755 3872 2878 3911 cum
2900 3858 3164 3913 creaturis
3187 3860 3458 3926 omnibus,

1878 3929 1972 3983 sed
1994 3927 2158 3998 etiam
2180 3928 2358 3992 Patri,
2393 3930 2536 3998 quod
2564 3927 2709 3998 dictu
2735 3935 2819 3998 est
2855 3928 3026 3994 nefas,
3054 3930 3318 3998 pratulit;
3365 3931 3460 3986 sed

1878 3999 2038 4054 absit.
2056 3997 2173 4071 Non
2205 4000 2350 4054 enim
2378 3996 2520 4054 inter
2537 3997 2716 4053 omnia
2743 3996 2936 4071 Pater,
2953 3996 3069 4054 noni
3081 3999 3223 4056 inter
3251 4000 3462 4071 plebem

1879 4069 2167 4140 quamdam
2188 4077 2564 4125 creaturarum
2589 4084 2829 4140 suarum.
2854 4069 3052 4140 Subter
3072 4069 3320 4127 creatura
3346 4088 3464 4128 om-

1879 4138 1984 4213 iiis,
2015 4155 2178 4213 supra
2204 4140 2459 4213 divinitas
2482 4138 2913 4213 Patris,_etFil_ii,
2937 4149 2992 4196 et
3013 4142 3247 4213 Spiritus
3267 4144 3461 4198 sancti.

1878 4211 1970 4266 llla
1999 4209 2188 4277 servit,
2217 4211 2335 4268 hac
2375 4219 2597 4282 regnat;
2645 4209 2740 4266 illa
2787 4209 3184 4282 subiacet,_ista
3224 4215 3465 4270 domina-

1880 4290 1987 4347 tur,
2018 4291 2122 4338 etc.
2154 4302 2173 4335 ι

1949 4353 2081 4427 item
2107 4353 2280 4427 sancti
2304 4350 2553 4427 Gregorii
2582 4353 2840 4427 Theologi
2883 4355 2950 4411 de
2973 4356 3223 4412 secundis
3244 4353 3467 4427 epipha-

1880 4422 1986 4478 niis
2009 4422 2183 4493 (Orat.
2209 4425 2472 4498 in_sanctg
2515 4422 2740 4498 lumina)
2761 4422 2960 4491 [inter
2988 4434 3184 4498 catera
3212 4439 3228 4480 :
3261 4422 3468 4498 (Nobis

1882 4492 2064 4566 autem
2085 4508 2225 4566 tinus
2260 4493 2407 4566 D_e_us_
2432 4492 2612 4561 Pater,
2651 4492 2730 4551 ex'
2741 4512 2848 4566 quo
2870 4496 3070 4566 omnia,
3096 4503 3152 4552 et
3188 4510 3328 4550 unus
3354 4495 3464 4566 Do-

1881 4565 2063 4620 minus
2097 4561 2256 4620 Jesus
2282 4563 2550 4636 Christus,
2579 4580 2676 4636 per
2699 4561 2860 4636 quem
2887 4561 3088 4632 omnia,
3113 4575 3169 4620 et
3189 4580 3328 4621 unus
3351 4564 3468 4636 Spit

1882 4635 2021 4707 ritus
2046 4644 2284 4707 saueius;
2331 4634 2386 4688 in
2413 4650 2522 4707 quo
2559 4634 2760 4691 omnia.
2792 4636 3058 4707 Hocﬁipso
3092 4644 3270 4691 autem
3322 4634 3467 4705 quod

1883 4706 2132 4770 dicimus,
2157 4705 2235 4760 Ex
2267 4721 2393 4775 quo,
2423 4714 2478 4760 et
2497 4706 2602 4762 Per
2624 4721 2805 4788 quem,
2836 4715 2892 4761 et
2911 4705 3128 4788 Inique,
3161 4721 3270 4762 non
3299 4715 3464 4788 natu-

1883 4792 2001 4832 ram
2030 4791 2311 4842 secamus,
2347 4791 2524 4848 neque
2567 4775 2714 4832 enim
2763 4775 3202 4847 prapositionum
3249 4775 3468 4848 syllaba

1881 4855 2105 4903 mutata
2119 4856 2324 4903 natura
2337 4847 2620 4903 veritatem
2645 4848 2948 4914 mutabunt,
2967 4847 3062 4902 sed
3079 4848 3239 4902 unius
3261 4855 3469 4901 natura

1884 4919 1973 4974 sui
2005 4917 2266 4988 cujusque
2292 4918 2526 4974 nominis
2549 4918 2934 4988 proprietatem
2990 4918 3258 4988 designat.
3314 4916 3470 4984 Quod

1887 4987 2324 5044 manifestissime
2351 4989 2619 5059 indicatur
2635 4987 2712 5059 rex
2738 5004 2804 5044 eo
2832 4989 2975 5059 quod
2997 4987 3189 5044 rursus
3217 4989 3273 5044 in
3298 5003 3468 5043 unum

1885 5068 2170 5116 revocatur
2193 5059 2296 5114 ista
2313 5059 2428 5128 ipsa
2449 5058 2763 5130 diversitas;
2785 5059 2830 5114 si
2853 5058 2979 5130 quis
3002 5067 3180 5130 tamen
3196 5074 3305 5116 non
3325 5065 3471 5130 tran-

1888 5130 2077 5187 sitorie
2105 5131 2249 5200 apud
2275 5130 2450 5202 ipsum
2477 5129 2795 5202 Apostolum
2847 5128 2989 5202 legat
3014 5129 3145 5186 illud
3170 5131 3313 5202 quod
3336 5128 3472 5184 scri-

1886 5210 2037 5273 ptum
2076 5211 2179 5266 est,
2217 5199 2349 5273 cuin;
2393 5199 2572 5273 digit":
2617 5200 2755 5273 Quia
2791 5219 2856 5257 ex
2891 5199 3028 5273 ipso,
3065 5210 3114 5255 et
3146 5199 3246 5273 per
3275 5201 3467 5273 ipguut,

1888 5269 1937 5326 et
1969 5273 2026 5327 in
2059 5273 2169 5344 ipso
2209 5271 2388 5344 omnia
2426 5269 2606 5344 (Boni.
2629 5270 2730 5344 xi),
2763 5281 2819 5329 et
2855 5269 3092 5330 addidit:
3134 5269 3248 5344 Ipsi
3296 5269 3472 5341 gloria

1888 5344 1945 5397 in
1964 5341 2160 5397 amula
2194 5341 2507 5415 swquiontm
2529 5341 2740 5415 (Ibid.).
2797 5363 2815 5396 ι

1960 5415 2095 5470 ltem
2121 5413 2294 5467 sancti
2319 5412 2601 5481 Augustini
2632 5412 2707 5468 ex’
2731 5430 2978 5470 sermone
3029 5413 3095 5470 de
3143 5412 3473 5468 Ascensione

1891 5484 2104 5540 Domini
2150 5484 2291 5555 inter
2343 5483 2534 5555 plura:
2584 5503 2610 5555 ε
2646 5485 2803 5539 Dedit
2832 5486 2887 5539 in
2933 5495 3077 5540 terra
3125 5484 3470 5555 conspicuus,

1891 5565 1946 5611 et
1970 5553 2232 5625 proximis
2258 5554 2537 5623 proximus
2581 5554 2840 5625 Spiritum
2864 5564 3131 5621 sanctum,
3156 5553 3474 5610 insulllando

1893 5627 1946 5682 in
1969 5625 2164 5680 faciem
2190 5638 2378 5678 eorum
2410 5641 2422 5678 :
2452 5633 2506 5678 et
2532 5625 2600 5682 ab
2639 5627 2743 5680 hac
2784 5628 3020 5683 maxime
3059 5627 3322 5683 charitate
3351 5637 3474 5691 qua

1896 5699 1949 5752 in
1970 5697 2121 5753 calis
2147 5705 2230 5750 est
2249 5735 2261 5759 ,
2291 5695 2356 5750 de
2380 5695 2516 5750 calo
2541 5696 2689 5750 misit
2717 5696 2979 5767 Spiritum
3006 5705 3273 5754 sanctum.
3299 5692 3474 5764 Spiri-

1895 5777 2012 5827 tum
2035 5776 2286 5830 sanctum
2317 5767 2501 5838 accipe
2531 5767 2588 5827 in
2615 5775 2793 5847 terra,
2821 5780 2876 5828 et
2896 5770 3075 5842 diligis
3094 5768 3351 5833 fratrem;
3379 5778 3473 5820 30'

1897 3011 1910 3026 Ἴ
