4016 6292
230 253 373 309 1509

950 250 1126 306 LIBRI
1164 247 1505 307 CAROLINI.
1545 278 1616 288 —
1652 248 1944 305 APPEND.
1984 282 2053 291 —
2093 251 2510 311 CONVENTUS
2545 251 2768 307 PARIS.

3343 255 3479 313 1510

224 367 431 435 cipare.
466 360 785 435 _Utrumque
834 374 964 431 ergo
1017 371 1226 435 resecat
1272 376 1450 435 scrmo
1484 360 1724 429 divinus,
1753 368 1813 417 ut
1839 369 1888 428 Α
1914 361 2061 435 ζωὴ,
2107 362 2321 435 adorari
2364 364 2594 419 debeat:
2624 364 2801 435 factor
2842 365 2986 420 enim
3034 380 3064 419 a
3094 366 3322 434 factura,
3373 384 3479 425 non

338 449 406 488 ue
424 429 620 486 all‘eetu
646 432 812 495 colas,
843 429 1018 501 neque
1050 432 1229 501 specie
1255 431 1468 501 adores.
1516 448 1536 482 ι

347 505 673 584 ieronymus
698 502 770 584 in
820 500 1155 584 expasitio’ne
1200 500 1452 584 Danielis‘
1484 500 1759 572 propheta:
1790 520 1802 555 :

226 591 253 628 ι
285 573 486 629 Notum
504 570 588 626 sit
616 570 731 635 tibi,
757 570 950 640 inquit,
984 586 1098 639 rex,
1126 573 1252 642 quia
1289 570 1418 627 deos
1433 570 1560 642 tuos
1588 570 1695 627 non
1721 585 1807 627 co-

219 645 410 709 limus,
434 650 489 698 et
517 649 750 697 statuam
781 657 1002 712 auream
1025 656 1186 712 quam
1225 641 1446 698 erexisti
1482 657 1588 696 non
1615 642 1807 697 adora-

220 730 372 777 mus,
410 714 523 769 sive
549 719 803 783 statuam,
847 722 907 766 ut
955 711 1337 783 Symmachus,
1364 711 1477 783 sive
1521 712 1805 783 imaginem

220 800 472 847 auream,
504 792 567 837 ut
598 781 782 837 caeteri
819 781 1228 848 transtulerunt,
1257 781 1587 837 voluerimus
1607 781 1805 851 legere,

220 854 468 912 cultores
496 853 591 907 Dei
630 867 749 922 eam
799 853 1024 908 adorare
1051 867 1157 908 non
1189 852 1403 907 debent.
1433 851 1574 922 Ergo
1595 850 1808 921 judices

219 932 284 982 et
298 924 573 996 principes
593 921 775 996 saeculi
795 936 917 976 cum
928 922 1323 996 imperatorum
1338 921 1546 977 statuas
1560 923 1804 996 adorant,

220 990 617 1064 et'imagines,
668 992 770 1064 hoc
826 1006 886 1046 se
918 990 1098 1064 facere
1132 992 1447 1064 intelligant,
1507 995 1647 1063 quod
1696 999 1809 1064 trcs

218 1065 383 1136 pueri
400 1061 904 1136 ifa'cereinolentcs,
940 1061 1266 1136 placuerunt
1306 1061 1537 1136 Deo;__et
1573 1062 1805 1136 notanda

218 1131 551 1206 proprietas,
583 1133 712 1206 deos
736 1131 860 1206 coli,
892 1132 1179 1203 imaginem
1203 1133 1415 1206 adorari
1436 1133 1639 1197 dicunt,
1665 1132 1809 1203 quod

220 1201 521 1275 utrumque
544 1202 715 1259 servis
747 1201 842 1257 Dei
871 1217 979 1257 non
1009 1201 1277 1258 convenit.
1317 1223 1336 1256 ι

297 1292 447 1364 Idem
469 1293 729 1364 Origenes
744 1291 813 1364 _in
840 1290 1071 1346 Homilia
1097 1290 1139 1364 6_
1156 1291 1222 1348 de
1246 1293 1468 1364 cantico
1497 1291 1642 1362 quod
1689 1309 1811 1364 can-

224 1365 367 1420 tavit
388 1360 598 1434 Moyses
636 1380 648 1415 :
690 1382 720 1434 «ί
743 1361 892 1416 Licet
936 1361 1210 1434 apostolus
1239 1360 1472 1417 Joannes
1497 1360 1636 1434 dicat
1669 1381 1682 1416 :
1710 1363 1809 1416 Fi-

220 1434 368 1499 lioli,
391 1430 621 1503 nondum
647 1433 839 1503 scimus
874 1430 1211 1503 quidjuturi
1234 1450 1452 1503 sumus.
1496 1431 1594 1487 Sin
1635 1443 1811 1489 autem

222 1504 511 1560 revelatum
538 1502 683 1572 nobis
702 1501 859 1572 fuerit
887 1501 964 1572 de
1001 1501 1129 1572 Deo,
1153 1502 1356 1558 scilicet
1385 1503 1585 1565 dicens,
1615 1503 1811 1558 similes

222 1575 312 1629 illi
343 1574 535 1629 erimus
567 1571 621 1645 (I
649 1570 817 1645 ,Ιριιηἶ
847 1570 1309 1645 ttt)._Similitudo
1339 1581 1516 1645 tamen
1545 1574 1661 1645 inec
1700 1590 1826 1628 non'

223 1645 298 1700 ad
329 1641 597 1708 naturam,
630 1642 724 1697 sed
751 1641 820 1697 ad
845 1641 1075 1711 gratiam
1100 1652 1399 1698 revocatur.
1438 1642 1599 1698 Verbi
1623 1657 1806 1709 causa,

224 1723 291 1770 ut
346 1714 391 1769 si
440 1713 682 1768 dicamus
732 1712 1000 1781 picturam
1051 1712 1282 1767 similem
1324 1727 1444 1770 esse
1491 1711 1611 1783 ejus
1655 1713 1811 1783 cujus
1845 1716 1889 1776 Β

223 1785 413 1856 imago
438 1784 492 1838 in
512 1784 738 1856 pictura
761 1782 1274 1856 videturexpressa,
1303 1782 1564 1853 quantum
1605 1785 1674 1856 ad
1697 1782 1817 1855 gra-

227 1852 373 1937 tiani
386 1852 638 1937 perticet,
665 1852 814 1937 visus
833 1852 1025 1937 similis
1048 1852 1565 1937 dicetur,_quantum
1589 1852 1813 1937 διεωθ-

225 1923 491 1981 stantiam
535 1923 694 1994 longe
735 1923 1031 1978 dissimilis.
1061 1923 1170 1994 Illa
1211 1923 1596 1994 enitn‘speeies
1632 1925 1815 1980 e'arnis

226 2004 317 2050 est
346 2004 401 2065 et
421 1992 662 2065 corporis
685 1994 811 2057 vivi,
842 1994 966 2065 ista
994 1992 1233 2049 colorum
1277 1992 1433 2065 lucus
1458 2002 1562 2061 est,
1589 2004 1645 2051 et
1688 2010 1813 2051 cera

226 2064 436 2121 tabulis
457 2063 617 2120 sensu
651 2063 959 2119 carentibus
1011 2064 1368 2135 superposita.
1404 2085 1423 2119 ι

302 2156 492 2215 [sideri
516 2172 584 2213 ex
602 2156 741 2214 libro
754 2155 1210 2227 Etymologiarum
1227 2171 1271 2210 τι
1292 2156 1507 2227 Pictura
1528 2164 1707 2211 autem
1732 2164 1816 2212 est

228 2228 416 2298 imago
457 2227 766 2298 exprimens
818 2226 1053 2297 Speciem
1096 2227 1176 2281 rei
1226 2226 1481 2297 alicujus,
1528 2242 1650 2296 qua:
1687 2228 1815 2298 dum

229 2297 555 2363 visa’fuerit,
604 2298 689 2352 ad.
710 2298 1137 2352 recordationem
1193 2306 1428 2352 mentem
1466 2297 1694 2353 reducit.
1727 2297 1816 2351 Pi-

229 2379 393 2425 ctura
447 2377 627 2423 autem
678 2366 824 2422 dicta
864 2367 1037 2438 quasi
1083 2367 1299 2438 ﬁctura.
1324 2368 1420 2423 Est
1454 2369 1600 2423 enim
1639 2368 1816 2438 imago

228 2438 387 2504 ﬁcta,
420 2454 528 2495 non
555 2438 775 2498 veritas,
821 2437 947 2508 hinc
972 2450 1028 2493 et
1073 2436 1271 2503 fucata,
1321 2438 1376 2493 id
1423 2447 1527 2506 est,
1581 2436 1814 2508 quodam

229 2508 363 2565 fuco
404 2509 562 2571 illita,
586 2508 720 2563 nihil
763 2507 886 2563 ﬁdei
916 2519 971 2563 et
1002 2508 1244 2563 veritatis
1279 2509 1550 2563 habentia.
1588 2508 1737 2564 Unde
1761 2519 1816 2563 et

231 2587 368 2637 sunt
388 2579 632 2649 quaedam
671 2579 914 2649 picturae,
952 2593 1072 2648 qua:
1115 2594 1342 2649 corpora
1370 2580 1615 2634 veritatis
1637 2579 1816 2633 studio

232 2647 437 2706 coloris
465 2647 753 2720 excedunt,
782 2657 837 2702 et
884 2647 1042 2720 ﬁdem
1084 2647 1441 2720 dum'augere
1486 2650 1817 2704 contendunt

233 2720 311 2775 ad
348 2719 688 2791 mendacium
724 2718 1048 2791 provehurtt.
1081 2738 1100 2770 ι
1139 2748 1213 2791 ~7-
1235 2718 1368 2774 ltein
1396 2719 1510 2791 ipse
1536 2727 1659 2789 post
1684 2734 1818 2791 pau-

233 2806 304 2847 ca
333 2808 348 2845 :
389 2808 408 2842 ι
448 2788 929 2860 Ρίειιιιδιιιιίιιιιιθιιι
953 2788 1194 2860 βΕεγριίι
1223 2788 1683 2860 excogitaverunt,
1714 2790 1817 2858 pri-

233 2877 391 2918 mum
421 2861 667 2916 umbram
688 2859 922 2915 hominis
951 2858 1113 2914 lineis
1144 2858 1590 2923 circumductam,
1637 2860 1818 2928 itaque

235 2931 400 2988 initio
423 2930 563 2996 talis,
586 2930 821 3001 secunda
854 2929 1087 3000 singulis
1108 2930 1400 3001 coloribus,
1430 2938 1618 3001 postea
1638 2929 1818 2984 diver-

236 3002 337 3066 sis,
368 3001 553 3070 sicque
588 2999 842 3069 paulatim
889 2998 1121 3070 se'sears
1148 3000 1262 3069 ipsa
1287 2998 1564 3070 distendit,
1587 3006 1645 3053 et
1670 3001 1818 3054 inve-

238 3072 327 3127 nit
356 3066 535 3127 lumen
559 3066 723 3141 atque
754 3070 975 3125 umbras
996 3066 1329 3153 diﬁ'eréntias
1351 3069 1613 3135 colorum,
1640 3078 1777 3125 etc.»
1841 3066 1892 3131 ο

316 3161 448 3217 Item
490 3161 847 3232 Hieronymus
876 3159 931 3232 in
975 3160 1313 3232 expositione
1360 3158 1664 3232 Ezechielis
1700 3175 1826 3230 pro-

281 3234 424 3288 heta:
454 3250 467 3286 :
508 3250 528 3283 ι
563 3231 632 3285 Ει
681 3228 1019 3355 septuaginta
1044 3228 1147 3284 viri
1180 3229 1246 3284 de
1285 3230 1588 3311 senioribus
1634 3228 1825 3313 doincs

281 3302 411 3355 trael
437 3311 494 3355 et
532 3300 821 3355 Jechontas
902 3300 1008 3355 ltus
1061 3300 1278 3355 Sanhan
1320 3301 1498 3354 stabat
1547 3315 1600 3355 In
1650 3298 1825 3355 medio

299 3302 411 3357 rael
437 3311 494 3357 et
532 3298 821 3357 Jechonias
866 3298 1008 3371 ﬁlius
1061 3300 1278 3371 Saphan
1320 3301 1499 3371 stabat
1547 3300 1600 3355 in
1650 3298 1826 3371 medio

241 3389 436 3432 eorum
466 3373 724 3428 stantium
747 3378 872 3426 ante
897 3370 1154 3441 picturas,
1193 3377 1247 3425 et
1274 3370 1827 3441 unusquisquehabe-

242 3446 344 3501 bat
369 3442 702 3498 thuribulum
748 3442 801 3495 in
833 3438 994 3495 manu
1036 3456 1152 3506 sua,
1212 3447 1269 3495 et
1301 3454 1471 3509 vapor
1504 3438 1711 3494 nebula:
1761 3441 1826 3495 de

244 3516 409 3570 thure
451 3512 831 3583 consurgebat.
872 3511 1106 3583 Quando
1128 3509 1258 3583 dicit
1303 3508 1641 3583 septuaginta
1682 3508 1827 3583 viros

245 3584 417 3640 fuisse
440 3584 507 3638 de
537 3579 841 3638 senioribus
869 3583 1059 3636 domus
1087 3580 1268 3642 Israel,
1313 3580 1403 3649 qui
1434 3587 1679 3634 tenerent
1706 3579 1828 3633 thu-

246 3655 426 3711 ribula
449 3654 715 3717 manibus,
744 3652 982 3707 ostendit
1010 3651 1209 3705 multos
1246 3657 1299 3704 et
1328 3650 1462 3706 alios
1488 3649 1655 3703 fuisse
1702 3665 1829 3717 pro-

248 3727 353 3781 bos
373 3724 464 3796 qui
486 3724 591 3779 hoc
610 3738 717 3779 non
746 3723 1032 3786 faciebant,
1062 3722 1153 3781 sed
1175 3720 1414 3796 _ior_sita_n
1443 3720 1682 3796 peccatis
1710 3719 1829 3796 aiiis

246 3790 594 3859 tenebantur,
641 3808 913 3861 unumque
940 3806 1132 3846 nomen
1167 3790 1484 3846 Jeehoniam
1516 3790 1682 3845 ﬁlium
1733 3790 1831 3861 Sa-

246 3866 395 3943 phan
417 3865 633 3920 stetisse
660 3864 716 3917 in
744 3860 1129 3943 medio__eor_um
1151 3862 1304 3943 quasi
1326 3861 1625 3943 principem
1659 3860 1828 3943 serie:

249 3929 331 3992 i'is
366 3951 554 3990 eorum
588 3942 749 4003 atque
786 3932 1071 4003 sacrilegii,
1112 3929 1203 4001 qui
1233 3929 1430 4003 omissa
1460 3931 1715 4003 religione
1738 3929 1831 3984 Dei

246 4006 502 4063 colebant
530 4001 691 4071 idola,
732 4012 787 4059 et
816 4003 870 4058 in
913 4001 1110 4072 templo
1147 4018 1253 4057 non
1299 4001 1595 4056 adorabunt
1640 4001 1828 4067 Deum,

250 4077 411 4145 cujus
433 4084 549 4131 erat
576 4073 854 4145 templum,
880 4074 973 4145 sed
996 4074 1237 4145 picturas
1258 4072 1563 4145 parietum:
1584 4090 1603 4123 ›

373 4146 633 4201 irmianus
653 4140 968 4199 Lactantius
992 4140 1044 4196 in
1068 4143 1203 4198 libro
1227 4160 1240 4196 ι
1261 4140 1348 4197 ’(Ιε
1372 4141 1505 4196 falsa
1533 4140 1825 4205 Religionn,

252 4218 402 4272 inter
430 4223 646 4281 caetera,
702 4214 911 4284 inquit:
950 4234 968 4265 ι
1009 4212 1101 4284 Illa
1135 4220 1413 4284 qutesunt
1455 4220 1610 4284 extra
1653 4185 1833 4284 humi:

254 4302 405 4352 nem,
436 4286 563 4357 quid
585 4300 719 4357 opus
760 4282 844 4338 est
880 4300 942 4339 ea
962 4283 1145 4357 colere
1166 4283 1362 4357 quibus
1394 4283 1618 4357 careas?
1650 4282 1832 4357 \iirtus

253 4358 402 4412 enim
429 4353 647 4411 colenda
677 4364 780 4419 est,
809 4370 917 4409 non
960 4354 1135 4420 imago
1154 4353 1388 4418 virtutis,
1422 4359 1475 4407 et
1498 4353 1722 4408 colenda
1751 4360 1834 4407 Bst

253 4444 365 4482 non
390 4426 657 4480 sacriﬁcio
680 4426 878 4494 aliquo,
913 4431 1005 4494 aut
1041 4424 1217 4486 thure,
1262 4431 1353 4476 aut
1397 4422 1707 4494 precatione
1748 4438 1835 4477 so-
1861 4423 1914 4485 ο

253 4497 444 4561 lenmi,
486 4496 581 4550 sed
605 4492 878 4550 voluntate
900 4493 1011 4549 sola
1044 4501 1205 4563 atque
1230 4492 1502 4563 proposito
1531 4509 1544 4544 :
1591 4508 1716 4546 nam
1756 4509 1837 4546 re-

255 4568 390 4639 ligio
412 4582 504 4639 Aac
521 4566 805 4639 veneratio
842 4564 986 4619 nulla
1026 4562 1256 4639 alia_nisi
1292 4564 1451 4639 unius
1478 4562 1573 4639 Dei
1604 4563 1835 4617 tenenda

254 4632 365 4693 est.
399 4635 537 4704 Quid
563 4636 726 4707 igitur
754 4650 896 4707 opus
910 4642 1013 4700 est,
1039 4649 1081 4707 _o
1102 4633 1186 4707 vir
1218 4632 1629 4707 sapientissime,
1657 4641 1836 4707 tantos

256 4702 511 4776 sumptus
553 4702 635 4776 [cl
671 4702 933 4776 ﬁngendis
969 4705 1053 4758 vel
1096 4704 1335 4776 colendis
1366 4703 1691 4776 imaginibus
1737 4702 1837 4756 im-

258 4774 534 4849 pendere?
556 4774 788 4831 Firmius
808 4782 891 4849 _et
930 4775 1290 4849 incorruptius
1319 4774 1575 4849 templum
1614 4781 1697 4849 est
1730 4787 1836 4849 pc-

259 4843 386 4904 'ctus
430 4848 722 4900 humanum
754 4863 767 4899 :
808 4846 912 4900 hoc
941 4845 1122 4914 potius
1149 4843 1392 4908 ornetur,
1415 4844 1517 4898 hoc
1540 4843 1685 4898 veris
1729 4843 1835 4914 illis

260 4917 578 4975 numinibus
618 4916 921 4985 impleatur.
946 4913 1076 4969 illas
1108 4914 1251 4968 enim
1290 4914 1452 4985 falsas
1476 4913 1838 4985 consecratio-

263 5002 365 5044 ncs
395 4986 638 5055 sequitur
658 4983 800 5055 quod
843 5000 1060 5040 necesse
1084 4995 1185 5055 est,
1212 4983 1305 5055 qui
1340 4984 1485 5055 enim
1514 4983 1593 5037 sic
1616 4983 1844 5037 virtutes

265 5052 488 5119 colunt;
504 5055 557 5111 id
593 5052 788 5125 est-qui
814 5057 1034 5110 umbras
1057 5062 1110 5107 et
1151 5053 1409 5123 imagines
1435 5052 1692 5107 virtutum
1715 5067 1843 5106 con-

267 5134 568 5191 sectantur,
611 5140 673 5181 ea
702 5127 838 5195 ipsa,
870 5140 990 5194 quae
1023 5139 1149 5177 vera
1180 5132 1325 5186 sunt,
1355 5130 1541 5177 tenere
1568 5137 1673 5176 non
1720 5137 1843 5191 pos-

269 5206 420 5260 sunt,
444 5204 497 5250 et
521 5205 735 5251 cmtera.
765 5216 784 5248 ›

345 5258 676 5337 Augustinus
696 5266 749 5319 in
772 5265 914 5337 libro
942 5262 1317 5337 _Qu;estionum
1362 5260 1576 5317 Veteris
1612 5267 1665 5314 et
1710 5258 1843 5315 Novi

275 5333 648 5393 Testamenti:
694 5353 712 5385 ι
756 5333 1071 5398 Christiani,
1120 5342 1178 5386 ιιι
1224 5341 1668 5402 potcpaupercs,
1712 5345 1847 5399 quos

274 5407 471 5464 stultos
506 5415 718 5470 vocant,
758 5420 922 5459 unum
947 5404 1115 5458 Deum
1153 5405 1339 5457 colunt
1366 5401 1419 5455 in
1464 5402 1741 5471 mysterio,
1780 5414 1849 5453 ex

275 5494 387 5548 quo
422 5484 547 5532 sunt
586 5476 794 5540 omnia;
832 5488 933 5548 nec
980 5471 1178 5548 aliquid
1204 5471 1347 5548 quod
1384 5471 1451 5525 ab
1476 5471 1847 5548 coronditum

277 5539 380 5611 cst,
428 5539 791 5602 venerantur:
829 5545 1026 5614 ipsum
1049 5539 1196 5596 enim
1223 5539 1417 5614 solum
1453 5542 1697 5614 suﬁicere
1747 5539 1849 5595 sibi

279 5627 335 5673 et
359 5608 633 5672 abundare
653 5617 829 5671 sciunt
853 5608 921 5669 ad
950 5612 1202 5668 salutem.
1241 5632 1259 5663 ι
1294 5641 1359 5651 -—
1390 5611 1522 5666 Item
1553 5608 1693 5664 idem
1732 5616 1855 5680 post

285 5704 492 5759 pauca:
541 5705 559 5739 ι
604 5685 721 5742 Non
756 5700 884 5756 ergo
922 5684 1076 5739 nobis
1111 5682 1340 5744 videtur,
1392 5689 1449 5735 ut
1495 5681 1637 5749 quod
1694 5681 1855 5735 homo

1912 432 2123 489 factura
2154 448 2184 487 a
2214 433 2419 489 factore
2444 435 2657 488 adorari
2691 434 2982 503 iudicatur.
3025 454 3042 485 ι

1978 503 2115 575 ῌιθιιι
2135 503 2393 575 Firmiani
2411 504 2676 575 Lactantii
2700 506 2765 560 de
2785 503 2920 560 falsa
2947 504 3245 575 Religione,
3276 505 3369 561 lib.
3400 523 3475 562 tt:

1913 590 1933 624 ι
1968 573 2176 655 Duplici
2224 589 2355 657 ergo
2385 574 2614 657 _ratione
2669 583 2928 657 peccatur
2964 575 3043 657 .ab
3075 573 3479 657 insipientibus.

1945 644 2141 699 rimum
2162 645 2321 715 quod
2350 644 2633 715 elementa,
2668 644 2721 700 id
2757 654 2860 709 est,
2882 645 2981 705 Dei
3025 660 3188 715 opera
3220 646 3328 700 Deo
3353 661 3481 715 pra:-

1930 714 2105 768 erunt.
2161 713 2362 788 Deinde
2399 716 2542 783 quod
2569 714 2956 788 elementorum
2992 713 3237 788 ipsorum
3279 713 3483 788 ﬁguras

1908 784 2140 857 humana
2161 784 2337 857 specie
2374 785 2798 857 comprehensas
2835 784 3037 857 colunt.
3079 806 3097 838 ι
3121 784 3349 857 -—Iitem
3368 787 3483 857 ipse

1908 800 2140 838 numana
2161 800 2337 852 specie
2374 800 2795 908 comlcrcnensas
2835 800 3037 841 cotuut.
3079 806 3097 838 ι
3121 816 3195 827 -—
3219 800 3483 857 ttemtpse

1908 853 1961 907 in
1987 855 2174 935 eodem
2197 855 2334 935 libro
2364 873 2376 907 :
2417 872 2435 904 ι
2658 855 2803 909 aliud
2828 856 3135 935 adoremus,
3169 856 3301 935 nihil
3339 858 3485 935 cola-

1908 939 2049 989 mus,
2071 923 2177 978 nisi
2227 924 2395 995 solius
2435 924 2659 995 artiﬁcis
2691 926 3033 995 parentisque
3060 927 3232 981 nostri
3264 928 3485 983 unicum

1908 1009 2131 1067 nomen:
2155 1012 2174 1045 ι
2213 1024 2285 1033 -
2313 993 2444 1067 liam
2467 994 2655 1067 ipsein
2682 993 2867 1067 eodem
2902 993 3070 1067 libro:
3102 1015 3120 1048 t
3151 999 3324 1067 Supra
3356 1011 3487 1067 ergo

1908 1079 2015 1136 non
2047 1062 2187 1136 infra
2220 1072 2305 1118 est
2331 1062 2618 1136 Deus,’nec
2637 1065 2695 1120 in
2720 1065 2824 1120 ima
2848 1066 3047 1136 potius,
3074 1066 3166 1136 sed
3192 1062 3246 1121 in
3274 1062 3486 1122 summa

1909 1134 2184 1204 religione,
2216 1149 2321 1202 qua
2355 1134 2654 1190 credendus
2678 1144 2781 1190 est.
2818 1134 2949 1188 ι’-
2984 1137 3051 1191 Et
3079 1135 3256 1191 infra:
3296 1155 3314 1188 ι
3344 1136 3487 1191 Nihil

1907 1212 2084 1278 potest
2112 1218 2231 1278 esse
2250 1204 2466 1278 caeleste
2492 1204 2547 1259 in
2572 1221 2643 1278 ca
2666 1220 2743 1270 re,
2772 1220 2892 1275 qua:
2915 1206 2973 1261 ﬁt
2999 1223 3065 1262 ex
3101 1216 3247 1261 terra
3278 1224 3291 1260 :
3324 1207 3485 1278 quid-

1908 1274 2037 1343 quid
2070 1275 2214 1328 enim
2237 1273 2543 1338 simulatur,
2574 1274 2768 1330 falsum
2789 1273 2939 1332 _esse
2966 1292 3189 1332 necesse
3233 1273 3356 1341 estf
3386 1293 3487 1332 nec

1907 1352 2083 1429 potest
2102 1344 2483 1429 unqua‘tnﬂveri
2506 1359 2700 1429 nomen
2732 1345 2995 1429 accipere,
3036 1348 3180 1429 quod
3206 1347 3488 1429 veritatem

1911 1414 2033 1488 fuco
2075 1422 2131 1468 et
2178 1413 2786 1488 im_it:t_t.ion_e__mentiturt
2824 1413 3020 1488 {Idem
3053 1413 3171 1488 ipse
3210 1417 3264 1471 in
3299 1417 3488 1488 eodem

1910 1484 2090 1557 libro:
2146 1502 2163 1533 ι
2214 1483 2600 1557 υιηιηιθιιίςιιξ
2659 1485 2791 1540 nihil
2836 1483 3122 1542 colundufn
3162 1502 3305 1555 esse,
3345 1486 3489 1557 quod

1910 1553 2081 1609 oculis
2103 1553 2423 1608 mortalibus
2446 1555 2705 1610 cernitur.
2757 1575 2776 1607 ι

1982 1624 2333 1701 Augustinus,
2359 1624 2414 1678 in
2439 1624 2702 1694 psalmum
2732 1642 2861 1682 cxm
2889 1644 2955 1701 :__¢
2998 1626 3276 1701 Noliergo
3292 1626 3492 1682 addere

1912 1708 2110 1766 manus
2143 1695 2437 1766 hominum,
2484 1706 2638 1766 utea
2667 1711 2731 1750 eo
2759 1697 2974 1751 metallo
3003 1698 3144 1766 quod
3178 1695 3305 1751 fecit
3332 1712 3494 1752 verus

1915 1764 2077 1830 Deus,
2111 1762 2246 1819 velis
2286 1766 2464 1819 facere
2488 1760 2683 1820 falsum
2717 1768 2895 1829 deum,
2934 1760 3044 1821 imo
3084 1765 3278 1821 falsum
3313 1766 3490 1820 homi-

1915 1850 2059 1899 nem,
2102 1849 2265 1906 quem
2293 1850 2393 1906 pro
2426 1850 2556 1906 vero
2579 1837 2856 1891 venereris
2882 1836 3011 1898 Deo,
3048 1852 3208 1906 quem
3248 1836 3494 1905 quisquis

1911 1920 2013 2029 Bro
2042 1918 2170 1960 vero
2196 1905 2412 1960 homine
2454 1905 2508 1959 in
2538 1907 2831 1961 amicitiam
2874 1905 3155 1975 reciperet,
3204 1906 3488 1960 insaniret.

1959 1976 2070 2029 ucit
2091 1975 2234 2029 enim
2276 1983 2332 2029 et
2356 1974 2552 2029 affectu
2589 1978 2822 2029 quodam
2862 1976 3078 2029 inﬁrmo
3107 1976 3247 2029 ranit
3281 1975 3488 2029 inﬁrma

1959 1976 2070 2030 ucit
2091 1975 2234 2029 enim
2276 1983 2332 2045 et
2356 1974 2552 2030 affectu
2589 1978 2822 2045 quodam
2862 1974 3078 2031 inﬁrmo
3107 1976 3247 2044 rapit
3281 1975 3494 2031 inﬁrma

1913 2045 2083 2127 corda
2099 2044 2409 2101 mortalium
2452 2044 2639 2102 formae
2681 2046 2978 2102 similitudo
3029 2052 3084 2100 et
3127 2046 3492 2101 membrorum

1909 2115 2123 2173 imitata
2143 2129 2422 2184 compago.
2460 2136 2497 2171 ι,

1982 2182 2303 2256 Fulgentius,
2335 2182 2391 2256 in
2421 2184 2559 2240 libro
2587 2184 2666 2256 de
2690 2182 2822 2256 Fide
2843 2186 2911 2240 ad
2945 2185 3211 2256 Donatum
3242 2204 3254 2239 :
3297 2204 3316 2235 ι
3359 2184 3498 2251 Quia

1913 2256 2028 2325 ipse
2054 2254 2195 2310 Deus
2244 2255 2346 2325 sibi
2382 2256 2483 2311 soli
2511 2254 2827 2325 praecipiens
2861 2254 3232 2310 tantummodo
3259 2256 3499 2310 servien-

1954 2342 2063 2391 um,
2092 2341 2257 2394 seque
2284 2324 2482 2393 iubens
2514 2324 2564 2380 7a
2586 2324 2833 2380 ﬁdelibus
2876 2325 3229 2390 adorandum,
3275 2339 3499 2393 prorsus

1915 2395 2219 2462 interdixit,
2259 2411 2325 2451 ne
2355 2396 2476 2465 quis
2505 2395 2700 2450 audeat
2724 2403 3033 2465 creaturam
3055 2395 3302 2465 adorare,
3351 2410 3501 2449 crea-

1916 2474 2158 2536 turteque
2199 2463 2434 2532 servire;
2464 2472 2746 2536 propterea
2774 2464 2826 2518 in
2859 2464 2969 2536 ﬁne
3004 2465 3163 2536 primi
3192 2463 3336 2536 illius
3359 2480 3498 2534 prae-

1915 2534 2160 2607 cepti—de
2211 2534 2493 2600 omnibus}
2534 2534 2663 2607 qua:
2702 2535 2905 2607 creavit
2959 2534 3035 2607 ita
3073 2534 3329 2607 loquitur;
3345 2550 3359 2589 :
3393 2551 3499 2589 non

1915 2550 2054 2607 ceptt
2094 2550 2160 2591 ae
2211 2550 2493 2600 omnibus,
2534 2550 2654 2604 quae
2702 2550 2905 2590 creavit
2959 2550 3035 2590 tta
3073 2550 3125 2590 ιο
3165 2550 3313 2589 uitur
3345 2550 3359 2589 :
3393 2551 3499 2589 non

1914 2606 2162 2662 adorabis
2190 2623 2271 2671 ea,
2296 2623 2387 2660 nec
2410 2606 2713 2675 serviesieis.
2763 2625 2780 2656 ι
2822 2603 3019 2674 (Exod.
3050 2550 3166 2675 xx?)
3198 2635 3270 2645 —
3290 2605 3358 2658 Et
3378 2611 3501 2673 post

1913 2691 2085 2748 pauca
2114 2694 2127 2730 :
2160 2694 2179 2728 ι
2215 2676 2352 2748 Vera
2372 2676 2517 2748 enim
2539 2674 2725 2745 religio
2750 2675 2801 2729 in
2827 2675 2988 2729 unius
3016 2674 3232 2748 constat
3261 2675 3357 2730 Dei
3384 2690 3502 2748 ser-

1914 2744 2065 2802 vitio.
2108 2765 2127 2799 ι
2164 2777 2235 2786 —
2272 2745 2404 2800 Item
2458 2745 2572 2815 ipse
2613 2744 2735 2815 post
2776 2760 2990 2815 pauca:
3041 2764 3059 2796 t
3100 2745 3193 2815 Sic
3236 2744 3504 2801 veraciter

1915 2831 2084 2872 unum
2139 2816 2307 2871 Deum
2349 2813 2666 2871 cum—Patre
2712 2813 2907 2869 Filium
2953 2830 3081 2871 vera
3110 2814 3246 2871 ﬁdes
3289 2815 3500 2877 adorat,

1915 2902 2036 2958 quae
2073 2886 2151 2943 sic
2171 2886 2286 2958 Deo
2310 2886 2462 2941 novit
2486 2900 2519 2940 a
2545 2885 2811 2958 creaturis
2832 2886 3104 2958 omnibus
3133 2884 3500 2958 serviendum,

1915 2953 1977 3011 ιῖι
2002 2956 2212 3040 noverit
2232 2964 2493 3013 creatura:
2526 2971 2634 3012 non
2664 2954 2848 3011 deberi
2887 2953 3082 3011 divime
3112 2954 3391 3011 servitutis
3413 2954 3506 3009 ob-

1923 3042 2190 3096 sequium.
2219 3046 2238 3079 ι

1997 3092 2352 3168 Augustinus,
2385 3095 2442 3150 in
2483 3093 2711 3168 epistola
2756 3094 2825 3168 ad
2864 3092 3157 3168 Maximum
3187 3092 3505 3168 grammati-

1927 3184 2049 3224 cum
2086 3162 2113 3221 ἶ
2157 3185 2175 3218 ι
2219 3166 2372 3223 Scies
2413 3181 2445 3220 a
2487 3162 2811 3222 Christianis
2839 3164 3141 3229 catholicis,
3171 3162 3408 3234 quorum;
3452 3162 3509 3218 in

1926 3246 2106 3293 vestro
2140 3237 2340 3307 oppido
2370 3235 2534 3307 etiam
2564 3235 2805 3307 Ecclesia
2831 3236 3127 3307 constituta
3152 3232 3279 3307 ιδέι,Δ
3301 3232 3508 3307 nullum

1925 3308 2031 3362 coli
2059 3301 2416 3371 mortuorum,
2444 3305 2578 3375 nihil
2611 3306 2841 3375 denique
2884 3305 3099 3360 adorari
3138 3305 3283 3375 quod
3309 3303 3379 3358 sit
3422 3301 3506 3375 fa:

1926 3385 2073 3431 etum
2108 3384 2163 3431 et
2190 3377 2466 3431 conditum
2489 3373 2520 3430 ἐι
2542 3376 2673 3441 Deo,
2701 3371 2797 3431 sed
2825 3390 2991 3429 unum
3019 3371 3192 3443 ipsum
3228 3373 3395 3428 Deum
3415 3371 3509 3440 qui

1925 3446 2055 3503 fecit
2083 3455 2138 3502 et
2169 3445 2408 3502 condidit
2443 3446 2643 3500 omnia.
2680 3463 2700 3497 ι

1998 3536 2135 3591 Item
2161 3534 2496 3606 Augustinus
2526 3535 2583 3588 in
2629 3535 2769 3606 libro
2800 3534 2868 3606 de
2905 3533 3217 3606 Quantitate
3263 3530 3461 3606 animm
3488 3545 3505 3562 '

1935 3624 1954 3657 ι
1987 3606 2130 3661 Deus
2155 3601 2334 3661 autém
2380 3603 2737 3659 immortalem
2765 3604 2998 3658 animam
3031 3603 3178 3664 fecit,
3210 3610 3271 3655 ut
3293 3601 3506 3669 opinet,

1929 3677 2033 3731 nisi
2060 3676 2200 3732 forte
2238 3675 2335 3730 tibi
2361 3675 2517 3729 aliter
2540 3675 2771 3729 videtur.
2808 3672 2950 3744 Ergo
2979 3682 3036 3727 tu
3072 3672 3265 3744 velles.
3288 3710 3301 3724 .
3320 3709 3334 3725 .
3352 3710 3366 3725 .
3391 3709 3404 3723 .
3423 3709 3438 3724 .
3457 3710 3471 3724 .
3490 3709 3505 3724 .

1930 3747 2059 3802 talia
2087 3746 2208 3801 ﬁeri
2226 3745 2474 3809 dixerim,
2496 3745 2591 3799 sed
2612 3743 3064 3813 quemadmodum
3092 3744 3205 3812 ipse
3230 3743 3506 3795 immorta-

1930 3818 1997 3872 lis
2022 3816 2326 3872 immortale
2350 3813 2606 3885 quiddam
2632 3814 2760 3885 l‘ccit
2782 3814 2850 3885 ad
2885 3813 3294 3885 similitudinem
3331 3825 3506 3885 suam.

1931 3888 2012 3944 sic
2037 3895 2091 3943 et
2125 3902 2225 3944 nos
2263 3881 2596 3940 immortales
2619 3884 2747 3939 facti
2769 3900 2801 3937 a
2825 3884 2954 3947 Deo,
2996 3883 3063 3937 ad
3097 3881 3508 3937 similitudinem

1932 3966 2173 4038 nostram
2196 3956 2337 4038 quod
2364 3954 2591 4036 facimus
2611 3953 2914 4036 immortale
2942 3967 3061 4007 esse
3083 3953 3321 4038 deberet.
3346 3951 3513 4038 licetc

1933 4030 2162 4093 diceres,
2186 4020 2230 4081 si
2262 4027 2329 4081 ad
2354 4024 2469 4093 ejus
2493 4025 2780 4094 imaginem
2813 4024 3059 4093 piugeres
3088 4023 3343 4085 tabulam,
3369 4020 3514 4094 quod

1933 4100 1987 4153 in
2021 4108 2072 4153 te
2094 4091 2398 4151 immortale
2417 4110 2535 4149 esse
2560 4091 2735 4149 credis
2758 4091 3057 4149 nune'vero
3081 4094 3135 4147 in
3163 4108 3225 4147 ea
3254 4091 3515 4161 exprimis

1934 4168 2341 4226 similitudinem
2378 4166 2640 4236 corporis,
2672 4166 2816 4234 quod
2850 4164 3094 4236 profecto
3124 4162 3352 4236 mortale
3406 4168 3510 4236 est.

1935 4239 2214 4308 Quomodo
2238 4254 2368 4308 ergo
2390 4230 2721 4308 sttmisimilis
2737 4230 2988 4308 Deorum
3016 4232 3336 4308 immortalia
3367 4230 3512 4308 milia

1934 4299 2152 4381 possum
2189 4299 2369 4381 facere
2388 4306 2596 4381 utille?
2621 4305 2900 4381 Quomodo
2933 4319 3036 4360 nec
3065 4304 3242 4373 imago
3269 4299 3515 4381 corporis

1939 4371 2015 4433 tui
2056 4386 2234 4450 potest
2261 4379 2363 4450 hoc
2393 4376 2591 4450 valcre,
2631 4371 2958 4450 quod‘tuum
2988 4371 3195 4450 corpus
3230 4371 3394 4450 valet,
3430 4371 3512 4423 sic

1937 4444 2121 4503 anima
2145 4464 2253 4502 non
2291 4445 2595 4501 mirandum
2620 4444 2725 4511 est,
2752 4446 2797 4501 si
2827 4444 3125 4514 potentiam
3151 4448 3514 4514 tantam_nou

1937 4520 2118 4583 habet,
2170 4525 2430 4588 quantam
2477 4516 2568 4571 ille
2612 4518 2681 4571 ad
2714 4508 2870 4584 cujus
2912 4510 3322 4568 similitudinem
3366 4508 3512 4564 facta
3588 4569 3593 4573 ε

1935 4598 2038 4655 est,
2078 4597 2183 4644 etc.
2224 4607 2244 4640 ι

2007 4679 2065 4734 Si
2090 4679 2234 4751 enim
2256 4679 2435 4751 imago
2453 4678 2675 4733 humani
2709 4674 2951 4751 corporis
2973 4688 3072 4729 nec
3101 4680 3310 4727 tantum
3337 4670 3518 4751 vaiere

1935 4750 2211 4816 asseritur,
2260 4741 2521 4820 quantum
2566 4741 2834 4820 veraciter
2863 4746 3286 4820 ipsnm_corpus
3334 4741 3515 4820 valere

1934 4814 2295 4892 perhibetur,-
2315 4835 2421 4892 qua
2470 4833 2633 4892 causa
2661 4817 2761 4892 sibi
2793 4814 3084 4892 suffragari
3122 4827 3280 4892 ptisse
3328 4818 3520 4892 putant

1947 4882 2186 4945 nonnulli
2237 4882 2656 4959 reprehensione
2704 4885 2873 4959 digni.
2934 4882 3024 4953 qui
3069 4883 3137 4959 _i_n_
3168 4883 3258 4936 illa
3311 4882 3519 4959 synodo

1944 4960 2255 5016 Grzecorum
2282 4952 2659 5013 mediationcm
2702 4952 3014 5026 imaginum,
3038 4953 3139 5008 sibi
3160 4952 3520 5019 necessariam

1943 5046 2062 5085 esse
2090 5031 2270 5085 dicere
2297 5026 2792 5100 pncsumpserunt?

2014 5119 2363 5188 Augustinus,
2397 5116 2540 5188 libro
2585 5131 2681 5188 vin
2711 5114 2777 5188 de
2820 5113 3051 5188 initate
3073 5110 3190 5165 Dei.
3212 5129 3241 5188 ξ
3277 5107 3521 5188 Quapro-

1946 5199 2067 5258 pter
2092 5179 2285 5243 tvnerito
2316 5188 2476 5242 homo
2510 5184 2692 5258 deﬁcit
2716 5186 2785 5258 ab
2821 5184 2912 5258 illo
2938 5182 3032 5252 qui
3057 5197 3182 5236 eum
3208 5179 3354 5258 fecit,
3376 5192 3520 5258 .cum

1947 5247 2048 5315 sibi
2076 5258 2440 5329 prmlicitiipse
2462 5255 2603 5329 quod
2632 5254 2779 5309 fecit.
2803 5247 3349 5329 Demonstrat_enim
3373 5247 3521 5329 idem

1948 5317 2155 5390 Ermes,
2180 5328 2322 5390 quod
2346 5317 2599 5381 homines
2621 5324 2816 5379 mortui
2839 5322 3020 5377 (ιινίηο
3058 5320 3375 5375 colebantur
3424 5317 3521 5371 ho-

1950 5412 2102 5461 nore,
2125 5392 2269 5451 velut
2293 5394 2635 5462 1Esculapius
2669 5392 3164 5464 atqueMereurius,
3189 5404 3345 5464 qucm
3363 5402 3520 5441 suum

1949 5482 2069 5522 esse
2091 5459 2226 5521 dicit
2268 5481 2444 5526 avum,
2472 5459 2532 5519 et
2549 5459 2762 5534 reliqui:
2802 5463 2913 5519 Hac
2938 5476 3080 5515 enim
3109 5459 3395 5534 occasione
3430 5472 3511 5534 ae-I

1952 5544 2130 5606 cepta,
2164 5524 2439 5591 daemones
2478 5543 2537 5589 ut
2594 5524 2973 5606 intercessores
3010 5531 3334 5585 exsisterent
3381 5524 3519 5606 apud

1954 5597 2126 5661 bo'nos
2152 5608 2304 5671 deos,
2327 5620 2464 5675 quos
2509 5620 2608 5659 nos
2643 5604 2862 5675 angelos
2884 5609 3122 5675 sanctos,
3154 5614 3248 5675 seu
3296 5597 3497 5675 arcban

1956 5676 2126 5748 gelos,
2175 5676 2256 5731 vel
2291 5668 2598 5747 potestates
2655 5668 2901 5729 dicimus.
2935 5671 3049 5727 Tali
3098 5671 3243 5726 enim
3294 5668 3521 5729 ratione,
