4064 6290
563 231 584 286 Ι
595 229 698 286 559

1439 219 1502 276 Β.
1531 216 1782 276 CAROLI
1819 211 2033 272 MAGNI
2069 212 2220 270 OPP.
2259 211 2440 267 PARS
2477 211 2541 266 ll.
2579 209 2823 308 SJSCTIO
2857 209 2922 264 ll.

3671 212 3800 266 tam

559 333 978 396 conservandam
1005 331 1278 389 catholicae
1306 327 1428 384 ﬁdei
1454 329 1756 391 veritatem,
1787 341 2000 396 semper
2022 325 2126 380 hoc
2154 330 2201 388 Λ
2227 322 2474 396 devincta
2501 330 2646 386 sunt,
2678 321 3028 396 illud‘diaboli
3057 321 3219 376 telum
3250 322 3319 378 ab
3342 323 3538 379 eadem
3567 324 3804 382 Ecclesia

558 405 876 462 universalis
903 405 1140 460 Ecclesia
1159 443 1174 470 ,
1209 408 1472 472 praesente
1499 401 1568 454 ob
1595 397 1756 466 hujus
1782 395 2126 476 sanctitatem

557 477 702 533 sedis
732 476 1000 546 pontiﬁce,
1033 484 1124 528 aut
1151 465 1298 546 certe
1329 484 1452 524 cum
1489 465 1751 546 consensu
1781 465 1923 520 illius
1949 465 2128 546 verbis

557 547 644 603 vel
675 535 868 602 litieris
891 535 1138 615 porrecto
1161 541 1452 615 corrigere,
1475 545 1888 608 porrectumque
1911 535 1979 589 ad
2005 550 2130 588 con-

557 619 880 674 servandum
893 609 1143 668 'statuerc
1165 609 1460 667 consuevit.

630 686 803 742 Simili
831 684 990 738 modo
1013 683 1172 755 etiam
1194 689 1248 755 et
1272 681 1327 755 in
1350 679 1595 755 his,_qu:_e
1617 676 1684 755 ad
1703 674 2127 755 conservandum

559 758 617 812 in
654 755 900 811 humanis
934 753 1142 808 actibus
1171 747 1410 817 ejusdem
1451 747 1704 817 Ecclesiae
1742 747 2132 817 incontaminaf

559 827 721 882 bilem
753 833 984 895 statum,
1025 813 1366 895 moderante,
1413 833 1518 895 noii
1542 815 1788 895 qualibet
1823 813 2130 895 dolosa._v'el

561 894 848 966 sophistica
867 884 1142 966 ,Anecunon
1169 890 1366 966 duplici
1389 884 1691 966 calliditate
1709 927 1722 950 ,
1769 884 1862 966 sed
1901 884 2131 966 veritate

560 955 788 1020 subnixa
806 1003 820 1028 ,
864 955 1092 1032 Simplici
1117 955 1356 1032 ratione,
1387 959 1610 1032 ipsaque
1639 956 1991 1032 discretione,
2021 955 2132 1032 _ho-

558 1041 788 1108 aestate,
809 1025 1058 1108 utilitate,
1079 1031 1284 1102 pariter
1303 1025 1565 1083 inradiata
1585 1026 1810 1108 ratione,
1835 1025 2130 1108 nonnsolum

559 1105 719 1158 noxia
749 1093 830 1157 vel
858 1093 1098 1165 nociva,’
1109 1115 1293 1156 verum
1321 1113 1534 1168 quoque
1561 1105 1613 1168 et
1642 1095 1754 1164 ipsa
1779 1093 2049 1164 superﬂua
2075 1101 2132 1148 et

559 1188 666 1230 non
700 1173 1002 1228 necessaria
1046 1185 1292 1226 resecare
1327 1167 1633 1230 consuevit,
1673 1172 1726 1219 et
1766 1179 1862 1230 ea,
1902 1172 1961 1219 ut
1992 1179 2132 1232 prae-

559 1243 762 1300 dictum
782 1253 884 1307 est,
899 1258 1021 1313 qua:
1039 1243 1104 1296 ad
1127 1241 1352 1296 salutem
1376 1238 1538 1313 totius
1560 1235 1813 1313 Ecclesiae
1835 1236 2128 1313 pertinere,

560 1323 615 1368 et
655 1304 880 1382 insuper
911 1304 1102 1367 merito
1139 1324 1330 1382 cavere
1355 1323 1460 1382 non
1491 1307 1784 1382 debuisset,
1816 1304 2132 1360 disserendo

560 1391 614 1438 et
641 1377 940 1438 ordinando
963 1383 1174 1437 sancire
1202 1380 1358 1434 solita
1385 1377 1502 1432 fuit.
1534 1377 1602 1430 Et
1631 1378 1732 1430 hoc
1761 1391 1866 1429 non
1897 1381 2134 1428 tantum-

559 1452 722 1506 modo
737 1452 815 1525 ide
840 1468 1001 1525 causa
1031 1452 1186 1525 ﬁdei,
1220 1449 1333 1525 vel,
1362 1449 1501 1502 sicut
1531 1447 1867 1525 pncmissum
1903 1453 2017 1507 est,
2068 1443 2134 1497 de

561 1529 706 1575 statu
737 1521 954 1596 humani
984 1521 1215 1596 generis,
1245 1519 1330 1596 vel
1356 1516 1914 1596 ειη-ευίι-ρᾳὶιυ-(ξίῐρίξξ
1943 1528 2132 1596 verum

562 1606 775 1661 quoque
803 1593 868 1646 de
891 1583 1036 1645 omni
1069 1588 1481 1661 dissensionem
1515 1595 1698 1641 sancta
1737 1583 1830 1639 Dei
1871 1583 2128 1661 Ecclesia,

563 1654 892 1730 qum-pacem
922 1662 1067 1715 illam
1097 1662 1310 1730 turbare
1336 1658 1636 1730 videbatur,
1680 1669 1840 1730 quam
1879 1654 2136 1730 Dominus
2167 1667 2209 1729 Β

563 1723 818 1802 apostolis
864 1737 918 1786 et
965 1747 1060 1802 per
1101 1729 1370 1802 apostolos
1403 1727 1568 1802 nobis
1598 1723 1847 1802 omnibus
1877 1723 2134 1802 vicariam

563 1793 862 1869 praesentia:
895 1793 1004 1855 suae
1031 1793 1344 1871 dereliquit,
1383 1797 1568 1871 dicens
1593 1815 1623 1871 τι
1641 1795 1833 1871 Pacem
1868 1793 2134 1871 meaon

563 1863 733 1934 uobis,
773 1887 952 1942 pacem
980 1888 1158 1945 meum;
1178 1863 1410 1945 relinquo
1439 1866 1576 1945 robis
1605 1865 1797 1945 (Joan.
1816 1865 1948 1932 xw).
2001 1863 2136 1945 Ubi-

565 1939 782 2011 cunque
826 1958 923 2014 per
960 1941 1237 2014 quodlibet
1268 1939 1484 2014 pietatis
1523 1944 1899 2014 argumentum
1935 1939 2139 2014 pertin-

567 2005 924 2085 gere—potuit,
959 2005 1172 2085 semper
1205 2005 1364 2085 hujus
1395 2005 1765 2085 sancte—sedis
1791 2005 1986 2085 vicarii
2005 2018 2136 2072 apo-

567 2077 825 2158 stolorum
851 2077 1094 2158 quaedam
1121 2077 1420 2158 mulcendo,
1440 2077 1682 2158 quaedam
1708 2089 1852 2158 veno,
1954 2077 2026 2158 ita
2054 2088 2138 2158 res

565 2145 912 2220 poposcisset,
939 2151 1152 2226 sublimi
1183 2167 1248 2206 ac
1277 2145 1579 2226 veneranda
1610 2146 2033 2226 auctoriiate,_ut
2061 2145 2140 2226 di-

568 2215 730 2290 ‘gn'um
759 2229 895 2284 crat,
928 2221 1168 2276 docendo
1195 2222 1504 2290 pariterque
1530 2215 1868 2287 prmdicando
1895 2215 1964 2270 ad
1991 2215 2141 2285 pacis

567 2291 908 2346 concordiam
938 2306 1192 2345 revocare
1219 2291 1443 2344 studuit.

637 2361 873 2426 Quorum
904 2362 1104 2426 vicem,
1136 2361 1534 2431 qualescunque
1559 2358 1752 2431 simus,
1782 2354 2139 2431 ministerium

571 2437 750 2508 tamen
787 2432 1107 2508 auctoritate
1151 2426 1477 2508 subeuntes:2
1527 2427 1790 2508 charitate
1836 2426 2044 2508 pariter
2085 2433 2142 2479 et

569 2501 756 2554 eadem
786 2502 1103 2555 auctoritate
1151 2501 1384 2556 roborati
1427 2497 1814 2554 dissensionem
1845 2496 1988 2548 illam
2018 2511 2140 2564 qua:

569 2570 707 2642 infra
727 2569 910 2642 [inter]
927 2573 1094 2642 ipsam
1114 2586 1325 2642 semper
1348 2571 1455 2623 Deo
1474 2568 1755 2642 amabilem
1767 2566 2142 2642 _Romanor_um

569 2635 986 2709 Graecorumque
1029 2635 1324 2696 Ecclesium
1372 2648 1614 2693 exortam
1663 2637 1850 2709 durius
1897 2635 2143 2709 eamdem

572 2710 868 2765 Ecclesium
899 2706 1058 2780 quam
1103 2712 1263 2765 saluti
1311 2711 1454 2764 illius
1497 2709 1606 2763 ullo
1653 2707 1811 2761 modo
1857 2706 2144 2780 convenire

569 2780 766 2849 possit,
801 2777 1145 2857 scindentem
1187 2782 1440 2835 diuturno
1487 2787 1725 2857 tempore
1764 2777 2138 2857 cognovimus,

573 2865 680 2904 non
714 2849 970 2904 audemus
1001 2853 1300 2915 declinare;
1341 2860 1400 2905 ut
1428 2867 1533 2904 non
1562 2849 1704 2902 illam
1733 2863 1799 2902 ex
1826 2849 2144 2902 auctoritate

573 2927 849 2974 tantorum
899 2921 1262 2990 apostolorum
1313 2921 1378 2974 ad
1429 2921 1578 2990 pacis
1621 2917 1963 2990 concordiam
2015 2915 2144 2986 ipsis

2228 393 2537 462 dissipetur,
2567 400 2627 445 ut
2659 407 2765 461 pax
2796 392 2916 455 Dei,
2953 406 3072 461 quae
3109 402 3397 461 exsuperat
3425 409 3652 448 omnem
3689 413 3806 452 sea-

2225 478 2366 525 sum,
2393 463 2449 532 in
2475 463 2662 516 eadem
2687 463 2844 516 beata
2870 462 3022 532 plebe
3047 463 3280 532 plcniter
3304 464 3652 518 restituatur.

2305 531 2673 588 Vociferantur
2695 532 2838 586 enim
2866 531 2918 586 in
2947 531 3144 587 cmlum
3171 548 3277 586 uno
3300 548 3399 586 ore
3425 544 3482 588 et
3511 550 3623 590 uno
3651 538 3810 591 corde

2225 602 2610 671 omnipotentis
2651 601 2744 656 Dei
2786 601 3050 671 judicium
3099 602 3486 658 iuevitabiliter
3529 605 3696 660 nobis
3731 606 3810 660 in-

2227 674 2500 734 cumbere,
2532 673 2576 725 si
2605 674 2922 726 auctoritate
2951 687 3283 726 summorum
3309 674 3363 727 in
3396 683 3515 730 toto
3544 677 3684 731 orbe
3713 685 3814 730 ter-

2229 757 2408 796 rarum
2461 743 2822 812 apostolorum
2876 743 3415 812 quorumidoctriuis
3467 752 3528 798 et
3583 747 3812 801 oonsilio

2229 811 2512 866 universus
2549 811 2780 866 ﬂectitur
2807 812 3070 875 mundus,
3110 811 3439 868 discordiam
3466 825 3714 869 vestram
3748 817 3812 871 ad

2227 897 2412 936 veram
2444 883 2784 938 concordiam
2830 896 2934 936 non
2975 891 3248 936 certamus
3281 883 3568 939 reducere.
3621 885 3815 940 Dicunt

2227 952 2412 1014 etiam,
2435 952 2563 1022 quid
2589 951 2761 1022 acturi
2778 959 2939 1022 erant
2962 951 3028 1006 de
3054 961 3164 1006 tam
3189 953 3460 1022 prmcipuo
3485 970 3683 1009 coram
3709 955 3816 1009 Deo

2229 1023 2428 1076 amisso
2457 1021 2668 1084 solatio,
2699 1021 2910 1102 siillos,
2939 1036 3075 1101 quos
3087 1032 3224 1146 tPost
3253 1021 3414 1094 hujus
3441 1034 3654 1080 sanctae
3679 1025 3817 1082 sedis

2230 1091 2615 1146 immutabilem
2651 1090 2926 1146 tuitionem
2945 1132 2960 1146 .
2990 1091 3082 1146 Illu
3155 1093 3208 1146 in
3241 1100 3348 1146 tam
3375 1095 3660 1146 pruinae
3690 1095 3817 1146 cha-

2230 1090 2926 1164 imniutabilemtuitionem
2945 1089 3124 1156 {illud
3155 1089 3348 1164 initam
3375 1095 3660 1164 praecipue
3690 1095 3817 1148 cha-

2231 1161 2460 1216 rissimis
2487 1162 2740 1216 fratribus
2765 1161 3013 1218 solatium
3035 1161 3394 1286 Iperdiderint:
3430 1165 3532 1246 qui
3553 1161 3742 1218 simile
3767 1167 3818 1218 iu

2231 1233 2479 1286 universa
2518 1232 2754 1286 Ecclesia
2793 1230 2998 1286 nullum
3073 1224 3349 1286 abebunt?
3401 1233 3460 1286 Si
3503 1234 3658 1286 enim
3698 1251 3816 1286 uim

2231 1233 2479 1286 universa
2518 1232 2754 1286 Ecclesia
2793 1230 2998 1286 nullum
3035 1224 3349 1286 habebunt?
3383 1224 3466 1288 Si
3503 1234 3658 1288 enim
3698 1251 3816 1288 cum

2231 1301 2338 1356 illis
2372 1316 2554 1358 veram
2591 1301 2754 1356 ﬁdem
2774 1342 2789 1367 ,
2841 1302 3213 1370 integrumque
3243 1303 3532 1358 charitatis
3562 1304 3812 1359 ardorem

2231 1385 2340 1428 non
2377 1372 2741 1436 servaverint,
2789 1371 2916 1441 quid
2958 1372 3011 1425 in
3042 1371 3247 1440 judicio
3281 1372 3498 1428 Domini
3541 1381 3694 1427 tanta
3733 1390 3819 1428 ne-

2231 1441 2402 1512 glecta
2453 1440 2845 1512 charitate'et
2877 1440 2930 1494 in
2976 1442 3193 1497 nomine
3245 1441 3460 1512 Domini
3515 1443 3820 1498 certissime

2233 1511 2913 1582 Conﬁrmata,neglexerint
2937 1511 2968 1582 ii
3008 1513 3114 1582 Sed
3151 1527 3251 1566 nos
3283 1511 3564 1572 diuturnae
3609 1513 3817 1568 lcetioni

2234 1590 2520 1652 vestroque
2543 1580 2761 1654 fastigio
2776 1580 3034 1654 [fastidio]
3061 1583 3116 1639 in
3141 1582 3364 1654 legendo
3389 1595 3710 1652 parcentes,
3737 1585 3821 1637 ubi

2239 1659 2387 1724 tanta
2408 1655 2480 1724 ab
2509 1653 2590 1708 eis
2617 1652 2878 1724 charitate
2903 1663 3152 1724 urgente,
3173 1652 3239 1705 de
3266 1653 3376 1724 Deo
3403 1654 3612 1724 placita
3633 1663 3813 1707 mutua

2241 1722 2528 1778 dilectione
2557 1733 2768 1787 vestra,
2809 1722 3098 1793 plorando,
3139 1721 3248 1793 imo
3279 1721 3511 1792 lugendo
3544 1725 3822 1793 conquesti

2240 1799 2396 1853 sunt,
2425 1808 2545 1862 qua:
2575 1793 2630 1848 in
2659 1808 2822 1846 unum
2854 1791 3029 1862 colligi
3058 1792 3271 1848 diﬁicile
3301 1791 3556 1862 pessum,
3590 1791 3823 1855 omissis.

2241 1862 2308 1934 ad
2341 1864 2582 1917 eamdem
2621 1863 2814 1917 seriem
2843 1862 3192 1934 detexendam
3212 1903 3226 1928 ,
3269 1881 3434 1934 quam
3466 1865 3579 1934 ipsi
3607 1865 3678 1934 de
3703 1865 3825 1918 ima-

2279 1933 2424 2012 i_uum
2473 1933 2739 2012 reddenda
2781 1933 2990 1996 ratione
3031 1933 3463 2004 spoponderant,
3488 1933 3826 1990 redeamus.

2291 2003 2406 2056 iunt
2438 2003 2582 2057 enim
2609 2021 2622 2056 :

2311 2071 2540 2128 Oramus
2568 2087 2715 2144 ergo,
2745 2072 3082 2128 sanctissime
3106 2081 3266 2142 atque
3291 2073 3618 2130 beatissime
3651 2075 3828 2143 ponti-

2242 2140 2359 2206 fex,
2392 2153 2447 2197 ut
2479 2140 2998 2214 nobis—antiquorum
3025 2140 3241 2214 patrum
3268 2153 3590 2200 nostrorum
3631 2140 3738 2200 hac
3769 2147 3832 2200 de

2241 2227 2404 2267 causa
2436 2213 2813 2284 vitaecursum
2861 2214 3086 2268 recitare
3126 2213 3316 2280 liceat,
3357 2214 3639 2284 simulque
3679 2223 3833 2284 prout

2243 2284 2469 2340 rationis
2495 2283 2627 2339 ordo
2653 2284 2982 2353 poposcerit,
3021 2300 3213 2340 sensus
3237 2285 3322 2342 sui
3353 2283 3617 2340 affectum
3647 2283 3705 2339 in
3733 2285 3831 2340 hac

2244 2353 2504 2408 duntaxat
2541 2371 2632 2418 re,
2675 2371 2770 2408 cur
2795 2353 2870 2408 ita
2898 2355 2979 2408 vel
3015 2356 3088 2410 ita
3130 2357 3402 2409 tenuerint
3449 2355 3830 2410 iutersercndo

2243 2423 2552 2494 adjungere.
2584 2424 2692 2478 Nec
2718 2425 2870 2480 vobis
2899 2425 3111 2479 taedium
3141 2424 3250 2490 ﬁat,
3277 2427 3321 2480 si
3348 2426 3419 2480 ad
3441 2427 3836 2481 ostendendam

2244 2496 2505 2566 rationem
2537 2495 2806 2557 veritatis,
2837 2495 3224 2566 veritatemque
3255 2497 3484 2550 rationis
3513 2511 3641 2551 sese
3681 2495 3842 2566 paulo

2245 2564 2453 2647 longius
2483 2581 2661 2647 sermo
2683 2567 3031 2647 protraxerit,
3063 2564 3352 2647 dummodo
3389 2566 3537 2622 linea
3559 2564 3835 2647 feri—tatis.

2245 2635 2364 2758 alia}
2393 2637 2461 2690 ab
2489 2635 2726 2710 antiquis
2762 2635 3004 2708 patribus
3045 2637 3246 2691 nostris
3287 2653 3460 2706 usque
3503 2639 3578 2692 ad
3615 2654 3719 2692 nos
3759 2639 3840 2692 in-

2285 2706 2550 2758 cxibiliter
2577 2707 2735 2758 ducta
2783 2714 2864 2758 est
2903 2707 3060 2758 beato
3089 2707 3342 2758 Dionvsio
3379 2707 3625 2758 scilicet.
3670 2708 3767 2758 aui
3809 2723 3840 2758 a

2285 2706 2550 2778 cxibilitcr
2577 2706 2735 2762 ducta
2767 2706 2864 2760 est
2903 2707 3060 2778 beato
3089 2707 3342 2778 Dionysio
3379 2707 3625 2770 scilicet,
3670 2708 3767 2778 qui
3809 2723 3842 2761 a

2247 2783 2434 2832 sancto
2466 2776 2740 2848 Clemente
2783 2777 2926 2832 beati
2971 2777 3119 2832 Petri
3163 2776 3389 2848 apostoli
3435 2779 3491 2832 in
3523 2776 3840 2848 apestolatu

2246 2847 2453 2916 primus
2480 2845 2596 2914 ejus
2627 2862 2906 2902 successor
2933 2847 3170 2905 exstitit.
3196 2845 3270 2902 'in
3298 2848 3502 2904 Gallias
3546 2845 3676 2903 cum
3707 2849 3842 2903 duo-

2249 2917 2471 2988 denario
2499 2931 2722 2972 numero
2752 2919 2957 2988 primus
2985 2917 3305 2986 praedicator
3333 2920 3599 2984 directus,
3627 2927 3687 2972 et
3717 2927 3839 2988 post

575 2987 1081 3078 mediantibusnon‘
1103 2992 1408 3074 debeamus
1431 2987 1711 3078 atlvo‘care.
1758 2987 1990 3070 illuxime
2017 3001 2146 3040 vero
2170 3011 2219 3078 ο
2251 2987 2730 3078 οιίίιιξράνῐρῐῃριιδ
2756 2987 2879 3070 una
2927 3003 3048 3078 cuin
3093 2989 3256 3045 sociis
3294 2989 3567 3078 suisrhuc
3603 2987 3838 3070 iilucque

577 3061 631 3114 in
662 3075 726 3130 eo
761 3061 901 3127 quod
932 3059 1170 3130 ejusdem
1202 3062 1516 3114 miserrimae
1545 3059 1808 3130 dissensio
1840 3073 1903 3112 ea
1938 3057 2147 3130 si_t‘ma-

577 3129 734 3194 teria,
763 3131 877 3182 sine
902 3127 1027 3199 qua,
1053 3132 1192 3186 sicut
1217 3131 1402 3184 multis
1423 3131 1652 3187 videtur.
1679 3128 1826 3182 salva
1852 3142 1948 3195 per
1968 3127 2144 3199 fidem,

579 3212 756 3267 spem,
791 3205 844 3252 et
870 3197 1188 3256 cliaritatem
1227 3201 1600 3255 incunctanter
1630 3207 1682 3252 ct
1713 3199 1764 3250 iu
1797 3199 1900 3252 hoc
1933 3197 2148 3262 szcculo,

576 3275 631 3324 et
664 3269 717 3323 in
749 3268 929 3324 futuro
958 3271 1152 3326 salvari
1181 3278 1357 3340 potest
1386 3269 1645 3340 Ecclesia.
1690 3268 1941 3340 Quorum;
1959 3282 2152 3340 sensus

565 3347 632 3410 et
669 3341 933 3394 sententia
963 3342 1086 3396 talis
1121 3336 1223 3395 esi.
1259 3359 1275 3390 ι
1305 3338 1448 3408 Quid
1477 3339 1618 3401 ﬁdei,
1653 3337 1794 3410 spei,
1817 3345 1871 3392 ct
1897 3336 2151 3392 cbaritati

577 3409 768 3482 obesse
804 3411 1089 3482 potuisset,
1123 3413 1167 3467 si
1197 3413 1372 3482 imago
1400 3411 1545 3482 nulla
1579 3417 1690 3463 toto
1719 3409 1850 3462 orbe
1870 3415 2152 3482 terrarum

577 3478 720 3548 picta
765 3476 845 3533 vel
895 3480 1018 3535 ﬁcta
1068 3476 1348 3537 fuisset?»
1403 3481 1470 3535 Et
1515 3493 1824 3549 quanquam
1869 3479 2010 3532 idem
2047 3476 2153 3549 lilii

579 3547 782 3614 nostri,
827 3553 917 3618 qui
948 3551 1062 3606 hmo
1089 3553 1303 3616 dicunt,
1349 3547 1738 3618 rationabiliter
1774 3563 1831 3602 se
1870 3547 2155 3618 ostendere

579 3629 738 3686 posse
776 3616 1078 3693 nullatenus
1115 3617 1754 3693 dubitat[dubitabant]_,
1803 3617 1994 3693 melius
2027 3616 2156 3670 illud

581 3701 856 3757 nunquam
885 3689 1081 3754 fuisse,
1121 3691 1238 3744 sine
1266 3688 1418 3758 cujus
1446 3689 1591 3745 cultu
1619 3688 1852 3758 perfecta
1891 3688 1998 3758 ﬁde
2027 3701 2152 3757 spe,

580 3766 636 3812 et
661 3758 924 3813 charitate
951 3760 1268 3815 universalis
1295 3757 1479 3815 saifcta
1505 3759 1597 3815 Dei
1624 3757 1864 3814 Ecclesia
1887 3757 2030 3812 salva
2064 3771 2158 3826 po-

582 3828 773 3900 tuisset
801 3830 1125 3900 consistere,
1160 3847 1317 3900 quam
1355 3831 1452 3886 sub
1480 3831 1581 3900 hac
1610 3829 1894 3900 occasione
1923 3828 2158 3900 nondu-

583 3897 750 3961 bimu,
777 3899 870 3953 sed
895 3897 1256 3955 certissimum
1283 3901 1410 3954 illud
1437 3899 1634 3954 malum
1662 3898 1942 3953 discordia:
1965 3897 2160 3952 debere

583 3966 884 4038 incurrere,
935 3971 1077 4038 quod
1123 3971 1224 4025 nisi
1262 3979 1565 4026 correctum
1611 3967 2160 4038 fuerit,rnullatenus

585 4035 850 4114 cunrhac
890 4035 1226 4114 dissensione
1275 4042 1342 4094 ad
1391 4040 1717 4114 Domin_um,_
1751 4037 1844 4106 qui
1889 4045 1972 4092 cst
2015 4053 2158 4106 pax,

585 4107 826 4177 omnium
863 4107 967 4160 sibi
1003 4109 1254 4174 placitam
1288 4123 1474 4177 pacem
1504 4107 1812 4161 habentium
1833 4147 1847 4168 ,
1889 4122 2162 4174 nunquam

587 4174 640 4246 in
672 4185 928 4246 perpetuo
955 4191 1113 4245 posse
1139 4174 1462 4246 pertingere.
1494 4177 1562 4230 Et
1589 4177 1834 4246 quamvis
1863 4177 2072 4230 devotio
2103 4177 2165 4230 il-

586 4243 761 4316 lorum
801 4245 904 4301 hoc
938 4243 1246 4301 constanter
1272 4243 1534 4316 postulet,
1577 4243 1638 4300 u't
1676 4247 1754 4300 eis
1797 4247 2164 4301 ratiocinando

588 4313 819 4386 qualiter
841 4317 908 4370 de
937 4317 1066 4386 ipsis
1091 4313 1414 4386 imaginibus
1441 4317 1668 4372 discreto
1695 4325 1750 4370 ct
1776 4318 2164 4372 rationamliter

589 4384 851 4457 sentiant,
882 4384 1069 4457 postea
1096 4384 1361 4443 disserere
1402 4387 1579 4442 liceat.
1629 4386 1782 4454 Quod
1819 4389 1865 4442 si
1893 4397 1976 4442 est
2001 4428 2016 4452 ,
2065 4388 2160 4457 qui

589 4453 861 4522 suscipere
886 4453 1037 4524 justo
1064 4458 1430 4512 moderamine
1458 4457 1586 4511 velit
1630 4453 1842 4513 salubre
1872 4459 2018 4512 omni
2066 4453 2162 4512 lio-

589 4524 723 4597 mini
759 4539 878 4597 esse
909 4542 1012 4582 non
1042 4528 1286 4585 dubitant
1309 4568 1321 4590 ,
1375 4528 1442 4581 ad
1487 4529 1944 4597 comparationem
1981 4537 2159 4582 tamen

590 4594 724 4647 tanti
749 4595 872 4649 mali
887 4597 1137 4667 eamdem
1163 4597 1454 4667 imaginum
1473 4594 1688 4660 causam
1707 4610 1810 4664 pro
1831 4597 1996 4652 nihilo
2018 4613 2162 4652 com-

591 4671 833 4736 putant,
852 4666 898 4720 si
926 4681 1030 4736 pax
1060 4667 1150 4721 illa
1169 4707 1182 4732 ,
1214 4666 1332 4736 qute
1361 4667 1428 4721 ad
1451 4674 1708 4736 icternam
1735 4668 1929 4732 vitam,
1959 4668 2051 4736 qui
2079 4676 2162 4721 est

592 4735 698 4793 via,
727 4735 946 4801 veritas,
977 4745 1031 4791 et
1053 4738 1184 4799 vita,
1214 4735 1380 4796 ducit,
1412 4735 1480 4789 ad
1505 4736 1749 4790 eamdem
1771 4738 1934 4803 viam,
1967 4735 2163 4791 verita-

594 4811 808 4874 temque
833 4806 1088 4874 perducta
1115 4821 1220 4860 non
1248 4807 1428 4860 fuerit.

666 4873 732 4926 Et
763 4876 962 4930 idcirco
987 4884 1212 4930 etractus
1242 4878 1441 4931 chorus
1465 4875 1804 4930 sacerdotum
1839 4891 1938 4930 nec
1973 4889 2077 4928 non
2109 4883 2164 4930 ct

594 4945 771 4998 ornnis
798 4954 1012 4998 senatus
1042 4947 1206 4999 totius
1235 4945 1408 5014 gentis
1436 4961 1528 5000 seu
1560 4945 1778 5014 imperii
1806 4944 2127 4998 Francorum
2145 4987 2160 5008 ,

595 5023 650 5067 et
680 5015 929 5069 universa
964 5015 1198 5068 Ecclesia
1226 5013 1323 5082 per
1349 5023 1514 5070 totam
1542 5013 1770 5068 Galliam
1800 5029 1921 5068 cum
1955 5015 2164 5070 caeteris

593 5083 885 5154 provinciis
911 5083 1086 5154 eidem
1127 5085 1310 5154 aiDeo
1352 5083 1718 5154 conservando
1765 5083 1988 5154 imperio
2037 5084 2164 5138 sub-

597 5151 744 5217 ditis,
774 5153 954 5206 audita
979 5151 1120 5206 fama
1149 5153 1385 5208 delendae
1411 5153 1760 5208 dissensionis
1785 5151 2013 5206 fratrum
2039 5168 2165 5208 suo-

598 5237 718 5274 rum
745 5259 758 5286 ,
807 5222 1234 5294 irrevocabiliter
1261 5224 1566 5294 postulant,
1594 5221 1847 5294 Aut_prius
1878 5236 1974 5290 per
2007 5223 2164 5278 istius

598 5298 798 5362 sancta:
825 5292 969 5347 sedis
997 5308 1026 5346 a
1057 5293 1165 5348 Deo
1193 5291 1564 5348 conservatam
1593 5292 1647 5344 in
1673 5291 1963 5360 futuroque
1995 5308 2166 5362 usque

602 5360 656 5412 in
678 5358 1066 5434 tinemsmculi,
1089 5363 1228 5418 sicut
1249 5363 1350 5434 ipsi
1375 5362 1755 5434 indubitanter,
1783 5369 1836 5414 et
1861 5358 1959 5416 nos
1979 5358 2164 5434 omnes

597 5441 696 5499 per
723 5431 912 5502 merita
951 5431 1313 5502 apostolorum
1351 5431 1702 5496 conﬁdimus,
1743 5433 2164 5502 conservandam

601 5498 1000 5570 auctoritatem,
1030 5502 1158 5557 illud
1189 5516 1528 5570 summopere
1555 5515 1794 5570 quaerere
1831 5501 2160 5564 festinemus,

602 5573 663 5622 ut
702 5568 824 5636 quia
869 5581 1086 5626 auctore
1129 5573 1266 5633 Deo,
1313 5568 1428 5626 lucc
1463 5568 1763 5642 duo—regna
1797 5572 1852 5627 in
1891 5579 2002 5626 toto
2035 5573 2165 5627 orbe

605 5647 869 5695 terrarum
890 5642 1203 5711 principalia
1227 5651 1408 5697 mutua
1431 5641 1532 5697 sibi
1555 5641 1876 5712 Deoiplacita
1902 5641 2163 5699 charitate

2251 3057 2648 3128 praedicationis
2674 3059 2845 3128 gratia
2873 3073 2968 3126 per
2989 3057 3127 3112 idem
3159 3074 3379 3128 regnum
3405 3059 3671 3128 disnersis
3698 3057 3842 3113 mar-

2255 3127 2394 3198 tyrio
2425 3127 2716 3183 coronatus
2743 3137 2844 3182 est.
2895 3127 2958 3182 Et
2984 3127 3287 3198 quanquam
3318 3127 3504 3198 plures
3530 3130 3836 3194 exsistant,

2253 3197 2468 3270 quidam
2495 3209 2779 3270 martyres,
2801 3197 3019 3270 quidam
3037 3197 3200 3270 eiiam
3219 3197 3582 3265 conl'essores,
3603 3217 3842 3270 quorum

2253 3268 2476 3340 merita,
2508 3269 2685 3338 qualia
2712 3269 2854 3340 apud
2882 3268 3046 3322 Deum
3077 3269 3393 3332 habeantur,
3421 3268 3680 3340 quamvis
3709 3286 3844 3337 quo—

2257 3339 2474 3410 tidianis
2502 3338 2776 3393 miraculis
2797 3346 3099 3410 corusccnt,
3121 3340 3246 3410 quia
3270 3338 3456 3394 tamen
3477 3352 3706 3410 propter
3733 3342 3842 3395 lou-

2253 3408 2549 3478 gitudinem
2600 3418 2869 3464 terrarum
2919 3409 3072 3463 vobis
3122 3409 3300 3466 minus
3350 3408 3555 3478 cogam
3583 3408 3842 3466 fortasse

2255 3479 2521 3534 exsistunt
2550 3479 2890 3542 intermissis,
2919 3487 3162 3534 Sanctum
3191 3487 3370 3535 tamen
3398 3479 3670 3536 Hilarium
3699 3483 3844 3536 anti-

2255 3565 2418 3618 quum
2449 3549 2874 3605 ecclesiasticum
2902 3549 3176 3604 doctorem
3196 3590 3209 3612 ,
3252 3566 3352 3605 nec
3391 3567 3498 3605 non
3531 3560 3591 3606 et
3621 3554 3842 3606 beata

2256 3619 2544 3674 Martinam
2585 3628 2697 3675 toto
2734 3621 2865 3674 orbe
2897 3620 3292 3683 venerandum,
3332 3620 3485 3675 vobis
3517 3623 3844 3677 notissimos

2255 3704 2374 3744 esse
2427 3691 2646 3744 minime
2695 3689 3032 3754 dubitantes,
3093 3689 3160 3744 ad
3208 3691 3525 3745 memoriam
3579 3693 3846 3748 reducere

2257 3759 2642 3832 necessarium
2668 3761 3030 3832 :cstimamus,
3077 3774 3302 3828 quorum
3348 3761 3475 3832 vita:
3519 3763 3844 3832 magisterio

2257 3830 2452 3904 edocti,
2487 3831 2602 3886 hzcc
2631 3830 2705 3904 ita
2735 3829 2962 3904 tenenda
2991 3839 3151 3904 atque
3179 3831 3442 3894 servanda
3473 3829 3840 3904 suscepimus.

2260 3899 2366 3953 Sed
2395 3903 2520 3968 quia
2554 3900 2694 3981 apud
2719 3915 2818 3956 nos
2844 3899 2926 3981 vel
2956 3897 3189 3981 majores
3211 3910 3456 3965 nostros,
3493 3918 3563 3957 ex
3593 3897 3705 3981 quo
3735 3902 3842 3981 ulla

2259 3985 2497 4040 prmsens
2539 3969 2679 4026 actas"
2711 3969 2986 4041 recordari
3022 3979 3226 4041 potest,
3269 3987 3544 4041 nunquam
3573 3969 3844 4040 ejusmodi

2261 4041 2486 4109 quaestio
2512 4049 2655 4096 mota
2677 4041 2759 4096 vel
2781 4039 3182 4111 rvcntilatafuit,
3212 4041 3330 4096 ideo
3357 4039 3575 4111 semper
3598 4039 3729 4096 talis
3751 4056 3842 4096 ex-

2264 4111 2386 4166 inde
2417 4125 2531 4165 mos
2557 4127 2619 4166 ex
2649 4109 2919 4180 przedictis
2945 4109 3180 4180 antiquis
3208 4109 3542 4167 temporibus
3570 4121 3838 4176 retentus.

2265 4182 2317 4237 in
2349 4180 2600 4234 universa
2629 4177 2784 4235 istius
2813 4180 2959 4246 regni
2995 4177 3233 4236 Ecclesia
3262 4181 3502 4247 exstitit,
3549 4192 3612 4236 ut
3642 4183 3838 4247 nullus,

2265 4267 2326 4306 ac
2353 4250 2396 4304 si
2423 4264 2492 4304 ex
2516 4251 2837 4304 auctoritate
2861 4249 3096 4318 ejusdem
3125 4260 3325 4306 sancta:
3349 4251 3446 4306 Dei
3474 4251 3738 4308 Ecclesia
3757 4252 3841 4320 ju-

2266 4322 2418 4392 berct
2440 4360 2453 4380 ,
2507 4319 3022 4392 nulluscuicunque
3050 4320 3356 4392 imaginem
3386 4321 3591 4392 volenti
3621 4319 3842 4392 pingere

2259 4399 2358 4445 aut
2379 4390 2576 4460 ﬁngere
2597 4390 2922 4462 prohiberet.
2946 4389 3098 4445 Unde
3120 4389 3286 4462 usque
3307 4391 3466 4446 hodie
3488 4389 3682 4446 eadem
3703 4389 3839 4462 apud

2264 4475 2362 4514 nos
2389 4460 2718 4515 consuetudo
2747 4466 2976 4529 tenetur,
3001 4465 3061 4513 ut
3085 4460 3209 4529 quia
3239 4462 3339 4514 hoc
3366 4463 3673 4517 auctoritas
3699 4460 3839 4517 nulla

2256 4529 2438 4600 jubet,
2489 4545 2644 4585 nemo
2681 4529 2896 4598 jubcat,
2920 4528 3181 4600 similiter
3206 4531 3331 4600 quia
3359 4532 3668 4587 auctoritas
3695 4532 3838 4586 nulla

2263 4598 2538 4672 prohibet,
2583 4615 2741 4672 nemo
2777 4598 3080 4672 prohibeat.
3131 4598 3265 4668 Quia
3294 4613 3422 4654 vero
3455 4610 3685 4672 propter
3711 4617 3840 4672 pra-

2265 4669 2482 4740 missam
2500 4669 2777 4740 irationem
2813 4669 2970 4723 aliter
2997 4684 3116 4724 esse
3145 4686 3250 4725 non
3279 4669 3500 4740 potest}
3551 4669 3661 4726 nisi
3708 4669 3838 4726 ratio

2263 4737 2386 4793 inde
2429 4739 2706 4802 habeatur,
2753 4736 2981 4792 fortasse
3009 4741 3196 4794 eadem
3234 4736 3371 4794 raaio
3407 4742 3517 4796 tale
3558 4742 3836 4797 exordium

2264 4825 2370 4881 non
2411 4809 2844 4881 inconvenientcr
2879 4809 3082 4881 habere
3102 4809 3319 4879 poterit.
3371 4809 3432 4881 Si
3469 4811 3642 4881 igitur
3671 4813 3838 4881 imago

2265 4878 2318 4932 in
2361 4887 2474 4932 toto
2503 4879 2632 4932 orbe
2673 4887 2936 4932 terrarum
2976 4878 3120 4932 nulla
3165 4881 3306 4947 picta
3349 4879 3436 4934 vel
3483 4878 3612 4936 ﬁcta
3661 4878 3833 4938 esset.

2264 4947 2504 5016 nunquid
2534 4947 2733 5016 aliquid
2763 4947 2914 5014 ﬁdei,
2944 4949 3086 5017 spei,
3118 4949 3204 5003 vel
3231 4950 3485 5004 cbaritati
3513 4961 3720 5006 sancta:
3747 4951 3836 5006 Dei

2263 5017 2518 5102 Ecclesia:
2553 5018 2806 5102 obesset!
2854 5018 3058 5098 liilrsus
3093 5020 3137 5073 si
3171 5020 3296 5102 ita,
3332 5028 3390 5074 ut
3433 5019 3488 5100 in
3517 5021 3833 5102 quibusdam

2264 5086 2396 5172 locis
2425 5088 2654 5172 maxime
2684 5085 2941 5172 Ecclesiis
2983 5103 3078 5172 seu
3113 5088 3331 5172 palatiis
3363 5085 3722 5172 principum,
3771 5090 3834 5148 ὠ

2264 5157 2468 5230 nuilum
2499 5157 2660 5211 alium
2690 5156 3134 5230 catho‘licazhﬁdei
3170 5174 3266 5214 seu
3303 5156 3586 5230 religionis
3613 5161 3832 5221 cultum,

2265 5226 2358 5280 sed
2389 5229 2758 5280 tantummodo
2785 5227 3078 5300 scientibus
3121 5244 3221 5300 pro
3247 5226 3450 5285 amoris
3474 5231 3552 5300 pii
3583 5229 3832 5286 memoria

2265 5310 2360 5350 seu
2408 5306 2726 5366 ornamento
2775 5296 3085 5351 eorumdem
3122 5296 3416 5366 locorum;
3474 5296 3834 5356 nescientibus

2263 5379 2393 5451 vero
2432 5379 2534 5451 pro
2566 5365 2822 5451 ejusdem_
2847 5367 3062 5447 pietatis
3097 5368 3347 5451 doctrina
3383 5369 3548 5451 picta:
3581 5371 3669 5424 vel
3707 5369 3836 5424 ficta

2265 5441 2424 5509 s_unt_,
2446 5436 2550 5509 __i_ta
2595 5450 2692 5509 per
2727 5435 2934 5509 reliqua
2961 5435 3199 5505 ejusdem
3236 5435 3568 5508 imaginibus
3607 5453 3832 5509 congrua

2265 5504 2538 5580 domicilia
2581 5505 2650 5560 ad
2690 5504 2938 5580 eumdem
2965 5504 3191 5580 sensum
3207 5504 3544 5580 pel-timentes
3572 5504 3742 5580 pictai
3756 5507 3831 5561 vel

2267 5574 2406 5628 ficta:
2447 5581 2664 5639 essent,
2712 5575 2840 5644 quid
2880 5575 3120 5645 prazfatis
3147 5574 3439 5634 virtuti-bus
3467 5574 3706 5645 unquam
3733 5585 3829 5637 aut

2269 5658 2492 5714 usquam
2519 5645 2706 5701 obesse
2729 5645 3026 5712 potuisset?
3057 5647 3124 5703 Et
3149 5647 3267 5704 ideo
3291 5647 3418 5714 quia
3445 5664 3535 5706 res
3553 5645 3636 5708 ita
3665 5665 3722 5707 se
3744 5649 3822 5704 ha-
