4064 6290
248 252 391 309 1549

1712 247 2037 304 CARMlNA.

3350 257 3487 316 L350

247 380 309 424 nt
336 365 639 437 negotium,
682 363 748 419 de
787 363 1127 437 quo_agitu_r,
1158 363 1531 437 admonerem
1561 376 1722 432 quam
1747 363 1813 418 ad
1842 372 1889 428 Α
1917 360 2206 437 sponderit,
2226 369 2353 437 tunc
2378 364 2638 437 volumus,
2673 373 2729 419 ut
2749 368 2848 421 sub
2869 367 3015 422 omni
3045 366 3386 429 festinatione
3408 375 3486 431 lit-

245 432 486 511 pejprém
516 443 712 490 statum
743 432 863 511 cum
890 432 983 488 Dei
1015 432 1280 511 adjutorio
1305 432 1646 511 perducatur.

318 502 609 576 Postquam
635 519 761 559 vero
788 506 922 558 hanc
960 504 1220 576 rationem
1248 504 1314 576 de
1347 502 1653 576 earumdem
1682 503 1814 576 ima-

281 578 433 631 inum
467 572 627 629 causa
658 573 1184 635 consuinuiaveritis,
1216 574 1259 626 si
1302 581 1477 625 tamen
1508 572 1608 625 hoc
1636 573 1702 625 ad
1733 572 1813 625 ni-

304 593 433 631 num
467 593 627 629 causa
658 593 1184 635 consuiniuaveruis,
1216 593 1259 626 SI
1303 593 1477 625 tamen
1509 593 1608 625 nuc
1636 593 1702 625 au
1733 593 1813 625 m-

244 593 419 702 Eilum
447 645 684 699 Romana
710 644 998 713 pertinacia
1030 643 1367 711 permiserit,
1410 642 1643 713 ut_ratio
1675 642 1815 713 int-r

246 732 346 772 vos
375 716 555 769 habita
579 754 593 779 ,
643 710 821 783 aliquo
848 715 989 767 bono
1014 710 1067 766 et
1103 712 1439 783 convenienti
1468 710 1572 765 line
1600 712 1814 783 clauda—

244 796 358 850 tur,
384 794 439 839 et
475 785 563 839 ille
591 781 747 839 vobis
790 784 1133 847 indicaverit,
1171 782 1311 852 quod
1351 781 1566 852 legatos,
1590 797 1717 836 suos
1739 781 1813 852 iob

241 856 488 916 eamdem
534 868 752 908 causam
790 855 842 907 in
870 852 1131 907 Grazciam
1159 851 1467 923 permittere
1488 851 1635 911 velit,
1666 851 1813 923 volu-

242 942 388 987 mus,
418 932 476 978 ut
502 939 625 978 eum
655 923 1009 992 interrogn-tis,
1045 924 1088 975 si
1118 920 1174 976 ei
1192 922 1417 991 placeat,
1449 930 1507 974 ut
1539 922 1706 992 nostri
1740 920 1812 974 le-

240 996 358 1065 gati
383 995 585 1065 pariter
606 1009 726 1047 cum
749 990 944 1065 suisin
971 990 1230 1065 Graeciam
1256 1002 1500 1065 pergant.
1542 991 1608 1044 Et
1634 990 1677 1065 si
1712 992 1813 1043 hoc

238 1061 293 1118 ei
325 1061 514 1119 melius
541 1064 714 1118 visum
739 1062 917 1125 fuerit,
963 1076 1127 1133 seque
1172 1064 1275 1117 hoc
1306 1062 1525 1116 orunino
1566 1061 1700 1115 velle
1729 1076 1813 1114 re-

1924 435 2054 487 teris
2082 434 2276 487 vestris
2317 449 2346 486 a
2374 435 2524 489 vobis
2566 437 2631 489 ad
2660 451 2757 490 nos
2782 438 2996 493 directis
3027 456 3124 494 nos
3160 441 3283 494 inde
3312 453 3488 502 certos

1926 504 2154 564 faciatis,
2184 503 2448 573 simulque
2471 514 2525 558 et
2552 507 2616 559 de
2644 516 2821 560 vestro
2848 510 3077 563 adventu
3107 511 3173 564 ad
3196 526 3312 575 nos,
3342 522 3400 567 ut
3424 532 3486 571 eo

1930 583 2185 651 tenuiore,
2215 590 2321 642 quo
2349 590 2443 651 vos
2470 576 2538 651 ad
2578 585 2827 651 nostrain
2841 580 3094 651 veneritis
3123 583 3488 651 przes'cntiain,

1924 642 2270 712 llalitgarium
2298 652 2351 695 et
2388 643 2715 698 Amalarinm
2745 648 3019 701 nobiscum
3051 642 3355 705 inveniatis.
3385 642 3489 709 Vos

1921 721 2097 784 autem
2128 728 2247 784 cum
2280 713 2500 784 domino
2540 717 2831 783 apostolico
2873 718 3207 773 considerate
3229 759 3245 784 ,
3276 722 3366 775 ubi
3400 723 3488 778 ille

1918 783 2001 836 vel
2026 783 2239 859 quando
2268 782 2425 859 velit,
2465 792 2533 859 _ut
2576 782 2656 838 Sui
2708 788 2979 859 aenOstri
3021 788 3182 859 legati
3222 782 3289 843 ad
3324 806 3491 848 naves

1918 852 2351 929 conscendendas
2381 869 2438 908 se
2456 851 2682 929 iungere
2712 857 2956 919 debeant,
2998 867 3052 911 et
3075 851 3179 913 hoc
3213 860 3366 914 nobis
3393 876 3490 929 per

1918 923 2268 1002 vosmetipsos
2296 939 2436 987 cum,
2468 925 2577 979 Deo
2605 926 2828 991 volente,
2862 929 3136 993 veneritis,
3168 923 3489 987 annuntiare

1916 1001 2162 1058 potestis.
3216 1028 3221 1031 ‹

856 1311 1420 1424 ΒΕΔΤΙ
1479 1308 1823 1420 ΩΔΕ

1928 1306 2157 1419 »ιιι
2212 1311 2852 1423 MAGNI

1655 1502 2123 1560 IMPERATORIS

1382 1637 2375 1793 SCRIPTA.

847 1893 1321 1970 SECTIO
1393 1892 1910 1967 ΤΕῙὶΤἸΑ·
1989 1912 2099 1945 ι·-
2175 1896 2823 1973 CARMINA.

692 2140 717 2169 ι
757 2126 1039 2182 (ΣΑΙὶΜΕΝ
1077 2126 1354 2181 PRIMUM.

722 2232 789 2269 AD
827 2230 1097 2269 ADRIANUI
1137 2230 1329 2269 PAPAI.

584 2306 678 2366 (Ex
706 2305 942 2365 Fratrem,
969 2305 1098 2366 Opp.
1125 2304 1180 2354 Β.
1214 2303 1449 2365 Alculni.)

239 2391 481 2449 Adriano
512 2403 722 2445 summo
748 2401 915 2457 papae,
948 2400 1204 2456 pap;eque
1228 2386 1418 2451 beato;

318 2482 431 2536 lies
459 2462 682 2534 Carolus
703 2477 851 2532 salve
875 2476 1089 2537 mando,
1114 2475 1356 2546 valeque,
1379 2476 1539 2530 Pater

240 2569 444 2627 Praesul
478 2567 784 2638 apostolica
811 2582 1004 2622 munus
1037 2567 1139 2620 hoc
1168 2564 1277 2637 [L.,
1318 2563 1516 2636 isthoc]
1544 2578 1697 2619 sume
1724 2579 1816 2618 αι·-

1567 2654 1816 2728 [thedne,

322 2752 436 2807 Vile
461 2750 597 2805 foris
623 2750 758 2815 visu,
790 2757 1015 2803 stemma
1044 2750 1137 2803 sed
1165 2746 1311 2803 intus
1333 2746 1561 2803 habens.

243 2843 460 2914 Organa
486 2840 737 2896 Davidico
765 2847 978 2910 gestant
1002 2838 1324 2893 modulantia
1352 2836 1579 2908 plectro,

317 2932 569 2988 Contiuet
588 2942 642 2985 et
669 2930 886 3001 lyricos,
909 2931 1327 2999 suavisonosque
1355 2930 1561 2985 modos.

245 3026 373 3081 llaec
404 3033 516 3088 tua,
543 3022 778 3087 Christe,
809 3022 994 3094 chelys
1022 3022 1277 3076 miracula
1304 3023 1539 3077 concinit
1566 3021 1727 3085 alma,

318 3113 420 3182 Qui
463 3114 666 3169 clavem
697 3113 898 3180 David,
942 3121 1151 3184 sceptra
1185 3114 1506 3183 domumque
1556 3112 1707 3183 [_.lls.,
1733 3112 1823 3166 ἀοι

1334 3203 1616 3276 [nutuque]
1648 3213 1819 3259 tenes.

248 3299 472 3369 Mystlca
500 3304 722 3368 septeno
750 3295 962 3351 fuerant
988 3295 1104 3350 haec
1130 3305 1277 3349 trnsa
1302 3296 1477 3365 sigillo

321 3388 590 3453 Carmina,
617 3388 671 3441 ni
697 3387 943 3442 Christus
967 3385 1226 3457 panderet
1252 3386 1350 3438 ista
1377 3387 1538 3441 Deus.

251 3480 366 3535 Hoc
398 3479 551 3534 vobis
574 3478 693 3533 ideo
719 3492 912 3532 munus
937 3477 1023 3546 pie
1050 3476 1186 3530 dedo
1228 3476 1499 3541 sacerdos,

320 3569 492 3624 Filius
516 3577 574 3624 ut
600 3578 835 3624 mentem
858 3567 1034 3621 Patris
1060 3567 1208 3622 adire
1234 3583 1453 3637 queam.

249 3661 659 3720 Aunomorare
676 3658 789 3715 mei
811 3658 1073 3730 precibus.
1089 3658 1392 3729 sanctisque
1421 3657 1652 3728 piisque,

327 3754 438 3809 Hoc
459 3755 655 3809 donum
681 3753 932 3822 exiguum
957 3766 1097 3821 saape
1122 3752 1351 3806 tenendo
1372 3768 1556 3806 manu.

252 3847 321 3902 Et
344 3860 648 3916 quanquam
668 3845 876 3898 modico
898 3844 1066 3897 niteat
1088 3841 1371 3912 splendore
1397 3842 1629 3906 libellus,

327 3938 541 3990 Davidis
565 3934 771 4005 placeat
793 3934 933 3988 celsa
963 3948 1201 3989 camcena
1239 3933 1355 3986 tibi.

254 4025 480 4082 Rivulus
507 4025 609 4079 iste
630 4038 782 4078 meus
807 4031 1050 4077 teneatur
1073 4021 1290 4076 ﬂumine
1316 4029 1512 4084 vestro,

331 4113 752 4182 Floriferumque
781 4127 970 4167 nemus
1004 4110 1218 4165 lloscnla
1245 4117 1428 4164 nostra
1456 4117 1661 4178 petant.

330 4259 355 4288 ι
394 4260 505 4301 noc
524 4259 741 4301 carmen
767 4243 932 4300 edidit
957 4246 1040 4298 vir
1057 4243 1437 4300 celeberrimus
1463 4243 1652 4298 Petrus
1666 4242 1827 4297 Lam-

252 4316 443 4372 becius
486 4316 622 4370 Bibl.
666 4316 891 4369 Vindob.
938 4324 1065 4368 tom.
1103 4315 1175 4379 ll,
1214 4329 1335 4383 pag.
1372 4314 1497 4375 262,
1535 4328 1600 4383 ex
1641 4312 1828 4383 codice

156 4436 179 4450 ,
253 4401 361 4441 ms.
391 4385 636 4440 Psalterii
665 4385 840 4439 Latini
872 4386 1049 4439 aureis
1082 4382 1275 4438 litteris
1294 4382 1427 4437 cura
1462 4391 1517 4436 et
1534 4382 1691 4451 jussu
1719 4382 1826 4438 Ca-

170 4460 173 4465 ’
254 4455 359 4511 roli
388 4455 560 4527 hlagni
584 4455 810 4527 esarati,
841 4456 932 4524 qui
955 4454 1098 4527 idem
1128 4453 1352 4527 Carolus
1372 4452 1610 4527 Adriano
1634 4454 1653 4506 l
1678 4468 1828 4527 papa:

256 4527 402 4581 dono
452 4522 663 4590 obtulit,
707 4522 998 4593 pneniissis
1044 4524 1126 4577 liis
1175 4522 1417 4576 versibus
1444 4523 1824 4593 Adedicatoriis.

256 4596 405 4651 Idem
449 4591 768 4649 Lambecius
807 4604 989 4648 censet
1027 4593 1147 4649 illos
1191 4594 1259 4647 ab
1285 4592 1399 4661 ipso
1427 4591 1622 4646 Carolo
1662 4594 1829 4647 fuisse

255 4666 603 4735 compositos.
637 4664 736 4718 Cui
775 4663 1011 4735 opinioni
1059 4665 1199 4719 haud
1231 4677 1591 4734 repugnamus
1619 4680 1631 4715 :
1657 4664 1829 4735 Caro.

256 4736 372 4790 lum
384 4733 531 4788 enim
546 4736 598 4788 in
613 4735 820 4789 artibus
844 4734 1171 4799 liberalibus,
1186 4742 1576 4802 consequenter
1596 4733 1828 4787 etiamin

1846 2136 1895 2196 Β
1920 2128 2204 2186 Incolumis
2231 2134 2432 2203 vigens,
2466 2143 2664 2199 rector,
2690 2150 2786 2204 per
2814 2145 3052 2207 tempora
3084 2136 3239 2209 longa

1986 2219 2387 2293 Ecclesiamque
2422 2224 2517 2278 Dei
2548 2224 2817 2295 dogmatis
2848 2235 2965 2281 arte
2996 2243 3168 2298 regas.

2520 2333 2802 2390 CARMEN
2837 2337 2900 2390 ll.

2239 2426 2268 2466 δ
2305 2442 2630 2482 εριτλιιιιιωι
2663 2444 2882 2483 annum
2923 2446 2939 2483 ι
2979 2445 3158 2498 eam,

1982 2531 2098 2598 Quo
2128 2531 2349 2589 Carolus
2378 2534 2602 2607 Magnus
2633 2536 2927 2607 sepulcrum
2956 2540 3120 2602 ipsius
3143 2541 3422 2596 decoravit.

2470 2650 2564 2709 (Ex
2592 2650 2784 2711 eodem,
2812 2651 2953 2714 ibid.)

1920 2745 2018 2801 llic
2047 2746 2206 2803 Pater
2228 2749 2500 2817 ECCIBSi‘JB,
2529 2749 2713 2806 Roma:
2741 2753 2920 2815 decus,
2949 2753 3182 2824 inclytus
3206 2766 3395 2809 auctor

1991 2837 2259 2894 Adrianus
2288 2840 2526 2909 requiem
2552 2855 2686 2911 papa
2712 2843 2900 2897 beatus
2922 2844 3103 2898 habet.

1923 2930 2037 2995 Vir,
2065 2931 2151 2985 cui
2183 2932 2290 2984 vita
2318 2931 2478 2996 Deus,
2508 2933 2681 3001 pietas
2705 2934 2809 2997 lex,
2840 2935 3007 3005 gloria
3032 2935 3301 3001 Christus,

1990 3020 2180 3075 Pastor
2205 3021 2554 3089 apostolicus,
2584 3032 2866 3092 promptus
2891 3024 2956 3078 ad
2982 3040 3141 3081 omne
3165 3026 3385 3080 bonum.

1923 3108 2126 3164 Nobilis
2157 3123 2222 3164 ex
2250 3127 2437 3181 magna
2468 3113 2681 3183 genitus
2694 3113 2806 3182 jam
2833 3124 2991 3185 gente
3018 3125 3323 3186 parentum,

1994 3200 2099 3256 Sed
2127 3205 2297 3258 sacris
2321 3204 2477 3274 longe
2504 3206 2736 3260 nobilior
2761 3207 2990 3261 meritis.
3031 3248 3039 3257 .
3148 3266 3159 3275 θ

1927 3294 2197 3349 Exornare
2223 3297 2446 3351 studens
2472 3299 2665 3353 devoto
2688 3306 2909 3366 pectore
2928 3307 3113 3367 pastor

1997 3386 2221 3454 Semper
2252 3388 2449 3456 ubique
2479 3403 2576 3443 suo
2600 3390 2799 3458 templa
2822 3399 3030 3445 sacrata
3056 3391 3186 3446 Deo.

1852 3480 1900 3542 ο
1931 3474 2198 3537 Ecclesias
2221 3477 2393 3542 donis,
2422 3478 2645 3547 populos
2669 3488 2721 3533 et
2754 3481 3001 3549 dogmate
3028 3489 3214 3536 sancto

1991 3568 2207 3633 lmbuit,
2231 3580 2284 3624 et
2305 3570 2514 3625 cunctis
2535 3571 2722 3638 pandit
2748 3571 2816 3626 ad
2841 3581 2988 3626 astra
3014 3573 3177 3626 viam.

1924 3658 2255 3729 Pauperibus
2289 3659 2492 3733 largus,
2520 3660 2653 3714 nulli
2680 3661 2885 3729 pietate
2922 3662 3210 3727 secundus,

1993 3749 2059 3803 Et
2076 3765 2175 3818 pro
2203 3749 2357 3820 plebe
2381 3751 2552 3806 sacris
2575 3753 2800 3823 pervigil
2838 3753 2890 3807 in
2920 3754 3189 3823 precibus,

1925 3840 2212 3895 Doctrinis.
2241 3839 2463 3910 Opibus,
2504 3842 2674 3896 muris
2709 3852 2956 3897 erexerat
2980 3856 3155 3908 arces,

2000 3933 2136 3989 Urbs
2158 3940 2318 4003 caput
2342 3933 2508 3999 orbis,
2535 3933 2707 3999 honor
2731 3933 2931 4005 inclyta
2958 3935 3149 4001 Roma,
3187 3946 3329 3993 tuas.

1925 4023 2069 4078 Mors
2090 4022 2175 4077 cui
2202 4022 2277 4076 nil
2304 4023 2505 4087 nocuit,
2530 4022 2730 4078 Christi
2755 4038 2873 4093 quae
2896 4032 3069 4079 morte
3090 4035 3365 4097 perempta
3393 4036 3496 4094 est,-

1996 4115 2169 4171 Janna
2198 4116 2292 4170 sed
2314 4117 2438 4171 vitae
2468 4132 2614 4172 mors
2642 4116 2879 4172 melioris
2899 4127 3035 4172 erat.

1929 4241 2127 4320 Script.
2156 4251 2419 4317 Francite,
2460 4266 2581 4322 pag.
2630 4251 2753 4307 691.
2786 4251 2989 4308 Auctor
3029 4252 3264 4322 seipsum
3297 4251 3497 4321 prodit,

1928 4337 2069 4375 vers.
2102 4323 2183 4386 17,
2222 4322 2294 4376 ibi
2324 4340 2336 4374 :
2886 4395 2891 4399 ᾗ

1928 4431 2054 4486 Post
2079 4431 2292 4484 Patrem
2320 4430 2619 4501 lacrymans
2634 4430 2857 4486 Carolus
2878 4431 2994 4486 hzec
3014 4431 3255 4486 carmina
3273 4431 3461 4500 scripsi
3482 4450 3496 4497 ;

1928 4545 2172 4615 quamvis
2198 4542 2437 4615 nonnulli
2456 4543 2661 4615 eruditi
2686 4542 2930 4615 subolere
2948 4542 3048 4597 sibi
3077 4542 3131 4595 in
3158 4541 3242 4597 his
3257 4542 3502 4615 versibus

1929 4611 2030 4669 visi
2056 4614 2164 4669 sint
2189 4628 2379 4669 venam
2405 4612 2636 4668 Alcuini.
2683 4614 2788 4667 Sed
2814 4627 2912 4666 nos
2937 4621 3124 4665 contra
3157 4611 3499 4666 manifestam

1931 4686 2167 4740 litteram
2202 4683 2479 4754 ancipitia
2522 4683 2642 4753 styli
2676 4682 3036 4754 similitudine
3082 4693 3302 4752 accepto
3336 4697 3500 4752 argu‘

1932 4765 2114 4810 mento
2148 4752 2358 4810 roboris
2380 4754 2586 4823 aliquid
2623 4752 2856 4823 tribuere
2886 4767 2993 4808 non
3022 4766 3326 4823 possumus,
3365 4767 3503 4821 prae-

257 4803 1825 4894 ΞΤΞῩ,9θὲξῖἳὲἓῗιέἓῖίξίῗῧὲἫῗέίίθὲῧῖῗὲἐἮἚΞΡΗΒἯΣΨΡ
1858 4832 1910 4891 D
1934 4826 2122 4880 serlim
2173 4825 2314 4894 quod
2360 4803 2613 4894 (Ζανῦιυε,
2636 4822 2690 4874 in
2744 4823 2893 4894 ροοδί
2931 4803 3049 4894 ⁷έοβῖ
3068 4803 3501 4894 *ὖέῦέίῖἶξέὲἶοῆξες

259 4872 431 4930 fuisse
476 4874 813 4944 Eginhardus
850 4881 1096 4944 testatur.
1150 4872 1428 4944 Fabricius
1450 4872 1829 4944 nihilominus,

257 4944 355 4999 lib.
389 4959 484 5008 in,
519 4942 655 4999 Bibl.
702 4944 844 4998 med.
873 4950 927 4997 et
951 4943 1149 4996 intima:
1187 4942 1513 5004 Latinitatis,
1552 4956 1673 5010 pag.
1707 4942 1831 5005 955,

262 5028 455 5069 versus
489 5014 652 5068 hosce
695 5028 763 5066 ex
798 5027 932 5066 vena
982 5011 1194 5067 Alcuini
1244 5010 1460 5064 ﬂuxisse
1498 5011 1718 5074 mavult,
1751 5011 1836 5064 cui

259 5082 489 5139 Carolus
531 5098 721 5138 sensus
758 5096 884 5138 suos
909 5090 1081 5137 metro
1105 5080 1447 5151 exponendos
1480 5078 1828 5151 commiserit.

259 5153 370 5208 Alii
395 5152 754 5209 verosimilius
777 5167 899 5207 esse
919 5159 1160 5215 censent,
1176 5150 1452 5206 ’versuum
1476 5150 1704 5205 istorum
1738 5164 1832 5201 au-

260 5233 473 5278 ctorem
501 5237 620 5278 esse
640 5222 919 5293 Dagull‘nm
945 5221 1092 5293 illum
1112 5220 1209 5293 qui
1228 5219 1477 5274 eumdem
1502 5233 1833 5293 aureuch-

262 5293 440 5348 dicem
470 5288 799 5361 scripsitfet
832 5291 977 5346 aliud
1002 5288 1217 5357 αι.αὰοά
1241 5305 1458 5346 carmen
1477 5329 1492 5355 ,
1524 5288 1829 5361 immediate

262 5362 322 5433 in
349 5362 553 5433 postica
578 5358 823 5433 ejusdem
850 5361 960 5433 lolii
986 5362 1181 5430 pagina
1214 5373 1475 5430 sequens,
1512 5358 1826 5427 composuit.

262 5428 511 5486 Ita—enim
537 5428 625 5485 ille
652 5433 852 5488 ibidem
875 5432 942 5486 ad
968 5428 1147 5501 regem
1172 5449 1185 5483 :

454 5521 635 5584 Bxigul
667 5522 834 5571 ramuli
866 5520 1053 5581 Dagulti
1074 5533 1214 5570 sume
1237 5521 1478 5569 laborem.

346 5604 375 5642 δ
409 5602 522 5658 Hoc
560 5603 890 5726 epitaphium
932 5603 1297 5668 Quercetanus
1341 5603 1507 5657 edirlit
1557 5602 1698 5655 inter
1731 5599 1833 5653 alia

346 5674 513 5726 rinina
540 5674 578 5726 Α
605 5675 767 5726 enini.
797 5687 942 5726 num.
972 5672 1073 5725 21⁸1
1104 5680 1153 5723 et
1190 5673 1313 5726 9J8.
1345 5682 1397 5725 et
1425 5686 1605 5726 l‘lll‘Slle
1638 5680 1767 5725 tein.
1794 5671 1833 5723 ll

269 5674 513 5728 carmina
540 5671 767 5741 Aleuini,
797 5687 942 5726 num.
972 5672 1073 5725 21⁸1
1104 5680 1153 5723 et
1190 5673 1313 5738 9J8,
1345 5682 1397 5725 et
1425 5686 1605 5726 l‘lll‘Slle
1638 5680 1767 5725 tein.
1794 5671 1834 5723 ll

1934 4910 2087 4964 aeque
2133 4890 2283 4949 ac'in
2334 4890 2681 4963 grammatica
2715 4902 2769 4944 et
2816 4892 3110 4964 rhetorica,
3155 4892 3298 4964 haud
3341 4890 3504 4964 fuerit

1936 4961 2217 5035 imperitus
2245 4965 2309 5033 (')
2330 4961 2355 5028 ;“
2390 4973 2685 5035 omnesque
2709 4969 2927 5035 veteres
2957 4963 3048 5031 qui
3080 4962 3147 5014 de
3188 4962 3291 5035 hoc
3330 4961 3504 5035 epita-

1934 5030 2061 5104 pbio
2086 5030 2412 5104 mentionem
2433 5031 2678 5104 iaciunt,
2707 5030 2836 5087 illud
2860 5030 3190 5104 conStanter_
3204 5031 3331 5086 huic
3360 5033 3505 5104 litte-

1935 5101 2207 5159 ratissimo
2272 5101 2502 5171 principi
2552 5102 2807 5155 tribuant.
2859 5102 3123 5155 Cancrum
3176 5101 3278 5156 hoc
3332 5101 3505 5169 epita-

1933 5175 2119 5243 phium
2151 5170 2333 5243 Romae
2374 5172 2428 5225 in
2468 5184 2736 5225 marmore
2773 5170 3289 5243 incisumbodieque
3322 5171 3506 5243 videre

1932 5241 2051 5298 esse
2079 5241 2319 5296 nonnulli
2346 5248 2614 5296 testantur
2637 5256 2761 5295 cum
2785 5243 2890 5295 hoc
2915 5241 3281 5295 additamento
3310 5254 3326 5293 :
3355 5242 3503 5294 Sedit

1937 5315 2099 5367 beatis
2146 5312 2409 5364 memoria:
2457 5311 2717 5381 Adrianus
2757 5328 2892 5381 papa
2939 5326 3106 5363 annos
3152 5325 3306 5375 χχιιι,
3340 5327 3411 5363 m.
3449 5326 3502 5373 χ.

1936 5384 2045 5435 dies
2094 5395 2226 5434 xvii.
2266 5381 2405 5434 Obiit
2450 5396 2523 5434 vn
2569 5380 2693 5434 Kal.
2743 5380 2872 5434 Jan.
2921 5382 3229 5450 (Bouquet.,
3266 5390 3398 5434 tom.
3442 5381 3504 5443 ι’,

1937 5467 2056 5521 pag.
2093 5451 2214 5513 412,
2247 5451 2384 5521 not.)

1934 5568 3490 5594 F—-—_—_————-—_—-——————————I‘

2000 5619 2062 5678 (‘)
2091 5616 2196 5665 Vid.
2220 5615 2347 5665 lllst.
2375 5614 2488 5666 Litt.
2514 5615 2577 5664 de
2602 5614 2806 5677 France,
2830 5623 2947 5665 tom.
2970 5614 3053 5676 lY,
3076 5626 3187 5678 pag.
3215 5616 3321 5693 t0“).
