4064 6290
153 202 316 271 ’1353

743 321 828 378 CA
835 320 1022 378 RMEN
1054 321 1142 378 Vl.

515 430 583 470 Αἰ)
610 428 826 470 EUIDE!
858 430 1063 469 PAULUI
1099 429 1389 468 DIACONUM.

499 504 752 565 (Biblioth.
778 505 844 553 de
865 504 1047 554 l’Ecole
1067 505 1157 554 des
1181 505 1423 563 Charles.)

233 588 470 653 Christe,
500 587 662 642 Pater
686 588 889 649 mundi,
915 587 1042 641 sedi
1068 588 1324 642 radiantis
1361 588 1532 656 origo,

235 679 428 732 Annue
446 694 589 732 nunc
608 686 751 739 voto,
776 687 834 731 ut
877 690 900 717 α
929 693 1121 746 queam
1150 687 1237 732 tua
1260 679 1484 748 mystica
1511 678 1649 732 dona

238 767 447 830 Dicere,
471 782 589 836 quae
614 767 768 821 nobis
806 767 961 820 solita
987 766 1268 820 clementia
1295 767 1326 807 ι»
1351 777 1592 837 praestes,

240 857 411 927 Atque
433 857 766 912 salutiferam
789 857 1039 911 Patribus
1063 856 1306 926 perferre
1329 858 1580 912 salutem.

237 946 428 1016 Surge,
451 946 656 1014 iocosa,
680 947 822 1010 veni,
853 961 1063 1001 mecum
1088 947 1191 1012 fac,
1213 947 1409 1011 fistula,
1437 964 1663 1012 versus;

233 1040 415 1108 Incipe
439 1039 837 1108 quamprimum
862 1039 1085 1093 meritas
1105 1041 1407 1108 persolvere
1436 1048 1640 1109 grates,

234 1129 306 1184 Et
325 1132 502 1186 cordis
519 1131 723 1200 plectro
753 1139 809 1184 tu
832 1131 918 1185 dic
941 1131 1058 1185 vale
1086 1130 1344 1186 fratribus
1364 1132 1522 1185 almis

236 1223 423 1276 Dulcia
454 1223 543 1290 qui
568 1223 722 1277 nobis
747 1222 1008 1276 doctrinze
1033 1222 1189 1276 mella
1216 1223 1542 1285 ministrant,

231 1312 683 1381 Carminibusque
704 1313 818 1366 suis
842 1313 1174 1382 permulcent
1195 1321 1413 1382 pectora
1439 1319 1644 1365 nostra.

230 1402 407 1458 Curre
426 1419 524 1473 per
548 1402 816 1466 Ausonia,
841 1417 947 1455 non
974 1402 1156 1471 segnis
1177 1401 1424 1490 epistola,
1454 1410 1476 1439 ο
1502 1413 1740 1470 campos,

231 1495 410 1563 Atque
431 1510 553 1549 meo
570 1494 732 1550 Petro
753 1495 995 1548 chartam
1025 1494 1050 1533 ά
1084 1495 1278 1549 dilecto
1307 1494 1536 1548 salutem

225 1584 728 1639 Cratiﬁcaslaudes
749 1583 836 1640 dic
853 1593 928 1649 et,
951 1600 1050 1654 pro
1069 1585 1310 1639 carmine
1335 1584 1458 1638 laeto

237 1672 392 1739 Quod
415 1675 547 1728 mihi
582 1672 695 1742 jam
716 1675 914 1729 dudum
941 1674 1210 1745 placidum
1236 1674 1493 1728 direxerit
1523 1672 1633 1727 ille.

233 1763 364 1818 Inde
384 1779 482 1833 per
501 1764 772 1833 egregiam
803 1775 826 1804 ο
858 1802 872 1818 .
902 1803 916 1817 .
951 1803 964 1818 .
993 1803 1008 1818 .
1033 1803 1048 1817 .
1081 1802 1096 1817 .
1122 1763 1368 1834 praesulis
1388 1765 1560 1817 :edem

227 1853 477 1918 Adriani,
505 1855 718 1909 tandem
736 1853 886 1909 Petri
910 1855 1026 1910 loca
1058 1863 1242 1909 sancta
1270 1855 1529 1924 rogando,

227 1944 344 1998 Pro
369 1960 454 1999 me
478 1959 684 2014 proque
705 1945 841 2000 meis
876 1944 894 1983 τ
923 1946 1138 2000 visitata
1173 1946 1416 2015 relinque
1450 1948 1474 1985 ε
1503 1945 1741 2001 silentes.

225 2034 376 2090 Hinc
401 2036 546 2090 celer
568 2036 848 2103 egrediens
871 2035 1035 2100 facili,
1064 2051 1182 2090 mea
1207 2037 1414 2100 charta,
1444 2036 1626 2090 volatu

235 2131 344 2187 Per
370 2132 566 2202 sylvas,
593 2133 776 2197 colles,
803 2132 970 2188 valles
994 2147 1206 2202 quoque
1226 2141 1460 2203 praepete
1479 2147 1659 2194 cursu,

231 2222 389 2277 Alma
413 2223 520 2278 Deo
540 2224 689 2278 chari
713 2223 984 2278 Benedicti
1010 2232 1151 2278 tecta
1177 2225 1410 2293 require,

231 2315 382 2370 Colla
404 2315 506 2369 mei
529 2315 679 2369 Pauli
712 2330 950 2385 persaepe
977 2316 1240 2384 amplecte
1263 2317 1492 2386 benigne
1521 2331 1537 2370 :

232 2407 334 2460 Est
361 2421 484 2459 nam
507 2413 651 2460 certa
677 2405 831 2474 quies
864 2404 1020 2460 fessis
1044 2405 1386 2460 venientibus
1414 2405 1576 2469 illuc;

236 2496 337 2550 ilic
357 2496 474 2550 olus
492 2483 813 2565 h05pitibus,
841 2496 1032 2564 pisces,
1058 2495 1146 2550 hic
1169 2496 1326 2565 panis
1352 2497 1652 2559 abundans,

233 2589 346 2644 Pax
371 2589 479 2659 pia,
506 2605 656 2644 mens
679 2588 918 2654 humilis,
951 2587 1176 2658 pulchra
1200 2595 1255 2642 et
1297 2587 1583 2643 concordia
1638 2585 1744 2639 fra-

1481 2677 1670 2750 [trum,

234 2775 400 2841 Laus,
425 2790 577 2831 amor
596 2784 650 2829 et
670 2775 845 2829 cultus
870 2772 1067 2829 Christi
1098 2771 1256 2828 simul
1276 2771 1529 2827 omnibus
1548 2770 1697 2824 horis
1723 2786 1737 2822 :

237 2869 336 2923 Dic
357 2866 504 2922 Patri
529 2873 586 2921 et
604 2867 766 2922 sociis
792 2865 1002 2920 cunctis
1031 2883 1043 2918 :
1077 2864 1310 2930 Salvete,
1341 2863 1534 2918 valete.

755 2955 1036 3013 CARMEN
1067 2955 1179 3011 VII.

155 3063 404 3107 canows
432 3064 636 3106 uacuus
663 3065 728 3103 an
757 3063 1035 3103 Lscroaeu
1075 3061 1428 3102 IMNUSCRIPTI
1457 3059 1598 3109 ausit
1626 3059 1740 3098 IPSE
1771 3027 1820 3093 C

729 3133 924 3173 IIENDIS
951 3131 1324 3172 PURGAVERA'I‘.

163 3267 168 3270 _
624 3206 717 3269 (Ex
743 3194 1024 3269 Lambecio,
1049 3213 1162 3257 tom.
1193 3206 1300 3266 IV.)

239 3289 454 3348 Codicis
475 3288 637 3358 hujus
659 3303 828 3345 ovans
849 3289 992 3346 volui
1013 3289 1352 3360 confringere
1373 3301 1552 3358 penna

241 3381 271 3421 ιι
297 3379 508 3450 Spinas,
537 3394 672 3449 quas
710 3380 889 3434 animo
917 3380 933 3421 ἱ
970 3380 1202 3449 scriptor
1247 3378 1518 3448 congessit
1547 3378 1705 3431 inerti

240 3469 448 3539 Quique
478 3469 632 3540 legis,
660 3471 916 3540 precibus
944 3485 1044 3540 pro
1067 3485 1152 3524 me
1199 3469 1415 3539 pulsare
1451 3468 1747 3523 Tonantem

242 3560 508 3630 Digneris,
535 3560 738 3615 valeam
770 3559 784 3610 i
822 3560 868 3614 si
888 3559 1091 3615 Christi
1118 3559 1299 3614 vivere
1327 3574 1513 3630 regno.

736 3647 1018 3704 CARMEN
1040 3649 1172 3704 Vlll.

175 3739 372 3810 Versus
407 3738 657 3810 inscripti
673 3736 806 3810 libro
837 3739 1239 3810 Evangeliorum
1272 3755 1426 3810 quem
1462 3741 1618 3809 jussu
1644 3738 1748 3810 Ca-

243 3808 340 3881 roli
377 3805 1155 3881 scripsit_Godescnlc_ns_'anno
1185 3805 1296 3865 781'
1320 3809 1388 3862 ad
1415 3805 1543 3881 opus
1588 3808 1751 3864 eccle-

240 3877 336 3932 sia:
370 3875 537 3931 sancti
568 3875 844 3932 Saturnini
885 3878 1178 3933 Tolosam’..

437 3965 531 4028 (Ex
554 3966 685 4016 dom.
707 3967 978 4030 Bonquet.,
1000 3967 1207 4018 Recueil
1229 3969 1321 4019 des
1340 3967 1490 4030 Hist.)

245 4047 386 4106 Orbe
408 4049 578 4104 bonus
603 4056 716 4104 toto
737 4049 939 4104 passim
971 4049 1253 4106 laudabilis
1283 4050 1464 4114 heros,

246 4213 276 4272 9
313 4200 388 4272 Le
439 4215 562 4272 vers
585 4201 776 4272 _serait
822 4201 942 4270 plus
973 4201 1205 4272 régulier
1255 4216 1386 4258 avec
1430 4201 1623 4272 possim
1653 4210 1753 4265 ut;

160 4269 666 4341 mais_lasynérése
693 4269 876 4341 queam
912 4287 971 4327 se
996 4269 1208 4338 conecit
1229 4281 1284 4327 et
1304 4269 1638 4326 doit'rester.

245 4339 275 4379 δ
310 4337 374 4412 Je
397 4337 545 4394 lirais
591 4337 883 4412 volontiers
927 4337 1132 4412 prwstet
1159 4358 1227 4396 au
1268 4341 1373 4412 lieu
1402 4343 1466 4412 de
1491 4349 1701 4412 privates
1728 4356 1746 4403 ;

86 4469 88 4478 ,
159 4409 473 4478 cependant
521 4423 590 4463 on
620 4409 936 4466 trouverait'
965 4411 1058 4466 des
1098 4411 1371 4480 exemples
1417 4409 1513 4480 des
1560 4410 1745 4480 poétes

161 4480 436 4549 barbaros
462 4480 551 4549 qui
597 4489 696 4549 ont
733 4480 828 4533 fait
852 4481 977 4534 bref
1000 4481 1068 4535 l‘a
1097 4481 1222 4549 long
1259 4478 1326 4535 de
1363 4478 1594 4534 l‘ablatif
1612 4479 1748 4532 lors-

158 4548 304 4620 qu’il
338 4557 423 4620 est
453 4548 675 4620 pre'eédé
714 4551 870 4604 d'une
899 4551 1122 4620 voyelle.
1163 4548 1314 4605 C’ette
1351 4549 1601 4620 fauteest
1626 4564 1747 4618 per-

247 4618 408 4672 tuelle
425 4618 566 4691 flans
603 4635 673 4691 un
711 4621 899 4691 poeme
934 4618 1027 4674 sur
1045 4621 1102 4691 la
1137 4619 1357 4691 Genése.
1390 4619 1570 4691 publié
1616 4621 1749 4672 dans

190 4704 224 4742 e
252 4687 590 4758 tomeIXde
621 4687 974 4758 l'amplissima
1028 4690 1294 4756 Collectio,
1330 4687 1751 4745 effaussement

98 4767 100 4770 '
158 4757 412 4884 aialttrig‘né
441 4756 788 4838 aluvencus,
843 4759 1055 4829 d‘aprés
1093 4761 1142 4815 le
1181 4776 1283 4815 ms.
1328 4761 1395 4816 de
1427 4759 1646 4823 Corbie,
1677 4759 1746 4812 ou

100 4841 102 4844 '
242 4840 279 4880 a
359 4843 541 4884 euris.

100 4841 102 4844 '
161 4827 214 4884 il
242 4840 279 4880 a
305 4827 390 4896 été
412 4828 541 4896 pris.

145 4911 154 4958 ρ
250 4905 278 4935 ε
318 4894 778 4952 (Ξθ“ιηοιινθτιιεηι
841 4913 900 4952 se
964 4907 1216 4954 retrouve
1255 4901 1388 4954 dans
1427 4914 1533 4952 une
1595 4905 1749 4950 autre

161 4965 369 5038 ἄρηι-(εΔ
400 4966 464 5020 de
516 4966 902 5038 Charlemagnc
948 4967 979 5022 ὸ
1027 4968 1155 5022 Paul
1211 4966 1752 5038 Diacre,_imprimc'e

166 5034 320 5096 dans
355 5035 407 5090 le
457 5045 498 5090 t.
530 5037 593 5107 Ῡ,
623 5052 676 5106 p.
728 5036 852 5100 4H,
891 5038 954 5091 de
997 5037 1190 5107 Script.
1233 5038 1358 5092 Rer.
1416 5034 1616 5089 Franc.
1643 5034 1755 5104 (su-

157 5123 298 5181 pra.
330 5121 494 5160 carm.
524 5105 579 5178 4)
609 5121 624 5159 :

305 5194 572 5260 Ad_faciem
596 5196 731 5246 Pauli
757 5196 1081 5260 venerandam
1107 5209 1262 5260 perge
1287 5209 1374 5260 per
1399 5197 1550 5245 urbes
1573 5233 1586 5256 ,

369 5256 470 5306 Per
492 5264 700 5317 montes,
727 5259 896 5320 silvas,
921 5259 1136 5316 ﬂumina,
1164 5256 1337 5320 lustra,
1364 5266 1504 5320 pete.

160 5339 257 5419 [fe
293 5337 547 5419 campose
578 5331 864 5419 grati/iens,
901 5339 1144 5410 employé
1180 5341 1312 5394 dans
1341 5347 1496 5394 notre
1522 5350 1642 5392 vers
1668 5334 1754 5394 η.

161 5409 260 5478 s’y
296 5416 485 5464 trouve
514 5409 657 5462 aussi
689 5426 700 5460 :

369 5497 640 5548 Gratiﬂcam
664 5498 838 5549 Christi
865 5499 1256 5562 peajmiserantis
1277 5513 1447 5565 Opem.

549 5691 820 5753 Parnon.
871 5688 1147 5753 XCVIII.

1622 208 1951 269 CARMINA.

1773 335 1821 390 Α
1919 327 2153 397 lnclytus
2193 329 2248 381 in
2293 339 2478 398 regno,
2523 321 2694 382 fretus
2725 324 3038 382 coelestibus
3085 325 3268 391 armis,

1771 1685 1818 1746 Β

3287 216 3427 275 1554

1919 417 2101 471 Laude
2126 417 2508 485 triumphator,
2542 417 2742 470 dudum
2779 432 2940 486 supra
2965 399 3166 473 (ethera
3192 430 3369 484 notus.

1917 505 2046 560 Jure
2067 515 2282 575 patrum
2306 507 2441 560 solio
2467 505 2694 560 feliciter
2719 507 2922 562 inditus
2949 509 3142 574 haeres,

1922 597 2184 652 Paciﬁcus
2206 607 2402 663 rector,
2430 605 2623 668 potens
2656 599 2960 654 dominator
2987 609 3041 654 et
3078 616 3264 670 aequus

1920 685 2213 743 Praeclarus
2239 687 2439 750 multis,
2471 687 2660 742 humili
2693 688 2893 757 pietate
2921 692 3202 760 superbus,

1919 775 2182 832 Providus
2206 793 2268 832 ac
2295 779 2530 848 sapiens,
2559 779 2834 835 studiosus
2875 782 2928 835 in
2962 792 3077 836 arte
3109 783 3390 850 librorum,

1917 865 2147 922 Justitize
2168 877 2350 922 custos
2377 877 2580 932 rectus,
2609 885 2879 941 verasque
2909 873 3143 939 satelles,

1918 955 2250 1026 Pauperibus
2275 957 2475 1028 largus,
2504 959 2716 1015 miseris
2747 961 2937 1016 solatia
2976 972 3258 1031 praestans,

1919 1048 2116 1103 Plenus
2139 1064 2322 1104 amore
2353 1051 2468 1113 Dei,
2507 1061 2562 1105 et
2596 1051 2795 1106 Christi
2822 1054 3128 1122 compulsus
3154 1069 3356 1119 amore,

1920 1136 2165 1206 Septenis
2190 1138 2316 1192 dum
2338 1140 2511 1208 aperit
2540 1139 2667 1194 felix
2692 1142 2778 1196 bis
2803 1141 3040 1198 fascibus
3066 1159 3287 1210 annum,

1916 1226 2032 1280 Hoc
2059 1242 2194 1296 opus
2237 1229 2492 1282 eximium
2531 1229 2865 1286 Francorum
2895 1233 3134 1288 scribere
3167 1235 3362 1292 Karlus

1919 1318 2035 1373 Rex
2073 1321 2214 1388 pius,
2247 1323 2460 1391 egregia
2508 1322 2763 1396 llildegar
2796 1342 2918 1380 cum
2949 1326 3195 1399 conjuge,
3223 1328 3424 1397 jussit:

1917 1408 2152 1474 Quorum
2180 1410 2418 1466 salvifico
2447 1420 2660 1467 tueatur
2688 1417 2904 1470 nomine
2936 1417 3076 1471 vitas

1920 1499 2028 1552 Rex
2060 1515 2246 1570 regum
2275 1502 2552 1567 Dominus,
2593 1505 2851 1560 coeloan
2886 1493 3075 1577 gloria,
3116 1509 3382 1564 Christus.

1918 1587 2151 1643 Ultimus
2181 1590 2282 1644 hoc
2307 1589 2539 1646 famulus
2572 1594 2773 1648 studuit
2809 1596 3078 1665 complere
3105 1597 3386 1666 Godescal,

1916 1677 2180 1748 Tempore
2209 1680 2411 1734 vernali
2454 1684 2782 1737 transcensis
2808 1684 3033 1753 Alpibus
3063 1688 3175 1755 ipse

1920 1770 2121 1826 Urbem
2145 1771 2457 1826 Romuleam
2487 1773 2657 1828 voluit
2696 1789 2804 1843 quo
2829 1776 3005 1831 visere
3042 1779 3249 1843 consul,

1917 1860 1988 1916 Ut
2012 1861 2230 1916 Petrum
2259 1863 2546 1932 sedemque
2579 1863 2723 1918 Petri
2760 1880 2854 1919 rex
2877 1876 3139 1932 cerneret,
3177 1876 3340 1938 atque

1917 1951 2153 2006 Plurima
2185 1952 2514 2009 celsithrono
2539 1953 2774 2009 deferret
2795 1971 3019 2010 munera
3047 1957 3284 2012 Christo.

1919 2041 2082 2096 Multa
2113 2043 2412 2111 peregrinis
2439 2043 2705 2098 concessit
2746 2045 2886 2099 dona
2933 2046 3178 2112 misellis,

1915 2132 2109 2187 Annua
2133 2141 2258 2187 tunc
2280 2133 2475 2188 ibidem
2505 2133 2786 2190 celebrans
2812 2135 3072 2190 solemnia
3113 2137 3357 2196 Paschae.

1918 2223 2169 2278 Prmsulis
2194 2223 2370 2279 ofﬁcio
2395 2233 2523 2279 tunc
2559 2223 2828 2281 Adrianus
2865 2226 3076 2282 functus
3107 2230 3162 2283 in
3191 2230 3339 2286 arvis
3427 2275 3434 2284 ,

1919 2315 2140 2372 Culmen
2167 2317 2517 2386 apostolicum
2545 2318 2785 2373 Romana
2814 2321 2952 2374 rexit
2975 2321 3028 2375 in
3055 2322 3208 2376 urbe.

1918 2405 2183 2475 Principis
2203 2406 2292 2462 hic
2313 2407 2493 2462 Caroli
2531 2407 2692 2463 claris
2723 2410 2991 2466 natalibus
3015 2422 3229 2468 auctam

1923 2495 2303 2550 Karlmannam
2342 2496 2582 2551 sobolem
2622 2506 2831 2552 mutato
2868 2500 3087 2554 nomine
3114 2500 3306 2570 Pippin

1918 2586 2086 2641 Fonte
2109 2595 2501 2651 renascentem,
2526 2595 2581 2642 et
2605 2603 2762 2644 sacro
2791 2590 3115 2659 baptismate
3136 2592 3305 2647 lotum

1915 2675 2120 2730 Extulit
2145 2677 2385 2732 oblatum
2413 2678 2642 2734 sacratis
2667 2689 2945 2749 compater
2979 2683 3158 2737 undis.

1918 2765 2128 2835 Septies
2149 2767 2392 2836 expletus
2418 2767 2593 2822 fuerat
2621 2771 2949 2826 centesimus
2990 2787 3185 2837 annus,

1918 2859 2102 2916 Octies
2137 2859 2426 2916 undecimo
2446 2861 2526 2916 sol
2552 2877 2783 2932 cumque
2803 2873 3048 2918 currerat
3077 2872 3246 2930 astro,

1919 2952 1996 3007 Ex
2019 2968 2127 3022 quo
2154 2951 2404 3008 Christus
2427 2952 2584 3008 Jesus
2609 2953 2752 3008 secla
2777 2955 3033 3009 beaverat
3062 2964 3205 3020 ortu,

1919 3046 2156 3100 Exuerat
2180 3052 2355 3100 totum
2383 3052 2439 3100 et
2460 3052 2599 3101 tetra
2625 3045 2856 3118 caligine
2883 3047 3164 3103 mundum.

2444 3179 2728 3237 CARMEN
2765 3181 2858 3237 IX.

2239 3313 2304 3350 DE
2336 3312 2578 3351 ROLANDO
2599 3313 2697 3353 SUO
2725 3313 3023 3352 EXSTINCTO

1975 3405 2065 3468 (Ex
2095 3405 2340 3466 Fabricio,
2365 3406 2598 3456 Biblioth.
2623 3407 2755 3455 med.
2782 3414 2836 3456 et
2857 3406 2941 3456 inf.
2969 3405 3289 3468 Latinitatis.)

1919 3507 2000 3562 Tu
2033 3508 2263 3578 patriam
2291 3510 2511 3579 repetis,
2541 3509 2681 3563 tristi
2713 3525 2812 3563 nos
2838 3509 2968 3564 orbe
2992 3509 3273 3579 relinquis,

1992 3599 2067 3654 Te
2089 3608 2234 3654 tenet
2259 3599 2378 3654 aula
2414 3601 2611 3664 nitens,
2645 3615 2745 3655 nos
2768 3600 3069 3670 lacrymosa
3108 3600 3243 3654 dies.

1922 3689 2028 3744 Sex
2052 3691 2145 3760 qui
2172 3689 2338 3745 lustra
2359 3704 2571 3762 gerens,
2597 3699 2721 3746 octo
2747 3691 2920 3745 bonus
2965 3691 3186 3761 insuper
3205 3705 3392 3756 annos,

1992 3782 2221 3852 Ereptus
2245 3791 2402 3836 terra:
2425 3779 2604 3850 justus
2628 3782 2696 3835 ad
2717 3788 2862 3834 astra
2887 3780 3051 3834 redis.

1920 3873 2002 3927 Ad
2037 3872 2406 3941 paradisiacas
2429 3873 2616 3942 epulas
2653 3880 2705 3926 te
2732 3873 2849 3927 cive
2877 3872 3119 3935 reducto,

1999 3961 2148 4017 Unde
2175 3961 2341 4033 gemit
2362 3962 2612 4026 mundus,
2646 3961 2840 4031 gaudet
2863 3961 3066 4017 honore
3087 3959 3262 4032 polus.

1922 4200 1949 4241 ἀ
1988 4201 2081 4255 L’o
2111 4202 2180 4256 du
2205 4201 2344 4272 datif
2369 4202 2494 4258 bref
2513 4204 2525 4255 ε
2568 4201 2738 4257 Faute
2790 4203 2856 4258 de
2872 4202 3127 4272 rquantité
3163 4203 3326 4270 qu‘on
3367 4219 3435 4257 nc

1855 4285 1912 4325 se
1946 4271 2256 4340 permettait
2292 4287 2390 4340 pas
2422 4289 2486 4325 au
2526 4287 2607 4326 IX‘
2645 4272 2825 4326 siécle.
2865 4271 2926 4326 Je
2953 4273 3322 4340 I‘accepterais
3346 4288 3435 4323 cc-

1779 4375 1831 4439 D
1853 4342 2090 4465 pendant
2123 4342 2168 4394 si
2198 4339 2538 4411 ellepouvait
2584 4340 2721 4395 faire
2755 4360 2824 4396 un
2864 4358 3008 4396 sens.
3050 4339 3112 4394 Je
3139 4343 3280 4394 crois
3306 4340 3433 4420 qu’il

1875 4419 1968 4464 aut
1998 4410 2143 4464 lire:
2194 4420 2397 4464 curiam
2423 4411 2683 4465 dicendo:
2735 4422 2910 4465 curtus
2950 4411 3084 4465 dans
3124 4410 3433 4465 l‘accentton

1875 4413 1968 4464 aut
1998 4410 2143 4464 lire:
2194 4410 2397 4464 curiam
2423 4411 2683 4473 dicendo;
2735 4422 2910 4465 curtus
2950 4411 3084 4465 dans
3124 4410 3434 4478 l‘acception

1853 4481 2082 4534 barbare
2110 4478 2177 4532 de
2217 4480 2400 4534 brevis.

1929 4561 1951 4588 ε
1994 4549 2107 4604 Une
2143 4548 2427 4605 décbirure
2457 4551 2527 4603 du
2575 4550 2873 4605 manuscrit
2901 4546 3034 4603 rend
3068 4563 3206 4618 pour
3230 4563 3293 4603 ee
3315 4565 3435 4618 pas-

1855 4635 1980 4689 sage
2010 4627 2156 4673 toute
2200 4619 2403 4674 lecture
2433 4621 2762 4689 impossible.
2805 4620 2842 4673 Il
2874 4633 2939 4672 ne
2984 4616 3204 4687 pouvait
3245 4616 3436 4689 guéres

1855 4705 1888 4760 y
1919 4689 2070 4760 avqir
2099 4696 2254 4760 autre
2278 4689 2441 4744 chose
2478 4705 2581 4760 que
2604 4689 2837 4760 referens
2853 4696 2922 4740 te.

1932 4757 1951 4796 ί
1994 4758 2161 4812 Faute
2184 4759 2249 4812 de
2279 4755 2521 4828 quantité
2558 4755 2672 4812 tout
2710 4759 2737 4809 Ξι
2773 4759 2868 4810 fait
2894 4755 3172 4828 conforme
3209 4773 3311 4828 aux
3336 4757 3437 4813 ba-

1854 4828 2067 4899 bitudcs
2093 4828 2166 4899 ide
2197 4844 2258 4883 ce
2298 4826 2491 4899 temps,
2535 4829 2604 4882 oh
2637 4829 2739 4882 l'on
2788 4826 2933 4880 avait
2984 4827 3153 4896 perdu
3206 4827 3437 4882 l‘accen-

1854 4898 2058 4951 tuation
2091 4898 2272 4953 latine.

1930 4969 1954 5006 ⁸
1995 4966 2217 5020 Silentes
2256 4967 2340 5020 n‘a
2366 5035 2370 5036 ί
2393 4983 2490 5036 pas
2537 4967 2602 5036 de
2638 4981 2832 5036 sens;_
2859 4965 2893 5036 il
2931 4964 3044 5018 faut
3074 4964 3176 5036 lire
3203 4966 3432 5036 silenta,

1858 5035 2103 5106 adverbe
2123 5035 2376 5106 employé
2398 5034 2411 5036 “
2429 5035 2523 5089 dés
2546 5035 2603 5106 ile
2650 5034 2928 5106 t_v_'__siécle
2958 5050 3055 5090 nar
3082 5034 3133 5088 le
3159 5049 3193 5102 p
3217 5038 3314 5089 ιόιθ
3339 5035 3430 5089 Ju-

1857 5119 2058 5159 vencus
2087 5103 2252 5175 (Hist.
2288 5105 2508 5174 Evang.,
2539 5105 2625 5167 Ill,
2657 5103 2782 5175 462)
2813 5122 2827 5156 :

2202 5233 2212 5243 .
2238 5229 2251 5245 .
2353 5232 2369 5246 .
2396 5197 2496 5253 Qua
2523 5197 2721 5256 pinguia
2744 5193 2872 5244 culta
2895 5193 3090 5244 silenter

2048 5254 2257 5318 Agmine
2280 5255 2508 5306 Iordanis
2525 5254 2702 5306 'viridis
2720 5259 2992 5319 prorumpit
3018 5265 3230 5304 alumno.

1932 5353 1962 5394 ει
2001 5352 2057 5407 Id
2086 5362 2168 5406 est
2194 5353 2394 5406 mendw

1942 5425 1959 5463 ί
2006 5422 2206 5491 Nempe
2233 5422 2617 5479 Winidbarius.

1943 5491 1957 5542 ἱ
2009 5493 2068 5547 Si
2100 5507 2198 5560 pro
2232 5502 2306 5545 ut.
