4064 6290
280 234 303 287 1
314 229 415 289 ἷϐι

277 358 433 403 mres
461 342 683 412 quinos
707 326 1117 412 praecesseruut,

277 400 578 488 gloriosum
606 400 980 488 imperatorem
1030 400 1299 488 Caroium,
1332 400 1497 471 quasi
1526 400 1754 488 formam
1780 401 1885 454 vi-v

276 474 445 542 vendi
475 491 640 550 atque
682 474 924 550 subditos
967 474 1200 550 regendi-
1225 485 1272 550 ι·
1291 486 1660 550 sequeremur,
1697 483 1861 550 etse-

278 555 502 627 quendo
554 542 669 621 pra:
696 547 880 627 _ocu_lis
910 558 1133 627 semper
1186 543 1555 627 haberemus;
1588 542 1860 627 adtentius

236 616 249 621 ’
278 611 662 684 imitationem,
689 617 778 687 jus
802 611 1184 687 Ecclesiarum,
1232 618 1428 667 statum
1458 611 1763 687 reipublica:
1786 612 1861 664 in-

280 697 575 755 columem,
615 698 670 744 et
690 683 870 759 legum
919 684 1299 753 integritatem,
1331 696 1427 752 per
1478 688 1646 735 totum
1695 683 1860 752 impe~

278 766 429 819 rium
456 770 700 815 nostrum
732 768 1087 814 servaremus.

355 835 411 887 2.
450 832 568 901 Ipse
610 829 766 901 enim
824 835 934 901 tota
973 823 1164 901 cordis
1200 818 1500 901 intentione
1534 820 1607 901 ad
1644 827 1859 901 meras;

274 905 412 957 vita:
436 889 655 969 prmmia
683 897 961 969 anhelans,
1002 893 1068 947 ad
1095 890 1675 969 diiatandatngioriam
1699 889 1857 944 Chri-

275 959 453 1028 stiani
500 968 752 1031 nominis,
790 975 844 1021 et
866 964 1068 1019 cultum
1114 961 1307 1015 divina:
1351 959 1624 1030 religionis
1659 974 1857 1028 propa-

278 1041 542 1108 gandum,
559 1045 689 1107 quot
709 1037 1049 1108 episcopatus
1067 1030 1418 1108 constituerit,
1444 1037 1573 1099 quot
1591 1030 1855 1108 abbatias,

322 1120 420 1166 not
442 1100 697 1164 ecclesias
722 1100 758 1160 a
786 1100 1131 1159 fmudamento
1166 1101 1419 1163 erexerit,
1463 1100 1677 1168 quantis
1712 1113 1855 1169 prae—

322 1128 420 1166 ιιοι
442 1128 697 1164 8001881215
722 1128 751 1160 a
786 1128 1131 1159 llﬂlualucuw
1166 1128 1419 1163 vitam“,
1463 1128 1677 1168 quartus
1712 1128 1855 1169 prec-

275 1128 391 1236 siis
416 1177 771 1234 acbeneficiis
793 1175 910 1229 illas
948 1172 1218 1235 ditaverit,
1244 1179 1568 1239 quantarum
1613 1169 1858 1238 largitate

277 1252 745 1317 eleemosynarum
775 1259 881 1299 non
911 1242 1083 1317 solum
1124 1242 1178 1294 in
1202 1240 1525 1317 cismarinis,
1559 1239 1653 1317 sed
1693 1240 1857 1317 etiam

277 1320 341 1373 in
391 1307 767 1373 transmarinis
812 1314 1068 1382 partibus
1111 1309 1519 1382 resplenduerit,
1578 1310 1692 1378 ipsa
1739 1307 1858 1377 ejus

278 1405 448 1456 opera
478 1396 533 1441 et
573 1379 843 1456 gestorum
874 1380 1166 1456 volumina,
1205 1379 1355 1456 quae
1384 1379 1613 1456 piurima
1641 1388 1696 1456 e_t
1736 1394 1855 1456 ma-
1874 1416 1889 1431 κ

278 1447 429 1511 xima
475 1447 618 1519 sunt,
651 1454 753 1509 fide
802 1453 1032 1517 oculata,
1082 1447 1287 1519 plenius
1325 1447 1616 1503 declarant.
1659 1449 1714 1502 ln
1752 1447 1858 1519 ﬁde

280 1541 499 1597 quoque
524 1518 725 1597 Christi
745 1594 755 1597 Α
775 1522 1068 1597 dilatanda,
1088 1518 1167 1597 et
1192 1519 1247 1572 in
1278 1519 1627 1573 conversione
1680 1518 1858 1597 gentis

279 1587 582 1651 barbaricae
636 1593 791 1649 fortis
842 1591 1039 1646 athleta
1095 1588 1216 1651 fuit,
1245 1598 1300 1643 et
1349 1604 1511 1643 verus
1536 1587 1851 1656 apostolus:

1522 218 1765 276 sscno
1799 218 1841 273 ι.
1880 196 2278 275 LITURGICA.

1204 330 1433 402 rrecipue
1482 333 1774 402 maximum
1804 339 1860 402 et
1885 331 1938 391 A
1963 346 2223 400 granum,
2272 336 2434 401 caput
2473 329 2791 402 civitatum,
2827 318 3150 402 venerabilis
3196 321 3373 386 clerus
3410 348 3535 390 cum

3395 210 3534 273 1562

1966 398 2313 456 devotissimo
2336 398 2559 471 populo,
2596 398 2833 471 quodin
2873 398 3175 471 diademate
3201 402 3379 470 regni,
3415 403 3537 460 aliis

1960 471 2294 542 principibus
2314 469 2368 526 et
2392 469 2640 542 gloriosis
2658 469 2791 525 locis
2805 469 3203 542 speciosissime
3219 469 3537 542 ornamento

1963 541 2259 604 distinctis,
2295 542 2350 595 in
2380 540 2557 610 capite
2581 555 2796 596 corona:
2821 540 3088 607 positum,
3119 540 3274 608 quasi
3306 542 3539 609 perluci-

1961 610 2152 681 darum
2181 626 2515 681 gemmarum
2544 611 2828 681 splendore
2848 618 3129 681 coruscat,
3157 618 3210 681 et
3235 610 3327 681 illo
3357 611 3538 681 singu-

1960 678 2059 751 iari
2085 689 2138 735 et
2165 678 2432 750 corporali
2460 678 2657 751 gaudet
2682 688 2940 751 patrono,
2965 679 3057 751 qui
3082 678 3390 751 christiana;
3412 678 3537 738 fidei

1960 748 2348 821 illustrations,
2397 758 2451 805 et
2466 748 2638 820 legis,
2679 748 2786 821 qua
2826 749 3198 821 unusquisque
3220 750 3403 821 vivere
3445 751 3539 807 de-

1957 817 2109 884 beat,
2146 820 2448 875 Romanum
2474 817 2714 875 de‘corat'
2736 817 3042 888 imperium.
3072 817 3198 874 Haac
3222 820 3368 876 enim
3409 836 3534 876 mu-
3576 840 3593 847 -

1958 890 2091 945 tatio
2141 898 2227 945 est
2272 891 2506 946 dextera:
2525 890 2771 955 Excelsi,
2819 890 2963 959 quod
2985 903 3084 958 pro
3127 888 3338 954 Grano,
3365 890 3537 946 fratre

1958 958 2219 1025 Neronis,
2247 960 2585 1015 fundatorem
2611 960 2774 1015 habet
2809 958 3212 1014 sanctissimum
3247 959 3532 1027 Carolum;

1956 1044 2056 1100 pro
2097 1046 2306 1100 pagano
2350 1039 2403 1086 et
2443 1031 2671 1086 scelesto
2699 1070 2715 1094 ,
2752 1030 3139 1100 imperatorem
3182 1030 3529 1085 catholicum.

1957 1098 2122 1167 Cujus
2161 1098 2277 1163 nos,
2308 1109 2571 1169 quantum
2607 1099 2840 1170 propitia
2872 1100 3137 1154 Divinitas
3173 1102 3531 1166 concesserit,

1955 1171 2173 1238 pietatis
2216 1172 2457 1240 vestigiis
2500 1171 2857 1234 inhaerentes,
2912 1170 3277 1240 venerabilem
3329 1171 3537 1226 elerum
3596 1173 3604 1180 ’

1957 1240 2291 1309 Aquensem,
2330 1256 2454 1296 cum
2483 1240 2710 1297 ecclesia
2744 1241 3097 1296 sanctissimae
3118 1239 3213 1294 Dei
3241 1239 3537 1297 Genitricis

1958 1310 2159 1375 Mari-.12,
2190 1311 2642 1380 excellentissimo
2662 1325 2824 1380 opere
2846 1316 3157 1366 constructa
3173 1350 3187 1375 ,
3213 1318 3266 1364 et
3287 1312 3537 1367 omnibus

1955 1382 2171 1448 prsidiis
2212 1379 2345 1448 eius,
2378 1396 2481 1435 nec
2520 1395 2627 1435 non
2658 1379 2711 1436 et
2736 1381 2908 1449 ipsam
2944 1380 3216 1450 civitatem
3240 1380 3535 1450 Aquisgra-

1954 1466 2105 1513 num,
2142 1466 2262 1521 quae
2296 1459 2458 1522 caput
2479 1458 2547 1522 et
2570 1452 2725 1522 sedes
2757 1450 2923 1522 regni
2955 1449 3237 1522 Teutonici
3283 1449 3385 1513 est,
3426 1467 3534 1505 una

1957 1536 2080 1590 eum
2109 1519 2361 1576 oninibus
2386 1520 2609 1576 civibus
2625 1519 2759 1590 ejus,
2787 1519 2894 1590 tam
2918 1520 3220 1575 minoribus
3241 1536 3401 1589 quam
3423 1536 3534 1575 ma-

1953 1589 2193 1657 joribus,
2241 1592 2342 1646 sub
2382 1597 2622 1646 nostram
2650 1589 2979 1661 imperialem
3004 1590 3286 1645 tuitionem
3310 1591 3535 1660 suscipi-

278 1668 427 1720 sicut
452 1665 707 1728 Saxonia,
736 1671 792 1717 et
804 1661 1113 1738 ‘Fresonia,_
1120 1666 1287 1738 atque
1305 1658 1664 1738 __Westphalia_,
1694 1658 1860 1738 Eilis-
1889 1676 1935 1738 Β
1962 1676 2112 1738 mus,
2143 1670 2197 1715 et
2225 1675 2441 1738 omnem
2469 1658 2774 1738 libertatein
2798 1668 2853 1715 et
2872 1659 3181 1738 justitiam,_
3200 1676 3361 1738 quam
3407 1658 3533 1716 san-

277 1738 410 1805 pani
440 1749 652 1804 quoque
696 1727 980 1805 testantur,
1013 1738 1068 1784 et
1090 1728 1561 1805 Wandaii,__quo_s_
1585 1729 1654 1782 ad
1698 1727 1857 1805 fidem

277 1798 605 1860 catholicam
652 1804 816 1857 verbo
865 1799 1131 1856 convertit
1169 1806 1225 1852 et
1267 1798 1462 1868 gladio.
1501 1798 1654 1853 Licet
1694 1798 1858 1852 etiam

278 1876 453 1944 ipsius
481 1876 715 1928 animum
760 1888 867 1944 non
918 1868 1292 1944 pertransierit
1341 1868 1566 1944 gladius,
1601 1868 1858 1944 diversa-

277 1937 405 1999 rum
434 1953 613 1998 tamen
642 1937 949 2011 passionum
996 1937 1290 2011 tribulatio,
1313 1937 1376 2011 et
1416 1937 1713 2008 periculosa
1741 1953 1861 1993 cen-

277 2016 508 2079 tamina,
538 2021 593 2068 et
618 2007 861 2067 voluntas
888 2007 1149 2064 moriendi
1179 2007 1486 2079 quotidiana
1514 2023 1612 2079 pro
1635 2023 1861 2062 conver-

276 2083 461 2139 tendis
497 2077 816 2144 incredulis,
846 2095 971 2134 eum
1018 2086 1311 2144 martyrem
1360 2077 1507 2133 fecit.
1549 2077 1698 2133 Nunc
1729 2093 1859 2133 vero

276 2154 517 2210 electum
545 2161 600 2207 et
633 2150 1030 2206 sanctissimum
1057 2146 1422 2203 confessorem
1468 2163 1590 2202 eum
1627 2146 1860 2202 fatemur

275 2234 339 2279 et
363 2238 687 2278 veneramur
710 2222 775 2296 in_
795 2219 974 2283 terris,
1017 2233 1177 2341 quem
1232 2218 1286 2271 in
1327 2226 1512 2272 sancta
1567 2233 1858 2273 conversa-

275 2295 431 2341 tione
456 2293 674 2341 vixisse.
706 2299 762 2341 et
779 2306 915 2341 nura
934 2304 1032 2341 con
1058 2303 1268 2341 essuone
1293 2295 1348 2341 et
1374 2303 1501 2341 vera
1542 2290 1857 2341 omnitentia

275 2295 431 2348 tione
456 2293 674 2355 vixisse,
706 2289 915 2360 et'pura
934 2288 1268 2360 confessione
1293 2295 1348 2341 et
1374 2303 1501 2341 vera
1542 2290 1857 2360 paenitentia

278 2365 352 2419 ad
381 2363 667 2418 Dominum
697 2357 978 2429 migrasse,
1000 2366 1057 2412 et
1081 2359 1223 2413 inter
1249 2366 1462 2429 sanctos
1478 2374 1481 2375 '
1499 2357 1854 2423 confessores,

275 2441 526 2556 sancuilm
554 2440 610 2488 et
631 2428 817 2487 verum
854 2428 1214 2485 confessorem
1241 2428 1512 2483 credimus
1545 2437 1856 2484 coronatum

276 2520 337 2556 ιη
366 2517 451 2556 cm
492 2518 539 2556 8.

276 2520 337 2558 ιη
366 2517 539 2558 emus.

352 2574 407 2628 5.
449 2573 576 2626 lnde
622 2579 706 2627 est
732 2570 875 2639 quod
921 2582 1033 2639 nos
1065 2567 1310 2639 gloriosis
1345 2565 1519 2639 factis
1547 2574 1603 2623 et
1648 2568 1858 2639 meritis

274 2642 605 2697 sanctissimi
636 2636 1182 2710 imperatorisCa'roli
1231 2636 1563 2710 confidenter
1610 2637 1853 2710 animati,

277 2721 338 2767 et
372 2711 553 2767 sedula
575 2706 831 2767 petitione
851 2708 1155 2763 charissimi
1182 2708 1342 2761 amici
1391 2708 1562 2761 nostri
1591 2718 1614 2746 ο
1640 2706 1857 2763 Henrici

277 2783 427 2851 regis
450 2776 653 2850 Anglire
685 2779 1155 2851 inducti,_assen_su
1192 2784 1248 2831 et
1291 2778 1611 2851 auctoritate
1653 2776 1856 2832 domini

278 2847 580 2915 Paschalis,
602 2858 658 2905 et
682 2866 746 2905 ex
775 2848 997 2904 consilio
1017 2848 1388 2901 universorum
1413 2847 1713 2917 principum
1748 2855 1856 2901 tam

278 2922 619 2977 smeularium
645 2935 805 2988 quam
827 2917 1338 2988 ecclesiasticorum,
1356 2931 1455 2985 pro
1483 2916 1780 2971 elevatione
1804 2926 1857 2972 et

278 2992 605 3048 exaltatione
649 2986 971 3044 sanctissimi
1000 2987 1243 3057 corporis
1292 2986 1611 3057 ejus-atque
1639 2988 1856 3042 canoni-

278 3063 515 3123 zatione,
569 3059 857 3114 solemnem
911 3056 1118 3112 curiam
1146 3058 1199 3112 in
1247 3056 1422 3111 natale
1464 3056 1674 3127 Domini
1713 3057 1853 3127 apud

278 3130 685 3209 Aquisgranumg
697 3128 1085 3209 celebravimus
1116 3145 1128 3180 :
1158 3127 1248 3209 ubi
1270 3142 1478 3209 corpus.
1492 3125 1614 3209 ejus.
1630 3125 1856 3209 sanctis-

280 3195 501 3270 simum,
533 3214 643 3270 prae
672 3199 868 3270 timore
910 3198 1082 3253 hostis
1119 3196 1311 3270 exieri,
1354 3195 1439 3250 vel
1467 3195 1671 3270 inimici
1700 3195 1857 3251 fami-

280 3268 455 3333 liaris,
487 3265 639 3325 caute
659 3268 1011 3331 reconditum,
1054 3267 1146 3321 sed
1176 3267 1352 3320 divina
1390 3265 1714 3319 revelatione
1735 3282 1854 3320 ma-

282 3338 593 3416 nifestatum
623 3338 940 3416 ad_laudemﬁ
955 3347 1007 3391 et
1031 3336 1251 3416 gloriam
1299 3336 1528 3416 nominis
1556 3334 1857 3416 Christi,‘et

285 3410 355 3463 ad
385 3409 872 3464 corroborationem
905 3403 1128 3460 Romani
1185 3405 1416 3473 imperii.
1441 3411 1495 3458 et
1520 3403 1746 3457 salutem
1776 3405 1857 3460 di-

283 3476 438 3534 lecta:
508 3478 773 3534 consortis
836 3485 1031 3530 nostra:
1088 3472 1344 3530 Beatricis
1408 3472 1765 3543 imperatricis
1802 3484 1858 3531 et

285 3549 518 3603 filiorum
548 3558 851 3602 nostrorum
878 3546 1136 3600 Friderici
1164 3553 1220 3600 et
1259 3544 1641 3615 llenrici,cum
1664 3560 1855 3615 magna

284 3617 589 3688 frequentia
622 3617 956 3689 principum,
989 3624 1043 3670 et
1089 3616 1304 3689 copiosa
1359 3614 1698 3689 multitudine
1726 3614 1852 3669 cieri

284 3697 341 3743 et
376 3683 572 3759 populi,
616 3683 668 3741 in
710 3683 922 3759 hymnis
946 3694 1009 3759 et_
1055 3683 1280 3759 canticis
1325 3683 1690 3759 spiritualibus
1734 3700 1856 3739 cum

286 3752 481 3813 timore
523 3767 576 3812 et
606 3752 908 3812 reverentia
965 3755 1288 3811 clevavimus
1336 3752 1389 3809 et
1420 3752 1774 3810 exaltavimus
1802 3770 1856 3811 1v

284 3826 551 3882 Kalendas
577 3825 698 3881 Jan.

356 3898 411 3951 4.
454 3897 548 3951 His
570 3906 748 3951 autem
794 3895 1042 3966 omnibus
1082 3894 1310 3966 gloriose
1337 3893 1596 3966 peractis,
1642 3909 1763 3947 cum
1801 3894 1856 3966 in

282 3968 574 4048 pra;dic_to_
606 3966 758 4048 ioco,
793 3964 946 4048 cujus
1001 3964 1141 4048 ipse.
1164 3964 1417 4048 fundator
1465 3964 1767 4048 exstiterat,
1790 3964 1857 4018 de

283 4034 454 4105 ipsius
478 4037 577 4090 loci
611 4037 876 4099 libertate,
917 4034 1173 4089 institutis
1216 4036 1391 4102 legum
1433 4042 1489 4089 et
1512 4034 1661 4105 pacis
1698 4043 1857 4105 alque

281 4103 739 4178 justitiaefquibus
768 4114 937 4178 totum
965 4107 1148 4178 orbem
1188 4111 1420 4178 rexerat,
1443 4103 1736 4178 diligenter
1757 4103 1857 4178 _in-

283 4173 642 4244 quireremus,
671 4190 815 4244 ecce
845 4175 1039 4227 fratres
1078 4173 1315 4239 ejusdem
1345 4173 1588 4228 ecclesim
1632 4173 1854 4243 privile-

282 4243 429 4315 gium
459 4245 631 4299 sancti
655 4243 829 4315 Caroli
850 4245 915 4315 de
938 4244 1245 4299 fundatione
1263 4253 1317 4315 et
1337 4243 1857 4315 dedicationeipsius

283 4312 629 4369 nobilissimm
672 4313 927 4373 ecclesiae,
983 4323 1037 4383 et
1087 4315 1151 4366 de
1181 4314 1624 4383 institutionibus
1680 4312 1853 4383 legum

282 4384 659 4448 humanarum,
690 4391 744 4436 et
769 4383 943 4438 civilis
981 4381 1121 4450 juris
1145 4381 1383 4451 ejusdem
1423 4383 1676 4445 civitatis,
1698 4381 1865 4451 nobis-

280 4455 337 4508 in
364 4455 594 4511 medium
623 4453 977 4522 protulerunt,
1005 4453 1145 4521 quod
1176 4450 1261 4505 ne
1304 4460 1543 4505 vetustas
1591 4450 1848 4522 aboleret,

279 4524 366 4576 vel
408 4539 474 4577 ne
512 4521 974 4592 per’oblirionem
1016 4523 1302 4591 deperiret,
1356 4530 1538 4575 nostra
1592 4521 1852 4592 imperiali

282 4591 605 4647 auctoritate
656 4591 1049 4663 renovavimus.
1116 4592 1367 4662 Ejusdem
1417 4606 1549 4646 vero
1588 4591 1852 4663 privilegii

281 4670 439 4716 tenor
465 4672 519 4716 et
546 4662 810 4716 institutio
835 4661 955 4715 talis
979 4669 1083 4716 est.

487 4800 767 4887 Privilcgia
794 4800 1292 4872 Aquisgranensibus
1318 4800 1648 4869 conﬁrmata.

353 4888 590 4946 Laetetur
616 4889 779 4960 igitur
803 4898 858 4945 et
887 4888 1120 4945 exsultet
1146 4887 1401 4943 ineffabili
1440 4889 1636 4957 gaudio
1662 4888 1863 4959 Aquis~

357 5033 382 5061 ι
421 5020 477 5075 ld
503 5021 547 5075 si
569 5019 801 5081 fecisset,
835 5034 940 5073 non
970 5025 1050 5072 tot
1087 5018 1244 5072 annis
1279 5017 1663 5085 impugnasset,
1691 5031 1855 5085 quam

281 5089 510 5171 Carolus
560 5090 867 5145 fidelissime
905 5103 1116 5158 semper
1152 5087 1305 5152 fovit,
1346 5087 1641 5140 Romanam
1672 5088 1857 5143 Eccle-

313 5177 438 5213 iam.

279 5178 308 5215 8
355 5230 383 5268 δ
422 5229 755 5283 Allucinatur
793 5227 1166 5283 sebismaticus
1190 5224 1395 5281 Cmsar.
1431 5223 1547 5280 Non
1589 5227 1855 5281 convertit

280 5297 549 5368 Hispanos
585 5298 826 5361 Carolus,
873 5306 927 5351 at
949 5297 1118 5368 solum
1152 5295 1432 5368 nonnullas
1481 5310 1667 5350 eorum
1695 5298 1855 5353 urbes

280 5382 312 5422 e
342 5366 587 5423 manibus
613 5368 1004 5422 Saracenorum
1032 5366 1248 5434 eripuit.

356 5449 379 5476 ιι
424 5436 772 5517 ἰξρηιέὶριιεᾟ,
798 5437 1001 5517 anglis:
1027 5451 1140 5517 Eex,
1174 5436 1274 5489 sub
1305 5449 1422 5517 quo
1451 5442 1667 5517 sanctus
1710 5435 1856 5517 Thof
1930 5450 1933 5453 '

282 5522 402 5561 mas
447 5508 848 5562 Cantuariensis
886 5503 1199 5559 interfectus
1239 5512 1338 5564 est,
1374 5504 1724 5573 inauguratus
1771 5514 1855 5559 est

283 5591 377 5633 xuv
405 5576 522 5630 Kal.
549 5576 692 5641 Jan.,
743 5576 1013 5630 Dominica
1062 5581 1184 5628 ante
1233 5572 1576 5628 Nativitatem
1629 5574 1850 5641 Christi,

284 5646 625 5713 auuolliid;
655 5647 787 5702 obiit
812 5645 982 5716 pridie
1009 5644 1141 5699 Non.
1182 5642 1284 5699 Jul.
1317 5644 1473 5700 1189.

1880 3023 1927 3086 C

1962 1731 2235 1787 ctissimus
2262 1730 2487 1787 Carolus
2518 1728 2740 1800 ejusque
2760 1728 3101 1786 successores
3134 1728 3235 1785 eis'
3252 1732 3532 1795 dederunt,

1960 1801 2043 1882 eis
2068 1801 2451 1882 confirmamus
2491 1819 2505 1856 :
2548 1809 2846 1882 statuentes
2887 1808 2943 1882 et
2968 1800 3083 1871 lege
3109 1809 3367 1882 perpetuo
3395 1801 3532 1854 vali-

1960 1878 2081 1925 tura
2113 1872 2516 1938 conlirmantes,
2556 1879 2617 1926 ut
2642 1886 2831 1927 omnes
2858 1871 3003 1926 cives
3028 1870 3219 1925 nostri
3256 1870 3535 1940 Aquenses

1963 1955 2063 2010 per
2089 1957 2251 1997 omne
2267 1941 2569 2012 Romanum
2597 1942 2879 2011 imperium
2906 1940 3301 2012 negotiationes
3321 1955 3448 2012 suas
3467 1942 3536 1994 ab

1960 2013 2106 2082 omni
2132 2012 2335 2077 telonii,
2360 2011 2589 2082 pedagii,
2623 2010 2905 2075 curardize,
2934 2010 3213 2079 vectigalis
3253 2010 3536 2065 exactione

1961 2081 2137 2146 liberi,
2169 2084 2373 2152 absque
2398 2081 2545 2137 omni
2584 2082 2987 2152 impedimento,
3017 2082 3184 2152 libere
3216 2089 3530 2152 exerceant;

1960 2161 2014 2206 et
2039 2153 2177 2208 sicut
2205 2150 2580 2208 sanctissimus
2601 2150 2828 2206 Carolus
2851 2152 3146 2216 imperator
3171 2150 3423 2216 instituit,
3454 2151 3535 2204 in-

1960 2223 2180 2347 digenas
2205 2221 2366 2305 hujus
2390 2223 2626 2306 civitatis
2654 2236 2823 2278 sacrae
2853 2219 3118 2303 etlibera:
3144 2235 3302 2303 nemo
3323 2219 3390 2274 de
3419 2235 3535 2275 ser-

1960 2308 2010 2347 va
2079 2295 2386 2347 conditione
2409 2300 2663 2347 impetat:
2695 2307 2855 2347 nemo
2882 2290 3132 2346 libertate
3160 2306 3374 2347 privare
3397 2305 3535 2347 ora:-

1960 2290 2049 2347 vifi
2079 2290 2386 2348 conditione
2409 2294 2663 2363 impetat;
2695 2307 2855 2363 nemo
2882 2290 3132 2346 libertate
3160 2292 3374 2363 privare
3397 2305 3535 2360 pra:-

1959 2372 2159 2418 sumat.
2192 2364 2415 2433 Insuper
2450 2378 2639 2419 omnes
2685 2363 2752 2417 ad
2780 2362 2921 2416 hanc
2951 2363 3133 2433 sedem
3168 2362 3531 2430 pertinentes,

1958 2434 2135 2488 nullus
2177 2431 2362 2501 regqu
2392 2434 2474 2488 vel
2510 2433 2915 2502 imperatorum,
2964 2431 3268 2500 ubicunque
3312 2446 3533 2485 moren-

1960 2511 2068 2569 tur,
2098 2505 2259 2558 alicui
2294 2519 2539 2573 personae
2571 2501 2623 2557 in
2668 2502 2885 2559 feudum
2930 2501 3256 2573 concedendi
3290 2509 3532 2570 potesta-

1958 2580 2067 2627 tem
2114 2572 2329 2629 habeat.
2379 2574 2669 2638 Caeterum,
2701 2580 2757 2628 ut
2786 2585 2975 2626 omnes
3006 2572 3361 2627 sanctissima:
3406 2586 3534 2626 con-

1956 2645 2265 2699 stitutiones
2294 2643 2587 2699 beatissimi
2614 2642 2791 2698 Caroli
2814 2642 2978 2697 totius
2993 2641 3347 2711 perennitatis
3368 2642 3534 2696 robur

1956 2714 2218 2777 obtineat,
2249 2724 2567 2783 praesentem
2594 2714 2717 2768 inde
2740 2714 2989 2782 paginam
3029 2711 3317 2783 conscribi,
3344 2720 3398 2783 et
3437 2726 3532 2765 au-

1958 2799 2060 2863 rea
2073 2784 2219 2863 bulla
2243 2780 2490 2863 signiqlue
2509 2783 2678 2863 nostri
2701 2780 3013 2863 charactere
3030 2783 3231 2851 signari
3244 2780 3527 2863 jussimus.

2029 2854 2252 2922 Signum
2284 2855 2485 2909 domini
2529 2853 2794 2909 Friderici
2840 2853 3207 2913 Romanorum
3243 2853 3533 2921 imperato-

1958 2924 2052 2978 ris.
2104 2924 2215 2989 Εκο
2255 2924 2516 2979 Henricus
2559 2924 2698 2978 sacri
2732 2923 2914 2991 palatii
2956 2922 3388 2991 protonotarius,
3417 2922 3534 2976 vice

1956 2994 1983 3033 ἀ
2014 2995 2305 3061 Christiani
2336 2993 2799 3049 arebieancellarii
2827 3001 2881 3047 et
2908 2992 3230 3064 Moguntina:
3258 2991 3401 3046 sedis
3425 2991 3533 3045 ele-

1957 3065 2048 3125 cti,
2086 3065 2391 3132 recognovi.

2025 3131 2221 3205 Datum
2262 3134 2616 3205 Aquisgrani,
2646 3149 2788 3188 anno
2817 3132 3110 3188 Dominicaa
3148 3131 3535 3205 incarnationis

1954 3204 2241 3259 millesimo
2284 3201 2580 3260 centesimo
2628 3205 2965 3267 sexagesimo
3012 3211 3187 3267 sexto,
3240 3201 3531 3256 indictione

1956 3274 2160 3344 decima
2190 3282 2404 3344 quarta,
2438 3282 2590 3329 sexto
2612 3274 2735 3328 ldus
2756 3272 3020 3337 Januarii,
3053 3280 3312 3342 regnante
3336 3272 3534 3344 domno

1955 3338 2231 3398 Friderico
2272 3338 2639 3400 Romanorum
2676 3345 3021 3411 imperatore,
3071 3338 3213 3396 anno
3242 3342 3390 3410 regni
3418 3338 3535 3411 ejus

1961 3424 1984 3451 θ
2010 3414 2216 3467 decimo
2240 3422 2464 3480 quarto,
2493 3414 2703 3481 imperii
2748 3409 2874 3468 vero
2898 3412 3215 3467 undecimo.
3250 3409 3442 3467 Actum
3476 3409 3530 3468 in

1956 3481 2169 3538 Christo
2195 3484 2442 3539 feliciter.
2477 3482 2670 3538 Amen.

2726 3573 2816 3631 IV.

2309 3666 2575 3723 Miracula
2601 3666 2735 3721 beati
2768 3663 2945 3719 Caroli
2974 3662 3187 3734 Magni-

2368 3756 2463 3819 (Ex
2488 3757 2626 3807 Actis
2642 3757 2946 3815 Sanctorum,
2968 3755 3114 3815 ibid.)

2030 3840 2082 3895 1.
2121 3841 2323 3897 Fidelis
2348 3840 2513 3911 igitur
2537 3855 2716 3911 sermo
2738 3848 2794 3894 et
2812 3838 2971 3911 omni
3002 3836 3314 3911 acceptione
3337 3837 3531 3911 dignus

1958 3911 2025 3967 de
2054 3912 2163 3964 vita
2194 3919 2250 3965 et
2290 3907 2532 3966 moribus
2562 3910 2837 3979 signisque
2872 3908 3183 3964 coelestibus
3207 3907 3531 3979 sanctissimi

1958 3982 2298 4050 imperatoris
2327 3979 2508 4035 Caroli
2535 3976 2730 4051 Magni,
2749 3976 2851 4050 pro
2877 3979 3097 4033 minima
3119 3988 3393 4049 gestorum
3413 3976 3532 4051 ejus

1957 4048 2128 4121 parte,
2161 4051 2339 4121 inopia
2365 4048 2643 4105 librorum'
2658 4048 2769 4105 nos?
2782 4048 3139 4121 angustante,
3152 4051 3445 4119 productus
3461 4048 3532 4104 ad

1958 4120 2128 4176 nostri
2151 4120 2407 4190 temporis
2428 4122 2586 4190 digne
2610 4120 2986 4176 memorabiles
3004 4128 3226 4177 eventus
3249 4136 3418 4190 usque
3439 4121 3532 4190 de-

1958 4190 2129 4246 fluxit.
2162 4189 2309 4258 Quos
2333 4191 2435 4247 etsi
2467 4189 2876 4260 opportunitas,
2915 4206 3157 4259 congruo
3194 4189 3399 4246 natura:
3427 4189 3528 4260 di-

1959 4262 2113 4316 cendi
2135 4262 2326 4317 ordine
2345 4258 2553 4324 oblata,
2564 4261 2809 4315 evolvere
2836 4260 2952 4316 zelo
2976 4258 3253 4316 cliaritatis
3280 4258 3524 4327 impellit.

1958 4331 2274 4387 Audivimus
2294 4346 2546 4399 namque,
2573 4339 2628 4385 et
2655 4330 2852 4386 celebri
2879 4344 3127 4386 sermone
3158 4330 3251 4383 diu
3272 4329 3526 4399 multum—

1959 4416 2065 4470 que
2108 4403 2248 4470 apud
2280 4417 2378 4455 nos
2401 4397 2698 4469 vulgatum,
2732 4401 3043 4455 idoneorum
3087 4407 3141 4452 et
3182 4398 3417 4470 fidelium
3447 4397 3525 4470 vi.-

1956 4466 2427 4527 rorunfrelatione
2447 4466 2731 4525 didicimus
2757 4470 2958 4525 nostris
2988 4469 3317 4537 temporibus
3338 4466 3529 4536 Aquis-

1993 4541 2107 4593 rani
2136 4541 2426 4609 gloriosum
2455 4541 2747 4611 contigisse
2771 4538 3108 4601 miraculum,
3140 4538 3284 4607 quod
3315 4538 3382 4594 ad
3407 4538 3524 4591 lau-

1956 4557 2077 4665 gem
2109 4610 2203 4665 Dei
2231 4619 2286 4665 et
2309 4610 2677 4665 beatissimam
2701 4609 3013 4664 memoriam
3039 4606 3329 4663 orthodoxi
3346 4606 3524 4662 Caroli

1993 4625 2077 4664 em
2109 4606 2203 4665 Dei
2231 4619 2286 4666 et
2309 4606 2677 4665 beatissimam
2701 4609 3013 4664 memoriam
3039 4606 3329 4663 orthodoxi
3346 4606 3525 4662 Caroli

1956 4680 2133 4749 Magni
2179 4682 2279 4735 sub
2314 4681 2527 4736 silentio
2562 4694 2809 4750 premere
2854 4677 3159 4750 nullatenus
3183 4679 3527 4750 praesumpsi-

1956 4745 2094 4812 mus,
2135 4766 2205 4805 ne
2229 4750 2435 4819 judicio
2469 4745 2760 4804 Dominica:
2795 4748 3035 4816 pecuniae
3087 4747 3159 4803 in.
3181 4745 3401 4805 terram,
3432 4745 3526 4803 de—

1956 4820 2341 4901 fos‘szennieritu
2376 4834 2693 4901 arguamur:

2025 4889 2091 4944 ‘2.
2106 4891 2224 4945 Fuit
2263 4888 2418 4959 'gitur
2442 4886 2499 4943 in
2536 4886 2938 4958 praefataregia
2964 4886 3194 4950 civitate
3213 4886 3525 4942 adolescens

2025 5020 2052 5060 ἀ
2084 5018 2423 5075 Christianus
2449 5016 2490 5081 l,
2521 5015 2863 5086 Moguntinus
2892 5017 3350 5086 episcopusuxt,
3385 5016 3526 5073 Con-

1955 5091 2106 5153 rado,
2134 5090 2278 5157 quod
2300 5085 2693 5157 Alexandro’lll
2724 5085 2948 5157 faveret,
2978 5086 3182 5156 ejecta,
3206 5101 3525 5157 quanquam

1954 5167 2010 5214 et
2028 5155 2299 5213 ante—eum
2337 5156 2540 5211 electus
2571 5156 2769 5220 fuerat,
2803 5156 2998 5213 iterum
3030 5172 3171 5213 anno
3196 5155 3333 5211 1164
3358 5155 3521 5210 suffe-

1955 5228 2167 5313 θιυὲἒιίέ
2187 5226 2691 5313 δ”(ἳδίίῖιῖθνὲδντβ
2713 5226 2971 5313 iniquus
2988 5226 3335 5313 ἓθβὲἓείεέθε
3360 5226 3521 5313 ἎΨΡΞ

1955 5299 2341 5365 restitutusque
2387 5303 2469 5350 est
2518 5294 2833 5358 Cotlradus;
2874 5295 3162 5351 cardinalis
3211 5294 3525 5353 Sabinensis

1948 5368 2058 5437 jam
2096 5375 2221 5437 ante
2259 5374 2494 5437 creatus.
2522 5366 2654 5421 Vide
2678 5365 3009 5435 Moguntiaca
3033 5366 3253 5437 Serarii.

2030 5449 2053 5475 θ
2083 5436 2330 5491 Conrado
2383 5436 2525 5505 regi,
2557 5444 2750 5505 patruo
2776 5434 2913 5501 suo,
2948 5451 3036 5489 an.
3064 5435 3221 5500 “52,
3268 5434 3333 5489 15
3362 5435 3521 5501 Feb.,

1954 5514 2185 5569 mortuo,
2211 5508 2486 5583 successit
2530 5506 2847 5583 [redcrieus
2894 5523 2907 5559 :
2941 5506 3239 5583 imperator
3291 5519 3551 5583 σφηξὶ-η

1955 5587 2041 5633 tus
2066 5586 2148 5633 est
2177 5578 2245 5634 ab
2274 5576 2511 5635 Adriano
2536 5577 2603 5633 lV
2634 5590 2792 5648 papa,
2817 5591 2906 5631 an.
2936 5573 3090 5643 H55,
3124 5576 3183 5630 l7
3210 5573 3375 5631 Junii.
