4064 6290
584 281 709 339 ιδΠ

1480 275 1606 354 an
1638 272 1863 333 OPERA
1901 272 1962 328 Β.
2001 267 2252 327 canon
2289 264 2503 322 mam
2539 262 2902 321 APPENDIX.

3701 267 3829 324 £33

577 393 954 464 Coniecturam
988 393 1287 464 repudiavit
1324 391 1500 462 potius
1529 405 1691 460 quam
1728 387 1944 444 admisit
1969 387 2138 455 Quer-
2167 387 2213 446 Α
2242 382 2428 452 piunt,
2458 381 2583 463 .imo
2626 395 2745 503 qure
2785 377 3042 462 nec.viro
3088 374 3358 446 religioso
3397 389 3504 431 nec
3567 376 3827 462 historico

578 475 803 504 nonan“:
845 463 968 504 dum
999 462 1350 504 Cnldncrnma
1387 462 1568 504 ηρςρίη
1589 460 1786 504 mribus
1809 458 2142 504 argumentis
2245 459 2586 504 conveniant.
2660 460 2781 504 nter
2826 463 3008 504 Dl‘lOl‘a
3063 462 3321 502 recenseo
3367 460 3492 504 qua
3533 447 3602 501 de
3648 462 3827 504 pueris

578 458 823 530 calanus,
845 463 971 518 dum
999 458 1350 518 Goldastumt
1387 458 1568 516 nescio
1589 460 1786 530 quibus
1809 458 2142 530 argumentis

581 528 844 592 ductum)
875 533 929 588 id
949 533 1260 595 asseruisse,
1278 533 1345 586 ab
1360 547 1424 585 eo
1447 539 1529 584 est
1549 528 1998 583 animadversum.
2026 528 2140 580 Hac

578 605 918 675 potissimum
939 603 1212 675 nitebatur
1236 601 1607 675 observatione
1649 597 1958 675 Coldastus,
2000 596 2144 666 quod

581 667 770 728 auctor
817 672 976 726 fuerit
1006 671 1300 725 monachus
1349 668 1710 738 Sangallensis
1749 667 1946 738 sazculo
1999 680 2143 720 nono

581 744 876 806 desinente,
901 741 1118 809 ipseque
1147 753 1205 795 se
1229 758 1247 789 ‹
1283 736 1590 809 edentulum
1617 736 1962 809 et_balbulum
1998 754 2016 786 ›
2045 751 2138 804 ap-

567 805 1121 882 pellaverat—priora
1170 824 1298 882 vero
1335 825 1442 882 non
1468 805 1912 882 modo__Notke_ro
1937 821 2137 859 conve-

581 873 754 947 niunt,
791 880 884 936 sed
911 873 966 934 et
999 879 1315 948 posteriora,
1345 878 1541 947 quippe
1569 875 1814 930 balbulus
1839 873 1941 929 fuit
1967 889 1981 927 :

827 995 978 1057 niger
1003 1002 1052 1057 et
1072 994 1246 1043 balbus
1268 995 1494 1057 vitiisque
1521 992 1692 1057 plenus

826 1054 927 1117 Ore
953 1054 1135 1117 polluto
1157 1055 1390 1116 Stephani
1415 1054 1683 1117 triumphos

824 1115 1007 1168 Notker
1029 1116 1256 1178 indignus
1277 1116 1432 1165 cecini
1458 1115 1651 1164 volente

1066 1176 1282 1226 Primulo
1304 1183 1490 1226 sancto.

646 1279 829 1336 Potuit
863 1280 1027 1335 etiam
1055 1276 1338 1332 edentulus
1377 1292 1496 1332 esse
1526 1291 1666 1331 anno
1693 1274 1797 1331 884
1832 1273 2100 1330 Notkerus
2119 1314 2136 1338 ,

579 1352 671 1423 qui
703 1350 820 1430 jam
853 1347 1234 1430 quinquaginta
1263 1356 1493 1430 quatuor
1530 1347 1597 1430 ad
1647 1347 1926 1430 minimum
1964 1359 2136 1430 annos

577 1414 894 1475 t’unc'natus
937 1414 1056 1483 fuit,
1086 1414 1140 1472 et
1173 1414 1368 1486 saepius
1393 1425 1762 1485 tegmtaverat,
1795 1414 2136 1486 utﬁverslbus

578 1489 827 1545 indicatis
852 1487 1009 1544 facile
1032 1484 1315 1557 probatur.
1358 1484 1468 1540 Hac
1510 1486 1716 1557 ratione
1747 1485 1970 1554 pedibus
2000 1484 2135 1557 irem

576 1559 635 1613 in
685 1559 1007 1614 sententiam
1034 1553 1301 1622 Coldasti,
1341 1555 1679 1627 quantumvis
1708 1553 1828 1627 eam
1875 1553 2140 1627 spreverit

575 1629 662 1697 vir
698 1629 970 1694 eruditus;
993 1628 1188 1697 quippe
1213 1627 1301 1680 vix
1327 1622 1441 1680 fieri
1472 1625 1643 1697 potuit
1679 1632 1737 1678 ut
1755 1623 1862 1697 duo
1888 1622 2138 1697 monachi

575 1696 633 1752 in
651 1766 656 1767 γ
674 1699 862 1753 eodem
899 1693 1233 1767 Sangallénsi
1256 1693 1596 1767 monasterio
1645 1693 1830 1758 COiBVi,

575 1766 800 1837 balbuli,
821 1765 1229 1837 scriptoresque'
1247 1765 1464 1837 fuerint.

645 1838 701 1906 ὃς
731 1830 1064 1906 Obseruando
1097 1830 1151 1890 in
1173 1853 1235 1906 eo
1253 1851 1401 1906 opere
1426 1833 1489 1906 cie
1504 1834 1859 1906 episcoporum
1875 1830 2140 1906 _inoribas.

574 1935 646 1946 -——
671 1905 984 1975 Quanquam
1015 1905 1192 1975 Caroli
1226 1901 1398 1974 Magni
1426 1901 1610 1975 Gesta”
1629 1901 1686 1957 se
1715 1902 2022 1975 describere
2057 1901 2146 1955 hic

572 1971 894 2046 profiteatur
915 1973 1199 2046 Nntkerus,
1219 1971 1522 2046 vix'tamen
1548 1973 1723 2046 aliqua
1759 1971 1947 2046 de__i_llo
1979 1971 2146 2046 impe-

574 2040 756 2099 ratore
798 2045 874 2099 sis
915 2045 1312 2099 observaturus.
1365 2043 1461 2096 Est
1511 2044 1564 2096 in
1608 2041 1774 2110 priori
1827 2040 1962 2095 libro
1993 2040 2144 2110 virga

573 2114 842 2178 censoria,
891 2129 996 2182 qua
1026 2122 1282 2182 notantur
1321 2112 1582 2182 episcOpi,
1627 2124 2144 2182 eorumque‘mores

572 2185 769 2252 saepius
790 2177 987 2252 aeriter
1010 2177 1478 2252 reprehenduntur
1492 2177 1596 2236 {de
1610 2177 1911 2252 episcopali
1931 2177 2074 2252 fastu
2089 2188 2144 2252 et

573 2247 874 2332 ambitione
887 2251 1042 2332 plura
1061 2247 1302 2332 potavit,
1326 2250 1565 2331 referens
1590 2247 1738 2332 illum
1766 2247 1931 2304 aureo
1967 2247 2142 2303 Caroli

569 2330 786 2388 sceptro
825 2321 901 2374 uti
933 2321 1197 2385 voluisse;
1236 2322 1465 2375 alterum
1495 2321 1764 2388 signatum
1800 2333 1992 2388 panem
2021 2333 2145 2387 peh

570 2391 778 2460 cepisse
811 2390 972 2445 etiam
1001 2399 1126 2446 ante
1163 2391 1563 2460 imperatorem,
1593 2397 1647 2443 et
1674 2404 1795 2444 cum
1820 2396 2018 2460 postea
2039 2389 2140 2460 im-

568 2458 807 2530 peratori
834 2461 1089 2515 voluisset
1118 2458 1255 2516 eum"
1269 2461 1560 2530 porrigere,
1591 2474 1906 2530 responsum
1934 2458 2142 2530 habuit,

575 2528 596 2580 ἆ
633 2529 844 2586 Habeas
871 2529 965 2584 tibi
995 2538 1166 2584 totum
1190 2528 1384 2600 panem
1416 2530 1597 2600 illum;
1630 2549 1656 2600 »ί
1689 2545 1789 2600 nec
1816 2528 2144 2600 benedictio-

567 2612 696 2654 nem
726 2600 794 2653 ab
825 2605 889 2654 eo
916 2597 1206 2668 prolatamt
1232 2601 1472 2668 recipere
1519 2599 1687 2653 voluit
1729 2598 1953 2653 Carolus
1994 2614 2008 2652 :
2055 2597 2144 2668 hic

570 2681 800 2738 murem,
843 2667 931 2722 ille
961 2670 1162 2722 mulum
1201 2667 1412 2724 summo
1436 2669 1538 2723 sibi
1563 2669 1911 2738 comparabat
1935 2667 2139 2738 pretio;

570 2736 710 2791 alter
747 2737 875 2808 dum
904 2740 1029 2792 vino
1055 2740 1294 2808 cibisque
1335 2739 1529 2807 saepius
1574 2736 1904 2808 indulgeret,
1931 2736 2143 2792 concio-

570 2821 696 2862 nem
711 2807 777 2888 ad
799 2808 1051 2888 populum
1069 2807 1269 2862 nullam
1287 2809 1458 2888 potuit
1473 2809 1688 2888 habere,
1713 2807 2143 2888 (simillabatque

571 2890 631 2931 se
660 2876 917 2931 solemnia
955 2891 1306 2942 consecrare;
1347 2899 1364 2930 ι
1403 2880 1541 2933 alter
1564 2877 1819 2932 feminam
1852 2877 2142 2931 formosam

571 2945 642 3015 ad
659 2945 866 3015 lectum
896 2962 1050 3000 suum
1079 2956 1364 3002 attractam
1393 2949 1651 3010 vitiabat;
1704 2947 1839 3001 alter
1867 2955 2144 3015 stuprator

577 3012 923 3096 deferebat-ar
937 3017 1004 3096 ad
1019 3016 1335 3096 _Episcopum
1349 3019 1703 3096 episcoporum
1727 3017 1867 3096 (Lib.
1893 3032 1931 3096 ι,
1956 3012 2009 3069 t3.
2026 3015 2138 3096 27).

1880 1691 2136 1756 edentuli,
2179 1735 2222 1794 Β

2245 447 2586 507 conveniant.
2637 447 2781 504 [nter
2826 450 3008 518 priora
3063 462 3321 518 recenseo
3367 460 3492 514 qua:
3533 447 3602 518 de
3648 453 3828 515 pueris

2244 521 2502 576 Clementi
2531 520 2597 573 ab
2622 515 2944 588 imperatore
2966 515 3384 588 commendatis,
3398 522 3470 568 ut.
3485 517 3754 588 epistolas
3779 531 3829 574 et

2246 589 2484 658 carmina
2557 584 2978 658 componerent,
3057 593 3281 658 narrat._
3345 584 3606 639 Carolum
3667 587 3830 642 refert

2245 657 2447 712 Judicis
2491 655 2696 710 aeterni
2725 657 3074 717 imitatorem,
3123 655 3212 724 qui
3268 655 3406 709 bene
3452 664 3721 723 operatus
3764 659 3828 710 ad

2246 729 2520 781 dexteram
2550 733 2814 794 segregat,
2861 725 2995 794 alios
3039 724 3106 777 ad
3138 724 3434 794 sinistram.
3471 725 3830 792 quemadmo-

2249 797 2376 850 dum
2403 795 2490 848 tiet
2518 795 2569 848 in
2599 793 2868 863 postremo
2889 793 3115 847 Judicio.
3145 793 3291 847 Inter
3311 795 3621 863 posteriora
3650 795 3830 849 obser-

2245 864 2398 918 vabis
2425 861 2613 924 facile;
2632 879 2752 930 quae
2777 866 2842 916 de
2872 872 3032 918 cantu
3059 864 3297 916 Romano
3323 861 3594 917 Notkerus
3644 864 3826 927 habet,

2168 936 2171 939 ’
2203 988 2209 994 ,
2247 948 2351 987 non
2382 934 2537 986 modo
2564 951 2592 985 a
2614 943 2930 987 cancrorum
2958 933 3357 986 narrationibus
3377 931 3623 995 differre,
3654 933 3750 986 sed
3777 934 3828 988 in

2244 1017 2310 1056 eo
2333 1017 2560 1070 peccare
2591 1013 2866 1056 auctorem
2907 1001 2996 1070 qui
3027 1001 3256 1055 Leonem
3293 1000 3356 1054 lll
3384 1001 3656 1070 Stephani
3707 1018 3826 1057 sne»

2246 1085 2514 1125 cessorem
2547 1070 2748 1125 faciat:
2778 1071 2921 1139 quod
2966 1070 3110 1139 nulla
3155 1071 3364 1124 ratione
3413 1086 3541 1124 cum
3565 1071 3826 1126 historica

2246 1146 2481 1210 veritate
2496 1138 3005 1210 conciliarepossis.
3055 1138 3212 1193 Falsa
3241 1147 3366 1210 sunt
3408 1140 3578 1192 etiam
3603 1157 3730 1210 quae
3766 1143 3827 1196 de

2245 1208 2434 1279 legatis
2458 1209 2766 1279 Graecorum
2788 1208 3002 1279 scribit,
3029 1218 3088 1279 ut
3120 1209 3446 1279 notavimus.

2314 1277 2368 1332 5.
2407 1279 2483 1333 De
2505 1278 2672 1333 Gestis
2696 1278 2888 1333 bellicis
2909 1277 3085 1332 Caroli
3111 1277 3309 1348 Magni.
3337 1309 3409 1319 -—
3438 1277 3624 1334 Caroli
3657 1279 3828 1348 Magni

2246 1357 2397 1418 gesta
2442 1348 2632 1403 bellica
2679 1348 2955 1403 audiverat
3016 1366 3035 1397 ι
3068 1362 3222 1416 puer,
3273 1357 3528 1418 coactus,
3587 1350 3828 1403 renitens

2245 1417 2300 1472 et
2327 1418 2527 1487 saepius
2553 1418 2810 1486 effugiens
2839 1436 2856 1469 ι
2906 1432 2936 1470 a
2978 1417 3210 1481 seniore,
3256 1417 3346 1486 qui
3387 1417 3531 1470 bello
3558 1418 3828 1472 Saxonico

2247 1485 2511 1541 adfuerat.
2546 1487 2628 1541 An
2650 1485 2712 1542 ea
2739 1487 2969 1541 fideliter
2995 1487 3105 1541 sint
3142 1485 3358 1539 narrata
3407 1502 3439 1539 a
3464 1487 3690 1541 seniore
3718 1488 3825 1548 illo,

2245 1556 2328 1626 vel
2344 1556 2549 1626 pueruli
2575 1557 2847 1611 memoria:
2867 1557 3127 1610 tenaciter
3141 1555 3482 1626 adlunserint,
3502 1558 3633 1626 quis
3654 1559 3826 1626 dicat?

2249 1623 2481 1695 Saevitia:
2511 1627 2619 1681 imo
2644 1625 2978 1681 crudelitatis
3004 1623 3303 1695 exemplum
3331 1623 3549 1695 insigne
3577 1625 3744 1695 refert
3774 1629 3825 1679 in

2247 1694 2438 1778 Carolo
2472 1695 2684 1778 Magno,
2713 1697 2819 1777 qui.
2858 1713 2876 1746 ι
2911 1709 3107 1778 pueros
3151 1693 3386 1774 hostium
3416 1693 3473 1749 et
3500 1693 3740 1748 infantes
3764 1695 3827 1748 ad

2247 1775 2430 1834 spatas
2459 1765 2634 1847 metiri
2659 1765 2993 1847 pmciperet,
3042 1771 3103 1847 ut
3129 1765 3437 1847 quicunqtie
3460 1779 3600 1847 eam
3619 1780 3827 1847 incusu-

2245 1833 2362 1905 ram
2393 1833 2677 1890 excederet
2717 1833 2892 1905 capite
2917 1834 3270 1905 plecteretur.
3296 1852 3315 1886 ι
3377 1833 3488 1887 Nec
3521 1834 3713 1905 mitior
3739 1833 3824 1887 Pi-

2243 1904 2422 1972 pinus,
2453 1905 2543 1974 qui
2572 1903 2961 1960 exscindendos
2983 1903 3222 1958 Francos
3242 1903 3663 1974 demonstrabat
3690 1905 3826 1974 «inu-

2246 1971 2359 2028 tilia
2388 1971 2723 2029 rec'rementa
2749 1989 2816 2029 ex
2837 1974 2993 2028 horto
3021 1973 3341 2028 extrahens:
3381 1992 3401 2023 ι
3432 1972 3540 2026 hoc
3563 1973 3712 2026 enim
3737 1971 3827 2026 Ca.

2243 2043 2346 2114 roli
2379 2043 2572 2114 legatis
2602 2059 2917 2113 responsum
2959 2043 3105 2108 fecit,
3160 2060 3179 2094 ι
3215 2053 3274 2096 ιιι
3324 2041 3474 2098 olera
3516 2043 3828 2096 necessaria

2242 2112 2467 2168 liberius
2495 2112 2809 2168 excrechre
2840 2113 3099 2168 valerent.
3139 2130 3158 2164 ι
3761 2127 3768 2136 ο

2315 2181 2366 2236 6.
2415 2181 2583 2238 Varia:
2610 2183 3349 2252 observationes.—Expertus
3381 2191 3469 2237 est
3501 2180 3828 2252 Ludovicus,

2244 2251 2360 2321 ipso
2384 2252 2621 2307 Notkero
2648 2250 2936 2322 referente,
2963 2253 3128 2322 pollui
3163 2250 3249 2307 res
3277 2266 3464 2322 sacras
3485 2251 3623 2305 dum
3648 2252 3720 2304 iis
3745 2265 3833 2322 re-

2244 2319 2506 2391 cipiendis
2529 2321 2911 2392 percelluntur,
2943 2319 3047 2392 aut
3075 2325 3249 2392 coacti
3272 2321 3587 2392 _adiguntur
3602 2319 3825 2392 populi;

2243 2389 2441 2462 quippe
2465 2389 2806 2462 Normannus
2839 2410 2857 2442 ε
2875 2389 2986 2459 jam
3003 2391 3168 2446 vicies
3193 2406 3259 2462 se
3272 2389 3452 2462 lotum
3471 2389 3830 2457 candidisque

2242 2460 2485 2516 vestibus
2510 2461 2771 2523 indutum,
2809 2480 2827 2513 ι
2860 2461 2964 2515 hoc
2991 2469 3092 2526 est,
3120 2460 3386 2529 baptismo
3418 2461 3653 2514 tinctum
3685 2474 3830 2513 asse-

2243 2533 2416 2592 rebat,
2448 2530 2797 2585 nihilominus
2832 2531 3088 2584 amictum
3116 2538 3170 2583 et
3195 2529 3473 2584 Christum
3510 2529 3830 2598 imperatori

2243 2613 2304 2654 se
2330 2600 2640 2654 relicturum
2670 2599 3045 2670 proﬁtebatur,
3069 2599 3173 2653 nisi
3202 2599 3502 2670 nuditatem
3542 2599 3833 2670 erubesce-

2244 2679 2346 2724 ret.
2399 2671 2617 2740 Discant
2664 2667 2786 2740 inde
2832 2670 3102 2740 principes
3148 2669 3276 2740 quid
3314 2668 3532 2723 valeant
3583 2667 3670 2722 vel
3728 2678 3836 2722 tor-

2245 2748 2449 2803 menta,
2477 2740 2561 2794 vel
2587 2738 2803 2794 fraudes
2834 2738 2982 2794 circa
3012 2739 3346 2808 religionem.

2316 2808 2478 2863 Varia
2513 2808 2691 2862 forent
2737 2808 2912 2864 adhuc
2958 2806 3290 2863 observanda
3336 2823 3457 2876 quae
3499 2806 3830 2860 omittimus.

2244 2877 2497 2934 Veterum
2520 2877 2795 2933 Gallorum
2816 2887 2994 2933 vestes
3017 2887 3271 2932 accurate
3292 2878 3425 2932 satis
3444 2877 3834 2931 describuntur

2242 2946 2367 3030 libri
2407 2949 2571 3030 primi
2602 2948 3002 3030 capite_primo,
3037 2956 3098 3000 ut
3129 2957 3183 3002 et
3208 2947 3525 3030 llunporum
3565 2961 3758 3030 mores
3783 2954 3834 2998 et

2247 3014 2425 3071 castra
2454 3018 2575 3072 libri
2605 3014 2826 3072 secundi
2851 3019 3029 3087 capite
3047 3017 3302 3072 secundo.
3320 3014 3830 3087 LudoviciGerma-

571 3080 703 3156 Quis
727 3085 796 3138 sit
825 3076 1176 3156 ille,dubium
1197 3076 1317 3140 esse
1345 3076 1450 3140 n'on
1475 3076 1679 3156 potest;
1709 3076 1985 3141 evidenter
1998 3076 2142 3156 enim
2168 3076 2214 3140 C
2247 3087 2354 3142 nici
2381 3089 2606 3142 virtutes
2629 3096 2684 3142 et
2709 3076 2946 3142 nativam
2973 3087 3205 3142 indolem
3238 3102 3344 3142 non
3375 3086 3536 3141 modo
3565 3085 3825 3145 delineat,

571 3151 885 3236 designatur
915 3154 1142 3236 Carolus
1186 3151 1495 3236 imperator}
1545 3161 1875 3236 quaqqu‘am.
1896 3154 2137 3236 pontifex
2237 3156 2333 3212 sed
2364 3157 2546 3212 multis
2599 3157 2807 3236 extollit
2837 3157 3112 3236 laudibus,
3144 3172 3262 3225 qua:
3291 3156 3472 3236 forsan
3511 3156 3828 3236 suspicione

568 3223 829 3278 romanus
861 3223 964 3279 hoc
997 3225 1213 3280 nomine
1259 3223 1329 3279 sit
1353 3226 1613 3280 hodierno
1651 3224 1738 3279 die
1767 3223 2098 3279 notissimus.

640 3290 695 3345 4.
726 3291 998 3348 Fabulosa
1024 3304 1072 3350 et
1099 3294 1256 3364 falsa.
1281 3325 1352 3334 —-
1369 3294 1486 3349 Alia
1518 3303 1642 3350 sunt
1667 3309 1784 3363 qua:
1815 3294 2022 3350 fabulas
2047 3311 2154 3380 sai

2240 3241 2345 3296 non
2363 3236 2604 3290 careant,
2620 3243 2740 3282 cum
2753 3226 2974 3282 Carolus
2987 3223 3232 3292 Crassus,
3247 3226 3398 3296 cujus
3405 3225 3567 3296 jussu
3587 3223 3829 3292 scripa't,

2244 3293 2386 3351 foret
2408 3298 2575 3368 ipsius
2598 3297 2758 3352 ﬁlius.

575 3429 3826 3457 Mm“—

1563 3534 2321 3615 SANGALLENSIS
2379 3534 2842 3614 MONACHI

1236 3714 1418 3825 DE
1501 3710 2001 3826 GESTIS
2083 3709 2597 3826 CAROLI
2679 3709 3132 3826 MAGNI

1771 3915 1797 3945 ⁸
1856 3923 2154 4002 LIBER
2212 3921 2626 4003 PRIMUS.

2410 4089 2458 4099 .—

1085 4191 1310 4246 CAPUT
1350 4191 1637 4248 PRIMUM.

840 4304 917 4359 De
941 4304 1288 4358 ecclesiastica
1317 4305 1493 4359 Caroli
1525 4305 1708 4376 Magni
1737 4323 1884 4360 cura.

637 4393 992 4465 Omnipotens
1040 4410 1222 4464 regum
1257 4396 1284 4434 δ
1318 4396 1610 4464 dispositor
1639 4396 2024 4466 ordinatorque
2053 4414 2142 4454 re-

567 4481 796 4538 gnorum
828 4474 883 4520 et
917 4473 1235 4538 temporum,
1264 4481 1386 4519 cum
1425 4466 1570 4538 illius
1594 4466 1923 4538 admirandae
1952 4477 2144 4524 statua:

568 4535 732 4607 pedes
759 4535 964 4607 ferreos
985 4535 1066 4607 vel
1092 4543 1354 4590 testaceos
1378 4536 1784 4607 comminuisset
1809 4537 1861 4590 in
1885 4537 2145 4594 Romanis

569 4605 732 4674 (Dan.
777 4607 860 4676 ιι),
909 4605 1130 4660 alterius
1180 4620 1286 4659 non
1336 4606 1514 4676 minus
1560 4605 1898 4676 admirabilis
1951 4618 2144 4665 statua:

567 4683 731 4746 caput
751 4674 973 4730 aureum
1003 4691 1098 4746 per
1129 4677 1395 4730 illustrem
1416 4674 1669 4730 Carolum
1695 4679 1866 4731 erexit
1896 4679 1946 4731 in
1971 4678 2140 4733 Fran-

569 4745 666 4799 cis.
703 4744 803 4811 Qui
832 4761 953 4800 cum
997 4744 1049 4800 in
1081 4746 1318 4801 occiduis
1361 4746 1545 4800 mundi
1585 4746 1829 4814 partibus
1868 4747 2014 4802 solus
2059 4765 2142 4804 re-

569 4830 737 4884 gnare
764 4816 1038 4886 coepisset,
1073 4827 1127 4870 et
1155 4817 1330 4870 studia
1384 4816 1914 4886 litterarumiubique
1949 4833 2141 4886 prope-

567 4887 785 4954 modum
811 4892 991 4940 essent
1029 4885 1082 4938 in
1112 4886 1400 4950 oblivione,
1433 4885 1658 4954 contigit
1683 4885 1816 4940 duos
1849 4885 2040 4942 Scottos
2073 4888 2139 4943 de

565 4953 824 5008 Hibernia
846 4970 968 5010 cum
992 4955 1383 5009 mercatoribus
1405 4953 1676 5010 Britannis
1699 4954 1766 5009 ad
1787 4955 1935 5010 littus
1959 4955 2144 5013 Galliae

568 5024 861 5090 devenire;
895 5024 1040 5079 viros
1067 5032 1120 5078 et
1149 5025 1201 5078 in
1231 5025 1580 5080 szecularibus
1607 5033 1661 5080 et
1707 5026 1760 5079 in
1790 5027 1962 5081 sacris
1991 5025 2138 5081 Scri-

565 5095 740 5161 pturis
791 5095 1282 5164 incomparabiliter
1347 5096 1606 5149 eruditos.
1673 5095 1775 5162 Qui
1828 5111 1948 5151 cum
2011 5096 2143 5150 nihil

565 5165 913 5236 ostenderent
955 5163 1168 5236 venale,
1195 5165 1262 5221 ad
1291 5166 1669 5236 convenientes
1709 5167 1924 5221 emendi
1965 5167 2142 5236 gratia

570 5234 752 5288 turbas
781 5234 1017 5306 clamare
1043 5233 1306 5299 solebant,
1337 5253 1355 5306 ᾳ
1386 5235 1442 5306 Si
1468 5236 1589 5304 quis
1615 5237 1889 5306 sapientia:
1915 5233 2141 5306 cupidus

568 5308 670 5363 est,
691 5305 880 5373 _veniat
906 5305 975 5358 ad
999 5319 1116 5369 nos,
1154 5314 1208 5359 et
1236 5305 1464 5373 accipiat
1487 5320 1608 5359 eam
1640 5305 1810 5360 :nani
1835 5305 2039 5361 venalis
2057 5315 2142 5361 est

569 5370 708 5438 apud
735 5387 851 5427 nos.
873 5393 891 5425 ι
923 5374 1096 5440 Quam
1125 5381 1305 5429 tamen
1331 5370 1576 5430 venalem
1607 5390 1665 5430 εε
1691 5376 1892 5432 habere
1913 5375 2141 5446 professi
2186 5382 2188 5385 ’

640 5534 667 5600 _I
705 5521 955 5600 Praefatio
978 5527 1103 5583 libri
1136 5528 1294 5598 primi
1323 5531 1491 5586 deest.
1523 5529 1713 5600 Incipit
1742 5529 1811 5585 M.

640 5591 670 5632 ι)
709 5591 802 5655 Μ.,
829 5610 1017 5648 rerum.

641 5673 664 5701 ο
705 5661 834 5734 Leg.
875 5664 1162 5733 Sapientia.

2246 4205 2392 4261 sunt,
2414 4196 2539 4266 quia
2557 4196 2810 4266 populum
2832 4210 2936 4251 non
2963 4195 3216 4266 gratuita,
3240 4195 3335 4250 sed
3356 4195 3568 4251 venalia
3595 4203 3827 4254 mercari

2245 4267 2516 4329 viderunt,
2561 4275 2621 4321 ut
2666 4267 2743 4321 sic
2771 4266 2854 4320 vel
2903 4266 3196 4334 sapientiae,
3228 4266 3368 4320 sicut
3415 4268 3630 4321 ueteris
3669 4272 3828 4324 mbas

2173 4335 3662 4430 nsesesese?esset;.331essetesset?
3685 4356 3826 4392 οοηι-

2247 4405 2501 4477 probant)
2539 4422 2636 4477 per
2682 4406 2786 4460 tale
2814 4406 3140 4477 prmcouium
3173 4405 3236 4477 in;
3259 4405 3679 4477 admirationem
3709 4425 3823 4463 ver-

2243 4473 2422 4532 terent
2440 4473 2494 4530 et
2515 4473 3065 4545 stnporemeenique
3093 4474 3277 4530 tandiu
3295 4475 3527 4531 clamata
3547 4487 3677 4532 sunt
3700 4479 3822 4542 ista,

2246 4547 2414 4602 donec
2447 4547 2514 4600 ab
2541 4545 2956 4617 admirantibus,
2991 4545 3073 4599 vel
3097 4546 3314 4600 insanos
3339 4545 3462 4613 illos
3489 4550 3820 4617 putantihus,

2243 4618 2310 4672 ad
2339 4631 2498 4671 aures
2520 4616 2697 4671 Caroli
2733 4615 2897 4686 regis,
2933 4629 3146 4686 semper
3193 4617 3453 4686 amatoris
3492 4615 3554 4670 et
3581 4619 3820 4686 cupidis-

2243 4687 2363 4741 simi
2391 4687 2682 4756 sapientite,
2711 4685 2915 4756 perlata
2941 4685 3185 4740 fuisSent.
3215 4685 3317 4752 Qui
3359 4687 3460 4740 sub
3498 4685 3663 4740 omni
3687 4689 3820 4742 cele-

2245 4757 2402 4810 ritate
2426 4757 2492 4810 ad
2516 4771 2668 4811 suam
2693 4771 2784 4826 eos
2804 4757 3144 4826 przesentiam
3165 4763 3418 4810 evocatos
3443 4756 3815 4825 interrOgavii,

2243 4827 2287 4880 si
2317 4842 2461 4891 vere,
2497 4834 2556 4880 ut
2591 4827 2710 4896 ipsa
2734 4825 2897 4896 ifa’ma
2952 4826 3603 4896 comperit,-sapientiam
3641 4843 3817 4882 secum

2243 4896 2520 4951 haberent.
2574 4895 2676 4962 Qui
2715 4895 3006 4951 dixerunt:
3049 4913 3066 4946 α
3103 4895 3168 4949 Ει
3199 4895 3459 4950 habemus
3498 4910 3644 4960 eam,
3671 4907 3723 4950 et
3769 4899 3817 4950 in

2242 4967 2456 5020 nomine
2481 4966 2693 5020 Domini
2740 4965 2884 5035 digni
2926 4965 3292 5035 qumrentibus
3335 4966 3465 5019 dare
3502 4968 3681 5034 parati
3727 4983 3812 5020 su-

2241 5051 2380 5089 mus.
2397 5057 2413 5088 ι
2436 5035 2678 5101 Quicum
2706 5035 3013 5104 inquisisset
3041 5037 3108 5089 ab
3133 5035 3239 5089 illis
3267 5035 3394 5103 quid
3416 5051 3517 5105 pro
3541 5051 3640 5090 sua
3666 5048 3686 5074 τ
3705 5037 3815 5105 ipsa

2241 5113 2502 5213 peterent,
2542 5105 2931 5185 responderunt
2979 5105 3094 5159 loca
3139 5112 3344 5185 tantum
3391 5114 3713 5174 opportuna.
3763 5117 3813 5157 et

2297 5177 2475 5213 nninan
2503 5175 2760 5213 inonnincl
2815 5182 2866 5213 at
2921 5175 3034 5213 cinn
3061 5175 3256 5213 nullum
3282 5175 3647 5213 mmorinnﬁn
3679 5186 3813 5213 Inn-

2296 5177 2475 5230 animo
2503 5174 2783 5244 ingeniosi,
2815 5182 2889 5239 et,
2921 5175 3035 5229 sine
3061 5174 3256 5240 quibus
3282 5175 3647 5244 peregrinatio
3679 5186 3816 5228 tran-

2243 5245 2343 5315 sigi
2385 5259 2490 5299 non
2511 5252 2707 5315 potest,
2734 5245 3071 5315 alimentaet
3097 5244 3294 5315 quibus
3321 5253 3580 5313 tegamur.
3614 5244 3811 5311 Quibus

2243 5312 2331 5368 ille
2361 5312 2612 5384 percepto
2639 5313 2838 5384 ingenti
2866 5312 3062 5384 gaudio
3084 5313 3318 5381 repletus
3340 5312 3574 5383 primum
3602 5315 3808 5384 quidem

2243 5331 2331 5368 me
2397 5331 2612 5384 erccpto
2639 5331 2838 5384 ingenti
2866 5331 3062 5384 gauaio
3084 5331 3318 5381 repletus
3340 5331 3574 5383 primum
3602 5331 3808 5384 quidem

2241 5331 2396 5454 apud’
2419 5399 2514 5450 se,
2555 5392 2843 5452 utrumque
2889 5398 3055 5454 parvo
3103 5391 3346 5453 tempore
3398 5385 3587 5439 tenuit.
3627 5383 3811 5440 Postea

2311 5533 2337 5572 ά
2377 5533 2558 5606 Forte,
2587 5534 2812 5606 _qnimos
2859 5534 3172 5605 ingeniosos.
3225 5517 3356 5590 Cia.
3398 5533 3553 5606 ch.,
3601 5537 3812 5590 Animas

2243 5605 2556 5674 ingeniosus.
2587 5603 2772 5658 Moiss.
2917 5603 2931 5605 ⁷
3481 5603 3502 5606 ⁷
3526 5642 3548 5652 -
