4064 6290
249 357 380 415 I595

214 489 251 528 ο
273 465 506 528 rdinata,
553 465 617 516 ut
644 459 862 528 clangor
895 461 1146 514 tubarum
1184 458 1326 528 inter
1376 456 1585 527 singula

222 527 502 604 cujusque
526 533 606 587 rei
632 527 1019 604 signiﬁcativus
1044 530 1271 604 adverti.
1297 527 1380 583 Ad
1406 528 1504 583 has
1532 540 1662 596 ergo
1694 541 1811 604 tnu-

721 344 968 407 SECTIO
1002 344 1070 414 ll,
1105 343 1495 403 HISTOBICA.
1537 370 1610 385 -·
1645 340 1734 398 DE
1766 340 2014 401 GESTIS
2046 342 2108 398 B.
2148 340 2403 401 CAROLI
2438 342 2677 401 MAGNI.
2714 372 2785 385 -
2819 341 2950 401 LIB.
2988 340 3055 401 ll.

1628 462 1808 525 posset
1836 459 1886 519 Α
1911 468 2032 508 eam

3352 344 3495 411 ιεθι

2119 453 2459 510 rtinentibus.
2488 454 2641 522 Quod
2662 469 2785 510 cum
2802 469 3062 511 reversus
3082 440 3493 518 bellicosissimo

1914 524 2110 580 Carolo
2134 524 2428 589 nuntiaret,
2457 526 2703 581 arridens
2728 526 2818 581 ille
2846 526 2985 581 dixit
3002 526 3054 581 ei
3074 540 3091 579 :
3110 525 3276 582 Multo
3299 531 3494 588 melius

219 593 496 670 ἦιὶἰοηέε,
524 617 622 672 per
644 593 998 672 ducentosiet
1017 598 1335 672 eooamplins
1366 612 1554 672 nnnos,
1574 606 1580 614 '
1599 593 1812 665 quales-
1911 594 2011 672 tibi
2036 610 2132 648 rex
2170 593 2260 672 ille
2304 596 2680 672 consuluisset,
2729 597 2775 651 si
2804 611 2973 652 unum
3010 596 3213 654 lineum
3234 596 3495 659 femorale

221 690 457 746 cunque
512 669 753 729 omnium
774 669 1203 753 occidentalium
1231 669 1446 752 divitias
1472 681 1811 790 congregan-

216 761 245 807 t
267 762 327 803 es
388 760 512 801 cum
567 750 624 798 ct
671 740 833 797 Gothi
879 749 934 796 et
957 739 1207 795 Wandah
1230 747 1467 809 quietem
1502 744 1816 809 manarum

212 806 253 888 p
279 814 648 889 erturbarent,
687 812 873 889 orbetn
911 810 1209 889 chidnum
1233 806 1370 889 [igne
1387 823 1623 889 vacuum
1657 806 1816 889 dimi—

205 879 237 949 ᾇ
271 893 452 942 erunt.
468 883 615 951 Quos
634 890 815 936 tamen
840 880 1227 936 invictissimus
1246 879 1472 951 Carolus
1492 879 1567 934 ita
1589 879 1815 951 inannis

204 947 246 1019 ὸ
278 947 716 1025 cto'perdomuit,
738 952 891 1025 ut_de
908 952 1002 1025 _ei_s_
1025 951 1276 1025 minimas
1299 948 1516 1025 quidem
1559 947 1818 1018 reliquias

246 1020 528 1082 remanere
547 1022 870 1095 permiserit.
890 1021 1289 1095 Ajulgaribus‘
1301 1034 1429 1095 vero
1449 1020 1571 1074 ideo
1598 1033 1817 1095 manum

248 1095 494 1160 retraxit,
510 1089 637 1160 quia
660 1092 907 1148 videlicet
921 1089 1127 1147 Hunnis
1153 1091 1437 1147 exstinctis
1454 1105 1624 1160 regno
1644 1089 1816 1160 Fran-

246 1181 435 1223 corum
461 1159 598 1219 nihil
622 1161 855 1218 nocituri
888 1162 1220 1219 viderentur.
1272 1161 1443 1216 Porro
1480 1159 1719 1231 praedam
1760 1159 1818 1213 in

245 1235 523 1359 mgni:
831 1232 1276 1359 ggﬁcopia,
1317 1229 1646 1287 monasteria
1683 1229 1819 1286 libe-

247 1306 516 1364 ralissima
536 1304 804 1361 divisione
831 1304 1126 1359 distribuit.

865 1392 1094 1452 CAPUT
1114 1393 1203 1449 III.

561 1486 780 1557 Aggeris
810 1485 1155 1541 destructores
1180 1492 1501 1541 coercentur.

322 1575 378 1634 lu
404 1575 544 1633 bello
561 1574 1043 1632 autem-Saxonico
1066 1591 1192 1633 cum
1219 1591 1317 1646 per
1351 1576 1699 1646 semetipsum
1727 1571 1826 1628 ali-

250 1648 466 1720 quando
502 1646 694 1720 fuisset
724 1655 1041 1720 occupatus,_
1081 1645 1300 1717 quidam
1325 1646 1523 1720 privati
1547 1645 1818 1711 homines,

249 1717 669 1791 quorumetiam
687 1717 908 1772 nomina
932 1717 1290 1791 designor-em,
1326 1717 1432 1772 nisi
1452 1725 1637 1791 notam
1671 1731 1823 1791 arro-

251 1786 451 1862 έῖὶιὲῑίειέ
470 1789 782 1862 ἀενὶμιιεω.
817 1786 1087 1862 testudine
1122 1788 1263 1862 facta
1290 1803 1474 1862 muros
1499 1786 1822 1862 ﬁrmissima;

249 1857 487 1930 civitatis
530 1858 615 1930 vel
651 1858 869 1930 aggeris
915 1859 1180 1930 acerrime
1225 1859 1596 1930 destruebant.
1670 1857 1822 1924 Quod

251 1930 443 1986 videns
457 1928 790 1999 iustissimus
806 1928 1032 1999 Carolus
1053 1930 1290 1999 primum
1312 1928 1524 1984 illorum
1552 1944 1678 1999 cum
1700 1944 1824 1983 con-

253 2015 417 2071 sensu
452 1998 653 2071 domini
688 1999 773 2071 sui
811 1998 1029 2056 Keroldi
1056 1998 1378 2071 ’pratfectum
1410 2000 1552 2055 inter
1576 1998 1825 2054 Rhenum

251 2079 309 2127 et
330 2070 494 2143 Alpes
516 2070 730 2127 Italicas
753 2070 1009 2127 instituit.

865 2158 1096 2216 CAPUT
1124 2158 1213 2217 IV.

453 2250 624 2307 Duces
646 2249 960 2306 dormientes
986 2251 1042 2306 in
1063 2251 1295 2306 excubiis
1318 2248 1631 2322 plectuntur.

323 2342 523 2399 Ibidem
546 2356 674 2397 vero
695 2356 820 2397 cum
841 2342 1070 2397 duorum
1099 2341 1297 2397 ducum
1320 2340 1414 2396 lilii
1442 2343 1510 2397 ad
1538 2341 1830 2398 tentorium

257 2414 399 2485 regis
427 2414 697 2470 excubare
742 2413 1017 2485 deberent,
1056 2412 1351 2485 et‘potihus
1390 2413 1705 2485 ingurgitati
1743 2411 1829 2480 ja-

256 2481 459 2548 cerent,
503 2491 563 2539 ut
604 2483 1023 2553 mortui,porro
1070 2481 1159 2537 ille
1192 2481 1347 2552 juxta
1385 2481 1830 2539 consuetudinem

255 2568 411 2610 suam
461 2554 653 2625 saepius
697 2552 958 2625 evigilans
1006 2562 1060 2610 et
1088 2562 1271 2609 castra
1314 2553 1601 2625 circuiens,
1632 2554 1833 2609 sensim

256 2633 311 2679 et
321 2641 458 2697 pene
485 2624 630 2680 nullo
652 2624 1007 2697 cognoscente
1026 2625 1095 2679 ad
1127 2624 1535 2697 tabernaculum
1558 2640 1835 2697 regressus

255 2693 360 2750 est.
393 2694 547 2751 Mane
580 2693 758 2751 autem
785 2693 949 2761 facto,
990 2695 1298 2752 convocatis
1320 2695 1389 2749 ad
1425 2710 1485 2751 se
1508 2693 1720 2751 cunctis
1748 2711 1835 2751 re-

257 2765 350 2837 gni
378 2766 710 2837 primoribus
736 2765 1108 2837 interrogavit,
1135 2781 1243 2835 qua
1270 2779 1433 2835 paena
1448 2764 1643 2837 dignus
1667 2775 1831 2832 esset,

297 2836 351 2890 ui
380 2836 543 2906 eaput
566 2837 895 2906 Francorum
920 2836 976 2891 iu
1013 2852 1205 2892 manus
1231 2837 1468 2892 hostium
1500 2836 1829 2893 tradidisset.

306 2922 411 2962 unc
439 2905 651 2978 praelati
690 2908 853 2978 duces
871 2907 1182 2963 earumdem
1201 2922 1385 2963 rerum
1414 2906 1632 2978 penitus
1657 2907 1834 2978 ignari

259 2977 524 3046 ejusmodi
570 2977 841 3033 hominem
893 2979 1385 3035 condemnaverunt
1419 2977 1506 3032 ad
1550 2977 1783 3034 mortem
1817 2996 1829 3031 :

260 3047 377 3117 ipse
424 3061 552 3105 vero
581 3048 883 3106 durissimis
910 3049 1092 3106 verbis
1145 3049 1413 3108 coercitos
1449 3047 1656 3104 dimisit
1705 3049 1844 3106 ωε..

263 3131 373 3176 808.

886 3189 1114 3247 CAPUT
1144 3191 1214 3247 ‘V.

814 3276 1095 3335 Libertatis
1120 3296 1290 3334 amor.

339 3371 504 3427 Erant
519 3384 735 3443 quoque
749 3370 824 3426 ibi
841 3372 949 3443 duo
973 3369 1124 3443 nothi
1151 3371 1223 3443 de
1242 3369 1444 3443 genitio
1463 3368 1842 3443 Columbrensi

265 3440 555 3513 procreati:
587 3440 690 3510 Qui
720 3457 843 3513 cum
870 3441 1161 3513 fortissime
1192 3440 1532 3513 dimicarent,
1562 3442 1845 3513 requisivit

270 3511 566 3584 imperator
590 3514 658 3584 ab
689 3512 795 3568 illis
823 3513 917 3584 qui
950 3520 1005 3567 et
1028 3512 1171 3567 unde
1193 3511 1308 3584 nati
1329 3522 1530 3568 essent.
1553 3511 1674 3584 Quo
1696 3528 1845 3569 com-

266 3582 440 3656 perto,
467 3583 766 3656 meridiano
788 3582 1029 3655 tempore
1044 3598 1141 3656 eos
1163 3582 1231 3656 ad
1252 3583 1661 3656 tabernaculum
1684 3600 1843 3640 suum

267 3652 488 3711 vocatos
512 3654 591 3710 sic
614 3655 877 3712 allocutus
892 3652 1014 3711 est:
1043 3652 1439 3722 Bonijuvenes,
1461 3654 1584 3710 volo
1609 3663 1670 3710 ut
1688 3656 1843 3722 mihi,

268 3739 378 3781 non
402 3725 493 3780 alii
521 3726 789 3781 serviatis.
819 3724 923 3793 Qui
954 3740 1079 3781 cum
1112 3740 1171 3780 se
1200 3725 1268 3780 ad
1295 3726 1400 3781 hoc
1424 3725 1639 3782 venisse
1682 3735 1846 3782 testa-

270 3802 477 3867 rentur,
505 3805 568 3852 ut
593 3796 681 3861 vel
704 3796 880 3852 ultimi
921 3796 975 3851 in
1022 3794 1139 3865 ejus
1168 3806 1349 3853 essent
1380 3797 1658 3867 obsequio,
1711 3797 1849 3853 dixit

270 3865 361 3922 ille
393 3883 407 3919 :
452 3866 535 3923 Ad
553 3882 823 3923 cameram
849 3881 1028 3923 meam
1050 3867 1254 3923 servire
1278 3867 1503 3923 debetis.
1530 3865 1684 3934 Quod
1716 3868 1848 3923 indi-

271 3936 525 4061 gnatione
560 3937 811 3993 simulata
846 3938 1076 3993 libenter
1112 3953 1171 3993 se
1222 3936 1459 3993 facturos
1501 3954 1622 3994 esse
1680 3939 1847 4021 etiam

308 4022 400 4061 um
427 4005 743 4061 faterentur.
770 4016 984 4061 cantato
1011 4016 1282 4061 tempore.
1321 4024 1428 4061 uno
1459 4008 1640 4061 [canto
1673 4024 1847 4061 consr-

308 4022 400 4061 um
427 4005 743 4081 faterentur,
770 4016 984 4079 captato
1011 4016 1282 4081 tempore,
1321 4024 1428 4081 quo
1459 4008 1640 4081 [capto
1673 4009 1850 4081 consi-

271 4074 375 4150 lio,
419 4077 565 4149 eum]
600 4074 891 4150 imperator
947 4074 1225 4150 quiescere
1275 4074 1851 4150 eaEpiss'etfexierunt

273 4149 342 4202 ad
367 4155 548 4203 castra
580 4149 1031 4216 adversariorum,
1068 4158 1124 4205 et
1165 4151 1398 4204 tumultu
1441 4149 1709 4205 concitato
1751 4164 1852 4206 suo

273 4217 359 4274 vel
393 4219 630 4276 hostium
650 4221 912 4293 sanguine
937 4220 1213 4276 servitutis
1236 4228 1422 4275 notam
1445 4220 1739 4276 diluerunt.

885 4330 1112 4388 CAPUT
1133 4331 1221 4388 Vl.

594 4421 832 4479 Saxones
869 4438 991 4507 gens
1023 4421 1288 4493 incognita
1312 4420 1534 4477 Graecis.

346 4516 489 4571 [nter
531 4514 837 4585 huiusmodi
877 4522 1055 4569 tamen
1085 4513 1467 4585 occupationes
1516 4511 1663 4585 nullo
1693 4513 1854 4585 modo

277 4583 649 4656 magnanimus
661 4586 1006 4658 przetermisit
1031 4585 1345 4655 imperator,
1368 4584 1499 4653 quin
1521 4585 1590 4639 ad
1607 4583 1856 4709 longissi-

278 4672 488 4711 marum
509 4658 743 4711 partium
767 4672 920 4711 renes
943 4655 1077 4711 alios
1099 4664 1260 4711 atcue
1281 4654 1416 4710 alios
1438 4654 1693 4711 dirigeret
1736 4657 1858 4711 itte-

278 4654 488 4711 marum
509 4654 743 4726 partium
767 4672 920 4728 reges
943 4655 1077 4711 alios
1099 4654 1260 4725 atque
1281 4654 1416 4710 alios
1438 4654 1693 4780 dirigeret
1708 4654 1829 4711 litte

279 4742 464 4780 rarum
488 4727 572 4780 vel
596 4742 881 4780 munerum
902 4728 1191 4780 portitores
1239 4743 1270 4780 a
1297 4725 1492 4780 auibus
1515 4726 1553 4779 il
1577 4726 1589 4737 '
1615 4727 1829 4780 omnium

279 4742 464 4808 rarum
488 4725 572 4808 vel
596 4725 1197 4809 munerum‘portitores.
1239 4743 1270 4780 a
1297 4725 1492 4809 quibus
1515 4725 1856 4809 illi_ornniut_n

278 4795 1115 4868 provinciarum_sunt__l_ionores
1149 4795 1359 4868 directi.
1423 4795 1559 4868 Cu_m
1603 4796 1766 4866 igitur
1791 4797 1859 4851 de

280 4864 409 4922 sedc
449 4877 477 4906 ι
509 4864 761 4919 Saxoniei
782 4864 911 4935 belli
936 4865 1141 4935 legatos
1177 4866 1245 4919 ad
1263 4880 1453 4935 regem
1480 4864 1860 4922 Constantino-

280 4938 466 5016 poleos
493 4934 806 5016 destinaret,
857 4933 1213 5016 interrogavit
1242 4933 1579 5016 inmaturum
1609 4945 1861 5016 pacatum

281 5002 427 5063 esset
441 5021 668 5076 regnum
690 5005 785 5076 lilii
799 5004 882 5059 sui
905 5002 1104 5076 Caroli,
1130 5004 1216 5058 vel
1236 5002 1281 5058 si
1305 5002 1595 5076 a_ﬁnitimis
1609 5002 1862 5076 gentibus

283 5073 672 5133 incursaretur.
708 5075 954 5148 Cumque
968 5074 1256 5148 missorum
1276 5074 1485 5148 primus
1505 5073 1861 5148 [AlJmissus]

286 5150 433 5227 alias
440 5148 622 5203 omnia
656 5153 851 5227 pacata
869 5144 1117 5227 referret,
1141 5144 1246 5225 nisi
1271 5144 1419 5227 quod
1440 5144 1572 5226 gens
1584 5144 1861 5227 quredam;

285 5220 377 5289 qui
401 5219 642 5289 Saxones
656 5214 943 5289 vocantur,
971 5214 1317 5289 creberrimis
1352 5214 1649 5269 latrociniis
1678 5215 1866 5289 _Fran-

285 5284 474 5345 eorum
496 5288 630 5359 ﬁnes
651 5287 1034 5359 inquietarent,
1059 5284 1195 5341 dixit
1206 5284 1600 5359 homotorpens
1609 5286 1747 5359 otio,
1764 5300 1867 5341 nec

1159 5369 1291 5410 nare
1314 5354 1525 5409 laborat
1548 5355 1689 5412 illius
1714 5371 1868 5412 meus

288 5437 475 5485 contra
487 5430 669 5485 hostes
685 5425 1061 5500 paucissimos,
1075 5425 1273 5500 nullius
1287 5425 1539 5491 nominis,
1564 5427 1870 5500 nulliusque

291 5500 537 5556 virtutis?
582 5496 795 5556 Habeas
835 5508 891 5553 tu
928 5506 1144 5568 gentem
1188 5496 1332 5552 illam
1371 5510 1495 5551 cum
1524 5496 1866 5553 omnibus’ad

286 5360 433 5414 utilis
482 5358 606 5413 belli
654 5356 869 5429 negotio
906 5375 929 5429 γε
981 5356 1097 5412 Heu

364 5676 390 5707 ιι
418 5664 517 5734 Μ.,
547 5666 720 5724 Crede.

363 5735 393 5777 ι)
419 5736 525 5800 ΑΙ..
555 5735 674 5802 Qua
706 5740 760 5793 in
788 5734 996 5792 Graecia
1026 5740 1161 5796 idem
1190 5742 1380 5797 missus
1410 5735 1621 5790 claruit.

366 5816 391 5847 ο
414 5805 542 5863 llaec
578 5805 685 5864 duo
716 5808 881 5865 verba
911 5806 1107 5867 desunt
1135 5812 1191 5869 in
1218 5827 1323 5870 ms.
1358 5816 1414 5864 ct
1449 5822 1514 5863 ea
1541 5805 1717 5862 aliena
1753 5815 1871 5859 ma-

1849 1815 1902 1889 Β

1915 665 1984 720 ad
2010 671 2218 720 tantum
2240 665 2344 719 iter
2367 665 2464 721 tibi
2486 667 2783 722 tribuisset.

2519 756 2747 815 CAPUT
2776 757 2888 814 VII.
2960 761 2967 765 ’

2418 845 2723 902 ercorum
2744 848 3003 920 periuria.

1988 933 2108 1014 Non
2134 936 2349 1014 videtur
2384 937 2735 1014 _occullauda_
2757 940 3020 1014 sapientia
3065 955 3226 1011 quam
3265 942 3497 1014 sapienti

1919 1005 2139 1078 Graeciae
2163 1008 2305 1062 idem
2326 1007 2523 1063 missus
2553 1010 2764 1078 aperuit
2787 1005 2839 1063 bl
2867 1009 3004 1065 Cum
3032 1005 3495 1070 autumnali'tem—

1918 1091 2051 1151 pgre
2077 1075 2144 1151 ad
2166 1079 2355 1151 urbem
2367 1075 2657 1151 quamdam
2679 1080 2886 1151 regiam
2911 1095 3033 1135 cum
3053 1082 3217 1139 sociis
3237 1083 3496 1151 venisset,

1922 1146 2048 1202 aliis
2076 1146 2182 1222 alio
2226 1146 2434 1222 divisis,
2483 1149 2596 1222 ipse
2626 1146 2841 1222 cuidam
2870 1151 3122 1222 episcopo
3152 1146 3497 1210 commenda;

1921 1225 2029 1282 tus,
2053 1216 2145 1287 qui
2181 1233 2304 1272 cum
2335 1216 2555 1287 jejuniis
2590 1228 2648 1274 et
2679 1216 3013 1277 orationibus
3053 1216 3391 1280 incessanter
3414 1224 3497 1279 in-

1923 1288 2219 1360 cumberet,
2264 1288 2498 1360 legatum
2521 1290 2672 1345 illum
2706 1305 2844 1360 pene
2865 1292 3117 1349 continua
3154 1294 3498 1351 mortiﬁcavit

1926 1359 2123 1434 inedia.
2174 1359 2391 1415 Vernali
2428 1368 2609 1434 autern
2659 1359 2901 1432 tempore
2948 1361 3062 1434 jam
3108 1364 3497 1434 aliquantulum

1927 1429 2231 1506 arridente,
2264 1431 2625 1506 praesentavit
2650 1429 2789 1506 enni
2840 1429 2973 1506 regi.
3006 1433 3107 1501 Qui
3142 1429 3497 1506 interrogavit

1927 1512 2069 1574 eum,
2093 1498 2385 1574 qualissibi
2413 1498 2556 1574 idem
2575 1500 2850 1574 videretur
2867 1498 3171 1574 episcopus.
3198 1506 3272 1560 At
3299 1498 3390 1561 ille
3427 1520 3501 1561 ex

1927 1568 2053 1623 imis
2084 1570 2395 1640 praacordiis
2419 1569 2525 1624 alla
2555 1571 2783 1640 suspiria
2810 1568 3074 1630 trahens}
3117 1574 3501 1632 Sauctissimus

1929 1646 2032 1702 est,
2061 1639 2187 1714 “ait,
2252 1640 2341 1695 ille
2388 1648 2579 1714 vester
2604 1639 2905 1714 episcopus,
2955 1655 3214 1714 quantum
3243 1647 3358 1701 sine
3387 1647 3503 1702 Deo

1929 1708 2190 1792 possibile
2231 1720 2333 1792 est.
2371 1708 2990 1792 Adnqund‘stnpet‘actus
3010 1731 3106 1771 rex
3144 1731 3160 1770 :
3191 1715 3499 1792 Quomodo,

1931 1780 2124 1855 inquit,
2148 1780 2262 1836 sine
2284 1783 2395 1855 Deo
2416 1781 2614 1855 aliquis
2634 1780 2851 1855 sanctus
2868 1800 2986 1840 esse
3004 1780 3370 1855 potestTTum
3390 1780 3501 1853 ille,

1932 1849 2204 1933 Scriptum
2236 1860 2333 1915 est,
2369 1849 2726 1933 inquit,__l)eus
2751 1854 2977 1909 charitas
3006 1849 3081 1933 est
3120 1857 3170 1928 (I
3193 1857 3353 1933 Joan.
3397 1849 3499 1928 tv),

1928 1937 2033 1990 qua
2063 1923 2163 1976 iste
2188 1939 2391 1979 vacuus
2419 1933 2520 1979 est.
2549 1923 2701 1978 Tunc
2733 1939 2831 1978 rex
2869 1926 3079 1981 vocavit
3103 1923 3227 1981 eum
3263 1928 3331 1983 ad
3373 1923 3504 1982 con-

1926 1992 2129 2066 vivitun
2171 2009 2358 2066 suum,
2398 2003 2454 2048 et
2492 1995 2632 2066 inter
2671 1995 2877 2051 medios
2912 2011 3166 2066 proceres
3191 1997 3502 2064 collocavit;

1928 2078 1960 2117 a
1981 2063 2175 2132 quibus
2202 2064 2325 2118 talis
2346 2064 2433 2119 lex
2461 2065 2751 2119 constituta
2785 2063 2930 2132 erat;
2961 2075 3023 2122 ut
3041 2066 3219 2122 nullus
3243 2068 3298 2122 in
3317 2083 3508 2124 mensa

1929 2133 2075 2203 regis
2132 2133 2395 2215 indigena
2436 2136 2548 2215 sive
2604 2135 2807 2215 advena
2839 2137 3507 2215 f_aliquodanimal,_v_el

1928 2219 2128 2274 corpus
2180 2205 2429 2260 animalis
2482 2205 2536 2259 in
2576 2213 2785 2275 partem
2812 2205 2998 2261 aliam’
3018 2214 3271 2271 verteret,
3304 2208 3400 2263 sed
3429 2208 3507 2263 ita

1930 2281 2232 2347 tantum‘ut
2257 2276 2490 2344 positum
2513 2274 2631 2330 erat
2654 2274 2722 2347 de
2746 2278 3021 2347 superiore
3041 2286 3196 2347 parte
3218 2278 3506 2334 manduca-

1931 2351 2034 2430 ret.
2083 2343 2421 2430 Allatusvest
2443 2353 2622 2430 autem
2660 2343 2828 2430 piscis
2854 2343 3100 2430 ﬂuvialis,
3138 2356 3195 2403 et
3216 2348 3507 2430 pigmentis

1934 2413 2145 2488 infusus
2190 2414 2247 2488 in
2265 2417 2425 2488 disco
2438 2417 2670 2488 positus.
2717 2416 2958 2488 Cumque
2995 2420 3191 2488 hospes
3213 2413 3356 2474 idem
3379 2434 3509 2476 con-

1933 2484 2233 2547 suetudinis
2263 2486 2405 2543 illius
2433 2484 2651 2558 ignarus
2685 2484 2888 2556 pisceni
2916 2489 3065 2543 illum
3091 2484 3147 2544 in
3188 2497 3399 2559 partem
3424 2488 3508 2543 al-

1934 2564 2108 2630 teram
2120 2566 2353 2630 gyrarct,
2376 2565 2725 2630 exsurgentes
2743 2573 2930 2630 omnes
2949 2560 3198 2616 dixerunt
3207 2560 3274 2615 ad
3293 2572 3506 2630 regem:

1934 2624 2180 2689 Domine,
2210 2626 2291 2700 ita
2316 2629 2451 2700 estis
2476 2624 2795 2700 inhonorati,
2813 2629 2954 2685 sicut
2979 2645 3253 2700 nunquam
3270 2624 3511 2700 anterio-

1936 2709 2027 2772 res
2060 2697 2246 2772 vestri.
2298 2698 2370 2753 At
2396 2699 2487 2753 ille
2522 2698 2879 2772 ingemiscens
2917 2701 3053 2772 dixit
3075 2697 3142 2754 ad
3169 2700 3404 2772 legatum
3445 2699 3512 2753 il-

1937 2765 2055 2840 lum
2080 2784 2093 2819 :
2127 2766 2355 2840 Obstare
2374 2786 2478 2824 non
2504 2765 2724 2839 possum
2750 2769 2885 2836 istis,
2907 2771 3037 2840 quin
3063 2765 3512 2840 morti'continuo

1937 2837 2207 2910 traderis;
2240 2838 2384 2895 aliud
2409 2837 2528 2910 pete
2561 2837 3184 2909 quodcunque—volueris
3204 2849 3261 2895 et
3283 2839 3514 2910 comple-

1937 2907 2027 2980 bo.
2055 2907 2208 2963 Tunc
2225 2907 2516 2980 parumper
2534 2907 2843 2965 deliberans
2855 2912 3064 2966 cunctis
3089 2907 3429 2966 audientibus
3454 2910 3514 2964 in

1938 2977 2057 3034 haec
2089 2980 2254 3062 verba
2274 2977 2554 3062 prorupit:
2585 2980 2848 3062 Obsecro,
2868 2981 3084 3036 domine
3105 2981 3417 3062 imperator,
3439 2986 3511 3062 ut

1940 3047 2235 3103 secundum
2275 3047 2695 3119 promissionem
2718 3059 2976 3106 -vestram
3021 3047 3327 3107 concedatis
3381 3049 3516 3105 mihi

1940 3134 2105 3192 unam
2158 3120 2475 3192 petitionem
2524 3122 2821 3192 parvulam.
2868 3122 2938 3177 Et
2980 3138 3076 3177 rex
3113 3122 3191 3177 ait
3237 3139 3251 3174 :
3299 3119 3519 3192 Postula

1866 3181 1915 3246 C
1943 3181 2302 3261 quodcunque
2350 3181 2604 3257 volueris,
2653 3201 2708 3247 et
2755 3192 3083 3261 impetrabis,
3132 3199 3349 3259 praeter
3374 3190 3518 3260 quod

1944 3259 2135 3315 contra
2172 3259 2343 3317 legem
2384 3262 2694 3317 Graecorum
2735 3259 2899 3316 vitam
2948 3261 3045 3315 tibi
3084 3259 3518 3316 concedere’non

1942 3344 2182 3398 possum.
2211 3328 2362 3400 Tunc
2390 3331 2478 3384 ille
2499 3346 2514 3384 :
2538 3332 2670 3395 Hoc,
2697 3331 2886 3400 inquit,
2917 3347 3083 3386 unum
3113 3330 3407 3386 moriturus
3425 3328 3519 3383 lla-

1944 3400 2078 3471 gito,
2095 3407 2156 3452 ut
2177 3399 2485 3471 quicunque
2510 3416 2597 3455 me
2616 3399 2817 3471 piscem
2839 3400 2985 3454 illum
3000 3414 3191 3471 gyrare
3218 3400 3517 3471 conspexit,

1943 3469 2449 3551 oculorumlumine
2466 3469 2729 3551 privetur.
2768 3469 3177 3551 obstupefactus
3219 3484 3315 3551 rex
3350 3470 3519 3551 adta-

1946 3540 2057 3596 lem
2084 3539 2445 3612 conditionem
2457 3539 2660 3609 iuravit
2681 3555 2775 3612 per
2801 3539 3093 3607 Christum,
3115 3539 3258 3612 quod
3280 3539 3521 3612 ipsehoc

1946 3626 2055 3668 non
2074 3610 2287 3677 viderit,
2308 3612 2401 3667 sed
2426 3619 2631 3666 tantum
2671 3609 3013 3666 narrantibus
3029 3609 3522 3665 crederet.’Deinde

1947 3682 2133 3753 regina
2162 3681 2236 3736 ita
2262 3698 2321 3737 se
2349 3683 2512 3753 carpit
2537 3697 2814 3747 excusare,
2853 3696 2950 3753 per
2996 3681 3262 3753 lmtilicam
3314 3680 3522 3753 theoto-

1944 3749 2049 3810 coit
2096 3760 2337 3824 sanctam
2388 3749 2648 3824 Mariam:
2680 3768 2778 3824 ego
2814 3749 2945 3824 illud
2988 3766 3094 3806 non
3131 3750 3356 3824 adverti.
3386 3749 3524 3824 Post

1945 3823 2143 3891 reliqui
2200 3838 2482 3892 proceres,
2522 3823 2661 3878 alius
2709 3820 2832 3878 ante
2869 3821 3033 3877 alium
3080 3820 3172 3880 tali
3196 3836 3255 3892 se
3286 3820 3525 3892 periculo

1948 3890 2143 3949 eruere
2170 3890 2473 3963 satagentes
2499 3893 2589 3949 hic
2614 3909 2711 3962 per
2761 3894 3087 3963 clavigerum
3113 3891 3235 3947 cmli
3252 3931 3268 3957 ,
3303 3890 3401 3963 ille!
3427 3904 3525 3961 per

1949 3964 2225 4019 doctorem
2254 3961 2518 4032 gentium,
2568 3961 2761 4033 reliqui
2810 3961 2923 4034 per'
2950 3963 3177 4018 virtutes
3229 3961 3526 4034 angelicas,

1949 4031 2367 4104 sanctorumque
2397 4034 2637 4089 omnium
2664 4031 2867 4099 turbas,
2905 4034 2972 4089 ab
2994 4035 3096 4088 hac
3116 4048 3175 4089 se
3202 4031 3346 4104 noxa
3369 4031 3529 4087 terri-

1949 4104 2148 4160 bilibus
2181 4102 2540 4159 sacramentis
2580 4104 2855 4160 absolvere
2880 4104 3229 4160 conabantur.
3261 4102 3397 4158 Tum
3443 4117 3530 4157 sa-

1948 4176 2104 4300 piens
2133 4173 2222 4229 ille
2254 4173 2585 4257 Fraucigena
2613 4174 3143 4258 vanissimaollellade
3170 4174 3226 4229 in
3252 4174 3365 4229 suis
3402 4172 3530 4228 abdi-

1989 4261 2055 4300 us
2082 4253 2422 4300 exsuperata.
2450 4254 2622 4300 Victor
2639 4254 2695 4300 et
2713 4262 2877 4300 sanus
2910 4261 2964 4300 m
2995 4254 3224 4300 patriam
3250 4258 3403 4298 suam
3441 4256 3529 4297 re-

1989 4261 2055 4300 us
2082 4253 2422 4369 exsuperata,
2450 4244 2622 4302 victor
2639 4254 2695 4301 et
2713 4262 2877 4302 sanus
2910 4246 2964 4301 in
2993 4244 3224 4316 patriam
3250 4258 3403 4298 suam
3441 4256 3529 4297 re-

1989 4330 2142 4369 ersus
2172 4330 2232 4369 es
2257 4353 2277 4369 .

1950 4329 2142 4372 versus
2172 4329 2277 4370 εει.

2535 4405 2762 4464 CAPUT
2799 4408 2930 4465 VIII.

2156 4493 2384 4566 Legatus
2411 4493 2589 4551 Caroli
2618 4516 2650 4551 a
2676 4496 2874 4553 Graecis
2904 4496 3039 4551 male
3064 4502 3323 4566 acceptus.

2028 4582 2160 4659 Post
2207 4600 2393 4659 annos
2412 4594 2594 4659 autem
2619 4587 2821 4659 aliquot
2849 4586 3045 4659 direxit
3081 4585 3216 4659 illuc
3235 4583 3533 4641 indefessus

1958 4654 2183 4739 Carolus
2200 4657 2486 4739 quemdam
2498 4654 3370 4739 episcopumpnecellentissi[nuru
3388 4671 3533 4737 inen-

1959 4732 2014 4808 t_e
2043 4734 2098 4781 et
2126 4726 2570 4808 corporeviruni,
2606 4726 2857 4808 adjuncto
2874 4728 2925 4808 ei
2959 4728 3168 4808 comite
3196 4726 3534 4808 nobilissimo

1961 4796 2113 4861 duce,
2146 4796 2571 4868 quiodiutissime
2581 4797 2842 4868 protracti
2868 4798 3085 4868 tandem
3104 4797 3171 4852 ad
3189 4796 3537 4868 praesentiam

1959 4868 2105 4938 regis
2131 4865 2375 4938 perdueti
2401 4876 2458 4938 et
2483 4865 2698 4937 indigne
2721 4866 2890 4938 habiti
2912 4883 3009 4938 per
3027 4865 3391 4923 diversissima
3411 4874 3540 4922 sunt

1960 4935 2080 4992 loca
2107 4935 2286 5008 divisi.
2311 4936 2549 4991 Tandem
2570 4935 2700 5008 vero
2722 4935 3006 5008 aliquando
3030 4938 3237 4995 dimissi
3273 4951 3397 4993 cum
3422 4950 3538 4992 ma-
3603 4970 3625 5007 ,t,

1963 5021 2071 5077 gno
2098 5007 2251 5062 navis
2278 5013 2334 5061 et
2359 5021 2538 5060 rerum
2560 5005 2839 5078 dispendio
2867 5008 3161 5065 redierunt.

2572 5120 2800 5178 CAPUT
2827 5121 2921 5178 IX.

2521 5210 2765 5269 Vindicta
2789 5212 2988 5270 Caroli.

2037 5301 2155 5357 Non
2188 5310 2311 5373 post
2335 5303 2565 5382 multum
2591 5315 2769 5382 autem
2802 5308 3001 5382 direrit
3019 5307 3161 5382 idem
3196 5323 3293 5382 rex
3334 5307 3541 5382 legata-

1968 5373 2256 5446 rios_suos
2303 5375 2372 5429 ad
2414 5377 2861 5446 gloriosissimum
2909 5378 3179 5435 Carolum.
3216 5373 3546 5437 Forte'vero

1968 5444 2215 5524 contigit,
2253 5452 2314 5500 ut
2354 5444 2484 5501 tunc
2521 5447 2664 5524 idem
2692 5449 3130 5524 episcopuscum
3158 5452 3295 5524 duce
3320 5452 3547 5524 praefato

1967 5514 2110 5597 apud
2138 5514 2525 5585 imperatorem
2553 5514 2802 5574 fuissent.
2840 5514 3112 5577 Nuntiatis
3157 5514 3340 5593 igitur-
3356 5522 3548 5594 legatis

1969 5675 2337 5800 gns:pposita
2366 5683 2492 5735 sunt
2536 5676 2605 5734 ad
2638 5675 3061 5750 explicationem
3092 5677 3243 5737 vocis
3265 5675 3543 5746 indigem.
