4064 6290
498 287 543 311 ρ

256 346 397 403 NI?

1127 343 1370 404 SECTIO
1404 346 1466 413 Π,
1508 345 1893 405 ΗιετοιιιοΑ.
1929 375 2002 388 --
2036 347 2192 405 ver.
2232 349 2393 406 ANN.
2436 330 2684 407 rma.

3392 346 3531 403 “18

255 467 488 537 sume
506 478 668 536 super
687 463 1284 537 Saracenos_in_$pania
1306 470 1514 537 regnat.
1538 464 1665 537 Dira
1682 464 1860 537 fames
1884 473 2110 537 A‘tutor
2133 473 2188 520 et
2217 464 2466 522 defensor
2490 474 2634 522 esset
2670 464 2813 522 illius
2833 465 3005 537 plebis
3026 504 3041 531 ,
3058 465 3341 537 Lquoniam
3380 464 3531 520 illum

256 543 397 615 iung
416 532 684 615 Spaniain
704 538 932 615 domuit.
968 532 1262 591 Waifarius
1281 532 1531 607 princeps
1553 535 1856 605 Aquitania:
1885 532 1937 537 “”
1959 538 2322 615 prmdecessor
2355 551 2485 615 suu_s_
2530 538 2703 615 beata:
2736 532 3012 615 memoriae
3051 532 3531 615 Stephanuspapa

256 604 586 679 Narbonem
598 607 907 679 _deprtedat.

340 675 498 732 Anno
518 676 626 732 752
645 675 1028 733 Knsemundus
1045 675 1541 747 CothosNemauso
1560 677 1852 744 civitatem,

262 745 648 831 Magdalonam
664 789 679 813 ,
707 747 958 831 égathen
970 788 986 813 ,
1015 745 1453 831 giterris‘i’ipino
1479 748 1594 830 regi
1620 748 1857 831 Franco-

261 816 392 872 rum
422 818 669 874 tradidit.
706 816 789 873 Ei
818 832 883 873 eo
908 818 994 873 die
1021 816 1214 872 Franci
1242 816 1559 872 Narbonam‘
1578 818 1852 873 infestant.

259 885 600 970 _‘Vaifarium
632 887 938 970 principem
973 888 1278 970 nquitaniie
1318 886 1540 970 Pipinus
1570 889 1858 970 prosequi-

261 963 379 1022 tur,
406 972 475 1013 eo
494 957 656 1024 quod
681 957 847 1014 nollet
881 972 943 1013 se
966 957 1161 1013 ditioni
1186 957 1333 1014 illius
1361 959 1511 1024 dare,
1539 958 1680 1014 sicut
1705 957 1856 1015 Eudo

259 1024 475 1099 fecerat
504 1024 701 1099 Carolo
724 1027 866 1099 patri
887 1027 1023 1099 ejus.

336 1098 505 1158 Anno
532 1099 637 1171 759
662 1098 860 1171 Franci
879 1098 1191 1171 ANarbonam
1216 1098 1487 1171 obsident,
1510 1100 1743 1171 datoque
1770 1116 1857 1156 sa-

262 1180 558 1240 cramento
585 1168 776 1240 Gethis
801 1168 893 1240 qui
924 1169 999 1224 ibi
1026 1176 1199 1240 erant,
1231 1176 1292 1223 ut
1315 1170 1362 1224 si
1388 1168 1674 1226 civitatem‘
1690 1172 1858 1240 parti-

260 1238 379 1295 bus,
412 1240 690 1296 traderent
718 1238 894 1310 Pipini
923 1240 1083 1311 regis
1096 1239 1453 1311 Francorum,
1484 1238 1857 1311 permitterent

260 1321 373 1367 eos
400 1312 577 1381 legem
604 1325 763 1381 suam
776 1309 1007 1381 habere.
1054 1309 1173 1378 Quo
1197 1309 1340 1365 facto
1367 1309 1528 1366 Gothi
1558 1310 1855 1367 Saracenos

260 1383 370 1462 equi
398 1380 898 1462 in’praesidioi‘llius
917 1389 1091 1447 erant,
1109 1382 1393 1462 occidunt,
1418 1381 1696 1452 ipsamque
1722 1383 1857 1437 civi-

261 1450 455 1507 .t’atem.
474 1450 718 1522 partibus
741 1450 1074 1506 Francorum
1100 1452 1335 1535 tradunt.
1438 1450 1456 1452 “
1610 1450 1624 1451 ί

268 1521 506 1604 __Annc
551 1520 655 1604 76?
706 1520 844 1604 gelu
880 1520 1420 1604 magnum‘iGallias,
1477 1521 1746 1604 Illyricum
1799 1532 1856 1604 et

268 1591 571 1647 Thraciam
598 1591 852 1662 deprimit
874 1631 890 1657 ,
938 1591 994 1647 et
1036 1593 1218 1647 multae
1248 1594 1471 1648 arbores
1494 1591 1756 1648 olivarum
1800 1601 1856 1648 et

264 1662 631 1734 ﬁculnearum
666 1662 903 1734 decoctae
935 1662 1058 1734 gelu
1092 1669 1380 1734 aruerunt;
1418 1662 1512 1717 sed
1548 1670 1603 1717 et
1634 1677 1854 1733 germen

264 1733 532 1787 messium
562 1731 724 1799 aruit,
753 1740 809 1787 et
834 1731 1247 1803 superveniente
1274 1747 1416 1788 anno
1448 1731 1738 1802 praedictas
1769 1749 1854 1789 re-

268 1803 463 1885 giones
488 1803 706 1884 gravius
731 1802 995 1885 depreSSit
1018 1802 1207 1885 fames,
1238 1803 1311 1857 ita
1337 1811 1399 1858 ut
1423 1803 1580 1885 inulti
1606 1803 1853 1860 homines
1881 1816 1932 1878 Β
1958 1810 2329 1885 transcensum
2350 1802 2853 1885 montisLapgobar

260 1872 517 1943 penuria;
541 1872 700 1941 panis
738 1872 1002 1943 perirent.
1054 1873 1275 1943 Pipinus
1303 1889 1399 1929 rex
1427 1872 1733 1930 Narbonam
1758 1889 1853 1929 ve-

262 1942 448 2006 niens,
476 1942 692 2009 Tolosa,
719 1942 928 2015 Albigis
976 1952 1030 1999 et
1076 1942 1338 2015 Rutbenis
1366 1943 1442 1998 illi
1468 1944 1679 2015 traditae
1704 1953 1848 2009 sunt,

267 2021 332 2067 et
354 2027 462 2066 non
486 2022 611 2085 post
626 2013 870 2085 multitm'
891 2023 1103 2084 tempus
1127 2013 1421 2069 Waifarius
1445 2014 1695 2085 princeps
1718 2015 1854 2069 obiit

266 2097 462 2156 mense
501 2083 718 2156 Iunio.“
763 2083 1163 2156 Pipinus’vero
1213 2098 1330 2156 rex,
1356 2083 1660 2156 principatu
1709 2086 1855 2142 illius

264 2152 489 2225 adepto,
523 2161 646 2225 post
672 2154 788 2210 dies
828 2152 1044 2210 centum
1089 2169 1275 2225 mense
1317 2152 1656 2224 Septembrio
1689 2157 1854 2210 vitam

263 2221 480 2289 ﬁnivit,
521 2221 874 2294 regnavitque
916 2225 1071 2279 annis
1098 2224 1165 2278 27
1196 2240 1318 2280 cum
1348 2221 1446 2294 per
1473 2240 1643 2282 annos
1667 2225 1735 2279 15
1763 2234 1857 2281 aut

263 2240 480 2289 umvn,
521 2240 766 2294 regnavnt
808 2240 874 2281 ue
916 2240 1071 2279 amns
1098 2240 1161 2278 τι
1196 2240 1318 2280 cum
1348 2240 1446 2294 per
1473 2240 1643 2282 annos
1667 2240 1735 2279 to
1763 2240 1856 2281 aut

258 2294 745 2369 goiampliussolis
762 2240 1296 2369 Francisimperaret
1320 2313 1332 2348 :
1361 2295 1513 2369 ﬁnito
1533 2294 1856 2369 Aquitanico

265 2364 439 2428 bello,
469 2364 613 2435 quod
640 2374 834 2422 contra
858 2364 1177 2422 Waifarium
1204 2367 1397 2437 ducem
1424 2364 1727 2435 Aquitaniae
1760 2382 1858 2437 per

267 2437 562 2491 continuos
611 2450 805 2492 novem
853 2451 1024 2493 annos
1072 2436 1377 2507 gerebatur,
1430 2437 1572 2507 apud
1620 2436 1856 2494 Parisios

269 2507 473 2562 morbo
497 2521 651 2577 aqua;
674 2507 958 2563 intercutis
981 2508 1122 2563 diem
1147 2507 1299 2563 obiit.

318 2620 687 2680 EXORDIUM
732 2622 1245 2750 ΕΑΒΟΙΑέωΜᾶξΝΙ
1291 2623 1432 2692 QUO
1480 2624 1823 2693 REGNARE

346 2781 699 2856 Regnumque
729 2785 875 2842 illius
900 2785 999 2840 filii
1025 2786 1109 2856 sui
1136 2784 1361 2842 Carolus
1388 2793 1442 2842 et
1466 2786 1857 2846 Carlomannus

265 2853 421 2910 inter
433 2853 509 2911 'sc
543 2853 830 2930 dividunt,
885 2857 980 2911 sed
1012 2855 1402 2911 Carlomannus
1426 2858 1579 2930 brevi
1615 2867 1858 2930 tempore

266 2940 444 2996 regno
469 2927 674 3051 potitus
699 2926 852 2992 obiit,
877 2935 1157 2999 totumque
1187 2942 1414 2999 regnum
1438 2928 1608 2998 patris
1632 2926 1858 2986 Carolus

266 3010 537 3051 occupavi
567 3035 583 3050 .

266 3010 583 3067 occupavit.

1956 606 2210 663 unctione
2252 622 2405 663 sacra
2452 607 2684 672 liniens,
2736 607 2881 662 hunc
2926 620 3103 673 regem
3148 621 3213 659 ac
3247 606 3532 675 patricium

1957 676 2323 732 Romanorum
2349 677 2644 731 ordinarat.
2675 676 2899 747 Carolus
2927 676 3091 747 igitur
3111 690 3331 747 rexper
3354 676 3533 747 consig

1958 748 2087 802 lium
2112 748 2431 819 optimatum
2456 763 2677 802 suorum
2694 742 3023 819 voluntatem
3034 742 3535 819 idomni‘apostoliei

1955 832 2018 873 se
2044 816 2456 887 adimpletumm
2485 833 2603 873 esse
2632 833 2755 872 cum
2780 818 2873 872 Dei
2906 816 3105 872 auxilio
3135 817 3323 887 devota
3349 822 3534 887 mente

1955 884 2261 970 spopondit:
2322 888 2525 944 Eodem
2571 904 2712 970 anno
2755 889 3019 970 synodum
3063 886 3252 970 tenuit
3272 886 3327 940 in
3360 884 3530 970 Jenua

1956 957 2202 1025 civitate,
2245 958 2301 1013 in
2330 973 2438 1028 quo
2463 966 2730 1014 conventu
2756 957 3051 1013 exercitum
3079 957 3288 1022 divisit,
3320 966 3531 1028 partem

1956 1042 2141 1084 secum
2170 1027 2426 1092 retinens,
2464 1038 2525 1083 ut
2550 1043 2646 1099 per
2669 1028 3209 1099 Cenisinmmontem
3235 1027 3525 1095 transiret,

1955 1106 2167 1169 partem
2186 1113 2314 1154 vero
2334 1096 2614 1169 reliquam,
2639 1100 2727 1154 cui
2747 1096 2988 1169 praefecit
3009 1099 3338 1169 Bernardum
3365 1113 3530 1153 avun-

1955 1166 2137 1224 culum
2165 1184 2320 1224 suum
2348 1166 2471 1225 cuni
2495 1170 2707 1226 caeteris
2733 1166 2980 1224 ﬁdelibus
3004 1184 3101 1238 per
3120 1166 3267 1222 lovis
3290 1176 3531 1223 montem
3628 1218 3629 1223 η

1956 1238 2012 1294 ἰη
2036 1239 2187 1293 Italia
2216 1239 2420 1294 intrare
2438 1240 2712 1310 praecepit.
2744 1239 3052 1295 Desiderius
3071 1254 3214 1310 vero;
3225 1254 3319 1293 rex
3342 1238 3532 1310 imme-

1956 1324 2076 1364 mor
2096 1308 2479 1380 beneﬁciorum
2503 1308 2679 1380 Pipini
2704 1311 2866 1379 regis,
2883 1324 2982 1379 per
3007 1308 3158 1378 cujus
3185 1308 3529 1380 donationem

1956 1395 2193 1451 regnum
2207 1378 2681 1451 Langobardorum
2706 1378 2928 1436 sortitus
2952 1389 3054 1443 est,
3082 1380 3291 1435 clausas
3319 1378 3533 1451 fortiter

1956 1449 2145 1521 contra
2167 1449 2418 1506 Carolum
2444 1453 2846 1521 exercitumque
2870 1451 2987 1521 ejus
3011 1451 3226 1505 ﬁrmare
3246 1450 3527 1521 praecepit.

1957 1467 2145 1505 contra
2167 1467 2418 1506 Larcium
2444 1467 2846 1521 exerentumque
2870 1467 2899 1504 e
2925 1467 2987 1506 us
3011 1467 3226 1505 nrmare
3290 1467 3527 1518 raeceptt.

1957 1520 2381 1576 Castrametatus
2425 1528 2507 1576 est
2550 1521 2731 1590 itaque
2775 1467 3062 1591 praedictus
3099 1536 3195 1575 rex
3231 1467 3457 1591 Carolus
3500 1536 3532 1575 e

1959 1592 2176 1661 regione
2204 1591 2477 1647 clusarum
2508 1599 2563 1647 et
2590 1589 2715 1646 valli
2742 1589 2886 1661 quod
2918 1590 3252 1661 Langobardi
3283 1589 3532 1645 defende-

1958 1670 2111 1727 rant;
2160 1662 2308 1716 misit
2350 1669 2532 1716 autem
2575 1676 2673 1731 per
2700 1661 2967 1717 difﬁcilem
3006 1675 3288 1716 ascensum
3330 1661 3532 1731 montis

1957 1731 2225 1802 legionem
2260 1746 2329 1787 ex
2359 1729 2756 1802 probatissimis
2791 1732 3198 1856 pugnatoribus,
3250 1730 3340 1800 qui
3389 1729 3529 1802 [per]

1958 1810 2329 1856 transcensum
2350 1803 2551 1856 montis
2571 1802 2853 1856 Langobar
2890 1818 2951 1856 os
2973 1818 3093 1856 cum
3113 1801 3386 1856 Desiderio
3407 1816 3529 1856 reae

2890 1818 2951 1857 os
2973 1818 3093 1857 cum
3113 1801 3386 1856 Desiderio
3407 1816 3533 1869 rege

1960 1889 2147 1928 eorum
2192 1882 2246 1928 et
2283 1873 2511 1945 Oggerio
2548 1873 2605 1945 in
2642 1870 2825 1943 fugam
2861 1879 3260 1927 converterunt.
3309 1870 3533 1945 Carolus

1955 1959 2083 1999 vero
2127 1960 2223 1999 rex
2267 1942 2391 1999 cum
2433 1944 2674 1999 exercitu
2712 1942 2815 1997 suo
2858 1958 3019 2013 super
3059 1951 3272 2013 apertas
3315 1942 3530 2013 clusas,

1957 2015 2251 2069 auxiliante
2282 2013 2511 2069 Domino
2549 2021 2603 2068 et
2639 2022 2826 2068 sancto
2852 2011 3014 2068 Petro
3043 2013 3097 2066 in
3126 2011 3331 2065 Italiam
3366 2012 3535 2066 intra-

1955 2085 2064 2151 vit,
2113 2085 2179 2139 ad
2223 2085 2441 2154 Papiam
2483 2086 2757 2139 civitatem
2791 2099 2960 2153 usque
2996 2082 3282 2154 pervenit:
3329 2081 3385 2135 in
3428 2096 3533 2154 qua

1956 2155 2235 2210 Desiderio
2263 2152 2470 2209 incluso
2499 2155 2671 2217 ipsam
2697 2152 2970 2209 civitatem
3000 2152 3253 2217 obsedit,
3299 2160 3355 2206 et
3394 2152 3535 2207 vallo

1956 2224 2267 2281 ﬁrmissimo
2297 2221 2670 2281 circumdedit.
2710 2224 3011 2279 Celebravit
3046 2231 3224 2277 autem
3258 2222 3312 2276 in
3343 2221 3532 2277 iisdem

1957 2296 2153 2351 castris
2181 2295 2369 2350 Natale
2394 2296 2627 2362 Domini,
2655 2302 2710 2350 et
2740 2293 2942 2349 Pascha
2971 2293 3172 2347 Romm.
3214 2292 3535 2347 Revertente

1957 2374 2139 2421 autem
2182 2383 2307 2422 cum
2352 2366 2448 2421 Dei
2494 2366 2726 2432 auxilio,
2773 2364 3230 2419 intercedentibus
3277 2363 3535 2433 apostolis

1956 2436 2120 2493 Petro
2143 2445 2196 2493 et
2218 2436 2403 2501 Paulo,
2432 2437 2666 2508 glorioso
2694 2451 2820 2507 rege
2841 2434 3053 2501 Carolo,
3080 2449 3109 2487 a
3134 2433 3375 2508 iiomana
3402 2436 3535 2489 urbe

1958 2508 2025 2563 ad
2055 2508 2274 2578 Papiam
2304 2502 2482 2573 venit,
2525 2508 2706 2590 ibique
2720 2502 3012 2588 venientes
3046 2503 3283 2628 undique
3319 2502 3534 2575 Lango-

1958 2578 2110 2628 bardi
2153 2577 2219 2628 de
2262 2578 2487 2628 singulis
2530 2578 2838 2628 eiulatibus
2877 2576 3041 2628 Italia:
3079 2575 3180 2628 sub
3220 2573 3434 2628 tderunt
3478 2590 3534 2628 se

1956 2573 2219 2633 bardi'de
2262 2578 2487 2649 singulis
2530 2573 2838 2649 civitatibus
2877 2576 3047 2649 Italia;
3079 2573 3535 2649 subdideruntsc

1959 2649 2197 2704 dominio
2225 2656 2279 2704 et
2306 2643 2569 2719 regimini
2589 2647 2811 2719 gloriosi
2840 2647 2981 2717 regis
3008 2644 3204 2719 Caroli.
3249 2643 3535 2719 Adalgisus

1957 2733 2089 2800 vero
2142 2719 2283 2800 ﬁlius
2335 2714 2616 2800 Desiderii
2649 2717 2862 2800 fugiens
2906 2714 3104 2800 navem
3155 2714 3411 2800 inii-avit,
3468 2717 3538 2797 ad

1960 2788 2482 2860 Constantinopolim
2510 2785 2769 2860 perrexit.
2804 2787 3028 2860 Carolus
3055 2799 3182 2842 vero
3200 2785 3432 2860 _Papiam
3458 2785 3537 2840 ci-

1958 2861 2179 2915 vitatem
2218 2876 2253 2913 χ
2290 2854 2460 2915 annos
2485 2854 2723 2921 obsedit,
2772 2866 2826 2912 et
2868 2858 2940 2912 ita
2980 2870 3165 2911 mense
3192 2854 3352 2911 Junio
3380 2865 3538 2921 capta

1958 2939 2042 2986 est
2084 2931 2276 2987 civitas
2318 2947 2350 2986 a
2390 2931 2631 2986 Francis.
2680 2929 2850 2985 Porro
2880 2927 3146 2998 gloriosus
3187 2941 3283 2980 rex
3312 2925 3538 2998 Carolus

1961 3008 2155 3056 cuncta
2190 3000 2341 3055 Italia
2378 3001 2480 3056 sibi
2516 3001 2797 3071 subjugata
2830 2996 2915 3071 vei
2948 2998 3224 3071 ordinata,
3265 2996 3539 3071 custodias

344 3064 568 3152 {hinc}
590 3064 771 3152 Caroli
797 3067 944 3152 regis
975 3068 1107 3124 abiit
1135 3067 1527 3152 Biartaﬁregina.
1551 3077 1728 3126 mater
1754 3069 1861 3126 Ca-
1959 3070 2293 3152 Francorum
2332 3072 2392 3152 in
2425 3071 2589 3152 Papia
2613 3064 2838 3152 ciiitatt‘e
2865 3068 3146 3152 dimissas,
3188 3068 3539 3152 tt'usoq‘ule‘in

269 3137 382 3221 roli
418 3137 658 3221 innitalia
693 3138 762 3221 ad
790 3138 1044 3221 placitum
1071 3148 1261 3221 contra
1287 3137 1625 3221 Desiderium
1650 3156 1853 3221 regem,

269 3217 336 3280 et
361 3208 581 3280 reddita:
610 3216 733 3262 sunt
762 3208 1289 3280 civitatesplurimze
1328 3212 1397 3265 ad
1439 3220 1651 3280 partem
1681 3208 1854 3267 sancti

270 3278 447 3344 Petri,
470 3286 524 3334 et
544 3279 707 3333 Berta
728 3277 948 3334 adduxit
968 3277 1132 3333 ﬁliam
1153 3280 1417 3334 Desiderii
1440 3277 1502 3334 in
1524 3281 1773 3345 Francia,
1800 3290 1856 3336 et

272 3348 587 3418 insequenti
610 3346 1216 3418 anno_Carlus-mannus
1236 3356 1480 3403 mortuus
1502 3358 1605 3404 est.
1631 3350 1858 3405 Carolus

270 3416 484 3484 autem,
497 3418 667 3473 fratre
683 3416 955 3484 defuncto,
978 3431 1246 3472 consensu
1259 3419 1500 3474 omnium
1523 3418 1857 3473 Francorum

274 3501 379 3543 rex
408 3488 773 3545 constituitur.

350 3558 430 3638 De
452 3559 732 3638 nativitate
752 3556 930 3612 Caroli
954 3555 1131 3638 Magni
1156 3566 1317 3627 atque
1340 3555 1563 3638 infantia
1583 3558 1671 3638 vel
1695 3558 1858 3638 etiam

272 3629 542 3698 pueritia,
590 3628 717 3699 quia
744 3642 920 3697 neque
948 3626 1164 3697 scriptis
1194 3626 1422 3698 usquam
1448 3626 1657 3699 aliquid
1678 3628 1857 3683 decla-

276 3706 461 3781 ratum
485 3698 807 3781 est,’neque
835 3698 1120 3781 quisquam
1142 3699 1306 3781 modo
1332 3713 1612 3781 superesse
1646 3698 1856 3781 inveni-

276 3775 373 3838 tur
412 3769 503 3838 qui
551 3769 746 3824 horum
793 3783 853 3824 se
893 3769 1039 3823 dicat
1071 3768 1271 3824 habere
1305 3768 1581 3833 notitiam,
1616 3768 1857 3824 scribere

277 3837 525 3909 ineptum
549 3838 833 3907 judicans;
885 3839 979 3893 sed
1026 3846 1181 3894 actus
1209 3848 1265 3895 et
1289 3854 1495 3903 mores,
1531 3846 1863 3908 caeterasque

277 3908 409 3964 vitae
459 3909 603 3964 illius
653 3915 835 3978 partes
879 3908 1222 3977 explicandas
1272 3915 1326 3965 et
1375 3910 1821 3965 demonstrandas
1843 3948 1860 3975 ,

279 3979 501 4035 oniissis
537 3978 850 4050 incognitis,
890 3979 1126 4035 transire
1155 3979 1431 4050 disposui:
1472 3979 1548 4034 ita
1584 3988 1767 4034 tamen
1804 3987 1863 4034 ut

279 4050 462 4121 primo
492 4064 579 4121 res
608 4057 786 4121 gestas
830 4058 886 4121 et
924 4050 1067 4105 domi
1108 4056 1163 4104 et
1200 4050 1356 4121 foris,
1386 4050 1577 4121 deinde
1600 4064 1783 4121 mores
1809 4058 1865 4105 et

281 4117 463 4174 studia
488 4117 635 4192 ejus,
674 4127 805 4192 tunc
843 4119 911 4175 de
954 4121 1107 4192 regni
1147 4120 1615 4192 administratione
1658 4128 1712 4175 et
1756 4120 1864 4192 line

286 4190 560 4261 narrando
577 4228 592 4253 ,
632 4189 873 4261 nihilque
902 4189 1118 4261 cognitu
1145 4190 1231 4245 vel
1256 4189 1418 4261 digna
1444 4189 1527 4245 vel
1556 4190 1865 4261 necessaria

282 4259 697 4382 gratemittam
728 4259 1269 4341 omniuni'bellorum
1296 4259 1416 4330 quae
1446 4260 1629 4330 gessit.
1680 4259 1863 4342 Primo

335 4337 669 4382 quitanicum
704 4342 735 4382 a
768 4335 920 4382 natre
953 4330 1296 4382 inchoatum.
1347 4330 1441 4382 sed
1475 4346 1582 4382 non
1616 4331 1860 4382 finitum.

335 4329 669 4398 quitanicum
704 4342 735 4382 a
768 4335 920 4398 patre
953 4329 1296 4395 inchoatum,
1316 4329 1323 4330 “
1347 4329 1582 4385 sednon
1616 4331 1860 4396 ﬁnitum,

284 4399 412 4480 qnia
442 4399 551 4480 cito
577 4398 766 4480 peragi
792 4404 950 4480 po‘sse
975 4399 1276 4480 videbatur,
1312 4398 1481 4455 fratre
1509 4400 1690 4480 adhuc
1716 4400 1858 4480 vivo,

286 4467 459 4539 etiam
502 4467 864 4524 etiauxilium
909 4467 1059 4539 ferre
1096 4477 1283 4539 rogato
1316 4470 1568 4538 suscepit.
1622 4468 1759 4523 Nam
1806 4478 1864 4525 et

285 4536 555 4594 Unaldum
579 4579 594 4603 ,
647 4538 735 4593 cui
782 4546 905 4608 post
944 4536 1193 4594 Waifari’i
1238 4536 1489 4594 mortem
1515 4538 1861 4608 Aquitaniam

285 4609 592 4680 relinquere
615 4617 671 4662 et
692 4608 1033 4664 Wasconiam
1057 4618 1242 4678 petere
1264 4609 1465 4680 coegit;
1498 4624 1657 4678 quem
1684 4617 1862 4680 tanien

285 4677 364 4733 ibi
410 4682 708 4735 consistere
752 4695 861 4734 non
890 4677 1182 4742 sustinens,
1216 4677 1534 4734 transmisso
1566 4694 1726 4734 amne
1751 4677 1862 4734 Ga-

288 4764 513 4821 rumna,
544 4749 696 4818 Lupo
722 4748 1052 4821 Wasconum
1075 4747 1234 4821 _duci_
1252 4766 1350 4820 per
1394 4749 1599 4821 legatos
1648 4749 1866 4821 mandat

287 4827 348 4873 ut
385 4817 661 4886 perfugam
693 4818 912 4888 reddat,
950 4819 1091 4888 quod
1122 4821 1177 4874 ni
1213 4817 1470 4874 festinato
1496 4820 1691 4884 faciat,
1726 4819 1866 4874 bello

288 4901 475 4958 secum
502 4886 985 4958 expostulaturum}
1018 4887 1124 4943 Sed
1150 4888 1333 4958 Lupus
1357 4891 1556 4944 saniori
1582 4905 1713 4945 usus
1740 4904 1868 4945 con-

288 4957 431 5021 silio,
465 4954 774 5028 non_sol_um
803 4955 1070 5028 Unaldum
1095 4954 1292 5028 reddit,
1318 4960 1412 5013 sed
1437 4961 1602 5013 etiam
1632 4960 1867 5028 seipsum

291 5042 419 5107 cum
443 5024 721 5095 provincia
753 5026 851 5107 cui.
876 5034 1107 5107 pralerat
1151 5025 1268 5107 ejus
1306 5028 1561 5107 potestati
1596 5024 1864 5107 permisit.

288 5097 561 5167 Adrianus
594 5109 732 5165 papa
770 5095 937 5167 urbis
960 5095 1144 5167 Roma:
1182 5095 1386 5167 legatos
1421 5112 1547 5152 suos
1588 5095 1657 5152 ob
1684 5096 1870 5167 defen-

292 5167 500 5222 sionem
529 5165 783 5237 Romanae
814 5165 1069 5237 Ecclesia:
1103 5167 1173 5237 ad
1197 5165 1450 5222 Carolum
1486 5182 1669 5237 regem
1698 5166 1870 5221 Fran-

292 5250 481 5292 corum
511 5236 692 5307 misit,
728 5236 867 5307 quia
893 5235 1047 5307 valde
1076 5235 1409 5307 amigebatur
1444 5254 1475 5291 a
1506 5235 1631 5306 rege
1660 5236 1871 5307 Lango-

294 5252 481 5292 eorum
511 5252 659 5290 mrsu
678 5276 692 5300 ,
778 5252 867 5291 uia
893 5252 1047 5290 vanae
1076 5252 1409 5307 amigenatur
1444 5254 1475 5291 a
1506 5252 1631 5306 rege
1660 5252 1870 5307 Lango-

294 5307 589 5362 bardorum
616 5252 920 5371 Desigerio,
956 5306 1046 5375 qui
1074 5305 1342 5361 Haistulfo
1374 5316 1712 5363 successerat
1734 5347 1751 5373 ,
1804 5321 1870 5362 ac

292 5390 392 5446 per
419 5375 761 5447 donationem
789 5376 967 5446 Pipini
998 5377 1139 5447 regis
1165 5376 1497 5447 Francorum
1534 5392 1758 5447 regnum
1791 5385 1871 5432 te-

295 5443 460 5501 nebat
485 5443 979 5504 Lanaobardorum.
1019 5443 1254 5504 Eratque
1280 5443 1422 5504 tunc‘
1438 5443 1663 5503 Carolus
1688 5462 1783 5503 rex
1815 5449 1869 5502 in

296 5516 417 5571 loco
459 5518 552 5586 qui
592 5516 789 5571 dicitur
823 5516 1263 5572 Teudonis-villa.
1306 5518 1538 5573 Veniens
1576 5519 1650 5572 ibi
1686 5518 1868 5572 domni

298 5586 581 5659 apostolici
608 5586 817 5659 missus
840 5587 1092 5659 Adriani,
1134 5589 1351 5643 nomine
1376 5588 1592 5651 Petrus,
1620 5589 1870 5659 precibus

297 5656 576 5726 apostolici
605 5656 777 5725 ipsum
805 5656 873 5711 ad
898 5656 1282 5713 defendendam
1310 5667 1548 5714 sanctam
1575 5656 1870 5715 Ecclesiam

297 5726 607 5800 posiulavit,
630 5727 900 5800 _utipsum
931 5726 1229 5800 Romanum
1258 5730 1512 5800 populum
1541 5730 1755 5800 superbi
1787 5744 1872 5785 re-

302 5795 385 5869 gis
403 5795 665 5854 Desiderii
684 5795 969 5851 liberaret:
996 5795 1289 5871 adiungens
1308 5795 1450 5872 quod
1467 5800 1581 5870 ipse
1599 5795 1869 5872 legitimus

618 5889 891 5951 Parnm"
937 5887 1220 5956 XCVIII.

1882 3170 1975 3237 αξ

1962 3142 2210 3198 exsilium
2235 3137 2520 3197 Desiderio
2534 3154 2678 3211 rege,
2700 3148 2755 3195 et
2775 3138 3028 3211 Oggerio,
3044 3145 3100 3191 et
3117 3151 3304 3211 uxore,
3328 3145 3386 3211 _et
3407 3137 3534 3211 ﬁlia,

1962 3212 2079 3280 ipse
2124 3228 2248 3267 cum
2296 3226 2491 3280 magno
2524 3207 2843 3279 triumpho,
2863 3207 3158 3280 auxiliante
3188 3207 3435 3280 Domino,
3484 3208 3539 3262 in

2006 3282 2189 3337 rancia
2219 3277 2470 3336 reversus
2507 3290 2609 3335 est.
2667 3277 2756 3334 Sic
2796 3294 3020 3348 regnum
3060 3277 3539 3348 Langobardorum

1960 3352 2151 3405 ﬁnivit.
2194 3351 2577 3418 chnaverunt
2602 3346 2940 3418 Langobardi
2972 3348 3125 3418 annis
3152 3346 3274 3418 214.

2030 3421 2187 3473 Anno
2215 3415 2349 3484 779,
2399 3434 2540 3473 anno
2581 3415 2787 3473 scilicet
2823 3417 2857 3471 5
2885 3416 3061 3471 Caroli
3100 3416 3269 3483 regis,
3315 3415 3540 3472 Carolus

1962 3504 2058 3543 rex
2088 3489 2362 3544 hostiliter
2390 3489 2664 3557 ingressus
2691 3496 2775 3543 est
2804 3488 2859 3541 in
2888 3484 3152 3557 Saxonia,
3188 3494 3243 3557 et
3272 3486 3542 3557 destruxit

1963 3559 2147 3615 fanum
2176 3574 2364 3631 eorum
2384 3556 2530 3631 and
2548 3559 2842 3631 vocabatur
2862 3556 3177 3631 ilirminsul,
3204 3556 3540 3631 inchoatum:

1967 3644 2072 3700 que
2095 3645 2216 3685 cum
2248 3626 2552 3700 eishéilum
2570 3629 2828 3700 vixiunus
2849 3626 3021 3700 annus
3044 3633 3266 3680 exactus
3295 3626 3375 3700 _sic
3396 3626 3541 3700 (ιροᾲ

1969 3695 2076 3755 non
2115 3701 2183 3756 ab
2219 3699 2300 3754 eis
2337 3697 2706 3767 hujuscemodi
2740 3698 2882 3753 facta
2920 3697 2990 3751 sit
3026 3696 3369 3766 permutatio.
3434 3695 3542 3767 sed

1969 3769 2387 3841 magnanimitas
2414 3766 2577 3841 regis
2621 3784 2685 3824 ac
2726 3774 2986 3841 perpetua
3039 3774 3147 3841 tam
3199 3766 3253 3820 in
3300 3766 3542 3841 adversis

1966 3836 2127 3910 quain
2167 3836 2533 3911 inprosperi's
2569 3836 3137 3911 mentisconstantia,
3182 3836 3544 3911 mutabilitate

1965 3907 2075 3967 non
2098 3907 2502 3977 vinci—poterat,
2528 3910 2613 3963 vel
2644 3910 2712 3965 ab
2737 3909 2822 3964 his
2849 3924 2969 3976 qua:
2997 3922 3156 3977 agere
3183 3914 3420 3975 cmperat
3451 3907 3543 3977 de:

1965 3926 2075 3967 non
2098 3926 2243 3965 vmct
2345 3926 2502 3975 terat,
2528 3926 2613 3963 vel
2644 3926 2712 3965 an
2739 3926 2822 3964 IIIS
2849 3926 2969 3976 quae
2997 3926 3156 3977 agere
3183 3926 3420 3975 coeperat
3451 3926 3543 3960 ue-

1965 3980 2202 4051 fatigari.
2264 3926 2400 4058 ﬁam
2452 3994 2724 4058 nunqnam
2775 3993 2871 4033 eos
2920 3976 3292 4058 hujuscemodi
3340 3975 3543 4058 aiiquid

1966 4048 2342 4121 perpetrantes
2373 4048 2597 4119 impune
2612 4048 2755 4121 ferre
2782 4063 2973 4118 passus
2999 4055 3084 4102 est
3097 4088 3125 4121 ,_
3144 4048 3274 4117 quin
3303 4055 3395 4101 aut
3425 4048 3541 4121 ipse

1966 4119 2037 4176 de
2064 4119 2329 4192 seducto,
2365 4128 2457 4192 aut
2492 4134 2587 4189 per
2616 4119 2861 4192 comites
2886 4119 3221 4192 suos_misso
3265 4119 3539 4192 exercitui,

1965 4190 2247 4262 perﬁdiam
2273 4188 2643 4262 ulcisceretur,
2670 4197 2739 4262 et
2753 4190 2971 4262 dignam
2996 4188 3063 4242 ab
3082 4189 3162 4262 eis
3186 4188 3541 4262 ptenamexi-

1965 4259 2149 4331 geret,
2196 4275 2370 4330 usque
2409 4260 2536 4314 dum
2578 4259 2827 4315 omnibus
2869 4260 2961 4331 qui
3004 4259 3257 4331 resistere
3301 4259 3546 4331 solebant

1964 4327 2357 4400 profligatis,_et
2383 4332 2438 4386 in
2462 4346 2559 4385 sua
2581 4338 2845 4400 potestate
2871 4327 3136 4394 redactis;
3168 4330 3352 4400 decem
3376 4327 3545 4400 millia

1966 4397 2200 4469 namque
2236 4401 2515 4456 hominum
2552 4397 2619 4454 ex
2655 4401 2740 4455 his
2783 4401 2875 4470 qui
2918 4408 3175 4467 utrasque
3213 4398 3358 4470 ripas
3393 4397 3543 4470 Alvis

1965 4468 2204 4525 ﬂuminis
2233 4471 2539 4527 incolebant
2560 4510 2576 4535 ,
2608 4486 2730 4525 cum
2768 4468 3024 4525 uxoribus
3058 4478 3112 4522 et
3142 4468 3381 4537 parvulis
3409 4469 3542 4522 sub-

1966 4540 2103 4595 latos
2146 4540 2454 4606 transtulit,
2494 4549 2548 4595 et
2585 4540 2690 4597 huc
2735 4549 2895 4609 atque
2929 4538 3054 4593 illuc
3091 4553 3191 4609 per
3216 4537 3443 4609 Calliam
3488 4545 3545 4592 et

1964 4610 2312 4665 Germaniam
2352 4610 2667 4667 multimoda
2705 4607 2967 4665 divisione
3009 4607 3324 4673 distribuit,
3371 4623 3546 4676 eaque
3578 4660 3581 4663 .

1967 4680 2278 4736 conditione
2315 4697 2347 4734 a
2384 4696 2509 4751 rege
2546 4680 2820 4751 proposita
2843 4719 2858 4744 ,
2912 4686 2966 4732 et
3005 4679 3073 4732 ab
3108 4677 3215 4731 illis
3253 4687 3501 4751 suscepta
3526 4718 3542 4743 ,

1967 4758 2201 4821 tractum
2235 4766 2331 4821 per
2362 4747 2864 4821 tot—annos‘bellum
2895 4755 3108 4821 constat
3143 4762 3262 4803 esse
3291 4747 3543 4821 _finitum,

1967 4829 2022 4876 et
2052 4818 2262 4889 abjecto
2288 4821 2588 4877 dzemonum
2616 4819 2760 4889 cultu
2780 4858 2795 4883 ,
2838 4828 2893 4873 et
2931 4818 3141 4889 relictis
3161 4818 3355 4888 patriis
3381 4833 3549 4873 czere-

1966 4888 2185 4956 moniis,
2215 4891 2545 4960 Christianae
2560 4888 2873 4960 ﬁdeiatque
2902 4888 3178 4960 religionis
3205 4896 3548 4960 sacramenta

1969 4961 2335 5031 susciperent,
2368 4968 2423 5015 et
2451 4975 2482 5013 a
2509 4958 2731 5031 Francis
2761 4958 2977 5031 adunati
3010 4957 3149 5014 unus
3179 4974 3304 5031 cum
3333 4957 3414 5012 eis
3445 4972 3547 5027 po-

1966 5028 2129 5101 pulus
2164 5030 2482 5101 efﬁceretur.
2530 5028 2651 5101 ⁸Ηοο
2688 5029 2835 5101 bello
2867 5029 2991 5085 licet
3023 5044 3122 5098 per
3148 5028 3378 5101 multum
3406 5036 3548 5082 tem-

2004 5102 2116 5156 oris
2162 5100 2403 5171 spatium
2446 5098 2771 5171 traheretur,
2826 5100 2938 5171 ipse
2988 5096 3095 5171 non
3128 5096 3373 5171 _amplius
3423 5113 3550 5154 cum

2004 5117 2116 5156 01³18
2162 5117 2393 5170 spatium
2446 5117 2771 5163 ιῐθιιθῐθιιιτ,
2826 5117 2938 5171 Ipse
2988 5117 3095 5154 non
3141 5117 3373 5167 amplius
3423 5117 3549 5154 cum

1968 5117 2127 5226 Eoste
2154 5185 2316 5236 quam
2355 5169 2438 5224 bis
2474 5169 2591 5224 acie
2619 5170 2889 5234 conflixit,
2932 5169 3096 5225 semel
3120 5164 3274 5236 juxta
3306 5177 3549 5223 montem

1970 5188 2127 5226 [ιοειθ
2190 5188 2316 5224 nam
2355 5188 2438 5224 DIS
2474 5188 2591 5224 3016
2619 5188 2889 5234 οοηιιικιι,
2932 5188 3096 5225 semel
3120 5188 3274 5236 juxw
3306 5188 3549 5223 montem

1969 5243 2061 5311 qui
2088 5188 2352 5309 Osquggi
2381 5240 2576 5311 dicitur
2606 5240 2660 5296 in
2693 5240 2810 5295 loco
2837 5239 3117 5295 Teotmelli
3146 5236 3453 5303 nominato;
3495 5245 3552 5311 et

1970 5307 2165 5366 iterum
2199 5307 2340 5378 apud
2367 5308 2474 5364 Asa
2506 5309 2747 5375 ﬂuvium,
2778 5320 2831 5365 et
2864 5311 2968 5364 hoc
2995 5325 3102 5363 uno
3128 5322 3331 5378 mense,
3363 5307 3550 5378 paucis

1971 5394 2183 5450 quoque
2206 5377 2540 5450 interpositis
2566 5380 2774 5434 diebus.
2802 5381 2898 5435 Ilis
2920 5377 3345 5450 duobuspragliis
3363 5377 3551 5435 hostes

1972 5447 2115 5506 adeo
2143 5447 2411 5519 profligati
2461 5458 2585 5504 sunt
2618 5466 2679 5505 ac
2719 5451 2945 5512 devicti,
2996 5456 3056 5502 ut
3090 5447 3321 5520 ulterius
3353 5462 3551 5520 regem

1971 5518 2499 5591 neque’provtmare,
2529 5537 2704 5589 neque
2729 5521 2962 5575 venienti
2995 5519 3279 5591 resisiere,
3312 5518 3415 5574 nisi
3434 5518 3548 5573 'ali-

1972 5588 2076 5660 qua
2106 5588 2211 5646 loci
2240 5591 2539 5646 munitione
2565 5588 2769 5645 defensi
2807 5591 3086 5645 auderent.
3134 5588 3324 5644 Plures
3368 5596 3547 5660 tamen

1970 5657 2036 5715 eo
2065 5660 2206 5716 bello
2242 5670 2352 5715 tam
2382 5677 2451 5716 ex
2480 5660 2762 5715 nobilitate
2790 5661 3121 5715 Francorum
3140 5700 3154 5724 ,
3185 5675 3347 5729 quam
3377 5657 3547 5711 Saxo-

1972 5747 2131 5797 num,
2172 5737 2230 5786 et
2261 5730 2431 5787 functi
2470 5732 2695 5786 summis
2724 5732 3016 5786 honoribus
3043 5729 3344 5797 consumpti
3388 5736 3543 5792 sunt,

1977 5802 2299 5873 tandemque
2330 5816 2470 5858 anno
2495 5803 2563 5859 55
2590 5802 2799 5858 ﬁnitum
2824 5810 2925 5857 est.

3034 5891 3113 5950 1ιὸ
