4064 6290
265 1090 610 1160 _Ludovicus
647 1091 713 1144 de
765 1091 986 1147 Rhemis
1020 1093 1153 1148 abiit
1171 1090 1248 1147 ad
1293 1092 1424 1149 Com

791 203 794 206 .
839 197 868 208 ρ

304 273 465 333 1433

1495 269 1740 331 snc'no
1775 272 1863 330 Ill.
1901 301 1971 315 —
2007 237 2323 333 POETICA.

3438 273 3577 336 ΗΜ

302 388 500 444 diebus
528 386 759 462 domnus
785 385 1114 462 apostolicus
1134 387 1251 462 _L_eo
1275 387 1452 462 urbis_
1475 387 1893 462 Romammigra-
1914 388 1968 451 Α
1992 397 2298 462 peratorem
2317 396 2388 462 _et
2417 388 2472 444 in
2499 388 2612 445 ﬁlio
2636 386 2756 459 ejus
2793 387 3094 462 insurgere,
3121 393 3178 445 et
3198 401 3300 462 per
3325 393 3574 462 tyranni-

305 463 435 529 vita
463 456 681 523 szeculo,
709 456 1079 529 successitque
1099 459 1150 514 ei
1180 459 1234 529 in
1263 459 1627 514 sacerdotium
1657 456 1887 514 domnus

1994 460 2117 530 _dem
2138 460 2424 530 imperium
2454 458 2760 530 usurpate,
2785 458 2902 526 Quo
2936 458 3231 530 comperto,
3281 458 3577 530 imperator

302 527 635 612 Stephanus.
660 529 798 612 'lpso
831 544 972 611 anno
992 527 1160 612 papa‘
1187 528 1490 612 Stephanus
1515 529 1665 612 venit
1693 529 1762 583 ad
1788 529 1889 583 im-
1986 528 2149 599 jussit
2188 527 2260 602 [F
2263 540 2395 596 orte,
2427 527 2604 612 ιιιίοεὶιῖ
2634 528 2922 612 confestim
2967 527 3186 612 nuntios
3209 544 3310 612 per
3349 527 3572 612 univer-

300 598 612 670 perato‘rem
659 598 1084 670 L‘udovicum‘in’
1120 598 1370 670 Francia,
1430 600 1740 670 invenitque
1765 613 1890 654 eum

301 667 448 738 apud
479 667 702 725 Rhemis
721 669 1017 735 civitatem,
1050 669 1229 724 attulit
1257 671 1332 725 illi
1359 685 1615 726 coronam
1643 667 1887 735 auream,

301 739 651 810 suscepitque
706 757 830 794 eum
880 741 1176 810 imperator
1223 756 1346 795 cum
1393 756 1588 810 magno
1657 740 1886 805 honore,

303 809 686 879 benedixitque
712 810 888 880 ipsum
945 809 1345 881 imperatorem,
1377 819 1429 865 et
1455 809 1710 881 imposuit
1736 824 1892 866 coro-

299 896 434 940 nam
462 895 683 936 auream
710 895 875 950 super
902 888 1064 951 caput
1097 881 1229 949 ejus,
1268 882 1738 950 reinuneravitque
1765 895 1891 936 eum

301 951 536 1005 domnus
587 951 882 1020 imperator
919 953 1232 1006 muneribus
1287 952 1489 1018 multis,
1528 960 1583 1006 et
1610 952 1688 1006 sic
1731 951 1893 1006 rediit

303 1021 505 1093 Romae
533 1020 599 1077 ad
625 1020 824 1093 sedem
865 1037 1040 1076 suam.
1092 1023 1389 1093 Imperator
1438 1037 1569 1078 vero
1616 1021 1893 1093 piissimus

1496 1093 1622 1148 ndio
1669 1092 1891 1162 palatio,

301 1161 573 1235 ct‘babuit
605 1161 1052 1235 consiliumrcum
1093 1164 1380 1235 episc0pis,
1407 1161 1690 1235 abbatibus
1708 1172 1894 1235 etco-

303 1232 527 1286 mitibus
553 1231 684 1286 suis.
746 1232 950 1287 Deinde
997 1231 1248 1290 reversus
1275 1231 1362 1289 ’ad
1414 1233 1584 1303 Aquis
1637 1233 1894 1303 palatium

302 1303 487 1376 sedem
541 1303 766 1371 regiam,
810 1303 994 1372 ibique
1046 1304 1328 1376 hiemavit.
1394 1303 1663 1376 Praefatus
1712 1312 1894 1358 autem

303 1373 611 1442 Stephanus
637 1387 774 1442 papa
819 1389 940 1428 cum
963 1375 1214 1430 rediisset
1241 1375 1491 1439 Romam,
1524 1375 1579 1429 in
1603 1375 1719 1496 ipso
1751 1388 1894 1430 anno

303 1443 558 1496 migravit
586 1459 616 1496 a
669 1443 885 1496 szeculo.
930 1443 1232 1496 Wascones
1261 1454 1443 1496 autem
1491 1446 1620 1496 rebe
1646 1444 1723 1496 les
1751 1443 1892 1496 Gar-

301 1443 558 1512 migravit
586 1459 616 1496 a
669 1443 885 1500 szeculo.
930 1443 1232 1501 Wascones
1261 1454 1443 1500 autem
1491 1443 1723 1500 rebelles
1751 1443 1892 1498 Gar-

300 1515 440 1568 siam
484 1512 622 1586 Muci
653 1529 821 1586 super
868 1530 928 1569 se
977 1515 1034 1570 in
1082 1517 1384 1586 principem
1414 1515 1660 1586 eligunt;
1705 1515 1798 1569 sed
1837 1514 1894 1568 in

299 1584 540 1656 secundo
586 1599 728 1638 anno
774 1585 942 1639 vitam
995 1583 1120 1640 cum
1160 1583 1468 1656 principatu
1496 1583 1699 1651 amisit,
1733 1599 1896 1656 quem

299 1654 492 1710 fraude
520 1662 837 1724 usurpatum
864 1657 1102 1712 tenebat.

1994 617 2113 656 sum
2151 600 2376 671 regnum
2403 609 2459 656 et
2495 600 2777 670 imperium
2811 616 2988 671 suum,
3017 609 3077 654 ut
3106 600 3313 671 pariter
3352 602 3572 671 conglo-

1992 671 2104 727 bati
2149 668 2475 741 occuparent
2511 668 3088 734 omnesaditusltalize,
3109 668 3256 741 quod
3275 669 3348 726 ita
3372 668 3575 728 factum

1993 751 2097 796 est.
2148 739 2456 796 Bernardus
2510 750 2688 796 autem
2728 756 2852 796 cum
2891 741 3006 796 hzec
3062 739 3340 806 audiisset,
3380 741 3576 796 terruit

1993 828 2118 867 eum
2140 812 2417 875 Dominus,
2445 821 2498 867 et
2519 825 2706 866 omnes
2726 811 2818 881 qui
2846 811 2895 866 ei
2924 819 3330 877 consenserant,
3350 818 3405 866 et
3428 827 3578 867 com-

1994 883 2247 954 prehensi
2280 890 2406 938 sunt
2439 883 2507 938 ab
2546 881 2808 944 exercitu,
2841 881 2986 954 quod
3016 881 3310 954 imperator
3358 882 3581 938 miserat

1996 952 2122 1008 ante
2158 954 2354 1009 faciem
2385 968 2558 1024 suam,
2597 960 2651 1008 et
2680 953 3098 1024 comprehensos
3124 966 3248 1006 cum
3291 952 3407 1024 ipso
3451 967 3581 1024 rege

1998 1025 2337 1079 adduxerunt
2361 1023 2429 1078 ad
2461 1019 2858 1092 imperatorem,
2899 1022 2990 1092 qui
3022 1019 3329 1092 eratfapud'
3355 1019 3581 1077 Cavalo-

1996 1110 2139 1158 nem,
2175 1110 2294 1164 qua:
2324 1102 2407 1149 est
2429 1091 2590 1162 super
2613 1093 2863 1164 Sragonna
2894 1091 3295 1164 flumen._Tunc
3325 1093 3427 1147 sub
3462 1107 3584 1164 crus-

1995 1166 2143 1222 todia
2171 1161 2370 1220 missus
2403 1161 2779 1232 est’przefaius
2804 1179 2898 1217 rex
2937 1178 3061 1218 cum
3107 1161 3335 1217 Achiteo
3362 1162 3580 1232 comite,

1997 1237 2092 1306 qui
2133 1243 2324 1291 auctor
2351 1231 2564 1289 consilii
2595 1233 3039 1306 malignifuerat,
3082 1239 3154 1306 Aet
3185 1231 3476 1306 _eum_aliis_
3491 1232 3585 1302 qui

1999 1302 2073 1360 illi
2127 1313 2534 1370 consenserant,
2595 1312 2650 1359 et
2689 1302 2839 1359 ducti
2885 1313 3012 1359 sunt
3065 1302 3258 1373 Aquis.
3307 1302 3438 1357 Post
3463 1303 3580 1360 hate

1996 1377 2125 1432 fecit
2186 1378 2481 1446 imperator
2532 1383 2857 1430 conventum
2918 1372 3170 1446 magnum
3221 1372 3578 1446 Francorum,

1997 1456 2054 1503 et
2079 1441 2367 1502 retulit'eis
2409 1446 2549 1500 hanc
2587 1460 2829 1510 causam,
2859 1453 2919 1500 ut
2967 1441 3174 1498 videret
3220 1443 3350 1513 quid
3374 1441 3586 1512 judica-

2001 1527 2121 1573 rent
2148 1518 2333 1572 ﬁdeles
2359 1515 2442 1572 sui
2468 1513 2535 1570 de
2555 1529 2642 1579 eo,
2666 1515 2750 1570 vel
2774 1516 2839 1570 de
2864 1515 2951 1570 his
2975 1515 3065 1584 qui
3093 1521 3495 1584 consenserant,
3522 1520 3585 1584 ut

2001 1589 2343 1660 insurgerent
2372 1593 2563 1642 contra
2592 1585 2993 1666 imperatorem.
3020 1583 3170 1666 Tunc
3202 1584 3405 1666 pariter
3437 1583 3584 1666 judi-

2003 1654 2263 1715 caverunt
2284 1673 2378 1713 eos
2413 1671 2602 1711 omnes
2640 1654 2830 1724 dignos
2863 1657 2931 1710 ad
2963 1663 3210 1719 mortem,
3266 1654 3363 1709 sed
3411 1654 3587 1723 piissi-

371 1727 528 1808 Anno
555 1725 651 1808 εξι
697 1725 1002 1808 Ludovicus
1030 1728 1326 1808 imperator
1371 1725 1514 1808 apud
1539 1724 1712 1808 Aquis
1738 1725 1890 1795 pala-
1918 1746 1969 1806 Β
2003 1747 2125 1808 mus
2147 1731 2450 1808 imperator
2477 1723 2719 1808 pepercit
2745 1725 2871 1807 vitae
2915 1725 3156 1808 illorum1
3182 1723 3449 1808 jussitqpe
3479 1724 3583 1808 ipsi

299 1796 435 1849 tium
465 1794 672 1850 Pascha
698 1796 1009 1851 celebravit.
1035 1794 1154 1852 lnso
1176 1813 1318 1852 anno
1339 1794 1474 1852 obiit
1495 1796 1668 1850 beatae
1688 1794 1888 1852 memo-

299 1867 399 1939 rize
442 1866 1002 1939 BenedictusAWitjza
1030 1866 1197 1939 abbas
1237 1868 1523 1939 religiosus
1570 1867 1889 1939 monasterii

298 1937 625 1991 Anianensis
650 1953 713 1990 ιιι
740 1937 862 1991 ldus
891 1936 1196 2002 Februarii,
1244 1936 1385 1993 anno
1429 1939 1462 1994 9
1491 1945 1752 2005 regnante
1783 1937 1891 1992 Lu-

299 2007 492 2062 dovico
519 2007 866 2076 imperatore.
909 2007 976 2061 Et
1001 2009 1056 2062 in
1095 2009 1212 2077 ipsa
1241 2008 1613 2077 :estatejussit
1661 2022 1891 2078 congre-

298 2078 417 2148 gari
444 2086 768 2133 conventum
804 2093 1056 2149 magnum
1091 2079 1415 2148 populorum
1455 2079 1522 2133 de
1545 2079 1694 2134 omni
1720 2093 1890 2146 regno

298 2156 358 2219 et
381 2149 607 2217 imperio
634 2164 732 2203 suo
757 2148 1093 2219 apud'Aquis
1122 2152 1305 2206 sedem
1332 2149 1556 2219 regiam,
1581 2149 1888 2218 episcopos,

297 2218 548 2284 abbates,
584 2218 831 2283 comites,
875 2227 928 2272 et
970 2219 1204 2288 majores
1252 2218 1779 2284 natu’Francorum,
1835 2228 1893 2273 et

299 2287 670 2344 manifestavit
703 2289 784 2343 eis
815 2287 1133 2360 mysteridm
1168 2291 1376 2346 consilii
1407 2290 1489 2346 sui
1519 2290 1661 2359 quod
1683 2290 1892 2360 cogita-

296 2367 474 2422 verat,
514 2369 573 2413 ut
602 2361 956 2416 constitueret
996 2376 1162 2415 unum
1191 2377 1256 2416 ex
1283 2361 1408 2416 ﬁliis
1439 2361 1552 2415 suis
1601 2360 1894 2428 imperato-

299 2444 443 2484 rem.
473 2430 718 2486 Habebat
752 2432 897 2485 enim
920 2439 1033 2486 tres
1061 2431 1200 2488 ﬁlios
1224 2448 1289 2487 ex
1319 2446 1489 2486 uxore
1517 2430 1892 2500 Ermengarda

299 2501 511 2568 regina,
550 2516 744 2556 nomen
788 2502 883 2555 uni
910 2501 1200 2564 Clotarius,
1244 2517 1441 2557 nomen
1475 2500 1698 2556 secundi
1747 2500 1894 2568 Pipi-

301 2586 428 2634 nus,
484 2572 629 2626 tertii
672 2587 803 2626 vero
827 2571 1151 2628 Ludovicus.
1187 2573 1338 2628 Tunc
1360 2573 1508 2628 omni
1549 2571 1751 2640 populo
1777 2569 1896 2640 pla-

293 2641 417 2695 fuit
455 2650 514 2696 ut
555 2643 686 2710 ipse,
717 2657 775 2696 se
808 2643 1042 2708 vivente,
1093 2645 1448 2698 constitueret
1474 2657 1642 2696 unum
1667 2655 1734 2695 ex
1765 2641 1894 2696 ﬁliis

297 2712 421 2784 suis
445 2712 849 2784 imperatorem,
891 2715 1030 2768 sicut
1073 2713 1300 2784 Carolus
1335 2721 1492 2784 pater
1528 2711 1645 2780 ejus
1690 2711 1896 2784 fecerat

304 2783 506 2850 ipsum.
561 2783 713 2837 Tunc
744 2784 916 2838 tribus
947 2784 1137 2839 diebus
1171 2781 1476 2853 jejunatum
1507 2791 1590 2840 est
1637 2784 1706 2837 ab
1742 2781 1894 2836 omni

303 2853 596 2925 populohet
622 2853 819 2925 letania
847 2853 1010 2910 facta.
1050 2855 1176 2909 Post
1213 2857 1327 2910 hmo
1347 2855 1463 2925 jam
1513 2854 1689 2910 dictus
1717 2853 1893 2921 impe-

305 2931 458 2994 rator
485 2922 800 2989 Clotarium,
830 2925 922 2993 qui
961 2934 1081 2980 erat
1107 2925 1279 2994 major
1310 2922 1462 2988 natu,
1507 2925 1894 2993 imperatorem

305 2992 492 3065 elegit,
524 3001 579 3065 et
620 2992 875 3050 coronam
903 3010 1125 3051 auream
1165 2992 1384 3051 tradidit
1413 2994 1512 3060 illi,
1544 2992 1758 3065 populis
1803 3008 1897 3048 ac-

294 3063 668 3119 clamantibus
694 3072 747 3120 et
771 3065 1076 3122 dicentibus
1100 3083 1112 3120 :
1143 3067 1316 3122 VIVA'I‘
1355 3063 1664 3122 invenires
1687 3065 1898 3120 ϐιοῖ-Α-

307 3133 781 3208 ιιιιιετ-Ὲιιοιιιλθει
810 3145 989 3208 autem
1040 3137 1224 3192 laetitia
1253 3143 1449 3208 magna
1487 3137 1546 3208 in
1592 3135 1791 3206 populo
1832 3134 1895 3208 _i_n

308 3204 398 3258 die
435 3203 544 3266 illo,
583 3214 638 3258 et
671 3205 784 3274 ipse
822 3207 1116 3274 imperator
1166 3203 1440 3262 benedixit
1486 3203 1773 3260 Dominum
1814 3204 1896 3258 di-

310 3288 476 3343 cens:
511 3274 820 3330 Benedictus
851 3275 1106 3328 Dominus
1127 3274 1270 3328 Deus
1304 3291 1471 3338 meus,
1498 3277 1588 3343 qui
1619 3275 1762 3328 dedit
1791 3274 1893 3326 ho-

307 3342 397 3397 die
439 3344 495 3398 in
539 3343 669 3398 solio
726 3362 836 3399 meo
888 3344 1149 3399 sedentem
1195 3342 1698 3399 videntibus’oculis
1741 3343 1895 3396 meis.

309 3410 576 3538 Puartum
605 3414 773 3469 ﬁlium
805 3415 994 3471 habuit
1021 3429 1088 3469 ex
1113 3415 1416 3470 concubina
1445 3413 1665 3469 nomine
1691 3411 1896 3468 Arnul-

337 3499 447 3538 um.
475 3486 560 3538 cui
585 3493 741 3538 pater
773 3485 1017 3538 Senonas
1041 3485 1314 3538 civitatem
1343 3486 1398 3538 in
1437 3485 1696 3538 comitatu
1726 3481 1895 3537 dedit.

300 3481 447 3554 'fum,
475 3486 560 3540 cui
585 3493 741 3554 pater
773 3485 1017 3542 Senonas
1041 3485 1314 3541 civitatem
1343 3486 1398 3539 in
1437 3485 1696 3540 comitatu
1726 3481 1895 3537 dedit.

309 3551 554 3612 Audiens
586 3551 778 3611 “autem
828 3557 1136 3611 Bernardus
1175 3572 1272 3612 rex
1305 3555 1472 3610 Italia:
1502 3555 1644 3624 quod
1695 3553 1900 3624 factum

301 3632 451 3692 uerat,
482 3627 737 3699 cogitavit
759 3628 1042 3684 consilium
1085 3627 1380 3698 pessimum
1405 3623 1681 3697 voluitque
1711 3625 1767 3679 in
1797 3623 1899 3678 im-

1993 1801 2110 1872 regi
2145 1793 2418 1872 Bernardo
2451 1793 2635 1852 oculos
2661 1797 2803 1872 erui,
2832 1797 2941 1872 sed
2979 1811 3102 1850 cum
3131 1794 3333 1872 factum
3373 1793 3585 1872 fuisset,

1995 1865 2085 1929 die
2118 1871 2281 1926 tertio
2310 1876 2555 1924 mortuus
2578 1874 2681 1922 est.
2710 1866 2939 1921 Achiteo
2962 1880 3091 1920 vero
3125 1865 3376 1919 similiter
3402 1865 3590 1920 oculos

1992 1944 2132 2006 erui,
2155 1950 2209 1995 et
2233 1941 2430 1996 ceteris
2452 1938 2614 1993 sociis
2651 1936 2782 1990 suis.
2815 1935 3064 1991 Teulfum
3099 1950 3229 2006 vero
3271 1936 3581 2006 episcopum

1992 2004 2459 2072 Aurelianensem,
2511 2009 2604 2076 qui
2631 2015 2686 2061 et
2731 2007 2845 2074 ipse
2884 2016 3076 2076 auctor
3108 2005 3328 2076 maligni
3373 2004 3587 2060 consilii

1993 2084 2116 2150 fuit,
2168 2081 2374 2152 synodo
2399 2075 2544 2134 facta
2576 2077 2969 2152 episcoporum
2992 2075 3076 2130 vel
3120 2075 3404 2152 abbatum,
3460 2090 3590 2130 nec-

1995 2145 2113 2211 non
2143 2145 2375 2208 aliorum
2405 2145 3191 2214 sacerdotum,’judicaverunt,
3246 2153 3357 2200 tam
3391 2145 3586 2214 ipsum,

1995 2240 2161 2295 quam
2201 2237 2391 2279 omnes
2416 2219 2697 2343 episcopos
2733 2226 2788 2272 et
2828 2217 3050 2271 abbates
3075 2215 3160 2270 vel
3187 2215 3355 2272 ceteri
3380 2214 3586 2296 clerici,

1998 2295 2092 2343 ηιιὶ
2124 2295 2191 2343 de
2218 2295 2321 2343 hoc
2359 2307 2445 2343 ma
2471 2290 2596 2343 iano
2625 2288 2855 2343 consilio
2880 2286 3013 2342 socii
3035 2285 3272 2343 fuerant.
3302 2300 3334 2339 a
3368 2300 3586 2343 nronrio

2039 2295 2093 2349 ui
2124 2295 2191 2348 de
2218 2295 2321 2348 hoc
2359 2284 2855 2360 maligno'consilio
2880 2286 3013 2360 socii
3035 2285 3272 2350 fuerant,
3302 2300 3334 2339 a
3368 2284 3591 2360 proprio

2039 2313 2093 2349 ιιι
2124 2313 2191 2348 ae
2219 2313 2321 2348 noc
2360 2313 2596 2360 maligno
2625 2313 2855 2344 consqu
2880 2313 3013 2342 δυυιι
3037 2313 3272 2350 luerunt,
3302 2313 3334 2339 ιι
3369 2313 3591 2356 prupnu

1997 2313 2314 2422 deciderent
2369 2361 2536 2432 gradu
2562 2375 2576 2432 ς
2627 2359 2772 2432 quod
2815 2356 3147 2432 ita_factum
3194 2363 3317 2422 est;
3346 2353 3592 2412 nonnulli

1997 2437 2167 2492 etiam
2201 2435 2258 2490 in
2297 2427 2461 2488 exilio
2506 2427 2661 2486 missi
2704 2436 2848 2486 sunt.
2894 2427 3116 2482 Fratres
3165 2441 3292 2482 vero
3346 2441 3473 2481 suos
3523 2437 3592 2480 ex

2000 2505 2321 2563 concubinis
2346 2511 2521 2566 natos,
2560 2503 2614 2556 id
2641 2508 2726 2556 est
2761 2499 3092 2569 Drogonem,
3121 2495 3515 2569 Theodericum
3538 2503 3594 2551 et

2001 2578 2284 2647 nugonem
2332 2590 2469 2644 quos
2515 2572 2564 2627 ei
2618 2580 2776 2647 pater
2815 2566 3309 2647 commendaverat,
3365 2566 3594 2647 clericos

2002 2637 2120 2703 ﬁeri
2154 2645 2332 2716 jussit,
2350 2637 2436 2716 ὀι
2454 2658 2552 2716 per
2589 2637 2802 2714 singula
2830 2639 2982 2696 misit
3009 2637 3358 2706 monasteria,
3388 2645 3444 2694 et
3466 2652 3592 2711 rcg-

2002 2734 2134 2774 num
2161 2715 2369 2788 quievit
2391 2715 2460 2770 ab
2486 2715 2588 2768 ira.

2073 2787 2234 2853 Anno
2265 2794 2370 2852 838
2402 2793 2710 2850 Ludovicus
2746 2791 3042 2862 imperator
3066 2791 3208 2860 apud
3234 2789 3408 2862 Aquis
3456 2787 3598 2846 cele-

2002 2869 2184 2925 bravit
2209 2867 2440 2929 Pascha,
2470 2874 2527 2919 et
2545 2864 2734 2920 aestivo
2761 2861 3006 2932 tempore
3027 2861 3420 2932 introivitcum
3447 2874 3598 2916 exer-

2004 2940 2117 2994 citu
2161 2953 2357 3009 magno
2387 2939 2442 3009 in
2476 2934 2776 3009 Britannia_,
2799 2940 2855 3009 et
2877 2930 3063 2988 occiso
3092 2945 3219 3002 rege
3245 2930 3386 3009 illius
3415 2938 3596 2994 terrai,

2004 3001 2282 3065 venerunt
2303 3006 2537 3076 majores
2570 3013 2701 3076 natu
2739 3003 3144 3076 Britannorum,
3164 3001 3517 3076 tradiderunt
3539 3015 3600 3056 se

2005 3081 2106 3146 illi,
2134 3090 2190 3136 et
2210 3070 2461 3148 acceptos
2483 3075 2704 3148 obsides
2723 3089 2974 3148 reversus
3006 3078 3092 3128 est
3115 3072 3229 3148 ipse
3254 3085 3378 3148 cum
3403 3070 3599 3126 trium-

2003 3139 2115 3222 pho
2138 3139 2380 3207 victoriae
2403 3148 2495 3222 __ad
2525 3145 2767 3222 propria:
2805 3142 2941 3198 Nam
2971 3139 3244 3222 exercitus
3277 3139 3395 3210 ejus
3437 3156 3600 3210 quem

2007 3212 2234 3277 iniserat
2277 3212 2824 3288 partibus'Orientis,
2877 3229 3000 3269 cum
3025 3212 3297 3282 triumpho
3353 3225 3603 3268 reversus

2009 3301 2095 3346 est
2125 3292 2193 3346 ad
2220 3291 2626 3356 imperatorem.

2082 3361 2260 3437 Anno__
2277 3349 2405 3437 83ft),
2419 3355 2652 3437 _imperii
2677 3369 2821 3437 vero.
2834 3350 3046 3434 praefati
3074 3349 3418 3437 imperatoris
3461 3363 3604 3437 anno

2009 3431 2105 3495 27,
2154 3429 2290 3486 obiit
2320 3419 2626 3482 Ludovicus
2673 3419 2949 3495 piissimus
2997 3419 3293 3495 imperator
3342 3435 3420 3475 xu
3480 3419 3602 3475 Kal.

2009 3490 2164 3567 Julii,
2189 3499 2485 3555 indictione
2511 3490 3187 3567 3,7reg'naveruntqueﬁlii
3206 3490 3289 3549 sui
3329 3497 3452 3563 post
3480 3505 3605 3548 eum

2015 3571 2074 3627 in
2105 3566 2299 3644 magna
2335 3568 2526 3641 gloria.
2556 3566 2752 3622 Amen.

322 3747 3608 3794 ______________________________________.._._._

1389 3863 2508 3994 APPENDICIS
3212 3959 3220 3968 .

434 4277 452 4287 τ,
579 4099 792 4232 AD
886 4095 1405 4232 OPEBA
1498 4090 1972 4224 BEATI
2073 4082 2657 4216 CAROLI
2757 4077 3214 4216 MAGN

1145 4326 1544 4410 SECTIO
1599 4317 2048 4400 TERTIA.
2113 4343 2195 4364 --
2255 4315 2779 4396 ΡΟΕΤΙΟΑᾹ

1701 4480 2234 4508 ὥ

1021 4582 1071 4594 “’
1203 4593 1239 4636 ³
1274 4588 1682 4673 CABMEN
1738 4582 2160 4667 INCERTI
2222 4574 2728 4665 AUCTORIS

1545 4758 1654 4821 DE
1704 4753 2030 4819 CAROLO
2074 4749 2364 4816 MAGNO

1911 4875 1995 4930 ET

969 4995 1196 5058 Leonis
1227 4988 1558 5074 pontiﬁcis
1585 4984 1853 5048 maximi
1897 4981 1981 5045 ad
2013 4978 2283 5046 eumdem
2315 4975 2618 5043 Carolum
2648 4974 2944 5041 adventu.

3112 4921 3125 4936 ι

3041 4953 3108 5002 τε
3137 4966 3182 5002 τ’.)

3089 4995 3180 5016 ,η

1519 5112 1617 5177 (lix
1639 5109 1854 5172 Canisio,
1876 5105 2145 5160 Lectiones
2162 5104 2410 5168 veteres.)

1833 5219 2137 5240 —

307 5283 518 5368 ἐξυιειιβ
556 5285 613 5343 in
644 5283 1125 5368 ἑλωδίεειοεβηνίε
1151 5283 1406 5368 admone!
1442 5283 1680 5368 θηειιοεῑει
1723 5283 1890 5342 calles
1915 5289 1970 5349 υ
1995 5283 2081 5368 es!
2108 5262 3352 5368 ,ηεινὲβὲἶιέιἐὲιὶίὲἓὶ³ἕ⁸2⁹.ξὲἓ³ἷὲἱῗ.ἷῗὲἓῖξθῖξ

315 5357 438 5413 Vela
463 5359 618 5422 dare,
649 5355 870 5412 inceriis
900 5355 1130 5411 classem
1155 5355 1483 5410 concredere
1511 5355 1707 5421 ventis,

306 5425 584 5499 Languida
629 5443 750 5499 qua:
799 5427 1041 5500 geminas
1092 5433 1419 5496 superarunt
1465 5428 1710 5570 membri:I
1759 5443 1892 5499 pro-

1613 5513 1673 5554 ce
1715 5513 1775 5553 as
1792 5540 1807 5566 ,

1613 5513 1775 5554 cenas
1792 5540 1807 5566 ,

385 5649 410 5677 ιι
434 5635 563 5703 Quis
587 5638 658 5692 sit
683 5645 866 5694 auctor
897 5634 1058 5706 hujus
1103 5634 1367 5705 poematis
1395 5631 1619 5706 deﬁnire
1648 5653 1755 5692 non
1783 5653 1880 5692 au-

309 5708 430 5766 deo.
459 5706 640 5765 Codex
667 5710 810 5766 unde
850 5705 1183 5782 exscriptum
1218 5707 1383 5766 habet
1421 5705 1477 5765 in
1510 5718 1752 5765 extrema
1782 5724 1880 5778 pa-
1915 5784 1940 5799 φ

2003 5329 2419 5420 indigetis;
2428 5329 2650 5420 manium
2662 5329 2919 5420 gravidis
2946 5347 3291 5420 consurgere?
3307 5329 3506 5420 regis!

2003 5401 2468 5492 oh'é'ib'ciii‘idra
2494 5401 2632 5472 levis
2657 5401 2908 5492 placidis
2923 5401 3180 5492 superare
3204 5401 3534 5492 profundum

2001 5475 2247 5551 ﬂatibus
2271 5504 2554 5563 aequoreas
2575 5475 2836 5543 tentando
2861 5475 3126 5538 classibus
3147 5475 3320 5532 undas
3353 5516 3370 5543 ,

2029 5637 2115 5690 ina
2131 5635 2231 5690 hos
2253 5648 2446 5688 versus
2471 5628 2828 5688 antecedente
2866 5624 2984 5682 haec
3019 5623 3174 5695 signa
3202 5638 3217 5676 :
3245 5620 3328 5675 fé‘i'
3348 5615 3602 5686 .helperc.

1986 5653 2156 5772 i{Inde
2206 5705 2477 5763 recentior
2534 5694 3180 5772 coniecitpethascripsit
3225 5701 3441 5764 quoque
3484 5685 3602 5745 haec

2054 5685 2477 5764 ίὶῐιοῖἰ-εὼιὶιίὀτ
2493 5685 2783 5771 “coniecit,
2797 5704 2873 5766 et
2885 5751 2907 5767 ι,
2925 5685 3180 5781 ascripsit
3225 5685 3459 5764 quoque
3484 5685 3606 5745 hac

2675 5893 2736 5904 .‘uo
