4064 6290
1111 217 1144 230 η.
1162 211 1250 220 ‹.-νος
1265 215 1277 230 ν

562 272 700 336 m7

1463 265 1558 322 AD
1594 262 1822 323 OPERA
1859 262 1922 318 B.
1961 259 2216 318 CAROLI
2251 257 2470 318 MAGNI
2505 254 2877 316 APPENDIX.

3678 260 3829 320 H48

567 402 3830 447 ΝΜ

1934 515 2421 596 ΑΒΒΕΝΒΑ

1203 681 1314 746 AD
1354 680 1426 743 B.
1446 677 1776 761 ._CAROLI
1817 674 2078 738 MAGNI
2117 673 2592 738 DIPLOMATA
2647 673 3167 740 AUTHENTICA

1530 829 1698 900 ρυλε
1735 828 1829 885 AD
1864 825 2136 884 PARTES
2171 823 2425 885 ITALLE
2465 823 2846 884 SPECTANT.

1322 1070 1365 1126 Ι.

559 1232 588 1263 ι
600 1217 844 1288 Diploma
862 1202 1247 1288 CaroliOﬁlagni
1269 1201 1498 1288 Paulino
1524 1199 1846 1288 patriar-cate
1858 1193 2134 1288 profiter-

629 1268 744 1344 ait;
763 1268 899 1341 clero
926 1268 1242 1348 Ληιιὲιεὶεῇδὶ
1263 1268 1606 1330 servandam
1634 1268 1878 1326 electione
1904 1268 2136 1338 patriar-

630 1360 869 1415 charum.

1165 1443 1337 1516 (Anno
1378 1436 1528 1506 79‘2.)

628 1562 856 1622 Carolus
897 1558 1072 1632 gratia
1109 1556 1207 1613 Dei
1246 1569 1343 1610 rex
1365 1552 1700 1608 Francorum
1739 1551 1796 1600 et
1826 1539 2139 1610 Longobarv

559 1656 749 1712 dorum
767 1695 784 1723 ,
819 1669 884 1710 ac
911 1651 1169 1725 patricius
1189 1649 1574 1704 Romanorum.

631 1767 689 1823 Si
715 1765 1021 1838 petionibus
1045 1759 1384 1818 sacerdotum
1407 1766 1686 1812 servorum
1710 1749 1830 1816 Dei,
1844 1748 1901 1803 in
1921 1761 2028 1817 quo
2043 1761 2140 1802 no-

558 1859 686 1915 stris
700 1857 920 1913 auribus
941 1853 1159 1910 fuerunt
1179 1849 1421 1922 prolata,
1437 1847 1665 1900 libenter
1677 1843 2136 1909 obtemperamus,

559 1958 617 2006 et
627 1965 720 2008 eas
740 1950 796 2005 in
817 1947 914 2004 Dei
939 1943 1157 2001 nomine
1179 1941 1248 1998 ad
1277 1939 1525 1996 effectum
1547 1933 1918 2006 producimus,
1935 1929 2138 2000 regiam

560 2038 1002 2100 consuetudinem
1023 2047 1354 2095 exercemus,
1381 2037 1436 2084 et
1458 2028 1562 2084 hoc
1593 2025 1750 2081 nobis
1783 2022 1852 2077 ad
1875 2019 2139 2076 mercedis

559 2140 906 2204 augmentum
927 2143 1023 2185 seu
1044 2127 1113 2183 ad
1133 2123 1483 2181 stabilitatem
1513 2129 1803 2188 regnorum
1827 2118 2140 2204 nostrorum

557 2200 829 2298 pertinere
849 2221 1188 2280 conﬁdimus.
1218 2216 1386 2288 Igitur
1415 2218 1602 2268 notum
1628 2209 1700 2264 sit
1723 2205 1974 2298 omnibus
2009 2200 2140 2298 ﬁde-
2167 2243 2172 2248 .

557 2293 699 2376 libus
728 2316 930 2373 nostris
953 2311 1310 2385 praesentibus
1338 2305 1544 2363 scilicet
1570 2309 1625 2358 et
1650 2297 1876 2362 futuris,
1909 2293 2142 2385 qualiter

2160 1063 2213 1124 Α
2237 1075 2400 1132 supra
2436 1060 2734 1118 servientes
2763 1060 2875 1132 iam
2905 1060 3030 1118 fatae
3071 1061 3362 1131 Ecclesiae;
3397 1066 3834 1130 mansionaticos

2235 1153 2321 1209 vel
2343 1152 2556 1209 foderos
2576 1153 2756 1210 nullus
2787 1154 2982 1210 audeat
3013 1156 3299 1226 providere
3325 1166 3423 1214 aut
3443 1161 3704 1218 exaitare
3727 1164 3835 1220 ullo

2237 1257 2477 1313 unquam
2505 1251 2748 1314 tempore
2777 1261 2791 1297 :
2824 1254 3050 1314 excepto
3069 1245 3116 1300 si
3138 1246 3367 1311 venerit,
3396 1250 3549 1318 quod
3575 1266 3685 1306 nos
3717 1252 3832 1322 ipsi,

2237 1339 2333 1387 aut
2371 1332 2600 1388 dilectus
2638 1333 2782 1390 ﬁlius
2810 1342 2995 1389 noster
3013 1335 3260 1405 Pipinus,
3294 1338 3382 1393 vel
3423 1340 3623 1412 regale
3649 1347 3837 1412 prasi-

2237 1415 2385 1471 dium
2407 1425 2630 1489 propter
2667 1417 3051 1489 impedimenta
3068 1419 3428 1491 {inimicorum
3458 1426 3720 1495 partibus
3740 1427 3838 1482 Fo-

2237 1507 2653 1576 roiuliensibus,
2703 1520 2799 1565 aut
2847 1511 2902 1565 in
2958 1511 3066 1566 ﬁne
3125 1512 3435 1570 Tarvisiani
3488 1517 3834 1574 advenerim.

2238 1598 2393 1655 Tunc
2411 1608 2634 1670 propter
2655 1601 2995 1658 necessitatis
3013 1617 3252 1668 causam,
3273 1605 3320 1659 si
3339 1607 3663 1676 contigerit,
3691 1625 3839 1663 man-

2237 1687 2420 1743 siones
2456 1688 2704 1744 homines
2736 1691 2909 1745 nostri
2959 1692 3160 1748 ibidem
3209 1694 3508 1764 accipiant.
3543 1696 3606 1750 ln
3637 1698 3837 1768 reliquo

2238 1790 2370 1834 vero
2397 1778 2443 1833 si
2468 1779 2524 1834 in
2548 1778 2758 1835 Verona
2781 1788 2836 1835 et
2861 1781 3125 1848 Vicentia,
3155 1791 3248 1837 aut
3274 1784 3329 1838 in
3360 1784 3711 1856 longioribus
3733 1788 3839 1843 ﬁni-

2238 1873 2340 1930 bus
2364 1874 2690 1941 resedcrint,
2731 1883 2792 1930 ut
2827 1891 2990 1946 supra
3017 1875 3115 1931 fati
3158 1893 3369 1944 sumus,
3398 1878 3559 1938 omni
3599 1887 3840 1950 tempore

2219 1977 2336 2037 'per
2362 1967 2628 2022 mercedis
2648 1976 2849 2022 nostra:
2873 1976 3221 2039 augmentum
3247 1968 3345 2024 ﬁat
3367 1969 3653 2025 indultum
3682 1981 3838 2043 atque

2239 2071 2577 2113 concessum.
2605 2057 2673 2112 Et
2709 2065 2770 2112 ut
2794 2059 2910 2114 haec
2948 2059 3241 2115 auctoritas
3279 2061 3523 2116 ﬁrmiter
3552 2064 3834 2126 habeatur,

2240 2153 2295 2201 et
2335 2146 2604 2202 diuturnis
2646 2148 2979 2218 temporibus
3024 2149 3218 2206 melius
3263 2159 3638 2206 conservetur
3686 2169 3838 2208 manu

2239 2237 2457 2308 prepria
2502 2237 3055 2305 subterﬁrmavimus,
3085 2246 3140 2294 et
3177 2239 3245 2294 de
3275 2241 3485 2296 annulo
3513 2244 3742 2314 praprio
3775 2245 3840 2298 si-

2241 2329 2418 2399 gillari
2437 2327 2722 2398 iussimus.

558 2410 644 2502 vir
670 2404 993 2502 venerabilis
1022 2401 1279 2502 Ρθιιὶίηυὲ
1305 2403 1521 2502 fimi“?
1960 2383 2138 2502 €333-
2166 2439 2217 2502 Β
2241 2383 2272 2399 υ
2311 2383 2478 2480 Facta
2503 2415 2674 2495 priilie
2692 2423 2874 2482 Nonas
2899 2425 3128 2497 Augusti
3153 2440 3297 2481 anno
3320 2441 3459 2483 xxxv
3484 2435 3546 2484 et
3573 2443 3668 2483 ιιι
3693 2431 3835 2499 regni

559 2500 654 2558 sia:
681 2496 988 2570 patriarcha
1007 2533 1022 2560 ,
1053 2507 1173 2562 quae
1193 2498 1280 2546 est
1305 2489 1360 2544 in
1389 2489 1594 2542 honore
1623 2475 2140 2570 sanctaegMigeg-

559 2565 714 2646 tricis
737 2600 1053 2660 semperque
1077 2581 1300 2654 virginis
1320 2578 1521 2642 Mariae,
1534 2573 1620 2631 vel
1639 2571 1811 2628 sancti
1825 2567 1970 2622 Petri
1989 2565 2139 2660 prin-

557 2681 694 2753 cipis
714 2656 1097 2751 apostolorum,
1118 2674 1232 2730 sive
1253 2670 1426 2727 sancti
1453 2665 1620 2722 Marci
1648 2667 1959 2720 constructa
1974 2698 1990 2724 ,
2025 2656 2140 2753 ele-

558 2751 818 2830 mentiam
847 2769 999 2842 regni
1030 2766 1202 2823 nostri
1241 2763 1415 2834 petiit,
1441 2768 1503 2815 ut
1544 2754 1980 2830 quandoquidem
2023 2751 2142 2820 ipse

558 2865 739 2923 divina
766 2861 1048 2920 vocatione
1071 2860 1138 2916 de
1165 2858 1268 2914 hac
1303 2856 1422 2911 luce
1459 2853 1524 2908 ad
1550 2850 1837 2906 Dominum
1877 2846 2141 2916 migrave-

558 2956 663 3023 rit,
701 2954 914 3024 Qualem
943 2952 1220 3008 meliorem
1238 2955 1294 3004 et
1316 2947 1617 3016 digniorem
1647 2944 1762 3012 ipsa
1800 2944 1983 2996 sancta
2010 2950 2142 2991 con-

560 3051 820 3122 gregatio,
839 3063 958 3118 qum
983 3046 1182 3103 ibidem
1203 3046 1303 3099 sub
1324 3049 1511 3097 sancto
1542 3039 1734 3094 ordine
1761 3035 1928 3092 vitam
1950 3043 2142 3122 regere

559 3119 841 3204 videntur,
871 3135 1014 3192 infra
1036 3151 1096 3190 se
1122 3135 1294 3198 nobis,
1323 3132 1540 3200 ﬁlioque
1568 3136 1754 3184 nostro
1776 3125 1966 3208 Pipino
2000 3119 2138 3191 regi,

559 3239 615 3288 et
639 3229 786 3286 omni
819 3226 965 3299 genti
989 3233 1184 3281 nostra:
1213 3238 1311 3295 per
1345 3221 1526 3278 omnia
1554 3218 1796 3280 ﬁdelem,
1841 3221 2058 3282 aptum,
2085 3217 2143 3266 et

559 3336 855 3395 congruum
881 3318 1166 3384 voluerint,
1187 3331 1255 3372 ex
1280 3313 1560 3385 praemissa
1581 3307 1910 3379 indulgentia
1930 3311 2138 3370 nostra,

559 3415 709 3472 salva
749 3409 1034 3483 principali
1058 3415 1324 3479 potestate
1348 3412 1557 3468 nostra,
1605 3401 1746 3456 sicut
1767 3406 1822 3454 et
1847 3397 1902 3452 in
1928 3395 2142 3452 caeteris

560 3505 816 3564 Ecclesiis
854 3500 1148 3559 secundum
1194 3496 1509 3554 canonicam
1553 3490 1933 3547 auctoritatem
1974 3487 2143 3542 licen-

561 3598 693 3654 tiam
718 3595 952 3651 habeant
977 3604 1140 3661 super
1163 3603 1221 3645 se
1246 3585 1477 3659 eligendi
1500 3590 1794 3656 pastorem.
1821 3580 1887 3635 Et
1919 3579 2144 3648 insuper

560 3687 852 3762 postulavit
876 3681 1168 3740 Serenitati
1209 3687 1428 3744 nostrae,
1469 3684 1531 3732 ut
1556 3675 1803 3731 homines
1841 3673 2140 3728 servientes

561 3779 844 3835 antedictae
870 3774 1124 3832 Ecclesia:
1166 3771 1241 3828 ibi
1278 3779 1334 3826 et
1362 3770 1455 3825 ubi
1495 3774 1896 3824 commanentes
1935 3764 2138 3820 nullam

562 3869 824 3926 decimam
841 3866 910 3941 de
927 3877 1140 3921 annona
1168 3868 1262 3917 aut
1287 3861 1353 3916 de
1371 3859 1584 3931 peculio
1608 3857 1717 3914 ullo
1737 3869 1977 3927 unquam
2003 3863 2140 3909 tem-

477 4019 481 4022 .
562 3975 694 4035 pore
722 3958 779 4013 in
820 3955 1038 4027 publico
1083 3953 1296 4011 solvere
1335 3952 1582 4014 debeant,
1616 3962 1790 4018 neque
1833 3947 1901 4002 de
1929 3943 2140 4035 peculio

563 4034 782 4122 proprio
807 4045 1191 4112 ecclesiastico,
1217 4042 1430 4114 quando
1443 4040 1688 4112 partibus
1708 4035 2056 4124 lstriensibus
2083 4034 2141 4089 in

563 4138 788 4214 pascuis'
805 4137 1074 4202 miserint,
1107 4136 1278 4192 ullum
1299 4135 1528 4190 debeant
1553 4131 1762 4189 solvere
1781 4128 2138 4185 herhaticum.

563 4229 730 4301 Cujus
770 4225 1130 4285 venerabilem
1184 4223 1500 4294 petitionem
1549 4220 1820 4276 noluimus
1877 4219 2144 4288 denegare

564 4324 739 4382 tribus
764 4337 831 4379 ex
870 4319 1050 4378 causis
1079 4333 1096 4373 :
1123 4332 1231 4374 una
1255 4315 1535 4380 videlicet,
1567 4320 1628 4369 ut
1664 4313 1796 4383 ipsis
1831 4310 2004 4368 servis
2021 4311 2142 4379 Dei,

566 4417 659 4490 qui
687 4415 884 4473 ibidem
909 4413 1020 4470 Deo
1039 4409 1289 4467 famulari
1308 4409 1586 4476 videntur,
1613 4423 1712 4479 pro
1735 4406 1922 4475 nobis,
1947 4423 2146 4464 uxore-

566 4522 692 4581 que,
723 4507 868 4573 ﬁliis,
910 4511 966 4560 et
989 4502 1200 4559 ﬁliabus
1233 4501 1454 4565 nostris,
1478 4508 1532 4556 et
1553 4499 1752 4570 populo
1777 4501 1949 4558 nobis
1975 4515 2005 4553 a
2031 4500 2143 4556 Deo

566 4599 857 4658 commisso
885 4593 1086 4666 iugiter
1107 4592 1319 4650 Domini
1363 4591 1788 4648 misericordiam
1827 4592 2021 4649 melius
2048 4593 2147 4646 im-

565 4694 781 4767 plorare
811 4689 1074 4758 delectet;
1111 4688 1237 4756 alia,
1260 4695 1320 4743 ut
1348 4687 1406 4742 in
1427 4685 1622 4743 divinis
1647 4687 1843 4743 litteris
1863 4695 1919 4743 et
1943 4685 2143 4743 doctri-

567 4785 654 4842 nis
673 4781 1042 4854 spiritualibus
1065 4780 1378 4850 ampliorem
1404 4786 1679 4836 certamen
1714 4779 1932 4835 mittere
1950 4793 2147 4848 procu-

567 4881 722 4940 rent;
753 4872 942 4938 tertia,
973 4868 1090 4940 eius
1109 4869 1319 4924 meritis
1363 4867 1806 4939 compellentibus
1838 4868 1914 4922 ita
1937 4866 2146 4937 praesti-

568 4967 719 5032 tisse,
743 4973 799 5021 et
816 4964 874 5019 in
889 4962 1139 5018 omnibus
1150 4960 1482 5017 concessisse
1497 4959 1824 5031 cognoscite.
1851 4955 2143 5028 PrOpterea

568 5072 669 5132 per
695 5062 1019 5128 praesentem
1051 5051 1428 5108 auctoritatem
1453 5058 1694 5105 nostram
1721 5049 2059 5106 decernimus
2090 5057 2144 5103 et

568 5147 849 5225 iubemus,
885 5143 1028 5216 quod
1063 5142 1446 5214 perpetualiter
1485 5156 1800 5196 mansurum
1845 5155 1964 5196 esse
1993 5141 2143 5198 volu-

572 5251 712 5306 mus,
735 5246 797 5293 ut
815 5236 956 5292 sicut
992 5249 1154 5305 supra
1173 5233 1590 5290 memoravimus
1613 5232 1758 5286 circa
1779 5231 2031 5288 eumdem
2059 5248 2145 5288 sa-

572 5344 724 5387 crum
752 5329 930 5385 locum
952 5341 1018 5384 ex
1039 5325 1315 5397 praemissa
1345 5324 1674 5395 indulgentia
1697 5332 1880 5379 nostra
1901 5327 2146 5394 perenni-

577 5429 658 5478 ter
688 5427 904 5474 maneat
937 5416 1340 5484 inconvulsum;
1369 5425 1424 5472 et
1448 5416 1752 5486 specialiter
1783 5420 2147 5474 concessimus

574 5505 633 5566 in
669 5507 1009 5579 eleemosyna
1035 5515 1222 5563 nostra
1257 5515 1555 5562 memorato
1583 5508 1702 5566 viro
1728 5509 2056 5575 venerabili,
2086 5517 2147 5565 ut

646 5634 675 5664 ι
703 5621 761 5676 In
784 5619 972 5690 Chart.
998 5621 1205 5678 Comm.
1249 5622 1316 5678 de
1359 5621 1621 5690 Maniaco,
1663 5641 1730 5681 ex
1756 5627 1851 5682 lib.
1883 5628 2145 5688 Thesauri

577 5691 638 5754 ὃ.
659 5685 1016 5765 Aquileiensis
1033 5690 1304 5751 Ecclesiae.
1335 5693 1577 5753 Correct.
1601 5685 1668 5753 ex
1697 5697 1926 5768 Diplom.
1948 5685 2078 5758 edit.
2101 5685 2142 5761 3

2169 3815 2216 3880 Ο

2240 2515 2434 2571 nostri.

2309 2605 2508 2661 Actum
2531 2606 2931 2679 Regomeshurg
2951 2607 3152 2679 palatio
3165 2608 3386 2680 publico
3407 2609 3465 2664 in
3491 2609 3597 2665 Dei
3615 2625 3838 2678 nomine

2241 2694 2489 2753 feliciter.
2515 2697 2708 2754 Amen.
3010 2769 3053 2825 Π

2348 2861 2378 2903 ιι
2417 2859 2664 2932 Diploma
2691 2859 2870 2918 Caroli
2903 2860 3092 2933 Magni
3123 2861 3352 2918 Paulino
3384 2866 3735 2934 patriarcha.

2856 2954 3029 3026 (Anno
3055 2955 3208 3026 805.)

2314 3045 2540 3102 Carolus
2564 3046 2739 3117 gratia
2774 3046 2871 3102 Dei
2892 3061 2988 3102 rex
3013 3047 3347 3104 Francorum
3373 3058 3433 3104 et
3452 3049 3832 3122 Longohardo-

2243 3152 2365 3193 rum
2399 3152 2463 3192 ac
2482 3138 2776 3208 imperator
2800 3139 3189 3196 Romanorum.

2291 3215 2375 3283 ‘Si
2418 3228 2771 3299 petitionibus
2805 3232 3148 3287 sacerdotum
3180 3233 3266 3289 vel
3308 3249 3609 3292 servorum
3637 3239 3753 3304 Dei,
3780 3239 3830 3294 in

2243 3334 2351 3389 qua
2376 3320 2577 3375 nostris
2599 3320 2822 3376 auribus
2851 3321 3071 3378 fuerunt
3090 3324 3337 3395 prolatae,
3367 3327 3620 3384 libenter
3644 3338 3836 3401 tempe-

2243 3423 2451 3475 ramus,
2468 3416 2523 3464 et
2553 3425 2645 3465 eas
2667 3411 2720 3465 in
2736 3411 2830 3467 Dei
2859 3415 3074 3470 nomine
3095 3416 3162 3472 ad
3191 3415 3446 3472 eﬁ‘ectum
3467 3422 3834 3490 perducimus,

2244 3502 2451 3571 regiam
2489 3505 2930 3561 consuetudinem
2971 3522 3318 3574 exercemus,
3357 3521 3417 3566 et
3452 3513 3567 3569 hoc
3593 3518 3754 3573 nobis
3779 3521 3838 3574 ad

2242 3593 2511 3652 mercedis
2538 3603 2913 3664 augmentum,
2949 3612 3043 3653 seu
3087 3600 3444 3658 stabilitatem
3483 3609 3666 3661 nostri
3698 3612 3839 3680 regni

2241 3682 2516 3752 pertinere
2548 3684 2885 3741 conﬁdimus.
2919 3686 3106 3744 Pateat
3135 3691 3300 3762 igitur
3340 3695 3607 3754 omnibus
3647 3712 3840 3756 sancta

2245 3770 2341 3825 Dei
2356 3768 2611 3848 Ecglesia:
2629 3776 2986 3844 pnesentibus
3004 3795 3068 3835 ac
3084 3779 3280 3838 futuris
3300 3783 3564 3843 ﬁdelibus
3585 3790 3840 3846 domuum

2244 3859 2530 3917 Paulinum
2567 3875 2765 3922 sanctae
2787 3866 3146 3938 Aquileiensis
3169 3873 3428 3932 Ecclesiae
3465 3883 3836 3950 patriarcham

2244 3950 2430 4008 Romae
2449 3967 2576 4025 erga
2598 3957 2772 4012 nostri
2793 3958 3048 4028 pietatem
3069 3971 3125 4018 et
3149 3979 3303 4036 papa:
3324 3969 3765 4028 misericordiam
3785 3979 3835 4031 in

2243 4047 2476 4114 quodam
2499 4049 2740 4118 synodali
2771 4053 2996 4109 concilio
3013 4055 3458 4117 lamentationem
3471 4063 3675 4122 fecisse
3688 4082 3834 4123 nam

2243 4136 2497 4192 videlicet
2529 4139 2814 4196 ecclesiam
2859 4143 3066 4216 ingenti
3117 4164 3456 4220 paganorum
3489 4158 3835 4227 populatione

2244 4241 2383 4320 pene
2417 4236 2586 4320 totam
2612 4231 2846 4289 existere
2869 4235 3183 4294 desolatam.
3218 4241 3334 4299 Nos
3353 4254 3543 4301 autem
3565 4249 3740 4320 ipsius
3761 4261 3835 4306 ta-

2245 4312 2325 4370 les
2361 4317 2640 4374 audientes
2667 4322 2914 4390 querelas
2942 4327 3082 4396 apud
3115 4330 3357 4387 omnium
3397 4312 3724 4406 largitorem
3747 4340 3835 4395 bo-

2246 4419 2437 4461 norum
2463 4409 2644 4480 magni
2665 4410 2901 4470 incidere
2925 4417 3082 4473 veriti
3104 4434 3292 4478 sumus
3311 4423 3582 4483 facinoris
3601 4430 3829 4502 culpam,

2246 4499 2294 4555 si
2315 4498 2756 4569 eiuslamcntatio
2782 4505 2856 4560 nil
2881 4509 3264 4570 consolationis
3283 4517 3430 4586 apud
3465 4522 3650 4576 nostri
3673 4498 3831 4579 mise-

2247 4593 2538 4687 ricordiam
2565 4597 2776 4668 imperii
2797 4601 3043 4658 obstante
3062 4608 3371 4666 tenacitatis
3395 4612 3559 4668 obice
3571 4613 3830 4687 imperare

2247 4685 2487 4756 potuisse
2537 4687 2829 4745 videretur.
2864 4691 3127 4758 Quocirca
3162 4695 3329 4766 iustis
3356 4701 3618 4760 claudere
3648 4685 3830 4763 aurem

2249 4775 2597 4845 petitionibus
2615 4788 2916 4837 metuentes
2935 4785 3097 4841 tacita
3109 4788 3392 4845 nobiscum
3420 4792 3700 4862 inquirere
3725 4812 3832 4854 cm-

2249 4865 2428 4958 pimus
2453 4875 2650 4935 mente,
2671 4869 2902 4939 qualiter
2918 4876 3209 4931 secundum
3232 4881 3482 4948 praedicti
3506 4882 3721 4942 Paulini
3735 4903 3830 4958 pa-

2251 4957 2502 5014 triarchae
2533 4959 2967 5021 lamentationem
2992 4977 3188 5024 nostrae
3216 4970 3553 5042 Aquileiensi

2247 5067 2563 5110 succurrere
2590 5057 2764 5126 pietas
2788 5059 3026 5116 deberet.
3042 5063 3281 5121 Tandem
3301 5083 3459 5140 papae
3484 5081 3832 5132 ceterorum-

2248 5159 2353 5237 que
2378 5147 2668 5202 astantium
2693 5151 3062 5221 episcoporum
3095 5167 3315 5227 accepto
3343 5163 3577 5218 consilio
3601 5166 3832 5237 “lignum

2244 5234 2557 5330 iustumque
2586 5238 2702 5295 fore
2730 5242 2979 5299 duximus
3006 5248 3265 5316 quosdam
3309 5253 3377 5307 ad
3410 5253 3588 5323 ipsius
3619 5234 3835 5330 aqua...»

2244 5325 2418 5395 iensis
2441 5331 2682 5386 ecclesim
2713 5338 3170 5394 consecrationem
3195 5343 3533 5410 pertinentes
3551 5325 3834 5421 episcopa-

2252 5423 2572 5478 tus-domno
2618 5425 2843 5484 Paulino
2883 5431 3198 5490 tribuendos
3241 5438 3564 5517 patriarcha:
3612 5447 3834 5517 suisque

2253 5517 2658 5573 successoribus
2687 5519 2755 5573 ad
2780 5524 3156 5595 suprascripta:
3186 5511 3548 5600 Aquileiensis
3585 5511 3834 5598 ecclesia

2253 5630 2514 5704 Palladio,
2547 5623 2686 5687 llist.
2724 5633 2787 5687 E.
2809 5633 2860 5704 Ι..
2877 5635 2969 5692 lib.
3000 5654 3062 5693 ιι.

2322 5702 2350 5741 ι»
2373 5701 2451 5758 Ex
2475 5703 2711 5761 Archivo
2732 5701 2951 5776 capituli
2978 5707 3248 5770 Utinensis
3266 5714 3542 5777 Ecclesia.
