4524 6450
1045 368 1159 437 575‘
2068 377 2129 436 S.
2163 378 2543 440 GREGORII
2586 382 2831 444 AGRIGL

2537 382 2543 391 ’
2586 382 3095 446 AGRIGENTINI
3128 385 3328 447 νιΤΑ.
4210 383 4323 447 576

1045 460 1193 514 mine
1240 459 1349 514 tuis
1422 458 1678 529 precibus
1718 458 2034 531 propitiato,
2090 466 2157 518 ad
2218 469 2609 522 monasterium
2643 476 2689 530 Α
2718 470 2807 525 ἵνα

2529 485 2609 522 um
2643 476 2689 530 Α
2718 470 2807 525 ἵνα
2842 473 3230 542 συνταξώμεθα
3259 475 3373 537 τοῖς
3402 470 3671 541 ἀδελφοῖς,
3699 473 3793 525 καὶ
3822 474 3910 528 ara
3962 473 4072 526 τῶν
4127 475 4315 542 silc-5

1050 559 1301 603 nostrum
1341 551 1655 605 redeamus:
1678 549 1777 605 Cui
1810 554 2089 621 respondit
2119 558 2563 626 archiepiscopus
2583 578 2610 630 _:

1051 642 1163 709 Age
1194 639 1349 695 lzetus
1379 640 1619 705 discede,
1670 641 1865 708 Pater;
1902 645 1986 698 lac
2037 654 2241 710 tamen,
2289 658 2481 703 sancto
2517 650 2608 705 die

1048 728 1373 796 Dominico,
1422 733 1513 800 qui
1551 742 1673 801 past
1722 732 1923 788 Pascha
1957 737 2167 804 primus
2200 738 2326 803 erit,
2368 740 2474 794 huc
2514 740 2620 795 Do-

1050 823 1200 876 mino
1235 825 1597 892 supplicatum
1632 826 1844 885 redeas.
1865 838 1916 880 et
1937 830 2001 880 ad
2043 845 2138 883 nos
2163 846 2401 900 quoque,
2424 845 2480 885 ιιι
2508 834 2621 903 ipse

1044 916 1179 980 vult,
1219 924 1493 969 rewrtare
1529 933 1543 971 :
1586 915 1806 989 [nun]
1834 934 1940 986 quo
1986 922 2257 976 teultimis
2274 926 2617 979 salutationi-

1044 1006 1142 1058 bus
1178 1022 1593 1075 prosequamur,
1638 1020 1800 1075 atque
1831 1011 1919 1063 ubi
1954 1027 2053 1065 nos
2087 1014 2339 1080 precibus
2371 1017 2478 1071 tuis
2528 1033 2619 1073 so-

1042 1095 1187 1150 latus
1236 1097 1422 1162 furtis,
1466 1099 1519 1151 in
1559 1114 1688 1166 pace
1728 1102 1964 1168 denique
2000 1114 2055 1156 tu
2106 1106 2275 1158 etiam
2333 1110 2399 1158 ad
2428 1124 2618 1162 mona-

1044 1187 1268 1240 sterium
1305 1198 1456 1241 tuum
1491 1190 1871 1257 proﬁciscaris.
1894 1192 2093 1247 Aberat
2127 1206 2305 1248 autent
2325 1194 2621 1266 Gregorius

1044 1289 1171 1328 cum
1208 1277 1322 1329 haec
1354 1278 1524 1331 abbas
1572 1295 1695 1333 cum
1743 1283 2158 1353 archiepiscopo
2194 1287 2615 1353 colloqueretur.

1043 1363 1114 1416 At
1151 1366 1407 1419 monachi
1455 1368 1924 1437 archiepiscopum
1975 1374 2235 1434 venerati.
2286 1376 2611 1442 discessere,

1041 1463 1095 1505 et
1128 1468 1194 1505 co
1256 1470 1368 1522 quo
1400 1457 1829 1520 destinaverant,
1868 1475 1927 1517 se
1955 1463 2319 1517 contulerunt.

1116 1540 1259 1597 XVI.
1307 1544 1446 1598 Tum
1510 1559 1731 1601 sanctus
1792 1551 2236 1621 archiepiscopus
2292 1554 2614 1626 Gregorium

1041 1636 1291 1698 arcessit.
1328 1651 1565 1707 eumque
1594 1640 1677 1694 sic
1705 1641 2000 1709 alloquitur
2032 1646 2226 1709 :Audi,
2268 1646 2491 1718 Gregori
2518 1649 2614 1713 ﬁli,

1042 1726 1184 1780 scire
1219 1726 1321 1781 hoc
1344 1736 1395 1804 te.
1436 1729 1579 1790 volo,
1634 1731 1915 1787 dominum
1980 1735 2218 1791 Marcum
2264 1742 2613 1804 monachum,

2728 580 2842 628 σου,
2876 566 2970 616 ὲάν
2996 564 3209 635 θέλημα
3234 564 3371 618 Θεοῦ
3405 567 3573 624 ἐστιν.
3609 564 3964 634 κατέλθωμεν
3994 568 4051 618 ὲν
4068 562 4149 635 τῷ
4181 566 4317 618 κελ-

2723 654 2822 726 λίῳ
2878 656 3055 726 ἡμῶν.
3101 657 3160 710 ⁸0
3187 658 3244 709 δὲ
3262 657 3685 727 ἀρχιεπίσκοπος
3713 656 4028 727 λέγειαὺτῷ
4060 674 4075 687 ·
4108 660 4315 711 ’Δπελ-

2724 746 2802 811 θε,
2845 748 3043 819 Πάτερ,
3081 748 3305 820 χαίρων,
3341 750 3437 803 καὶ
3469 750 3713 810 ποίησον,
3743 750 3848 812 ἕως
3881 750 3947 819 τῇ
4000 749 4133 820 ἁγίᾳ
4183 751 4307 806 Κυσ

2728 840 2886 907 ριακῇ
2917 839 3011 891 τοῦ
3051 839 3385 908 Ἀντιπάσχα
3414 840 3783 908 ἀνταποδίδῳς
3802 840 3880 905 τῷ
3933 841 4124 911 Κυρίῳ
4198 842 4305 904 τὰς

2722 927 2883 995 εὐχάς
2915 945 3030 993 σου,
3088 930 3183 982 καὶ
3243 930 3638 1001 ἀνεπίστρεψον
3702 930 3839 1000 προς
3891 933 4060 997 ἡμᾶς,
4114 926 4310 995 καθὼς

2678 1040 2681 1043 -
2725 1014 3004 1083 βούλεται,
3034 1018 3120 1070 ἵνα
3154 1019 3541 1087 συνταξώμεθά
3579 1036 3683 1080 σοι,
3732 1020 3826 1070 καὶ
3889 1018 4144 1089 λάϐωμεν
4198 1022 4308 1088 τὴν

2721 1106 2891 1175 εὐχήν
2918 1126 3033 1167 σου.
3071 1110 3166 1161 καὶ
3202 1109 3374 1172 οὕτως
3404 1110 3635 1178 ἀπέρχει
3668 1112 3725 1161 ὲν
3752 1110 3943 1179 είρήνῃ
3991 1110 4084 1161 καὶ
4140 1111 4311 1173 αὐτὸς

2723 1200 2803 1262 είς
2843 1199 2938 1269 τὴν
2973 1201 3167 1254 κέλ).αν
3197 1218 3311 1254 σου.
3342 1204 3457 1255 Οὐκ
3490 1198 3557 1271 ἦν
3578 1203 3635 1254 δὲ
3665 1205 3782 1270 μετ’
3819 1203 3999 1255 αὐτῶν
4022 1206 4052 1255 ὁ
4092 1204 4309 1273 Γρηγό-

2731 1308 2865 1362 ριος,
2906 1291 2995 1343 ὅτε
3029 1291 3205 1345 ταῦτα
3234 1294 3263 1344 6
3296 1290 3470 1353 ἀϐϐἄς
3501 1292 3577 1359 τῷ
3605 1292 4021 1361 ἀρχιεπισκόπῳ
4065 1292 4312 1358 διελέγε-

2718 1398 2799 1435 το,
2834 1382 2942 1434 Καὶ
2972 1385 3297 1452 ποιήσαντες
3340 1387 3631 1452 μετάνοιαν
3655 1380 3877 1451 ἐξῆλθον
3915 1384 3979 1435 ἐκ
4044 1383 4140 1435 τοῦ
4199 1384 4311 1453 ἀρ⁴

2730 1474 3113 1542 χιεπισκὸπου.
3153 1476 3247 1527 καὶ
3279 1474 3517 1541 ἀπῆλθον
3544 1476 3678 1527 ὅπου
3713 1473 4014 1526 ἐϐούλοντο.

2797 1564 2894 1629 ις’
2915 1604 2929 1616 .
2962 1565 3073 1618 Καὶ
3097 1567 3354 1630 φωνήσας
3379 1565 3407 1616 6
3436 1564 3589 1630 ἅγιος
3616 1565 3901 1633 Μακάριος
3940 1565 4033 1616 τὸν
4093 1565 4313 1635 Γρηγὸ-

2722 1671 2863 1725 ριον.
2895 1654 3044 1721 λέγει
3068 1654 3219 1724 αὐτῷ
3240 1656 3569 1717 ’σἈκουσον,
3602 1656 3791 1708 τέκνον
3840 1655 4139 1724 Γρηγόριε,
4163 1656 4331 1708 ἔστων

2719 1762 2804 1798 σοι
2852 1747 3094 1811 γνωστὸν
3125 1746 3286 1799 τοῦτο
3334 1746 3466 1818 παρ’
3519 1744 3679 1816 ἐμοῦ,
3739 1745 3825 1798 ὅτι
3862 1748 3891 1799 6
3952 1746 4113 1817 κύρις
4142 1747 4311 1816 Μάρ-

1040 1816 1135 1882 qui
1164 1825 1217 1869 te
1259 1799 1365 1871 huc
1390 1815 1633 1883 deduxit,
1677 1821 1803 1874 hinc
1831 1824 2035 1878 abiisse
2065 1826 2361 1881 salutatum
2416 1829 2614 1885 fratres
2717 1858 2811 1904 κος

2530 1799 2614 1885 res;
2717 1858 2811 1904 κος
2842 1799 2878 1894 ϐ
2891 1842 3143 1912 μοναχδς,
3166 1845 3193 1894 ὁ
3215 1799 3440 1909 ἀγαγών
3462 1860 3520 1895 σε
3552 1799 3807 1907 ενταῦθα,
3832 1799 4102 1912 ἐπορεύθή
4129 1844 4312 1897 ἀσπά-

1038 1907 1134 1975 qui
1170 1908 1374 1961 circum
1419 1912 1471 1962 in
1506 1922 1716 1965 sanctze
1747 1911 1932 1968 Sionis
1966 1915 2162 1970 vicinia
2217 1918 2418 1989 degunt
2460 1940 2473 1975 ι
2507 1937 2615 1976 ca:-

2721 1932 2918 1986 σασθαι
2972 1935 3101 1996 τοὺς
3164 1933 3428 2002 ἀδελφοὺς
3472 1936 3595 1999 τοὺς
3626 1936 3786 1997 ὄντας
3817 1933 4085 1988 κυκλόθεν
4118 1933 4313 2003 κύκλῳ

1042 2004 1221 2050 terum
1255 1998 1329 2051 illi
1362 2014 1391 2052 a
1433 2000 1590 2055 nobis
1622 2004 1997 2074 praescriptum
2031 2023 2174 2071 esse,
2236 2021 2296 2063 ut
2331 2010 2616 2069 Dominico
2720 2024 2820 2092 τῆς

2531 2014 2616 2069 ico
2720 2024 2820 2092 τῆς
2854 2023 3018 2091 ἁγίας
3058 2023 3219 2087 Σιὼν,
3241 1998 3337 2077 καὶ
3367 2024 3652 2095 ὼρίσαμεν
3674 2024 3842 2093 αὐτῷ,
3877 2025 3964 2078 ἴνα
3990 1998 4311 2096 ἀναστρέψῂ

1038 2085 1406 2155 ἁίο,ρι·οκίηιο
1434 2101 1738 2146 revertatur
1762 2094 1828 2147 ad
1864 2110 1963 2149 nos
1985 2136 1999 2159 ,
2034 2112 2135 2151 nec
2175 2100 2276 2152 nisi
2332 2111 2455 2169 post
2501 2119 2619 2157 mu-
2648 2121 2693 2178 Β
2723 2085 2824 2185 πρὸ

2522 2119 2619 2157 "ll-
2648 2121 2693 2178 B
2723 2085 2858 2185 πρὸς
2891 2085 3040 2185 ima;
3056 2115 3117 2168 τὸ
3143 2085 3297 2182 ἀγιον
3325 2085 4308 2185 Ἀντιπάσχα,καὶ-συντάξηταιῆμένῖ

1044 2186 1168 2228 ιυος
1198 2179 1518 2245 complexus
1551 2182 1617 2233 ad
1651 2186 2038 2237 monasterium
2060 2201 2220 2240 suum
2261 2192 2437 2243 redire
2464 2188 2618 2247 velit}

1044 2265 1177 2332 Quae
1205 2278 1263 2321 ttt
1289 2269 1359 2322 ab
1387 2271 1802 2343 archiepiscopo
1829 2277 2036 2345 accepit
2095 2276 2413 2347 Gregorius,
2458 2283 2622 2338 vehe—

1053 2360 1216 2410 menti
1252 2359 1409 2426 plane
1451 2376 1685 2416 maerore
1740 2364 1967 2431 affectus
2012 2377 2134 2434 est;
2182 2371 2246 2423 ad
2322 2373 2443 2440 ejus
2492 2389 2622 2428 vero

1052 2449 1216 2517 pedes
1243 2453 1634 2520 procumbens,
1689 2471 1796 2509 non
1831 2458 1952 2513 sine
1990 2461 2250 2532 lacrymis
2284 2464 2624 2535 interrogare

1046 2543 1127 2594 sic
1160 2544 1325 2609 coepit
1360 2561 1372 2596 :
1413 2543 1571 2598 Pater
1608 2549 1983 2618 sancti~sime,
2025 2561 2079 2606 et
2103 2555 2329 2618 Christi,
2369 2557 2457 2610 cui
2509 2573 2625 2611 ser-

1044 2631 1149 2696 vis,
1182 2648 1424 2688 amorem
1461 2639 1672 2704 met-ite,
1709 2642 1979 2696 undenam
2014 2653 2143 2698 sunt
2172 2649 2507 2714 magnanimi
2533 2649 2622 2704 isti

1047 2738 1112 2777 ac
1134 2725 1737 2793 providentissimiviri,
1770 2747 1909 2799 quos
1939 2734 2471 2803 equidem,domine,
2497 2740 2625 2795 hinc

1045 2830 1077 2868 e
1109 2831 1296 2870 sancta
1324 2821 1421 2872 hac
1466 2829 1606 2873 terra
1647 2824 1911 2877 oliundos
1944 2828 2198 2892 putabam
2224 2827 2246 2880 ?
2271 2829 2367 2882 Cui
2407 2832 2619 2886 archie—

1045 2910 1302 2977 piscopus
1346 2950 1361 2974 ,
1395 2909 1471 2963 Ex
1504 2914 1661 2972 urbe.
1694 2915 1888 2982 inquit.
1930 2917 2094 2969 llotna
2126 2918 2176 2970 hi
2218 2930 2347 2975 sunt
2370 2923 2505 2992 (85),
2540 2924 2620 2977 vi-

1050 2997 1183 3066 ginti
1225 3002 1292 3052 ab
1320 3016 1382 3054 ea
1411 3004 1600 3057 stadiis
1661 3016 1761 3057 nec
1791 3006 2007 3074 longius
2039 3009 2348 3065 habitantes
2377 3028 2390 3064 :
2437 3015 2623 3083 itaque

1052 3093 1245 3146 eodem
1288 3097 1504 3156 reverti.
1555 3106 1609 3149 et
1649 3097 1701 3150 iu
1753 3105 2145 3153 monasterium
2188 3118 2347 3155 suum
2380 3106 2625 3175 recipere

1051 3202 1109 3240 se
1142 3188 1347 3242 volunt.
1398 3187 1495 3241 llic
1532 3206 1661 3243 vero
1693 3190 1992 3261 Gregorius
2030 3212 2042 3246 :
2078 3193 2306 3260 Vereor,
2332 3199 2517 3263 Pater,
2570 3213 2627 3255 ut

1049 3292 1146 3330 eos
1198 3280 1432 3344 amplius
1503 3283 1732 3335 revisant
1770 3324 1784 3344 ,
1834 3296 1998 3351 atque
2081 3286 2220 3340 adeo
2282 3289 2440 3344 bonis
2514 3307 2629 3347 eo-

1050 3384 1169 3421 rum
1200 3370 1454 3437 precibus
1487 3372 1672 3426 infelix
1708 3377 1926 3428 carebo.
1961 3374 2340 3448 Nequaquam,
2394 3381 2467 3436 llli
2495 3422 2509 3444 ,
2548 3401 2628 3437 re-

2724 2207 2818 2259 καὶ
2838 2204 3011 2269 οὕτως
3040 2206 3249 2277 ἀπέλθῃ
3266 2209 3323 2259 ὲν
3342 2206 3421 2275 τῷ
3445 2206 3642 2277 κελλίῳ
3667 2204 3856 2259 αὐτοῦ.
3890 2206 4160 2271 Ἀκούσας
4192 2208 4249 2260 δὲ
4284 2208 4315 2258 6

2723 2292 3028 2363 Γρηγόριος
3055 2294 3232 2347 ταῦτα
3266 2296 3420 2366 παρά
3463 2294 3559 2348 τοῦ
3616 2296 4089 2365 ἀρχιεπισκόπου,
4162 2298 4311 2355 πάνυ

2724 2385 2970 2457 ἐλυπήθη
3005 2386 3230 2456 σφόδρα,
3267 2388 3361 2439 καὶ
3385 2386 3569 2440 πεσὼν
3599 2386 3751 2458 παρά
3811 2388 3941 2448 τοὺς
3981 2387 4153 2450 πόδας
4208 2387 4311 2442 τοῦ

2726 2477 3168 2547 ἀρχιεπισκόπου
3216 2479 3355 2549 μετά
3414 2480 3666 2550 δακρύων
3689 2480 3838 2546 λέγει
3872 2478 4023 2548 αὑτῷ
4058 2496 4072 2509 -
4125 2480 4321 2549 Πάτερ

2728 2566 2999 2636 ἀγιὼτατε
3027 2570 3303 2639 Μακάριε.
3334 2569 3487 2622 δοῦλε
3520 2571 3848 2639 ὴγαπημένε
3902 2570 3997 2621 τοῦ
4033 2568 4308 2639 Χριστοῦ,

2727 2660 2824 2712 καὶ
2858 2659 3024 2713 πόθεν
3053 2660 3194 2713 εἰσιν
3219 2661 3269 2713 οί
3308 2661 3672 2732 μεγαλόψυχοι
3694 2660 3889 2729 ἄνδρες
3920 2654 4067 2714 οὗτοι
4097 2661 4148 2713 οί
4184 2677 4317 2729 προ-

2729 2751 2975 2821 ορατικοί
3006 2768 3022 2815 ;
3049 2751 3123 2815 ὠς
3153 2736 3301 2804 δοκεῖ
3327 2770 3436 2821 μοι,
3467 2752 3720 2813 δέσποτα,
3752 2754 3835 2805 ὃτι
3874 2755 3937 2805 ὲκ
3983 2752 4093 2805 τῶν
4136 2752 4319 2817 ἀγίων

2725 2842 2909 2895 τόπων
2939 2842 3147 2895 τούτων
3176 2843 3313 2897 είσίν
3350 2836 3499 2897 οὗτοι
3544 2844 3839 2912 ἄνθρωποι.
3919 2843 3976 2896 Ὀ
4027 2844 4086 2896 δὲ
4148 2845 4309 2912 ἀρχι-

2729 2932 3030 2994 επίσκοπος
3056 2930 3203 2999 λέγει
3235 2931 3371 3000 πρὸς
3396 2932 3562 2984 αὐτόν
3583 2949 3598 2963 ο
3633 2933 3858 2997 Τέκνον,
3897 2933 3961 2983 ὲκ
3988 2932 4091 3000 τῆς
4172 2933 4311 2983 Ῥω-

2732 3020 2906 3088 μαίων
2937 3020 3141 3084 πόλεὼς
3180 3023 3317 3074 εἰσιν
3348 3022 3424 3084 ὡς
3460 3023 3568 3075 ἀπὸ
3609 3023 3840 3075 σταδίων
3890 3024 4087 3085 εἰκοσι,
4148 3023 4316 3074 κάκεῖ

2729 3109 3010 3181 βούλονται
3040 3115 3454 3183 ὲπανακάμψαι,
3504 3115 3600 3169 καὶ⁵
3644 3114 3903 3168 ἀπελθεῖν
3956 3114 4015 3166 ἑν
4046 3114 4127 3184 τῷ
4193 3115 4314 3184 ίδίιρ

2728 3200 2946 3272 κελλίῳ.
2993 3203 3050 3257 '0
3070 3204 3128 3256 δὲ
3161 3206 3465 3275 Γρηγόριος
3522 3206 3674 3275 λέγει
3704 3222 3720 3238 ο
3752 3206 4054 3274 Φοϐοῦμαι,
4104 3207 4311 3277 Πάτερ,

2730 3294 2806 3363 μή
2843 3312 2960 3356 πως
2988 3296 3051 3348 οὐ
3076 3294 3372 3364 ,θεάσωμαι
3421 3299 3550 3361 τοὺς
3613 3297 3956 3368 ἀνθρώπους.
3985 3299 4082 3351 καὶ
4143 3299 4316 3367 μείνω

2728 3386 2966 3457 ὀρφανὸς
2992 3387 3105 3440 τῶν
3142 3389 3317 3458 εὐχῶν
3347 3390 3548 3445 αὐτῶν.
3585 3391 3694 3443 Kal.
3714 3390 4038 3461 ἀποκριθεὶς
4068 3393 4097 3444 6
4126 3393 4317 3461 ἀρχιε-

1051 3462 1271 3524 spondit
1306 3463 1753 3531 archiepiscopus
1783 3482 1796 3518 :
1837 3481 2036 3535 quippe
2068 3469 2172 3523 huc
2206 3472 2272 3523 ad
2329 3488 2428 3527 nos
2487 3476 2628 3528 re.li-
2654 3459 2698 3516 θ
2732 3478 2837 3530 πίοι

2527 3476 2628 3528 e.li-
2654 3459 2698 3516 θ
2732 3478 2998 3540 πίσκοπος
3033 3474 3185 3531 εἶπεν
3210 3496 3225 3510 ο
3258 3480 3415 3549 Οὐχὶ,
3441 3482 3632 3534 τέκνον
3665 3497 3678 3510 ’
3709 3459 3875 3533 ἔνθεν-
3925 3481 4145 3550 ἔχουσιν
4168 3459 4313 3535 -ἀνα-

1052 3550 1160 3603 turi
1187 3563 1333 3606 sunt.
1362 3554 1455 3608 Sic
1486 3552 1633 3609 enim
1676 3558 1809 3610 tttihi
1844 3559 2100 3614 dominus
2124 3560 2343 3618 Marcus
2393 3580 2631 3635 spopon-

1052 3641 1151 3702 dit.
1184 3658 1261 3706 se,
1287 3658 1478 3699 sancto
1503 3647 1590 3700 die
1659 3647 1942 3704 Dominico
1984 3654 2077 3721 qui
2144 3656 2357 3723 primus
2413 3657 2631 3715 futurus

1052 3743 1159 3797 est,
1186 3734 1233 3786 si
1265 3734 1402 3791 lleus
1435 3751 1662 3802 annuat,
1695 3752 1954 3797 venturos
1988 3744 2054 3798 ad
2097 3762 2217 3810 nos,
2273 3758 2332 3802 ut
2386 3766 2453 3804 cx
2496 3767 2633 3806 con-

1054 3823 1200 3876 dicto
1232 3827 1444 3895 utrique
1469 3838 1717 3883 uestrum
1748 3832 1885 3885 bene
1912 3847 2181 3901 precetur.

1131 3915 1292 3973 XVII.
1332 3918 1666 3977 Versabatur
1704 3936 1892 3979 autem
1925 3926 2222 3998 Gregorius
2259 3947 2385 3987 cum
2421 3935 2633 3989 archie-

1057 4008 1301 4078 piscopo,
1344 4014 1441 4081 ipsi
1487 4016 1540 4067 in
1573 4017 2051 4075 obsecrationibus
2081 4024 2353 4086 assidens,
2375 4037 2430 4081 et
2456 4028 2631 4082 virtu-

1060 4108 1141 4153 tes
1180 4102 1296 4170 ejus
1323 4105 1576 4175 piamque
1604 4109 1729 4162 vita:
1754 4114 2024 4167 rati0nem
2063 4115 2262 4169 imitari
2304 4121 2628 4177 conabatur.

1062 4191 1158 4247 Vir
1210 4197 1354 4249 enim
1416 4209 1535 4253 erat
1573 4201 1773 4256 divinis
1825 4207 2063 4259 oraculis
2121 4208 2395 4265 addictus.
2451 4213 2633 4279 Quare

1059 4285 1355 4356 Gregorius
1389 4293 1633 4358 quotidie
1666 4295 1910 4350 diluculo
1942 4299 2161 4353 lectoris
2192 4311 2372 4370 partes
2413 4306 2632 4362 assidue

1058 4381 1272 4449 agebat,
1314 4398 1509 4453 magna
1544 4388 1791 4440 omnium
1822 4390 2209 4457 admiratione,
2250 4411 2376 4450 cum
2420 4414 2521 4452 nec
2576 4402 2629 4457 in

1061 4478 1444 4543 percurrendis
1478 4480 1632 4534 libris
1658 4482 1960 4552 quidquam
1987 4496 2219 4548 erraret,
2263 4498 2317 4542 et
2352 4492 2406 4544 in
2466 4493 2629 4547 intel-

1063 4569 1281 4640 ligendo
1311 4585 1508 4629 acutus
1541 4585 1706 4640 esset,
1759 4593 1842 4645 ac,
1886 4580 1931 4634 si
1987 4581 2431 4653 archiepiscOpus
2482 4603 2635 4642 man-

1062 4662 1268 4725 dasset,
1309 4663 1363 4715 in
1414 4664 1819 4732 interpretando
1857 4682 1963 4721 non
2021 4670 2202 4725 minus
2258 4672 2514 4727 idoneum
2580 4692 2638 4730 se

2735 3569 2964 3640 στρέψαι
2995 3571 3202 3633 ὀὕτως
3230 3572 3341 3641 γάρ
3377 3590 3467 3639 μοι
3505 3573 3762 3624 συνέθετο
3786 3575 3814 3625 ὁ
3848 3572 4005 3641 κύρις
4061 3574 4315 3640 Μάρκος,

2733 3661 2819 3714 ἵνα
2844 3661 2981 3714 Θεοῦ
3015 3660 3261 3715 κελεύσει
3289 3666 3356 3732 τῇ
3387 3664 3521 3732 ἀγίᾳ.
3547 3666 3799 3733 κυριακῇ
3837 3666 3902 3733 τῇ
3944 3665 4042 3734 νέᾳ
4073 3660 4317 3718 καταλά-

2735 3753 2875 3807 ϐωσι
2896 3755 3032 3824 πρὸς
3062 3756 3230 3824 ἡμᾶς.
3266 3755 3342 3818 ὼς
3372 3755 3497 3826 ἔφη,
3527 3758 3620 3809 καὶ
3649 3756 4017 3826 ἀπολάϐωμεν
4059 3757 4170 3809 τῶν
4224 3760 4318 3810 εὖ·

2734 3847 2845 3916 χῶν
2890 3847 3070 3900 αὐτῶν
3103 3848 3423 3918 ἀμφότεροι.

2758 3938 2763 3943 ’
2808 3935 2908 3989 IZ’.
2942 3933 3052 3989 Ἦν
3084 3937 3140 3989 δὲ
3186 3938 3213 3989 6
3242 3938 3544 4009 Γρηγὸριος
3583 3940 3721 4007 μετά
3750 3937 3847 3992 τοῦ
3878 3940 4318 4008 ἀρχιεπισκόπου

2737 4028 3120 4097 προσεδρεύων
3143 4030 3293 4099 αὐτῷ
3327 4033 3445 4092 ταῖς
3469 4032 3679 4098 εὐχαῖς
3713 4032 3805 4084 καὶ
3877 4031 4131 4101 ζηλωτὴς
4170 4032 4321 4097 γινό-

2741 4134 2902 4187 μενος
2930 4120 3030 4189 τῆς
3067 4120 3326 4190 ἐναρέτου
3362 4121 3455 4172 καὶ
3511 4120 3717 4189 σεμνῆς
3778 4122 3945 4174 αὐτοῦ
3991 4122 4272 4184 πολιτείας
4303 4138 4319 4151 ·

2742 4203 2812 4279 ἦν
2861 4209 2971 4279 γάρ
2995 4211 3023 4261 6
3048 4210 3189 4280 ἀνὴρ
3220 4211 3508 4273 σπουδαῖος
3548 4213 3674 4281 περὶ
3707 4211 3776 4263 τά
3811 4210 3932 4265 θεῖα
3982 4211 4163 4278 λόγια.
4208 4210 4322 4265 Ἦν

2742 4301 2797 4354 δὲ
2827 4303 2855 4353 6
2882 4301 3183 4371 Γρηγόριος
3217 4301 3342 4355 καθ’
3402 4303 3641 4371 ἑκάστην
3686 4302 3899 4373 ἡμέραν
3959 4303 4325 4364 ἀδιαλείπτως

2742 4393 2822 4462 τῷ
2886 4391 3069 4462 δρθρῳ
3120 4392 3530 4460 ἀναγινώσκων,
3596 4394 3691 4446 καὶ
3741 4392 4161 4463 θαυμαζόμενος
4209 4394 4321 4446 ὑπὸ

2744 4483 2983 4548 πάντων,
3015 4481 3403 4544 ἀσολοικίστως
3431 4483 3778 4553 διερχόμενος
3802 4482 3903 4544 τὰς
3938 4480 4176 4550 βίϐλους,
4211 4482 4320 4533 πά-

2741 4576 2824 4628 λιν
2850 4576 2907 4628 δὲ
2932 4574 3056 4638 ὀξὺς
3083 4577 3163 4637 είς
3194 4574 3257 4627 τὸ
3281 4575 3424 4626 νοεῖν
3466 4575 3562 4626 καὶ
3590 4574 3887 4644 χρήσιμος,
3945 4574 4323 4643 ὲπιτρεπόμε-

2740 4684 2831 4731 νος
2862 4666 3014 4735 παρά
3066 4666 3161 4719 τοῦ
3204 4666 3663 4736 ἀρχιεπισκόπου,
3721 4667 3780 4719 έν
3827 4668 3948 4726 ταῖς
4002 4665 4326 4734 ἑρμηνείαις

1063 4751 1312 4820 proderet
1372 4769 1535 4822 quam
1568 4757 1901 4811 modestum.
1940 4761 2117 4828 Atque
2174 4762 2287 4816 haec
2322 4773 2442 4818 erat
2503 4766 2639 4821 Gre-
2676 4793 2717 4847 υ
2750 4773 2849 4827 μετ

2543 4782 2639 4821 ωε..
2676 4793 2717 4847 D
2750 4757 2887 4827 μετά
2916 4756 3100 4823 πάσης
3129 4753 3650 4824 ταπεινοφροσύνης.
3684 4752 3960 4855 Οὖτωςνδὲ
3990 4753 4167 4804 ἐποίει
4196 4752 4329 4855 .πά-

1067 4844 1204 4912 gorii
1237 4847 1563 4913 quotidiana
1605 4850 1915 4917 occupatio,
1958 4861 2095 4905 utet
2149 4853 2353 4910 divinis
2416 4854 2639 4913 Litteris
2678 4838 2711 4847 ν
2749 4858 2849 4905 σας

2542 4858 2639 4913 aris
2678 4838 2711 4847 ν
2749 4858 2849 4905 σας
2878 4842 2976 4905 τὰς
3004 4840 3223 4910 ἡμέρας
3266 4841 3295 4893 ὁ
3328 4840 3651 4911 Γρηγόριος,
3696 4838 3977 4915 σχολάζων
4014 4843 4080 4909 τῇ
4120 4840 4328 4911 μελέτῃ

1066 4950 1288 5002 Operam
1310 4935 1521 5009 [εχεινῖ
1548 4941 1721 5004 daret,
1750 4950 1805 4993 et
1833 4942 1884 4993 in
1905 4942 2376 4999 obsecrationibus
2410 4962 2467 4999 se
2493 4963 2643 5002 exer-

1066 5040 1253 5082 ceret:
1295 5030 1480 5083 cibum
1513 5041 1701 5084 contra
1739 5034 1905 5086 semel
1943 5034 1997 5087 in
2056 5036 2198 5089 diem
2239 5048 2503 5104 sumeret,
2541 5040 2643 5094 ltu-

1068 5120 1143 5173 ιιιί
1202 5123 1444 5184 cubaret,
1501 5124 1797 5192 plurimum
1853 5125 2119 5195 vigilaret,
2168 5127 2361 5182 balneo
2427 5144 2645 5200 semper

1070 5214 1390 5268 ahStittet'et.
1439 5216 1720 5272 Dominico
1758 5217 1978 5273 demum
2021 5220 2109 5274 die
2137 5220 2205 5275 ad
2242 5237 2523 5291 vesperam
2559 5240 2645 5278 re-

1072 5310 1220 5363 diere
1248 5311 1500 5365 monachi
1530 5312 1582 5365 in
1615 5322 1861 5367 sanctam
1922 5316 2137 5381 urbem,
2173 5328 2225 5370 et
2278 5318 2647 5388 archiepisco-

1078 5419 1206 5473 pum
1257 5413 1418 5473 atque
1454 5406 1631 5474 ipsum
1665 5408 1863 5461 deinde
1904 5406 2228 5477 Gregorium
2262 5409 2643 5467 ‘inviserunt:

1158 5541 1270 5609 (85)
1309 5541 1527 5614 alonast:
1552 5541 1689 5594 rium
1712 5581 1727 5601 ,
1777 5541 1831 5593 ni
1867 5540 2044 5614 fallor.
2073 5542 2185 5614 hic
2230 5543 2549 5614 designatur
2580 5547 2647 5601 ad

1086 5610 1270 5676 Aquas
1304 5610 1514 5665 Salvias
1560 5627 1781 5678 :ttrqne
1820 5612 1963 5665 enim
2016 5612 2161 5667 aliud
2222 5610 2431 5682 uspiam
2480 5615 2649 5672 fuisse

1089 5682 1241 5745 novi,
1271 5682 1412 5749 quod
1450 5683 1575 5734 item
1612 5682 1838 5736 milliara
1862 5683 1967 5733 duo
2000 5698 2121 5736 cum
2155 5683 2380 5737 dimidio
2411 5685 2478 5738 ab
2513 5686 2647 5740 urbe

1093 5751 1343 5806 distaret.
1386 5750 1614 5804 Martitto
1666 5751 1681 5803 Ι
1753 5751 2011 5805 l‘otttiliee
2068 5755 2304 5807 maximo
2362 5771 2508 5806 anno
2540 5757 2643 5809 διο

1098 5830 1324 5892 praeerat
1398 5821 1819 5892 llil»Gl't'gOl'i'|S
1856 5862 1869 5882 ,
1930 5824 2016 5892 qui
2092 5823 2141 5875 in
2204 5826 2433 5877 rom-ilio
2486 5824 2643 5878 Late-

1099 5890 1316 5948 t‘attcnsi
1350 5890 1509 5963 {apud
1554 5890 1711 5945 llard.
1748 5892 1912 5947 (Ione.
1950 5890 1993 5946 ι.
2051 5892 2133 5954 Ill,
2174 5906 2222 5963 p.
2261 5894 2404 5961 192),
2448 5894 2643 5949 dicitur

2744 4933 2855 4987 τῶν
2880 4933 3041 4986 θείων
3072 4932 3328 5003 Γραφῶν,
3357 4932 3453 4984 καὶ
3478 4930 3912 5001 προσκαρτερῶν
3934 4933 4000 5001 τῇ
4041 4936 4327 5003 προσευχῇ

2746 5027 2843 5079 καὶ
2872 5027 2939 5095 τῇ
2966 5025 3172 5092 δεήσει,
3208 5023 3356 5086 ἅπαξ
3400 5022 3596 5075 ἐσθίων
3629 5022 3727 5091 τῆς
3756 5023 3995 5091 ἡμέρας,
4022 5024 4333 5092 χαμευνίαν

2746 5132 2805 5169 τε
2839 5117 2933 5168 καὶ
2972 5114 3281 5185 ἀγρυπνίαν
3312 5113 3675 5175 ἀδιαλείπτως
3704 5113 4069 5183 κεκτημένος,
4120 5114 4331 5183 ὁμοίως

2746 5206 2803 5260 δὲ
2834 5206 2927 5260 καὶ
2970 5203 3247 5258 ἀλουσίαν.
3292 5201 3723 5272 Καταλαϐούσης
3759 5203 3815 5255 δὲ
3844 5203 3945 5271 τῆς
3992 5203 4153 5269 ἁγίας
4217 5203 4331 5254 Ku-

2751 5298 2969 5369 ριακῆς,
3012 5296 3150 5365 πρὸς
3187 5295 3432 5364 ἑσπέραν
3462 5295 3808 5363 ἀνέστρεψαν
3832 5296 3880 5345 oi.
3913 5295 4142 5363 μοναχοὶ.
4171 5295 4232 5344 ὲν
4262 5297 4330 5360 τῇ

2752 5387 2884 5457 ἁγίᾳ
2913 5384 3073 5451 Σιὼν,
3096 5386 3190 5437 καὶ
3252 5384 3583 5447 εἰσελθόντες
3636 5385 3954 5453 ἠσπάσαντο
4018 5386 4111 5437 ’τὸν
4174 5385 4333 5453 ἀρχιο

2759 5538 2779 5574 ι
2820 5520 2968 5574 Abba
3001 5518 3277 5587 presbyter
3311 5515 3630 5568 venerabilis
3662 5515 3978 5587 monasterii
4013 5513 4330 5587 de__Cilieia,

2754 5591 2847 5660 qui
2878 5583 3187 5661 poni'turit't
3215 5590 3396 5661 Aquas
3429 5587 3658 5661 Salvias,
3687 5585 3831 5661 quod
3864 5586 3917 5661 in
3952 5585 4053 5637 hac
4083 5583 4337 5661 ﬂuuiana

2754 5653 2973 5716 éivitate
2996 5658 3240 5711 habitare
3268 5653 3621 5723 dignoscitur.
3665 5673 3683 5703 ι
3725 5653 3979 5721 Ejusdem
4008 5655 4336 5723 monasterii

2756 5728 3183 5785 tttrtttiuitLihcr
3212 5722 3542 5793 l'ouiilicalzs
3573 5728 3621 5777 in
3668 5724 3846 5779 Leone
3897 5724 3956 5777 Ill
4018 5727 4096 5793 (ιι.
4134 5722 4254 5789 80},
4281 5732 4340 5776 ct

2757 5801 3041 5857 Benedicto
3080 5797 3142 5851 Ill
3181 5799 3257 5866 (tt.
3290 5790 3402 5863 '34).

4521 4094 4524 4295 ι
