4524 6450
357 403 461 467 δτι

1343 405 1405 467 S.
1450 405 1824 466 GREGORII
1868 405 2372 468 AGRIGENTINI
2426 409 2615 470 VITA.

3488 411 3596 480 578

356 496 668 573 σιτίσκοπον,
695 509 878 563 λοιπὸν
904 510 960 563 δὲ
988 513 1088 563 καὶ
1113 512 1203 564 τὸν
1220 512 1519 585 Γρηγόριον
1549 533 1561 544 ·
1595 517 1721 586 ὅλην
1744 518 1802 569 δὲ
1827 518 1926 588 τὴν
1958 523 1999 576 Α
2029 520 2142 587 quiI

1827 518 1926 588 τὴν
1958 523 1999 576 Α
2029 520 2352 587 quibuscum
2395 524 2440 576 is
2471 535 2685 577 noctem
2720 525 2900 592 exegit
2937 534 3104 578 totam
3137 525 3450 594 vigilando;
3501 524 3593 576 lle-

357 609 530 651 νύκτα
554 601 669 668 μετ’
723 599 903 652 αὐτῶν
937 597 1004 670 ἦν
1053 601 1081 650 6
1121 604 1420 673 Γρηγόριος
1454 607 1682 668 ἄϋπνος,
1717 608 1921 660 κλαίων

357 694 455 743 καὶ
482 690 738 758 δεόμενος
775 691 976 756 αὐτῶν,
1009 694 1157 756 ὅπως
1188 695 1480 759 ἀνενδότως
1513 697 1760 766 εὔχονται
1783 698 1924 769 ὑπὲρ

354 781 523 832 αὐτοῦ
545 797 557 807 ·
586 780 672 834 ἴνα
691 781 870 844 καλῶς
901 783 1126 856 διανύσῃ
1141 787 1231 836 τὸν
1261 785 1460 855 δρόμον
1486 789 1585 857 τῆς
1610 791 1921 858 μετανοίας,

356 872 454 922 καὶ
468 871 671 940 ἀξιωθῇ
688 873 784 940 τῆς
805 873 1019 943 μερίδος
1036 875 1217 927 αὐτῶν
1241 877 1610 947 εὐρηθῆναιὲν
1631 883 1695 950 τῇ
1715 880 1846 948 (ροσε
1857 881 1923 949 ρᾷ

360 961 540 1031 ἡμέρᾳ
555 962 648 1014 τοῦ
678 955 883 1034 Κυρίου
917 965 1092 1035 Ἰησοῦ
1109 967 1687 1038 Χριστοῦ.ῐ“ενομένης
1700 972 1757 1023 δὲ
1784 971 1923 1040 ἡμέ-

358 1069 479 1118 ρας,
509 1048 673 1123 ἦλθον
704 1054 839 1124 πρὸς
869 1055 961 1106 τὸν
992 1055 1293 1123 ἁγιώτατον
1321 1061 1756 1129 ἀρχιεπίσκοπον
1803 1063 1922 1114 Μα-

359 1142 569 1212 κάριον,
602 1147 694 1196 καὶ
717 1145 897 1198 πεσὼν
931 1148 1083 1217 παρὰ
1116 1150 1240 1212 τοὺς
1270 1151 1437 1212 πόδας
1466 1152 1632 1204 αὐτοῦ
1661 1153 1691 1205 6
1749 1154 1923 1217 ἀσῦᾶς

357 1233 606 1299 Μάρκος,
666 1233 813 1301 λέγει
871 1237 1062 1305 αὐτῷ’
1099 1238 1265 1306 Εὗξαι
1311 1241 1451 1310 ὑπὲρ
1505 1242 1682 1308 ἡμῶν,
1743 1244 1923 1312 Πάτερ

357 1320 502 1387 ἆγιε,
534 1323 628 1375 καὶ
662 1325 983 1382 ἀπόστειλον
1014 1330 1160 1398 ἡμᾶς
1189 1329 1285 1382 τοῦ
1334 1332 1665 1402 πορευθῆναι
1717 1334 1796 1395 είς
1862 1333 1924 1385 τὸ

354 1411 594 1464 δουλικόν
627 1431 718 1467 σου
747 1418 954 1470 κελλίον
981 1419 1160 1489 ἡμῶν.
1198 1422 1256 1473 Ὀ
1297 1421 1355 1473 δὲ
1386 1421 1539 1489 ἅγιος
1570 1422 1920 1492 ἀρχιεπίσκοο

355 1519 458 1564 πος
487 1505 774 1575 Μακάριος
816 1509 1024 1571 ἐπιθεὶς
1062 1511 1142 1562 ἑνὶ
1174 1513 1388 1580 ἑκάστῳ
1425 1513 1604 1564 αὐτῶν
1639 1515 1738 1581 τὴν
1764 1515 1921 1583 χεῖρα

354 1595 450 1644 καὶ
486 1594 625 1662 ἄρας
649 1597 775 1658 τοὺς
809 1597 1126 1668 ὀφθαλμοὺς
1156 1601 1321 1654 αὐτοῦ
1346 1604 1423 1664 είς
1443 1603 1537 1653 τὸν
1568 1605 1798 1672 οὐρανὸν
1847 1599 1922 1656 εί-

353 1698 456 1734 ττεν
482 1698 496 1712 ·
550 1685 607 1736 ’0
644 1686 774 1748 Θεὸς
799 1687 827 1738 6
856 1691 1091 1758 ποιήσας
1117 1690 1207 1742 τὸν
1244 1691 1494 1760 οὐρανὸν,
1530 1692 1624 1744 καὶ
1663 1693 1761 1761 τὴν
1793 1696 1917 1762 γῆν,

352 1774 448 1826 καὶ
467 1775 568 1844 τὴν
615 1777 907 1843 θάλασσαν,
941 1783 1034 1834 καὶ
1086 1785 1259 1836 πάντα
1314 1789 1373 1836 ὲν
1403 1786 1604 1849 αὐτοῖς,
1651 1789 1680 1838 6
1744 1787 1920 1839 πάντα

351 1867 713 1937 ἐπιστάμενος
744 1875 873 1938 πρὶν
917 1875 1186 1940 γενέσεως
1219 1876 1418 1940 αὐτῶν,
1450 1877 1612 1938 αὐτὸς
1657 1876 1921 1930 διάσωσον

352 1960 590 2023 καὶτοὺς
622 1963 842 2028 σούλους
868 1982 961 2018 σου
1013 1967 1235 2031 τούτους
1270 1985 1284 1998 ο
1332 1969 1380 2021 οἳ
1439 1969 1534 2021 xui.
1580 1968 1670 2020 διὰ
1725 1969 1785 2022 τὸ
1833 1971 1923 2024 σὸν

350 2051 507 2117 ἅγιον
533 2054 702 2123 ὃνομα
735 2059 1100 2126 παρεγένοντο
1129 2060 1363 2112 ἐνταῦθα
1388 2060 1481 2113 τοῦ
1519 2060 1646 2112 tam
1681 2061 1774 2112 καὶ
1827 2078 1923 2112 πε-

352 2143 713 2210 ριπτύξασθαι
749 2150 874 2211 τοὺς
903 2151 1090 2217 ἁγίους
1120 2151 1324 2214 τόπους
1356 2153 1604 2213 τούτους,
1640 2153 1697 2204 ὲν
1729 2147 1808 2214 οἷς
1853 2153 1922 2204 τὰ

349 2234 498 2304 ὑπὲρ
530 2227 688 2305 ἡμῶν
713 2239 878 2304 ἐδέξω
908 2242 1040 2309 ἆγια
1079 2244 1379 2314 παθήματα
1409 2259 1424 2274 ⁸
1456 2246 1514 2296 οὗ
1551 2245 1709 2314 μόνον
1756 2246 1811 2298 δὲ
1841 2246 1921 2306 εἰς

349 2326 510 2379 τοῦτο
538 2330 738 2394 κόπους
769 2335 1180 2402 ὑπομείναντες,
1217 2337 1355 2391 ἀλλὰ
1388 2339 1482 2388 καὶ
1518 2338 1730 2408 καρπὸν
1774 2337 1920 2401 ἄξιον

350 2418 580 2484 ἄγοντες
611 2422 708 2489 τῆς
746 2426 1060 2491 μετανοίας,
1122 2427 1201 2496 τῷ
1226 2426 1306 2495 σῷ
1368 2430 1556 2498 κράτει
1594 2430 1691 2481 καὶ
1742 2428 1917 2499 Ἰησοῦ

347 2509 588 2579 Χριστοῦ
611 2515 1139 2584 εύπροσενὲγκαντες
1159 2521 1258 2572 τὸν
1278 2519 1462 2572 δοῦλόν
1485 2539 1577 2574 σου
1598 2521 1799 2587 τοῦτον,
1828 2523 1918 2574 τὸν

351 2608 855 2676 συμπερεστηκὸτα
890 2609 985 2660 σὺν
1002 2611 1134 2679 ἡμῖν
1164 2611 1398 2665 ἐνώπιόν
1427 2629 1519 2665 σου
1545 2631 1558 2643 ·
1592 2616 1686 2667 καὶ
1717 2615 1806 2677 δὸς
1823 2615 1916 2667 αὺ-

348 2695 464 2755 τοῖς
500 2696 555 2745 ὲν
577 2699 768 2768 εἰρήνῃ
801 2701 1151 2770 πορευθῆναι,
1179 2704 1331 2756 κατὰ
1357 2705 1419 2757 τὸ
1459 2705 1548 2757 σὺν
1600 2707 1914 2776 εὐάρεστον,

344 2784 428 2836 ὃτι
462 2787 614 2850 ἆγιος
638 2787 688 2841 εί
716 2793 795 2853 είς
823 2795 950 2854 τοὺς
972 2793 1178 2856 αἰῶνας
1207 2795 1316 2848 τῶν
1349 2795 1579 2851 αἰώνων.
1613 2801 1720 2851 Καὶ
1781 2801 1916 2850 πάν-

340 2893 455 2928 των
501 2879 670 2949 Ἀμὴν
693 2882 1112 2952 ἀποκριθέντων,
1147 2889 1534 2956 ἀσπασάμενος
1563 2890 1652 2941 τόν
1676 2906 1733 2941 τε
1763 2891 1910 2960 Μαρ-

337 2985 442 3020 τιον
472 2971 563 3022 καὶ
593 2973 914 3042 Σεραπίωνα
947 2976 1039 3027 καὶ
1069 2977 1317 3030 Λεόντιον
1346 2979 1422 3048 τῷ
1456 2979 1593 3049 ἁγίῳ
1643 2972 1910 3051 ξριλήματι

339 3058 636 3115 ἀπέλυσεν.

341 3235 952 3310 1Η’.ΕίταοΓρηγόριος
1015 3245 1325 3316 είσδραμὼν
1378 3251 1680 3321 ἐκράτησεν
1730 3253 1909 3305 αὐτῶν

335 3325 470 3385 τοὺς
500 3327 662 3388 πόδας
691 3330 889 3383 κλαίων
919 3333 1011 3384 καὶ
1043 3334 1216 3400 λέγων
1241 3353 1253 3364 ·
1301 3337 1589 3408 Ἐλεήσατε
1628 3342 1770 3406 κάμὲ
1818 3342 1908 3393 τὸν

333 3414 665 3483 ἁμαρτωλὸν
695 3421 787 3472 καὶ
816 3424 1086 3478 ταπεινόν.
1124 3427 1189 3478 Τί
1243 3429 1493 3498 etodium;
1557 3432 1708 3484 αὐτοὶ
1747 3434 1906 3500 γεγό-

335 3521 469 3556 νατε
512 3509 648 3572 μετὰ
676 3510 808 3564 Θεὸν
835 3515 1086 3581 πρόξενοι
1126 3517 1226 3585 τῆς
1283 3520 1424 3588 ἐμῆς
1461 3524 1737 3592 σωτηρίας
1772 3541 1784 3554 ·
1840 3525 1906 3578 δι’

337 3597 500 3662 ὑμῶν
524 3599 806 3670 ἐδιδάχθην
829 3605 898 3667 τᾲ
927 3605 1173 3674 σύμϐολα
1205 3610 1301 3678 τῆς
1358 3613 1571 3681 ἀγαθῆς
1608 3615 1901 3683 πολιτείας.

335 3692 388 3739 εἰ
421 3691 514 3740 καὶ
547 3692 646 3742 ούκ
685 3694 854 3762 ίαχύω
891 3698 1122 3765 φυλάξαι
1154 3715 1166 3728 ·
1215 3702 1370 3754 αὐτοὶ
1401 3703 1491 3754 τὸν
1543 3706 1675 3771 ἐμὸν
1739 3709 1894 3778 ἐπλη-

337 3781 550 3848 ρώσατε
581 3783 764 3844 πόθον,
808 3789 901 3838 καὶ
929 3789 1260 3857 πλανόμενον
1282 3793 1532 3863 εὑρόντες
1561 3798 1904 3854 ἀνεστώσατε

330 3871 448 3922 ἀπὸ
483 3871 675 3924 πολλοῦ
708 3875 975 3940 κλύδωνος
1000 3881 1082 3942 είς
1116 3881 1308 3951 λιμένα
1327 3883 1520 3940 εὖδιον.
1552 3887 1617 3939 Τί
1648 3891 1860 3959 ποιήσω
1886 3910 1898 3956 ;

330 3961 454 4022 πῶς
485 3963 637 4029 ὑμῶν
671 3967 944 4034 χωρισθῶ,
975 3971 1183 4038 Πάτρες
1204 3973 1298 4025 καὶ
1345 3974 1601 4043 ἀδελφοίς
1668 3979 1770 4032 ποῦ
1836 4000 1900 4050 με

326 4054 698 4117 παρα-τίθεσθε
733 4057 886 4125 ὑμῶν
924 4065 1306 4131 πορευομένων
1330 4107 1342 4125 ,
1364 4066 1546 4136 κύριοί
1599 4087 1736 4138 μους
1771 4070 1902 4126 Εἶτα

330 4144 477 4208 μετὰ
507 4143 679 4198 ταῦτα
708 4148 854 4212 λέγει
885 4151 1032 4220 αὐτῷ
1071 4155 1099 4204 6
1127 4154 1299 4217 ά66ἄς
1330 4174 1343 4186 ·
1377 4159 1466 4227 Μὴ
1495 4160 1667 4223 οὕτως
1704 4165 1902 4218 ἀπολοο

327 4233 780 4300 φύρονηέκνον·
837 4244 1254 4312 παρατιθέμεθά
1308 4265 1366 4300 σε
1428 4253 1506 4312 είς
1567 4254 1660 4304 τὸν
1696 4256 1899 4325 Κύριον

338 4325 549 4390 Ἰησοῦν
577 4329 807 4396 Χριστὸν
837 4332 928 4383 τὸν
967 4334 1088 4387 Tib-1
1120 4337 1212 4389 τοῦ
1253 4338 1386 4393 Θεοῦ
1417 4343 1510 4394 τοῦ
1565 4343 1794 4409 ζῶντος,
1839 4349 1896 4400 ὃν

322 4416 526 4482 ᾑρήσω
557 4419 617 4469 ἐκ
651 4420 900 4473 παιδύθεν
939 4441 1054 4486 σου,
1106 4427 1196 4478 τὸν
1236 4430 1543 4486 καλέσαντα
1599 4452 1656 4487 σε
1710 4438 1899 4502 κλήσει

324 4506 485 4574 ἁγίᾳ,
516 4507 589 4567 ὡς
629 4511 755 4562 ποτὲ
781 4512 870 4564 τὸν
902 4516 1186 4586 προφήτην
1216 4520 1468 4591 Σαμουὴλ
1500 4525 1594 4575 ἐπὶ
1623 4526 1718 4578 τοῦ
1756 4527 1898 4595 Ἠλὶ,

323 4597 428 4647 καὶ
459 4598 787 4666 συνάριθμον
819 4602 1010 4671 ἔχοντα
1047 4607 1139 4659 τοῦ
1172 4610 1335 4677 χοροῦ
1366 4611 1474 4664 τῶν
1533 4615 1706 4681 ἁγίων
1769 4636 1904 4687 προ-

324 4686 538 4750 φητῶν,
574 4687 759 4740 λοιπὸν
810 4691 865 4743 δὲ
934 4694 1028 4746 καὶ
1088 4699 1166 4758 είς
1214 4699 1304 4751 τὸν
1365 4703 1543 4754 κοινὸν
1601 4707 1757 4774 ἡμῶν
1813 4686 1905 4762 καὶ

323 4780 701 4845 πνευματικὸν
731 4781 885 4849 ἡμῶν
911 4787 1127 4855 Πατέρα
1157 4790 1248 4842 τὸν
1297 4793 1452 4858 ἅγιον
1497 4796 1784 4868 Μακάριον
1814 4801 1903 4854 τὸν

317 4870 777 4964 (aggestis-7.0mm
810 4875 899 4927 τὸν
914 4877 1122 4945 ’ἔχοντα
1148 4881 1419 4952 διοικῆσαι
1446 4886 1515 4938 τὰ
1538 4891 1679 4942 κατὰ
1717 4891 1773 4944 σὲ
1803 4894 1901 4964 οἴῳ

545 4959 729 5050 τρόπῳ
757 4963 966 5030 ἀγατιῷ.
985 4967 1092 5018 Καὶ
1110 4971 1388 5039 κρατήσας
1407 4975 1570 5026 αὑτὸν
1588 4978 1686 5047 τῆς
1718 4956 1901 5050 χειρὸς

321 5045 552 5114 εῤῥιψεν
581 5049 739 5100 αὑτὸν
769 5050 794 5101 6
823 5051 998 5114 ἀδεεῖς
1028 5057 1249 5119 είςτοῦς
1274 5060 1438 5123 πόδας
1460 5064 1551 5114 τοῦ
1575 5045 1749 5134 ἁγίου
1785 5045 1901 5122 Μαι

319 5138 525 5225 καρίου
557 5138 730 5206 λέγων
748 5156 762 5167 ·
795 5145 977 5214 Πάτερ
998 5148 1316 5213 τιμιώτατε,
1349 5155 1444 5204 καὶ
1472 5149 1627 5220 οὗτος
1655 5161 1750 5212 σὺν
1773 5163 1902 5231 ἡμῖν

323 5228 391 5305 ἐκ
448 5228 544 5294 τῆς
602 5231 839 5300 ποίμνης
883 5234 978 5300 τῆς
1011 5236 1306 5308 καθολικῆς
1349 5242 1670 5314 Ἐκκλησίας
1712 5228 1859 5303 ἐστίν
1886 5267 1898 5279 '

325 5315 517 5382 μέλλει
550 5317 658 5386 γὰρ
686 5321 778 5370 καὶ
809 5320 972 5384 αὐτὸς
1001 5324 1123 5387 τοὺς
1152 5328 1343 5393 οἴακας
1365 5330 1614 5400 δέχεσθαι
1645 5338 1743 5405 τῆς
1778 5340 1900 5393 Ἐκ-

320 5405 582 5496 κλησίας,
611 5410 799 5478 καὶτῷ
830 5413 1075 5482 πηδαλίῳ
1105 5417 1202 5487 τῆς
1222 5418 1565 5487 διδασκαλίας
1599 5444 1899 5496 πνευματι-

319 5494 410 5562 κῷ
447 5497 718 5570 κυϐερνᾷν
769 5503 936 5574 αὐτὴν
981 5505 1278 5576 ἀλώὸητον.
1323 5511 1462 5565 Ἀλλ’
1489 5516 1671 5580 αὐτὸς,
1718 5494 1898 5592 Πάτερ

318 5588 511 5658 ἡμῶν,
544 5593 637 5643 καὶ
665 5594 856 5648 τούτου
889 5599 1170 5667 φρόντισον
1201 5604 1299 5673 τῆς
1331 5605 1506 5676 ψυχῆς
1542 5609 1636 5662 τοῦ
1666 5588 1896 5678 κάλλους

315 5680 498 5734 αὐτοῦ
523 5685 622 5751 τὴν
644 5686 975 5756 εὐπρέπειαν
1000 5693 1084 5744 ἀεὶ
1116 5694 1374 5766 λαμπρὰν
1403 5699 1674 5769 διαμεῖναι
1698 5706 1792 5756 τοῦ
1821 5708 1894 5778 μὴ

326 5772 672 5842 σπιλωθῆναι
701 5778 870 5848 αὐτὴν
911 5781 986 5850 τῷ
1031 5783 1204 5854 σπίλῳ
1232 5787 1326 5855 τῆς
1359 5793 1554 5860 νεαρᾶς
1586 5794 1747 5846 αὑτοῦ

1938 3180 1980 3238 C

1937 4482 1977 4532 D

2027 612 2118 665 bat
2145 625 2348 675 autem.
2379 631 2582 682 eosque
2624 616 2918 670 identidem
2977 623 3222 685 rogabat.
3280 627 3339 670 ut
3404 631 3595 686 preces

2024 718 2361 772 semperpro
2410 721 2468 759 se
2499 707 2806 768 funderent.
2840 722 2948 776 quo
3019 710 3355 775 pmuitentia‘.
3417 709 3596 761 curri-

2025 795 2206 847 culum
2237 804 2379 848 recte
2421 796 2641 860 laceret.
2676 813 2738 852 ac
2769 799 2966 869 dignus
3013 799 3322 856 haberetur.
3383 801 3476 868 qui
3528 801 3584 854 in

2025 887 2307 938 tremendo
2343 887 2554 941 Domini
2602 887 2729 942 Jesu
2754 891 2955 944 Christi
2996 891 3084 942 die
3145 908 3239 959 par
3291 907 3414 945 cum
3463 893 3595 960 ipsis

2023 976 2306 1043 praemium
2346 979 2591 1032 referret.
2630 978 2698 1032 Ut
2755 996 2884 1033 vero
2926 983 3125 1044 illuxit.
3185 984 3593 1036 sancuissimum

2022 1067 2492 1138 archiepiscopum
2525 1071 2690 1124 simul
2723 1072 3014 1128 adierunt:
3049 1074 3234 1142 ibique
3264 1075 3432 1126 abbas
3456 1074 3595 1126 Mar-

2024 1173 2141 1221 cus,
2173 1175 2297 1214 cum
2329 1163 2395 1213 ad
2430 1161 2594 1229 pedes
2631 1164 2751 1232 ejus
2781 1165 3108 1232 prouidisset
3143 1205 3156 1227 .
3196 1164 3358 1225 Bene.
3393 1166 3592 1231 inquit,

2024 1264 2244 1317 precare
2286 1251 2464 1312 nobis.
2499 1252 2657 1306 Pater
2696 1266 2904 1312 sancte.
2959 1265 3012 1308 et
3073 1256 3138 1308 ad
3198 1257 3591 1309 moiiastei-ium

2024 1352 2288 1404 nostrum.
2312 1343 2456 1410 quod
2487 1346 2580 1397 tibi
2613 1361 2826 1412 semper
2843 1346 3116 1399 addictum
3156 1347 3279 1411 erit,
3314 1362 3414 1401 nos
3444 1348 3595 1401 abire

2024 1432 2364 1499 permitte.At
2380 1447 2599 1489 sanctus
2615 1436 3077 1505 archiepiscopus.
3094 1454 3214 1490 cum
3245 1453 3463 1491 manum
3487 1440 3597 1492 sin-

2023 1522 2160 1589 gulis
2196 1522 2562 1592 im‘posuisset.
2606 1528 2832 1580 sublatis
2877 1527 2928 1580 in
2974 1528 3169 1580 caelum
3199 1530 3393 1590 oculis.
3417 1529 3589 1584 dixit:

2012 1612 2293 1682 ‘Deus.qui
2336 1619 2535 1671 coelum
2565 1618 2736 1673 fecisti
2775 1631 2827 1674 et
2857 1629 3152 1684 terram,et
3198 1638 3368 1684 mare,
3391 1631 3444 1676 et
3473 1638 3594 1691 qua:

2025 1704 2077 1756 in
2107 1705 2188 1757 his
2216 1710 2559 1770 suntomnia,
2585 1711 2675 1775 qui
2696 1712 2949 1763 universa
2971 1713 3135 1774 nosti,
3158 1715 3477 1782 priusquam
3500 1731 3592 1767 es-

2023 1806 2163 1858 sent.
2195 1807 2250 1850 tu
2272 1798 2413 1852 idem
2444 1808 2701 1855 etservos
2730 1803 2895 1855 hosce
2914 1812 3038 1856 tuos
3067 1803 3367 1858 incolumes
3393 1820 3546 1857 serva
3575 1823 3588 1858 :

2023 1890 2221 1956 quippe
2244 1890 2334 1956 qui
2366 1893 2537 1944 sancti
2571 1894 2810 1948 nominis
2842 1896 2917 1947 tui
2969 1911 3135 1949 causa
3190 1897 3297 1949 huc
3349 1896 3590 1949 advene~

2023 1989 2150 2033 runt
2188 1982 2255 2034 ad
2277 1993 2463 2036 sancta
2491 1984 2603 2038 haec
2634 1985 2749 2039 luca
2777 1987 3059 2040 inviscmla
3079 1997 3243 2055 atque
3274 1987 3592 2055 amplexan-

2022 2073 2110 2138 da,
2147 2073 2200 2126 in
2239 2075 2439 2143 quibus
2474 2077 2588 2144 ipse
2611 2078 2878 2131 salutares
2933 2080 3210 2132 cruciatus
3272 2093 3372 2146 pro
3420 2080 3582 2133 nobis

2022 2167 2264 2221 tolerasti
2298 2187 2311 2222 :
2346 2183 2519 2237 neque
2545 2169 2723 2224 solum
2750 2171 2819 2224 ob
2852 2171 2902 2224 id
2939 2173 3154 2226 labores
3173 2173 3411 2241 perpessi
3439 2184 3589 2234 sunt.

2021 2261 2116 2315 sed
2152 2262 2474 2330 praclarum
2528 2280 2752 2332 quoque
2781 2265 2996 2334 pietatis
3034 2282 3147 2321 suae
3187 2267 3423 2322 fructum
3484 2268 3589 2321 ob-

2023 2351 2286 2413 tulerunt.
2317 2369 2533 2408 servum
2568 2355 2712 2409 hunc
2739 2364 2913 2421 tuum,
2965 2358 3056 2424 qui
3092 2357 3376 2412 nobiscum
3443 2369 3586 2413 astat

2019 2456 2206 2496 coram
2234 2453 2308 2505 te.
2341 2444 2460 2508 tibi,
2489 2443 2674 2503 Pater.
2701 2455 2747 2498 el
2781 2444 2920 2498 Filio
2955 2455 3047 2499 tuo
3070 2444 3197 2502 Jesu
3215 2447 3433 2502 Christo
3456 2463 3589 2501 con-

2019 2546 2300 2591 secrantes
2330 2554 2345 2590 :
2378 2537 2463 2592 bis
2496 2539 2584 2601 da.
2618 2549 2674 2592 ιιι
2705 2540 2756 2592 in
2780 2555 2911 2608 pare
2935 2539 3374 2607 proﬁciscantur,
3405 2556 3588 2607 quem-

2019 2626 2310 2681 admodum
2354 2629 2447 2682 tibi
2486 2640 2768 2698 aeceptum
2800 2639 2902 2694 est.
2941 2632 3033 2700 qui
3073 2641 3295 2686 sanctus
3320 2646 3379 2685 es
3405 2632 3458 2684 in
3484 2646 3589 2686 sae-

2019 2717 2138 2770 cula
2193 2719 2546 2772 saeculorum.
2607 2721 2853 2789 Cumque
2910 2736 3102 2776 omnes
3157 2722 3584 2789 respondissent.

2016 2809 2209 2874 Amen,
2247 2807 2489 2862 Marcum
2522 2819 2577 2864 et
2605 2809 2958 2882 Serapionem
2997 2823 3048 2867 et
3077 2811 3364 2866 Lemnium
3387 2823 3584 2867 sancte

2016 2901 2361 2954 deosculatus
2387 2903 2610 2957 dimisit.

2087 3245 2274 3300 XVIII.
2319 3247 2383 3300 At
2413 3263 2540 3301 vero
2566 3247 2862 3318 Gregorius
2912 3265 3231 3311 accurrens.
3261 3250 3578 3304 abonntinm

2014 3341 2178 3408 pedes
2210 3350 2410 3402 tenere.
2455 3356 2660 3409 eosque
2695 3340 2829 3396 ﬂens
2870 3343 2922 3395 in
2951 3343 3097 3397 hunc
3132 3343 3351 3396 modum
3387 3341 3578 3395 affari:

2013 3429 2230 3484 Nihilne
2287 3431 2527 3486 hominis
2555 3432 2768 3486 scelesti
2806 3432 3114 3502 abjectiqne
3148 3449 3246 3488 vos
3314 3433 3584 3486 miseret?

2013 3521 2150 3587 Quid
2179 3522 2289 3590 jam
2310 3521 2514 3575 faciam
2547 3523 2571 3575 ?
2602 3524 2709 3576 Vos
2743 3525 2872 3576 mihi
2901 3534 3023 3592 post
3051 3523 3215 3578 Deum
3233 3525 3424 3578 salutis
3450 3539 3583 3577 mea:

2012 3622 2262 3667 auctores
2302 3611 2518 3667 fuistis:
2554 3630 2582 3668 a
2614 3614 2771 3668 vobis
2802 3616 3076 3683 religiosa!
3124 3617 3249 3668 vitae
3304 3615 3577 3680 instituta,

2012 3720 2322 3773 quanquam
2367 3722 2584 3760 servare
2619 3707 2826 3771 nescio.
2855 3708 3082 3762 edoctus
3116 3723 3237 3761 sum
3269 3726 3284 3762 :
3339 3723 3439 3761 vos
3485 3708 3581 3761 de-

2013 3797 2270 3850 siderium
2309 3813 2485 3853 meum
2521 3799 2858 3865 explevislis,
2887 3807 2942 3853 et
2984 3815 3146 3867 quem
3176 3807 3450 3852 errantem
3495 3799 3580 3852 inc

2010 3870 2299 3953 veneraiis,
2332 3891 2544 3958 magnis
2569 3906 2600 3943 e
2644 3890 2900 3944 ﬂuctibus
2935 3890 3290 3958 tranQuiIlum
3356 3889 3410 3945 in
3448 3905 3580 3960 por-

2011 3986 2122 4029 tum
2163 3977 2494 4045 conjecislis.
2528 3977 2668 4043 Quid
2697 3979 2933 4034 faciam?
2956 3981 3232 4049 quomodo
3267 3995 3297 4033 a
3337 3981 3510 4042 vobis,
3545 3995 3596 4034 o-

2007 4067 2194 4120 Patres
2224 4067 2553 4135 Iratresque,
2584 4069 2844 4122 dividar?
2894 4070 3006 4131 ubi.
3043 4070 3197 4124 vobis
3228 4070 3575 4133 abeuntibus,

2009 4159 2212 4211 domini
2251 4159 2377 4220 mei,
2411 4176 2495 4213 me
2524 4161 2869 4227 relinquitis?
2910 4161 3173 4228 Postquaa
3208 4162 3378 4216 abbas
3405 4162 3580 4215 inter-

2008 4249 2252 4317 pellans:
2299 4248 2539 4314 Plorare,
2576 4253 2771 4320 inquit.
2802 4251 3012 4313 desine,
3051 4253 3149 4316 Iili.
3187 4254 3419 4306 Domino
3444 4252 3573 4307 Jesu

2007 4339 2225 4394 Christo
2275 4340 2411 4394 Filio
2469 4341 2560 4394 Dei
2603 4343 2831 4396 virentis
2895 4353 2947 4397 te
3008 4359 3108 4398 nos
3156 4345 3575 4409 committimus,

2007 4447 2162 4498 quem
2191 4449 2220 4485 a
2246 4433 2472 4500 pueritia
2495 4433 2605 4500 jam
2641 4443 2753 4487 tum
2780 4438 3115 4503 praeoptasti,
3168 4452 3290 4490 cum
3327 4448 3378 4491 te
3413 4453 3577 4491 voea-

2011 4526 2155 4577 tione
2186 4533 2393 4588 sancta,
2429 4535 2484 4577 ιιι
2509 4525 2635 4577 olim
2669 4529 2770 4579 sub
2826 4527 2946 4581 IIeli
2988 4527 3297 4581 Samnelem
3340 4532 3573 4598 prOpbe-

2008 4626 2138 4678 tam,
2171 4616 2401 4678 vocaxit.
2448 4625 2501 4668 et
2540 4616 2594 4668 in
2648 4627 2962 4671 sanctorum
3017 4621 3409 4688 prophetarum
3472 4637 3578 4674 nn-

2007 4721 2157 4759 mero
2198 4705 2427 4759 habuit:
2478 4714 2592 4757 tum
2659 4707 2938 4760 communi
2998 4716 3190 4762 nostro
3253 4709 3462 4777 parenti
3523 4718 3579 4763 et

2006 4797 2266 4850 virtutum
2300 4797 2540 4851 omnium
2588 4798 2848 4866 magistro
2883 4809 3073 4852 sancto
3132 4800 3573 4869 archiepiscopo.

2005 4889 2096 4957 qui
2138 4903 2221 4941 res
2262 4897 2381 4941 tuas
2418 4902 2483 4941 eo
2515 4889 2746 4943 consilio
2771 4901 2935 4958 atque
2964 4891 3130 4944 modo
3159 4890 3392 4954 curabit.
3463 4908 3576 4960 quo

2006 4995 2101 5032 sua
2135 4989 2306 5033 curat.
2339 4979 2722 5049 Prehensaque
2763 4997 2925 5033 manu
2954 4982 3097 5048 ejus,
3134 4981 3200 5035 ad
3269 4983 3439 5036 sancti
3474 4983 3574 5036 viri

2004 5069 2166 5135 pedes
2191 5070 2359 5121 abbas
2377 5071 2660 5136 pertraxit,
2684 5079 2737 5122 et
2763 5111 2777 5133 .
2810 5068 2854 5123 0
2879 5070 3061 5133 Pater.
3097 5071 3296 5139 inquit,
3313 5071 3576 5126 charissi-

2007 5176 2108 5226 οισι,
2149 5159 2336 5231 [xxxv]
2372 5162 2460 5215 hic
2483 5161 2672 5226 etiam.
2700 5174 2758 5216 ut
2777 5179 2897 5224 nos.
2926 5163 2990 5217 de
3006 5164 3293 5218 catholicae
3321 5164 3576 5219 Ecclesia

2003 5268 2161 5323 grege
2209 5263 2291 5306 est
2325 5272 2337 5307 :
2371 5255 2464 5322 qni
2505 5254 2670 5307 etiam
2708 5255 3004 5324 aliquando
3048 5255 3423 5324 gubernacula
3468 5255 3575 5310 Eo-

2002 5346 2180 5399 clesiaa
2212 5346 2485 5406 tractabit.
2536 5355 2590 5400 ct
2635 5347 2901 5401 doctrina:
2932 5357 3192 5416 tanquam
3241 5348 3453 5403 clavum
3497 5357 3576 5403 tc-

2003 5452 2156 5501 nens.
2187 5446 2360 5493 tutam
2395 5448 2447 5492 et
2475 5437 2668 5493 fraude
2697 5439 2997 5492 immunem
3039 5456 3160 5493 eam
3214 5439 3568 5494 administra-

2000 5528 2098 5581 bit.
2131 5527 2200 5582 Δι
2239 5537 2293 5581 ιιι
2325 5528 2463 5596 ipse,
2499 5548 2531 5581 ι)
2561 5531 2722 5583 Pater
2758 5532 3091 5595 communis,
3146 5546 3330 5586 curam
3379 5531 3566 5585 adole-

2003 5620 2172 5674 scenti
2204 5620 2420 5683 adhibe,
2471 5631 2530 5674 ut
2561 5623 2654 5689 qui
2714 5639 2857 5676 nunc
2908 5633 2991 5678 est
3017 5624 3183 5676 animi
3212 5624 3332 5692 ejus
3361 5623 3573 5679 candor

2003 5726 2065 5764 ac
2117 5712 2344 5779 puritas.
2396 5714 2526 5766 nihil
2560 5729 2802 5781 unquam
2854 5716 2919 5767 de
2955 5715 3244 5783 splendore
3295 5715 3561 5779 remittat,

2003 5812 2089 5857 aut
2116 5805 2276 5857 ullam
2302 5821 2362 5858 ex
2395 5806 2620 5874 juvenili
2650 5817 2804 5861 aetate
2829 5810 3099 5862 maeulam
3127 5807 3428 5878 suscipiat;
3457 5807 3568 5864 ιιιίι
