4524 6450
324 393 421 460 581

1331 389 1387 447 S.
1418 386 1792 447 GREGORII
1824 386 2331 449 AGRIGENTINI
2382 387 2573 446 V'l‘l‘A-

3480 388 3583 449 58!

327 510 565 565 ὴντησαν
598 500 657 553 ὲν
687 494 909 566 Σικελίᾳ
939 495 1048 555 τοῖς
1084 492 1304 561 μέρεσιν
1341 492 1439 558 τῆς
1475 491 1813 554 Πλινθιάδος,
1850 493 1907 543 ἐν
1938 496 1980 547 Α
2012 493 2113 546 lcet

1799 531 1813 553 ,
1850 493 1907 543 ἐν
1938 496 1980 547 Α
2012 493 2151 557 loco,
2186 509 2346 563 quem
2374 489 2747 546 l‘assarariam
2805 488 3077 557 appellant
3111 508 3123 543 :
3154 499 3315 561 atque
3347 491 3459 548 illir
3487 513 3584 551 na-

321 597 474 659 τόπῳ
510 588 789 657 λεγομένῳ
826 584 1235 654 Πασσαραρίας,
1279 584 1497 635 κάκεῖσε
1545 582 1798 650 ἐποίησεν
1842 581 1901 633 τὸ

330 686 536 748 σκάφος
564 679 777 750 ἡμέρας
810 677 1019 743 ὀλίγας.
1045 674 1213 727 Πάλιν
1242 674 1540 742 γενομένης
1568 661 1767 743 ὅρμῆς,
1797 675 1902 725 ὰπ-

328 773 610 840 εκίνησαν,
637 773 732 823 καὶ
755 766 914 839 ἦλθον
945 752 1135 826 ἐντοῖς
1167 765 1389 835 μέρεσιν
1438 765 1810 834 Ἀκραγάντου
1846 767 1902 815 ἐν

328 863 407 931 τῷ
432 860 660 928 ποταμῷ
684 861 762 922 εἰς
786 858 846 909 τὸ
868 875 932 909 πε
946 857 996 927 ρὶ
1014 856 1166 906 πόλιν
1187 855 1245 906 τὸ
1267 854 1558 922 λεγόμενον
1586 853 1902 922 Ἐμπόριον.

326 956 439 1007 Καὶ
471 952 777 1015 ἐξελθόντες
809 951 856 1001 οἱ
893 948 1116 1017 μοναχοὶ
1159 947 1223 997 ὲκ
1255 944 1349 997 τοῦ
1391 945 1632 1011 σκάφους
1664 942 1905 1011 ἀπῆλθον

329 1048 388 1096 ἐν
414 1044 491 1114 τῷ
529 1040 874 1113 μοναστηρίῳ
914 1040 991 1107 τῷ
1034 1038 1147 1089 δντι
1176 1040 1376 1099 ἐκεῖσε,
1410 1036 1506 1087 καὶ
1538 1035 1901 1105 κρούσαντες·

328 1139 358 1189 ὁ
387 1136 630 1205 θυρωρὸς
659 1134 713 1185 δὲ
742 1132 1035 1201 ὲσαφήνισε
1073 1128 1150 1198 τῷ
1181 1127 1467 1199 ἡγουμένῳ
1496 1127 1669 1191 λέγων
1688 1142 1702 1154 ’
1726 1126 1907 1180 Μονα-

329 1226 417 1297 χοῑ
445 1244 589 1289 τινες
621 1225 813 1293 ἄνδρες
837 1221 1190 1290 πνευματικοί
1216 1223 1350 1270 εἰσιν
1379 1217 1501 1284 ἔξω,
1528 1217 1619 1269 καὶ
1647 1216 1865 1283 λέγουσι
1890 1232 1903 1246 ·

328 1321 624 1387 Συντυχεῖν
661 1316 887 1382 θέλομεν
939 1313 1017 1383 τῷ
1062 1312 1370 1382 ἡγουμένῳ.
1415 1312 1471 1362 Ὀ
1505 1308 1561 1361 δὲ
1608 1308 1908 1376 ἡγούμενος

332 1411 593 1472 ἀκούσας,
632 1405 910 1462 κατελθὼν
963 1396 1293 1474 συνήντησεν
1338 1404 1522 1464 αὐτοῖς
1564 1403 1622 1453 ἐν
1655 1403 1720 1470 τῇ
1768 1400 1906 1470 αὐλῇ

329 1505 427 1558 τοῦ
482 1500 883 1573 μοναστηρίου·
936 1499 1033 1551 καὶ
1075 1498 1398 1566 ποιήσαντες
1444 1493 1693 1563 ἀλλήλοις
1745 1492 1911 1561 μετὰ-

330 1614 505 1659 νοιαν,
534 1596 826 1665 εἰσήγαγεν
851 1592 1047 1653 αὐτοὺς
1080 1593 1137 1641 ἐν
1176 1592 1241 1659 τῇ
1283 1586 1578 1656 ἐκκλησίᾳ.
1612 1585 1723 1638 Kal.
1754 1584 1911 1648 εὐξά-

334 1708 512 1760 μενοι,
541 1687 927 1759 ὲκαθήσθησαν
957 1687 986 1739 ὃ
1010 1702 1067 1736 τε
1098 1684 1272 1743 assa;
1302 1684 1396 1736 καὶ
1427 1684 1455 1734 ὁ
1488 1677 1909 1754 ἡγούμενοςτοῦ

336 1781 726 1852 μοναστηρίου,
777 1781 825 1831 οἱ
861 1779 917 1831 δὲ
974 1776 1067 1828 δύο
1118 1777 1558 1846 παρεστήκεισαν
1589 1773 1756 1841 αὐτῷ.
1801 1771 1911 1824 Καὶ

2004 584 2085 638 vis
2118 586 2237 640 dies
2270 586 2482 651 aliquot
2516 582 2778 636 substitit.
2812 582 2929 635 Mox
2972 584 3165 637 itinere
3222 597 3449 649 repettto
3471 592 3581 646 sol-t

2005 688 2224 737 verunt,
2260 688 2422 744 atque
2472 664 2822 742 Agtigentum
2881 690 3184 738 accessere,
3230 676 3452 729 ﬂuvium
3508 683 3586 731 in-

2006 769 2198 835 gressi,
2254 768 2349 835 qui
2407 766 2731 818 suout-Itium
2800 766 3065 829 interluit,
3128 768 3215 820 cui
3269 766 3584 838 Emporium

2005 874 2203 913 nomen
2231 867 2332 911 est.
2370 855 2467 909 llic
2502 872 2634 907 nave
2667 858 2874 920 relicta,
2907 856 2973 908 ad
3004 862 3417 917 tues‘asterium.
3442 863 3591 930 quod

2008 950 2117 1004 illic
2138 960 2242 1013 est,
2277 964 2335 1001 se
2386 947 2736 1002 Contulerunt
2792 947 2900 1015 (89)
2933 966 2946 1002 :
2973 966 3114 1018 quos
3143 952 3343 1004 ostium
3370 956 3590 1021 pulsau-

2013 1051 2094 1095 tes
2130 1051 2186 1093 ιιι
2222 1040 2357 1092 vidit
2401 1040 2625 1107 janitor,
2667 1040 2849 1092 retulit
2906 1044 2969 1092 ad
3033 1041 3345 1109 pru'feclum
3405 1061 3591 1100 mona-

2006 1132 2453 1188 chosadvenisse
2480 1132 2770 1200 quosdam,
2789 1132 2933 1186 viros
2952 1134 3310 1193 venerabiles.
3332 1138 3423 1203 qui
3448 1140 3591 1190 dice-

2006 1232 2144 1285 rent,
2180 1236 2237 1273 se
2278 1236 2399 1273 t-um
2431 1220 2686 1289 praelecto
2725 1221 2962 1289 colloqui
3019 1225 3172 1275 velle.
3222 1224 3314 1276 llle
3348 1226 3585 1278 admoni-

2009 1325 2117 1377 tus,
2142 1316 2191 1366 in
2235 1315 2415 1367 aulam
2450 1314 2768 1367 monasterii
2808 1315 3021 1367 obviam
3062 1317 3169 1369 illis
3200 1318 3513 1385 descendit,
3538 1329 3591 1372 et

2009 1407 2183 1459 salute
2213 1406 2445 1458 invicem
2476 1405 2640 1469 dicta,
2675 1406 2726 1458 in
2761 1406 3019 1473 templum
3050 1408 3292 1460 deduxit.
3329 1408 3589 1462 Precibus

2008 1498 2230 1550 demum
2272 1497 2529 1564 peractis,
2568 1497 2737 1549 abbas
2771 1496 2930 1549 simul
2986 1508 3041 1571 et
3078 1498 3364 1565 praefectus
3399 1516 3585 1553 conse-

2011 1588 2230 1651 derunt,
2274 1587 2382 1639 duo
2421 1588 2615 1655 reliqui
2651 1588 2716 1640 ad
2756 1586 2921 1656 hujus
2969 1589 3139 1641 lateta
3199 1592 3445 1643 astitrre.
3502 1590 3593 1644 Sic

2010 1692 2141 1731 vero
2184 1676 2351 1730 abbas
2397 1678 2710 1744 pru'fectum
2758 1678 3077 1744 appellans,
3142 1675 3464 1740 Quomodo,
3506 1676 3591 1730 in—

2012 1766 2151 1835 quit,
2188 1776 2237 1820 te
2279 1765 2468 1826 habes,
2504 1765 2725 1817 domine
2757 1765 2893 1816 abba
2927 1763 3130 1816 Paule?
3158 1763 3249 1816 llle
3278 1778 3590 1833 assurgens,

333 1875 485 1940 λέγει
506 1875 533 1926 6
554 1871 729 1929 ἀῦϐἄς
754 1869 831 1939 τῷ
874 1866 1164 1938 ἡγουμένῳ
1190 1879 1203 1892 ·
1238 1865 1361 1928 Πῶς
1399 1866 1561 1935 ἔχεις,
1598 1863 1726 1935 κύρι
1766 1861 1909 1916 ἀ66ᾶ
1942 1857 1981 1911 Β
2011 1873 2110 1911 nec

1804 1861 1909 1914 66d
1942 1857 1981 1911 Β
2011 1873 2110 1911 nec
2137 1871 2326 1926 parum
2355 1856 2421 1908 de
2445 1854 2681 1907 nominis
2702 1856 2783 1908 sui
2824 1853 3188 1922 appellatione
3209 1852 3549 1921 stupefactus
3575 1893 3590 1916 ,

336 1966 517 2019 Παῦλε
542 1981 557 2029 ;
598 1964 657 2015 '0
681 1961 739 2014 δὲ
761 1960 997 2022 ἀναστὰς
1021 1959 1115 2012 καὶ
1141 1961 1197 2009 ἐν
1220 1958 1472 2011 ἐκστάσει
1500 1956 1787 2025 γενόμενος
1816 1954 1909 2006 ἐπὶ

336 2059 403 2127 τῇ
438 2055 628 2124 κλήσει
659 2051 752 2104 τοῦ
787 2050 1048 2119 ὀνόματος
1090 2047 1276 2109 αὑτοῦ,
1313 2047 1458 2114 λέγει
1492 2045 1670 2114 αὐτῷ·
1716 2041 1909 2106 Καλῶς

334 2148 429 2200 δὴ
459 2145 553 2199 τοῦ
582 2144 738 2207 Θεοῦ,
768 2143 970 2211 Πάτερ,
1008 2140 1105 2193 καὶ
1140 2137 1226 2191 διὰ
1249 2140 1357 2192 τῶν
1386 2138 1560 2208 εὐχῶν
1602 2156 1716 2191 σου.
1749 2138 1911 2203 Λέγει

336 2237 491 2307 αὐτῷ
533 2235 694 2289 πάλιν
736 2236 764 2288 6
805 2233 1009 2295 ἀὸὁᾶς·
1046 2232 1167 2293 Πῶς
1218 2232 1327 2302 ἔχει
1368 2232 1395 2283 6
1437 2228 1725 2291 ὁσιώτατος
1756 2218 1912 2298 κύρις

338 2328 631 2397 Ποταμίων
654 2328 681 2378 6
702 2326 995 2384 ἐπίσκοπος
1015 2325 1041 2376 6
1069 2324 1241 2385 κοινὸς
1272 2323 1426 2392 ἡμῶν
1449 2324 1667 2392 Πατήρς
1697 2321 1803 2373 Kal.
1830 2320 1914 2372 λέ-

337 2437 427 2487 γει
458 2418 605 2487 αὑτῷ
627 2434 641 2449 ο
680 2415 877 2479 Καλῶς
905 2415 990 2468 διὰ
1028 2418 1125 2485 τῆς
1163 2414 1256 2466 τοῦ
1287 2406 1519 2484 Χριστοῦ
1555 2411 1912 2481 ἀντιλήψεως,

339 2515 438 2568 καὶ
480 2514 545 2567 δι’
570 2512 745 2584 εὐχῶν
796 2529 907 2573 σου,
942 2513 1123 2582 Πάτερ
1151 2509 1467 2581 τιμιώτατε.
1510 2511 1671 2576 Λέγει
1703 2508 1852 2577 αὑτῴ
1888 2510 1916 2561 6

340 2606 518 2670 ἁὸὁᾶς
541 2623 554 2635 ·
583 2604 961 2673 Εὐλογημένος
994 2602 1021 2654 6
1053 2602 1338 2672 ἄνθρωπος
1366 2604 1572 2663 ἐκεῖνος
1601 2599 1677 2669 τῷ
1705 2599 1912 2669 Κυρίῳ.

339 2697 741 2769 Προσελθόντες
769 2697 825 2748 δὲ
870 2696 919 2747 οἱ
949 2685 1166 2763 ἀδελφοὶ
1192 2692 1285 2745 τοῦ
1320 2692 1708 2763 μοναστηρὲου,
1740 2690 1920 2760 ἦσπά-

340 2806 513 2841 dav-:0
546 2790 762 2851 αὐτοὺς,
796 2788 888 2839 καὶ
920 2785 1257 2855 ζητήσαντες
1299 2784 1531 2849 κελλίσν,
1575 2784 1774 2837 ἔδωκεν
1821 2784 1919 2836 a6-

340 2883 457 2943 τοῖς
507 2882 535 2932 6
582 2880 884 2949 ἡγούμενος
928 2878 1021 2931 τοῦ
1057 2876 1439 2960 μοναστηρίορ,
1480 2875 1574 2929 καὶ
1602 2874 1918 2946 παρέθηκεν

338 2973 527 3034 αὐτοῖς
569 2969 847 3039 τράπεζαν
895 2970 990 3021 καὶ
1016 2970 1180 3038 ἄρτον
1201 2983 1214 2995 ·
1255 2968 1352 3020 καὶ
1382 2967 1606 3036 ἔφαγον,
1638 2968 1733 3020 καὶ
1758 2969 1915 3020 ’ἔπιον

335 3062 515 3130 ὕδωρ,
562 3060 745 3122 καθώς
793 3061 939 3111 ἐστιν
983 3059 1165 3118 αὐτοῖς
1212 3059 1352 3121 ἔθος.
1388 3059 1497 3111 Καὶ
1538 3060 1920 3129 εὐφράνθησαν

336 3153 491 3207 πάνυ
518 3152 567 3203 οἱ
597 3148 816 3214 ἀδελφοὶ
846 3147 961 3207 ἅμα
983 3146 1059 3216 τῷ
1086 3146 1372 3216 ἡγουμένῳ
1399 3145 1687 3209 ἀκούοντες
1715 3147 1805 3199 τὸν
1834 3146 1920 3199 λό-

328 3263 442 3311 γον
476 3243 569 3297 τοῦ
596 3241 808 3310 ἀνδρός.
858 3236 988 3292 Εἶτα
1020 3238 1342 3293 ἀπέστειλεν
1389 3240 1416 3290 6
1446 3238 1744 3309 ἡγούμενος
1784 3237 1917 3307 τρὶς

330 3339 438 3389 τὸν
469 3332 766 3386 ὁσιώτατον
793 3331 1109 3392 ἐπίσκοπον,
1141 3330 1317 3397 λέγων
1346 3329 1495 3398 αὐτῷ
1524 3330 1615 3381 καὶ
1641 3329 1826 3399 διηγοῦ
1837 3347 1924 3399 με·

339 3442 438 3487 νος
466 3424 533 3475 τὰ
570 3423 710 3475 κατὰ
741 3421 867 3484 τοὺς
910 3422 1193 3489 μοναχοὺς,
1231 3420 1325 3472 καὶ
1364 3420 1423 3471 τὸ
1458 3419 1573 3482 πῶς
1606 3420 1922 3488 παραδόξως

336 3517 607 3570 ἐκάλεσεν
635 3515 801 3567 αὑτοῦ
824 3514 886 3566 τὺ
909 3514 1099 3583 ὖνομα.
1126 3514 1360 3565 .”Αὓπνοι
1390 3512 1445 3565 δὲ
1474 3512 1784 3565 διετέλεσαν
1817 3511 1925 3564 ἀπὸ

334 3606 591 3675 ἑσπέρας
618 3605 722 3665 ἓως
748 3604 945 3674 ὄρθρου
994 3603 1287 3671 ψάλλοντες
1316 3602 1408 3653 καὶ
1438 3600 1921 3668 ἀναγινώσκοντες.

354 3696 628 3759 Ἀκούσας
658 3686 767 3748 δὲδὲ)
796 3693 1088 3755 ὁσιώτατος
1115 3694 1430 3755 ἐπίσκοπος,
1460 3694 1602 3744 πάνυ
1632 3693 1825 3760 ἐχάρη,
1848 3691 1926 3743 λέ-

315 3804 499 3856 ’γωνο
552 3784 855 3853 Εὐλογητὸς
907 3785 936 3835 6
984 3782 1139 3845 Θεὸς,
1184 3782 1264 3834 ὅτι
1302 3782 1620 3851 ἀκηκόαμεν
1670 3780 1926 3850 τοιαύτην

334 3876 565 3947 ἀγαθὴν
595 3874 877 3944 ἀγγελίαν.

425 4012 511 4065 ις’.
541 4011 843 4078 Γενομένης
872 4010 927 4061 δὲ
952 4008 1185 4079 ἡμέρας,
1216 4005 1536 4059 ἀπέστειλεν
1581 4006 1607 4057 6
1634 4005 1929 4068 ἐπίσκοπος

340 4104 445 4157 τὸν
482 4101 856 4170 ἀρχιδιὰκονον
897 4100 1144 4151 Διυνάτον
1185 4099 1240 4149 ἐν
1280 4096 1360 4165 τῷ
1401 4095 1699 4166 Ἐμπορίῳ,
1750 4098 1929 4166 καλῶν

343 4195 482 4255 τοὺς
516 4192 777 4260 μοναχοὺς
810 4190 1052 4242 ἀνελθεῖν
1079 4191 1135 4240 ἐν
1171 4188 1244 4257 τῷ
1272 4188 1601 4257 ὲπισκοπίῳ.
1645 4188 1703 4241 '0
1734 4189 1789 4239 δὲ
1831 4188 1930 4240 d6-

344 4284 462 4345 όςίς
485 4283 600 4351 ἅμα
626 4281 733 4334 τῶν
766 4282 861 4333 σὺν
883 4280 1032 4349 αὐτῷ
1059 4279 1296 4350 τῷλόγῳ
1316 4279 1409 4332 τοῦ
1431 4281 1808 4349 ἀρχιδιακόνου
1838 4280 1932 4330 av.

344 4374 521 4447 ἦλθεν
551 4376 608 4426 ἐν
641 4373 717 4442 τῷ
753 4372 1079 4441 ἐπισκοπξῳ.
1109 4373 1445 4443 Συνήντησεν
1474 4373 1527 4424 δὲ
1551 4373 1733 4435 αὐτοῖς
1762 4372 1789 4422 6
1814 4357 1933 4423 ἐπί-

348 4482 562 4529 σκοπος
583 4482 596 4496 ·
629 4468 723 4519 καὶ
753 4466 1007 4527 πεσόντες
1045 4464 1138 4517 ἐπὶ
1182 4465 1471 4533 πρόσωπον
1520 4464 1933 4533 προσεκύνησαν

1946 3204 1993 3264 C

2012 1949 2173 2010 Bene,
2210 1947 2507 2015 reSpondit,
2559 1945 2739 2009 Pater,
2777 1946 2865 1999 Dei
2926 1946 3206 2008 benelieio,
3240 1957 3293 1999 et
3347 1945 3451 1999 tuis
3508 1961 3595 1999 me

2013 2038 2268 2111 precibus
2281 2036 2685 2106 adjuvantibus.
2712 2036 2811 2089 Cui
2837 2051 3053 2089 rursum
3078 2036 3247 2092 abbas
3274 2056 3285 2087 :
3313 2036 3595 2101 Quomodo

2015 2132 2177 2195 valet,
2222 2130 2419 2198 inquit,
2472 2127 2855 2181 sanctissimus
2888 2126 3146 2185 dominus
3197 2143 3259 2179 ac
3302 2128 3463 2182 Pater
3506 2126 3595 2181 i'tle

2014 2231 2201 2276 noster
2232 2219 2541 2274 communis
2572 2218 2819 2272 Potamio
2850 2218 3184 2287 episcopus?
3214 2216 3461 2287 Cumque
3492 2218 3596 2273 iste

2016 2327 2161 2369 recte
2187 2314 2317 2368 item
2350 2312 2528 2365 valere
2568 2309 2965 2379 respondisset,
2991 2308 3196 2363 Christi
3228 2311 3434 2364 scilicet
3467 2325 3595 2381 pro-

2016 2407 2275 2465 videntia,
2335 2411 2389 2456 et
2436 2403 2881 2456 obsecrationum
2940 2402 3059 2469 ejus
3106 2416 3307 2464 causa,
3365 2401 3598 2471 subjecit

2018 2500 2189 2555 abbas
2224 2514 2236 2547 :
2274 2496 2364 2550 Nae
2396 2496 2473 2549 vir
2508 2495 2597 2548 ille
2636 2493 2869 2548 Domino
2903 2506 3165 2564 acceptus
3196 2507 3301 2549 est.
3326 2494 3447 2549 .lam
3477 2505 3529 2549 et
3564 2511 3595 2551 ι

2016 2590 2280 2645 fratribus
2338 2589 2659 2641 monasterii
2723 2584 3123 2640 conﬂuentibus
3189 2587 3431 2652 salutati,
3472 2602 3595 2641 cum

2018 2683 2355 2744 cubiculum,
2386 2694 2495 2749 quo
2528 2678 2913 2739 concederent,
2962 2678 3349 2745 postulassent,
3385 2693 3413 2731 ιι
3458 2694 3597 2745 prae-

2018 2774 2161 2831 fecto
2191 2772 2409 2828 deducti
2441 2779 2593 2835 sunt,
2620 2770 2715 2838 qui
2739 2777 2793 2822 et
2824 2785 3067 2821 mensam
3096 2770 3203 2821 illis
3240 2772 3514 2838 apposuit,
3542 2770 3598 2824 in

2018 2880 2129 2934 qua
2167 2877 2358 2931 panem
2412 2861 2789 2920 comederunt,
2834 2868 2885 2910 et
2917 2874 3113 2927 aquam
3162 2859 3366 2923 bbere,
3403 2868 3462 2914 ut
3494 2860 3600 2914 loci

2016 2953 2364 3010 consuetudo
2400 2950 2627 3005 ferebat.
2663 2949 2969 3007 Plurimum
3021 2958 3199 3002 autem
3241 2951 3438 3005 fratres
3472 2968 3599 3005 cum

2023 3045 2278 3116 przel'ecto
2318 3056 2624 3096 sermonem
2682 3038 2916 3109 hospitis
2967 3039 3255 3093 audientes
3310 3041 3597 3095 exhilarati

2026 3148 2171 3193 sunt.
2230 3138 2299 3190 At
2348 3134 2640 3203 praefectus
2705 3134 2769 3186 ad
2829 3132 3235 3186 sanctissimum
3281 3134 3601 3203 episcopum

2025 3230 2253 3286 Subinde
2286 3228 2455 3289 misit,
2480 3225 2570 3295 qui
2598 3227 2664 3278 de
2710 3225 3103 3277 monachorum
3140 3226 3372 3279 adventu
3401 3230 3605 3281 certio-

2023 3337 2137 3374 rem
2180 3320 2380 3373 faceret
2428 3328 2481 3371 et
2528 3319 2594 3370 de
2628 3317 2998 3384 inexspectata
3035 3317 3270 3369 nominis
3304 3318 3387 3369 sui
3421 3319 3603 3388 appel-

2026 3412 2225 3466 latione
2249 3412 2498 3465 edoceret
2545 3406 2677 3476 (90).
2712 3407 2815 3475 Ipsi
2846 3422 2973 3460 vero
3010 3407 3170 3461 simul
3208 3422 3236 3460 a
3274 3424 3499 3477 vespera
3534 3410 3601 3464 ad

2025 3501 2349 3556 matutinum
2383 3498 2606 3568 psalmis
2640 3506 2685 3551 el
2723 3499 2933 3550 lectioni
2972 3498 3162 3552 intenti
3198 3500 3601 3569 vigilaverunt:

2026 3608 2137 3663 quo
2177 3602 2418 3661 tempore
2464 3590 2848 3645 sanctissimus
2890 3591 3180 3658 episcopus
3210 3592 3416 3645 mtntiis
3446 3607 3600 3647 accc-

2029 3690 2134 3758 ptis
2160 3688 2507 3741 vehementer
2528 3685 2749 3755 gavisus
2772 3694 2873 3746 est,
2908 3701 2968 3739 ac
3001 3684 3109 3738 Deo
3129 3687 3334 3755 gratias
3364 3688 3494 3757 egit.

2105 4011 2337 4086 [xxxvn]
2369 4010 2487 4065 XX.
2531 4009 2779 4078 Jamque,
2816 4018 2868 4062 ut
2912 4010 3106 4076 illuxit,
3144 4010 3385 4069 Donatus
3422 4016 3604 4072 archi-

2032 4107 2472 4173 diaconusjussu
2505 4103 2743 4173 episcopi
2774 4102 2825 4155 in
2845 4102 3101 4173 Emporio
3124 4107 3332 4172 aderat,
3363 4108 3455 4176 qui
3485 4124 3603 4164 mo-

2034 4197 2239 4249 nachos
2268 4195 2333 4248 ad
2363 4196 2504 4248 aedes
2536 4193 2876 4261 pontiﬁcales
2905 4193 3159 4247 invitaret
3189 4213 3203 4246 :
3240 4212 3404 4264 quem
3436 4198 3607 4255 abbas

2034 4300 2159 4339 cum
2183 4284 2347 4338 sociis
2372 4283 2517 4335 dicto
2540 4281 2768 4334 audiens
2793 4296 2859 4355 eo
2885 4288 3231 4335 secutus'est.
3268 4282 3393 4338 Viso
3423 4297 3600 4341 autem

2034 4376 2308 4442 episcopo,
2345 4372 2437 4438 qui
2467 4370 2681 4423 obviam
2732 4369 2864 4438 ipsis
2910 4371 3258 4439 procedebat,
3309 4389 3495 4429 coram
3542 4393 3608 4432 eo

2036 4465 2454 4533 procumbentes
2485 4477 2550 4515 ac
2575 4471 2897 4515 venerantes
2931 4503 2945 4525 ,
2983 4461 3145 4525 Bene,
3176 4465 3452 4532 inquittttt,
3485 4483 3610 4536 pree-

346 4557 533 4627 αὑτῷ,
568 4557 878 4624 Εὑλόγησον
908 4556 1076 4625 ἡμᾶς,
1102 4555 1371 4621 λέγοντες,
1407 4556 1587 4623 Πάτερ
1612 4555 1929 4623 τιμιώτατε.
1966 4544 2007 4598 D
2038 4571 2129 4609 car

1818 4571 1929 4607 ατε.
1966 4544 2007 4598 D
2038 4571 2161 4609 care
2206 4556 2387 4615 nobis,
2428 4552 2589 4607 Pater
2638 4552 3113 4606 reverendissime.
3152 4554 3221 4607 At
3268 4556 3559 4627 episcopus
3593 4577 3604 4609 :

358 4651 430 4702 Ὀ
454 4650 510 4701 δὲ
535 4649 827 4709 ἐπίσκοπος
852 4664 866 4676 ο
889 4647 1077 4709 Αὐτὸς.
1106 4647 1310 4717 Πάτερ,
1342 4649 1485 4715 ἡμᾶς
1519 4646 1829 4715 εὐλόγησον.
1876 4646 1933 4698 ’0

342 4741 412 4794 δὲ
447 4737 619 4798 sses;
649 4737 796 4803 λέγει
818 4752 832 4765 ·
860 4736 1127 4798 Δέσποτα,
1152 4736 1211 4787 τὸ
1239 4736 1457 4787 ἔλαττον
1491 4736 1595 4788 ὑπὸ
1627 4735 1720 4788 τοῦ
1752 4735 1935 4803 κρείτ-

344 4843 515 4887 τονος
539 4825 864 4891 εὐλογεῖται.
913 4823 1171 4881 Ἐπιπολὺ
1207 4822 1263 4875 δὲ
1296 4822 1736 4890 ἀναγκαζόμενος
1765 4823 1793 4873 6
1817 4820 1931 4872 ἐπί-

341 4928 565 4977 ’σκοπος
594 4917 744 4983 παρὰ
768 4914 861 4968 τοῦ
896 4914 1058 4976 assa,
1087 4909 1240 4965 εἶπεν
1263 4930 1277 4945 ο
1326 4913 1385 4967 '0
1413 4912 1615 4981 Κύριος
1650 4913 1805 4984 ἡμῶν
1837 4911 1935 4981 Ἰη-

349 5007 492 5069 σοῦς
518 5007 773 5076 Χριστὸς,
804 5007 833 5057 6
862 5006 1113 5074 ἁληθινὶς
1142 5005 1271 5067 Θεὸς
1300 5006 1459 5073 ἡμῶν
1485 5003 1595 5074 δώῃ
1623 5006 1754 5072 ἡμῖν
1781 5005 1935 5072 ἐλεη-

351 5102 530 5168 θῆναι
559 5100 623 5150 δι’
652 5098 825 5168 εὐχῶν
856 5099 1010 5168 ὑμῶν
1045 5097 1230 5165 ἁγίων.
1265 5099 1374 5149 Καὶ
1409 5097 1468 5149 τὸ
1503 5096 1676 5166 ’Λμὴν
1707 5098 1939 5165 ἀποκρι-

350 5194 592 5255 θέντων,
643 5188 981 5251 ἀσπάζονται
1032 5187 1295 5256 ἀλλήλους
1338 5187 1414 5257 τῷ
1457 5187 1598 5256 ἁγίῳ
1648 5187 1933 5256 φιλήματι.

352 5282 480 5337 Καὶ
512 5279 823 5341 ἀνελθόντες
866 5283 923 5331 ἐν
954 5279 1030 5349 τῷ
1062 5280 1193 5347 οἴκῳ
1240 5280 1517 5348 ἐκάθησαν
1550 5279 1578 5329 ὃ
1610 5294 1667 5328 τε
1715 5278 1936 5328 ἐπίσκο-

352 5392 471 5437 πος
502 5375 592 5426 καὶ
632 5376 681 5426 οἱ
719 5376 967 5443 μοναχοί,
998 5374 1090 5425 καὶ
1133 5372 1283 5439 λέγει
1324 5373 1350 5423 ὁ
1385 5372 1713 5433 ἐπίσκοπο;’
1771 5368 1941 5422 Πόθεν

442 5595 558 5664 (89)
594 5594 668 5653 De
720 5597 1049 5649 monasterio
1086 5597 1189 5648 isto
1224 5594 1360 5647 infra
1393 5594 1554 5645 etiam
1612 5595 1694 5647 bis
1742 5595 1941 5646 mentio

356 5669 424 5721 lit
462 5668 541 5734 (tt.
574 5666 644 5718 48
672 5676 726 5717 et
764 5666 874 5735 90.).
908 5667 1051 5718 Idem
1089 5676 1266 5717 autem
1312 5666 1479 5716 fuisse
1520 5664 1746 5724 videtur,
1781 5676 1943 5733 atque

356 5735 534 5804 illttd,
564 5737 707 5800 quod
738 5737 924 5790 Pirrus
957 5737 1010 5786 in
1038 5738 1225 5787 Sicilia
1258 5751 1412 5787 sarra
1442 5736 1506 5785 al
1534 5750 1738 5787 annum
1773 5752 1944 5804 usque

358 5801 514 5871 1998
541 5807 758 5859 stetisse
785 5805 972 5858 scribit
1002 5805 1142 5871 (Not.
1178 5807 1304 5873 Agr.
1338 5822 1388 5857 η.
1444 5806 1524 5868 ιθ,
1557 5815 1592 5857 t.
1631 5805 1666 5869 I,
1703 5820 1754 5873 p.
1781 5801 1897 5874 752,
1928 5825 1941 5870 ;

2038 4648 2152 4701 lmo
2180 4657 2234 4701 tu
2270 4647 2447 4710 nobis,
2494 4645 2673 4710 Pater,
2711 4646 2847 4699 bene
2876 4661 3114 4710 precare.
3148 4645 3395 4715 Cumque
3441 4649 3611 4704 abbas

2039 4748 2260 4807 negaret
2292 4737 2373 4788 [ιε
2395 4724 2537 4800 esse,
2566 4736 2712 4804 quod
2744 4735 2968 4802 majoris
2995 4736 3046 4787 in
3073 4736 3336 4788 minorem
3359 4736 3452 4804 jus
3481 4738 3608 4791 illud

2038 4830 2320 4898 proprium
2356 4827 2670 4888 haberetur,
2715 4834 3049 4894 repugnante
3084 4826 3173 4877 diu
3226 4812 3444 4892 abbate,
3496 4830 3607 4897 epi-

2040 4936 2237 4988 scopos
2268 4920 2347 4972 ait
2383 4937 2395 4972 :
2449 4917 2713 4970 Dominus
2765 4925 2947 4969 noster
2994 4914 3153 4968 Jesus
3189 4915 3439 4969 Christus
3471 4915 3615 4972 Deus

2040 5028 2199 5064 verus
2253 5010 2497 5063 omnium
2542 5016 2823 5066 nostrum.
2870 5008 3074 5059 sanctis
3120 5005 3373 5070 precibus
3422 5010 3616 5061 vestris

2042 5104 2309 5171 placatus,
2349 5100 2737 5154 misericordiae
2780 5113 2880 5151 nos
2922 5113 3032 5150 sua:
3070 5097 3364 5165 participes
3412 5098 3613 5164 faciat;

2040 5206 2091 5247 t-t
2124 5196 2295 5246 Amen
2330 5192 2560 5253 reddito,
2598 5202 2787 5245 sancto
2816 5205 2875 5243 se
2911 5190 3141 5242 invicem
3186 5190 3373 5241 osculo
3416 5190 3617 5243 saluta-

2043 5299 2189 5347 tuut.
2227 5296 2392 5356 atque
2438 5288 2490 5338 in
2534 5288 2753 5339 domum
2800 5282 3090 5351 pt-Ogressi,
3131 5297 3323 5335 omnes
3358 5284 3616 5337 consedi:-

2046 5394 2191 5438 runt.
2225 5382 2361 5435 Tum
2394 5384 2545 5452 prior
2574 5383 2862 5448 episcopus
2888 5420 2901 5442 ,
2949 5378 3118 5440 Unde,
3152 5378 3347 5448 inquit.
3385 5379 3613 5446 piissimi

2046 5602 2223 5651 locum
2274 5600 2462 5663 ipsum
2501 5596 2696 5651 Strabo
2734 5596 2848 5665 (lib.
2893 5612 2962 5655 vt,
3013 5612 3062 5663 p.
3096 5594 3221 5663 266)
3271 5597 3595 5665 Ἐμπορεῖον

2050 5671 2369 5722 Ptulo-tnzeus
2425 5670 2540 5735 (liii.
2591 5682 2673 5728 ιιι,
2709 5684 2826 5734 cap.
2868 5667 2921 5731 4)
2959 5668 3253 5736 Ἐμπὸρον
3308 5668 3548 5735 appellat

2050 5746 2227 5793 lorum
2283 5754 2493 5806 nempe,
2526 5754 2633 5805 quo
2666 5752 2872 5789 merces
2906 5739 3145 5806 undique
3202 5737 3593 5790 invehebantur

2121 5810 2232 5879 (ΩΟ)
2265 5808 2319 5860 lu
2353 5805 2472 5861 col.
2524 5812 2567 5874 ι,
2604 5809 2857 5860 ἐκάλεσεν
2888 5805 3048 5858 αὑτὸν
3082 5805 3136 5871 ἐξ
3161 5808 3442 5876 ὀνόματος.
