4226 6444
789 419 893 482 583

1740 409 2204 470 S.GREGORII
2268 407 2778 467 AGRIGENTIN’I
2839 406 3030 465 VITA.

3947 400 4062 462 εει

789 540 838 577 οι
883 539 910 574 a
950 521 1058 575 Deo
1090 520 1317 591 protecti
1352 517 1485 589 (9t),
1537 517 1644 570 huc
1675 517 1741 570 ad
1784 518 2216 572 mediocritatem
2272 533 2372 570 no-

2481 517 2854 588 παραγέγονεν
2885 515 3022 584 πρὸς
3045 515 3142 584 τὴν
3168 516 3443 585 ἡμετέραν
3479 514 3810 586 μετριότητα
3837 514 3872 583 ἡ
3907 515 4067 584 ὑμῶν

788 623 956 667 strain
1005 609 1344 664 advenistis?
1387 609 1488 662 Cui
1522 623 1645 662 cum
1689 609 2006 680 peregrinos
2041 623 2099 662 se
2128 623 2269 671 esse,
2307 622 2371 660 ae

787 706 1015 759 Romam
1055 703 1289 756 Domino
1334 712 1610 756 annuente
1649 711 1834 770 petere
1888 717 1944 754 se
1975 702 2110 754 velle
2143 714 2370 769 respon-

787 802 1015 860 dissent,
1057 795 1294 864 subjecit
1329 796 1622 864 episcopus
1658 811 1671 846 :
1703 793 1775 846 De
1802 793 1978 856 nobis,
2017 792 2196 856 Pater,
2228 790 2368 860 quod

788 905 852 941 ex
894 887 1111 939 Domini
1149 887 1430 938 voluntate
1475 893 1580 946 est,
1637 885 1764 949 liat;
1823 884 2183 952 institutoque
2231 884 2372 936 inter

785 995 880 1032 eos
926 994 1178 1032 serumne
1205 978 1269 1030 de
1301 977 1366 1029 iis
1397 992 1518 1042 qua'
1545 977 1782 1030 maxime
1813 976 1878 1030 ad
1926 978 2230 1029 animorum
2258 976 2366 1028 uti-

783 1070 991 1123 litatem
1025 1069 1319 1136 pertinent,
1351 1083 1644 1134 parumper
1686 1066 1851 1122 simul
1905 1065 2178 1118 immorati
2222 1073 2368 1118 sunt.

787 1162 908 1214 Mox
947 1161 1240 1228 episcopus
1270 1159 1497 1210 dimisso
1537 1167 1704 1220 metu,
1755 1159 1806 1210 in
1845 1158 2103 1225 templum
2137 1157 2374 1223 perrexit

787 1253 1099 1305 divinorum
1169 1249 1554 1315 mysteriorum
1603 1261 1768 1299 causa
1812 1246 1976 1299 :dies
2024 1247 2168 1299 enim
2209 1247 2372 1298 anni-

788 1343 1062 1394 versarius
1090 1354 1202 1393 erat
1230 1341 1706 1392 sanctissimorum
1739 1340 2112 1407 apostolorum
2142 1338 2282 1391 Petri
2319 1346 2372 1390 et

787 1432 938 1486 Pauli
990 1453 1002 1485 :
1057 1448 1218 1500 quem
1268 1432 1440 1485 secuti
1500 1431 1786 1494 monachi,
1834 1447 1991 1484 sacro
2037 1431 2282 1490 adfuere,
2319 1439 2372 1483 et

791 1535 1107 1578 sanctorum
1147 1525 1533 1590 mysteriorum
1571 1524 1864 1591 participes
1897 1522 2022 1576 {acri
2058 1535 2203 1577 sunt.
2239 1522 2371 1574 Eos-

789 1621 913 1673 dem
942 1617 1173 1670 subinde
1194 1618 1482 1683 episcopus
1507 1630 1708 1667 mensa:
1731 1630 1840 1666 sua:
1862 1613 2145 1666 considere
2165 1613 2328 1680 jussit
2354 1630 2366 1663 :

793 1718 904 1760 tum
937 1706 1248 1759 cubiculum
1283 1706 1349 1759 iis
1373 1706 1560 1757 datum
1588 1705 1771 1773 quieto
1797 1704 1848 1756 in
1881 1704 2003 1757 loco
2030 1719 2197 1772 prope
2227 1703 2370 1756 aach

787 1798 1150 1866 puntilieales.
1194 1798 1320 1849 l‘nde
1362 1798 1463 1849 sub
1510 1811 1766 1848 auroram
1829 1812 1953 1848 cum
2003 1795 2056 1848 in
2111 1797 2367 1864 templum

791 1892 1100 1956 rediissem,
1136 1900 1189 1942 et
1222 1891 1518 1942 matutinas
1552 1890 1621 1941 ibi
1655 1904 1846 1957 preces
1883 1889 2270 1954 absolvissent,
2307 1887 2371 1940 ad
2407 1863 2444 1915 Β

789 1985 932 2038 aedes
962 1982 1200 2052 episc0pi
1261 1982 1483 2042 reversi,
1533 1982 1742 2035 bonore
1793 1983 1869 2034 illi
1923 1991 2233 2034 reverenter
2278 1982 2373 2034 ha-

792 2077 926 2137 bito,
957 2075 1304 2128 considentes
1348 2088 1471 2126 eum
1509 2089 1574 2126 eo
1611 2073 1847 2143 colloqui
1875 2084 2179 2141 ccepi-runt.
2213 2072 2376 2128 Forte

792 2177 971 2220 autem
1008 2167 1261 2234 comigit,
1297 2175 1353 2218 ut
1386 2165 1636 2236 Gregorii
1667 2173 1919 2234 parentes
1956 2165 2008 2218 in
2061 2165 2248 2219 urbem
2283 2181 2377 2220 ve-

790 2263 987 2321 nirent,
1026 2273 1212 2312 secum
1254 2274 1376 2327 quae
1415 2273 1552 2326 Opus
1584 2267 1741 2312 erant
1774 2256 2032 2322 ferentes,
2070 2273 2179 2327 quo
2218 2258 2374 2312 anni-

791 2355 1085 2407 versaiiam
1115 2352 1237 2421 ejus
1262 2351 1587 2405 memoriam
1611 2349 1956 2403 celebrarent
1984 2355 2207 2404 :eodem
2229 2349 2373 2404 enim

792 2446 876 2496 die
921 2442 1219 2512 Gregorius
1270 2441 1395 2495 inde
1441 2448 1768 2504 secesserat,
1807 2439 1858 2493 id
1895 2449 1977 2493 est
2032 2439 2206 2508 pridie
2253 2437 2373 2492 Kal.

791 2537 984 2592 Julias.
1016 2539 1263 2608 Cumque
1302 2537 1476 2592 oculis
1515 2552 1708 2590 eorum
1760 2536 2192 2590 obversarentur
2223 2536 2376 2606 pueri

791 2630 1026 2696 :equales
1054 2630 1173 2697 ejus
1202 2630 1480 2697 quondam
1511 2637 1563 2683 et
1590 2629 1746 2693 socii,
1773 2627 2044 2698 quosjam
2075 2628 2378 2683 adolevisse

794 2718 1068 2782 νίιιὼιιιιι,
1119 2728 1294 2771 mater
1351 2719 1471 2787 ejus
1510 2719 1619 2771 alta
1661 2733 1794 2772 voce
1844 2719 2060 2786 plorare
2110 2717 2275 2786 coepit
2316 2733 2379 2772 ac

794 2811 976 2863 dicere
1007 2829 1018 2862 :
1052 2807 1188 2870 Heu,
1229 2811 1302 2863 tili
1344 2811 1414 2863 mi
1453 2810 1802 2876 suavissime,
1833 2812 2056 2879 paulum
2083 2826 2182 2880 ego
2207 2820 2380 2866 mater

795 2913 888 2955 tua
915 2903 1079 2965 dicta,
1110 2913 1161 2955 et
1198 2911 1248 2956 te
1277 2901 1389 2955 ﬁlio
1424 2903 1602 2956 laetata
1638 2920 1758 2957 sum
1786 2904 1798 2956 !
1831 2903 1943 2971 jam
1977 2913 2028 2957 te
2059 2906 2255 2958 misera
2284 2919 2379 2958 ca-

799 3010 910 3051 reo.
949 2993 1083 3059 lleu,
1123 2995 1216 3058 lili,
1251 2997 1374 3063 quis
1421 3003 1472 3047 te
1508 3004 1738 3049 venatus
1783 2995 1902 3049 est?
1933 2996 2097 3065 lupus
2145 2995 2381 3051 fortasse

797 3087 997 3155 aliquis
1017 3102 1192 3139 meum
1220 3087 1324 3139 sibi
1349 3101 1551 3154 agnum
1577 3087 1830 3155 arripuit.
1851 3086 2051 3156 Ecquis
2077 3102 2206 3140 vero
2230 3087 2381 3141 locus

2475 609 2803 678 θεοτήρητος
2827 608 3109 675 θεοφιλία;
3155 608 3297 673 ea:
3333 609 3466 679 πρὸς
3495 609 3658 661 αὐτόν
3684 626 3697 638 ·
3735 609 3886 660 Ξένοι
3925 628 4067 678 τυγ-

2476 702 2737 768 χάνομεν,
2767 700 2949 769 Πάτερ
2980 699 3271 765 άγιώτατε,
3301 702 3396 751 καὶ
3431 701 3522 752 ἐπὶ
3558 699 3654 770 τὴν
3694 699 3914 769 Ῥώμην
3940 701 4068 754 δια-

2478 792 2712 860 περάσαι
2754 791 3079 860 βουλόμεθα,
3135 792 3230 843 ἐὰν
3291 793 3318 844 6
3374 793 3576 862 Κύριος
3625 793 3858 845 κελεύει.
3907 793 3964 844 Ὀ
4009 793 4069 844 δὲ

2475 883 2772 944 ἐπίσκοπος
2803 883 2950 950 λέγει
2994 883 3175 952 αὐτῷ’
3207 884 3454 935 Γενέσθω
3503 885 3564 935 τὸ
3607 877 3818 952 θέλημα
3856 884 4068 944 Κυρίου

2475 976 2552 1037 είς
2582 976 2751 1044 ἡμᾶς,
2788 975 2990 1043 Πάτερ.
3037 976 3244 1044 Ὀλίγον
3275 976 3330 1028 δέ
3368 978 3710 1043 καθήσαντες
3740 980 3832 1028 καὶ
3868 995 4071 1028 συντυο

2475 1066 2660 1134 χὸντες
2707 1066 2841 1133 πρὸς
2885 1065 3149 1135 ἀλλήλους
3204 1067 3268 1117 τά
3298 1068 3642 1118 συντείνοντα
3683 1069 3760 1127 είς
3795 1067 4074 1132 ὠφέλειαν

2473 1158 2650 1227 ψυχῆς
2675 1174 2688 1186 ο
2724 1157 3123 1226 συνταξάμενος
3156 1160 3184 1209 6
3215 1158 3516 1218 ἐπίσκοπος
3544 1161 3653 1214 τοῖς
3677 1158 3925 1225 ἁδελεοῖς
3953 1160 4076 1209 εἱσ-

2474 1249 2636 1318 ῆλθεν
2666 1251 2723 1301 ἐν
2747 1251 2816 1318 τῇ
2853 1250 3118 1320 ἐκκλησίᾳ
3159 1248 3610 1302 τοῦ·άποτελέσιι
3637 1253 3736 1316 τὴν
3781 1249 3931 1300 θείαν
3972 1251 4076 1301 καὶ

2479 1341 2628 1410 ἱερὰν
2667 1343 3092 1409 μυσταγωγίανο
3137 1338 3203 1411 ἦν
3251 1343 3360 1411 γάρ
3391 1342 3574 1410 ἡμέρα
3620 1342 3726 1392 τῶν
3764 1342 3931 1406 ἁγίων
3976 1344 4075 1392 καὶ

2476 1433 2850 1499 πανευφὴμων
2897 1431 3209 1482 ἀποστόλων
3258 1431 3467 1500 Πέτρου
3521 1433 3614 1482 καὶ
3668 1432 3902 1483 Παῦλου.
3955 1434 4074 1483 Καὶ

2479 1521 2874 1592 μεταλαϐόντες
2908 1522 3017 1574 τῶν
3047 1525 3332 1592 ἁχράντων
3382 1523 3474 1573 καὶ
3521 1521 3800 1585 ζωοποιῶν
3850 1540 4073 1592 μυστη-

3192 1617 3257 1685 τῇ
3289 1615 3539 1685 τραπέζῃ
3587 1613 3684 1666 τοῦ
3729 1617 4072 1672 ἐποκόποδ.

2479 1708 2718 1758 Ἔδωκεν
2765 1707 2820 1759 δὲ
2861 1708 3042 1767 αὐτοῖς
3086 1707 3296 1758 κελλίον
3325 1708 3381 1758 ἐν
3409 1707 3560 1775 τόπῳ
3603 1707 3789 1776 ἡσύχῳ
3836 1707 4074 1782 πλησίον

2474 1795 2568 1846 τοῦ
2598 1796 2944 1849 ἐπισκοπίου.
2979 1793 3110 1847 Εἶτα
3141 1797 3235 1848 ἐπὶ
3260 1796 3358 1866 τὴν
3385 1795 3573 1864 αῦριον
3608 1797 3857 1865 εἰσῆλθον
3884 1800 3931 1848 ot
3968 1816 4074 1865 μοι

2476 1889 2628 1955 ναχοὶ
2657 1889 2711 1939 ἐν
2753 1891 2819 1957 τῇ
2864 1873 3150 1957 ἐκκλησία,
3174 1890 3266 1940 καὶ
3297 1889 3676 1958 πληρωθέντος
3712 1889 3806 1942 τοῦ
3836 1891 4070 1959 ὄρθρου,

2476 1978 2727 2047 εἰσῆλθον
2754 1981 2809 2032 ἐν
2835 1979 2911 2049 τῷ
2941 1980 3248 2048 ἐπισκοπίῳ
3271 1996 3284 2010 ⁸
3317 1983 3412 2033 καὶ
3435 1984 3764 2052 ποιήσαντες
3795 1983 3944 2052 αὐτῷ
3971 1986 4074 2052 τὴν

2478 2072 2793 2141 πρέπουσαν
2828 2071 3140 2140 μετάνοιαν,
3166 2071 3444 2140 ἐκάθησαν
3493 2074 3588 2125 καὶ
3616 2073 3854 2143 ἦρξαντο
3885 2076 4076 2127 λαλεῖν

2477 2165 2652 2234 λόγον.
2707 2165 2865 2217 Κατὰ
2908 2165 3212 2234 συγκυρίαν
3249 2165 3304 2217 δὲ
3334 2166 3636 2218 κατέλαόον
3678 2169 3725 2218 οἱ
3758 2172 3931 2234 γονεῖ,
3975 2169 4074 2220 τοῦ

2477 1615 2627 1684 ρίων,
2659 1614 2862 1681 ἔφαγον
2892 1615 3053 1684 ἄρτον
3093 1616 3152 1666 ἐν

2478 2259 2784 2328 Γρηγορίου
2842 2259 2921 2320 εἰς
2974 2258 3075 2326 τὴν
3133 2258 3288 2310 πόλιν
3343 2259 3601 2328 φέροντες
3653 2261 3719 2312 τά
3781 2263 3916 2330 πρὸς
3973 2266 4076 2330 τὴν

2478 2351 2688 2420 χρείαν,
2742 2350 2830 2402 ἵνα
2880 2350 3238 2402 ἐκτελέσωσιν
3282 2351 3449 2404 αὐτοῦ
3501 2356 3568 2402 τὰ
3613 2355 3970 2422 μνημόσυνα·
4020 2357 4077 2404 ἐν

2477 2443 2652 2514 ταύτῃ
2677 2443 2784 2512 γάρ
2810 2445 2876 2512 τῇ
2905 2443 3088 2512 ἡμέρα
3116 2437 3182 2512 ἦν
3217 2442 3581 2514 ὑποχωρήσας
3616 2448 3642 2495 ό
3675 2445 3975 2515 Γρηγόριο-
4013 2448 4078 2497 ἐκ

2478 2536 2588 2588 τῶν
2613 2537 2790 2587 ἐκεῖσε
2814 2537 2880 2604 τῇ
2911 2535 3166 2605 τριακάδι
3195 2533 3288 2587 τοῦ
3329 2536 3547 2587 Ἰουνίου
3582 2537 3767 2605 μηνός.
3797 2539 3910 2588 Καὶ
3938 2539 4079 2589 ἰδόν-

2481 2643 2570 2689 τες
2632 2627 2757 2687 τοῦς
2807 2625 3000 2687 παῖδας
3050 2626 3176 2688 τοὺς
3222 2625 3502 2696 ὁμιλίκους
3545 2629 3814 2690 εἰσιόντας
3861 2634 3956 2679 καί
3989 2630 4081 2692 ἐξ·

2482 2716 2834 2788 ερχομένους,
2868 2717 2960 2769 καὶ
2989 2716 3217 2786 πλήρεις
3245 2717 3463 2785 ἡλικίας
3492 2719 3838 2787 γενομένους,
3871 2721 4082 2788 ᾖρξατο

2482 2808 2516 2877 ἡ
2549 2808 2729 2877 μήτηρ
2759 2804 2924 2859 αὑτοῦ
2946 2805 3218 2867 ὀλολύζειν
3245 2807 3304 2858 ὲν
3332 2806 3504 2875 ἰσχύει
3525 2809 3617 2859 καὶ
3642 2809 3819 2876 λέγειν
3842 2825 3856 2837 ·
3885 2812 4077 2876 υῐμοι,

2481 2900 2669 2951 τέκνον
2722 2899 2853 2968 ἐμὸν
2905 2897 3266 2966 γλυκύτατον,
3315 2899 3453 2968 πρὸς
3507 2899 3689 2966 ὀλίγον
3743 2918 3838 2952 σου
3891 2903 4081 2972 μήτηρ

2483 2988 2723 3059 ἐκλήθην
2779 2989 2873 3041 καὶ
2919 2989 3125 3058 ἐχάρην
3184 2990 3264 3051 εἰς
3311 2989 3394 3052 σὲ,
3428 2990 3524 3042 καὶ
3555 2992 3633 3052 είς
3675 2991 3736 3042 τὸ
3781 2993 3949 3060 τάχος
3986 3011 4080 3044 σου

2485 3081 2809 3150 ἐχωρίσθην.
2843 3079 3028 3149 Οἵμοι,
3063 3083 3275 3146 τέκνον,
3314 3081 3397 3142 τίς
3446 3099 3505 3133 σε
3551 3082 3895 3153 ἐθήρευσεν;
3939 3088 4084 3155 ’Δρα

801 3182 1091 3248 unigenam
1125 3177 1262 3231 celat
1297 3177 1515 3230 meum?
1543 3178 1809 3246 siquidem
1845 3178 2023 3247 praeda
2062 3181 2271 3247 uspiam
2303 3178 2381 3232 fa-

2485 3173 2540 3224 δὲ
2597 3163 2749 3238 ποῖος
2795 3171 2955 3234 λύκος
3005 3171 3066 3223 τὸ
3114 3172 3248 3240 ἐμὸν
3289 3174 3620 3241 ἀφήρπασεν
3668 3175 3888 3244 ἄρνιον;
3925 3179 4083 3238 Ποῐος

801 3281 918 3325 etus
945 3284 1046 3325 est.
1091 3272 1155 3324 At
1193 3268 1338 3324 feras
1371 3270 1485 3323 bace
1537 3271 1686 3340 regio
1722 3287 1831 3325 nou
1866 3273 2047 3325 habet.
2081 3271 2220 3324 Num
2258 3288 2381 3325 eum

804 3365 1041 3416 fortasse
1083 3364 1185 3416 sub
1227 3375 1438 3417 noctem
1481 3363 1607 3432 quis
1651 3368 1865 3418 necavit
1907 3375 1960 3419 ct
1994 3367 2045 3418 in
2077 3381 2224 3418 mare
2259 3381 2384 3434 pro-

797 3457 929 3524 jeeit
953 3455 975 3508 ?
998 3455 1130 3520 quid
1163 3456 1344 3507 dicam
1374 3471 1590 3520 neseio;
1619 3471 1682 3509 ac
1708 3457 1753 3509 si
1781 3472 1888 3526 qua
1925 3458 2028 3509 alia
2052 3467 2224 3511 morte
2254 3458 2384 3511 sub-

804 3549 945 3600 latus
974 3548 1062 3601 ille
1087 3559 1190 3608 est,
1226 3543 1367 3600 Deus
1397 3562 1539 3601 unus
1571 3547 1743 3602 novit.

876 3700 1018 3753 XXI.
1055 3699 1179 3755 Haze
1223 3711 1278 3754 et
1311 3701 1514 3754 similia
1569 3717 1690 3757 cum
1741 3701 2134 3758 lamentaretur
2169 3703 2384 3767 mulier,

805 3793 972 3856 cives,
1010 3793 1101 3859 qui
1143 3803 1540 3857 convenerant,
1581 3793 1752 3862 ipsam
1787 3795 2042 3865 lacrymis
2086 3811 2385 3866 proseque-

806 3887 1021 3938 l-antur.
1053 3882 1121 3937 Ut
1161 3901 1290 3938 vero
1333 3895 1541 3938 tantum
1593 3889 1861 3954 ploratum
1915 3888 2172 3960 [xxxviii]
2217 3891 2387 3946 abbas

805 3977 1031 4038 audivit,
1071 3977 1388 4044 episcopum
1432 3976 1808 4047 interrOgavil,
1846 3996 2110 4048 quorsum
2153 3982 2389 4036 turbatio

807 4069 897 4120 illa
922 4069 1234 4137 pertineret,
1268 4085 1432 4138 quam
1480 4071 1533 4123 in
1573 4072 1706 4126 urbe
1738 4089 1857 4126 esse
1893 4075 2136 4128 audiret?
2177 4076 2246 4129 At
2274 4076 2389 4144 epi-

806 4175 1026 4227 scopus,
1081 4164 1172 4228 qui
1221 4160 1468 4228 Gregorii
1509 4175 1762 4232 parentes
1801 4165 2084 4222 advenisse
2139 4179 2386 4235 noverat,

806 4265 1009 4318 eosque
1053 4267 1172 4304 esse
1218 4255 1309 4319 qui
1343 4253 1552 4318 tierent,
1590 4255 1845 4326 lacrymis
1873 4259 2081 4314 obortis
2108 4259 2387 4327 ingemuit,

806 4353 967 4410 atque
990 4383 1004 4400 .
1045 4343 1205 4406 Audi,
1239 4345 1436 4413 inquit,
1469 4344 1628 4399 Pater
1662 4366 1674 4399 :
1707 4364 1970 4416 exponam
2002 4353 2144 4404 enim
2169 4355 2262 4406 tibi
2296 4354 2392 4406 tri-

807 4434 1033 4486 stissimi
1087 4446 1316 4488 eventus
1368 4438 1672 4496 historiam.
1718 4434 1815 4509 qui
1855 4452 1981 4494 ante
2027 4459 2201 4498 annos
2250 4444 2389 4500 duos

2485 3265 2540 3317 δὲ
2594 3267 2756 3326 τόπος
2809 3267 2868 3317 τὸ
2919 3265 3184 3334 μονογενῆ
3234 3282 3335 3334 μου
3378 3267 3667 3335 ἀπέκρυψε
3722 3269 3964 3333 τέκνον;
4024 3271 4086 3321 Εἰ

2488 3371 2573 3406 πω
2631 3355 2971 3424 θηριάλωτον
3025 3355 3158 3407 αὐτὸ
3212 3357 3435 3423 γέγονε·
3474 3357 3590 3409 ἁλλ’
3637 3361 3665 3410 6
3705 3360 3874 3421 τόπος
3919 3361 4082 3430 θηρία

2486 3449 2587 3500 οὐκ
2611 3447 2743 3514 ἔχει.
2781 3449 2928 3518 ’Δρα
2964 3464 3027 3515 γε
3071 3449 3145 3517 μή
3177 3465 3260 3511 τις
3295 3449 3458 3500 αὑτὸν
3489 3450 3546 3500 ἐν
3573 3452 3728 3502 νυκτὶ
3753 3453 4078 3515 ἀπέπνιξεν,

2489 3542 2584 3591 καὶ
2643 3542 2721 3600 είς
2780 3538 3062 3592 θάλασσαν
3118 3539 3380 3610 ἐρριψεν;
3433 3543 3534 3594 οῦκ
3594 3539 3712 3596 οἶδα
3778 3547 3962 3596 εἰπεῖν
4012 3549 4081 3613 μη

2490 3632 2582 3681 καὶ
2623 3629 2797 3691 ἄλλως
2823 3647 2940 3692 πως
2963 3632 3286 3700 ἀπεκτάνθη
3307 3673 3321 3698 ,
3354 3634 3382 3684 6
3406 3634 3538 3697 Θεὸς
3569 3638 3726 3704 μόνος
3763 3639 3893 3689 ἐπίσ
3910 3656 4080 3690 ταται.

2563 3721 2693 3774 KA'.
2755 3721 2942 3773 Ταῦτα
2990 3723 3084 3774 καί
3137 3721 3204 3775 τὰ
3250 3725 3475 3776 τοιαῦτα
3531 3727 4000 3797 ἀπολοφυρομὲι,η
4053 3733 4080 3793 ἡ

2491 3815 2648 3882 γυνὴ,
2679 3814 2941 3882 συνῆλθον
2969 3815 3019 3866 οὶ
3045 3813 3144 3883 τῆς
3176 3815 3406 3880 πόλεως,
3436 3818 3532 3869 καὶ
3559 3821 3888 3872 συνέκλαιον
3923 3826 4078 3891 αὐτῇ.

2505 3905 2768 3966 Ἀκούσας
2818 3905 2874 3956 δὲ
2927 3907 2956 3956 6
2997 3905 3171 3968 assa;
3212 3907 3302 3958 τὸν
3346 3909 3512 3961 πολὺν
3555 3910 3775 3978 θρῆνον,
3811 3913 3887 3964 λέ·
3910 3931 3971 3965 ἐι

2492 3997 2812 4066 ἐπισκόπῳ·
2845 3999 3078 4066 Ἄραγε,
3111 3999 3315 4068 Πάτερ,
3339 4001 3420 4062 τίς
3461 4005 3609 4059 ἐστιν
3657 4005 3684 4055 6
3716 4005 3883 4072 θόρυε
3910 4025 3982 4069 ος,
4032 4009 4082 4058 ὃν

2492 4087 2677 4140 ἀκούω
2709 4090 2766 4140 ἐν
2788 4092 2854 4157 τῇ
2888 4089 3076 4155 πόλεις
3111 4091 3276 4154 Γνοὺς
3306 4092 3360 4144 δὲ
3385 4095 3413 4145 6
3445 4095 3763 4157 ἐπίσκοπος,
3793 4098 3879 4148 ὅτι
3921 4102 3972 4150 οξ
4002 4117 4080 4164 γο-

2493 4184 2604 4242 νεῖς
2639 4180 2939 4233 κατέλαϐον
2989 4182 3084 4234 τοῦ
3130 4183 3458 4252 Γρηγορίου,
3511 4188 3602 4238 καί
3635 4187 3792 4239 αὐτοί
3842 4207 3871 4240 ε
3910 4207 3993 4241 σιν
4041 4192 4080 4242 οἱ

2495 4273 2842 4342 θρηνοῦντες,
2885 4274 3149 4339 στενάξας
3187 4278 3252 4328 ἐκ
3284 4275 3501 4346 βάθους,
3533 4276 3648 4330 εἶτα
3673 4281 3770 4332 καὶ
3799 4281 3869 4332 δα
3910 4284 4080 4352 ρύσας

2495 4364 2630 4433 ἔφη·
2663 4365 2952 4430 Ἄκουσον,
2988 4365 3192 4433 Πάτερ,
3227 4368 3323 4418 καὶ
3350 4367 3683 4438 διηγήσομαί
3718 4387 3805 4422 σοι
3850 4389 3869 4420 ιι
3910 4399 3919 4422 ι
3949 4391 4055 4439 συμ

2497 4455 2599 4506 σὰν
2625 4453 2798 4506 δεινὸν
2827 4457 2882 4506 ἐν
2909 4457 2975 4526 τῇ
3007 4457 3162 4508 πόλει
3189 4455 3366 4528 ταύτῃ
3396 4459 3501 4528 πρὸ
3529 4460 3636 4511 τῶν
3674 4459 3770 4511 δύο
3815 4464 3867 4513 ἐν
3910 4468 4072 4515 aut-.7;

808 4525 910 4577 hac
942 4525 1056 4593 ipsa
1101 4525 1154 4577 in
1191 4527 1323 4579 urbe
1356 4529 1574 4584 accidit.
1619 4528 1710 4583 Vir
1755 4541 1871 4584 erat
1902 4533 2137 4600 quodam
2179 4535 2234 4588 in
2266 4537 2383 4589 vico

2487 4545 2595 4597 τῶν
2626 4545 3010 4615 παρελθόντων
3031 4547 3256 4600 τούτων.
3282 4543 3394 4601 Ἦν
3420 4565 3504 4610 τις
3527 4553 3665 4620 ἀνὴρ
3690 4553 3747 4603 ἐν
3778 4553 3862 4603 κώ
3910 4571 3954 4626 ῃ
3986 4559 4076 4605 τινὶ

806 4633 974 4687 prope
1010 4619 1149 4672 hanc
1183 4621 1397 4684 urbem,
1432 4622 1525 4688 qui
1563 4637 1788 4675 uxorem
1820 4626 2051 4678 duxerat
2083 4627 2225 4694 piam
2262 4627 2388 4680 Dei-

806 4727 914 4779 que
969 4721 1301 4764 metuentem
1358 4731 1370 4765 :
1422 4724 1684 4782 erantque
1744 4719 1906 4769 ambo
1962 4718 2115 4772 valde
2167 4719 2386 4787 divites,

807 4820 1037 4871 quaeque
1067 4821 1097 4856 a
1129 4803 1234 4856 Deo
1263 4817 1605 4873 aceeperant,
1639 4808 1723 4876 pie
1757 4809 2231 4875 administrabant,
2263 4827 2386 4882 ege-

809 4908 933 4955 nos,
971 4895 1184 4954 Viduas,
1219 4894 1456 4962 pupillos
1491 4897 1649 4949 bonis
1682 4899 1889 4952 alentes
1938 4901 2073 4960 suis,
2111 4909 2295 4968 atque,
2334 4911 2390 4953 ut

809 4987 967 5053 plane
997 4986 1198 5048 dicam,
1249 4987 1450 5039 nemini
1493 4989 1684 5042 deesse
1729 4993 2016 5059 patientes,
2063 5009 2185 5060 qua:
2247 5009 2384 5062 opus

807 5087 1009 5139 essent,
1056 5085 1110 5128 et
1156 5089 1468 5132 sanctorum
1513 5083 1934 5136 necessitatibus
1973 5084 2170 5153 cupide
2199 5087 2383 5151 opitu-

811 5169 1000 5220 lantes.
1059 5166 1200 5220 Puer
1232 5183 1360 5221 vero
1415 5171 1501 5224 bis
1530 5173 1692 5226 datus
1725 5185 1829 5234 est,
1861 5191 2021 5243 quem
2082 5191 2182 5243 ego
2223 5178 2387 5231 miser

809 5262 994 5312 divino
1020 5261 1355 5329 salutarique
1386 5262 1713 5331 baptismate
1748 5277 1996 5322 renatum
2040 5271 2275 5339 suscepi.
2306 5269 2386 5325 Eo

809 5351 955 5406 aucti
989 5361 1260 5420 parentes,
1299 5353 1486 5407 liberis
1525 5371 1748 5423 operam
1784 5358 1914 5411 dare
1945 5359 2251 5422 desierunt;
2295 5369 2383 5412 ut-

808 5460 917 5515 que
965 5458 1100 5513 puer
1149 5460 1349 5497 annum
1391 5447 1568 5515 attigit
1598 5459 1873 5514 octavum,
1907 5451 2013 5505 buc
2059 5452 2129 5505 ab
2156 5453 2260 5507 illis
2293 5455 2385 5508 de-

809 5539 1008 5591 ductus
1061 5543 1165 5600 est,
1218 5547 1268 5588 et
1308 5552 1336 5588 a
1379 5553 1464 5590 me
1499 5539 1552 5590 in
1593 5538 1935 5608 disciplinam
1990 5544 2240 5598 traditus.
2282 5545 2381 5599 Cui

808 5628 1059 5682 Christus
1099 5629 1234 5680 adeo
1271 5630 1536 5698 propitius
1575 5630 1696 5697 fuit,
1747 5643 1803 5685 ut
1851 5636 2024 5702 prima
2079 5639 2380 5692 litterarum

807 5721 1074 5774 elementa
1111 5721 1250 5774 intra
1288 5722 1567 5776 biennium
1599 5725 1842 5793 apprime
1879 5740 2146 5795 nosceret,
2193 5748 2381 5786 usum-

881 5831 992 5900 (δι,
1022 5833 1078 5886 lu
1106 5836 1227 5887 cod.
1260 5834 1315 5902 ἓ,
1347 5835 1680 5907 θεοτήρητος
1715 5838 1886 5908 φιλία.

2487 4638 2717 4707 πλησίον
2746 4639 2844 4706 τῆς
2878 4638 3117 4692 ἐνταῦθα
3147 4641 3376 4702 πόλεως,
3414 4641 3554 4710 ἔχων
3594 4646 3831 4709 γυναῖκα
3910 4649 4073 4714 εμνὴιι

2488 4732 2582 4782 καὶ
2631 4729 2977 4800 φοϐουμένην
3023 4731 3111 4782 τὸν
3142 4731 3294 4796 Θεὸν,
3323 4733 3661 4802 ὑπάρχοντες
3691 4738 3788 4787 καὶ
3823 4737 3857 4786 ἐκ
3927 4741 4074 4789 εὐπο-

2491 4823 2583 4892 ρίᾳ
2611 4821 2805 4891 πολλῇ,
2841 4821 3077 4884 εὐσεϐῶς
3114 4823 3446 4887 διοικοῦντες
3495 4827 3565 4877 τά
3607 4828 3761 4896 παρὰ
3801 4846 3853 4880 τε
3951 4831 4070 4882 Θεοῦ

2487 4913 2747 4981 δεδομένα
2796 4913 3004 4977 αὐτοῖς,
3027 4914 3376 4983 διανέμοντες
3435 4921 3849 4989 πτωχοῖς,,χήρ
3910 4941 3950 4984 ις
3996 4925 4071 4982 χαὶ
4161 4967 4163 4977 ,

2484 5007 2741 5075 ὀρφανοῖς
2768 5006 3299 5078 ἀντιλαμΰανόμενοι
3321 5026 3333 5040 ’
3366 5010 3461 5062 καὶ
3491 5011 3678 5074 ἁπλῶς
3703 5015 3847 5065 simi
3910 5057 3914 5070 ,
3954 5019 4070 5068 τεᾶςι

2483 5099 2598 5158 τοῖς
2641 5097 2917 5166 δεομένοις
2972 5099 3343 5167 ἐπαρκοῦντες
3401 5102 3470 5152 τά
3527 5101 3662 5172 πρὸς
3711 5104 3815 5172 τὴν
3911 5123 4067 5174 ρειαί,

2487 5187 2886 5252 σπουδάζοντες
2923 5191 3019 5242 καὶ
3046 5192 3168 5254 ταῖς
3194 5191 3303 5243 τῶν
3328 5192 3498 5258 ἁγίων
3525 5193 3738 5263 χρείαις
3772 5211 3837 5246 κο
3910 5201 4062 5249 ωνεῖν.

2499 5279 2684 5348 Ἐδόθη
2710 5279 2766 5332 δὲ
2799 5281 2982 5344 αὐτοῖς
3008 5282 3200 5335 τέκνον
3231 5323 3245 5349 ,
3277 5277 3487 5347 οὗτινος
3528 5286 3637 5352 ἐγὼ
3683 5287 3710 5338 6
3744 5288 3837 5354 ἁμι
3910 5290 4065 5346 ντωλὸς

2487 5372 2746 5441 άνάδοχος
2776 5374 2982 5440 γέγονα
3023 5376 3086 5427 ἐκ
3117 5376 3210 5428 τοῦ
3255 5377 3402 5429 θείου
3434 5381 3528 5430 καὶ
3559 5379 3835 5448 σωτηριώε
3910 5399 3951 5444 ις
3993 5383 4066 5449 5:-

2488 5462 2813 5531 πτίσματος.
2854 5464 3120 5535 ’Δπὲσχον
3171 5466 3230 5518 δὲ
3277 5467 3521 5537 ἀλλήλων
3571 5470 3618 5521 οἱ
3667 5473 3831 5535 γονεῖς
3910 5465 4064 5542 ἱερ⁸ὦ

2487 5554 2674 5605 ἔτεκον
2697 5555 2878 5608 αὐτόν.
2910 5557 3210 5627 Γενομένου
3245 5558 3300 5612 δὲ
3331 5560 3495 5612 αὑτοῦ
3525 5561 3822 5626 όκταετοῦς
3914 5581 4062 5632 γαγον

2486 5646 2650 5698 αὑτὸν
2698 5649 2954 5712 ἐνταῦθα,
3001 5652 3097 5702 καὶ
3144 5651 3211 5704 δι’
3246 5653 3382 5722 ἐμοῦ
3417 5655 3689 5725 παρεδόθη
3720 5658 3806 5719 εἰς
3939 5659 4060 5711 διόαο

2490 5739 2760 5794 σκα).;ἰον.
2809 5744 2918 5794 Καὶ
2961 5744 3153 5796 ἔλαϐεν
3195 5747 3354 5818 χάριν
3397 5749 3544 5819 παρὰ
3579 5750 3819 5820 Χριστοῦ
3910 5765 4058 5808 3:1:-

4143 5205 4153 5481 ί
