4226 6444
749 378 849 438 587
1750 370 1808 427 S.
1841 367 2218 428 GREGORII
2262 364 2775 425 AGHIGENTINI
2822 361 3017 424 V'ITA.
3914 362 4028 429 583

752 501 845 554 per
888 495 1125 552 prmscns
1155 488 1259 543 cst,
1294 486 1345 533 et
1379 492 1565 549 preces
1599 491 1696 544 pro
1758 476 1913 528 vobis
1969 474 2169 528 fundit.
2225 471 2324 524 Cui

2447 469 2463 539 ἦ
2513 470 2687 534 οὕτως
2718 469 2976 540 ἀσέμνως
3010 468 3231 521 πενθεῖν
3274 468 3365 521 ἐπὶ
3392 468 3467 538 τῷ
3516 470 3689 538 τέκνῳ
3723 470 3903 539 ὑμῶν,
3944 478 4031 535 τῲ

750 577 976 630 Cbarito
1018 593 1030 627 :
1064 574 1228 636 Audi,
1259 573 1456 641 inquit,
1504 569 1684 632 Pater,
1717 583 1804 622 res
1861 568 2087 621 omnino
2129 567 2200 617 ita
2270 564 2331 619 Se

755 670 955 733 habet;
989 668 1251 735 scriptum
1289 663 1489 734 quippe
1530 672 1615 715 est
1647 662 1701 714 iu
1729 659 2039 714 Proverbiis
2066 673 2079 709 ι
2109 675 2126 707 ι
2158 654 2330 708 Iul‘er-

754 778 855 815 nus
880 769 934 814 et
974 757 1203 829 perditio
1230 771 1416 810 coram
1450 754 1721 809 Domino:
1758 759 1965 819 quanto
2002 749 2175 819 magis
2207 763 2330 801 cor-

751 855 817 905 da
851 852 1133 906 hominum
1177 848 1335 921 (94)?
1366 867 1383 901 ι
1416 862 1603 917 quare,
1650 844 1872 899 domine
1920 843 1993 896 mi
2034 850 2090 895 et
2147 840 2329 905 Pater,

754 946 898 999 tilius
928 958 1148 1013 quoque
1198 950 1408 1003 noster,
1441 939 1525 993 vel
1572 938 1617 991 si
1650 953 1851 1008 corpus
1888 936 2007 1006 ejus
2040 949 2201 988 manu
2229 932 2332 985 ho-

752 1037 916 1092 minis
954 1045 1204 1091 enectum
1244 1033 1429 1095 fuerit,
1466 1031 1650 1086 anima
1689 1042 1837 1085 certe
1886 1028 2041 1091 vivit,
2068 1038 2122 1081 et
2156 1026 2209 1079 in
2237 1023 2328 1079 Dei

752 1142 951 1182 manus
988 1125 1281 1197 pervenit:
1324 1139 1448 1177 nam
1503 1124 1764 1177 innocens
1832 1120 1989 1189 plane
2027 1118 2333 1172 exstinctus

750 1231 850 1277 est.
885 1218 1030 1275 Uxor
1062 1226 1243 1272 autem
1285 1215 1600 1271 Charitonis
1629 1214 1712 1269 ori
1750 1214 1965 1267 abbatis
2008 1212 2212 1265 intenta
2248 1225 2336 1262 ex-

754 1312 1043 1384 spectabat.
1084 1311 1219 1381 (95),
1251 1309 1381 1378 quid
1414 1308 1479 1361 ad
1523 1308 1637 1361 lucc
1677 1306 1925 1359 dicturus
1955 1310 2118 1357 esset.
2140 1300 2208 1353 Αι
2236 1300 2333 1353 ab-

753 1408 849 1462 bas
876 1402 1156 1460 Cbaritoni
1190 1402 1526 1473 respondens
1553 1418 1566 1454 :
1598 1398 1761 1463 Audi,
1803 1397 1959 1459 dixit,
1978 1393 2203 1448 Clmrito
2226 1392 2336 1445 fra-

753 1508 854 1559 ter,
888 1511 953 1551 ac
984 1494 1147 1551 Iidem
1184 1494 1324 1547 babe
1383 1492 1515 1545 mihi
1551 1509 1563 1543 :
1636 1504 1741 1544 non
1796 1487 1842 1541 si
1882 1486 2025 1540 Illius
2066 1493 2192 1539 tuus
2242 1497 2330 1536 ca-

2431 560 2567 631 πρὸς
2597 561 2656 615 τὸ
2681 561 2858 631 παρὸν
2886 560 3013 629 ὑμῖν
3045 561 3120 629 μὴ
3151 559 3480 629 φαινομένῳ,
3534 562 3618 613 ἀεὶ
3648 562 3703 613 δὲ
3760 562 3839 631 τῷ
3902 562 4033 636 6εῷ

2432 651 2654 723 φανερῷ
2680 651 2818 715 ὅντι,
2857 651 2953 704 καὶ
2995 650 3124 721 περὶ
3160 651 3315 721 ὑμῶν
3348 655 3789 725 προσευχομένη).
3862 656 4029 708 ’Λπα

2431 740 2639 813 κριθεὶς
2669 741 2726 794 δὲ
2757 741 2785 793 6
2807 741 3063 811 Χαρίτων
3093 742 3242 809 λέγει
3273 742 3453 813 αὐτῷ·
3490 745 3780 811 Ἀκουοον,
3810 748 4030 817 Πάτερ.

2433 836 2541 887 πᾶν
2572 833 2843 896 τοσούτως
2871 833 2985 903 ἔχει
3016 850 3029 864 ο
3063 834 3375 905 γέγραπται
3409 837 3517 906 γὰρ
3550 838 3609 889 ὲν
3642 840 3762 900 ταῖς
3816 841 4029 909 Παροι-

2437 928 2611 997 μίαις,
2656 944 2673 977 ι
2712 926 2879 998 ’ᾼδης
2915 927 3008 979 καὶ
3029 926 3277 980 ἀπώλεια
3309 929 3519 998 φανερὰ
3575 930 3725 1000 παρὰ
3783 933 4023 1001 Κυρίου.

2436 1018 2551 1081 πῶς
2584 1017 2708 1087 οὐχὶ
2740 1016 2834 1070 καὶ
2865 1018 2921 1070 αἱ
2951 1017 3173 1085 καρδίαι
3203 1018 3311 1070 τῶν
3350 1017 3656 1087 ἀνθρώπων
3684 1037 3697 1083 ;
3736 1040 3751 1071 ι
3775 1021 4023 1083 παντως.

2436 1107 2591 1178 κύριέ
2624 1124 2724 1177 μου
2760 1108 2853 1160 καὶ
2884 1105 3087 1176 Πάτερ,
3121 1109 3215 1159 καὶ
3259 1108 3321 1159 τὸ
3366 1108 3556 1160 τέκνον
3607 1110 3787 1180 ἡμῶν,
3832 1114 3882 1163 εἰ
3934 1114 4027 1165 καὶ

2436 1198 2765 1265 πεφόνευται
2800 1196 2909 1251 ἀπὸ
2942 1196 3125 1267 χειρὸς
3160 1195 3452 1268 ἀνθρώπου
3496 1204 3556 1251 τὸ
3606 1200 3766 1269 σῶμα
3830 1202 4026 1259 αἰτοῖ,

2436 1288 2550 1341 ἀλλ’
2583 1284 2679 1341 οὖν
2704 1289 2738 1357 ἡ
2765 1288 2911 1358 ψυχὴ
2941 1287 3105 1342 αὑτοῦ
3130 1290 3208 1350 εἰς
3237 1292 3422 1359 χεῖρας
3445 1290 3581 1342 Θεοῦ
3610 1292 3981 1362 παραδέδοται
4013 1313 4026 1321 ·

2438 1380 2680 1444 ἀναίτιος
2708 1383 2817 1452 γὰρ
2839 1380 3136 1435 ἀπέθανεν.
3179 1370 3319 1433 Ἡδὲ
3342 1382 3480 1453 γυνὴ
3515 1385 3680 1435 αὑτοῦ
3711 1385 4029 1453 ἀπέϐλεψεν

2432 1473 2512 1544 τῷ
2546 1474 2774 1544 στόματι
2802 1472 2896 1526 τοῦ
2930 1473 3097 1537 ἁὸϐᾶ,
3169 1474 3229 1526 τὸ
3260 1462 3315 1526 τί
3342 1473 3450 1544 ἄρα
3488 1466 3905 1546 ἀπολογήσεται
3927 1496 4028 1529 πε-

752 1591 1049 1645 lamitatem
1081 1570 1319 1657 aliquam
1358 1585 1636 1644 subiisset,
1675 1580 1760 1633 vel
1804 1587 1862 1632 ut
1901 1588 1956 1631 tu
1988 1586 2168 1646 putas,
2228 1589 2331 1628 nec

2447 1566 2493 1635 pl.
2512 1566 2726 1620 τούτου.
2745 1568 3092 1638 Ἀποκριθεὶς
3122 1568 3179 1620 δὲ
3210 1566 3384 1629 ὰϐὅᾶς
3410 1568 3561 1636 λέγει
3592 1571 3668 1639 τῷ
3694 1570 3984 1640 Χαρίτωνι
4010 1587 4025 1599 ·

755 1695 936 1737 tamen
976 1680 1179 1734 factum
1209 1687 1310 1741 est,
1346 1678 1415 1731 ab
1473 1675 1658 1743 aliquo
1708 1672 1928 1727 occisus
1979 1680 2142 1734 esset,
2195 1682 2333 1723 mu:-

752 1790 932 1830 rorem
962 1773 1085 1828 ideo
1115 1782 1167 1826 et
1204 1772 1475 1841 lacrymas
1504 1770 1647 1822 Deus
1678 1764 1976 1835 negligeret
2014 1762 2200 1832 bujus,
2235 1759 2330 1830 qui

752 1881 805 1924 et
846 1868 925 1922 illi
957 1877 1012 1921 et
1035 1864 1193 1921 nobis
1225 1861 1540 1918 communis
1566 1871 1648 1914 est
1672 1857 1875 1911 animis
1926 1855 2188 1909 curandis
2228 1853 2332 1906 Pa-

756 1969 836 2016 ter
872 1976 885 2024 ;
926 1957 1020 2011 sed
1054 1969 1179 2007 enim
1246 1951 1472 2006 omnino
1502 1950 1565 2004 de
1594 1948 1749 2018 pueri
1799 1945 1966 2000 rebus
2004 1941 2331 1998 edocuisset.

756 2054 962 2123 Itaque,
999 2049 1130 2103 mibi
1156 2048 1333 2109 crede,
1366 2045 1584 2099 animus
1614 2042 1759 2097 illius
1798 2043 1940 2097 bona
1990 2040 2046 2093 in
2101 2037 2338 2121 statione

759 2150 1035 2199 versatur.
1078 2137 1179 2194 Cui
1202 2137 1431 2194 Charite
1466 2154 1480 2190 :
1518 2134 1691 2201 Bona,
1742 2132 1941 2203 inquit,
1992 2141 2157 2199 atque
2198 2127 2343 2182 utilis

755 2235 1065 2294 cohortatio
1117 2242 1210 2287 tua
1245 2239 1352 2297 est,
1384 2229 1589 2297 Pater;
1620 2238 1674 2283 at
1699 2226 1965 2281 Dominus
2002 2223 2177 2288 novit,
2222 2235 2346 2291 quae

758 2331 852 2385 lilii
886 2327 1058 2384 nostri
1084 2324 1325 2381 conditio
1352 2323 1442 2389 sit,
1472 2331 1537 2376 et
1561 2320 1675 2390 ipse
1726 2320 1903 2373 nostri
1976 2313 2343 2373 miserebitur,

759 2437 856 2477 nec
889 2420 1068 2475 minus
1090 2417 1256 2473 animi
1289 2414 1452 2482 illius,
1471 2411 1928 2484 quemadmodum
1959 2408 2209 2464 voluntas
2228 2403 2348 2474 ejus

758 2514 884 2581 fert,
926 2526 1116 2569 curam
1153 2518 1323 2581 geret.

2441 1660 2728 1724 ¹Ἄκουσον,
2759 1659 2959 1728 ἀδελφὲ
2990 1658 3264 1727 Χαρίτων,
3294 1659 3519 1714 πίστευέ
3557 1678 3668 1731 μοι,
3718 1663 3805 1714 ὅτι
3840 1664 3894 1713 εἰ
3934 1662 4031 1714 ἐπὶ

2438 1752 2593 1822 κακῷ
2622 1751 2886 1818 ἐξέδωκεν
2932 1753 3124 1806 ἑαυτὸν
3150 1752 3211 1805 τὸ
3255 1753 3448 1805 τέκνον
3490 1771 3584 1816 σου
3620 1755 3651 1824 ἦ
3702 1754 3778 1817 ὡς
3808 1756 3872 1805 σὺ
3940 1772 4031 1806 νο-

2441 1845 2640 1919 μίζεις,
2671 1843 3040 1912 πεφονεῦσθαι
3073 1845 3235 1898 αὐτὸν
3261 1845 3366 1897 ὑπό
3399 1863 3567 1908 τινος,
3592 1846 3620 1898 ὂ
3649 1848 3709 1897 ον)
3754 1847 4029 1914 γέγονεν,

2439 1941 2541 1993 οὐκ
2572 1939 2638 1993 ἂν
2673 1938 2899 2009 παρίδεν
2922 1939 2949 1990 6
2977 1937 3112 2001 Θεὸς
3144 1940 3271 2001 τοὺς
3302 1939 3507 2001 κόπους
3551 1941 3647 1992 καὶ
3676 1940 3744 1993 τι
3806 1941 4032 2010 δάκρυα

2438 2032 2534 2085 τοῦ
2565 2030 2940 2102 πνευματικοῦ
2973 2031 3139 2085 αὑτοῦ
3174 2048 3234 2084 τε
3266 2033 3360 2086 καὶ
3399 2034 3428 2102 ἡ
3437 2031 3553 2103 μῶν
3584 2033 3765 2087 κοινοῦ
3806 2035 4031 2104 Πατρὶς

2440 2123 2627 2178 τούτου
2655 2138 2668 2150 ⁸
2702 2122 2839 2177 ἀλλὰ
2854 2122 3068 2185 πάντως
3100 2124 3414 2194 φανερῶσαι
3450 2124 3598 2195 αὑτῷ
3627 2122 3772 2195 εἶχεν
3804 2124 3872 2177 τὰ
3902 2126 4035 2178 κατ’

2442 2216 2621 2271 αὐτόν.
2664 2214 2827 2269 Ἀλλὰ
2853 2213 3077 2284 πίσθητί
3119 2232 3228 2283 μοι,
3258 2214 3339 2266 ὃτι
3366 2216 3424 2266 ἐν
3462 2213 3687 2281 ἀγαθοῖς
3740 2214 4037 2277 αὐλίζεται

2444 2312 2477 2379 ἠ
2528 2309 2677 2380 ψυχὴ
2715 2308 2903 2362 αὑτοῦ.
2947 2307 3294 2379 Ἀποκριθεὶς
3326 2306 3382 2360 δὲ
3408 2308 3436 2359 6
3466 2308 3718 2377 Χαρίτων
3751 2308 3902 2375 λέγει
3953 2308 4039 2376 τῷ

2444 2402 2589 2474 ὰὸϐᾷ
2606 2419 2620 2433 ·
2639 2400 2843 2471 ’Δγαθὴ
2860 2400 2955 2453 καὶ
2983 2399 3258 2470 ὠφέλιμος
3288 2402 3321 2471 ἡ
3343 2399 3411 2471 σὴ
3438 2400 3783 2471 παραίνεσις,
3803 2402 3997 2471 Πάτερ
4023 2418 4035 2429 ·

2452 2496 2595 2566 πλὴν
2624 2495 2767 2564 ἔγνω
2797 2494 3003 2566 Κύριος
3032 2494 3098 2547 τὰ
3132 2494 3273 2548 κατὰ
3299 2495 3360 2546 τὸ
3411 2494 3600 2547 τέκνον
3660 2495 3822 2564 ἡμῶν
3855 2512 3868 2525 ’
3938 2496 4039 2545 καὶ

2434 2594 2581 2664 ἡμᾶς
2612 2592 2823 2662 ἐλεήσει
2854 2606 2869 2621 ⁶
2923 2589 3089 2644 αὐτοῦ
3159 2589 3237 2652 δὲ,
3269 2589 3347 2653 ὡς
3403 2589 3673 2660 βούλεται,
3728 2589 3827 2659 τὴν
3852 2588 4041 2659 ψυχὴν

2452 2689 2738 2759 διοικήσει.

830 2779 1016 2836 XXIII.
1050 2779 1185 2836 Post
1209 2779 1327 2835 hanc
1366 2779 1534 2835 abbas
1569 2778 1890 2848 episcopum
1923 2786 2101 2845 rogat,
2143 2788 2203 2833 ut
2246 2795 2329 2833 at-

2509 2785 2636 2838 ΚΡ.
2660 2779 2794 2837 Εἶτα
2825 2782 2998 2836 ταῦτα
3027 2781 3290 2835 εἰπόντων
3321 2782 3501 2835 αὐτῶν
3518 2782 3662 2849 λέγει
3701 2784 3727 2835 6
3748 2783 3925 2844 666i;
3958 2783 4041 2853 τῷ

762 2876 1145 2932 ebidiaconum
1176 2874 1397 2945 prodire
1428 2873 1484 2927 in
1512 2872 1751 2927 medium
1806 2870 1993 2940 jubeat
2023 2890 2038 2938 ;
2078 2880 2247 2941 utque
2299 2873 2346 2928 is

764 2974 816 3025 in
850 2970 1089 3027 medium
1149 2966 1436 3037 processit,
1470 2964 1551 3019 sic
1579 2978 1703 3018 eum
1733 2962 1931 3016 aﬂ‘atur
1967 2961 2110 3035 :[u]
2143 2964 2235 3019 Dic
2268 2973 2344 3029 tu,

765 3063 948 3124 homo,
985 3059 1156 3129 quare
1194 3071 1317 3125 qua:
1357 3055 1497 3109 Deus
1528 3055 1586 3108 in
1625 3068 1799 3123 puero
1841 3054 2101 3122 prazclara
2156 3063 2349 3110 osten-

765 3154 939 3215 tlerat,
979 3152 1239 3220 episcopo
1278 3160 1385 3199 non
1413 3144 1879 3199 declarasti?cur
1929 3142 2122 3197 abiens
2163 3141 2347 3197 fodisti

769 3259 820 3294 In
859 3251 1024 3306 terra,
1058 3248 1113 3291 et
1140 3236 1350 3291 domini
1380 3235 1461 3289 tui
1496 3241 1783 3303 argentum
1818 3241 1875 3285 ut
1916 3247 2112 3287 servus
2143 3232 2231 3286 ille
2255 3247 2349 3286 ne-

765 3350 951 3405 quam,
981 3331 1266 3388 occultasti
1294 3330 1316 3383 ’ί
1349 3329 1600 3383 malusne
1658 3326 1876 3381 animus
1924 3327 2038 3381 haec
2070 3334 2196 3380 tuus
2226 3340 2350 3394 per-

768 3428 951 3491 vertit,
987 3443 1053 3479 an
1092 3424 1273 3495 potius
1304 3423 1447 3479 banc
1507 3420 1601 3475 tibi
1662 3430 1898 3474 mentem
1961 3418 2211 3473 diabolus
2249 3418 2349 3472 do-

770 3520 883 3572 lose
910 3515 1120 3586 injecit,
1156 3513 1463 3582 suasitque,
1503 3520 1562 3565 ut
1602 3509 1696 3564 Dei
1726 3510 1929 3565 donum
1948 3509 2351 3564 absconderes?

770 3623 1124 3680 nunquamne
1158 3620 1287 3661 vero
1314 3606 1541 3676 legeras,
1573 3603 1871 3676 gloriosum
1902 3618 2023 3658 esse
2059 3602 2157 3657 Dei
2220 3617 2351 3672 0pc-

773 3720 829 3757 ta
862 3699 1257 3773 promulgare?
1289 3713 1354 3753 ac
1383 3698 1518 3753 tales
1551 3697 1667 3767 ipse
1696 3704 1751 3750 et
1780 3703 1961 3750 tantas
1988 3694 2196 3750 inferre
2227 3709 2349 3748 mu-

774 3795 960 3850 lcstias
991 3792 1213 3862 putuisti
1246 3790 1598 3846 sanctissimo
1654 3789 1933 3858 episcopo,
1995 3788 2353 3857 ejusdemque

768 3896 937 3935 causa
970 3879 1171 3950 populo
1226 3879 1479 3933 universo
1533 3885 1588 3932 et
1638 3878 1724 3932 bis
1781 3878 1935 3948 pueri
1990 3876 2352 3946 parentibus?

770 3972 908 4026 Nam
937 3972 981 4026 si
1012 3985 1107 4025 eos
1136 3970 1401 4024 certiores
1432 3970 1498 4023 de
1516 3969 1583 4023 iis
1616 3968 1999 4037 fecisses,qua:
2032 3968 2174 4022 Deus
2201 3968 2352 4038 pueri

772 4078 938 4117 causa
966 4061 1199 4115 illustria
1226 4068 1517 4131 patrassct,
1546 4058 1791 4129 profecto
1828 4059 1999 4129 gavisi
2028 4068 2211 4113 essent
2232 4074 2352 4113 om-

2448 2875 2731 2945 ἐπισκόπῳ
2762 2889 2774 2903 ·
2810 2875 3018 2942 Ἀγαγε
3046 2876 3127 2936 εἰς
3155 2873 3319 2943 μέσον
3348 2874 3437 2925 τὸν
3466 2873 3866 2943 ἁρχιδιάκονον.
3899 2871 4039 2926 Εἶτα

2447 2971 2525 3032 εἰς
2556 2969 2720 3038 μέσον
2752 2966 2879 3024 στὰς
2913 2968 2941 3019 ὁ
2974 2966 3371 3037 ἁρχιδιὰκονος,
3408 2966 3559 3034 λέγει
3590 2964 3742 3034 αὑτῷ
3772 2967 3799 3017 6
3822 2964 4031 3026 666i;-

2447 3060 2587 3127 Λέγε
2615 3060 2702 3125 σὺ,
2754 3057 3030 3129 ἄνθρωπε,
3062 3058 3208 3121 τίνος
3242 3057 3433 3110 ’ἐνεκεν
3499 3058 3600 3109 οὐκ
3660 3056 4038 3123 ἀπεκάλυψας

2447 3140 2516 3205 τὰ
2551 3152 2813 3222 μεγαλεῖα
2845 3148 2938 3202 τοῦ
2975 3148 3112 3201 Θεοῦ
3138 3150 3206 3201 τὰ
3241 3150 3515 3217 γενόμενα
3568 3150 3648 3211 εἰς
3699 3147 3801 3200 τὸν
3866 3150 4037 3200 παῖδα

2448 3244 2523 3314 τῷ
2572 3242 2858 3312 ἐπισκόπῳ
2886 3257 2901 3306 ;
2932 3241 3045 3295 ἀλλ’
3080 3239 3329 3294 ἀπελθὼν
3361 3239 3577 3311 ὥρυξας
3606 3241 3663 3292 ἐν
3691 3243 3755 3309 τῇ
3791 3243 3887 3310 γῇ,
3940 3243 4038 3292 καὶ

2449 3334 2692 3407 ἔκρυψας
2723 3335 2781 3387 τὸ
2811 3334 3078 3403 ἀργύριον
3108 3332 3203 3385 τοῦ
3230 3333 3421 3404 κυρίου
3454 3350 3569 3395 σου,
3622 3331 3808 3397 καθὼς
3863 3336 3961 3386 καὶ
4010 3337 4040 3387 6

2449 3430 2684 3501 πονηρὸς
2709 3429 2892 3492 δοῦλος
2923 3428 3136 3489 ἐκεῖνος
3171 3445 3186 3493 ;
3222 3431 3250 3479 6
3281 3425 3406 3489 νοῦς
3439 3444 3532 3479 σου
3562 3429 3590 3480 6
3615 3427 3790 3489 δόλιος
3860 3427 4039 3480 ταῦτα

2450 3523 2833 3592 ἐτρωπήσατο,
2857 3520 3061 3590 μᾶλλον
3090 3518 3145 3571 δὲ
3176 3520 3204 3571 6
3262 3518 3555 3588 ἐνσπείρας
3577 3520 3634 3569 ἐν
3668 3520 3750 3571 σοὶ
3813 3520 4041 3571 κακζτε-

2450 3632 2577 3685 χνος
2605 3613 2849 3676 διάϐολος
2880 3612 3066 3665 τοῦτον
3091 3610 3180 3663 τὸν
3208 3610 3493 3677 λογισμὸν,
3520 3611 4038 3682 παραλογισάμενος

2451 3707 2549 3779 τὴν
2579 3706 2671 3759 τοῦ
2707 3705 2842 3758 Θεοῦ
2881 3705 3042 3775 χάριν
3086 3702 3505 3769 καλύπτεσθαις
3554 3704 3586 3775 ἢ
3642 3705 3744 3758 οὐκ
3793 3707 4040 3775 ἀνέγνως

2452 3801 2585 3852 ποτέ
2613 3797 2683 3850 τὰ
2707 3798 2798 3850 τοῦ
2829 3797 2965 3849 Θεοῦ
2996 3796 3133 3866 ἔργα
3185 3791 3586 3867 ἀνακηρύττειν
3621 3797 3833 3862 ἔνδοξον
3866 3816 3882 3861 ;
3948 3804 4043 3851 καὶ

2452 3890 2718 3952 τοσαύτας
2756 3890 2851 3941 καὶ
2891 3888 3144 3949 τοιαύτας
3193 3887 3402 3956 θλίψεις
3429 3890 3711 3959 ἐπήγαγες
3746 3890 3827 3961 τῷ
3883 3894 4045 3944 ὁσιω-

2454 3983 2603 4054 τάτῳ
2632 3983 2940 4052 ἐπισκὸπῳ,
2974 3982 3069 4033 καὶ
3100 3981 3165 4034 δι’
3199 3981 3365 4034 αὑτοῦ
3416 3982 3583 4035 παντὶ
3648 3982 3726 4053 τῷ
3773 3983 3893 4053 λαῷ
3950 3987 4047 4037 καὶ

2455 4078 2568 4137 τοῖς
2601 4075 2850 4143 γονεῦσιν
2871 4072 2965 4125 τοῦ
2988 4073 3202 4126 παιδίου
3229 4089 3243 4136 ;
3269 4074 3476 4136 Ὄντως
3496 4076 3545 4126 εἰ
3566 4076 3927 4145 ὲφανέρωσας
3944 4077 4044 4129 αὖ·

774 4171 892 4221 ncs,
934 4170 1115 4226 neque
1165 4155 1220 4208 in
1271 4162 1485 4209 tantum
1545 4166 1836 4207 maerorem
1894 4152 1960 4204 ad
2028 4151 2131 4205 boc
2179 4166 2344 4219 usque

2456 4168 2569 4229 τοῖς
2606 4167 2703 4237 τὴν
2727 4166 2883 4228 δόξαν
2905 4165 2997 4218 τοῦ
3024 4164 3182 4229 Θεοῦ,
3226 4166 3403 4236 ἤνπερ
3432 4166 3691 4236 ἐποίησεν
3756 4166 3904 4236 μετὰ
3950 4170 4045 4220 τοῦ

774 4260 989 4318 tempus
1009 4246 1404 4319 pervenissent.
1427 4246 1540 4316 Age
1556 4246 1742 4316 igitur,
1766 4245 1955 4312 homo,
1972 4243 2186 4314 singula
2209 4242 2355 4297 edis—

782 4354 926 4397 εειό.

846 4515 1035 4571 XXIV.
1086 4515 1183 4572 Ilic
1219 4532 1347 4571 vero
1378 4517 1579 4585 pallere
1618 4518 2062 4580 archidiaconus,
2116 4530 2181 4569 ac
2230 4516 2360 4570 lotis

779 4610 1011 4666 artubus
1050 4609 1473 4666 contremiscere
1504 4623 1519 4660 :
1557 4615 1673 4661 tum
1702 4623 1887 4662 coram
1943 4623 2010 4661 eo
2064 4608 2116 4660 in
2154 4616 2356 4660 terram

781 4705 1091 4774 prolapsus,
1128 4705 1343 4773 plorare
1377 4702 1612 4772 graviter
1659 4715 1723 4754 ac
1767 4702 1949 4758 dicere
1983 4717 1997 4752 :
2058 4700 2199 4753 Prob
2237 4714 2356 4762 vos,

782 4796 912 4860 mei,
942 4796 1133 4850 Patres
1165 4794 1363 4857 sancti,
1393 4776 1651 4847 miSereat
1674 4790 1969 4861 lllagitium
1992 4806 2022 4844 a
2042 4806 2127 4844 me
2153 4790 2360 4844 admis-

779 4903 903 4945 sum
932 4896 1015 4941 est
1044 4901 1225 4941 coram
1254 4884 1365 4939 Deo
1401 4892 1455 4939 et
1476 4899 1660 4938 coram
1698 4883 1900 4954 populo
1933 4883 2038 4937 hoc
2076 4884 2357 4948 universo,

782 4980 1022 5034 maxime
1062 4993 1188 5033 vero
1230 4977 1496 5033 adversus
1535 4976 1946 5032 sanctissimum
2011 4975 2356 5045 episcopum,

779 5084 944 5140 quem
978 5083 1328 5124 communem
1364 5070 1648 5139 parentem
1677 5068 1943 5126 habemus
1980 5086 1992 5121 :
2034 5083 2129 5137 per
2178 5068 2358 5137 ipsum

785 5178 881 5219 vos
940 5162 1105 5216 Deum
1136 5176 1255 5224 oro,
1284 5148 1499 5215 veniam
1536 5154 1679 5215 date.
1744 5160 1843 5214 Cui
1888 5160 2057 5215 abbas
2096 5178 2109 5213 :
2165 5160 2360 5231 Surge,

788 5254 984 5324 inquit,
1014 5261 1067 5307 et
1113 5268 1176 5308 ea
1211 5267 1331 5320 qua:
1360 5252 1427 5306 de
1462 5267 1634 5323 puero
1661 5251 1864 5306 videris
1890 5264 2052 5320 atque
2098 5253 2361 5319 audieris,

789 5345 947 5400 nobis
970 5359 1187 5399 enarra.
1218 5344 1362 5414 Ergo
1390 5342 1836 5407 archidiaconus,
1862 5357 1986 5396 cum
2024 5358 2054 5396 a
2087 5342 2204 5397 solo
2241 5358 2364 5397 sur—

788 5436 1039 5499 rexisset,
1065 5435 1145 5489 sic
1175 5434 1353 5489 dicere
1387 5434 1623 5489 instituit
1648 5450 1661 5486 :
1684 5432 1880 5489 Audite
1903 5449 2010 5499 me,
2045 5434 2231 5489 Patres
2250 5434 2361 5488 l'ra-

791 5540 1009 5597 tresque
1037 5540 1271 5581 omnes:
1303 5524 1648 5594 quiescebam
1710 5534 1868 5580 nocte
1903 5524 2141 5595 quadam
2182 5526 2237 5580 in
2273 5541 2361 5581 sa-

2459 4259 2771 4329 παιδαρίου,
2814 4258 3092 4329 ἐχάρησαν
3126 4258 3190 4310 ἂν
3219 4259 3441 4323 πάντες,
3485 4260 3579 4311 καὶ
3612 4260 3712 4312 οὐκ
3738 4261 3821 4323 εἰς
3846 4264 4047 4314 τοσαῦ-

2459 4366 2558 4416 την
2590 4349 2941 4417 κατήντησαν
2972 4346 3212 4418 ἀθυμίαν
3246 4349 3352 4411 ἕως
3390 4348 3485 4401 τοῦ
3519 4349 3635 4405 νῦν.
3662 4350 3801 4403 Εἰπὲ
3833 4351 3931 4405 οὖν
3957 4356 4049 4405 ἐπὶ

2462 4441 2700 4503 πάντων,
2730 4440 3005 4510 ἄνθρωπε.

2531 4528 2657 4582 KA'.
2717 4529 2776 4582 '0
2827 4530 2883 4581 δὲ
2906 4518 3283 4600 ἁρχιδιάκονος
3330 4531 3533 4600 ἤρξατο
3557 4530 3906 4585 ἀλλοιοῦσθαι
3974 4533 4051 4600 τῷ

2462 4618 2743 4689 προσώπῳ
2772 4621 2867 4671 καὶ
2892 4622 3135 4689 τρέμειν,
3172 4624 3268 4674 καὶ
3312 4625 3381 4676 τὰ
3407 4621 3613 4690 γόνατα
3655 4624 3827 4676 αὑτοῦ
3891 4625 4053 4677 τοῦτο

2464 4709 2603 4779 πρὸς
2631 4709 2793 4762 τοῦτο
2827 4711 3223 4782 συνεκρούοντο
3248 4727 3259 4740 ·
3292 4714 3387 4765 καὶ
3415 4712 3601 4765 πεσὼν
3627 4715 3725 4766 ἐπὶ
3751 4714 4052 4784 πρόσωπον

2462 4800 2626 4853 αὐτοῦ
2672 4800 2810 4871 μετὰ
2835 4801 3117 4874 κλαυθμοῦ
3145 4805 3345 4875 πικροῦ
3369 4804 3557 4873 ἔλεγεν
3577 4822 3589 4834 ·
3639 4806 3943 4878 Ἐλεήσατέ
3962 4827 4051 4878 με,

2463 4891 2677 4961 Πάτρες
2710 4892 3139 4963 ἂγιοι,ἦμαρτον
3166 4893 3395 4947 ἐνώπιον
3410 4896 3501 4948 τοῦ
3516 4895 3785 4961 Θεοῦ,κα“ι
3815 4897 4053 4951 ἐνώπιον

2464 4983 2666 5046 παντὸς
2722 4984 2816 5037 τοῦ
2848 4984 2980 5038 λαοῦ
3012 4986 3228 5049 τούτου,
3248 4985 3541 5058 ἐξαιρέτως
3561 4989 3619 5041 δὲ
3644 4990 3723 5051 εἰς
3747 4989 3842 5041 τὸν
3872 4992 4055 5044 κοινὸν

2465 5076 2623 5146 ἡμῶν
2655 5078 2875 5147 Πατέρα
2904 5078 2995 5130 τὸν
3023 5078 3319 5132 ὁσιώτατον
3363 5081 3663 5134 ἐπίσκοπον
3688 5098 3703 5113 ο
3752 5084 4055 5151 συγχωρή-

2468 5168 2598 5220 σατέ
2635 5186 2727 5238 μοι
2752 5169 2819 5222 δι’
2855 5171 3019 5224 αὐτὸν
3048 5171 3203 5225 Θεόν.
3224 5175 3387 5240 Λέγει
3414 5174 3567 5245 αὐτῷ
3593 5178 3623 5228 6
3649 5175 3827 5237 ἁόὀᾶς
3855 5192 3868 5203 ·
3907 5177 4057 5229 Ἀνα·

2467 5258 2599 5321 στὰς
2638 5258 2899 5329 διήγησαι
2934 5263 3065 5332 ἡμῖν
3097 5263 3132 5316 ἃ
3162 5259 3300 5327 εἶδες
3334 5262 3427 5318 καὶ
3467 5268 3715 5336 ἀκήκοας
3767 5272 3899 5341 περὶ
3958 5273 4054 5324 τοῦ

2469 5349 2782 5418 παιδαρίου.
2850 5352 3114 5415 ’Δναστὰς
3165 5354 3222 5406 δὲ
3283 5355 3311 5405 6
3368 5357 3746 5426 ἀρχιδιὰκονος
3790 5361 3901 5412 ἀπὺ
3959 5361 4052 5413 τοῦ

2468 5438 2721 5507 ἐδάφους,
2752 5441 2959 5511 ἤρξατο
2990 5442 3170 5511 λέγειν
3198 5459 3211 5471 °
3244 5445 3401 5497 ’Λκού
3415 5448 3539 5500 δατέ
3572 5449 3931 5520 μου,Πάτρες
3964 5452 4056 5505 καὶ

2470 5546 2675 5595 παντες
2726 5532 2968 5603 ἀδελφοί.
3003 5537 3365 5607 Κοιμωμένου
3421 5557 3524 5609 μου
3559 5544 3616 5594 ἐν
3645 5543 3748 5615 μιᾷ
3801 5543 3961 5595 νυκτὶ
3988 5547 4046 5597 ἐν

1001 5712 1155 5792 [ξιον.
1177 5729 1291 5792 Αχν,
1322 5711 1518 5792 12η⁴ᾼι
1540 5710 1691 5792 _LXX
1716 5713 1917 5792 [habent
1947 5715 2098 5787 παρὰ
2120 5715 2196 5787 τῷ
2240 5717 2344 5790 Κυ(

2447 5760 2453 5774 .
2489 5720 2698 5792 Symm.
2722 5723 2973 5782 ἐνώπιον.
3009 5725 3216 5781 Theod.
3256 5727 3519 5782 ἐναντίον.

863 5786 977 5853 (Jb)
1003 5784 1135 5840 Cod.
1175 5784 1230 5851 2,
1266 5782 1623 5852 περιέϐλεψεν
1648 5786 1895 5857 στόματι.

4224 1856 4226 1927 l

4221 2410 4226 2499 l
