4226 6444
714 392 817 458 599

1707 394 1766 453 S.
1804 392 2178 453 GREGORII
2233 392 2743 454 AGRIGENTINI
2784 395 2984 488 VlTA.‘

3858 403 3976 476 600

713 498 1244 569 Eonstantfnopoiim
1278 497 1554 568 profectus
1586 507 1687 552 cst.
1730 497 1847 563 Qua
1897 498 1950 551 in
1980 498 2114 552 urbe
2139 496 2282 565 apud
2312 503 2361 557 Α
2391 555 2392 562 γ

2391 514 2551 567 μενος
2576 497 2685 551 τῶν
2726 499 2920 569 Ἀγίων
2954 502 3179 573 Σεργίου
3212 504 3303 557 καὶ
3330 506 3566 578 Βάκχου.
3599 510 3836 566 Κάκεῖσε
3871 517 3968 568 εὐ-

716 595 1030 663 νιοαιῐεοωηι
1064 592 1380 647 monasterii
1410 590 1736 645 Sanctorum
1766 590 1942 660 Sergii
1983 599 2036 645 et
2080 589 2279 643 Bacchi

717 688 1016 757 liospitium
1048 686 1257 741 invenit
1285 684 1383 755 (9).
1432 683 1657 749 Ibidem,
1722 699 1846 738 cum
1899 682 2073 738 sancti
2108 680 2281 755 [XLVI]

718 781 896 836 Patris
926 779 1099 835 nostri
1123 777 1350 833 Joannis
1367 776 1741 850 Chrysostomi
1774 777 1943 832 libros
1969 777 2279 845 repetisset,

715 888 918 945 eosque
946 874 1235 943 diligenter
1263 871 1645 941 percurrisset,
1680 870 1745 925 de
1776 886 1834 925 se
1865 873 1983 939 ipso
2012 868 2282 939 quereba-

718 976 827 1031 tur,
855 974 943 1021 et:
1114 972 1201 1019 me
1233 965 1513 1028 miserum,
1540 964 1739 1029 aiebat,
1769 964 1897 1035 quid
1917 976 2017 1033 ego
2041 961 2234 1017 faciam
2260 963 2285 1014 ‘t

716 1073 826 1126 quo
848 1065 1019 1126 ,pacto
1048 1055 1424 1111 fraudulentas
1477 1054 1686 1111 inimici
1740 1055 2100 1126 cogitationes
2146 1052 2283 1109 effn-

718 1132 860 1217 giam
879 1148 903 1202 ρ
924 1149 1205 1218 quomodo
1225 1149 1290 1202 de
1319 1156 1398 1203 tot
1425 1148 1525 1202 viri
1556 1148 1718 1217 hujus
1750 1148 1969 1203 invictis
1992 1149 2285 1205 virtutibus

719 1254 912 1310 parare
944 1239 1078 1293 mihi
1115 1240 1322 1309 aliquot
1349 1238 1595 1308 possim?
1640 1246 1695 1291 at
1736 1237 1985 1308 profecto
2032 1240 2286 1309 indignus

716 1346 818 1401 ego
848 1346 992 1396 sum,
1028 1331 1120 1400 qui
1185 1338 1459 1385 tantorum
1521 1328 1641 1397 ejus
1705 1336 1925 1398 tamque
1977 1329 2283 1384 illustrium

718 1432 864 1477 recte
928 1422 1197 1476 factorum
1259 1422 1483 1490 vestigia
1553 1420 1880 1491 subsequar.
1935 1420 2047 1475 lloc
2103 1434 2283 1476 tamen

718 1513 942 1581 supple'x
993 1526 1087 1581 per
1121 1509 1299 1567 Patris
1334 1510 1495 1579 hujus
1529 1510 2007 1564 mansuetudinem
2044 1525 2072 1562 a
2101 1510 2288 1579 singu-

719 1604 819 1657 lari
878 1603 973 1657 Dei
1024 1594 1314 1672 erga'nos
1373 1601 1749 1656 misericordia
1809 1611 1933 1672 peto
1968 1614 2133 1672 atque
2189 1605 2289 1657 im-

724 1695 880 1763 ploro
914 1736 928 1760 ,
983 1704 1042 1748 ut
1100 1694 1166 1747 iis
1224 1694 1490 1762 ignoscat,
1546 1708 1668 1766 quae
1730 1708 1878 1747 ame
1916 1693 2165 1763 quotidie
2192 1694 2287 1748 ad-

724 1785 1013 1838 mittuntur
1048 1784 1185 1851 (10).

2388 589 2495 657 ρὼν
2522 589 2622 654 τάς
2654 589 2869 660 βίσλους
2897 592 2990 646 τοῦ
3018 596 3076 648 ἐν
3102 595 3279 663 ἁγίοις
3326 601 3539 672 Πατρὸς
3584 603 3741 672 ἡμῶν
3782 602 3972 658 Ἰωάν-

2384 698 2476 733 νου
2506 679 2601 733 τοῦ
2630 682 2674 734 Χ
2685 684 3045 754 ρυσοστόμου,
3094 686 3189 739 καὶ
3223 689 3393 753 αὐτὰς
3418 689 3493 748 διε
3505 690 3705 754 ξελθὼν
3730 693 3759 745 ὀ
3788 696 3974 763 μακά-

2385 788 2499 841 ριοι,
2527 770 2845 844 Γρηγόριος,
2876 774 3078 831 ’ἑαυτὸν
3108 778 3411 845 ταλανίξων
3443 780 3631 851 ἔλεγεν
3652 797 3666 812 '
3704 785 3864 853 Οἴμοι
3884 786 3896 839 ί
3918 786 3974 837 τί

2384 859 2576 931 πράξω
2604 864 2632 914 ὁ
2660 863 2826 926 τάλας
2855 864 3001 932 ἐγώ;
3032 866 3148 930 πῶς
3179 867 3391 939 δυνηθῶ
3422 871 3529 941 ἄρα
3574 874 3834 940 ἐκφυγεῖν
3868 873 3972 936 τὰς

2383 951 2476 1004 τοῦ
2516 951 2711 1024 ἐχθροῦ
2740 957 3101 1025 κακοτέχνους
3131 961 3412 1028 ἐπινοίας;
3462 964 3581 1026 πῶς
3610 964 3823 1033 δυνηθῶ
3865 982 3971 1018 κα-

2383 1044 2640 1098 ταλαϐεῖν
2670 1047 2733 1100 ἐκ
2766 1047 2873 1100 τῶν
2906 1048 3116 1101 πολλῶν
3147 1046 3309 1104 αὐτοῦ
3341 1053 3436 1107 καὶ
3459 1055 3795 1108 ἁνεικάστων
3834 1057 3973 1125 ἁρε-

2383 1139 2512 1204 τῶν,
2566 1139 2673 1193 κᾶν
2720 1142 2784 1193 ἐκ
2831 1141 2940 1195 τῶν
2980 1145 3188 1214 μυρίων
3226 1146 3411 1214 ὀλίγας
3460 1150 3799 1220 κτήσασθαις
3852 1151 3971 1204 ἀλλ’

2385 1233 2534 1302 ὅμως
2565 1233 2665 1286 οὐκ
2696 1235 2812 1302 εἰμὶ
2844 1234 2988 1299 ἄξιος
3021 1236 3131 1289 τῶν
3170 1238 3443 1293 τοσούτων
3472 1242 3634 1295 αὑτοῦ
3666 1245 3760 1295 καὶ
3796 1244 3975 1314 μεγά-

2386 1322 2495 1376 λων
2558 1325 3000 1395 κατορθωμάτων
3056 1328 3422 1393 ἑπακόλουθος
3477 1334 3753 1400 γενέσθαι.
3827 1335 3970 1387 Ἀλλ’
4064 1334 4065 1337 ’

2390 1414 2619 1471 ίκετεύω
2650 1417 2739 1471 καὶ
2772 1417 3007 1471 δυσωπῶ
3042 1420 3130 1471 τὸν
3160 1422 3572 1493 φιλοικτίρμονα
3614 1426 3748 1477 Θεὸν
3782 1426 3970 1497 ἡμῶν,

2388 1505 2481 1556 καὶ
2510 1504 2675 1561 αὑτοῦ
2718 1505 2813 1560 τοῦ
2862 1509 3074 1582 Πατρδς
3106 1511 3167 1562 τὸ
3197 1514 3391 1580 πρᾶον,
3439 1515 3586 1576 ὅπως
3636 1520 3976 1589 συγχωρήσῃ

2387 1594 2456 1647 τά
2488 1598 2618 1668 παρ’
2646 1596 2780 1668 ἐμοῦ
2811 1602 3164 1673 πραττόμενα
3203 1603 3324 1656 καθ’
3356 1606 3592 1676 ἑκάστην
3621 1608 3858 1676 ἡμέραν.

792 1871 982 1926 XXXI.
1024 1877 1093 1927 At
1144 1888 1273 1929 vero
1333 1874 1627 1944 prazlectus
1659 1917 1674 1942 ,
1738 1890 1861 1929 cum
1902 1875 2148 1945 quotidie
2216 1876 2288 1930 ob
2319 1858 2363 1913 Β

2463 1877 2587 1934 AA'.
2651 1880 2886 1953 Θεωρῶν
2928 1882 2985 1935 δὲ
3028 1884 3056 1935 ὁ
3098 1883 3404 1955 ἡγούμενος
3449 1886 3512 1939 τὸ
3563 1887 3823 1957 ἐπίμονον
3871 1887 3977 1958 τῆς

721 1967 910 2021 oculos
957 1966 1181 2019 haberet
1225 1975 1566 2021 constantem
1620 1966 1857 2021 hominis
1920 1966 2289 2034 tolerantiam,

722 2054 1040 2125 psalmodiae
1063 2054 1404 2109 suavissimae
1430 2054 1755 2109 hilaritatem
1783 2094 1797 2118 ,
1846 2070 2075 2109 summa:
2119 2056 2293 2110 ahsti-

724 2149 920 2204 nentia:
951 2147 1191 2203 studium
1221 2166 1233 2202 :
1259 2148 1458 2218 quippe
1489 2146 1883 2202 hebdomadem
1916 2158 2085 2204 totam
2122 2165 2295 2219 usque

724 2240 789 2292 ad
833 2239 1132 2294 Sabbatum
1165 2239 1391 2310 jejunus
1421 2240 1777 2308 pcrdnrabat,
1810 2256 1873 2297 ac
1922 2242 2155 2297 subinde
2181 2242 2295 2297 ole-

726 2332 880 2386 ribus
929 2341 984 2386 et
1041 2333 1154 2387 sale
1222 2340 1513 2389 contentus
1567 2345 1715 2388 erat:
1792 2344 1905 2388 tum
1977 2333 2293 2390 divinarum

727 2421 1056 2481 Litterarum
1106 2424 1518 2493 meditationem
1566 2436 1971 2496 perpetuasque
2042 2427 2291 2497 vigilias;

731 2518 843 2571 haec
868 2517 1053 2571 omnia
1096 2516 1162 2570 ad
1216 2517 1690 2587 archiepiscopum
1731 2517 2298 2589 Constantinopolita-

730 2621 859 2660 nnm
891 2606 1077 2661 retulit
1109 2605 1242 2678 (11),
1273 2607 1521 2675 ευηιιιιιᾶ
1547 2609 1627 2661 sic
1676 2616 1761 2661 est
1789 2609 2096 2663 allocutus:
2135 2610 2298 2667 Pater

732 2699 1275 2769 venerande,hospes
1300 2700 1523 2770 quidam
1545 2702 1809 2757 diaconus
1829 2704 1883 2756 in
1900 2706 2296 2760 monasterium

731 2806 915 2848 meum
946 2791 1166 2846 advenit
1200 2790 1404 2846 eximio
1427 2793 1585 2862 plane
1629 2802 1853 2863 aspectu
1878 2834 1893 2857 ,
1955 2795 2050 2850 sed
2083 2796 2300 2853 virtutis

732 2882 1075 2953 professione
1122 2884 1285 2938 etiam
1333 2885 1504 2955 magis
1538 2886 1887 2954 spectandus,
1930 2886 2148 2956 sapiens
2193 2888 2302 2943 lec-

733 2974 869 3029 tioni
894 2974 1157 3036 intentus.
1181 2974 1488 3028 divinarum
1509 2972 1840 3028 Litterarum
1875 2975 2143 3043 interpres
2167 2976 2302 3032 adeo

734 3065 929 3140 [sum]
970 3066 1263 3132 excellens,
1308 3075 1368 3120 ut
1403 3081 1522 3121 meo
1554 3066 1773 3137 quidem
1800 3066 2009 3135 judicio
2037 3082 2135 3135 par
2175 3067 2302 3123 huic

2395 1971 2708 2044 καρτερίας,
2728 1973 2822 2025 καὶ
2846 1972 2907 2027 τὸ
2930 1974 3027 2045 ἡδὺ
3054 1976 3148 2027 atat
3176 1975 3487 2047 χαλώμενον
3504 1976 3603 2046 τῆς
3631 1978 3977 2048 ψαλμῳδίας,

2395 2066 2559 2119 πάλιν
2602 2063 2659 2118 δὲ
2689 2064 2789 2135 τῆς
2825 2064 3002 2135 ἄκρας
3036 2068 3362 2139 ἐγκρατείας
3382 2085 3395 2098 ·
3427 2068 3525 2139 τὴν
3557 2068 3665 2140 γὰρ
3700 2071 3981 2141 ἑϐδομάδα.

2393 2157 2685 2229 ὀλόκληρον
2742 2158 2995 2212 ἀπετέλει
3050 2160 3125 2230 μὴ
3182 2161 3476 2232 γενόμενος
3522 2161 3659 2225 ὅλως
3721 2162 3827 2226 ἕως
3876 2163 3980 2216 to;

2395 2246 2697 2310 Σαϐϐάτου,
2727 2247 2823 2300 καὶ
2868 2248 3029 2302 τοῦτο
3057 2236 3310 2319 λαχάνοις
3350 2251 3511 2321 μόνον
3555 2251 3981 2322 ἐπαρκούμεηος

2396 2343 2487 2395 καὶ
2516 2342 2674 2398 ἀλατι
2700 2361 2711 2372 ·
2744 2340 2864 2398 εἶτα
2895 2347 3056 2400 πάλιν
3081 2349 3138 2401 ἐν
3162 2351 3227 2417 τῇ
3266 2348 3466 2422 μελέτῃ
3500 2350 3608 2403 τῶν
3643 2350 3805 2403 θείων
3832 2349 3983 2418 Γρα-

2396 2436 2512 2505 φῶν
2542 2436 2816 2507 σχολάζων
2854 2438 2942 2491 ἀεὶ
2980 2439 3074 2492 καὶ
3105 2440 3165 2492 τὸ
3196 2440 3474 2510 ἄγρυπνον
3516 2440 3683 2494 aurai
3718 2442 3981 2504 πάντοτε,

2396 2528 2717 2599 ἀνήγγειλεν
2765 2528 2833 2581 τὰ
2884 2530 3005 2582 κατ’
3049 2530 3214 2583 αὐτοῦ
3267 2532 3295 2584 ὁ
3346 2532 3649 2602 ἡγούμενος
3693 2533 3769 2599 τῷ
3813 2534 3984 2602 ἁρχι-

2397 2620 2684 2690 επισκόπῳ
2716 2622 3360 2687 Κωνσταντινουπόλεως,
3384 2624 3554 2692 λέγων
3580 2624 3728 2694 αὐτῷ
3750 2642 3762 2653 ·
3796 2624 3985 2695 Πάτερ

2397 2711 2566 2780 τίμιε,
2600 2713 2940 2784 κατήντησεν
2988 2716 3045 2766 ἐν
3075 2714 3153 2785 τῷ
3186 2718 3532 2786 μοναστηρίῳ
3569 2734 3671 2785 μου
3717 2716 3865 2780 ξένος
3893 2733 3987 2779 τις

2398 2802 2643 2866 διάκονος
2686 2805 2827 2857 πάνυ
2865 2806 3069 2875 ὡραῖος
3105 2810 3169 2878 τῇ
3200 2806 3317 2878 θέᾳ,
3351 2809 3511 2861 πάλιν
3536 2809 3590 2860 δὲ
3626 2810 3719 2862 καὶ
3746 2810 3988 2877 ἄσκησιν

2400 2893 2538 2963 ἔχων
2571 2895 2665 2948 καὶ
2710 2894 2823 2965 βίον
2856 2897 3128 2968 ἐνάρετον,
3163 2898 3323 2967 σοφὸς
3356 2898 3411 2951 δὲ
3453 2900 3548 2952 καὶ
3590 2903 3649 2953 ἐν
3682 2902 3803 2962 ταῖς
3845 2899 3986 2952 ἀνα.-

2401 2986 2671 3054 γνώσεσιν
2748 2990 3025 3060 προσέχων
3090 2991 3187 3044 καὶ
3258 2991 3575 3061 ἑρμηνεύων
3665 2992 3765 3054 τὰς
3829 2990 3991 3055 θείας

2404 3077 2664 3147 Γραφάς,
2722 3078 2797 3143 ὼς
2847 3082 2972 3150 ἐμοὶ
3021 3081 3200 3144 δοκεῖ,
3254 3082 3331 3153 μὴ
3391 3082 3745 3154 εὑρίσκεσθαι
3792 3082 3994 3153 ἔτερόν

734 3158 873 3212 alter
899 3156 1131 3217 inveniri
1164 3156 1324 3212 hodie
1359 3155 1415 3210 in
1459 3155 1561 3211 hac
1595 3157 1731 3211 urbe
1773 3171 1883 3210 non
1928 3156 2123 3226 possit,
2151 3164 2303 3225 post-
2332 3192 2380 3255 ο

2406 3185 2531 3222 τινα
2575 3172 2815 3240 σήμερον
2872 3172 2928 3223 ἐν
2971 3173 3036 3242 τῇ
3080 3171 3234 3224 πόλει
3274 3172 3466 3243 ταύτῃ,
3503 3174 3603 3227 οὐκ
3643 3168 3783 3234 οἶδα,
3814 3174 3865 3226 εί
3907 3174 3991 3245 μὴ

736 3265 903 3321 quam
934 3264 1129 3320 nempe
1152 3264 1367 3304 sacram
1401 3249 1560 3304 istam
1593 3249 1942 3319 divinamque
1971 3250 2302 3319 sapientiam
2343 3249 2380 3255 “

2411 3259 2507 3314 σοῦ
2535 3262 2702 3314 αὑτοῦ
2726 3263 2759 3333 ὴ
2789 3261 2907 3315 θεία
2936 3264 3027 3315 καὶ
3064 3263 3183 3334 ἱερά
3211 3264 3395 3333 σοφία.
3425 3265 3613 3318 Ταῦτα
3637 3266 3695 3319 δὲ
3731 3265 3986 3328 ἀκούσας

738 3353 887 3401 tuam
920 3341 1315 3411 exceperimus.
1362 3340 1490 3398 Haec
1518 3356 1646 3396 vero
1699 3349 1757 3395 ut
1798 3341 2004 3395 audivit
2037 3342 2307 3411 archiepi-

737 3447 961 3502 scopus,
1002 3430 1234 3485 miritice
1278 3430 1494 3485 laetatus
1545 3438 1652 3492 est.
1685 3445 1749 3486 se
1796 3430 2054 3500 prmiecto
2087 3448 2314 3501 respon-

737 3526 874 3579 dens
908 3541 922 3577 :
957 3522 1269 3589 Habemus,
1321 3522 1534 3595 inquit,
1574 3522 1662 3577 hic
1703 3523 1953 3577 homines
1993 3524 2308 3593 sapientes:

742 3622 841 3675 hos
864 3619 930 3675 ad
963 3628 1012 3674 te
1044 3619 1346 3682 mittemus,
1376 3626 1456 3686 ul,
1484 3627 1778 3688 antequam
1810 3619 1899 3674 ille
1932 3622 2070 3675 sciat
2097 3638 2125 3675 a
2154 3622 2311 3677 nobis

742 3713 939 3769 missos
992 3726 1147 3774 esse,
1204 3724 1431 3766 causam
1493 3709 1595 3779 ipsi
1657 3710 1898 3780 aliquam
1956 3722 2312 3781 praetexentes

741 3805 1089 3872 conveniant,
1134 3820 1197 3861 ac
1230 3818 1541 3861 sermonem
1572 3819 1697 3861 cum
1730 3819 1795 3859 eo
1835 3805 2093 3873 habeant,
2127 3808 2313 3881 itaque

815 3977 891 4047 (9)
917 3975 1150 4032 Causam
1184 3977 1230 4031 si
1264 3991 1499 4045 quaeras.
1538 3991 1640 4032 cur
1672 3975 1973 4047 Gregorius~
2010 3977 2064 4031 in
2096 3977 2148 4032 id
2191 3994 2310 4033 mo-

744 4047 1065 4109 nasterium,
1108 4061 1220 4116 pm
1261 4047 1406 4112 aliis,
1435 4062 1557 4116 quae
1586 4048 1755 4101 multa
1803 4058 1958 4101 erant
1996 4047 2313 4103 Constanti-

746 4118 952 4186 nopoli,
983 4115 1283 4180 diverterit,
1319 4115 1641 4187 haecjnisse
1681 4117 1917 4181 videtur,
1953 4120 2097 4187 quod
2138 4118 2311 4173 Latini

746 4185 887 4259 ritus
925 4195 979 4240 et
1015 4188 1416 4259 monachorum
1441 4185 1813 4259 Romanorum
1845 4185 1986 4243 erat.
2026 4187 2081 4241 In
2128 4190 2314 4259 HSyna-

750 4258 938 4323 sariis,
974 4264 1032 4311 ut
1064 4256 1341 4314 adnotavit
1378 4255 1617 4325 Cangius
1655 4255 2079 4325 (Constantinop.
2112 4255 2312 4313 Clirist.

750 4331 762 4383 Ι
792 4331 841 4381 b.
869 4343 941 4391 tv,
973 4342 1027 4380 n.
1061 4326 1150 4395 88)
1176 4329 1253 4395 ad
1284 4325 1352 4379 12
1383 4328 1585 4380 mensis
1636 4326 1811 4391 Martii
1866 4328 1915 4382 in
1976 4327 2097 4382 Vita
2139 4331 2314 4382 sancti

749 4393 1140 4465 Theophanis,
1162 4393 1466 4451 Hor-mium
1494 4398 1870 4450 monasterium
1901 4399 2228 4466 appellatur,
2261 4407 2315 4454 et

750 4474 913 4520 situm
951 4466 1148 4521 dicitur
1178 4478 1345 4535 prope
1380 4466 1665 4535 palatium.
1692 4482 1886 4521 nomen
1922 4470 2040 4521 lom
2068 4468 2137 4522 ab
2174 4468 2314 4521 lior-

753 4536 928 4590 misda
966 4534 1192 4603 Saporis
1221 4537 1364 4604 regis
1396 4534 1663 4590 Persarut.
1722 4537 1909 4600 fratre,
1941 4537 2036 4606 qui
2084 4553 2143 4591 se
2170 4540 2315 4592 Con-
2350 4545 2392 4599 ι)

753 4607 1162 4677 stant_in0politn
1200 4614 1481 4672 receperat
1530 4607 1827 4677 (Atnmjan.
1868 4608 1906 4662 l.
1968 4622 2079 4669 ut,
2113 4625 2163 4661 n.
2205 4608 2313 4677 17).

754 4677 860 4731 Sed
886 4674 1206 4744 ProcOpius.
1231 4677 1324 4744 qui
1355 4673 1612 4743 templum
1636 4692 1667 4730 a
1697 4673 2005 4731 Justiniano
2035 4673 2319 4732 conditum

752 4746 917 4801 tradit
947 4744 1044 4814 (De
1068 4746 1217 4815 adif.
1256 4744 1403 4801 Just.
1445 4746 1481 4798 l.
1542 4761 1581 4809 ι,
1613 4762 1664 4799 c.
1727 4746 1807 4812 4),
1869 4747 2002 4799 nihil
2045 4748 2197 4799 addit
2250 4750 2319 4802 de

752 4817 1128 4887 titonasterio,
1178 4818 1537 4887 etdtetnpintn
1596 4824 1933 4887 esstructum
1978 4818 2133 4887 dicit,
2170 4819 2320 4887 παρὰ

751 4888 854 4955 τὴν
890 4883 1153 4955 βασιλέως
1184 4885 1381 4955 αὑλῂν,
1409 4886 1443 4954 ἠ
1489 4885 1781 4955 ὐρμίσδίου
1807 4885 1868 4936 sb
1898 4886 2127 4938 παλαιὸν
2172 4883 2319 4942 ἐπώ-

754 4951 924 5023 νυμος
959 4951 1048 5025 ἦν.
1070 4956 1233 5025 Apud
1264 4951 1503 5023 Regiam,
1538 4951 1655 5025 qua
1700 4954 2003 5011 llormisdw
2031 4959 2155 5009 olim
2182 4959 2321 5011 dice-

756 5030 939 5078 batur.
969 5024 1254 5096 Qedrenus
1292 5035 1482 5096 contra
1514 5027 1579 5091 (t.
1610 5024 1650 5087 l,
1692 5040 1745 5093 p.
1777 5024 1881 5078 566
1904 5068 1919 5091 ,
1966 5043 2019 5080 n.
2060 5028 2183 5096 147)
2223 5042 2324 5081 nos

755 5098 937 5160 docet,
968 5094 1112 5149 binis
1142 5110 1171 5149 a
1205 5092 1518 5149 Justiniano
1551 5092 1750 5150 ibidem
1774 5097 2059 5150 aediﬁcetis
2082 5092 2319 5164 templis,

758 5168 931 5219 altero
961 5166 1166 5222 sanctis
1195 5166 1528 5234 martyribus
1549 5166 1741 5234 Sergio
1768 5172 1823 5218 ct
1851 5164 2068 5220 Bai-eho
2090 5206 2104 5229 ,
2151 5168 2322 5222 altern

761 5236 975 5288 sanctis
1035 5235 1376 5305 principibus
1432 5236 1805 5303 apostolorum
1849 5236 2030 5289 dicato
2062 5276 2079 5299 ,
2136 5236 2320 5304 palatii

763 5314 995 5372 partem,
1026 5320 1149 5372 qua:
1176 5320 1326 5359 mare
1359 5307 1662 5372 spectabat,
1693 5314 1769 5366 et,
1806 5322 1969 5375 quam
2000 5307 2114 5374 ipse
2149 5307 2327 5374 priva-

765 5387 854 5427 tus
879 5375 1184 5428 incoluerat
1208 5377 1456 5438 domum,
1486 5376 1648 5429 simul
1668 5376 1959 5444 conjuncta
1991 5391 2132 5439 esse,
2163 5389 2327 5443 atque

762 5460 828 5496 ex
858 5444 943 5498 his
981 5446 1242 5499 omnibus
1288 5445 1585 5498 illustrium
1634 5446 1878 5499 virorum
1927 5448 2325 5500 monasterium

766 5516 1063 5569 exstitisse.
1092 5517 1306 5583 Optime
1334 5531 1461 5569 vero
1494 5516 1583 5571 his
1632 5519 1964 5583 respondent
2003 5531 2122 5583 quae
2170 5517 2329 5570 habet

771 5584 1003 5654 Vigilins
1082 5586 1133 5638 in
1208 5586 1439 5652 epistola
1504 5587 1571 5640 ad
1650 5602 1957 5640 umVersani
2024 5585 2326 5640 Ecclesiam

770 5655 961 5719 (Harii.
992 5655 1149 5712 Conc.
1189 5664 1226 5708 t.
1258 5654 1350 5721 Ill,
1381 5671 1431 5724 p.
1462 5658 1517 5725 '5)
1543 5675 1554 5709 :
1596 5654 1737 5709 Nam
1763 5673 1879 5709 cum
1921 5656 1987 5708 ad
2021 5656 2155 5708 beati
2185 5656 2328 5710 Petri

770 5726 1047 5779 aetilicnm
1096 5728 1149 5779 in
1200 5725 1489 5779 llormisda
1542 5726 1821 5797 fundatam
1868 5726 2105 5795 Augusto
2162 5744 2331 5780 mense

770 5798 1218 5867 nuperpra’terito
1255 5798 1569 5867 fugissemus
1594 5838 1605 5860 ,
1649 5810 1752 5852 etc.
1798 5799 1995 5852 Tutum
2051 5800 2195 5851 enim
2227 5798 2329 5851 sibi

771 5865 1075 5946 pet-iugium
1105 5869 1210 5922 illic
1238 5865 1351 5926 fore
1380 5865 1605 5940 Vigilius
1632 5869 2129 5939 speraveratLquod
2154 5867 2328 5923 Graeci

2408 3355 2438 3407 ὁ
2482 3354 2935 3424 άρχιεπίσκοπος,
2973 3357 3145 3427 ἐχάρη
3186 3356 3351 3419 πάνυ,
3398 3357 3494 3410 καὶ
3523 3357 3674 3426 λέγει
3707 3357 3787 3427 τῷ
3822 3360 3992 3428 ἡγου-

2415 3440 2560 3510 μένῳ
2585 3456 2598 3469 ’
2635 3442 2873 3513 Ἔχομεν
2903 3443 3136 3498 ἐνταῦθα
3164 3444 3362 3517 ἄνδρας
3392 3446 3589 3515 σοφούς
3608 3465 3620 3476 ·
3649 3447 3991 3501 ἀποστελοῦ-

2415 3550 2514 3599 μεν
2552 3532 2688 3603 πρὸς
2732 3533 2812 3598 σὲ,
2851 3533 2923 3597 ὼς
2968 3534 3178 3588 ἐκείνου
3214 3537 3287 3606 μὴ
3320 3538 3539 3605 γνόντος
3563 3581 3579 3603 ,
3611 3538 3692 3591 ὃτι
3727 3538 3788 3603 ἐξ
3828 3538 3993 3609 mqu

2412 3624 2819 3695 ἀπεστάλησαν,
2855 3624 2943 3678 διὰ
2979 3626 3305 3695 προφάσεώς
3346 3644 3513 3692 τινος,
3543 3630 3636 3681 καὶ
3680 3630 3869 3682 ἴδωσιν
3898 3630 3996 3682 αὐ-

2410 3717 2503 3770 τὸν
2534 3716 2627 3770 καὶ
2663 3717 3015 3787 διαλεχθῶσιν
3058 3718 3194 3787 μετὰ
3217 3718 3312 3771 τοῦ
3333 3720 3543 3789 ἀνδρὸς,
3567 3721 3661 3773 καὶ
3686 3719 3863 3783 οὕτως
3894 3720 3994 3773 καὶ

2413 3810 2573 3880 ἡμεῖς
2599 3808 2766 3863 αὐτὸν
2798 3809 3131 3881 θεωροῦμεν.
3173 3811 3336 3880 Λέγει
3372 3813 3400 3864 ὁ
3424 3814 3728 3883 ἡγούμενος
3780 3813 3860 3883 τῷ.
3891 3814 3995 3885 ἀρ.

2414 3977 2469 4032 ln
2516 3990 2585 4030 eo
2638 3975 2973 4030 monasterio
3013 3989 3120 4028 non
3181 3985 3403 4034 essent.
3454 3985 3511 4030 et
3552 3976 3696 4031 inter
3747 3991 3886 4032 suos
3932 3993 3996 4032 se

2417 4048 2661 4100 futurum
2695 4046 3045 4114 intelligeret.
3079 4047 3346 4099 (Laterum
3394 4047 3712 4115 aliquandiu
3766 4049 3995 4115 pontiﬁ-

2415 4132 2507 4171 ces
2538 4117 2809 4169 maximos
2856 4119 2923 4167 de
2983 4116 3329 4183 possessione
3384 4117 3707 4170 deturbatos
3747 4127 3993 4179 constat.

2417 4202 2543 4241 cum
2577 4183 2815 4239 Joannes
2851 4184 2995 4247 VIII,
3032 4186 3193 4253 epist.
3237 4184 3338 4237 l09
3380 4186 3562 4253 (apud
3605 4184 3774 4239 Hard.
3823 4189 3993 4241 Cone.

2417 4260 2459 4313 ι.
2493 4256 2580 4319 Ἦ,
2613 4271 2665 4323 p.
2694 4254 2785 4322 87)
2830 4254 3033 4308 Basilio
3062 4295 3077 4318 ,
3133 4253 3499 4309 Constantino
3569 4266 3623 4310 et
3677 4257 3998 4310 Alexandro

2417 4326 2592 4393 Augg.
2627 4327 2829 4394 gratias
2861 4340 3024 4390 agere.
3058 4339 3117 4377 se
3154 4325 3381 4387 scribat,
3426 4327 3565 4394 quod
3606 4328 3998 4379 monasterium

2421 4395 2603 4449 Sancti
2630 4394 2800 4464 Sergii
2831 4396 2972 4447 intra
3011 4405 3239 4447 uestram
3278 4396 3477 4464 regiam
3523 4397 3700 4449 urbem
3730 4402 3999 4449 constitu-

2424 4474 2553 4526 tum,
2604 4465 2740 4532 quod
2791 4474 2977 4517 sancta
3027 4464 3266 4517 Romana
3318 4464 3555 4518 Ecclesia
3588 4466 3713 4533 jure
3777 4472 3997 4535 proprio

2420 4542 2681 4657 zuondam
2722 4535 2961 4599 retinuit,
3016 4534 3195 4586 divina
3222 4535 3566 4601 inspiratione
3616 4538 3844 4603 repleti,
3882 4534 3998 4603 pro

2458 4620 2614 4657 onore
2646 4605 2903 4657 principis
2931 4604 3287 4657 apostolorum
3314 4615 3495 4657 nostro
3518 4607 3838 4657 vra-sulatni
3872 4608 3997 4657 red-

2458 4620 2614 4657 onore
2644 4605 2903 4673 principis
2931 4604 3287 4672 apostolorum
3314 4615 3495 4657 nostro
3517 4607 3838 4673 pra-sulatni
3872 4608 3997 4658 red-

2418 4675 2652 4728 didistis.
2695 4676 2812 4728 Alia
2886 4683 3066 4726 tamen
3128 4674 3237 4725 duo
3290 4684 3550 4740 pra-terea
3610 4674 3996 4728 liomanornm

2421 4746 2751 4797 monasteria
2786 4744 3260 4810 Constantinopoli
3286 4745 3455 4797 fuisse
3482 4746 3687 4799 sarculo
3719 4761 3794 4805 vr,
3830 4760 4000 4814 appa-

2421 4826 2502 4868 ret
2540 4814 2593 4867 in
2620 4814 3116 4881 subseriptionilms
3153 4814 3571 4883 monachorum,
3605 4815 3698 4883 qui
3753 4818 3999 4869 concilio

2420 4883 3038 4949 Constantinopolitano
3085 4884 3190 4936 sub
3238 4882 3390 4936 Jletia
3457 4882 3785 4942 adfuerunt.
3857 4886 4001 4937 inter

2421 4970 2559 5021 quos
2590 4964 2719 5006 sunt
2747 4951 2951 5007 Paulus
2992 4958 3259 5022 presbyter
3286 4966 3334 5004 et
3364 4955 3511 5019 prior
3544 4956 3852 5005 mnasIerii
3901 4955 4001 5006 lio-

2422 5039 2721 5086 manorum,
2754 5026 3070 5078 Anastasius
3085 5022 3369 5092 presbyter
3407 5034 3456 5075 et
3499 5025 3644 5092 prior
3683 5026 3997 5077 monasterii

2424 5094 2806 5163 Romanorum.
2840 5092 3031 5163 tliard.
3064 5090 3222 5145 Conc.
3250 5103 3286 5145 t.
3313 5092 3380 5154 11,
3409 5108 3462 5161 p.
3500 5090 3684 5163 1211.)

2495 5162 2604 5234 (10)
2638 5163 2767 5217 Cod.
2816 5165 2861 5225 1,
2888 5162 3008 5216 καθ’
3039 5164 3279 5234 ἑκάστην
3306 5163 3474 5215 δεινά.

2498 5234 2608 5303 (11)
2650 5235 2747 5287 llic
2771 5248 2900 5288 vero
2943 5234 3121 5287 scriba
3171 5233 3573 5303 innumeran
3613 5249 3721 5287 non
3778 5235 4000 5301 habuit,

2425 5302 2597 5373 qnem
2617 5319 2683 5358 eo
2724 5314 2968 5373 tempore
3017 5302 3491 5374 archiepiscopum
3527 5304 4001 5374 Constantinopo-

2428 5371 2655 5428 litauum
2687 5371 3016 5426 nominaret.
3048 5371 3175 5424 Erat
3209 5388 3373 5440 porro
3408 5373 3520 5440 jam
3565 5375 3635 5427 ab
3664 5376 3822 5428 anno
3867 5371 4001 5441 582,

2426 5442 2667 5498 Joannes
2702 5442 2791 5505 IV,
2825 5452 3190 5512 cognomento
3218 5442 3541 5512 Νηστευτής
3565 5484 3580 5507 ,
3621 5445 3759 5504 sive,
3792 5456 3850 5498 ut
3885 5449 3993 5499 Au-

2430 5514 2633 5582 gustini
2667 5524 2790 5567 utar
2834 5511 3036 5575 verbo,
3095 5511 3401 5577 Jejunator.
3463 5511 3683 5582 (Cuper.
3743 5515 3803 5569 lu
3857 5516 4002 5569 "ist.

2430 5585 2623 5639 Chron.
2658 5584 2809 5637 Patr.
2852 5583 3033 5637 Const.
3066 5600 3122 5655 ῃ.
3154 5582 3251 5645 52,
3292 5586 3451 5655 apud
3500 5583 3635 5637 Boll.
3678 5594 3723 5655 t.
3750 5584 3794 5645 1,
3830 5590 4005 5655 Aug.)

2430 5657 2561 5719 Qua:
2600 5664 2780 5709 autem
2816 5657 2976 5724 paulo
3007 5654 3238 5707 inferius
3269 5654 3335 5706 de
3352 5653 3473 5719 ejus
3498 5654 3762 5723 sapientia
3796 5669 3826 5707 a
3857 5653 4007 5722 pra:-

2432 5729 2573 5779 tecto
2603 5728 2880 5787 dicuntur,
2912 5740 2973 5778 ea
3007 5724 3259 5790 obsequii
3294 5738 3424 5792 ergo
3460 5724 3699 5777 oﬂiciose
3745 5726 4003 5791 quilcm,

2433 5796 2526 5850 scd
2560 5806 2737 5850 tamen
2772 5810 2876 5849 non
2905 5796 3024 5848 sine
3055 5794 3211 5847 titulo
3233 5794 3437 5860 prolata
3468 5804 3645 5862 putes.
3667 5792 4003 5862 Quanquam

2429 5870 2574 5922 enim
2609 5866 2851 5923 Joannes
2892 5867 2960 5919 ab
3016 5865 3382 5919 adolescentia
3420 5865 3703 5919 aurilicum
3750 5864 4009 5920 indicina
