4226 6444
216 355 329 431 Eii?

1213 355 1272 416 S.
1309 352 1688 416 GREGORII
1731 350 2238 412 AGRIGENTINI
2275 353 2474 416 VITA.

3379 358 3482 428 644

224 483 274 518 σι
293 463 550 537 γκλητος.
587 460 992 533 Ἀσπασάμενοί
1022 478 1080 514 τε
1129 462 1293 516 αὐτὸν
1336 465 1536 526 πάντες
1570 462 1617 514 οἱ
1658 461 1801 529 ἅγιοι

1908 457 2056 511 illam
2094 454 2228 529 [Liv]
2261 461 2531 530 synodum
2570 470 2960 527 convenerant,
3009 474 3298 533 postquam
3338 467 3488 523 salu-

223 558 436 628 Πάτρες
459 559 509 611 oi
534 558 592 610 ἐν
613 556 796 627 ἐκείνη
828 554 1177 618 συνελθόντες
1201 559 1266 626 τῇ
1298 556 1429 624 ἁγίᾳ
1463 554 1683 625 συνόδῳ,
1705 555 1801 607 καὶ

224 650 589 720 ἐπευξάμενοι
636 648 814 721 αὐτῷ,
850 651 924 712 ὡς
969 650 1419 720 προειρήκαμεν,
1461 646 1800 718 ὑπέστρεψεν

221 743 456 806 ἕκαστος
504 745 584 805 είς
627 743 757 806 τοὺς
803 741 967 806 ἰδίους
1013 743 1214 806 τόπους
1259 740 1539 810 χαίροντες
1583 738 1674 791 καὶ
1720 739 1802 791 αἱ·

223 833 442 897 νσῢντες
498 833 590 885 τὸν
645 833 778 886 Θεὸν
823 832 913 885 τὸν
965 825 1238 902 μηδέποτε
1302 828 1627 898 παρορῶν-,τα
1675 827 1802 888 τοὺς

221 927 554 995 ἀγαπῶντας
600 926 784 990 αὐτὸν,
831 927 925 979 καὶ
970 923 1332 995 διατηροῦντα
1371 920 1652 994 ἁλὼϐητον
1699 921 1801 989 τὴν

222 1017 516 1087 καθολικὴν
559 1017 908 1086 Ἐκκλησίαν.

293 1109 419 1164 AZ'.
463 1105 712 1175 Ἐγένετο
735 1107 792 1160 δὲ
818 1106 957 1176 μετὰ
978 1106 1038 1158 τὸ
1061 1107 1269 1169 πάντας
1301 1104 1654 1174 ἀναχωρῆσαι
1676 1102 1802 1164 τοὺς

223 1199 477 1268 Πατέρας
521 1201 585 1253 ὲκ
627 1199 726 1269 τῆς
766 1199 1434 1260 Κωνσταντινουπὸλεως,
1468 1199 1525 1249 έν
1562 1197 1660 1266 μιᾷ
1690 1194 1800 1247 τῶν

221 1289 450 1360 ἡμερῶν
487 1291 1002 1361 προσκαλεσάμενος
1034 1293 1062 1345 6
1090 1289 1478 1352 εὐσεϐέστατος
1509 1287 1668 1358 ἡμῶν
1703 1286 1797 1355 βα-

222 1383 409 1446 σιλεὺς
436 1384 525 1436 τὸν
553 1383 1014 1454 ἁρχιεπίσκοπον,
1055 1383 1204 1451 λέγει
1233 1381 1412 1451 αὐτῷ·
1443 1381 1623 1450 Πάτερ
1643 1419 1656 1442 ,
1701 1378 1798 1430 πό-

219 1476 316 1528 θεν
343 1477 721 1544 παραγέγονεν
755 1477 784 1528 6
813 1477 954 1546 ἀνὴρ
988 1475 1123 1546 πρὸς
1161 1476 1303 1545 ἡμᾶς
1333 1469 1488 1536 οὗτος
1529 1475 1556 1526 6
1592 1473 1730 1536 νέος,
1771 1472 1799 1523 6

218 1566 445 1641 τοιαύτη
485 1567 671 1636 χάριτι
715 1566 1311 1636 κατακεκοσμημένο;;
1350 1567 1408 1618 '0
1442 1566 1500 1618 δὲ.
1549 1563 1797 1633 ἀρχιεπί-

222 1673 428 1720 σκοπος
487 1657 670 1710 πεσὼν
728 1659 821 1710 ἐπὶ
873 1656 1166 1727 πρόσωπον
1215 1657 1404 1720 αὐτοῦ,
1457 1656 1533 1726 τῷ
1589 1655 1800 1726 βασιλεῖ

221 1749 660 1818 προσεκύνησεν,
711 1751 805 1802 καὶ
849 1745 1006 1801 εἶπεν
1027 1765 1039 1778 ·
1074 1749 1522 1819 Εὐχαριστοῦμεν
1551 1746 1626 1818 τῷ
1655 1745 1792 1815 Θεῷ,

1905 557 2008 603 tem
2060 550 2110 605 ei
2155 550 2432 616 dixerunt,
2477 561 2665 623 atque,
2712 565 2769 607 ut
2797 554 3072 621 diximus,
3109 558 3246 612 bene
3279 565 3484 630 precati

1903 653 2050 708 sunt,
2096 643 2163 698 ad
2230 645 2389 700 sedes
2446 647 2678 717 quisque
2732 661 2863 702 suas
2885 647 2991 702 laeti
3035 649 3267 714 rediere,
3300 651 3484 706 multis

1903 733 2012 790 Deo
2037 735 2294 791 laudibus
2335 735 2579 804 redditis,
2612 739 2714 807 .qui
2765 752 2883 804 eos,
2925 754 2955 794 a
3001 741 3202 808 quibus
3247 752 3485 808 amatur,

1903 843 2182 898 nunquam
2212 828 2457 900 negligit,
2491 837 2544 884 et
2570 831 2896 886 catholicam
2926 831 3224 890 Ecclesiam
3260 835 3485 892 illzesam

1903 935 2102 980 servat.

1972 1104 2238 1160 XXXVII.
2283 1109 2470 1164 Patres
2498 1107 2611 1177 jam
2643 1123 2835 1164 omnes
2867 1109 3340 1179 Constantinopoli
3369 1112 3480 1165 dis-

1903 1207 2206 1262 cesserant,
2253 1213 2376 1254 cum
2408 1201 2785 1270 pientissimus
2829 1201 3122 1270 imperator
3143 1210 3328 1257 noster
3348 1218 3484 1270 quo-

1901 1286 2025 1339 dam
2059 1288 2146 1342 die
2166 1289 2640 1360 archiepiscopum
2663 1291 2972 1354 arcessivit,
2994 1292 3478 1362 interrogavitque.

1903 1379 2044 1432 unde
2080 1380 2393 1434 advenisset
2431 1383 2512 1435 vir
2564 1384 2653 1436 ille
2696 1383 2942 1438 ﬂorentis
2973 1386 3165 1445 tetaIis.
3215 1387 3302 1439 cui
3335 1395 3480 1439 tanta

1901 1470 2166 1525 divinitus
2205 1473 2374 1542 gratia
2409 1472 2534 1526 data
2559 1475 2746 1529 esset?
2785 1474 2882 1529 Cui
2919 1475 3361 1545 archiepiscopus
3389 1492 3484 1531 co-

1899 1578 2017 1616 ram
2049 1578 2115 1615 eo
2140 1564 2504 1634 procumbens
2521 1577 2642 1635 post
2671 1565 3045 1620 adorationem
3067 1567 3301 1636 subjecit
3335 1586 3347 1620 :
3374 1567 3484 1620 Ma-

1903 1669 2059 1722 gnas,
2097 1655 2433 1721 pientissin'e
2486 1658 2803 1727 imperator,
2853 1656 2962 1712 Deo
2993 1660 3197 1730 gratias
3242 1661 3478 1730 agimus,

1912 1745 2055 1812 quod
2092 1745 2226 1800 lides
2277 1755 2366 1801 tua
2418 1757 2471 1801 et
2503 1749 2704 1802 illibata
2741 1750 2952 1820 religio,
3001 1765 3108 1820 qua
3145 1750 3311 1806 Deum
3341 1753 3482 1807 assi-

217 1835 582 1890 εύσεῦέστατε
616 1837 965 1907 αὐτοκράτορ
985 1878 999 1901 ,
1025 1837 1161 1906 ὁτιή
1197 1838 1378 1898 πίστις
1400 1837 1492 1888 καὶ
1523 1837 1556 1906 ἡ
1581 1832 1798 1902 καθαρᾶ

1903 1836 2009 1890 due
2044 1837 2200 1900 colis,
2235 1846 2401 1907 atque
2439 1840 2570 1908 ipsa:
2607 1856 2794 1907 preces
2843 1852 2946 1895 tua:
2991 1857 3086 1910 per
3127 1843 3270 1896 hunc
3305 1845 3481 1897 virum

219 1945 318 1980 σου
354 1927 602 1998 λατρεία,
639 1927 707 1999 ἡν
755 1929 1020 1996 κέκτησαι
1054 1927 1284 1981 πάντοτε
1320 1928 1453 1998 πρὸς
1498 1927 1596 1978 τὸν
1641 1923 1795 1988 Θεὸν,

220 2022 319 2074 καὶ
341 2021 474 2091 μόνη
498 2021 531 2091 ἡ
561 2021 649 2074 διὰ
673 2020 766 2073 σοῦ
793 2022 926 2093 εὐχὴ
949 2019 1247 2092 ὲνέφραξεν
1274 2019 1344 2072 τὰ
1371 2019 1478 2071 τῶν
1503 2014 1797 2086 stips-um?”

221 2113 471 2180 στόματα
498 2109 585 2176 διὰ
612 2110 709 2164 τοῦ
745 2110 1039 2183 ἀνθρώπου
1070 2109 1280 2162 τούτου.
1311 2103 1502 2173 Οὗτος,
1537 2108 1795 2172 δέσποτα,

221 2205 374 2268 ξένος
404 2204 572 2268 ἐστὶν,
622 2204 718 2256 καὶ
747 2205 811 2257 ὲκ
836 2205 935 2275 τῆς
963 2202 1123 2272 ἁγίας
1151 2202 1356 2264 πόλεως
1397 2199 1628 2254 ἐνταῦθα
1668 2217 1800 2252 κατ-

219 2298 478 2368 ἡντησεν.
511 2296 668 2350 Μετὰ
693 2290 786 2348 οὖν
813 2295 1031 2366 ἡμέρας
1053 2295 1242 2363 ὀλίγας
1267 2293 1554 2346 ἐκέλευσεν
1582 2295 1609 2344 ὁ
1640 2292 1795 2362 βασι-

219 2389 348 2452 λεὺς
381 2389 470 2443 τὸν
512 2388 814 2459 Γρηγὸριον
863 2389 920 2442 ὲν
963 2387 1043 2457 τῷ
1079 2387 1328 2456 παλατίῳ
1365 2386 1794 2457 παραγενέσθαι.

220 2482 334 2536 Καὶ
375 2481 638 2536 εἰσελθὼν
669 2483 808 2554 πρὸς
839 2481 929 2536 τὸν
974 2471 1364 2534 εὐσεϐέστατον
1396 2479 1624 2550 βασιλέα
1663 2480 1795 2548 ἔστη

218 2575 533 2646 ἔμπροσθεν
560 2575 748 2641 αὐτοῦ,
779 2575 872 2628 καὶ
905 2573 1056 2642 λέγει
1085 2573 1234 2644 αὐτῷ
1259 2574 1286 2626 6
1312 2573 1567 2644 βασιλεύς
1587 2589 1600 2602 ο
1624 2571 1796 2625 Πόθεν

219 2666 605 2735 παραγέγονας
631 2705 648 2729 ,
693 2667 787 2718 καὶ
818 2667 883 2719 ἐκ
915 2666 1074 2728 ποίας
1109 2665 1315 2725 πόλεως
1341 2705 1354 2729 ,
1391 2666 1483 2718 καὶ
1524 2667 1588 2718 ὲκ
1640 2653 1793 2717 ποίου

217 2754 352 2807 λαοῦ
390 2751 473 2821 εί;
508 2755 568 2808 Ὀ
597 2755 652 2808 δὲ
682 2755 864 2825 λέγει,
914 2755 1283 2810 Εὐσεϐέστατε
1316 2756 1690 2827 αὐτοκράτορ,
1731 2759 1794 2808 ὲκ

215 2846 460 2900 Σικελῶν
490 2849 762 2918 ἐπαρχίας
803 2849 905 2918 τῆς
933 2848 1039 2902 τῶν
1083 2847 1526 2918 Ἀκραγαντίνων
1567 2847 1795 2918 Ἐκκλη-

220 2941 343 3004 σίας
372 2942 608 3011 ὑπάρχει
633 2943 661 2995 ὁ
692 2940 878 3004 δοῦλός
904 2958 1025 3005 σου,
1053 2941 1148 2995 καὶ
1183 2939 1476 3011 διεπέρασε
1510 2940 1588 3004 είς
1632 2939 1796 3010 Ἱερο-

219 3031 454 3102 σόλυμα,
487 3031 748 3085 κάκεῖθεν
773 3031 1005 3102 ὡρμήθη
1035 3031 1171 3101 πρὸς
1195 3031 1295 3100 τὴν
1321 3031 1414 3084 τοῦ
1439 3029 1531 3084 σοῦ
1556 3031 1793 3101 κράτους

217 3123 498 3194 περιφανῆ
530 3123 706 3177 πόλιν.
751 3123 809 3175 '0
836 3123 893 3176 δὲ
943 3121 1198 3192 βασιλεὺς
1232 3122 1378 3190 λέγει
1410 3120 1591 3192 αὐτῷ’
1629 3122 1793 3174 Εὐλο-
1820 3154 1863 3211 C

217 3217 461 3285 ξἠμένος
491 3217 554 3268 σύ
574 3256 589 3280 ,
635 3213 888 3284 ἄνθρωπε
915 3215 1010 3268 τοῦ
1040 3214 1197 3277 Θεοῦ,
1237 3215 1329 3266 καὶ
1359 3214 1722 3284 εὐλογημένος
1761 3215 1789 3265 6

215 3309 418 3378 τρόπος
459 3325 576 3373 σου,
626 3309 720 3360 καὶ
758 3308 1098 3378 εὐλογημένη
1144 3310 1176 3376 ἡ
1227 3307 1363 3377 πρὸς
1395 3307 1546 3377 ἡμᾶς
1586 3306 1790 3368 εἴσοδος

213 3400 316 3466 τῆς
360 3399 662 3469 παρουσίας
717 3415 846 3452 σουο
884 3401 966 3452 ὅτι
1014 3398 1187 3460 οὕτως
1235 3397 1610 3451 ἀποκαλύπτει
1667 3396 1788 3449 καθ’

215 3490 459 3563 ἑκάστην
491 3491 684 3560 γενεὰν
718 3491 811 3544 καὶ
835 3489 1029 3558 γενεὰν
1065 3490 1344 3561 μυστήρια
1371 3491 1484 3552 τοῖς
1519 3489 1787 3558 φοϐουμέ-

1901 1943 1994 1981 ora
2026 1927 2411 1982 lnereticorum
2445 1931 2865 1985 obstruxerunt.
2909 1931 3079 1986 Porro
3113 1933 3195 1986 vir
3236 1934 3344 1998 hic,
3389 1935 3485 1988 dv-

1903 2019 2068 2084 mine,
2103 2018 2306 2088 hospes
2335 2030 2436 2083 est,
2470 2029 2634 2091 atque
2665 2022 2773 2078 huc
2806 2039 2868 2078 ex
2895 2033 3081 2079 sancta
3114 2025 3332 2080 civitate
3360 2041 3483 2094 per-

1898 2109 2064 2163 venit.
2100 2108 2390 2164 Enimvero
2411 2117 2535 2180 post
2559 2111 2769 2180 aliquot
2806 2112 2922 2168 dies
2949 2113 3274 2184 Gregorium
3312 2116 3364 2169 in
3397 2132 3484 2169 re-

1900 2199 2043 2268 giam
2076 2202 2155 2255 ire
2184 2202 2481 2272 imperator
2508 2203 2687 2272 jubet,
2735 2214 2789 2259 et
2844 2219 3028 2260 coram
3061 2206 3359 2262 adnu’ssum
3402 2209 3483 2264 sic

1900 2292 2095 2347 aﬂ‘atur
2134 2316 2146 2349 :
2183 2293 2465 2349 Undenam
2509 2297 2800 2359 advenisti,
2841 2309 2894 2352 et
2930 2313 3035 2368 qua
3067 2316 3130 2354 ex
3182 2301 3314 2354 urbe
3342 2319 3481 2370 quo-

1898 2399 1964 2440 ve
1999 2400 2030 2439 e
2073 2387 2278 2455 p0pulo
2303 2402 2362 2441 es
2389 2389 2412 2440 ?
2443 2388 2542 2442 Cui
2594 2389 2681 2442 ille
2713 2406 2727 2441 :
2765 2389 2841 2442 Ex
2881 2391 3158 2460 provincia
3204 2391 3391 2448 Sicilia
3427 2407 3481 2449 et

1898 2493 1962 2532 ex
2001 2477 2242 2534 Ecclesia
2278 2481 2634 2553 Agrigentina
2665 2492 2747 2538 est
2774 2500 2969 2540 servus
3003 2495 3154 2548 tuus,
3183 2502 3217 2542 ο
3246 2488 3478 2558 pientis-

1900 2572 2042 2639 sime
2085 2573 2403 2643 imperator,
2439 2575 2532 2646 qui
2583 2574 2863 2646 profectus
2914 2577 3312 2650 Hierosolyma,
3354 2580 3481 2636 inde

1897 2665 1966 2720 ad
1995 2666 2474 2735 praeclarissimam
2508 2667 2722 2738 imperii
2769 2669 2844 2722 tui
2877 2671 3067 2723 urbem
3114 2671 3330 2726 delatus
3372 2683 3474 2728 est.

1901 2756 2207 2826 imperator
2256 2773 2387 2812 vero
2423 2777 2436 2812 :
2472 2757 2635 2821 Bene,
2687 2759 2885 2828 inquit,
2952 2761 3046 2814 tibi
3097 2762 3191 2828 sit,
3239 2763 3318 2816 vir
3367 2762 3480 2817 Deo

1897 2845 2089 2913 cbare,
2126 2847 2268 2902 bene
2295 2848 2542 2903 moribus
2579 2849 2708 2916 tuis,
2741 2849 2880 2904 bene
2931 2852 3059 2906 item
3093 2853 3352 2908 adventui
3381 2865 3478 2910 tuo

1895 2947 2060 3010 atque
2089 2941 2394 3010 praesentiae
2431 2958 2447 2996 :
2481 2943 2926 3013 quandoquidem
2961 2943 3041 3000 sic
3069 2944 3214 3002 Deus
3247 2947 3478 3017 singulis

1895 3032 2152 3087 aetatibus
2187 3036 2449 3102 mysteria
2479 3049 2579 3088 sua
2613 3033 2678 3088 iis
2711 3035 2935 3100 revelat,
2989 3037 3081 3107 qui
3122 3053 3246 3091 cum
3286 3040 3477 3094 timent

1895 3131 1949 3176 et
1974 3124 2238 3179 voluntati
2265 3125 2384 3195 ejus
2410 3126 2798 3196 obsequuntur
2827 3148 2842 3183 :
2876 3129 2996 3184 laus
3028 3146 3154 3184 vero
3185 3140 3350 3201 atque
3372 3132 3474 3186 ho-

1897 3230 2000 3270 nor
2029 3224 2222 3271 sancto
2261 3219 2468 3273 nomini
2497 3219 2618 3288 ejus
2649 3221 2940 3284 tribuatur,
2978 3221 3069 3291 qui
3097 3222 3292 3279 diebus
3327 3225 3476 3279 hisce

1897 3308 2058 3362 talem
2098 3319 2322 3380 tamque
2377 3311 2481 3365 sibi
2525 3321 2810 3381 acceptum
2851 3313 3233 3368 administrum
3290 3327 3472 3372 ostcu-

1897 3399 1994 3458 dit,
2035 3415 2063 3453 a
2098 3415 2208 3468 quo
2244 3402 2417 3455 sancti
2444 3402 2682 3473 Spiritus
2705 3405 2954 3473 przesenti
2986 3421 3088 3474 ope
3118 3405 3341 3463 fraudes
3369 3409 3478 3464 Inr-

1900 3493 2194 3548 reticorum
2229 3495 2491 3564 malaeque
2531 3504 2678 3551 artes
2717 3495 2943 3549 sublata)
2973 3507 3124 3551 sunt.

215 3603 329 3649 νοις
365 3585 672 3650 αὐτὸν,καὶ
695 3583 940 3638 ποιοῦσιν
960 3585 1021 3636 τὸ
1047 3583 1262 3654 θέλημα
1319 3581 1512 3636 αὑτοῦ.
1577 3580 1725 3651 Πλὴν
1792 3579 1942 3647 αἶνος
1990 3585 2084 3638 καὶ
2131 3586 2261 3650 δόξα
2301 3585 2379 3655 τῷ
2423 3587 2564 3656 ἁγίῳ
2635 3587 2803 3640 αὐτοῦ
2862 3587 3090 3658 ὀνόματι
3135 3589 3213 3659 τῷ
3261 3593 3319 3644 ἐν
3353 3596 3471 3653 ταῖς

215 3681 456 3752 ἡμέραις
506 3679 732 3741 ταύταις
802 3665 1148 3744 ἀναδείξαντι
1214 3676 1456 3730 τοιοῦτον
1526 3675 1718 3738 σκεῢος
1764 3677 2089 3750 εὐχάριστον
2129 3679 2220 3732 τὸν
2271 3677 2569 3732 καθελόντα
2618 3678 2728 3733 τῶν
2773 3681 3066 3751 αίρετικῶν
3110 3685 3473 3754 κακοτέχνους

220 3777 467 3847 μηχανὰς
491 3776 579 3829 διὰ
602 3775 703 3844 τῆς
736 3773 829 3828 τοῦ
858 3775 1012 3843 ἁγίου
1043 3773 1359 3844 Πνεύματος
1388 3771 1688 3842 μεσιτείας.

290 3863 421 3924 ΑΠ’.
469 3868 656 3921 Ταῦτα
705 3868 800 3920 καὶ
847 3868 915 3920 τὰ
981 3866 1208 3920 τοιαῦτα
1261 3865 1644 3934 διαλεγόμενος
1702 3865 1796 3918 ἐπὶ

217 3962 476 4022 πλείστας
507 3959 658 4028 ὧρας
697 3961 722 4011 6
752 3956 1142 4019 εὐσεῦέστατος
1175 3955 1428 4026 βασιλεὺς
1479 3958 1792 4008 Ἰουστινιαο

216 4052 307 4114 νὸς
345 4051 425 4120 τῷ
475 4050 734 4120 μακαρίῳ
785 4048 1104 4120 Γρηγορίῳ,
1157 4047 1402 4118 ἔχαιρενο
1445 4047 1472 4099 ὁ
1508 4047 1565 4100 δὲ
1613 4045 1794 4099 πεσὼν

215 4124 630 4212 ὲπῗπρόσωπον
659 4141 825 4194 αὐτοῦ
855 4140 1266 4210 προσεκύνησεν
1301 4139 1378 4209 τῷ
1416 4139 1630 4207 βασιλεῖ
1673 4138 1790 4208 τρία

213 4253 308 4288 τον
337 4237 431 4288 ἐπὶ
453 4235 549 4304 τὴν
578 4234 682 4304 γῆν
701 4249 715 4262 ⁶
743 4232 838 4285 καὶ
869 4231 1252 4295 ἐξαπέστειλεν
1285 4231 1448 4284 αὐτὸν
1480 4233 1508 4283 ὁ
1536 4230 1794 4300 βασιλεὺς

214 4333 296 4391 εἰς
337 4330 427 4382 τὸν
469 4327 918 4398 ἀρχιεπίσκοπον.
973 4325 1082 4378 Καὶ
1139 4326 1373 4392 ποιήσας
1419 4325 1537 4375 ἐκεῖ
1579 4322 1791 4392 ἡμέρας

212 4423 438 4490 ὀλίγας,
469 4421 748 4488 ἀνήγαγεν
778 4417 857 4488 τῷ
903 4416 1280 4485 εὐσεϐεστὰτῳ
1313 4414 1526 4484 βασιλεῖ
1570 4416 1598 4468 6
1649 4414 1788 4484 Γρη-

1974 3865 2264 3919 XXXVlll.
2305 3866 2431 3922 Ηωο
2461 3875 2516 3921 et
2547 3866 2750 3921 similia
2777 3870 2843 3920 ad
2878 3867 3082 3921 multas
3132 3869 3297 3920 horas
3329 3872 3476 3937 pien-

1901 3958 2151 4013 tissimus
2179 3960 2476 4029 imperator
2503 3959 2616 4031 (28)
2657 3974 2781 4014 cum
2816 3960 2978 4013 beato
3009 3958 3270 4030 Gregorio
3299 3961 3473 4014 liben-

1902 4050 2115 4104 tissime
2175 4051 2504 4121 loquebatur
2549 4069 2563 4106 :
2609 4068 2734 4108 cum
2795 4052 2883 4106 hic
2932 4051 3153 4106 demum
3187 4067 3370 4105 coram
3411 4068 3479 4106 eo

1898 4142 2212 4210 procidens,
2257 4143 2638 4212 imperatorem
2674 4153 2756 4198 ter
2808 4159 2984 4212 usque
3033 4144 3098 4196 ad
3134 4145 3314 4196 solum
3347 4145 3450 4197 ado

1895 4232 2059 4294 ravit,
2092 4248 2159 4286 ac
2215 4233 2484 4288 dimissus
2533 4236 2598 4288 ad
2649 4233 3127 4302 archiepiscopum
3176 4233 3359 4287 rediit.
3403 4235 3480 4285 Αιτ

1895 4324 2012 4378 dies
2043 4325 2186 4393 apud
2217 4341 2341 4379 eum
2379 4327 2594 4396 aliquot
2640 4307 3042 4392 commoratus,
3086 4343 3182 4396 per
3216 4325 3480 4382 domesti-

1893 4429 2018 4468 cum
2047 4415 2339 4484 quemdam
2359 4417 2709 4487 imperatoris
2738 4417 3079 4473 Marcianum
3122 4418 3234 4489 (29)
3259 4418 3483 4473 nomine

212 4619 324 4656 non
368 4610 455 4654 est
508 4600 1003 4664 dissimulandum,
1044 4601 1097 4654 in
1167 4599 1438 4668 plerisque
1475 4586 1793 4668 Menologiis
1830 4598 1868 4652 ο
1902 4593 2463 4668 Leontius_nusquam
2491 4595 3293 4668 monothelctarumAlneresim
3331 4597 3479 4668 desi-

213 4673 476 4740 scriptum
525 4685 700 4741 esse,
741 4670 1061 4741 Gregorium
1110 4665 1212 4723 sub
1240 4665 1547 4741 Justiniano
1587 4665 1792 4718 Πιιὶιιοο

212 4739 388 4795 ιιιιοίιο
417 4740 667 4794 ﬂoruisse
703 4757 715 4792 :
751 4739 870 4794 nec'
893 4743 1086 4794 borum
1126 4739 1495 4792 testimonium
1536 4746 1793 4803 lultqtlam

212 4811 534 4866 recentioris
578 4811 755 4863 anatis
788 4811 946 4879 plane
990 4811 1380 4879 repudiandum
1423 4807 1588 4860 videri
1631 4821 1791 4879 {cum

213 4883 266 4936 id
316 4881 490 4948 ipsum
551 4881 604 4932 in
659 4874 930 4934 Basiliano
973 4874 1246 4946 legamus,
1299 4879 1440 4946 quod
1489 4875 1694 4948 szeeulo
1744 4874 1788 4948 Χ

211 4946 521 5006 confectum
554 4949 726 5003 fuisse
774 4953 998 5004 scimus.
1035 4949 1230 5004 Verum
1268 4959 1319 5002 et
1371 4947 1499 5000 illud
1537 4946 1787 5000 animad-

212 5022 533 5074 vertendum
574 5029 680 5084 est,
711 5021 1039 5074 breviarium
1070 5022 1192 5074 vita:
1220 5018 1548 5073 Basili-mum
1586 5032 1650 5068 ex
1688 5015 1789 5068 Lc-

210 5092 368 5144 0utio
416 5106 735 5160 expressum
763 5105 906 5154 esse,
945 5090 1100 5157 cujus
1151 5089 1394 5157 exetnpla
1440 5087 1673 5160 jamdiu.
1702 5095 1788 5160 _ut

210 5157 547 5224 intimi-imus,
567 5161 884 5227 interpolata
907 5161 1076 5230 Sergii
1097 5176 1156 5212 ac
1173 5169 1490 5230 umerorum
1512 5157 1794 5230 Monothe-

212 5232 446 5284 letarutn
468 5231 685 5285 nomina
711 5225 1037 5293 referebant,
1069 5231 1158 5300 qui
1194 5230 1297 5283 sub
1312 5227 1672 5300 Constantino
1695 5225 1799 5300 Po:-

212 5314 419 5370 gonato
453 5301 504 5352 in
534 5300 771 5354 concilio
805 5296 1416 5369 Constantinopolitano
1467 5314 1523 5352 ιιι
1553 5296 1798 5370 damnati

210 5366 380 5424 Sunt:
416 5371 614 5424 ibidem
641 5386 766 5423 vero
799 5371 1057 5424 traditum
1088 5366 1280 5435 fuisse,
1315 5379 1513 5422 sectam
1552 5367 1695 5418 illam
1744 5366 1796 5418 in

212 5445 332 5510 ipsa
354 5441 574 5510 synodo
618 5456 646 5492 a
686 5439 948 5510 Gregorio
993 5451 1182 5494 nostro
1236 5452 1458 5493 strenue
1489 5454 1609 5510 esse.
1650 5435 1798 5510 refu-

211 5506 406 5565 tatam.
442 5509 606 5578 Igitur
641 5506 924 5580 Menologii
960 5521 1170 5570 auctor,
1199 5512 1288 5578 qui
1321 5517 1484 5563 sciret
1534 5506 1798 5580 Justinia-

212 5597 346 5635 num
364 5580 769 5634 Rhinotmetum
789 5578 1049 5648 aequalem
1068 5598 1256 5635 eorum
1276 5590 1579 5647 temporqu
1602 5578 1789 5648 inissa.

211 5665 266 5705 ct
297 5648 665 5704 Iustinianum
693 5651 744 5703 in
781 5647 1008 5704 Lenntio
1035 5652 1276 5719 legisset,
1315 5657 1459 5702 rec'te
1489 5662 1593 5699 nou
1621 5647 1787 5698 alium

209 5736 334 5774 esse
361 5721 645 5790 judicavit.
677 5737 838 5789 quam
868 5721 1298 5783 Ilhiuotmetum,
1338 5721 1569 5786 aliisque
1600 5729 1788 5769 ansam

213 5791 464 5861 prxbuit,
499 5800 556 5846 ut
589 5791 731 5847 idem
774 5792 971 5848 litteris
1016 5793 1400 5863 censignarent
1432 5806 1443 5840 :
1475 5799 1792 5858 quanquam

1905 4675 2116 4736 gnarat.
2151 4665 2416 4719 Cmterum
2448 4679 2546 4736 nec
2581 4667 2712 4736 bene
2740 4665 2938 4719 Laucia
2980 4665 3149 4730 (Diss.
3182 4684 3236 4721 ιι.
3271 4667 3361 4736 9.8)
3383 4667 3481 4722 Ju-

1903 4735 2202 4806 stinianum
2243 4736 2386 4788 hunc
2421 4734 2489 4806 ab
2521 4734 2654 4802 ipsis
2677 4736 2890 4788 concilii
2919 4736 3254 4804 temporibus
3286 4734 3478 4806 Augu-

1903 4815 2045 4858 stum
2079 4804 2244 4858 facit:
2269 4820 2428 4873 quem
2450 4805 2849 4859 Constantinus
2890 4813 3044 4874 pater
3074 4817 3163 4858 aut
3198 4804 3480 4874 nunquam

1899 4885 1993 4927 aut
2029 4875 2208 4944 serius
2246 4876 2560 4944 augustum
2596 4875 2907 4942 appellavit.
2956 4873 3092 4928 Eum
3129 4878 3272 4928 enim
3304 4873 3480 4943 neque

1899 4945 2111 5015 Agatho
2143 4943 2203 4998 P.
2239 4943 2308 5000 Μ.
2342 4946 2394 4998 in
2425 4946 2622 5015 litteris
2641 4947 2756 4998 suis
2778 4960 3016 5012 unquam
3041 4946 3165 5007 ciet,
3195 4946 3478 5012 uequePa-

1897 5014 2007 5069 tres
2042 5015 2259 5068 concilii
2303 5015 2354 5068 in
2406 5014 2633 5068 Actione
2677 5016 2782 5068 ulla
2821 5024 2914 5068 aut
2972 5016 3021 5067 in
3058 5017 3479 5083 prosphonetito

1902 5085 2096 5138 ultimo
2146 5094 2579 5138 commemorant
2616 5102 2629 5138 :
2661 5100 2785 5138 cum
2845 5086 3007 5137 iidem
3067 5086 3288 5138 fratrem
3339 5087 3480 5140 Con-

1904 5156 2126 5209 stautini
2162 5154 2297 5222 Aug.
2329 5169 2542 5221 semper
2578 5156 2944 5209 meminerint.

1973 5225 2085 5294 (28)
2115 5225 2250 5278 Cod.
2287 5225 2337 5285 1.
2381 5225 2720 5286 Ἰουστιανός.

1975 5293 2086 5363 (29)
2138 5294 2474 5348 Marcianum
2523 5295 2812 5363 quemdam
2855 5303 3120 5347 memorat
3157 5293 3476 5354 Simocattr.

1903 5363 2074 5432 (Hist.
2112 5364 2206 5417 lib.
2243 5380 2324 5426 ιιι,
2361 5379 2411 5417 c.
2453 5363 2560 5428 10),
2605 5380 2763 5432 quem
2811 5365 3114 5434 στρατηγὸν
3155 5365 3390 5434 appellat
3413 5369 3467 5416 ἐν

1902 5436 1978 5505 τῷ
2007 5435 2294 5505 καταλόγῳ
2333 5435 2442 5486 τῶν
2468 5436 2768 5504 πατρικίων
2801 5435 2949 5496 ὄντα,
2985 5436 3349 5505 περίϐλεπτον
3378 5436 3475 5488 ἆν-

1899 5489 2021 5573 δρα,
2051 5508 2098 5556 id
2124 5513 2227 5564 est.
2259 5488 2456 5556 Ducem
2517 5488 2652 5556 inicr
2702 5488 2955 5572 patricios
3005 5488 3271 5568 (ilicetum,
3309 5508 3475 5558 virum

1900 5575 2253 5644 spectabilem.
2289 5578 2462 5644 Atque
2501 5575 2647 5644 hunc
2701 5576 2804 5628 sub
2838 5576 3095 5629 extremis
3143 5573 3345 5628 Justini
3380 5573 3476 5628 Ju-

1901 5647 2072 5698 nioris
2105 5643 2444 5713 temporibus
2485 5645 2536 5696 in
2575 5643 2851 5699 Orientem
2903 5659 3025 5699 cum
3068 5645 3308 5699 exercitu
3342 5647 3476 5698 mis-

1898 5731 2016 5768 sum
2055 5715 2269 5779 scribit,
2293 5731 2390 5769 nec
2421 5715 2593 5768 multo
2623 5725 2770 5782 post,
2795 5725 3015 5784 pl‘Oplet'
3042 5714 3160 5782 ejus
3201 5717 3479 5768 temerita-

1899 5798 2031 5852 tem,
2075 5785 2329 5844 abdicare
2359 5801 2418 5842 se
2452 5785 2918 5856 honorejussum.
2949 5784 3025 5841 Ea
3051 5796 3177 5842 nota
3231 5785 3479 5855 juvenem
