4226 6444
690 377 798 442 619

1679 381 1741 442 S.
1795 379 2175 442 GREGORII
2226 382 2738 444 AGRIGENTINI
2777 383 2976 444 VITA.

3854 382 3975 448 620

692 497 988 569 pestulctis
1022 513 1185 569 quem
1208 497 1396 562 vultis,
1428 507 1481 552 et
1516 499 1802 552 unanimes
1834 499 1938 554 hoc
1955 501 2123 554 etiam
2154 515 2274 568 spe-

2381 501 2535 569 κοινῇ
2587 499 2781 570 γνώμῃ
2834 517 2858 549 ι
2887 500 2984 552 καὶ
3036 501 3346 571 μαρτυρίαν
3383 500 3620 570 ἀγαθὴν,
3661 519 3679 552 ι
3727 500 3871 556 κατᾶ
3907 504 3973 556 τὸ

693 591 876 646 etetis.
915 608 934 643 ι
981 589 1049 644 Ut
1079 591 1278 645 habeat
1306 591 1513 645 bonum
1548 589 1932 645 testimonium
1964 592 2100 663 ('55),
2144 609 2162 642 ι
2203 592 2278 645 si-

692 692 787 739 cut
826 683 1090 754 scriptum
1119 691 1223 738 est.
1269 684 1336 738 At
1379 682 1455 738 illi
1508 693 1692 755 spreto
1725 683 1981 753 pontifice
2013 683 2274 749 maxime,

695 773 934 842 majores
960 774 1149 828 turbas
1181 774 1352 828 multa
1381 773 1739 829 obtrectando
1774 774 2106 828 excitabant.

764 865 876 920 XL.
922 864 988 922 Ut
1014 882 1146 922 vero
1179 868 1422 937 pontifex
1466 868 1746 924 maximus
1777 867 2149 937 impudentem
2180 881 2276 920 eo-

696 977 816 1016 rum
849 961 1173 1016 seditionem
1205 961 1362 1023 vidit,
1395 960 1765 1015 iraineensus
1791 975 1821 1013 e
1844 966 2145 1028 conspectu
2172 973 2275 1012 suo

693 1065 890 1106 omnes
918 1051 1044 1121 ejiei
1069 1051 1252 1119 iussit,
1284 1065 1347 1103 ac
1369 1050 1597 1120 rogandi
1629 1063 1791 1103 causa
1823 1049 1888 1102 ad
1921 1063 1980 1103 se
2007 1049 2058 1100 in
2091 1055 2271 1116 poste-

695 1159 818 1197 rum
859 1143 1039 1199 redire
1080 1143 1272 1196 vetuit.
1317 1141 1462 1196 Idem
1511 1142 1672 1196 tertio
1719 1150 1852 1210 post
1899 1141 2001 1206 die,
2038 1141 2273 1209 Eupltttn

695 1235 1146 1290 archidiaconum
1177 1243 1232 1289 et
1264 1233 1617 1289 Charitonem
1632 1248 1709 1287 ac
1728 1242 1962 1288 caeteros
1991 1248 2022 1288 e
2048 1234 2200 1287 clero
2223 1241 2276 1287 et

697 1328 922 1399 populo,
955 1327 1051 1398 qui
1087 1343 1212 1406 eum
1251 1328 1338 1383 his
1368 1326 1702 1393 sentiebant,
1737 1327 2275 1392 οοιινοείιινὶι,ιοιείο

695 1429 781 1474 est
810 1419 1009 1476 aﬂ‘atus
1045 1437 1058 1473 :
1095 1417 1283 1487 Vobis,
1339 1417 1562 1478 fratres.
1615 1418 1744 1489 quid
1788 1417 2006 1494 videtur
2049 1418 2118 1473 de
2163 1418 2270 1484 his,

697 1527 838 1580 quos
864 1512 1114 1568 seditiosi
1143 1511 1222 1574 illi
1255 1521 1307 1564 et
1334 1511 1636 1565 turbulenti
1668 1509 1924 1566 homines
1949 1510 2276 1579 elegerunt?

698 1606 908 1660 similes
935 1620 1126 1660 eorum
1163 1602 1410 1674 profecto
1441 1613 1593 1671 sunt,
1631 1603 1801 1674 inepti
1836 1611 1998 1672 atque
2024 1602 2267 1658 inutiles.

695 1697 1131 1752 Archidiaconus
1155 1712 1282 1751 vero
1305 1705 1360 1751 et
1386 1695 1615 1750 Charito
1642 1695 2051 1765 responderunt
2079 1713 2093 1748 :
2125 1698 2274 1763 opus

701 1790 828 1856 hoc,
859 1789 1088 1846 Domine
1124 1788 1231 1845 Deo
1268 1790 1616 1850 charissima.
1665 1788 1812 1857 quod
1841 1785 1954 1854 jam
1987 1785 2230 1840 diximus
2257 1825 2272 1850 ,

701 1899 809 1939 non
865 1884 934 1938 ab
989 1883 1219 1937 homine
1269 1896 1445 1951 neque
1490 1895 1588 1950 per
1639 1879 1942 1943 hominem,
1989 1879 2082 1932 sed
2140 1877 2273 1933 Jesu

700 1975 906 2031 Christi
956 1975 1161 2030 indicio
1213 1983 1267 2028 et
1317 1973 1718 2044 signiﬁcatione
1748 1971 2132 2040 complendum
2165 1979 2272 2026 est.

699 2070 890 2140 Itaque
921 2066 1066 2122 Deus
1094 2068 1234 2136 ipse,
1271 2068 1366 2137 qui
1407 2081 1600 2135 puram
1638 2065 1979 2135 religionem,
2009 2064 2104 2134 qui
2132 2065 2275 2119 assi-

697 2163 836 2220 duas
876 2176 1063 2234 preces
1092 2169 1215 2215 tuas
1245 2160 1412 2223 videt,
1447 2157 1580 2228 quid
1612 2157 1712 2212 tibi
1738 2158 1807 2212 de
1837 2157 1999 2211 nobis
2024 2140 2299 2211 statuet]?

698 2255 829 2310 dum
861 2255 953 2318 sit,
991 2250 1418 2308 demonstrabit.
1447 2249 1799 2319 Responsum
1827 2248 2069 2320 pontifex
2100 2249 2276 2302 maxi-

699 2361 823 2402 mus
846 2343 1275 2402 commendavit.
1306 2343 1376 2397 At
1403 2358 1528 2398 cum
1556 2342 1627 2397 ob
1655 2341 1797 2397 hanc
1823 2357 1936 2396 rem
1962 2351 2273 2412 angeretur,

698 2455 810 2496 non
865 2439 1040 2496 multo
1089 2446 1214 2508 post
1261 2436 1498 2507 quadam
1538 2445 1696 2491 nocte
1744 2435 1923 2490 cernit
1969 2435 2023 2488 in
2071 2434 2277 2490 somnis

700 2537 850 2590 viros
880 2535 1044 2597 binos
1077 2532 1452 2603 apostolorum
1494 2529 1704 2594 habitu,
1736 2527 1827 2596 qui
1859 2527 1942 2581 sic
1981 2542 2106 2581 eum
2139 2526 2279 2580 allo-

696 2636 1003 2700 querentur
1037 2645 1049 2680 :
1081 2626 1192 2680 Cur
1232 2622 1422 2679 dolore
1472 2621 1728 2685 aﬂiccris,
1774 2619 1922 2690 quod
1965 2619 2033 2674 de
2077 2617 2278 2672 Siciliae

696 2722 964 2792 episcopo
993 2718 1163 2773 Siculi
1192 2716 1269 2770 illi
1303 2715 1557 2770 homines
1584 2712 1930 2769 dissideant?
1963 2712 2108 2767 Sane
2138 2727 2278 2782 quos

705 2813 742 2866 ii
781 2812 1146 2872 deduxerunt,
1187 2807 1587 2877 indigniplane
1619 2816 1768 2870 sunt,
1823 2806 1916 2874 qui
1966 2806 2278 2860 initientur.

701 2906 772 2959 At
797 2913 879 2958 est
912 2903 1000 2957 hic
1025 2901 1080 2956 in
1111 2900 1248 2956 urbe
1272 2899 1472 2969 hospes
1502 2899 1582 2952 vir
1619 2898 1852 2968 quidam.
1878 2897 2024 2968 pius,
2057 2897 2147 2950 cui
2178 2911 2279 2951 no-

703 3011 829 3050 men
869 2993 1193 3065 Gregorius,
1224 2992 1382 3062 isque
1423 2991 1478 3045 in
1520 2987 1861 3044 monasterio
1903 2987 2088 3044 Sancti
2121 2987 2280 3044 Saba:

703 3089 1048 3158 hospitatur;
1103 3085 1197 3156 qui
1233 3084 1324 3138 ubi
1366 3082 1597 3146 audivit,
1649 3083 1799 3138 viros
1852 3082 1974 3137 illos
2037 3082 2144 3136 huc
2180 3081 2278 3135 ad-

2377 592 2784 661 γεγρκμμένον.
2821 594 2886 645 Οἱ
2931 593 2989 645 δὲ
3033 594 3134 647 οὐκ
3189 594 3478 648 ἐϐούλοντο
3524 595 3837 649 ἐπακοῦσαι
3885 596 3974 665 τῷ

2379 684 2558 755 πάπα.
2591 683 2728 738 ἀλλὰ
2759 685 2960 756 μᾶλλον
3003 686 3364 756 ἐθορυϐοῦντο
3392 690 3491 742 ἐπὶ
3536 687 3712 742 πολλὰ
3748 688 3972 757 διελέγ-

2378 792 2588 847 χοντες.
3209 774 3215 779 ’
3361 796 3363 798 ·

2447 867 2541 922 Μ’.
2596 867 2743 923 Ἰδὼν
2771 869 2827 922 δὲ
2860 871 2889 922 ὁ
2939 869 3128 934 πάπας
3157 869 3256 940 τὴν
3302 871 3495 941 ἀναιδῆ
3539 870 3720 924 αὐτῶν
3749 871 3973 938 στάσιν,

2376 960 2652 1032 ὀργισθεὶς
2681 961 2965 1015 ἐκέλευσεν
2997 963 3196 1025 αὐτοὺς
3246 962 3605 1033 ὲκδιωχθῆναι
3638 963 3746 1016 ἀπὸ
3793 979 3974 1032 προσ-

2375 1053 2524 1107 ώπου
2559 1054 2747 1118 αὑτοῦ,
2773 1053 2867 1107 καὶ
2901 1055 3094 1124 μηκέτι
3125 1055 3325 1118 αὐτοὺς
3358 1055 3613 1126 ἔρχεσθαι
3637 1058 3716 1119 εἰς
3753 1055 3975 1127 ἐρώτη-

2379 1162 2461 1198 σιν
2482 1161 2495 1175 ·
2529 1145 2622 1199 καὶ
2659 1144 2780 1215 μεθ’
2812 1145 3024 1215 ἡμέρας
3053 1148 3201 1214 τρεῖς
3250 1145 3760 1215 προσκαλεσάμενος
3793 1149 3823 1198 ὁ
3863 1146 3976 1197 πά-

2377 1255 2485 1300 πας
2511 1237 2601 1290 τὸν
2629 1237 3008 1308 ἀρχιδιὰκονον
3039 1234 3250 1292 Εῦπλον
3281 1241 3375 1292 καὶ
3408 1239 3502 1292 τὸν
3535 1239 3827 1308 Χαρίτωνα
3871 1242 3976 1290 καὶ

2375 1332 2501 1396 τοὺς
2546 1334 2674 1403 περὶ
2725 1332 2926 1395 αὐτοὺς
2962 1331 3258 1402 κληρικούς
3296 1349 3357 1384 τε
3403 1334 3498 1386 καὶ
3539 1332 3782 1397 λαῐκοῦς,
3817 1331 3973 1400 λέγει

2375 1426 2560 1489 αὐτοῖς
2581 1442 2594 1456 ·
2636 1425 2816 1495 Ὑμῖν,
2848 1422 3086 1494 ἀδελφοὶ,
3123 1423 3177 1476 τί
3201 1423 3350 1476 δοκεί
3377 1423 3509 1493 περὶ
3538 1419 3616 1476 ὧν
3641 1422 3976 1490 ἐπελέξαντο

2374 1510 2522 1568 οὗτοι
2591 1517 2640 1568 οί
2699 1513 3019 1586 στασιάρχοι
3077 1514 3176 1566 καὶ
3247 1512 3587 1583 ταραχώδεις
3640 1512 3972 1581 ἄνθρωποις

2375 1608 2604 1671 Πάντως
2625 1609 2799 1679 ὅμοιοι
2829 1608 3009 1662 αὐτῶν
3031 1609 3372 1679 ὑπάρχουσιν
3401 1609 3598 1675 ἀφυεῖς
3617 1609 3714 1660 καὶ
3747 1609 3971 1674 ἀνωτε-

2374 1700 2509 1764 λεῖς.
2548 1701 2607 1753 '0
2640 1700 2697 1753 δὲ
2727 1701 3129 1773 ἀρχιδιάκονος,
3151 1702 3247 1754 καὶ
3270 1703 3298 1754 ὁ
3325 1701 3580 1773 Χαρίτων
3607 1699 3710 1770 ἔφη
3729 1715 3745 1730 ·
3774 1700 3972 1753 Θεοτί-

2383 1809 2520 1863 μητε
2551 1793 2810 1856 δέσποτα,
2846 1793 2921 1855 ὡς
2947 1793 3041 1846 καὶ
3071 1793 3414 1864 προέφημεν,
3451 1793 3554 1846 οὐκ
3582 1791 3642 1856 ἐξ
3670 1790 3971 1862 ἀνθρώπου

2379 1885 2474 1936 καὶ
2515 1884 2637 1936 οὐδὲ
2674 1883 2740 1937 δι’
2787 1882 3096 1953 ἀνθρώπου,
3140 1885 3277 1938 ἀλλὰ
3316 1884 3383 1937 δι’
3417 1884 3815 1952 ἀποκαλύψεως
3865 1885 3972 1952 Ἰη-

2378 1975 2472 2030 σοῦ
2517 1976 2758 2047 Χριστοῦ
2790 1977 2850 2028 τὸ
2881 1977 3041 2047 ἔργον
3069 1977 3254 2044 μέλλει
3295 1975 3655 2047 πληροῦσθαι.
3693 1976 3841 2044 Πλὴν
3878 1977 3969 2030 διὲ

2375 2068 2475 2137 τῆς
2504 2068 2751 2138 καθαρᾶς
2783 2085 2877 2122 σου
2911 2069 3186 2139 λατρείας,
3219 2068 3314 2121 καὶ
3345 2069 3445 2138 τῆς
3477 2067 3614 2138 πρὸς
3642 2069 3775 2121 Θεὸν
3807 2072 3971 2123 ἀνεν-

2356 2154 2529 2214 ³δὸτου
2575 2176 2668 2212 σου
2705 2161 3040 2231 προσευχῆς,
3085 2160 3438 2232 ἀποκαλύψαι
3489 2178 3568 2214 σοι
3605 2163 3718 2231 ἔχει
3771 2165 3799 2216 ὁ
3827 2163 3974 2226 Θε⁸ς

2375 2253 2438 2306 τὸ
2470 2253 2519 2306 τί
2551 2252 2634 2306 δεῖ
2682 2253 2938 2322 γενέσθαι
2967 2257 3045 2317 εἰς
3077 2255 3247 2325 ἡμᾶς.
3289 2256 3398 2308 Καὶ
3432 2256 3722 2308 ἑπαὶνεσεν
3761 2255 3971 2318 αὐτοὺς

2375 2347 2404 2398 ὁ
2445 2345 2632 2408 πάπας
2674 2346 2766 2398 ἐπὶ
2813 2349 2882 2416 τῇ
2921 2363 2980 2399 το
3007 2347 3144 2416 αύτῃ
3193 2347 3373 2398 αὐτῶν
3416 2348 3727 2417 ἀποκρίσει.
3770 2348 3972 2410 Ὀντος

2376 2437 2432 2491 δὲ
2459 2437 2551 2490 τοῦ
2585 2439 2742 2491 πὰπα
2767 2440 2824 2491 ἐν
2854 2439 2998 2512 λύπῃ
3029 2439 3157 2510 περὶ
3199 2439 3292 2492 τοῦ
3324 2440 3567 2492 τοιούτου
3610 2442 3969 2509 πράγματος,

2381 2531 2500 2602 μεθ’
2531 2534 2743 2605 ἡμέρας
2770 2534 2923 2597 τινὰς
2965 2536 3021 2586 ὲν
3053 2536 3152 2604 μιᾷ
3179 2535 3336 2587 νυκτὶ
3363 2535 3466 2605 ὁρᾷ
3496 2536 3616 2586 κατ’
3641 2535 3774 2604 ὄναρ
3804 2537 3832 2587 ὁ
3865 2535 3975 2587 πά·

2380 2640 2487 2688 πας
2519 2626 2668 2688 τινας
2710 2625 2907 2696 ἄνδρας
2948 2626 3041 2679 δύο
3086 2627 3143 2678 ὲν
3189 2627 3427 2696 σχήματι
3486 2626 3828 2695 ἀποστολικῷ
3876 2625 3973 2679 λέ-

2381 2733 2576 2786 γοντας
2605 2716 2752 2786 αὑτῷ
2773 2733 2786 2749 ·
2827 2718 2891 2769 Τί
2928 2735 3012 2770 σοι
3040 2719 3258 2785 ἐγένετο
3283 2717 3426 2787 λύπη
3457 2719 3584 2786 περὶ
3612 2717 3722 2771 τῶν
3749 2717 3974 2786 ἀνδρῶν

2380 2807 2489 2861 τῶν
2537 2809 2937 2871 στασιαζόντων
2986 2810 3116 2878 περὶ
3167 2807 3261 2860 τοῦ
3316 2809 3622 2861 ἐπισκόπου
3673 2808 3976 2872 Σικελίαςς

2379 2894 2540 2954 Οὗτοι
2567 2898 2626 2950 δὲ
2655 2899 2706 2951 οί
2740 2899 2870 2967 παρ’
2896 2898 3071 2951 αὐτῶν
3106 2900 3530 2968 προσαγόμενοι,
3555 2899 3767 2964 ὰνὰξιί
3791 2899 3979 2968 ὑπάρ-

2380 3009 2534 3063 χουσι
2564 2991 2660 3045 τοῦ
2687 2993 3110 3062 ἐγχειρήματος.
3149 2993 3304 3044 Ἔστι
3329 2992 3384 3045 δὲ
3416 2993 3474 3044 ἐν
3505 2996 3572 3060 τῇ
3602 2992 3762 3045 ,πόλει
3790 2989 3894 3044 ταῦ
3908 3009 3974 3063 τῃ

2380 3086 2517 3157 ἁνήρ
2550 3102 2634 3149 τις
2672 3083 2820 3150 ξένος
2853 3083 3090 3154 εὐλαῦὴς
3139 3084 3440 3154 Γρηγόριος
3471 3083 3782 3153 λεγόμενος.
3817 3083 3972 3145 ὅστις

703 3180 962 3244 venisse,
1013 3191 1047 3234 ο
1093 3175 1427 3232 monasterio
1488 3175 1721 3246 aufugit,
1764 3173 1818 3228 in
1866 3188 1976 3243 quo
2039 3182 2178 3239 erat,
2226 3183 2278 3228 et

2382 3177 2649 3242 ξενίζεται
2709 3179 2768 3230 ὲν
2829 3176 2908 3246 τῷ
2981 3175 3328 3246 μοναστηρίῳ
3385 3175 3480 3228 τοῦ
3553 3175 3740 3242 ’Λγίου
3797 3174 3972 3227 Σάὸα.

702 3273 759 3328 in
803 3270 917 3341 ('56)
955 3267 1292 3324 monasterio
1342 3265 1518 3339 [cvm]
1560 3265 1738 3321 sancti
1785 3265 2000 3322 Erasmi
2052 3266 2166 3336 (57)
2219 3279 2279 3320 se

703 3362 931 3419 abdidit.
965 3362 1100 3417 Illuc
1127 3361 1304 3430 igitur
1323 3360 1477 3414 mitte
1503 3360 1597 3430 qui
1621 3359 1899 3414 hominem
1935 3360 2000 3414 ad
2029 3368 2081 3414 te
2109 3360 2279 3415 dedu-

703 3464 852 3521 cant,
884 3463 1049 3525 atque
1079 3454 1227 3509 hunc
1251 3467 1377 3506 cum
1412 3452 1710 3522 episcopis,
1757 3453 1850 3522 qni
1879 3452 2022 3522 apud
2053 3461 2104 3507 te
2128 3461 2278 3517 sunt,

702 3555 1089 3603 consecratum
1121 3546 1175 3600 in
1209 3546 1458 3601 Siciliam
1492 3559 1615 3600 eum
1645 3544 1954 3600 orthodoxe
1985 3547 2103 3615 ejus
2126 3547 2282 3602 urbis

703 3638 905 3709 populo
936 3636 1206 3708 proﬁcisci
1238 3637 1390 3706 jube.
1414 3636 1476 3691 In
1506 3651 1574 3692 eo
1593 3635 1742 3691 enim
1779 3644 2007 3692 sanctus
2031 3635 2124 3691 Dei
2157 3636 2278 3707 Spi-

707 3731 842 3785 ritus
897 3729 1190 3800 requievit,
1234 3738 1402 3800 atque
1454 3729 1502 3784 is
1559 3737 1668 3792 est,
1716 3743 1880 3798 quem
1931 3729 2280 3798 potissimum

703 3819 901 3874 civitas
931 3819 1021 3874 illa
1053 3819 1306 3889 requirit.
1347 3819 1475 3875 Haec
1517 3834 1646 3874 cum
1688 3819 1978 3881 dixissent,
2021 3819 2280 3884 hominis,

703 3925 867 3980 quem
917 3909 1305 3967 intermedium
1357 3911 1741 3977 adduxerant,
1797 3911 2131 3966 lineamenta
2179 3912 2282 3980 ipsi

705 4002 1062 4072 habitumque
1092 4004 1489 4070 ostenderunt,
1535 4017 1638 4060 nec
1683 4003 1840 4074 plura
1898 4003 2164 4060 addentes
2213 4019 2279 4060 ex

703 4095 880 4150 oculis
915 4095 1036 4164 ejus
1061 4107 1428 4152 evanuerunt.

776 4359 915 4416 XLI.
939 4357 1192 4415 Pontifex
1222 4361 1497 4416 maximus
1523 4362 1966 4432 expergefactus,
1985 4377 2110 4417 cum
2139 4373 2284 4419 tutus

705 4461 987 4517 tremeret,
1024 4453 1268 4508 Marcum
1306 4454 1582 4522 abbatem,
1633 4455 1728 4525 qui
1773 4464 1886 4510 tum
1929 4456 2072 4511 forte
2105 4457 2157 4511 in
2191 4475 2286 4512 ur-

705 4547 832 4601 bem
871 4553 1116 4610 venerat,
1163 4560 1228 4600 ac
1255 4547 1525 4615 primores
1553 4546 1816 4603 Ecclesia:
1848 4549 1913 4603 ad
1946 4565 2006 4604 se
2043 4551 2277 4619 vocavit,

705 4645 762 4689 et
789 4650 910 4704 quae
940 4635 1043 4690 sibi
1079 4637 1131 4689 in
1164 4637 1378 4692 somnis
1410 4637 1526 4690 visa
1555 4647 1763 4701 essent,
1816 4648 1871 4693 et
1917 4649 2180 4710 quantum
2213 4652 2280 4694 ex

707 4726 1082 4796 apostolorum
1137 4737 1362 4798 aspectu
1407 4729 1803 4796 cohorruisset,
1846 4731 1950 4785 illis
2005 4732 2283 4799 exposuit.

707 4818 810 4872 Cui
843 4809 1060 4874 Marciis
1092 4819 1308 4876 abbas:
1346 4819 1543 4888 Deum,
1593 4823 1796 4892 inquit,
1842 4822 2097 4877 laudibus
2141 4816 2284 4879 cele-

710 4908 956 4976 bremus,
989 4907 1150 4965 Pater
1177 4912 1510 4977 venerande,
1541 4914 1638 4984 qui
1668 4927 1860 4984 preces
1883 4924 2008 4969 tuas
2045 4929 2155 4968 non
2188 4931 2286 4968 ne-

785 5087 900 5158 (55)
939 5085 1267 5162 li'ljimatu,
1317 5090 1373 5145 Ἰ.
1422 5091 1546 5159 Ipsa
1598 5103 1777 5146 antem
1824 5096 1990 5147 verba
2040 5092 2284 5162 Apostoli

711 5157 864 5221 sunt,
885 5157 987 5210 Δεῖ
1017 5157 1074 5210 δὲ
1109 5159 1275 5212 αὑτὸν
1315 5162 1410 5214 καὶ
1443 5157 1750 5232 μαρτυρίαν
1788 5163 1958 5232 καλὴν
2005 5157 2150 5235 ἔχειν
2180 5164 2288 5216 ἀπὺ

710 5228 821 5282 τῶν
863 5227 1082 5293 ἔξωθεν.

783 5297 923 5377 (36).
945 5295 1222 5377 Scriptu_m
1245 5301 1480 5377 quidem
1516 5301 1573 5377 in
1606 5301 1736 5377 cod.
1773 5303 1797 5356 l
1831 5313 1975 5377 erat,
2007 5301 2099 5356 τοῦ
2115 5303 2286 5377 ςὰγέου

721 5367 952 5450 θξῖξρμοῦ,
982 5367 1088 5450 pro
1133 5367 1406 5450 Ἐρασμου
1431 5388 1446 5402 ο
1479 5373 1576 5450 sed
1609 5371 1826 5450 scribae,
1860 5367 2082 5450 opinor,
2113 5367 2287 5442 impe-

714 5440 869 5512 ritia,
905 5442 1000 5507 qui
1028 5454 1152 5512 non
1183 5440 1591 5512 animadvertit,
1632 5440 2040 5512 syllabam'illic
2067 5440 2290 5498 contra-

713 5508 900 5582 etione
931 5509 1216 5582 omissam,
1241 5527 1371 5582 quae
1412 5508 1712 5582 tereapiee
1745 5513 2012 5582 inscripto
2053 5513 2283 5567 indicari

712 5579 856 5653 solet
886 5577 1195 5653 ρος-ιηΜο
1237 5577 1460 5651 Ἑρμοῦ.
1501 5577 1689 5653 Neque
1736 5584 1884 5638 enim
1921 5577 2176 5653 ignomm
2231 5585 2284 5637 in

715 5647 854 5722 urbe
986 5647 1196 5722 Erasmi
1236 5645 1658 5719 monasterium,
1691 5654 1854 5722 cujus
1889 5645 1998 5706 no'n
2031 5655 2198 5708 semel
2233 5656 2284 5707 in

716 5717 859 5793 libro
897 5715 1206 5793 Pontitieali
1243 5724 1450 5777 mentio
1484 5723 1560 5777 lit.
1596 5715 1656 5777 In
1693 5715 1969 5778 Adeodato
2009 5725 2100 5793 qui
2154 5739 2288 5791 pon-

715 5787 1207 5863 tilieatnntniaxiiti
1229 5808 1306 5846 :m
1338 5794 1481 5862 cepit
1509 5808 1653 5847 anno
1673 5794 1776 5848 6‘23
1802 5787 2071 5863 legimus:
2107 5787 2209 5847 Sed
2239 5806 2285 5849 et

715 5861 1098 5914 monasterium
1137 5859 1319 5917 Sancti
1369 5859 1582 5918 Ernsmi
1621 5865 1779 5918 situm
1819 5859 1878 5918 in.
1912 5862 2076 5918 Caelio
2115 5871 2286 5920 monte

2395 3268 2655 3331 Ἀκούσας
2680 3268 2736 3320 δὲ
2769 3268 2896 3336 περὶ
2936 3267 3046 3341 τῶν
3091 3267 3302 3337 ἀνδρῶν
3334 3267 3578 3331 ἐκείνων,
3609 3267 3690 3319 ὅτι
3734 3265 3974 3320 ἐνταῦθα

2381 3354 2768 3424 παρεγένοντο,
2816 3354 3030 3426 ἀπέδρα
3059 3356 3125 3408 ὲκ
3156 3355 3252 3408 τοῦ
3283 3356 3675 3426 μοναστηρίου,
3716 3356 3775 3407 ἐν
3804 3349 3849 3422 ᾧ
3874 3351 3974 3424 ἦν,

2383 3447 2476 3500 καὶ
2505 3446 2811 3515 κέκρυπται
2856 3448 2915 3499 ὲν
2951 3445 3030 3515 τῷ
3065 3446 3413 3517 μοναστηρίῳ
3450 3446 3547 3500 τοῦ
3586 3447 3769 3513 Ἀγίου
3813 3447 3976 3516 Ἐρά-

2385 3555 2544 3607 σμου.
2593 3538 2940 3601 Ἀποστείλας
2966 3535 3061 3592 οῦν
3095 3538 3464 3608 μετακαλέσαι
3507 3539 3599 3591 τὸν
3645 3538 3841 3608 ἄνδρα,
3874 3541 3976 3592 καὶ

2381 3629 2572 3682 τοῦτον
2602 3633 2988 3702 χειροτονήσας
3030 3629 3138 3682 τῶν
3178 3631 3276 3683 σὺν
3321 3633 3406 3684 σοὶ
3452 3633 3789 3690 ἐπισκόπων.
3833 3634 3976 3685 ὁπο-

2384 3721 2593 3775 στειλον
2634 3723 2796 3777 αὑτὸν
2839 3725 2896 3778 ἐν
2946 3723 3164 3793 Σικελίᾳ
3208 3723 3346 3794 μετὰ
3390 3723 3484 3777 τοῦ
3536 3724 3820 3794 ὀρθοδίιξου
3868 3726 3973 3795 τῆς

2384 3814 2592 3877 πόλεως
2634 3816 2847 3885 ἐκείνης
2891 3815 3040 3868 λαοῦ.
3090 3817 3176 3869 Ἐν
3227 3816 3376 3886 αὐτῷ
3422 3817 3535 3886 γὰρ
3583 3818 3975 3871 ἀναπέπαυται.

2382 3907 2444 3960 τὸ
2477 3906 2700 3977 Πνεῦμα
2747 3908 2808 3960 τὸ
2858 3907 3013 3976 ἆγιον
3055 3909 3153 3961 τοῦ
3203 3908 3373 3962 Θεοῦ’
3408 3911 3502 3962 καὶ
3531 3909 3710 3962 ὃέεται
3745 3912 3772 3962 ὁ
3802 3911 3974 3972 τόπος

2383 3997 2590 4059 ἐκεῖνος
2637 3995 2825 4052 αὑτοῦ.
2880 3993 3011 4050 Εἶτα
3057 3997 3132 4060 ὡς
3185 3998 3356 4051 ταῦτα
3405 3998 3626 4065 ελεγον,
3679 3998 3976 4064 ὑπέδειξαν

2383 4088 2530 4158 αὐτῷ
2560 4089 2652 4141 καὶ
2687 4089 2777 4140 τὸν
2825 4089 3154 4158 χαρακτῆρα
3195 4089 3289 4141 τοῦ
3319 4089 3514 4160 ἀνδρὸς
3545 4092 3623 4152 εἰς
3668 4091 3838 4160 μέσον
3867 4092 3974 4143 a5-

2383 4178 2493 4231 τῶν
2550 4179 2879 4246 φερόμενον·
2938 4179 3111 4232 ταῦτα.
3160 4178 3343 4233 αὐτῶν
3397 4180 3683 4245 εξπὸντων,
3742 4181 3975 4248 ἀξία-δεῖς

2383 4272 2634 4338 ἐγένοντο
2662 4273 2710 4323 οἱ
2747 4269 2937 4340 ἄνδρες
2969 4269 3076 4322 ἀπὸ
3105 4271 3400 4345 προσώπου
3429 4270 3616 4323 αὑτοῦ.

2455 4365 2592 4417 IIA'.
2633 4363 2974 4425 Διυττνισθεὶς
3007 4361 3065 4414 δὲ
3107 4364 3135 4414 ὁ
3167 4363 3354 4425 πάπας
3384 4364 3477 4415 καὶ
3511 4363 3775 4434 ἔκτρομος
3813 4365 3974 4432 τενό-

2389 4470 2573 4524 μενος,
2609 4451 3125 4523 προσκαλεσάμενος
3148 4452 3240 4504 τὸν
3275 4453 3449 4505 ἁδϐἄν
3481 4455 3710 4524 Μάρκον
3745 4451 3837 4525 (ἦν
3862 4456 3975 4526 γὰρ

2387 4545 2528 4598 κατὰ
2560 4543 2862 4613 συγκυρίαν
2909 4541 3168 4595 εἰσελθὼν
3215 4543 3310 4597 καὶ
3356 4544 3518 4606 αὐτὸς
3567 4546 3628 4596 ὲν
3674 4547 3742 4614 τῇ
3765 4545 3973 4612 πόλει).

2385 4637 2478 4689 καὶ
2511 4637 2634 4697 τοὺς
2665 4634 2912 4704 πρώτους
2945 4634 3045 4703 τῆς
3087 4634 3432 4704 Ἐκκλησίας,
3459 4635 3756 4706 διηγήσατο
3781 4638 3976 4700 αὐτοῖς

2387 4725 2455 4778 τὰ
2497 4725 2590 4778 τοῦ
2620 4726 2896 4795 ὁράματος
2942 4724 3040 4777 καὶ
3088 4724 3180 4778 τὸν
3241 4724 3406 4793 φόϐον
3450 4726 3548 4795 τῆς
3597 4727 3977 4796 ἀποσωλικῆς

2386 4817 2674 4878 ὀπτασίας,
2710 4818 2804 4870 καὶ
2829 4817 2975 4884 λέγει
3001 4817 3149 4887 αὐτῷ
3172 4817 3204 4869 ὁ
3229 4816 3402 4881 ἁΰὸᾶς
3432 4819 3659 4888 Μάρκος
3679 4834 3694 4850 ·
3732 4820 3978 4888 Εὐλογη-

2389 4910 2481 4973 τδς
2519 4911 2548 4961 ὸ
2577 4909 2731 4975 Θεὸς,
2763 4909 2947 4980 Πάτερ
2978 4908 3150 4980 τίμιε,
3179 4909 3240 4964 ὃς
3265 4911 3327 4963 οὐ
3349 4909 3549 4979 πάριδε
3589 4909 3689 4980 τὴν
3735 4927 3978 4980 προσευ-

2385 5090 2440 5142 ὃιι
2466 5104 2568 5155 (μισ
2598 5088 2818 5140 crevisse
2849 5089 2988 5140 risus
3021 5095 3097 5140 est
3134 5085 3419 5154 prodictus
3454 5087 3532 5139 rir
3573 5087 3976 5155 sanctissimus,

2386 5159 2568 5211 multis
2601 5160 2746 5210 novis
2776 5158 3020 5227 a’diﬁciis
3054 5158 3437 5226 augmentart't.
3470 5155 3625 5210 Nunc
3654 5173 3806 5219 vero,
3846 5177 3977 5214 cum

2383 5241 2440 5282 et
2497 5230 2759 5296 templum
2807 5237 2858 5279 et
2912 5229 3306 5280 inonasterium
3363 5237 3608 5281 vetustas
3664 5228 3978 5292 deter-erit,

2386 5298 2573 5352 Gz-mca
2605 5307 2860 5365 superest
2891 5297 3195 5365 inscriptio,
3237 5311 3403 5365 quam
3431 5296 3723 5351 Falirettus
3748 5302 3978 5364 quidem

2384 5383 2450 5421 es
2491 5371 2608 5440 ipso
2640 5369 2819 5436 lapide
2859 5381 3110 5440 maneam
3137 5367 3320 5440 edidit
3355 5367 3598 5440 (p._757,
3642 5383 3697 5419 ιι.
3739 5367 3895 5440 6‘29).
3925 5382 3985 5426 at

2386 5453 2450 5490 ex
2505 5434 2707 5492 codice
2753 5438 3103 5508 monasterii
3133 5434 3490 5492 Sublace‘nsis
3525 5439 3812 5508 integram
3853 5434 3980 5508 iam

2387 5507 2654 5561 habemus
2690 5508 2743 5558 in
2776 5506 3060 5560 Anecdotis
3087 5506 3365 5576 ίὶίιεηιι-ἱὶι
3399 5510 3463 5576 (t.
3500 5505 3588 5566 IV.
3620 5505 3681 5570 p.
3707 5507 3838 5576 545)
3861 5505 3985 5564 non

2386 5579 2506 5630 sine
2547 5577 2864 5645 interpretis
2896 5577 3109 5645 antiqui
3137 5575 3332 5630 Latina
3359 5580 3726 5643 translatione
3756 5596 3772 5630 :
3800 5596 3984 5648 quan-

2385 5664 2560 5720 quam
2584 5657 2882 5720 utrumque
2911 5649 3224 5719 exemplum
3267 5648 3378 5702 alio
3405 5659 3527 5719 eget
3558 5649 3889 5720 interprete,
3928 5661 3990 5708 ut

2387 5717 2621 5785 intelligi
2665 5719 2858 5784 possit.

2460 5787 2571 5857 (57)
2615 5789 2670 5841 ιιι
2705 5789 2826 5842 tod.
2863 5789 2912 5853 i,
2951 5788 3044 5842 τοῦ
3076 5789 3235 5856 ἁγίου
3278 5787 3502 5860 Ἑρμοῦ.
