4226 6444
242 386 338 452 631

1240 381 1300 440 S.
1328 373 1701 436 fillEGOllIl
1738 373 2245 432 AGlllGENTlNl
2295 374 2493 435 VITA.

3387 348 3493 431 622

237 499 339 567 χήν
373 510 467 548 σου
499 493 592 545 καὶ
614 492 673 544 τὸ
703 491 850 554 ἕλεος
872 490 1038 544 αὐτοῦ
1063 490 1170 543 ἀπὸ
1200 489 1314 552 σοῦ,
1343 488 1456 541 ἀλλ’
1492 486 1814 553 ἀπεκάλυσᾷέ
1849 496 1887 547 Α

1849 496 1887 547 Α
1921 486 2107 554 glcxit,
2169 500 2269 538 nec
2326 484 2717 539 misericordia‘
2770 498 2883 537 sua:
2938 490 3215 551 expertem
3277 490 3327 535 te
3374 495 3495 538 esse

241 605 321 641 σοι
353 586 388 639 ἀ
418 585 669 652 ποιήσεις
709 582 799 635 διὰ
827 581 936 634 τῶν
982 580 1155 647 ἁγίων
1182 579 1345 631 αὑτοῦ
1378 581 1434 630 ἐν
1470 577 1548 647 τῷ
1581 578 1814 647 ποιμνίῳ

241 694 357 729 σου.
392 675 500 728 Καὶ
533 671 862 732 ἀποστείλας
906 671 1043 739 αὐτῇ
1087 672 1154 737 τῇ
1206 668 1327 740 ὥρα
1374 669 1464 721 τὸν
1501 683 1819 736 πρωτοπρε-

242 767 501 836 σϐύτερον
539 765 637 832 τῆς
680 761 1002 830 Ἑκκῗιησίας
1052 761 1145 813 καὶ
1194 764 1321 822 τοὺς
1364 760 1457 812 δύο
1494 758 1819 819 ἐπισκόπους

240 858 367 918 τοὺς
398 855 759 917 κατελθόντας
789 856 853 907 ἐκ
890 854 989 923 τῆς
1026 853 1245 905 συνόδου
1278 853 1336 905 ἐν
1367 850 1446 921 τῷ
1478 851 1823 919 μοναστηρίῳ

243 950 337 1004 τοῦ
381 949 560 1016 Ἀγίου
613 947 799 1013 Σάεα,
845 949 939 1000 καὶ
975 948 1051 1017 μὴ
1086 946 1334 1016 εὑρόντες
1367 945 1458 996 τὸν
1502 943 1823 1013 Γρηγόριον,

245 1042 600 1111 ὲπερὼτησαν
624 1039 734 1091 ’τὸν
768 1041 1094 1109 ἡγούμενον,
1139 1037 1199 1089 τὸ
1237 1038 1289 1088 τί
1323 1036 1546 1102 γέγονεν
1576 1036 1604 1087 6
1632 1035 1770 1105 ἀνὴρ
1799 1037 1826 1086 6

246 1131 323 1183 ὣν
348 1132 602 1184 ἐνταῦθα.
637 1135 700 1182 'U
734 1131 789 1183 δὲ
821 1130 1028 1197 ἔλεγεν,
1058 1130 1140 1182 ὅτι
1163 1126 1270 1198 πρὸ
1298 1126 1391 1178 δύο
1417 1126 1639 1196 ἡμερῶν
1668 1126 1825 1195 ἐξῆλ-

248 1224 342 1276 θεν
367 1225 431 1276 ὲκ
457 1221 550 1274 τοῦ
582 1220 971 1291 μοναστηρίου,
1004 1219 1101 1272 καὶ
1131 1216 1401 1287 ἐπορεύθη
1450 1218 1507 1268 ὲν
1542 1216 1618 1285 τῷ
1662 1233 1829 1285 μονα-ο

250 1315 456 1385 στηρίῳ
505 1312 597 1365 τοῦ
644 1312 829 1379 Ἀγίου
883 1311 1179 1382 Ἐράσμου.
1229 1310 1341 1362 Καὶ
1390 1309 1611 1378 ἐξῆλθον
1657 1308 1830 1361 ὀπίσω

248 1406 440 1469 αὐτοῦ,
472 1405 568 1457 καὶ
595 1397 752 1472 εὗρον
783 1403 870 1456 τὸν
909 1403 1176 1472 μακάριον
1205 1400 1244 1453 Γ
1251 1400 1505 1471 ρηγόριον
1534 1403 1592 1453 ὲν
1629 1398 1708 1469 τῷ
1737 1416 1830 1467 μο-

250 1496 529 1566 ναστηρξῳ
561 1494 654 1548 τοῦ
699 1493 883 1561 Ἀγίου
938 1492 1213 1563 Ἐράσμου
1246 1491 1509 1562 μέλλοντα
1536 1489 1697 1544 αὑτὸν
1740 1488 1827 1553 ἐξ·

252 1587 533 1658 ἔρχεσθαι,
582 1586 691 1638 Καὶ
734 1584 858 1638 ἰδὼν
903 1584 1100 1645 αὐτοὺς
1146 1582 1255 1635 ἀπὸ
1299 1582 1572 1653 μακρόθεν
1620 1580 1833 1647 ἐπέγνω

250 1680 380 1741 τοὺς
410 1676 767 1738 ἐπισκόπους,
791 1676 883 1728 καὶ
916 1672 1226 1745 εἰσδραμὼν
1252 1672 1458 1743 ἐκρύϐη
1485 1673 1542 1724 ὲν
1563 1671 1642 1741 τῷ
1673 1673 1834 1741 κήπῳ

256 1770 421 1838 μέσον
471 1766 577 1820 τῶν
633 1764 832 1833 φυτῶν.
881 1764 988 1817 Καὶ
1034 1763 1367 1824 εἰσελθόντες
1404 1763 1452 1814 οἱ
1503 1761 1694 1831 ἄνδρες
1738 1761 1836 1813 ἒπ-

1923 593 2118 646 passus
2161 588 2283 642 est,
2320 576 2429 628 imo
2454 576 2550 629 tibi
2593 574 2893 629 declaravit
2939 589 3034 643 per
3075 582 3298 627 sanctos
3340 587 3495 635 suos,

1923 683 2043 736 quae
2096 668 2147 720 iii
2200 682 2360 736 grege
2408 676 2501 720 tuo
2540 680 2571 719 a
2626 674 2676 719 te
2715 664 2833 718 fieri
2885 672 3183 734 oporteret.
3229 664 3326 717 Ille
3366 678 3499 717 vero

1926 758 2110 811 statim
2159 758 2704 826 protopresbyterum
2733 755 2994 811 Ecclesiae
3029 771 3092 811 ac
3118 757 3259 811 duos
3288 755 3502 825 episco-

1929 865 2046 917 pos,
2081 849 2174 916 qui
2203 864 2233 901 ξι
2263 848 2473 916 synodo
2513 855 2799 909 venerant,
2841 847 2909 899 ad
2942 844 3130 901 Sancti
3176 847 3334 901 Saba:
3382 860 3505 900 mo-

1929 938 2236 993 nasterium
2271 939 2441 991 misit.
2476 937 2578 1003 Qui
2608 953 2732 991 cum
2764 937 2837 990 ibi
2862 936 3183 1005 Gregorium
3218 952 3323 991 non
3348 937 3505 990 inve-

1932 1032 2161 1096 nissent,
2196 1046 2223 1084 a
2250 1029 2507 1099 praefecto
2537 1029 2795 1084 sciscitati
2830 1037 2978 1092 sunt,
3005 1028 3266 1098 quidnam
3301 1029 3502 1082 factum

1930 1131 2076 1176 esset
2106 1121 2173 1175 de
2204 1121 2449 1180 homine,
2485 1121 2579 1188 qui
2610 1120 2723 1173 illic
2749 1122 2906 1173 erat?
2953 1118 3289 1189 Auditoqne,
3341 1119 3507 1174 biduo

1930 1220 2055 1265 ante
2094 1227 2123 1263 e
2158 1209 2499 1263 monasterio
2525 1210 2620 1263 illo
2655 1208 2879 1272 exiisse,
2911 1220 2964 1263 et
3012 1209 3065 1263 iu
3112 1209 3505 1264 monasterium

1934 1303 2120 1359 Sancti
2162 1302 2376 1356 Erasmi
2427 1302 2696 1372 migrasse
2726 1341 2739 1363 ,
2793 1301 2971 1370 ipsum
3029 1303 3235 1364 secuti.
3288 1303 3506 1357 beatum

1932 1395 2256 1465 Gregorium
2304 1396 2357 1448 in
2391 1395 2729 1450 monasterio
2772 1392 2959 1448 Sancti
3013 1394 3223 1450 Erasmi
3285 1395 3510 1449 invene-

1935 1494 2062 1539 runt
2091 1484 2204 1555 jam
2241 1485 2390 1539 abire
2422 1493 2705 1554 parantem
2741 1503 2755 1537 :
2790 1485 2885 1555 qui
2921 1491 2980 1540 ut
3004 1499 3102 1539 eos
3130 1485 3321 1553 procul
3351 1485 3506 1551 vidit,

1933 1587 1989 1633 et
2015 1577 2305 1647 episcopos
2336 1578 2580 1648 agnovit,
2634 1577 2688 1631 in
2739 1577 2959 1631 hortum
3012 1575 3227 1646 aufugit
3257 1585 3311 1632 et
3365 1577 3512 1632 inter

1936 1670 2161 1725 arbores
2197 1670 2376 1723 latuit.
2421 1670 2492 1722 At
2537 1669 2617 1723 illi
2660 1669 2897 1740 ingressi
2945 1668 3263 1740 praefectum
3316 1678 3514 1739 urgent

1937 1769 2260 1829 rogantque,
2319 1758 2545 1813 ubinam
2584 1761 2667 1814 vir
2725 1760 2816 1815 ille
2867 1760 2974 1823 sit,
3026 1775 3191 1829 quem
3238 1761 3511 1830 hospitem

256 1858 479 1928 έσχοντο
498 1857 590 1909 τὸν
622 1856 922 1927 ἡγούμενον
952 1856 1009 1906 ὲν
1043 1853 1214 1924 ἰσχύει
1247 1852 1497 1921 λέγοντες
1520 1870 1533 1882 ·
1568 1853 1633 1904 Τί
1674 1852 1833 1920 γέγο-
1867 1869 1904 1922 Β

1867 1869 1904 1922 Β
1938 1852 2192 1905 habebat.
2220 1851 2519 1908 Praefectus
2544 1853 2807 1908 haesitans
2839 1852 3045 1907 hortari
3074 1868 3189 1919 cos,
3224 1861 3282 1907 ut
3309 1853 3515 1923 paulis-

254 1968 345 2003 νεν
386 1952 414 2003 6
456 1950 596 2020 ἀνὴρ
631 1947 759 2001 ὁῶν
806 1947 993 2001 ἐνθάδε
1024 1946 1204 2011 ξένο;;
1244 1946 1302 1999 Ὀ
1349 1946 1405 1999 δὲ
1455 1948 1514 1998 ὲν
1558 1944 1837 2015 ἀμηχανίᾳ

255 2043 583 2113 γενόμενος,
639 2041 939 2111 παρεκάλει
1007 2041 1189 2102 αὐτοῖς
1247 2038 1445 2108 μικρὸν
1503 2036 1836 2106 ἀνασχέσθαι

256 2134 429 2203 αὐτῷ,
474 2136 622 2196 ὅπως
674 2132 919 2203 ζητήσας
967 2130 1181 2201 εὖρειεν
1234 2131 1418 2194 αὑτὸν,
1466 2129 1560 2181 καὶ
1612 2127 1838 2198 παραδῷ

257 2226 443 2287 αὐτοῖς
471 2224 653 2277 αὐτόν.
686 2220 980 2275 Κατελθὼν
1007 2222 1063 2274 δὲ
1090 2223 1117 2274 6
1143 2219 1447 2290 ἡγούμενος
1487 2220 1544 2271 ὲν
1569 2217 1647 2288 τῷ
1678 2220 1839 2288 κήπῳ

258 2312 419 2387 εὗρεν
462 2315 624 2369 αὑτὸν
668 2314 1049 2385 κεκρυμμένον
1088 2312 1251 2382 μέσον
1287 2310 1398 2364 τῶν
1440 2309 1709 2379 λαχάνων,
1745 2307 1840 2360 καὶ

255 2407 653 2476 ἀγανακτήσας
682 2404 829 2475 αὐτῷ
857 2408 884 2459 6
912 2404 1213 2474 ἡγούμενος
1242 2403 1390 2470 λέγει
1417 2418 1430 2431 ο
1462 2396 1531 2453 Ὠ
1561 2400 1837 2470 ἄνθρωπε,

262 2501 426 2552 πόθεν
456 2494 619 2569 ἦλθες
649 2491 774 2561 ὦδε,
814 2496 1097 2565 ἄνθρωπος
1130 2492 1205 2546 ὢν
1235 2493 1338 2546 ὑπὸ
1366 2492 1711 2561 ἐγκλήματος
1750 2491 1842 2541 καὶ

263 2591 597 2661 ζητούμενος
632 2588 735 2641 ὑπὸ
762 2586 1018 2640 τοιούτων
1045 2587 1351 2657 προσώπων
1375 2601 1390 2649 ;
1435 2580 1681 2641 Ἀνελθε,
1711 2581 1843 2633 ἀπο-

260 2682 520 2752 λογήθητι
550 2681 813 2749 περὶτῶν
845 2678 1203 2749 ἐγκλημάτων
1238 2694 1351 2730 σου.
1414 2676 1471 2727 '0
1515 2674 1570 2727 δὲ
1610 2674 1711 2725 οὐκ
1742 2674 1843 2727 ἀπ-

265 2772 463 2843 εκρίθη
502 2771 652 2842 αὐτῷ
686 2772 820 2842 πρὸς
852 2769 1025 2823 ταῦτα
1059 2768 1179 2820 οὐδὲ
1215 2768 1387 2837 ῥῆμα.
1441 2763 1700 2817 Ἀνελθὼν
1733 2764 1789 2817 δὲ
1817 2764 1845 2815 6

265 2866 307 2918 Γ
313 2866 567 2937 ρηγόριος
610 2867 667 2917 ὲν
709 2867 776 2934 τῇ
824 2863 987 2933 αὐλῇ,
1037 2855 1196 2932 εὗρεν
1226 2862 1350 2922 τοὺς
1396 2859 1593 2928 ἄνδρας
1623 2857 1842 2920 καθεζοι

269 2954 484 3025 μένους.
517 2953 627 3007 Καὶ
662 2953 859 3015 ἰδόντες
885 2951 1044 3005 αὑτὸν
1071 2952 1119 3003 οί
1142 2949 1450 3013 ἐπίσκοποι,
1485 2946 1577 2999 καὶ
1600 2945 1847 3013 ἐπιγνόν-

264 3062 394 3111 τες,
438 3042 830 3114 εἰσδραμόντες
873 3042 1102 3113 ἔρριψαν
1144 3041 1373 3103 ἑαυτοὺς
1421 3039 1717 3109 ἀμφότεροι
1766 3039 1847 3101 εἰς

267 3140 399 3199 τοὺς
432 3136 598 3199 πόδας
632 3134 799 3189 αὑτοῦ
820 3151 832 3164 ’
855 3135 1074 3204 ἧδεισαν
1105 3131 1209 3205 γὰρ
1229 3132 1288 3185 τὸ
1315 3132 1432 3195 πῶς
1461 3132 1847 3201 προσεκυνεῑτο

1938 1960 2035 2015 per
2068 1945 2394 2009 sustineant,
2428 1946 2559 1999 dum
2593 1944 2865 2015 inquirat;
2916 1960 2975 2002 se
3002 1946 3179 2010 illum,
3215 1945 3303 1999 ubi
3344 1946 3513 2000 inve-

1938 2036 2102 2101 nerit,
2140 2037 2275 2105 ipsis
2304 2037 2662 2090 traditurum.
2695 2035 2833 2090 Tum
2869 2037 2924 2089 in
2961 2035 3179 2090 hortum
3210 2036 3513 2102 desemdit,

1940 2139 2103 2199 atque
2140 2129 2212 2183 ibi
2239 2144 2364 2184 eum
2395 2129 2538 2185 inter
2565 2129 2714 2184 olera
2743 2130 3004 2184 latentem
3042 2129 3249 2184 invenit
3276 2148 3290 2183 :
3334 2131 3517 2199 itaque

1940 2222 2049 2275 vim
2083 2221 2291 2277 homini
2353 2222 2641 2286 adhibens,
2679 2221 2854 2288 Unde,
2889 2223 3089 2293 inquit,
3142 2226 3249 2278 huc
3291 2226 3513 2284 venisti,

1941 2330 2064 2369 cum
2107 2314 2211 2368 sub
2244 2314 2434 2382 judice
2474 2314 2575 2380 sis,
2626 2323 2777 2369 acte
2816 2314 2920 2368 viri
2971 2315 3108 2371 tales
3152 2317 3520 2385 perquirant?

1941 2405 2106 2458 Abite
2138 2404 2286 2469 hinc,
2321 2412 2375 2458 et
2408 2414 2598 2459 contra
2628 2415 2978 2460 accusatores
3009 2414 3134 2460 tuos
3180 2416 3232 2460 te
3260 2405 3514 2462 defende.

1943 2495 2239 2566 Gregorius
2269 2510 2400 2549 vero
2422 2497 2488 2550 ad
2525 2496 2641 2551 haec
2672 2511 2743 2551 ne
2770 2496 3000 2551 verbum
3032 2497 3254 2566 quidem
3286 2513 3519 2567 respon-

1944 2589 2044 2644 dit.
2091 2586 2191 2643 Ubi
2220 2588 2440 2642 demum
2478 2587 2533 2642 in
2561 2589 2743 2643 aulam
2778 2589 3044 2655 ascendit,
3094 2590 3245 2645 viros
3286 2591 3398 2646 illic
3435 2606 3522 2647 se-

1942 2682 2133 2736 dentes
2196 2681 2436 2751 reperit;
2497 2695 2657 2749 quem
2723 2691 2785 2736 ut
2836 2681 3020 2737 videre
3067 2683 3309 2753 episcopi
3357 2693 3523 2754 atque

1945 2786 2239 2840 agnovere,
2263 2781 2619 2826 accurrentes
2649 2771 2834 2836 ambo,
2877 2773 2942 2827 ad
2980 2775 3140 2843 pedes
3168 2774 3287 2841 ejus
3312 2790 3370 2829 se
3392 2792 3521 2846 pro-

1945 2860 2236 2915 volverunt
2267 2877 2281 2913 :
2310 2860 2512 2929 quippe
2554 2860 2807 2914 viderant
2851 2860 3351 2931 Constantinopoli,
3392 2879 3518 2919 cum

1946 2951 2191 3023 synodus
2217 2966 2283 3005 eo
2311 2959 2497 3005 coacta
2522 2959 2689 3016 esset,
2714 2959 2922 3020 quanto
2946 2966 3071 3006 eum
3102 2953 3311 3007 honore
3331 2953 3523 3010 Patres

1945 3058 2137 3099 omnes
2175 3042 2596 3105 venerabantur,
2652 3054 2703 3097 et
2756 3044 2947 3113 quanti
2998 3045 3141 3099 idem
3191 3060 3221 3098 a
3270 3046 3521 3115 piissimo

1947 3135 2110 3189 etiam
2150 3134 2482 3202 imperatore
2516 3134 2700 3189 fiebat.
2734 3132 2911 3188 Porro
2955 3134 3258 3204 Gregorius
3301 3151 3523 3207 quoque

267 3230 301 3283 6
346 3228 645 3298 Γρηγόριος
678 3228 786 3280 ὑπὸ
817 3198 925 3283 τιῖιν
974 3198 1201 3296 Πατρῶν
1250 3223 1469 3277 πάντων
1506 3198 1620 3276 τῶν
1668 3223 1727 3274 ὲν
1772 3224 1840 3291 τῇ
1872 3198 1915 3256 C

1872 3198 1915 3256 ο
1948 3240 2132 3280 coram
2168 3198 2274 3280 illis
2298 3226 2614 3295 procidens,
2674 3224 2970 3297 Ignoscite,
2995 3198 3196 3296 inquit,
3230 3198 3386 3292 mibi,
3415 3198 3522 3283 13a-

272 3316 479 3386 συδόδῳ
508 3316 678 3368 ὅντων
709 3316 765 3367 ἐν
796 3313 1381 3378 Κωνσταντινουπόλει,
1408 3312 1609 3381 ὁμοίως
1647 3311 1704 3365 δὲ
1748 3312 1845 3364 καὶ

267 3404 368 3460 τοῦ
398 3405 787 3459 εὐσεϐεστάτου
818 3404 1079 3474 βασιλέως
1106 3405 1307 3475 πολλὴν
1340 3403 1487 3474 αὐτῷ
1522 3404 1844 3473 ποιουμένου

269 3494 462 3564 τιμήν.
498 3492 686 3545 Πεσὼν
722 3493 778 3546 δὲ
810 3494 900 3545 καὶ
932 3494 1089 3554 αὐτὸς
1120 3492 1212 3543 ἐπὶ
1241 3492 1529 3562 πρόσωπον
1552 3492 1730 3545 αὐτῶν
1758 3491 1845 3543 λέ-

270 3603 362 3655 γει
411 3587 633 3647 αὐτοῖς’
683 3584 1081 3655 Συγχωρήσατέ
1128 3601 1240 3653 μοι,
1289 3584 1432 3651 ἅγιοι
1470 3584 1713 3653 Ιιὰτρες,
1766 3583 1847 3635 ὅτι

273 3677 415 3747 ἀνὴρ
445 3676 763 3747 ἁμαρτωλός
801 3678 948 3745 εἰμι·
984 3674 1034 3727 τί
1074 3673 1375 3727 ὲσκύπτετε
1407 3675 1542 3744 πρὸς
1584 3674 1681 3743 τὴν
1709 3675 1847 3744 ἡμεο

273 3770 442 3837 τέραν
482 3769 844 3838 μετριότητα;
897 3768 959 3820 ΟΞ
1010 3766 1066 3818 δὲ
1106 3765 1436 3827 ἀναστάντες
1481 3764 1850 3833 κατεφίλησαν

275 3862 577 3931 ἀμφότεροι
626 3860 715 3912 τὸν
763 3860 801 3911 Γ
811 3860 1080 3930 ρηγόριον,
1116 3858 1209 3909 καὶ
1258 3857 1508 3925 λέγουσιν
1550 3854 1735 3922 αὐτῷ·
1794 3854 1852 3906 '0

277 3953 458 4014 κοινὸς
498 3952 653 4021 ἡμῶν
687 3951 873 4020 Πατὴρ
902 3953 929 4003 6
962 3949 1374 4020 ἀρχιπρόεερος,
1403 3950 1430 4001 6
1453 3948 1542 4000 τὸν
1568 3945 1851 3999 ἀποστολι-

1951 3325 2063 3371 tres
2115 3316 2319 3382 sancti;
2356 3316 2535 3370 malus
2583 3316 2745 3386 plane
2788 3326 2843 3371 et
2895 3318 3161 3373 scelestus
3210 3333 3310 3387 ego
3359 3335 3519 3375 sum:

1951 3406 2079 3474 quid
2110 3417 2217 3460 tam
2250 3407 2432 3477 exigui
2466 3407 2704 3461 hominis
2735 3423 2904 3463 causa
2941 3423 3040 3462 vos
3086 3409 3413 3465 demittitis?
3440 3409 3523 3466 Illi

1953 3493 2095 3567 [ιιι]
2146 3505 2326 3551 autem
2381 3514 2507 3553 eum
2555 3501 2947 3566 surrexissent,
2998 3499 3323 3570 Gregorium
3361 3503 3525 3559 ambo

1953 3587 2208 3651 osculati,
2241 3587 2355 3642 hmc
2386 3588 2646 3643 addidere
2683 3610 2695 3644 :
2731 3588 3057 3645 Communis
3085 3591 3245 3648 Pater
3279 3608 3344 3649 ac
3370 3595 3525 3664 prin-

1955 3694 2085 3748 ceps
2116 3681 2292 3734 nostri
2326 3680 2560 3745 ordinis,
2613 3682 2708 3750 qui
2750 3684 3057 3751 apostolico
3098 3684 3151 3738 in
3200 3684 3402 3740 throno
3436 3702 3528 3742 se-

1957 3770 2066 3835 det,
2096 3786 2198 3826 nos
2246 3771 2481 3825 famulos
2508 3773 2628 3841 ejus
2664 3774 3003 3830 domesticos
3035 3788 3086 3830 te
3116 3786 3371 3832 vocatum
3418 3779 3527 3832 mi-

1959 3862 2052 3923 sit,
2088 3869 2144 3913 ut
2173 3877 2298 3916 cum
2347 3863 2500 3916 adire
2546 3864 2701 3918 retis.
2739 3864 2903 3920 Paret
2950 3864 3271 3935 Gregorius,
3320 3882 3529 3937 eosque

1961 3964 2113 4018 seqm
2126 3963 2229 4007 tur.

276 4046 376 4099 χόν
402 4044 540 4113 ἔχων
571 4044 779 4115 θρόνον,
813 4043 880 4095 δι’
915 4042 1071 4112 ἡμῶν
1098 4042 1205 4093 τῶν
1262 4040 1477 4093 οἰκείων
1513 4038 1717 4092 δούλων
1757 4037 1917 4090 αὑτοῦ
1959 4047 2260 4109 προσκαλεῖ
2290 4060 2348 4095 σε
2373 4042 2490 4095 ατοῦ
2527 4044 2931 4115 παραγενέσθαι
2966 4048 3101 4117 πρὸς
3146 4049 3327 4104 αὐτόν.
3391 4050 3448 4105 '0
3471 4051 3530 4107 δὲ

277 4147 410 4204 ἀπιε
443 4136 559 4203 μετ’
588 4134 786 4188 αὐτῶν.

355 4225 486 4278 MB’.
542 4224 790 4291 Ἐγένετο
836 4224 893 4276 δὲ
936 4223 1139 4277 τούτων
1173 4222 1573 4293 πορευομένων,
1615 4222 1642 4273 6
1683 4220 1853 4283 666i;

280 4319 508 4386 Μάρκος
539 4316 837 4385 διηγήσατο
865 4316 943 4385 τῷ
974 4316 1130 4385 πάπᾳ
1165 4314 1230 4367 τά
1259 4314 1398 4366 κατά
1425 4314 1515 4365 τὸν
1557 4312 1857 4382 Γρηγόριον

2054 4214 2212 4269 XLII.
2247 4217 2316 4269 At
2342 4217 2470 4271 dum
2503 4218 2558 4272 hi
2587 4219 2857 4287 redibant,
2905 4221 3121 4278 Marcus
3158 4224 3329 4280 abbas
3355 4228 3537 4296 ponti-

1965 4303 2051 4357 fici
2102 4302 2341 4358 maximo
2368 4313 2537 4359 totam
2585 4306 2834 4378 Gregorii
2868 4310 3031 4364 vitam
3062 4313 3318 4381 exposuit
3347 4330 3360 4367 :
3394 4330 3534 4384 quo-

278 4409 482 4467 πάντα,
516 4406 607 4457 καὶ
634 4405 730 4474 τὴν
773 4407 837 4458 ὲκ
868 4405 1117 4457 παιδόθεν
1159 4402 1503 4473 ἀναστρουὴν
1535 4402 1721 4464 αὑτοῦ,
1765 4402 1859 4455 καὶ
1891 4432 1935 4485 D

1891 4396 2128 4485 Dmodo
2174 4411 2204 4449 a
2251 4397 2485 4464 pueritia
2544 4398 2653 4453 Deo
2713 4415 2772 4453 se
2829 4401 3089 4467 dicasset,
3150 4412 3359 4472 quanta
3412 4405 3533 4474 ejus

278 4499 343 4550 τὸ
374 4499 541 4564 πρᾶον
569 4497 660 4550 καὶ
692 4496 913 4565 ἡσύχιον
945 4494 1131 4558 αὐτοῦ,
1180 4496 1271 4548 καὶ
1303 4496 1362 4548 τὸ
1403 4495 1517 4557 πῶς
1544 4494 1610 4547 δι’
1642 4494 1853 4547 ἀποκαο

282 4589 497 4656 λύψεως
529 4587 662 4640 Θεοῦ
694 4587 1015 4659 διεπέρασεν
1041 4588 1202 4640 αὐτὸν
1232 4588 1311 4648 εἰς
1353 4585 1719 4654 Ἰεροσόλυμα.
1751 4586 1857 4639 Καὶ

285 4680 454 4733 πάλιν
488 4680 516 4730 6
549 4680 735 4742 πάπας
767 4679 1065 4749 διηγήσατο
1097 4677 1175 4745 τῷ
1217 4675 1360 4746 ἀόϐᾷ
1391 4677 1603 4745 Μάρκῳ
1625 4676 1692 4729 τὰ
1715 4692 1857 4745 πρα-

283 4769 483 4839 χθέντα
521 4769 649 4838 παρ’
695 4767 859 4820 αὐτοῦ
893 4770 949 4819 ἐν
990 4770 1056 4837 τῇ
1094 4766 1295 4833 συνόδῳ
1328 4767 1385 4818 ὲν
1417 4767 1859 4818 Κωνσταντινου-

285 4860 463 4918 πόλει,
503 4860 563 4910 τὸ
615 4858 732 4920 πῶς
783 4858 1079 4927 ἐνέφραξεν
1120 4857 1188 4910 τὰ
1223 4857 1467 4925 στόματα
1509 4854 1615 4907 τῶν
1657 4856 1857 4924 αἱρετι-

284 4950 426 5002 κῶν.
457 4950 570 5003 Καὶ
600 4950 674 5012 ὡς
712 4950 772 5002 τὸ
802 4948 1004 5018 μεταξὺ
1039 4946 1335 5001 κατέλαϐον
1365 4946 1413 4998 οί
1444 4945 1727 4997 ἐπίσκοποι
1768 4943 1862 4996 καὶ

289 5042 391 5092 σὺν
439 5040 620 5101 αὐτοῖς
668 5041 696 5092 6
728 5039 1047 5108 Γρηγόριος,
1094 5037 1189 5091 καὶ
1239 5035 1495 5089 εἰσελθὼν
1540 5034 1735 5086 ἔπεσεν
1783 5035 1862 5095 εἰς

285 5133 415 5192 τοὺς
447 5131 610 5192 πόδας
644 5129 737 5181 τοῦ
787 5130 965 5193 πάπα,
990 5130 1085 5182 καὶ
1132 5128 1279 5195 λέγει
1324 5126 1503 5195 αὖτίῖν
1544 5125 1735 5187 καλῶς
1764 5120 1858 5196 ἧλ’

289 5223 406 5283 θες,
442 5220 627 5272 τέκνον
654 5219 920 5288 Γρηγόριε
945 5235 958 5246 '
988 5219 1279 5287 εὐλογητὸς
1309 5221 1336 5271 6
1363 5217 1495 5279 Θεὸς
1540 5219 1567 5268 ὀ
1593 5216 1861 5284 πληροςεο-

293 5314 467 5381 ρήσας
505 5311 651 5379 ἡμᾶς
697 5311 774 5371 εἰς
821 5309 901 5371 σὲ,
954 5308 1176 5361 τέκνον’
1233 5308 1482 5378 καθάπερ
1527 5306 1861 5375 ἠκούσαμεν,

288 5399 466 5461 οὕτως
501 5399 594 5450 καὶ
626 5398 824 5468 ἴδομεν.
856 5398 966 5450 Καὶ⁴
1005 5396 1245 5459 ἀναστὰς
1274 5396 1560 5464 ἠσπάσατο
1600 5393 1865 5463 αὐτὸν-τῷ

286 5488 435 5557 ἁγίῳ
477 5490 763 5557 φιλήματι,
814 5488 907 5542 καὶ
954 5487 1236 5542 ἐκέλευσεν
1286 5486 1448 5539 αὐτὸν
1497 5485 1862 5554 καθεσθῆναιο

288 5582 389 5634 καὶ
418 5580 882 5651 περιϐλεψάμενος
907 5582 935 5632 6
968 5581 1153 5642 πάπας
1182 5580 1395 5647 ἐπέγνω
1421 5579 1509 5630 τὸν
1545 5581 1866 5649 χαρακτῆρα

288 5672 460 5726 αὐτοῦ
507 5674 596 5726 τον
644 5674 1028 5743 ὑποδειχθὲντα
1073 5673 1221 5743 αὐτῴ
1251 5673 1399 5742 παρὰ
1442 5672 1552 5723 τῶν
1593 5672 1866 5739 φανέντων

284 5763 443 5834 αὐτῷ
470 5765 658 5835 ἁγίων.
691 5765 902 5836 Μικρὸν
942 5764 998 5819 δὲ
1040 5762 1340 5825 ἀνανεύσας
1367 5765 1393 5815 6
1424 5763 1720 5832 Γρηγόριος
1759 5762 1864 5830 ὁρᾷ

1964 4488 2331 4542 mansuetudo
2364 4488 2640 4545 aclenitas
2666 4501 2810 4546 esset
2842 4510 2855 4545 :
2884 4503 2943 4547 ut
2974 4494 3089 4563 ipse
3120 4510 3244 4549 eum
3271 4495 3537 4551 divinitus

1960 4578 2279 4633 admonitus
2311 4578 2688 4652 Hierosolyma
2736 4583 3077 4639 deduxisset.
3110 4584 3315 4640 Contra
3352 4585 3537 4642 Marco

1961 4670 2143 4724 abbati
2171 4685 2233 4724 ea
2264 4672 2507 4741 pontifex
2533 4674 2807 4729 maximus
2829 4677 3092 4742 narravit,
3117 4693 3243 4744 quae
3265 4678 3537 4733 Constan-

1964 4761 2190 4830 tinopoli
2229 4762 2283 4814 in
2316 4762 2523 4831 synodo
2551 4780 2647 4833 per
2675 4781 2799 4819 eum
2829 4765 3070 4835 perfecta
3108 4769 3345 4831 fuerant,
3370 4780 3539 4839 utque

1961 4851 2081 4919 ejus
2106 4866 2271 4920 opera
2299 4851 2533 4906 lnerctici
2558 4856 2781 4908 coerciti
2814 4870 2880 4909 ac
2903 4855 3064 4910 silere
3090 4856 3291 4912 coacti.
3325 4856 3537 4913 Interea

1962 4942 2225 5011 episcopi,
2275 4952 2329 4997 et
2380 4958 2507 4996 cum
2541 4943 2625 5000 his
2656 4944 2973 5015 Gregorius,
3028 4947 3325 5003 advenere.
3378 4947 3537 5003 llunc

1966 5048 2114 5098 vero,
2145 5034 2235 5088 ubi
2270 5035 2553 5105 ingressus
2584 5037 2650 5091 ad
2680 5038 2846 5106 pedes
2878 5040 3129 5107 procidit,
3178 5040 3258 5095 sic
3293 5040 3536 5111 pontifex

1966 5128 2237 5182 maximus
2284 5128 2554 5183 allocutus
2603 5140 2687 5185 est
2720 5148 2733 5184 :
2768 5129 3037 5202 Tempore
3088 5133 3253 5197 ades,
3312 5132 3535 5203 Gregori

1966 5219 2039 5271 ﬁli
2072 5237 2083 5270 :
2119 5218 2225 5273 Deo
2275 5218 2396 5273 laus
2440 5221 2734 5287 tribuatur,
2768 5224 2861 5292 qui
2897 5234 2948 5276 te
2979 5223 3160 5289 nobis,
3215 5223 3314 5285 lili,
3368 5223 3539 5291 probe

1964 5308 2243 5377 cognitum
2282 5324 2401 5364 esse
2429 5311 2600 5365 voluit
2630 5329 2646 5365 :
2676 5328 2809 5367 sane
2833 5329 3174 5383 quacunque
3201 5315 3267 5368 de
3297 5323 3349 5367 te
3377 5313 3537 5368 audi-

1968 5401 2167 5463 vimus,
2206 5416 2268 5454 ea
2308 5412 2362 5454 et
2394 5402 2650 5457 vidimus.
2703 5402 2842 5457 Tum
2893 5419 3127 5474 surgens
3170 5413 3363 5459 sancto
3409 5418 3538 5457 eum

1967 5492 2160 5546 osculo
2192 5492 2474 5557 salutavit,
2528 5502 2581 5548 et
2624 5495 2816 5550 sedere
2856 5495 3058 5565 jussit;
3093 5505 3261 5564 utque
3289 5494 3539 5549 eumdem

1969 5582 2373 5651 contemplatus
2418 5592 2522 5647 est,
2556 5585 2677 5654 ejus
2718 5585 3048 5640 lineamenta
3085 5585 3332 5655 agnovit,
3376 5599 3539 5654 quem

1969 5671 2047 5725 illi
2078 5672 2437 5727 ostenderant
2471 5675 2643 5728 sancti
2672 5676 2795 5739 viri,
2822 5691 2962 5744 quos
2988 5676 3041 5730 in
3070 5676 3281 5731 somnis
3309 5675 3539 5729 viderat.

1974 5762 2271 5833 Gregorius
2311 5780 2443 5820 vero
2496 5783 2619 5822 cum
2669 5770 2948 5837 paululum
3008 5771 3357 5839 respexisset,
3398 5767 3541 5823 videt
