4226 6444
289 374 396 437 629

1278 376 1338 434 S.
1378 376 1754 435 GlllSGOllll
1807 376 2315 439 AGRIGENTINI
2352 379 2550 440 \‘lTA.

3430 391 3537 455 630

287 492 444 560 ϋρίςιυ
480 491 666 559 μηνὸς,
702 492 1143 562 καταντήσαντες
1183 492 1240 545 ὲν
1269 496 1332 563 τῇ
1359 493 1722 564 Πανορμιτῶν
1762 495 1861 548 πό·
1888 500 1933 555 Α

1888 500 1933 555 Α
1963 491 2157 565 Magno
2189 504 2370 549 autem
2419 495 2795 555 cum,honore
2841 514 2938 555 eos
2986 501 3195 571 accepit
3244 504 3534 576 episcopus

284 581 389 633 λει.
425 582 534 633 Καὶ
570 581 785 644 ἐδέξατο
823 583 1021 644 αὐτοὺς
1054 584 1081 636 ὁ
1113 583 1410 648 ἐπίσκοπος
1450 586 1550 654 τῆς
1578 588 1855 654 Πανορμί-

282 670 398 721 τῶν
428 668 638 733 πόλεως
673 671 812 740 μετά
847 671 1048 738 πολλῆς
1089 671 1258 741 τιμῆς
1301 672 1418 743 ἅμα
1460 672 1538 742 τῷ
1585 674 1682 727 σὺν
1707 673 1855 743 αὐτῷ

285 760 495 831 κλήρῳ,
531 761 628 813 καὶ⁵
670 762 765 813 τοῦ
793 760 926 814 λαοῦ
957 762 1157 825 παντὸς
1201 764 1299 837 τῆς
1341 763 1571 828 πόλεως,
1616 766 1711 817 καὶ
1745 765 1855 816 τῶν

287 852 668 921 μοναστηρίων
690 852 907 905 πάντων
937 853 1147 923 ἀνδρῶν
1175 871 1233 906 τε
1256 855 1347 906 καί
1374 855 1669 922 γυναικῶν.
1690 858 1854 926 Ἀκη-

285 944 445 996 κόασι
480 946 587 1013 γάρ
622 944 722 1012 τὴν
755 943 847 996 τοῦ
884 944 1075 1011 ἀνδρὸς
1104 945 1405 1006 πολιτείαν,
1437 948 1531 999 καὶ
1574 949 1710 1017 μετὰ
1746 949 1853 1001 πά-

284 1052 389 1103 σης
439 1036 615 1103 χαρᾶς
665 1035 827 1087 αὑτὸν
877 1036 1224 1099 ὑπεδέξαντο.
1270 1037 1518 1103 Ἐγένετο
1564 1038 1623 1091 δὲ
1673 1042 1731 1092 ὲν
1777 1038 1855 1108 τῷ

283 1125 549 1178 εἰσελθεῖν
575 1125 735 1178 αύτδν
767 1128 825 1177 ὲν
856 1128 919 1196 τῇ
963 1128 1117 1179 πόλει
1138 1165 1152 1189 ,
1184 1130 1279 1181 καὶ
1311 1130 1421 1181 ἰδοὺ
1452 1130 1597 1199 ἀνήρ
1626 1149 1709 1193 τις
1756 1149 1855 1201 μο-

283 1217 447 1287 ναχδς
479 1218 677 1287 μεστὸς
706 1219 915 1290 λέπρας
945 1221 1003 1272 ὲν
1043 1218 1123 1290 τῷ
1166 1221 1327 1273 αὑτὸν
1360 1220 1576 1290 μέλλειν
1611 1223 1855 1292 είσέρχε-

284 1308 410 1361 σθαι
434 1309 492 1359 ὲν
520 1310 587 1378 τῇ
614 1308 879 1380 ἐκκλησίᾳ
910 1309 1216 1380 είσδραμὼν
1240 1309 1438 1364 ἔπεσεν
1484 1311 1577 1363 ἐπὶ
1604 1312 1731 1374 τοὺς
1756 1313 1854 1365 πό-

281 1401 379 1461 δας
409 1400 573 1453 αὐτοῦ
613 1401 854 1470 κράζων,
903 1402 997 1455 καὶ
1032 1402 1239 1470 λέγων·
1284 1402 1537 1474 Ἐλέησόν
1578 1421 1668 1473 με,
1699 1403 1852 1457 δοῦλε

281 1488 378 1541 τοῦ
411 1488 669 1560 Χριστοῦ,
705 1489 798 1543 καὶ
836 1490 1057 1560 δεήθητι
1086 1490 1280 1556 αὑτοῦ,
1308 1492 1396 1546 ἵνα
1427 1493 1708 1562 κουφισθῶ
1746 1494 1854 1546 ἀπὸ

282 1582 383 1650 τῆς
422 1582 689 1651 μάστιγος
735 1580 976 1651 ταύτης,
1022 1583 1104 1636 ὅτι
1145 1583 1334 1646 δεινῶς
1362 1585 1660 1656 ὀδυνῶμαι.
1693 1586 1754 1638 '0
1797 1586 1853 1638 δὲ

284 1678 420 1745 πρὸς
466 1678 649 1738 αὑτὸν.
684 1678 905 1740 Τέκνον,
954 1676 1264 1738 πίστευσον,
1296 1679 1379 1731 ὅτι
1429 1680 1605 1731 πάντα
1652 1677 1855 1731 δυνατὰ

281 1767 361 1834 τῷ
388 1766 505 1833 Θεῴ
524 1782 537 1794 ’
571 1765 709 1832 πλὴν
734 1764 876 1832 λέγω
900 1783 1003 1825 σοι,
1028 1768 1120 1817 ἐπὶ
1159 1765 1236 1835 τῷ
1263 1766 1488 1835 ὀνόματι
1514 1766 1608 1819 τοῦ
1643 1768 1848 1836 Κυρίου

1962 584 2482 643 Panormitanorum
2514 603 2638 644 cum
2662 588 2782 658 ipso
2807 592 2956 645 clero
2976 601 3031 647 et
3061 595 3262 663 popqu
3296 597 3533 656 civitatis

1964 680 2241 744 universo,
2286 690 2448 750 alque
2480 682 2726 735 omnium
2775 686 3235 740 monasteriorum
3282 688 3413 744 viris
3451 690 3532 745 l'e-

1962 772 2238 840 minisque
2272 774 2408 842 (45).
2464 771 2643 844 [um]
2693 772 2907 844 Quippe
2940 778 3110 832 multa
3146 780 3434 835 audierant
3466 783 3533 836 tle

1962 863 2062 917 viri
2100 864 2245 929 vita;
2285 864 2467 933 itaque
2512 879 2710 933 magno
2737 866 2900 935 plane
2938 870 3136 938 gaudio
3167 871 3528 929 deducebant.

1961 954 2192 1024 Jamque
2222 956 2409 1009 urbem
2442 956 2847 1023 ingrediebatur
2868 959 3186 1030 Gregorius,
3215 979 3337 1018 cum
3364 982 3422 1021 se
3449 969 3532 1020 vir

1963 1045 2180 1112 quidam
2229 1047 2527 1102 monachus
2576 1046 2762 1101 intulit
2795 1047 2962 1117 lepris
2995 1050 3230 1116 obsitus,
3278 1065 3334 1109 et
3379 1067 3529 1110 ante-

1961 1152 2124 1204 quam
2172 1137 2260 1189 ille
2313 1138 2365 1191 in
2417 1139 2677 1208 templum
2719 1139 2967 1207 intraret,
3001 1142 3067 1197 ad
3112 1145 3275 1212 pedes
3304 1148 3424 1214 ejus
3473 1163 3532 1201 se

1961 1227 2153 1295 ahjccit
2183 1228 2446 1292 clamans,
2496 1241 2551 1285 ct
2598 1247 2799 1303 rogare
2850 1235 3015 1303 cmpit
3048 1254 3060 1288 :
3098 1234 3265 1291 Serve
3304 1238 3529 1303 Christi,

1960 1319 2221 1372 miserere
2261 1320 2388 1386 mei,
2426 1331 2587 1391 atque
2614 1324 2683 1378 ab
2714 1339 2780 1379 eo
2808 1334 2965 1392 pete,
3020 1335 3081 1380 ut
3129 1342 3218 1382 me
3266 1331 3532 1398 supplicio

1960 1409 2063 1461 hoc
2093 1408 2274 1463 levare
2302 1411 2454 1474 velit,
2505 1427 2614 1482 quo
2658 1414 2896 1483 graviter
2940 1416 3175 1472 crucior.
3228 1414 3401 1483 Quem
3441 1420 3532 1473 ille

1960 1500 2283 1567 respiciens,
2342 1503 2535 1567 Crede,
2567 1505 2763 1574 inquit,
2816 1506 2915 1571 illi,
2967 1510 3151 1561 omnia
3191 1526 3221 1563 a
3260 1510 3371 1564 Deo
3415 1510 3532 1565 ﬁeri

1961 1605 2121 1659 posse
2148 1609 2164 1657 ;
2218 1592 2400 1661 itaque
2430 1593 2526 1648 tibi
2558 1595 2681 1650 lllCO
2707 1611 2721 1646 :
2751 1594 2807 1649 lu
2859 1597 3081 1650 nomine
3112 1596 3326 1652 Domini
3359 1603 3529 1654 nostri

1959 1680 2085 1736 lusu
2117 1682 2322 1739 Christi
2354 1685 2423 1738 ab
2456 1686 2557 1739 hoc
2592 1685 2679 1740 die
2711 1702 2881 1741 sanus
2912 1682 3031 1742 esto
3063 1704 3129 1742 ex
3173 1690 3387 1754 morbo,
3436 1694 3528 1759 qui

1963 1782 2014 1825 te
2048 1788 2192 1827 nunc
2221 1774 2394 1828 ambit
2419 1783 2582 1843 atque
2612 1774 2741 1829 urit.
2771 1772 2865 1828 Ille
2892 1790 3020 1829 vero
3043 1776 3224 1830 subita
3249 1778 3533 1832 sanatione

283 1855 441 1924 ήμῶν
477 1853 651 1923 Ἰησοῦ
681 1853 1052 1923 Χριστοῦ,ξσο
1074 1854 1235 1924 ὑγιὴς
1267 1858 1329 1906 ἐκ
1358 1855 1456 1923 τῆς
1493 1856 1851 1927 περιεχούσης
1884 1852 1927 1911 Β

1884 1852 1927 1911 Β
1957 1858 2120 1924 lt-pris
2147 1869 2412 1929 purgatus
2443 1870 2551 1925 est,
2601 1871 2656 1916 et
2699 1877 2922 1917 carnem
2966 1864 3168 1918 habere
3218 1867 3369 1919 visus
3409 1875 3529 1919 tan-

283 1963 343 1997 σε
373 1946 638 2014 μάστιγος
666 1946 775 1996 ἀπὸ
807 1944 904 2013 τῆς
939 1943 1152 2015 ἡμέρας
1184 1944 1407 2014 ταύτης.
1427 1943 1649 2007 Εὐθέως
1676 1944 1731 1997 δὲ
1759 1947 1853 1998 καὶ

283 2038 623 2108 παραχρῆμα
646 2036 986 2105 ἐκαθαρίσθη
1008 2039 1035 2089 ὁ
1059 2036 1349 2107 ἄνθρωπος
1372 2037 1480 2090 ἀπὸ
1501 2037 1599 2108 τῆς
1624 2037 1852 2109 λέπρας,

284 2128 379 2178 καὶ
426 2128 700 2197 ἐγένετοή
756 2126 894 2196 σὰρξ
937 2124 1103 2179 αὑτοῦ
1150 2125 1227 2190 ὼς
1275 2126 1563 2196 παιδαρίου
1631 2128 1851 2197 μικροῦ,

282 2217 465 2281 καθώς
498 2235 601 2269 που
642 2218 737 2270 καὶ
781 2217 918 2289 ἄλλῃ
947 2217 1255 2288 γέγραπται
1286 2219 1344 2270 ἐν
1371 2220 1484 2280 τοῖς
1527 2218 1850 2281 Βασιλείοις.

285 2310 517 2362 Ἔλαϐεν
545 2310 600 2361 δὲ
632 2308 796 2378 φόϐος
823 2309 1033 2372 πάντας
1067 2309 1158 2361 ἐπὶ
1189 2308 1261 2377 τῷ
1292 2310 1582 2381 παραδόξῳ
1613 2309 1855 2380 θαύματι

278 2402 359 2471 τῷ
388 2401 633 2469 γεγονότι
672 2402 763 2453 ἐπὶ
792 2400 883 2453 τὸν
923 2400 1175 2471 μοναχὸν,
1211 2404 1304 2454 καὶ
1327 2402 1576 2467 ἐδόξαζον
1602 2403 1694 2456 τὸν
1720 2403 1854 2456 Θεδν

278 2494 559 2557 λέγοντες·
610 2491 915 2563 Εὐλογητὸς
939 2495 966 2545 ό
995 2493 1127 2555 Θεὸς
1173 2494 1201 2545 ὁ
1237 2494 1405 2547 ποιῶν
1436 2493 1719 2565 θαυμάσια
1756 2496 1852 2567 μό-

279 2601 369 2640 νος
394 2584 478 2636 διὰ
507 2584 614 2635 τῶν
641 2584 982 2652 ἀγαπώντων
1012 2584 1198 2637 αὐτόν.

355 2675 495 2729 IlIl’.
526 2677 820 2745 Ἑποίησαν
846 2672 938 2729 οὖν
966 2678 1023 2730 ὲν
1046 2677 1123 2747 τῷ
1151 2678 1264 2747 ἰδίῳ
1294 2678 1634 2749 ἐπισκοπείῳ
1659 2677 1735 2748 τῷ
1764 2679 1853 2732 λε-

280 2766 501 2835 γομένῳ
555 2766 647 2819 τοῦ
690 2765 847 2834 ἁγίου
884 2766 1191 2837 Γεωργίυυο
1230 2763 1297 2837 ἦν
1325 2768 1433 2836 γὰρ
1479 2766 1709 2821 ἔκπαλαι
1744 2768 1854 2821 τῶν

281 2860 491 2925 χρόνων
515 2857 616 2925 τῆς
652 2858 1091 2927 Ἀκραγαντίνων
1121 2858 1451 2926 Ἐκκλησίας
1474 2858 1534 2911 τὸ
1561 2858 1854 2928 λεγόμενον

248 2946 619 3020 -Άιῦερτίνος,
658 2950 988 3019 Ποιήσαντες
1029 2947 1123 3003 οὖν
1153 2952 1210 3001 ὲν
1252 2953 1315 3021 τῇ
1354 2951 1714 3022 ιΙανορμιτῶν
1754 2952 1853 3003 πό·-

280 3040 366 3091 λει
402 3041 615 3109 ἡμέρας
648 3044 828 3109 τρεῖς,
872 3042 1389 3112 συνευφραινόμενοι
1422 3043 1563 3111 μετά
1600 3041 1695 3094 τοῦ
1730 3045 1855 3096 ἐπι-

284 3131 492 3182 σκόπου
524 3133 617 3181 καὶ
651 3130 757 3181 τῶν
790 3130 1058 3199 ἀδελφῶν,
1098 3132 1240 3201 μετά
1279 3130 1454 3184 ταῦτα
1510 3132 1854 3203 συνταξάμε-

1956 1965 2118 2018 quam
2144 1952 2295 2021 pueri
2318 1952 2534 2020 minuti,
2556 1953 3028 2023 quemadmodum
3056 1952 3194 2007 alias
3236 1956 3532 2024 contigisse

1956 2041 2010 2094 in
2052 2042 2257 2112 Regum
2294 2043 2451 2100 libris
2503 2044 2732 2116 legimus
2758 2045 2831 2098 ¹⁶.
2883 2044 3054 2099 Porro
3104 2060 3295 2102 omnes
3339 2046 3533 2100 timore

1954 2135 2186 2204 correpti
2219 2144 2367 2200 sunt,
2417 2146 2526 2190 tam
2573 2152 2778 2191 novum
2811 2136 2866 2191 in
2921 2139 3189 2192 monacho
3224 2137 3529 2208 prodigium

1956 2224 2238 2291 mirantes,
2280 2240 2342 2282 ac
2390 2227 2504 2282 Deo
2539 2226 2756 2283 laudem
2793 2227 3119 2295 tribuentes,
3160 2238 3385 2297 eratque
3424 2244 3528 2282 uua

1955 2319 2200 2373 omnium
2230 2334 2331 2374 vos
2369 2338 2382 2374 :
2413 2319 2560 2376 Bene
2617 2320 2727 2375 Deo
2773 2320 3043 2385 dicamus,
3074 2321 3168 2390 qui
3218 2336 3361 2377 unus
3391 2321 3530 2375 mira

1953 2423 2049 2479 per
2081 2424 2176 2467 eos
2204 2409 2352 2480 facit,
2384 2427 2415 2467 a
2445 2411 2647 2482 quibus
2674 2421 2910 2467 amatur.

2027 2670 2258 2727 XLVIII.
2299 2672 2545 2729 Mansere
2588 2683 2771 2730 autem
2811 2675 3030 2745 propria
3080 2676 3134 2730 in
3184 2677 3370 2743 domo,
3413 2694 3531 2747 qua:

1953 2765 2131 2820 sancti
2190 2764 2404 2834 Georgii
2440 2766 2637 2820 dicitur
2674 2766 2819 2836 (ιδ),
2860 2775 2916 2821 et
2956 2767 3026 2821 ab
3056 2768 3301 2836 antiquis
3331 2778 3530 2839 tempo-

1957 2859 2108 2912 ribus
2143 2857 2393 2911 Ecclesia:
2427 2856 2801 2927 Agrigeutinze
2833 2869 2971 2923 erat,
3004 2858 3319 2915 Libertinos
3346 2862 3532 2929 appel-

1958 2950 2083 3003 lata.
2120 2948 2412 3019 Postquam
2438 2959 2546 3004 tres
2569 2949 2826 3003 Panormi
2856 2951 2971 3005 dies
2993 2951 3192 3011 exat-ti.
3220 2962 3275 3006 et
3293 2954 3531 3021 episcolii

1958 3056 2020 3093 ac
2048 3039 2276 3095 Iratrum
2299 3039 2557 3094 societate
2586 3055 2782 3097 omnes
2823 3041 3109 3096 cxbilamti
3137 3042 3315 3107 fuere,
3344 3045 3535 3098 beatus

1957 3131 2271 3201 Gregorius,
2308 3131 2483 3185 salute
2519 3131 2778 3199 episcopo
2809 3141 2862 3186 et
2911 3130 3173 3188 fratribus
3217 3133 3383 3197 dicta,
3435 3133 3535 3187 l‘a-

281 3238 373 3283 vo;
423 3222 451 3273 ό
498 3221 769 3291 μακάριος
815 3221 1112 3292 Γρηγόριος
1157 3221 1235 3289 τῷ
1282 3222 1567 3291 ὲπισκόπῳ
1612 3222 1705 3275 καὶ
1742 3225 1852 3285 τοῖς
1880 3217 1923 3275 C

1880 3217 1923 3275 ϐ
1958 3237 2209 3276 normam
2257 3222 2495 3291 reliquit,
2555 3232 2608 3277 et
2663 3222 2911 3278 secundo
2975 3240 3110 3279 usus
3159 3237 3340 3289 vento,
3393 3226 3531 3279 intra

286 3312 537 3380 ἀδελφοῖς
565 3353 579 3375 ,
606 3312 831 3377 ἐξῆλθεν
862 3315 926 3365 ὲκ
953 3316 1049 3382 τῆς
1097 3313 1454 3383 Ιῐανορμιτῶν
1486 3314 1697 3376 πόλεως
1738 3314 1857 3367 ἀνέο

286 3422 393 3474 μου
453 3405 759 3474 ἐπιτηδείου
819 3405 1003 3467 αὐτοῖς
1054 3405 1403 3466 πνεύσαντος.
1450 3407 1560 3457 Kal.
1607 3406 1854 3476 εἰσῆλθον

282 3494 371 3547 διὰ
413 3493 507 3546 δύο
554 3494 775 3564 ἡμερῶν
805 3496 884 3558 είς
914 3495 1002 3546 τον
1066 3493 1307 3561 ποταμὸν
1346 3494 1428 3555 εἰς
1460 3493 1521 3545 τὸ
1565 3494 1853 3562 περιπόλιν

282 3586 385 3653 τῆς
459 3586 636 3637 αὐτῶν
686 3586 1121 3655 Ἀκραγαντίνων
1178 3584 1406 3649 πόλεως,
1449 3583 1509 3637 τὸ
1562 3584 1856 3652 λεγόμενον

298 3676 615 3746 Ἐμπόριον,
648 3677 779 3747 περὶ
808 3676 956 3745 ὥραν
984 3676 1200 3746 ὀγδόην.
1229 3675 1338 3728 Καὶ
1364 3675 1607 3742 γνωστὸν
1640 3676 1857 3741 ἐγένετο

285 3770 422 3819 πᾶσι
449 3771 560 3830 τοῖς
590 3768 687 3837 τῆς
712 3768 937 3830 πόλεως,
955 3767 1036 3819 ὅτι
1067 3769 1115 3818 oi
1134 3765 1313 3819 αὐτῶν
1339 3766 1688 3836 κατήντησαν
1718 3768 1856 3835 μετά

284 3860 587 3912 ἐπισκόπου
612 3859 913 3930 Γρηγορίου
938 3858 1232 3927 λεγομένου
1254 3858 1399 3921 τινός
1420 3874 1433 3886 ·
1470 3858 1564 3911 καὶ
1590 3858 1857 3927 ἔκθαμϐοι

362 3995 406 4024 ¹⁶
436 3993 500 4046 IV
542 3994 671 4063 Reg.
712 4010 766 4059 ν,
808 3994 895 4047 14.

360 4085 471 4153 (I5)
497 4085 769 4152 Antiquus
802 4085 891 4137 hic
920 4092 1035 4137 erat
1068 4098 1210 4145 mos,
1242 4092 1302 4135 ut
1334 4090 1525 4150 prmter
1555 4085 1855 4138 monachos

288 4156 423 4224 ipsa:
452 4158 613 4206 etiam
664 4169 834 4207 sacra:
878 4154 1116 4221 virgines
1158 4153 1385 4224 honoris
1423 4168 1596 4224 causa
1633 4153 1847 4224 obviam

289 4221 571 4290 prodirent
612 4224 906 4291 episcopis,
957 4231 1016 4275 ιιι
1066 4222 1234 4291 paulo
1260 4230 1382 4289 post
1407 4221 1682 4290 Agrigenti
1715 4239 1853 4290 quo-

285 4308 397 4362 que
430 4292 629 4347 factum
664 4290 826 4360 leges.
861 4292 1160 4359 Gregorius
1197 4290 1473 4362 Nyssenus
1514 4292 1565 4343 in
1597 4292 1849 4362 epistola,

286 4358 414 4433 qua:
445 4364 602 4433 tertia
631 4358 892 4433 estinter
919 4358 1108 4433 novas,
1140 4375 1265 4429 qua:
1294 4374 1323 4411 ι
1358 4358 1852 4433 Zaccaguio_edit;e

286 4430 441 4495 sunt,
496 4432 636 4485 idetn
673 4432 776 4485 sibi
815 4431 1108 4499 contigisse
1142 4438 1351 4499 narrat,
1386 4444 1510 4482 cum
1555 4431 1621 4482 ad
1665 4430 1850 4485 Eccle—

288 4504 430 4557 siatn
471 4516 624 4556 snam
681 4502 795 4553 sive
847 4516 877 4552 a
929 4498 1162 4553 concilio
1209 4498 1847 4562 Constantinomlitano.

288 4539 408 4624 give
432 4539 499 4624 ab
528 4570 722 4624 exsilio
743 4570 919 4623 rediit.
959 4568 1050 4622 Sic
1079 4569 1223 4622 enim
1256 4576 1379 4635 post
1404 4539 1635 4621 τθιιίιιίιιι
1668 4541 1853 4623 statim
1887 4539 1933 4598 θ

288 4640 360 4693 ad
396 4641 629 4693 amicum
663 4639 953 4709 quemdam
985 4639 1251 4709 scripsit:
1282 4636 1385 4709 ξας
1427 4638 1483 4689 δὲ
1512 4638 1739 4709 πλησίον
1764 4638 1858 4690 τοῦ

288 4706 769 4788 ξνδονιὲγ-ενόμέθα
816 4709 908 4788 ἐπί
949 4706 1157 4788 στώου,
1206 4706 1422 4788 δρῶμεν
1467 4707 1644 4788 ρςύακα
1689 4709 1858 4788 πυρὸς

287 4780 386 4832 ἐπὶ
413 4776 825 4848 τὴνέκκλησίαν
854 4778 1196 4848 είσρέουσαν.
1222 4776 1282 4848 'Q
1309 4777 1419 4848 γὰρ
1443 4778 1550 4848 τῷν
1576 4776 1861 4848 παρθένων

288 4845 579 4918 κσρδςτάς
614 4845 878 4918 ἐκήκηρὸς
910 4845 1200 4918 λαμπάδας
1240 4845 1342 4918 διὰ.
1370 4846 1859 4918 χειρὸς-φέρουσαι

291 4913 572 4986 στοιχηδὸν
612 4913 865 4985 ἀλλήλαις
902 4913 1050 4986 xm,
1078 4916 1177 4986 τὴν
1207 4913 1410 4986 εἴσοδον
1438 4913 1533 4984 τῆς
1566 4913 1860 4986 ἐκκλησίας

289 4983 591 5057 προῄεσαν,
624 4983 742 5048 τοῖς
764 4987 990 5057 πυρσοῖς
1034 4984 1211 5037 διόλου
1250 4983 1769 5057 καταλαμπόμεναι.
1802 4984 1859 5057 ltl

288 5054 380 5112 est
412 5054 436 5109 ἶ
468 5057 536 5108 Ut
564 5071 681 5108 rero
710 5054 855 5108 intra
890 5057 1152 5124 porticum
1181 5054 1468 5122 progressi,
1505 5054 1648 5107 haud
1674 5054 1861 5123 procul

288 5144 325 5179 α
358 5127 539 5178 limine
566 5126 786 5193 fuimus,
825 5126 1058 5178 videmus
1090 5125 1230 5192 ignis
1278 5124 1444 5175 rivum
1486 5124 1539 5175 in
1584 5126 1861 5177 ecclesiam

291 5197 622 5264 inﬂuentem.
694 5193 964 5262 Virginum
1014 5194 1155 5246 enim
1207 5194 1691 5264 chorus_ardentes
1740 5210 1861 5246 cera

291 5262 569 5331 lampades
594 5267 648 5317 in
677 5264 920 5317 manibus
943 5272 1203 5332 gestantes
1234 5266 1301 5314 ad
1324 5262 1558 5316 ecclesia:
1582 5265 1861 5316 introitum

292 5335 421 5387 alia:
446 5336 567 5388 aliis
588 5336 767 5386 ordine
785 5334 1112 5386 succedentes
1134 5342 1513 5399 processerant.
1538 5333 1742 5400 facibus
1770 5350 1863 5386 un-

292 5406 564 5473 tlcquaqne
592 5401 1341 5473 cmicunles.(Zaec._Collect.
1376 5400 1450 5452 Μ.
1498 5401 1555 5454 γ.
1589 5418 1639 5471 p.
1674 5402 1823 5465 564.)

369 5471 503 5539 Quae
540 5474 869 5527 monasteria
906 5474 1049 5540 apud
1091 5471 1507 5525 Pauormitauos
1550 5474 1652 5525 sub
1698 5474 1857 5525 linem

293 5544 488 5598 saeculi
523 5559 573 5597 νι
614 5544 725 5611 jam
771 5546 1064 5596 constituta
1102 5551 1306 5601 essent,
1356 5542 1631 5595 recensuit
1675 5542 1861 5597 I’irrus

297 5615 382 5693 tia
415 5612 544 5693 Not:
572 5614 827 5693 Pauor-tn.
861 5613 927 5693 ad
953 5611 1258 5693 {IIl-.-5‘tl‘0,_.§
1284 5611 1383 5693 II);
1416 5626 1588 5693 eaque
1617 5612 1859 5693 appella-

299 5688 505 5737 bantur
531 5682 570 5737 I.
604 5683 661 5736 S.
698 5682 994 5745 Theodori,
1022 5680 1081 5734 Il.
1120 5682 1176 5733 ὃ.
1203 5680 1483 5741 lladriani,
1518 5680 1602 5733 Ill.
1636 5680 1693 5735 S.
1726 5680 1859 5734 Iler-

301 5768 431 5813 πιειι,
459 5750 548 5805 ιγ.
585 5754 681 5805 SS.
710 5752 925 5804 Maximi
959 5762 1011 5804 et
1042 5753 1281 5816 Agauen,
1318 5749 1377 5802 \'.
1415 5752 1856 5806 l'rmcoritanom.

301 5822 391 5876 vel
437 5818 830 5877 i’rtetorlanum
864 5840 873 5875 :
908 5834 1066 5891 atque
1119 5824 1311 5875 horum
1356 5824 1597 5874 omnium
1647 5823 1699 5873 iu
1728 5823 1857 5877 Gre-

1964 3314 2186 3368 bidnum
2216 3312 2531 3385 atlllumen,
2569 3314 2719 3383 quod
2771 3314 3049 3385 Agrigenti
3090 3316 3351 3372 suburbia
3383 3319 3537 3371 alluit

1964 3405 2277 3475 Emporia-it
2328 3404 2616 3474 appellata,
2674 3404 2808 3458 hora
2861 3405 2969 3459 dici
3023 3416 3212 3460 octava
3269 3410 3532 3476 pervenit.

1963 3495 2327 3564 Agrigentiuis
2369 3495 2481 3563 jam
2520 3496 2777 3549 omnibus
2838 3506 3027 3549 notum
3064 3508 3204 3563 erat,
3234 3500 3381 3553 cives
3409 3517 3536 3554 suos

1964 3586 2248 3640 advenisse
2267 3601 2391 3639 cutn
2416 3587 2692 3655 episcopo,
2720 3586 2813 3639 cui
2839 3587 3101 3658 Gregorio
3128 3605 3322 3643 nomen
3354 3601 3497 3645 esset
3521 3609 3533 3644 :

1963 3692 2071 3744 qua
2105 3678 2171 3729 de
2220 3693 2275 3731 re
2318 3677 2521 3740 mirati,
2586 3679 2943 3731 vehementer
2993 3679 3354 3734 indoluerant.
3400 3680 3532 3734 Nam

1962 3768 2191 3821 alterum
2243 3782 2272 3821 e
2313 3767 2526 3821 duobus
2579 3767 2708 3833 illis,
2752 3784 2890 3836 quos
2944 3770 3387 3835 memoravimus,
3424 3772 3538 3840 cpi-

1961 3872 2184 3926 scopum
2217 3870 2375 3910 suum
2410 3856 2652 3911 futurum
2684 3858 3123 3925 arbitrabantur,
3171 3868 3224 3914 et
3252 3871 3533 3930 exspecta-

1957 4081 2094 4151 gorii
2128 4080 2306 4149 Magni
2345 4080 2593 4149 epistolis
2644 4082 2849 4133 mentio
2897 4080 2973 4133 ﬁt.
3024 4080 3196 4133 l’orro
3237 4096 3302 4135 ex
3341 4081 3532 4136 iisdem

1954 4153 2141 4215 etiam,
2177 4167 2282 4203 non
2325 4167 2490 4203 unum
2539 4151 2738 4203 ibidem
2780 4151 3287 4205 sanctinmnialiutn
3338 4167 3530 4206 tnoua-

1956 4222 2183 4275 sterium
2218 4220 2387 4289 fuisse
2427 4230 2661 4273 constat.
2702 4217 2793 4287 (V.
2831 4236 2915 4284 ep.
2951 4221 3004 4282 6,
3040 4222 3131 4273 lib.
3166 4222 3242 4289 v.)

2028 4290 2157 4343 Erat
2186 4306 2312 4343 vero
2343 4288 2599 4342 Panormi
2625 4302 2738 4341 tum
2774 4291 3038 4356 temporis
3069 4288 3387 4360 cpiscOpus,
3420 4308 3526 4345 non

1958 4360 2143 4415 Victor
2178 4360 2288 4421 ille,
2323 4368 2379 4410 ut
2411 4373 2513 4426 ego
2551 4360 2771 4427 quidem
2804 4362 3065 4423 arbitror,
3096 4363 3163 4413 ad
3213 4377 3377 4427 quem
3427 4366 3529 4416 ali-

1958 4441 2093 4499 quot
2121 4428 2854 4499 Gregoriirblagniiepistolte
2878 4438 3117 4499 exstant,
3153 4435 3245 4483 sed
3272 4433 3531 4486 decessor

1958 4497 2079 4568 ejus
2106 4500 2335 4567 Agatho,
2362 4498 2430 4550 de
2449 4514 2559 4567 quo
2584 4497 3042 4568 idem_Gregotius
3060 4502 3178 4553 sine
3203 4501 3310 4553 ulla
3340 4504 3533 4555 mortis

1962 4565 2089 4623 nota
2122 4565 2387 4638 meminit
2419 4565 2561 4621 libro
2608 4582 2659 4619 tv
2709 4565 2948 4635 Dialog.,
2970 4583 3089 4636 cap.
3155 4569 3243 4622 57.
3277 4570 3529 4638 Dialogus

1961 4642 2107 4693 cnim
2139 4638 2212 4708 ab
2245 4652 2310 4691 eo
2342 4637 2628 4691 absolutos
2679 4637 2824 4689 circa
2882 4652 3085 4708 annum
3135 4638 3242 4693 593
3284 4637 3531 4708 plerique

1962 4723 2155 4762 omnes
2193 4706 2429 4777 fatentur
2462 4723 2475 4759 :
2508 4716 2563 4759 at
2582 4715 2773 4777 contra
2803 4707 2977 4773 prima
3020 4706 3527 4777 Gregorti'epistola

1962 4778 2028 4831 ad
2058 4777 2329 4833 Victorem
2361 4776 2529 4831 missa
2557 4784 2644 4830 est
2675 4774 2973 4829 indictione
3004 4778 3087 4841 l5,
3120 4774 3171 4830 id
3197 4789 3280 4831 est
3306 4774 3529 4832 biennio

1962 4858 2083 4916 post
2110 4846 2462 4915 scriptiouem
2494 4845 2987 4916 Dialogornmlltb.
3024 4862 3075 4910 γ,
3113 4861 3197 4914 ep.
3233 4847 3308 4916 6).
3342 4850 3529 4915 Itaque

1976 4912 2153 4971 Victor
2182 4912 2324 4984 apud
2351 4916 2565 4969 Pirrtttn
2595 4912 2672 4984 (in
2699 4912 2824 4968 Not.
2854 4912 3228 4984 Panorm.)ab
3253 4912 3398 4971 anno
3426 4912 3529 4971 Stltl

1962 4988 2325 5042 removendus
2355 4985 2587 5039 videtur.

2034 5057 2147 5127 (46)
2183 5055 2289 5109 Pro
2327 5054 2536 5127 Georgii
2582 5054 2789 5127 invenit
2828 5053 3132 5127 _Cajetauus
3165 5054 3423 5127 Gregorii.
3465 5060 3531 5109 At

1963 5124 2137 5183 codex'
2185 5134 2415 5193 uterque
2470 5126 2776 5177 Basilianus
2828 5124 2993 5177 habet
3023 5126 3318 5194 Γεωργίου.
3361 5126 3528 5180 ίΕιιυες

1963 5212 2124 5267 porro
2144 5196 2249 5248 illa:
2272 5197 2620 5267 επισκοπεῖον
2660 5194 3023 5267 appellantur,
3046 5196 3190 5262 quod
3214 5196 3267 5247 in
3291 5199 3530 5265 episcopi

1961 5261 2301 5336 Agrigentini
2357 5266 2630 5336 mancipio
2681 5261 2889 5336 essent.
2948 5261 3156 5336 Nomen
3205 5261 3385 5319 autem
3424 5261 3531 5319 illis

1965 5334 2197 5390 inditum
2232 5335 2448 5388 videtur
2477 5351 2507 5387 a
2541 5335 2718 5402 primo
2756 5334 3235 5402 Agrigentinorum
3271 5337 3529 5404 episeopo

1962 5420 2011 5460 et
2061 5416 2343 5475 martyre,
2371 5405 2462 5473 qui
2512 5404 2812 5475 Libertintts
2847 5404 3026 5475 dictus
3069 5413 3171 5457 est.
3228 5404 3322 5470 (ι’.
3357 5408 3529 5473 Cajet.

1965 5476 2065 5531 SS.
2101 5472 2219 5529 Sic.
2254 5485 2291 5527 t.
2332 5474 2368 5537 I,
2410 5491 2461 5541 p.
2494 5478 2611 5535 ‘30.)
2643 5472 2902 5526 Godiccm
2940 5474 3125 5526 l'irrus
3156 5488 3338 5528 noseto
3370 5472 3532 5542 quem

1964 5548 2304 5600 bibliotheca:
2343 5546 2614 5598 Vaticana:
2647 5553 2933 5606 memorat,
2965 5559 3015 5594 III
3053 5559 3161 5610 quo
3188 5557 3531 5605 annotatum,

1962 5618 2104 5670 aedes
2156 5618 2316 5669 hasce
2369 5617 2434 5668 ad
2493 5623 2705 5677 put-tam
2765 5614 3120 5665 Gariucnscm
3188 5613 3381 5677 fuisse,
3444 5618 3531 5666 nln

1965 5631 2104 5670 Leues
2156 5631 2316 5669 hasce
2369 5631 2434 5668 au
2493 5631 2705 5725 got-tam
2765 5631 3120 5665 oartucnscm
3188 5631 3381 5677 tuisse,
3444 5631 3527 5666 nm

1965 5687 2157 5741 deinde
2191 5685 2447 5803 tenariam
2592 5684 2855 5752 Gregorio
2889 5685 3127 5739 dicatum
3164 5695 3265 5740 est.
3300 5684 3527 5751 (lnNot.

1966 5758 2126 5803 Agri'.‘
2191 5773 2240 5803 ll.
2282 5792 2283 5795 η
2318 5762 2353 5803 ,ι

1965 5758 2145 5826 Agrig.
2191 5773 2240 5809 tt.
2282 5758 2353 5823 5.)
