4226 6444
224 406 333 471 649

1184 406 1243 464 S.
1297 401 1673 467 GREGORII
1736 400 2243 469 AGRIGENTINI
2298 408 2493 467 VITA.

3354 411 3461 479 650

222 526 399 582 Τοῦτο
428 524 486 578 δὲ
519 522 729 591 ἔλεγεν,
773 522 1100 593 βουλόμενος
1135 521 1335 583 αὐτοὺς
1376 521 1796 591 πληροφορῆσαι
1826 527 1869 580 Λ

1826 527 1869 580 Λ
1901 521 2094 589 gilare.
2127 520 2261 577 Nam
2295 531 2349 578 et
2380 522 2803 577 archidiaconus
2829 533 2879 577 ct
2908 522 3161 579 monachi
3189 540 3313 582 cum
3338 528 3466 585 ado-

221 615 472 687 περὶτῆς
490 613 585 666 τοῦ
604 612 844 682 Χριστοῦ
869 611 1006 682 πρὸς
1031 611 1193 665 αὐτὸν
1217 610 1579 680 ἐπισκέψεως.
1599 610 1793 662 Ἠὃουο

220 706 465 776 λήθησαν
503 705 614 775 γὰρ
655 705 684 757 ὃ
721 720 783 757 τι
813 704 1196 774 ἀρχιδιάκονος
1225 703 1321 756 καὶ
1348 705 1396 755 οἱ
1433 702 1657 773 μοναχοὶ
1697 703 1794 754 σὺν

219 797 332 848 τῶν
379 795 686 865 παιδαρίων
737 794 1100 847 συνεισελθεῖν
1128 793 1299 863 αὐτῷ,
1333 795 1428 847 καὶ
1461 794 1562 846 οὐκ
1606 794 1794 846 εἴασαν

224 889 421 950 αὐτοὺς
458 890 509 939 οἱ
538 887 720 957 ἄγριοι
747 887 913 957 θῆρες
941 885 1261 955 κλεισθῆναι
1289 886 1388 939 σὺν
1419 887 1591 955 αὐτῷ.
1618 887 1793 958 Προσ-

220 981 623 1051 καρτεροῦντος
652 981 709 1033 δὲ
736 980 831 1032 τοῦ
862 978 1103 1049 πλήθους
1131 977 1332 1041 ἔξωθεν
1375 978 1473 1048 τῆς
1523 977 1791 1047 φυλακῆς,

219 1074 386 1136 αὐτὸς
423 1076 452 1126 ὁ
500 1072 773 1144 μακάριος
817 1071 1172 1142 προσεύχετο,
1220 1070 1426 1137 λέγων’
1472 1071 1795 1140 Εὐχάριστῶ

222 1183 329 1230 σοι,
358 1165 531 1235 Κύριε
574 1164 749 1233 Ἰησοῦ
780 1164 981 1235 Χριστὲ
1014 1203 1030 1228 ,
1065 1166 1094 1217 ὁ
1131 1162 1476 1227 καταξιώσας
1519 1181 1587 1233 με
1618 1164 1707 1217 διὰ
1733 1165 1795 1218 τὸ

222 1260 315 1310 σὶν
358 1257 529 1326 ὄνομα
567 1255 801 1310 ενταῦθα
841 1256 1185 1325 εἰσαχθῆναι.
1220 1256 1356 1326 Περὶ⁸
1383 1255 1441 1308 δὲ
1471 1256 1531 1308 τὸ
1563 1257 1795 1326 μεσονύ-

221 1366 374 1400 κτιον
423 1350 530 1401 ἰδοὺ
570 1348 687 1417 φῶς
734 1349 876 1418 μέγα
911 1348 1293 1418 περιέλαμψεν
1339 1348 1397 1402 ἑν
1436 1350 1503 1419 τῇ
1554 1349 1791 1420 φυλακῇ.

224 1440 495 1508 Ἀγγελος
524 1440 633 1510 γὰρ
658 1441 865 1511 Κυρίου
890 1438 1208 1508 προσελθὼν
1228 1439 1511 1511 διέρρηξεν
1531 1440 1602 1493 τὰ
1624 1440 1794 1511 δεσμά

222 1534 288 1583 ὲκ
346 1531 453 1583 τῶν
494 1531 669 1584 ποδῶν
709 1530 803 1584 τοῦ
852 1530 1124 1601 μακαρίου
1165 1530 1499 1601 Γρηγορίου,
1539 1531 1633 1584 καὶ
1667 1533 1795 1583 ὑπο·

223 1622 532 1692 στηρίζων,
588 1623 977 1692 ἀσπασάμενος
1015 1620 1176 1674 αὐτὸν
1206 1622 1445 1694 ἀπῆλθεν
1480 1623 1575 1676 ἀπ’
1603 1622 1788 1679 αὑτοῦ.

234 1715 595 1785 Ἡνοίχθησαν
643 1716 698 1768 δὲ
746 1715 1070 1785 αὐτομάτως
1103 1717 1161 1769 αἱ
1193 1716 1353 1787 θύραι
1384 1717 1483 1786 τῆς
1523 1719 1789 1788 φυλακῆς.

237 1807 460 1868 Ἰδόντες
488 1807 547 1858 δὲ
580 1807 641 1859 τὸ
668 1808 873 1877 πλῆθος
911 1808 1006 1861 τοῦ
1033 1809 1164 1863 λαοῦ
1196 1808 1265 1862 τὰ
1298 1811 1566 1880 γενόμενα
1591 1813 1791 1880 σημεῖα

220 1899 303 1959 εἰς
341 1897 431 1949 τὸν
483 1897 673 1964 ἆγιον,
725 1898 975 1968 εἰσῆλθον
1010 1899 1240 1963 πάντες,
1278 1900 1375 1952 καὶ
1422 1900 1790 1970 προσεκύνουν

221 1991 351 2048 τοὺς
388 1990 556 2051 πόδας
580 1989 744 2041 αὑτοῦ
770 2029 785 2053 ,
818 1989 1068 2058 λέγοντες
1090 2006 1108 2023 ⁸
1149 1990 1389 2060 ’Δληθῶς
1428 1993 1787 2063 γινώσκομεν,

217 2082 304 2133 ὅτι
336 2081 467 2142 Θεός
503 2084 651 2133 ἐστιν
700 2081 840 2150 μετὰ
884 2081 1000 2135 σοῦ.
1037 2082 1313 2154 Συνεχύθη
1347 2084 1405 2137 δὲ
1439 2085 1467 2136 ὁ
1498 2083 1627 2147 λαὸς
1656 2084 1791 2157 πρὸς

218 2171 488 2236 ἀλλήλους
521 2173 747 2234 ἑαυτοὺς
787 2172 1222 2243 εὐτρεπίζοντες,
1258 2174 1290 2244 ἢ
1324 2175 1652 2245 φονευθῆναι
1691 2178 1791 2230 αὑ-

217 2263 348 2323 τοὺς
380 2264 520 2331 ὑπὲρ
557 2263 650 2316 τοῦ
686 2263 916 2327 δικαίου,
944 2265 975 2334 ἦ
1008 2264 1286 2333 φονεῦσαι.

292 2354 425 2406 NH'.
465 2354 523 2406 '0
571 2353 629 2405 δὲ
689 2354 845 2422 ἅγιος
891 2356 1196 2428 Γρηγόριος
1247 2357 1543 2427 παρεκάλει
1592 2360 1791 2422 αὐτοὺς

220 2445 369 2513 μετὰ
395 2442 668 2514 δακρύων,
694 2444 867 2512 λέγων
887 2462 899 2474 ·
926 2446 1063 2508 Τούς
1101 2464 1161 2499 τε
1188 2446 1525 2519 τριϐούνους,
1553 2450 1792 2513 καὶτοὺς

217 2536 510 2605 ἄρχοντας,
549 2536 646 2588 καὶ
669 2538 795 2599 τοὺς
815 2536 980 2600 λαοὺς
1012 2538 1260 2602 ἅπαντας
1288 2542 1593 2610 παρακαλῶ
1623 2543 1789 2613 ὑμᾶς,

217 2628 440 2694 ἀδελφοί
493 2644 593 2697 μου
645 2630 738 2681 καὶ
776 2628 967 2691 τέκνα,
1016 2630 1090 2700 μὴ
1136 2632 1433 2703 ὲπιὸάλητε
1470 2635 1571 2697 τὰς
1604 2638 1791 2707 χεῐρας

220 2719 380 2787 ὑμῶν
410 2720 498 2772 ἐπ’
531 2720 814 2790 ἀλλήλους.
847 2723 941 2773 καὶ
966 2722 1237 2793 ἐκχύσητε
1270 2720 1410 2794 αἷμα
1432 2727 1611 2780 ἀθῶον
1637 2728 1792 2799 ὑμῶν

217 2812 311 2863 διὰ
342 2812 440 2882 τὴν
470 2814 607 2882 ἐμὴν
647 2814 1008 2885 ἐλεεινότητα.
1077 2816 1350 2885 Συμφέρει
1390 2818 1452 2871 τὸ
1488 2820 1622 2890 ὲμδν
1650 2816 1789 2893 αἷμα

220 2900 525 2983 ἐκχυθῆναι
570 2903 709 2973 ὑπὲρ
742 2904 916 2973 ὑμῶν,
964 2904 999 2975 ἦ
1048 2905 1115 2970 ἐξ
1168 2908 1322 2976 ὑμῶν
1361 2909 1456 2962 ἕνα
1506 2910 1791 2983 ἄνθρωπον

218 2980 574 3061 ἀδικηθῆναι.
649 2994 792 3062 Ἐγὼ
833 2994 945 3065 γὰρ
986 2995 1094 3065 ἔχω
1134 2996 1224 3051 τὸν
1264 2999 1403 3068 ὑπὲρ
1444 3000 1581 3068 ἐμοῦ
1611 2980 1792 3055 *πολε-

222 3082 433 3150 μοῦντα
456 3085 712 3154 Χριστὸν,
741 3087 836 3138 καὶ
861 3087 1281 3158 λυτρωσάμενον
1316 3091 1528 3154 πάντας
1556 3093 1681 3157 τοὺς
1710 3096 1791 3157 εἰς

1899 615 2227 670 lescentibus
2272 615 2517 669 diaconis
2569 614 2731 669 simul
2780 616 2844 666 ad
2888 628 3012 669 eum
3066 615 3275 687 ingredi
3319 619 3470 674 vole-

1898 706 2029 760 bant
2058 724 2070 759 :
2094 720 2233 776 quos
2264 706 2459 759 bellum
2491 704 2597 759 illa:
2625 704 2878 760 concludi
2907 721 3031 760 cum
3059 722 3125 762 eo
3152 708 3467 764 noluerunt.

1896 797 2034 852 Cum
2072 809 2256 851 autem
2302 795 2598 849 multitudo
2629 797 2694 850 ad
2729 797 2967 851 careeris
3006 796 3151 853 fores
3185 799 3468 854 immorari

1896 895 2290 956 perseveraret,
2323 888 2517 940 beatus
2546 885 2628 938 vir
2676 886 2772 941 has
2804 887 2913 942 Deo
2942 902 3133 956 preces
3164 888 3425 944 fundebat
3454 909 3467 944 :

1896 977 2112 1032 Gratias
2146 976 2240 1031 tibi
2288 991 2411 1047 ago,
2461 975 2691 1029 Domine
2728 975 2857 1031 Jesu
2905 975 3146 1043 Christe,
3194 978 3340 1046 quod
3384 995 3471 1033 me

1896 1070 2115 1141 dignum
2152 1070 2453 1139 putaveris,
2486 1069 2579 1137 qui
2626 1068 2703 1122 tui
2749 1070 2988 1124 nominis
3023 1085 3189 1125 causa
3226 1071 3281 1125 in
3324 1072 3469 1126 hunc

1898 1162 2074 1215 locum
2124 1162 2456 1214 includerer.
2506 1160 2576 1213 At
2622 1160 2850 1214 dimidio
2887 1162 3062 1215 noctis
3092 1161 3207 1217 fere
3249 1172 3466 1227 exacto,

1896 1269 2022 1308 ecce
2049 1254 2142 1307 lux
2179 1267 2374 1322 magna
2419 1251 2475 1305 in
2508 1267 2731 1307 carcere
2780 1252 3177 1313 cireumfulsit.
3226 1254 3469 1324 Angelus

1896 1347 2099 1416 quippe
2127 1345 2340 1399 Domini
2373 1345 2614 1408 advenit,
2644 1354 2698 1398 et
2729 1345 2871 1399 beati
2901 1345 3146 1414 Gregorii
3174 1348 3470 1416 compedes

1895 1438 2131 1505 diﬂ‘regit
2152 1437 2266 1508 (62)
2296 1452 2716 1506 :cumqueteum
2748 1437 3066 1503 excitasset,
3097 1438 3272 1492 salute
3296 1439 3465 1501 dicta,

1894 1528 2167 1583 discessit.
2204 1528 2372 1582 Fores
2403 1542 2625 1597 quoque
2650 1528 2891 1582 carceris
2924 1538 3117 1598 sponte
3139 1543 3235 1582 sua
3267 1538 3468 1598 apertae

1896 1628 2043 1673 sunt.
2095 1618 2223 1673 Haec
2270 1632 2402 1673 vero
2447 1616 2714 1686 prodigia,
2747 1632 2868 1686 quae
2916 1620 3092 1673 sancti
3137 1619 3239 1672 viri
3292 1620 3464 1689 gratia

1897 1710 2139 1772 fiebant,
2189 1707 2356 1761 simul
2418 1716 2585 1773 atque
2638 1707 2823 1774 populi
2866 1707 3160 1760 multitudo
3216 1708 3465 1777 aspexit,

1896 1798 2105 1867 ingredi
2136 1812 2358 1865 omnes,
2407 1812 2469 1851 ac
2514 1798 2680 1865 pedes
2714 1798 2833 1867 ejus
2880 1800 3117 1853 osculari
3161 1810 3466 1868 coeperunt,

1894 1891 2109 1961 fuitque
2134 1890 2380 1945 omnium
2406 1906 2539 1945 vox:
2564 1889 2718 1944 Nunc
2741 1906 2869 1945 vere
2899 1892 3271 1963 agnoscimus,
3298 1891 3466 1947 Deum

1895 1999 2072 2040 tecum
2110 2000 2251 2040 esse.
2285 1985 2743 2040 Tumultuahatur
2782 1995 2965 2039 autem
2995 1986 3251 2055 populus,
3289 1996 3342 2041 et
3370 2004 3466 2057 pro

1887 2075 2040 2146 justo
2070 2076 2243 2145 parati
2274 2091 2468 2131 omnes
2502 2084 2659 2129 erant
2688 2074 2751 2129 ad
2787 2091 2971 2130 necem
3009 2077 3089 2131 vel
3126 2078 3465 2134 subeundam

1890 2170 1974 2223 vel
2010 2168 2369 2224 inferendam.

1961 2349 2144 2404 LVIII.
2190 2350 2294 2404 Sed
2332 2360 2554 2406 sanctus
2582 2353 2881 2421 Gregorius
2914 2368 3020 2407 non
3062 2354 3181 2410 sine
3209 2356 3466 2426 lacrymis

1894 2443 2184 2497 universos
2216 2442 2494 2497 dehortari
2522 2446 2802 2513 pergebat,
2846 2445 3117 2512 tribunos,
3150 2448 3464 2511 archontes,

1893 2537 2155 2605 populum
2207 2536 2486 2605 appellans
2504 2536 2587 2591 his
2616 2538 2800 2593 verbis
2832 2556 2845 2591 :
2882 2538 2979 2599 Ne,
3021 2554 3229 2608 quaeso,
3264 2540 3465 2595 fratres

1893 2626 1998 2681 mei
2036 2635 2090 2681 et
2124 2628 2242 2690 lilii,
2282 2644 2347 2683 ne
2375 2629 2484 2682 vim
2534 2629 2763 2683 invicem
2800 2629 3066 2695 inferatis,
3112 2646 3243 2685 neve
3276 2632 3463 2687 miseri

1892 2721 2133 2775 hominis
2163 2736 2329 2775 causa
2356 2719 2569 2792 [cum]
2602 2723 2923 2791 sanguinem
2958 2724 3253 2778 innocuum
3288 2724 3464 2779 effun-

1892 2814 2054 2869 datis.
2104 2814 2434 2883 Sanguinem
2486 2830 2665 2868 meum
2704 2830 2802 2883 pro
2850 2815 3005 2869 vobis
3036 2815 3289 2884 profundi
3323 2832 3464 2887 pra:-

1893 2914 2017 2973 stat,
2064 2921 2227 2975 quam
2273 2917 2511 2960 vestrum
2550 2922 2883 2977 quemquam
2927 2909 3140 2963 violari.
3191 2910 3303 2981 Ego
3338 2913 3462 2980 qui.

1892 2997 2013 3051 dem
2046 2996 2324 3051 Christum
2357 2998 2555 3062 habeo,
2589 2998 2683 3068 qui
2729 3014 2829 3067 pro
2872 3015 2959 3053 me
2999 3011 3225 3070 pugnat,
3275 3010 3329 3057 et
3368 3018 3463 3057 cos

1892 3103 2081 3142 omnes
2109 3088 2371 3153 vindicat,
2400 3089 2495 3159 qui
2522 3104 2672 3159 spem
2715 3090 2767 3144 iu
2797 3106 2861 3145 eo
2888 3101 3097 3161 ponunt
3129 3112 3141 3147 :
3170 3102 3333 3163 atque
3361 3094 3465 3149 hoc

218 3179 391 3232 αὐτὸν
418 3179 720 3248 ἡλπικότας
740 3194 755 3209 ·
787 3180 977 3233 ἔσεσθε
1007 3180 1165 3234 τοῦτο
1187 3182 1583 3250 γινώσκοντες,
1614 3186 1696 3239 ὅτι
1727 3187 1790 3239 οὐ
1818 3209 1860 3265 C

1818 3209 1860 3265 ο
1895 3179 2050 3235 vobis
2081 3179 2367 3243 confirmo,
2399 3195 2676 3250 nunquam
2710 3179 2977 3245 futurum,
3003 3193 3062 3236 ut
3089 3200 3174 3239 me
3202 3184 3460 3241 Dominus

222 3275 303 3343 μὴ
354 3272 622 3343 παραδῴη
687 3290 755 3341 με
810 3273 1014 3342 Κύριος
1066 3274 1145 3336 εἰς
1193 3277 1377 3344 χεῖρας
1426 3276 1626 3329 αὐτῶν.
1682 3279 1793 3331 Καὶ

218 3366 615 3434 ἀσπασάμενος
658 3366 869 3428 πάντας
904 3366 999 3419 καὶ
1028 3368 1395 3436 ἐπευξάμενος
1426 3370 1611 3432 αὐτοῖς
1636 3410 1651 3435 ,
1683 3372 1791 3423 άπ-

218 3459 414 3511 έλυσεν
445 3459 641 3520 αὐτοὺς
682 3457 777 3510 τοῦ
816 3460 1012 3526 φαγεῖν
1059 3458 1242 3529 ἄρτον.
1288 3460 1473 3514 Ταῦτα
1516 3461 1573 3515 δὲ
1623 3463 1788 3517 αὑτοῦ

217 3549 470 3612 εἰπόντος
493 3590 507 3613 ,
550 3550 811 3620 φωνήσας
841 3548 933 3602 τὸν
971 3550 1186 3621 ἀνίερον
1248 3551 1474 3605 Σαϐῖνον
1512 3553 1609 3607 καὶ
1640 3556 1791 3625 Κρηο

219 3643 527 3704 σκεντϊνον,
559 3642 712 3708 λέγει
763 3642 945 3703 αὐτοῖς
968 3658 981 3670 ·
1021 3642 1312 3695 ’Δκούσατε
1332 3684 1346 3708 ,
1373 3643 1426 3696 τί
1458 3645 1586 3713 ὑμῖν
1621 3646 1790 3712 δοκεῖ,

216 3733 440 3800 ἀδελφοὶ
466 3772 480 3793 ,
513 3724 643 3803 περὶ
674 3733 844 3803 ἐμοῦς
876 3734 928 3785 τί
976 3750 1042 3802 με
1073 3732 1304 3787 ἐνταῦθα
1347 3736 1788 3805 περιεκλεξσατε;

215 3824 254 3894 ἢ
288 3824 647 3877 ἀποκτείνατέ
694 3842 783 3894 με,
811 3825 843 3893 ἢ
872 3824 1227 3878 ἁποστείλατέ
1255 3843 1321 3894 με
1348 3827 1481 3878 ὅπου
1516 3826 1788 3896 βούλεσθε.

217 3918 288 3969 υἱ
311 3915 366 3968 δὲ
396 3917 533 3985 πρὸς
568 3916 731 3970 αὐτόν
751 3932 765 3946 ·
811 3916 1241 3987 Ἀπεστείλαμεν
1274 3918 1411 3988 πρὸς
1442 3919 1535 3971 τὸν
1568 3920 1793 3991 ἔξαρχον

300 4074 408 4141 (ὓῖ)
453 4073 526 4128 De
571 4073 850 4143 miraculis
898 4074 1231 4142 huiusmodi,
1278 4090 1415 4143 quae.
1461 4085 1520 4128 ut
1556 4092 1617 4131 ea
1660 4091 1792 4135 tetas

220 4145 659 4216 ferebat,_inulta_
684 4142 975 4216 admodum
997 4142 1307 4216 congessit
1335 4146 1613 4209 Leontius,
1661 4151 1792 4216 quid

220 4214 565 4268 sentiendum
617 4213 708 4271 sit.
757 4214 791 4265 ii
840 4214 1226 4285 viderint,_qui
1282 4215 1476 4281 legent.
1528 4213 1789 4285 Equidem

221 4286 545 4352 scriptorem
585 4285 728 4334 hunc
775 4282 907 4335 tanti
939 4299 1045 4335 non
1098 4282 1257 4347 facio,
1295 4294 1355 4336 ut
1387 4286 1431 4336 ei
1478 4282 1633 4339 ﬁdem
1675 4304 1793 4341 om-

220 4358 357 4408 nino
389 4352 689 4405 habendam
718 4366 839 4406 esse
864 4354 1220 4407 contendam.
1262 4353 1525 4421 Pleraque
1561 4366 1790 4423 tantum,

222 4434 287 4477 ut
326 4434 632 4489 acceperat,
677 4429 878 4475 temere
923 4436 1174 4476 narrasse
1207 4424 1551 4489 crediderim,
1596 4443 1697 4481 nec
1727 4429 1795 4483 de

224 4510 367 4563 penu
407 4508 507 4565 suo
543 4490 839 4565 addidisse,
874 4492 1140 4565 nisi__l_evia
1171 4494 1413 4565 quaedam
1445 4501 1499 4547 et
1525 4496 1787 4565 vulgaria,

220 4561 348 4630 quae
388 4562 487 4613 sibi
521 4561 631 4612 veri
660 4575 823 4627 quam
866 4561 1141 4615 simillima
1172 4564 1500 4616 viderentur.
1546 4561 1791 4621 ln'hanc

220 4650 312 4685 me
342 4630 664 4685 sententiam
705 4644 871 4697 prope
902 4631 1124 4685 adducit
1151 4632 1431 4699 :equabilis
1463 4634 1562 4687 ista
1592 4650 1657 4688 ac
1692 4638 1791 4687 mi-

221 4704 372 4756 nime
405 4701 584 4752 fucata
627 4699 899 4753 scribendi
950 4700 1296 4768 simplicitas.
1336 4718 1456 4769 qua:
1504 4703 1635 4755 nihil
1682 4706 1792 4759 olet

219 4770 577 4842 exquisitum,
619 4777 783 4837 atque
809 4770 878 4822 ab
905 4780 1024 4823 astu
1054 4779 1107 4824 et
1138 4771 1435 4825 calliditate
1466 4788 1627 4842 quam
1666 4774 1789 4828 lou-

220 4842 449 4910 gissime
468 4841 659 4910 _abest.

295 4913 408 4977 (63)
467 4906 957 4980 VocatALeuutius
1040 4909 1266 4979 ἔξαρχον
1342 4911 1435 4979 qui
1515 4913 1789 4980 pontiﬁcis

219 4980 448 5035 maximi
480 4980 626 5031 vices
657 4978 709 5030 iu
756 4977 955 5051 Sicilia
978 4977 1203 5047 ageretis
1249 4977 1393 5051 hunc
1430 4977 1529 5046 ego
1556 4982 1787 5051 legatum

218 5052 359 5109 disi,
401 5058 458 5101 ut
498 5064 608 5100 rem
649 5050 893 5100 eamdem
926 5049 1289 5113 designarent.
1332 5048 1434 5103 Sed
1463 5048 1647 5105 Graeca
1688 5070 1785 5107 vox

218 5120 675 5189 significationem
702 5118 929 5189 habebat
960 5120 1275 5189 ampliorem
1310 5120 1361 5171 in
1390 5119 1628 5175 Ecclesia
1654 5140 1788 5189 quo-

217 5188 353 5258 que,
396 5205 515 5241 nam
551 5188 904 5254 metropolitte
944 5188 1162 5259 ἔξαρχοι
1214 5190 1527 5253 audiebant,
1569 5188 1677 5244 imo
1733 5204 1789 5247 et

216 5262 567 5328 patriarchae,
610 5268 668 5309 ut
710 5267 897 5309 notum
943 5268 1402 5327 estzquanquani
1437 5262 1577 5328 apud
1628 5261 1785 5315 Sicu-

218 5331 328 5392 los,
360 5330 449 5397 qui
482 5336 595 5399 tutu
643 5328 1015 5399 tuetropolitas
1054 5344 1161 5381 non
1206 5328 1495 5399 habebant,
1536 5334 1786 5399 usurpari

218 5409 369 5453 recte
401 5398 573 5465 potuit
608 5398 673 5450 ad
713 5411 837 5449 eum
869 5397 1240 5467 indicandum,
1274 5397 1360 5452 cui
1388 5397 1787 5467 quodammodo

218 5470 442 5523 exarehi
478 5477 655 5535 partes
680 5468 871 5521 delata:
904 5466 1137 5521 fuerant.

291 5540 426 5603 Quis
451 5552 610 5605 porro
640 5546 851 5607 eo_tum
884 5552 1109 5591 munere
1140 5538 1472 5607 fungeretur,
1498 5540 1660 5595 docet
1686 5557 1786 5595 nos

219 5610 399 5678 prima
435 5604 680 5674 Gregorii
711 5604 887 5673 Magni
921 5609 1171 5675 epistola,
1202 5604 1365 5673 quam
1400 5612 1465 5661 ad
1501 5611 1783 5665 universos

221 5681 421 5733 Sicilia:
448 5678 731 5744 episcopos
773 5678 938 5728 misit.
995 5678 1175 5739 Valde,
1210 5680 1402 5746 inquit,
1433 5683 1783 5734 necessarium

218 5766 331 5803 esse
362 5750 734 5814 perspeximus,
763 5758 817 5796 ut
840 5748 973 5798 sicut
996 5750 1323 5799 decessurum
1357 5759 1653 5801 nostrorum
1680 5752 1784 5816 fuit

216 5822 495 5889 )udiuum.
526 5820 602 5868 ita
626 5817 717 5868 uui
739 5818 1003 5884 eidemque
1030 5835 1263 5883 persome
1286 5820 1459 5869 omnia
1487 5824 1784 5873 committa-

225 5908 371 5956 mus,-
408 5898 453 5942 ct
486 5889 570 5939 ubi
596 5904 686 5939 nos
714 5899 986 5954 prwseutes
1010 5905 1119 5940 esse
1151 5905 1252 5940 non
1278 5904 1572 5954 pessumus,
1604 5903 1781 5945 nostra

526 5983 783 6043 Pauor”
828 5986 941 6045 Gn.
986 5982 1251 6042 XCl’lll.

1824 4551 1867 4605 D

1896 3273 1950 3325 in
1986 3286 2183 3325 manus
2212 3287 2402 3325 eorum
2429 3273 2628 3326 tradat.
2660 3271 2791 3327 Post
2814 3290 2935 3343 qua:
2959 3275 3217 3329 salutavit
3246 3292 3458 3343 omnes,

1894 3379 1958 3418 ac
1996 3362 2133 3417 bene
2174 3364 2240 3417 iis
2280 3373 2534 3432 precatus
2581 3364 2810 3429 dimisit,
2855 3382 2966 3436 quo
3012 3382 3071 3422 se
3102 3368 3226 3423 cibo
3268 3373 3459 3427 retice-

1893 3463 2035 3510 rent.
2073 3456 2211 3510 Tum
2248 3458 2543 3524 sacrilegos
2569 3458 2913 3513 adversarios
2941 3474 3072 3514 suos
3109 3461 3375 3517 Sabinum
3406 3471 3461 3520 et

1890 3547 2304 3603 Crescentinum
2336 3551 2695 3619 compellans,
2735 3551 2819 3607 sic
2841 3560 2925 3606 est
2952 3552 3223 3610 allocutus
3249 3574 3262 3608 :
3284 3558 3460 3611 Aures

1892 3638 2151 3706 praebete,
2196 3637 2413 3704 fratres,
2443 3640 2572 3709 quid
2616 3643 2683 3695 de
2729 3656 2814 3695 me
2846 3643 3017 3707 vobis
3052 3644 3298 3700 videtur?
3329 3646 3460 3716 quid

1894 3729 2002 3782 huc
2039 3746 2125 3783 me
2176 3730 2516 3787 inclusistis?
2546 3732 2627 3785 vel
2675 3748 2760 3785 me
2782 3733 2897 3802 jam
2933 3734 3237 3802 interﬁcite,
3269 3738 3353 3792 vel
3396 3753 3462 3793 eo

1893 3823 2204 3887 amandi-te,
2255 3838 2364 3892 quo
2393 3825 2545 3879 vobis
2596 3826 2747 3880 libet.
2795 3827 3055 3892 Illi‘vero,
3084 3826 3338 3892 Litteras,
3375 3831 3460 3882 in-

1894 3915 2111 3983 quiunt,
2138 3916 2202 3968 ad
2225 3915 2504 3985 pontificis
2528 3916 2749 3970 maximi
2776 3918 3013 3987 legatum
3038 3919 3290 3974 misimus
3310 3921 3418 3991 (65)
3445 3942 3455 3975 :

1894 4092 2159 4144 per'eum,
2196 4074 2281 4125 cui
2302 4073 2665 4144 ‘prazcipimus,
2707 4081 3107 4139 reprtvscntetur
3148 4078 3461 4133 auctoritas.

1895 4141 2245 4210 Quamobrem
2291 4141 2447 4193 Petro
2506 4143 2828 4195 subdiacono
2888 4144 3024 4195 sedis
3079 4154 3271 4198 nostra:
3318 4147 3464 4201 intra

1893 4216 2210 4283 provinciam
2268 4210 2508 4265 Siciliam
2559 4213 2690 4265 vices
2748 4222 2957 4265 nostras
3008 4211 3114 4266 Deo
3166 4215 3462 4271 auxiliante

1894 4284 2263 4338 commisimus.

1965 4356 2073 4408 Net:
2128 4353 2308 4405 minus
2368 4352 2533 4405 altera
2596 4352 2837 4420 ejusdem
2908 4353 3133 4420 cpistola
3185 4354 3458 4415 declarat.

1895 4440 2013 4493 qua:
2047 4422 2307 4493 Leontius
2354 4422 2422 4475 de
2468 4422 2697 4475 navibus
2732 4422 2967 4493 attingit.
3006 4420 3139 4475 Nam
3183 4424 3263 4493 sic
3302 4426 3462 4479 Petro

1896 4492 2113 4561 scripsit
2159 4492 2453 4559 Gregorius
2503 4492 2731 4559 Magnus
2786 4492 3081 4561 hochanno
3134 4492 3272 4556 59f,
3313 4493 3461 4547 .luliu

1896 4559 2083 4617 mense
2127 4569 2221 4615 aut
2270 4564 2516 4631 Augusto
2555 4561 2735 4629 (epist.
2775 4561 2861 4616 7:2.
2906 4559 3001 4612 lib.
3043 4560 3080 4630 ι)
3128 4579 3140 4614 :
3185 4562 3463 4631 Quinquae

1895 4635 2038 4701 ginta
2090 4647 2207 4684 vero
2245 4630 2739 4701 aurihli’brisnova
2779 4631 3042 4701 frumenta
3091 4635 3154 4682 ab
3196 4630 3461 4686 extraneis

1894 4699 2159 4768 compara,
2194 4711 2243 4752 et
2273 4702 2325 4753 in
2354 4699 2542 4769 Sicilia
2571 4700 2624 4751 in
2650 4700 2800 4759 locis,
2828 4702 2877 4750 in
2902 4699 3088 4767 quibus
3116 4716 3219 4752 non
3247 4716 3460 4769 pereant

1894 4788 2081 4839 reports
2111 4786 2127 4822 :
2152 4780 2205 4821 ut
2234 4785 2402 4821 mense
2432 4768 2722 4821 Februario
2747 4768 2872 4821 illuc
2900 4784 3052 4839 naves
3078 4780 3307 4837 quantus
3337 4788 3459 4839 pos-

1894 4838 2073 4894 sumus
2115 4841 2433 4907 dirigamus,
2465 4848 2514 4891 et
2554 4842 2735 4891 eadem
2782 4838 2850 4889 ad
2894 4853 2985 4888 nos
3017 4838 3281 4905 frameam
3313 4842 3459 4908 defe-

1894 4921 2103 4964 rantur.
2157 4910 2262 4964 Sed
2310 4909 2407 4961 etsi
2464 4925 2556 4961 nos
2603 4911 3304 4978 transmittereAcessamus,
3352 4913 3460 4978 ipse

1893 4997 2046 5034 nares
2074 4980 2305 5047 provide.
2336 4989 2385 5031 et
2422 4984 2489 5030 ad
2526 4994 2617 5030 nos
2645 4978 2936 5031 auxiliante
2964 4976 3185 5030 Domino
3218 4976 3460 5034 Februao

1893 5054 1972 5104 rio
2003 5067 2176 5103 mense
2220 5049 2518 5101 transmitte
2544 5049 2653 5101 lta'c
2694 5050 2875 5101 eadem
2908 5048 3191 5119 frumenta,
3230 5054 3458 5119 exceptis

1891 5123 2151 5173 duntaxat
2183 5120 2478 5187 frumentis,
2510 5135 2625 5186 qua:
2671 5133 2807 5170 nunc
2856 5132 3025 5169 mense
3065 5114 3363 5184 Septembri
3384 5124 3461 5175 vel

1895 5192 2278 5258 Octobrijuxta
2301 5189 2721 5240 consuetudinem
2755 5188 3045 5241 transmitti
3067 5190 3456 5253 prwstolamur.

1965 5263 2254 5328 llegionetn
2301 5258 2850 5325 PitiloSOphiauorum
2912 5267 3177 5309 metnorat
3228 5259 3458 5328 Antoni-

1890 5348 2013 5393 nus,
2048 5326 2210 5398 quam
2254 5332 2319 5381 ad
2354 5328 2538 5381 Gelani
2571 5328 2791 5379 fluvium
2830 5328 2990 5380 sitam
3031 5327 3235 5398 putavit
3262 5326 3459 5384 Cluve-

1892 5418 2024 5455 rius.
2068 5396 2198 5452 Item
2244 5416 2273 5451 a
2307 5400 2512 5452 Calatia
2544 5398 2876 5466 Agrigentum
2920 5396 3280 5466 mansionibus
3321 5418 3459 5454 nunc

1890 5473 2145 5525 institutis
2172 5487 2225 5523 ιι.
2255 5486 2304 5522 ι).
2337 5486 2443 5522 xei.
2470 5468 2851 5535 Capitoniunas
2880 5482 2935 5520 st.
2968 5482 3014 5519 ιι.
3043 5482 3190 5521 xxiv.
3216 5465 3460 5525 Philoso-

1889 5543 2110 5606 plritrnas
2144 5557 2197 5594 si.
2235 5556 2281 5592 P.
2318 5555 2429 5593 ssi.

1963 5612 2179 5664 Petrmn
2227 5611 2482 5675 denique,
2530 5610 2766 5677 acceptis
2818 5616 3197 5677 accusatorum
3241 5608 3455 5673 litteris,

1888 5684 2071 5737 statim
2120 5684 2184 5733 ad
2234 5682 2544 5748 pontiticem
2600 5680 2894 5731 maximum
2941 5676 3303 5748 tlchregorii
3353 5682 3463 5734 cri-

1890 5755 2065 5815 mine,
2101 5747 2246 5820 quod
2301 5750 2537 5804 fortasse
2587 5750 2947 5803 indubitatum
3001 5747 3076 5799 illi
3118 5759 3271 5808 crat.
3324 5752 3460 5805 scri-

1890 5825 2081 5892 psisse,
2119 5823 2256 5877 infra
2292 5823 2666 5875 ostendemus.

3029 5976 3097 6037 2i
