4226 6444
728 383 829 448 ῡ51
1724 390 1783 449 S.
1825 388 2202 452 GREGORII
2254 388 2766 453 AGRIGENTINI
2815 394 3012 455 Vl'l‘A.
3892 403 4017 465 652

733 512 868 564 Cum
898 512 985 565 ille
1017 513 1298 568 advenerit
1331 530 1393 568 ac
1414 516 1476 568 dc
1505 525 1551 568 te
1572 517 1840 585 judicium
1874 522 2067 590 egerit,
2100 524 2217 587 ipse
2244 523 2307 577 de
2338 529 2379 584 Λ

2338 529 2379 584 Λ
2410 523 2504 575 τοῦ
2550 526 2941 580 ἁποστολικοῦ·
3000 526 3194 580 τούτου
3240 531 3537 601 ἐρχομένου
3592 534 3884 603 ἀνακρῖναι
3929 544 4004 594 τὰ

730 614 783 657 te
814 613 1038 667 statuet,
1064 607 1206 674 quod
1238 608 1401 661 volet.
1429 607 1676 678 Namque
1704 613 1991 681 epistolam
2020 630 2211 670 revera
2234 617 2301 670 ad

2407 617 2548 670 κατὰ
2580 618 2659 683 σὲ,
2705 622 2834 689 ποιῇ
2864 622 2944 682 εἰς
2973 622 3054 689 σὲ,
3088 621 3164 683 ώς
3192 621 3462 690 βούλεται.
3493 620 3676 679 Ἦσαν
3708 630 3817 699 γὰρ
3852 633 4004 685 ἀπο.

725 713 852 750 ιιυιη
899 699 1256 766 scripserant,
1308 718 1415 770 qua
1466 707 1645 771 ipsum
1700 705 1897 761 adesse
1929 707 2298 776 postulabant.

2407 708 2716 771 στείλαντες
2741 710 2878 780 πρὸς
2915 712 3078 765 αὑτὸν
3111 714 3416 785 γράμματα
3454 716 3549 770 τοῦ
3581 724 4002 790 παραγενέσθαι

726 788 857 843 Erat
909 791 1053 843 enhn
1111 793 1253 861 apud
1307 794 1767 864 Philosophianos
1824 799 2165 869 navigiorum
2218 800 2301 855 in-

2403 798 2587 853 αὑτόν.
2616 796 2724 854 1'Hv
2750 801 2860 871 γὰρ
2889 804 2946 855 ἐν
2974 806 3087 867 τοῖς
3132 804 3361 875 μέρεσιν
3390 788 3798 878 Φιλοσοφιανὼν
3842 817 3998 868 ἐτοι-

724 884 1110 938 struendornm
1159 902 1323 940 causa
1350 926 1365 949 .
1411 904 1534 957 qua:
1565 887 1796 952 Romam
1841 892 2095 961 navigare
2134 894 2300 948 debe-

2406 888 2715 957 μαζόμενος
2742 890 2840 959 τὴν
2867 890 3058 961 χρείαν
3075 891 3182 944 τῶν
3207 891 3413 947 πλοίων
3434 910 3450 926 ο
3479 890 3621 965 ἦσαν
3643 897 3752 967 γὰρ
3776 900 3997 970 ἕτοιμοι

722 975 878 1028 bant.
930 973 1001 1029 Ut
1038 978 1395 1048 Agrigentum
1448 980 1656 1050 legatus
1694 983 1883 1047 venit,
1930 984 2194 1054 postridie
2246 988 2297 1038 in

2401 971 2496 1024 τοῦ
2536 972 2882 1028 ἀποπλεῦσαι
2922 978 2980 1030 ἐν
3008 980 3073 1049 τῇ
3114 978 3323 1051 Ῥώμῃ.
3357 977 3493 1035 Εἶτα
3527 990 3997 1057 παραγενομένου

723 1068 925 1131 forum,
962 1072 1104 1137 quod
1138 1071 1192 1123 in
1231 1072 1409 1125 media
1456 1073 1591 1127 urbe
1643 1083 1748 1137 est,
1786 1077 2078 1130 convenire
2108 1091 2300 1133 omnes

2401 1064 2497 1115 τοῦ
2548 1063 2777 1135 ἐξάρχου
2831 1068 2890 1120 ἐν
2918 1071 2983 1139 τῇ
3028 1071 3470 1141 ⁹Λκραγαντίνων
3516 1075 3707 1140 πόλει,
3759 1078 3854 1130 ἐπὶ
3890 1080 3998 1149 τὴν

717 1160 913 1228 jussit;
946 1176 1181 1229 cumque
1218 1165 1583 1226 consedisset.
1619 1169 1918 1229 mandavit,
1959 1178 2017 1222 ut
2046 1168 2233 1237 justus
2270 1186 2300 1226 e

2403 1156 2595 1225 αῦριον
2625 1157 2913 1213 ἐκέλευσεν
2939 1161 3398 1233 συναθροισθῆναι
3422 1166 3629 1230 πάντας
3650 1170 3708 1221 ἐν
3726 1170 3805 1239 τῷ
3833 1172 3996 1240 φόρῳ

719 1253 968 1306 custodia
1012 1252 1378 1308 adduceretur
1406 1271 1419 1307 :
1447 1270 1610 1323 quem
1658 1257 1837 1312 onmis
1874 1259 2165 1313 multitudo
2206 1276 2298 1313 ns-

2403 1246 2568 1316 μέσον
2602 1250 2702 1318 τῆς
2734 1249 2943 1315 πόλεως
2964 1268 2979 1282 ο
3014 1253 3109 1306 καὶ
3153 1253 3418 1323 καθίσας,
3468 1258 3758 1313 ἐκέλευσεν
3784 1263 3881 1315 τὸν
3910 1264 3992 1315 δί-

718 1360 824 1413 que
853 1347 919 1398 ad
961 1346 1124 1415 legati
1157 1346 1393 1400 tribunal
1423 1356 1609 1402 secuta
1644 1361 1750 1403 est.
1780 1350 2079 1405 Admonuit
2112 1361 2296 1405 autem

2401 1356 2554 1392 καιον
2596 1342 2831 1411 ἀχθῆναι
2862 1345 2925 1397 ἐκ
2959 1346 3059 1416 τῆς
3097 1346 3378 1417 φυλακῆς·
3414 1350 3698 1419 ἠκολούθει
3736 1354 3794 1407 δὲ
3830 1357 4018 1426 αὑτῷ-

718 1435 970 1490 tribnnos
1017 1446 1073 1491 et
1106 1437 1374 1505 primores
1419 1438 1608 1503 urbis,
1652 1450 1710 1494 ut
1742 1441 2017 1505 sederent,
2052 1451 2219 1511 atque
2267 1458 2298 1498 e

2401 1430 2544 1482 ἅπαν
2587 1429 2647 1481 τὸ
2692 1431 2898 1501 πλῆθος
2935 1434 3037 1501 τῆς
3076 1435 3285 1496 πόλεως
3311 1436 3558 1503 ἐλθόντες
3588 1440 3713 1494 ἔνθα
3748 1439 3818 1513 ἦν
3848 1447 3989 1497 καθ-

716 1526 851 1589 seila
877 1530 1089 1597 justum
1122 1528 1526 1598 interrogarent
1558 1548 1571 1585 :
1602 1532 1693 1601 qui
1729 1532 1919 1587 sedere
1947 1545 2293 1597 recusarunt.

2400 1520 2431 1588 ή
2442 1536 2597 1588 μενος
2620 1521 2649 1571 ὁ
2673 1521 2918 1592 ἔξαρχος.
2964 1524 3300 1597 Ἐπέτρεψεν
3325 1528 3380 1581 δὲ
3407 1531 3521 1593 τοῖς
3553 1533 3860 1603 τριϐούνοις
3888 1537 3991 1589 καὶ

714 1628 769 1672 et
794 1621 897 1673 hoc
921 1620 996 1672 illi
1024 1635 1354 1689 responsum
1379 1621 1578 1677 dedere
1599 1640 1611 1676 :
1636 1620 1746 1678 Nos
1769 1631 1859 1677 tua
1886 1625 2107 1693 quidem
2130 1641 2295 1680 causa

2397 1615 2509 1676 τοῖς
2556 1613 2797 1683 πρώτοις
2847 1617 2947 1687 τῆς
2994 1618 3205 1683 πόλεως
3236 1621 3607 1691 καθεσθῆναι,
3667 1627 3759 1679 καὶ
3802 1628 3987 1692 οὕτως

716 1725 896 1780 neque
936 1720 1152 1765 stamus
1180 1728 1355 1782 neque
1396 1712 1677 1777 sedemus,
1709 1729 1897 1769 verum
1925 1717 2051 1785 quia
2091 1716 2180 1770 hic
2214 1718 2295 1771 vi-

2398 1703 2763 1773 ἀνακριθῆναι
2807 1707 2901 1760 τὸν
2934 1708 3163 1763 δίκαιον.
3193 1713 3257 1764 Οί
3301 1712 3358 1765 δὲ
3400 1714 3500 1767 οὐκ
3532 1717 3826 1786 ἠνέσχοντο
3852 1721 3984 1772 καθ-

714 1803 910 1856 demus
946 1812 1223 1872 pastorem
1256 1812 1503 1858 nostrum
1536 1814 1587 1857 et
1619 1814 1827 1875 patrem
1855 1815 1912 1860 et
1949 1807 2291 1876 magistrum,
2328 1868 2365 1880 ﬁ

2328 1868 2365 1880 ﬁ
2398 1794 2659 1866 εσθῆναι,
2696 1797 2816 1851 ἀλλ’
2858 1799 3227 1870 ἀπεκρίναντο
3264 1804 3413 1875 αὐτῷ
3443 1806 3726 1873 λέγοντες·
3786 1812 3984 1880 ῚΙμείς

713 1908 810 1961 per
837 1909 997 1962 quem
1051 1894 1102 1946 in
1138 1892 1353 1946 Domini
1378 1892 1506 1947 Jcsu
1536 1892 1741 1949 Christi
1776 1897 1999 1951 nomine
2042 1898 2143 1952 hac
2171 1897 2289 1967 ipsa
2327 1868 2368 1923 Β

2327 1868 2368 1923 Β
2396 1885 2585 1940 ἕνεκεν
2625 1888 2719 1943 σοῦ
2766 1889 2893 1944 οὗτε
2938 1894 3213 1964 στήκομεν
3256 1894 3381 1949 οὔτε
3430 1898 3812 1969 καθεζόμεθα,
3861 1904 3984 1957 ἀλλ’

712 1985 935 2039 ίηοιινιιο
975 1992 1052 2040 tot
1080 1986 1320 2056 prodigia
1353 1995 1560 2054 patrata
1608 1997 1757 2043 sunt.
1795 1988 2037 2054 Quorum
2068 1990 2285 2057 quidem

2396 1978 2633 2048 ὁρῶντες
2663 1981 2753 2035 τὸν
2778 1983 3017 2052 ποιμένα
3053 1985 3229 2055 ἡμῶν,
3260 1989 3473 2058 πατέρα
3504 1992 3597 2044 καὶ
3626 1992 3984 2058 διδάσκαλον.

712 2078 885 2133 multa
934 2088 988 2132 tu
1038 2078 1153 2147 ipse
1197 2079 1369 2134 oculis
1424 2079 1605 2134 vidisti
1657 2080 1791 2134 tuis.
1839 2083 1908 2135 At
1956 2080 2103 2135 dicat
2150 2098 2289 2136 uxor

2397 2069 2493 2122 καὶ
2525 2076 2724 2141 σημεῖα
2751 2074 2920 2128 πολλὰ
2946 2075 3199 2140 δείξαντα
3240 2079 3331 2133 διὰ
3353 2080 3450 2134 τοῦ
3472 2082 3735 2152 ὀνόματος
3764 2087 3989 2157 Κυρίου

713 2170 899 2225 Sabini
948 2172 1132 2240 hujus,
1169 2187 1331 2241 quem
1360 2172 1555 2226 Judam
1596 2173 1827 2226 alterum
1879 2173 2173 2229 lscarioten
2226 2192 2289 2231 ac

2406 2162 2581 2233 Ἰησοῦ
2627 2165 2866 2235 Χριστοῦ
2900 2168 2958 2221 ἐν
2984 2170 3050 2238 τῇ
3096 2170 3248 2224 πόλει
3281 2171 3478 2244 ταύτῃ.
3522 2177 3632 2228 Καὶ
3662 2176 3827 2242 αὐτὸς
3866 2181 3986 2232 τῶν

712 2261 1044 2330 proditorem
1093 2262 1219 2331 jure
1264 2262 1491 2316 dixeris.
1541 2261 1619 2317 Tu
1672 2279 1800 2317 vero
1843 2280 1967 2318 cum
2024 2266 2289 2322 diaconus

2395 2255 2606 2309 πολλῶν
2638 2257 2914 2330 αὐτόπτης
2943 2260 3197 2329 γέγονας.
3231 2264 3388 2318 Εἴποι
3416 2268 3448 2336 ἡ
3482 2268 3618 2338 γυνὴ
3653 2269 3845 2323 τούτου
3883 2270 3986 2324 τοῦ

712 2357 791 2410 sis
822 2355 935 2426 (64)
969 2355 1278 2409 communis
1311 2354 1490 2410 Patris
1526 2356 1697 2410 nostri
1731 2356 2007 2425 pontiﬁcis
2040 2359 2284 2424 maximi,

2395 2348 2619 2402 Σαϐίνου
2672 2349 2764 2402 καὶ
2812 2351 3068 2425 δευτέρου
3118 2352 3288 2408 Ἰούδα
3332 2356 3428 2411 τοῦ
3477 2358 3829 2429 Ἰσκαριώτου
3879 2366 3982 2415 καὶ

715 2445 905 2519 [1.xva
939 2462 1045 2500 non
1076 2446 1244 2501 debes
1278 2447 1331 2500 in
1358 2461 1524 2505 causa
1550 2447 1650 2500 viri
1681 2447 1995 2515 hujusmodi
2016 2448 2283 2518 judicare,

2396 2441 2681 2511 προδότου.
2712 2444 2783 2497 Σὺ
2812 2442 2870 2496 δὲ
2899 2445 3064 2509 αὐτὸς
3091 2445 3341 2509 διάκονος
3374 2447 3451 2501 ὢν
3478 2450 3575 2503 τοῦ
3603 2452 3786 2505 κοινοῦ
3812 2455 3985 2523 ἡμῶν

713 2550 902 2604 neque.
924 2551 1018 2603 par
1058 2544 1142 2589 est
1191 2535 1309 2587 sine
1355 2532 1567 2605 synodo
1610 2535 1755 2587 hunc
1786 2545 1912 2588 ante
1958 2548 2008 2589 te
2038 2539 2284 2608 produci,

2395 2538 2600 2607 πατρὸς
2645 2539 2739 2592 τοῦ
2788 2540 2976 2604 πάπα,
3020 2542 3143 2595 οὑδέ
3194 2545 3402 2612 πρέπον
3464 2548 3611 2600 ἐστίν
3665 2566 3750 2601 σοι
3799 2550 3986 2619 ἄνδρα

714 2626 998 2695 multoque
1030 2624 1213 2679 minus
1238 2624 1303 2679 de
1328 2638 1394 2678 eo
1426 2626 1748 2679 sententiam
1785 2623 1932 2678 ferri.

2393 2630 2635 2683 τοιοῦτον
2668 2631 2980 2702 ἀνακρῖναι,
3016 2633 3139 2686 οὖδέ
3172 2636 3339 2689 πάλιν
3367 2637 3624 2707 ἁρμόδιόν
3658 2642 3805 2692 ἐστιν
3838 2642 3981 2694 ἄνευ

2396 2722 2614 2776 συνόδου
2644 2724 2834 2777 τοῦτον
2866 2724 3181 2796 ἔμπροσθέν
3218 2745 3312 2781 σου
3344 2730 3735 2800 παρίστασθαι,
3768 2733 3980 2802 μᾶλλον

1790 2882 1792 2885 ν
2392 2814 2451 2867 δέ
2486 2813 2579 2867 καὶ
2606 2814 2865 2885 ἀνακρίνε
2874 2816 3018 2869 σθαι.
3704 2859 3707 2861 ›

783 2910 919 2966 LIX.
962 2910 1086 2965 Haec
1116 2926 1238 2965 cum
1283 2910 1349 2963 ab
1389 2908 1743 2964 archontibus
1780 2907 2023 2964 audisset
2054 2908 2283 2978 legatus,

2464 2905 2593 2960 ΝΘ.
2632 2905 2818 2959 Ταῦτα
2846 2907 3090 2969 ἀκούσας
3121 2909 3271 2979 παρὰ
3306 2910 3416 2963 τῶν
3443 2910 3785 2981 ἀρχόντωνῇ
3809 2914 3984 2985 ἐξαρ-

715 3005 905 3056 timet'e
941 3000 1129 3069 carpit,
1167 3016 1233 3053 ne
1275 3000 1326 3052 in
1365 3000 1541 3068 ipsum
1585 2998 1955 3068 insurgerent,
2000 3014 2064 3053 ac
2104 3006 2285 3053 morte

2395 3012 2487 3065 χος
2532 2995 2772 3067 ἐφοϐήθη
2793 3038 2809 3063 ,
2860 2999 2934 3069 μή
2991 3017 3109 3060 πως
3142 3000 3518 3053 ἐπαναστῶσιν
3546 3003 3633 3054 ἐπ’
3660 3005 3844 3069 αὐτὸν,
3876 3009 3985 3059 καί

713 3094 1007 3147 aliieerent.
1054 3090 1246 3156 Quare
1298 3091 1489 3144 relicto
1538 3089 1679 3155 loco,
1724 3091 1815 3144 ubi
1865 3089 2111 3157 sedebat,
2162 3090 2283 3160 ipse

2394 3088 2792 3142 ἀποκτείνωσιν
2813 3090 2997 3145 αὐτόν.
3026 3093 3136 3144 Καὶ
3170 3094 3409 3156 ἀναστὰς
3439 3094 3551 3147 ἀπὸ
3574 3094 3668 3147 τοῦ
3698 3098 3892 3161 τόπου,
3916 3096 3982 3153 οὗ

713 3200 933 3253 quoque
976 3185 1151 3247 stetit,
1199 3192 1253 3237 et
1296 3180 1578 3250 sacrilegis
1624 3180 1937 3235 hominibus
1988 3179 2191 3236 Sabino
2234 3190 2288 3236 et
2314 3226 2358 3284 Ο

2314 3226 2358 3284 c
2394 3178 2706 3245 ἐκαθέζετο,
2736 3181 2869 3249 ἔστη
2903 3182 2997 3237 καὶ
3026 3183 3211 3246 αὐτὸς,
3249 3184 3343 3237 καὶ
3382 3185 3909 3257 προσκαλεσάμενος·
3949 3195 3981 3243 ό

715 3275 1071 3328 tirescentino
1110 3272 1403 3343 appellatis
1433 3292 1446 3326 :
1481 3271 1793 3337 Producite,
1845 3271 2046 3340 inquit,
2083 3271 2136 3325 in
2183 3287 2291 3327 mc-
2317 3269 2358 3284 ν’

2317 3269 2358 3284 ’⁸
2394 3269 2627 3342 ἔξαρχος
2668 3273 2796 3336 τοὺς
2836 3272 3087 3341 ἀνιέρους
3131 3274 3360 3328 Σαϐῖνον
3400 3277 3494 3329 καὶ
3542 3278 3976 3347 Κρησκεντῖνον,

712 3367 866 3419 dium
905 3365 1162 3433 puellam,
1200 3380 1436 3433 quacum
1483 3364 1801 3433 episcopum
1841 3370 2083 3418 vestrum
2116 3362 2290 3420 fuisse

2392 3361 2540 3428 λέγει
2566 3363 2780 3427 αὐτοῖς·
2827 3366 3087 3433 Ἀγάγετε
3116 3368 3196 3430 είς
3221 3367 3385 3435 μέσον
3425 3369 3524 3437 τὴν
3564 3371 3757 3440 κόρην,
3791 3374 3858 3441 ἦν
3891 3372 3981 3425 λέ-

713 3457 1018 3512 atlirmatis.
1072 3455 1261 3511 Virum
1311 3456 1457 3511 enim
1494 3456 1641 3512 hunc
1694 3466 1749 3509 et
1793 3454 1940 3525 pium
1991 3465 2045 3510 et
2086 3458 2286 3511 bonum

2391 3469 2535 3519 γετε,
2582 3454 2664 3507 ὅτι
2715 3456 2933 3523 ἐγένετο
2973 3459 3001 3509 ὁ
3044 3459 3339 3523 ἐπίσκοπος
3381 3460 3556 3527 ὑμῶν.
3606 3462 3803 3531 Ἡμεῖς
3855 3464 3979 3533 γὰρ

711 3565 835 3606 esse
865 3566 966 3605 nos
998 3552 1249 3605 novimus
1281 3568 1293 3602 :
1329 3558 1588 3604 caeterum
1622 3548 1753 3618 quid
1776 3548 1843 3603 de
1869 3548 1987 3617 ejus
2020 3564 2189 3603 causa
2220 3551 2286 3604 ad

2389 3544 2733 3616 γινώσκομεν
2760 3546 2933 3619 ἄνδρα
2963 3549 3166 3619 εὐλαϐῆ
3191 3551 3356 3603 αὑτὸν
3378 3547 3518 3604 εἶναι
3546 3555 3641 3605 καὶ
3675 3556 3974 3623 χρήσιμον·

714 3643 998 3696 dominum
1052 3652 1298 3696 nostrum
1355 3642 1668 3711 pontificem
1724 3643 2026 3695 maximum
2085 3641 2288 3696 referre

2390 3636 2478 3689 ἵνα
2510 3636 2566 3689 δέ
2593 3638 2776 3691 λοιπὸν
2807 3637 3002 3706 γνώσω
3032 3640 3093 3692 τὸ
3115 3640 3233 3704 πῶς
3260 3642 3525 3709 ἀναγάγω
3551 3642 3633 3711 τῷ
3664 3645 3845 3714 κυρίῳ
3870 3663 3978 3713 μου

714 3736 1031 3793 debeamus.
1058 3736 1185 3789 hinc
1207 3750 1623 3805 cognoscemus.
1651 3733 1921 3789 Producta
1951 3749 2080 3788 vero
2107 3734 2285 3805 puella

2388 3727 2464 3797 τῷ
2508 3729 2663 3798 πάπᾳ
2698 3728 2766 3781 τὰ
2793 3729 2933 3783 κατὰ
2965 3729 3273 3800 ἄνθρωπον.
3308 3732 3560 3800 Ἥγαγον
3598 3734 3655 3785 δὲ
3686 3736 3768 3796 είς
3806 3735 3976 3804 μέσον

713 3837 991 3895 ιιδιεηυοε
1048 3835 1287 3880 tremens
1346 3826 1398 3878 in
1453 3827 1699 3880 omnium
1761 3835 2052 3894 conspectu
2086 3828 2281 3881 .stetit.

2388 3820 2486 3888 τὴν
2535 3821 2737 3889 κόρην·
2772 3822 2805 3889 ἡ
2856 3819 2914 3872 δὲ
2958 3819 3091 3890 ἐστη
3138 3820 3419 3892 τρέμουσα
3454 3822 3684 3876 ἐνώπιον
3726 3826 3971 3879 πάντων.

713 3921 889 3987 Atque
938 3918 1077 3971 hanc
1127 3917 1337 3987 legatus
1393 3916 1741 3985 interrogans
1784 3935 1797 3970 :
1860 3914 2152 3981 Verumne,
2204 3919 2286 3971 in-

2387 3906 2521 3963 Είτα
2564 3910 2709 3979 λέγει
2738 3912 2876 3983 αὐτῇ
2916 3914 2944 3964 ὁ
2990 3911 3249 3983 ἔξαρχοςθ
3294 3913 3518 3984 Ἀληθές
3552 3916 3699 3967 ἐστιν
3732 3916 3792 3968 τὸ
3820 3919 3977 3988 παρὰ

713 4016 851 4080 quit,
894 4021 999 4076 est,
1047 4011 1191 4079 quod
1230 4024 1259 4062 a
1298 4018 1350 4063 te
1397 4008 1621 4072 dicitur,
1662 4008 1979 4077 episcopum
2020 4008 2286 4085 huncpte-

2388 4002 2482 4054 σοῦ
2515 4003 2824 4073 λεγόμενον,
2871 4003 2953 4056 ὃτι
2980 4004 3248 4075 ἐκοιμήθη
3286 4006 3423 4074 μετὰ
3456 4004 3553 4058 σοῦ
3596 4008 3625 4058 ὁ
3660 4007 3974 4072 ἐπίσκοπος

713 4120 841 4159 cum
874 4102 1282 4158 concubuisse?
1313 4100 1413 4157 Cui
1454 4101 1545 4154 illa
1579 4100 1657 4154 ait
1686 4117 1699 4153 :
1733 4098 1846 4163 Nar,
1879 4099 2119 4164 domine,
2167 4117 2281 4154 me-

2386 4090 2579 4161 οὗτοςς
2621 4096 2688 4149 'H
2738 4096 2795 4149 δὲ
2840 4094 3029 4149 εἶπενσ
3062 4096 3211 4160 Ναὶ,
3247 4096 3525 4164 δέσποτα,
3576 4099 3797 4165 ἐγένετο
3849 4102 3969 4168 μετ’

712 4211 838 4249 cum
874 4194 994 4249 iuit.
1027 4192 1202 4263 thue
1232 4192 1351 4247 haec
1380 4192 1679 4261 respondit,
1707 4200 2021 4260 portentum
2050 4191 2196 4244 illico
2229 4193 2281 4245 in

2384 4186 2539 4259 ἐμοῦ.
2580 4188 2667 4241 Ἐν
2707 4188 2763 4241 δέ
2798 4188 2878 4258 τῷ
2910 4188 3285 4259 ἀποκριθῆναι
3318 4188 3487 4259 αὐτὴν
3516 4188 3716 4256 ταῦτα,
3765 4193 3968 4260 αἴφνης

713 4304 775 4338 ea
821 4300 1076 4354 magnum
1122 4282 1329 4337 exstitit
1362 4300 1375 4334 :
1407 4282 1608 4351 quippe
1646 4280 1915 4333 acerrimo
1962 4293 1991 4333 a
2038 4280 2283 4335 daemone

2385 4278 2602 4345 ἐγένετο
2624 4281 2704 4341 εἰς
2717 4278 2885 4347 αὐτὴν
2911 4278 3096 4349 θαῦμα
3124 4280 3269 4348 μέγα
3288 4296 3302 4309 ο
3331 4280 3623 4349 ἐκυριεύθη
3650 4282 3758 4334 ὑπὸ
3783 4282 3970 4351 δαίμο-

713 4388 983 4447 eorrcpta,
1011 4376 1252 4446 provolvi
1279 4389 1464 4429 coram
1489 4372 1747 4427 omnibus
1773 4370 1938 4440 coepit
1967 4385 2031 4424 ac
2058 4386 2282 4441 spumas

2384 4387 2472 4432 νος
2496 4368 2759 4439 χαλεποῦ,
2791 4369 2886 4421 καὶ
2908 4370 3111 4441 ἡρξατο
3148 4370 3380 4424 ἐνώπιον
3422 4371 3644 4423 πάντων
3678 4373 3970 4426 κυλίεσθαι

714 4474 767 4524 in
804 4484 900 4525 ore
938 4483 1101 4539 agere
1134 4466 1199 4521 ad
1246 4466 1408 4534 pedes
1444 4464 1585 4517 beati
1616 4461 1744 4516 viri.
1779 4460 1916 4514 Tum
1949 4476 2079 4514 vero
2111 4476 2279 4530 expa-

2385 4463 2481 4516 καὶ
2510 4461 2765 4531 ἀφρίζειν
2798 4461 2903 4514 ὑπὸ
2930 4462 3055 4524 τοὺς
3085 4462 3248 4525 πόδας
3276 4460 3370 4514 τοῦ
3398 4463 3691 4532 μακαρίου.
3734 4463 3971 4515 Ἔλαϐεν

714 4575 933 4616 vescere
968 4573 1159 4613 omnes
1196 4566 1361 4625 atque
1408 4555 1668 4618 clamare,
1700 4551 1887 4606 Fidem
1935 4551 2073 4606 habe
2109 4552 2285 4614 nobis,
2323 4563 2365 4617 D

2323 4563 2365 4617 D
2393 4554 2449 4606 δὲ
2495 4553 2661 4621 φόϐος
2693 4553 2904 4615 πάντας
2923 4594 2937 4616 ,
2992 4555 3087 4607 καὶ
3113 4552 3343 4622 ἔκραζον
3373 4552 3625 4623 λέγοντες
3646 4571 3658 4583 ·
3696 4556 3968 4625 Πείθομεν

711 4654 954 4718 domine,
982 4651 1182 4705 falsum
1234 4648 1324 4703 isti
1370 4647 1576 4701 crimen
1614 4644 1904 4713 objiciunt.
1955 4641 2155 4697 Contra
2191 4656 2283 4696 sa-

2392 4660 2450 4695 σε
2473 4683 2487 4705 ,
2520 4643 2776 4707 δέσποτα,
2826 4643 2910 4694 ὅτι
2937 4641 3109 4711 ψευδῆ
3142 4641 3310 4695 αὑτοῦ
3338 4642 3764 4712 κατηγοροῦσιν.
3806 4646 3873 4696 Οἱ
3912 4645 3968 4696 δὲ

710 4745 896 4813 (-rilegi
950 4741 1296 4811 impudenter
1348 4736 1622 4792 adversati
1669 4735 1910 4800 aiebant,
1940 4732 2141 4788 Nonne
2185 4749 2282 4789 nos

2389 4734 2596 4802 ἁνίεροι
2626 4732 3107 4802 ἀναισχυντοῦντες
3135 4731 3348 4799 ἔλεγον·
3382 4734 3497 4786 Οὐκ
3528 4734 3756 4802 εἴπομεν
3780 4737 3968 4801 ἡμεῖς,

711 4836 969 4894 diximus,
1005 4845 1221 4900 magum
1266 4828 1412 4882 hunc
1442 4840 1563 4878 esse
1593 4838 1658 4876 ac
1686 4821 2019 4876 veneﬁcum?
2046 4818 2125 4873 Ne
2151 4834 2281 4873 vero

2390 4825 2473 4877 ὅτι
2499 4825 2670 4892 μάγος
2696 4825 2845 4876 ἐστὶν
2875 4822 2969 4875 καὶ
2998 4823 3327 4893 φαρμακός;
3362 4825 3471 4876 Καὶ
3497 4824 3706 4887 ἁπλῶς,
3750 4826 3836 4878 ἵνα
3880 4825 3970 4876 τὸν

711 4927 925 4995 Longior
953 4925 1080 4986 sim.
1111 4926 1303 4975 beatus
1330 4916 1629 4987 Gregorius
1660 4913 1739 4968 sic
1768 4912 2003 4982 legatum
2041 4910 2238 4964 aﬁ‘atur
2264 4930 2278 4965 :

2387 4915 2546 4981 λόγον
2580 4914 2843 4984 σύντομον
2896 4914 3057 4978 είπω,
3096 4913 3244 4982 λέγει
3288 4917 3317 4967 ὁ
3360 4918 3631 4985 μακάριος
3661 4916 3970 4986 Γρηγόριος

710 5017 791 5071 Tn
822 5018 1004 5077 homo.
1052 5013 1097 5067 si
1131 5013 1232 5077 vis,
1278 5023 1502 5068 causam
1537 5006 1603 5059 ad
1644 5004 1952 5074 pontiﬁcem
1988 5003 2280 5056 maximum

2394 5007 2528 5077 πρὸς
2550 5006 2643 5059 τὸν
2670 5006 2896 5075 ἔξαρχον
2917 5020 2931 5034 ’
2962 5004 3273 5075 Ἄνθρωπε,
3306 5007 3394 5071 σὺ,
3423 5009 3471 5059 εἰ
3500 5006 3684 5079 βούλῃ,
3718 5008 3973 5075 ἀνάγαγε

711 5107 882 5170 defer,
931 5116 985 5158 et
1037 5102 1272 5156 vinculis
1321 5100 1601 5154 astrictum
1670 5094 1875 5150 domini
1924 5094 2002 5148 tui
2050 5093 2284 5148 navibus

2390 5098 2458 5151 τὰ
2487 5099 2606 5149 κατ’
2638 5098 2737 5167 ἐμὲ
2766 5096 2843 5167 τῷ
2872 5097 3061 5166 πάπᾳ,
3104 5097 3201 5150 καὶ
3235 5099 3509 5167 δεσμήσας
3541 5098 3867 5150 ἀπόστειλόν
3902 5116 3968 5168 με

783 5263 896 5332 (64)
938 5260 1238 5332 Diaconum
1294 5254 1496 5310 tribuni
1550 5252 1821 5331 appellant
1872 5252 2276 5332 lcgatum,qni
2386 5256 2551 5332 monii
2585 5257 2886 5332 ποεῖν-ξμς.
2922 5255 3102 5332 ﬁtque
3126 5255 3215 5332 hic
3248 5263 3524 5332 toem_est,_
3558 5270 3799 5332 quocum
3827 5258 3971 5332 ειυς-

714 5323 927 5388 tantum
961 5330 1373 5401 hypodiaconus
1392 5333 1554 5401 Aerat,
1577 5325 1832 5390 γενικῶς,
1867 5323 2083 5401 Opinor,
2115 5330 2278 5399 atque
2387 5327 2576 5401 geritis
2609 5326 2685 5401 Δἰιι
2732 5326 2971 5396 Dialogis
3013 5326 3278 5401 loquitur.
3320 5324 3409 5378 ubi
3454 5327 3618 5401 etiam
3659 5326 3753 5401 ille
3802 5342 3870 5401 se
3918 5331 3973 5381 in

713 5416 771 5458 ut
802 5404 942 5456 inl'ra
968 5390 1350 5469 episcoporum
1385 5394 1642 5469 Ordinem
1674 5410 1731 5447 se
1764 5408 1884 5469 esse
1908 5390 2272 5469 meminisset.
2389 5390 2775 5469 Siciliajuisse
2818 5390 3224 5469 testatae—(lib.
3268 5411 3342 5469 tv,
3375 5410 3432 5469 _c.
3484 5394 3597 5465 57).
3644 5396 3971 5464 Αῃνειιηίυι-

712 5461 1476 5527 Factumdeinde-diaconum
1525 5464 1837 5537 scimusab
1870 5463 1986 5537 ipso
2017 5461 2278 5537 Gregorio
2389 5467 2528 5520 infra
2582 5465 2817 5520 Tiberius
2865 5469 2943 5537 (n.
2980 5465 3083 5537 766)
3115 5461 3129 5517 Ξ
3158 5465 3458 5537 ηυοὰγιιὶυε
3503 5461 3818 5537 praenomen
3874 5478 3971 5521 aut

714 5546 931 5613 Magno,
970 5542 1061 5609 qui
1099 5540 1165 5593 de
1210 5554 1275 5618 eo
1327 5538 1414 5618 sic
1430 5537 1663 5618 seripsit
1699 5534 1762 5618 ad
1799 5534 2131 5618 Cyprianum
2163 5533 2280 5614 dia-
2388 5552 2693 5618 cognomen
2722 5533 3196 5618 fuisseﬁdicerem',
3227 5536 3333 5618 nisi
3358 5546 3484 5618 Atu‘t‘n
3519 5536 3748 5618 unicam
3774 5542 3972 5618 appeto

712 5603 1055 5679 eotfum'ui'b.
1078 5627 1130 5674 v,
1164 5609 1322 5677 epist.
1353 5606 1442 5674 54)
1476 5626 1487 5659 ;
1518 5603 1810 5679 Henetiam:
1840 5610 2080 5679 frater}!
2108 5604 2281 5679 coepi:
2388 5603 2647 5662 lationem
2682 5608 2735 5661 in
2766 5622 2866 5662 usu
2903 5606 3073 5661 fuisse
3096 5615 3395 5679 constaret.
3428 5603 3533 5660 Sed
3559 5606 3670 5679 jam
3700 5603 3970 5679 vidimus.

713 5701 898 5753 scopas
932 5673 1772 5753 nosterCiceronenrquemdam
1811 5673 2280 5753 monachumhqui
2388 5694 2805 5753 quamparum
2860 5679 2912 5732 in
2977 5679 3078 5732 hac
3138 5678 3365 5733 historia
3423 5676 3739 5731 nominibus
3794 5678 3969 5732 ﬁden-

714 5744 813 5825 prd
856 5755 963 5806 suis
1008 5751 1300 5807 excessibus
1336 5766 1366 5802 a
1409 5744 1759 5825 dilectissimo
1796 5745 1907 5812 [ilio
1947 5753 2123 5795 nostra
2154 5744 2247 5825 ditt
2387 5744 2515 5801 dum
2550 5744 2638 5802 sit.

714 5815 843 5883 ἓσιιο
875 5823 1053 5891 Petro,
1087 5834 1208 5875 tunc
1241 5825 1411 5874 autent
1447 5816 1769 5872 subdiacono
1801 5825 1847 5869 ct
1886 5826 2080 5869 rectore
2106 5815 2279 5885 patri-
