  <div class='ocr_page' id='page_1' title='image "/cluster/home/n/w/nwhite01/storage/ocr_20150623/98/nnc1.0046979697/334.png"; bbox 0 0 4226 6444; ppageno 0'>
   <div class='ocr_carea' id='block_1_1' title="bbox 229 360 334 426">
    <p class='ocr_par' dir='ltr' id='par_1_1' title="bbox 229 360 334 426">
     <span class='ocr_line' id='line_1_1' title="bbox 229 360 334 426; baseline 0 -2"><span class='ocrx_word' id='word_1_1' title='bbox 229 360 334 426; x_wconf 69' lang='lat'><strong>653</strong></span> 
     </span>
    </p>
   </div>
   <div class='ocr_carea' id='block_1_2' title="bbox 1206 362 2481 427">
    <p class='ocr_par' dir='ltr' id='par_1_2' title="bbox 1206 362 2481 427">
     <span class='ocr_line' id='line_1_2' title="bbox 1206 362 2481 427; baseline -0.002 -4"><span class='ocrx_word' id='word_1_2' title='bbox 1206 366 1263 423; x_wconf 91' lang='lat' dir='ltr'><strong>S.</strong></span> <span class='ocrx_word' id='word_1_3' title='bbox 1306 363 1682 425; x_wconf 80' lang='lat' dir='ltr'><strong>GREGORII</strong></span> <span class='ocrx_word' id='word_1_4' title='bbox 1726 362 2236 425; x_wconf 72' lang='lat' dir='ltr'><strong>AGRIGENTINI</strong></span> <span class='ocrx_word' id='word_1_5' title='bbox 2284 365 2481 427; x_wconf 77' lang='lat' dir='ltr'><strong>VlTA.</strong></span> 
     </span>
    </p>
   </div>
   <div class='ocr_carea' id='block_1_3' title="bbox 3366 367 3473 432">
    <p class='ocr_par' dir='ltr' id='par_1_3' title="bbox 3366 367 3473 432">
     <span class='ocr_line' id='line_1_3' title="bbox 3366 367 3473 432; baseline -0.028 1"><span class='ocrx_word' id='word_1_6' title='bbox 3366 367 3473 432; x_wconf 72' lang='grc'><strong>654</strong></span> 
     </span>
    </p>
   </div>
   <div class='ocr_carea' id='block_1_4' title="bbox 231 468 1900 548">
    <p class='ocr_par' dir='ltr' id='par_1_4' title="bbox 231 468 1869 539">
     <span class='ocr_line' id='line_1_4' title="bbox 231 468 1869 539; baseline 0 -18"><span class='ocrx_word' id='word_1_7' title='bbox 231 470 371 539; x_wconf 79' lang='grc' dir='ltr'><strong>μετά</strong></span> <span class='ocrx_word' id='word_1_8' title='bbox 402 468 504 524; x_wconf 75' lang='grc' dir='ltr'><strong>τῶν</strong></span> <span class='ocrx_word' id='word_1_9' title='bbox 539 468 873 525; x_wconf 81' lang='grc' dir='ltr'>δεσποτικῶν</span> <span class='ocrx_word' id='word_1_10' title='bbox 913 468 1132 530; x_wconf 76' lang='grc' dir='ltr'>πλοίων,</span> <span class='ocrx_word' id='word_1_11' title='bbox 1167 470 1275 533; x_wconf 77' lang='grc' dir='ltr'>ἵνα,</span> <span class='ocrx_word' id='word_1_12' title='bbox 1312 470 1385 532; x_wconf 82' lang='grc' dir='ltr'>ὡς</span> <span class='ocrx_word' id='word_1_13' title='bbox 1412 470 1600 536; x_wconf 83' lang='grc' dir='ltr'>καιρός</span> <span class='ocrx_word' id='word_1_14' title='bbox 1630 472 1796 533; x_wconf 73' lang='grc' dir='ltr'>ἐστιν,</span> <span class='ocrx_word' id='word_1_15' title='bbox 1830 473 1869 526; x_wconf 76' lang='grc' dir='ltr'><strong>Α</strong></span> 
     </span>
    </p>
   </div>
   <div class='ocr_carea' id='block_1_5' title="bbox 1809 468 3478 548">
    <p class='ocr_par' dir='ltr' id='par_1_5' title="bbox 1830 471 3478 548">
     <span class='ocr_line' id='line_1_5' title="bbox 1830 471 3478 548; baseline 0.007 -28"><span class='ocrx_word' id='word_1_16' title='bbox 1830 473 1869 526; x_wconf 76' lang='grc' dir='ltr'><strong>Α</strong></span> <span class='ocrx_word' id='word_1_17' title='bbox 1902 471 2226 533; x_wconf 82' lang='lat' dir='ltr'><strong>transmitte,</strong></span> <span class='ocrx_word' id='word_1_18' title='bbox 2245 482 2302 525; x_wconf 92' lang='lat' dir='ltr'><strong>ut</strong></span> <span class='ocrx_word' id='word_1_19' title='bbox 2320 471 2448 523; x_wconf 87' lang='lat' dir='ltr'><strong>dum</strong></span> <span class='ocrx_word' id='word_1_20' title='bbox 2469 482 2685 548; x_wconf 77' lang='lat' dir='ltr'><strong>tempus</strong></span> <span class='ocrx_word' id='word_1_21' title='bbox 2700 472 2986 541; x_wconf 67' lang='lat' dir='ltr'><strong>propitium</strong></span> <span class='ocrx_word' id='word_1_22' title='bbox 3004 480 3105 533; x_wconf 77' lang='lat' dir='ltr'><strong>est,</strong></span> <span class='ocrx_word' id='word_1_23' title='bbox 3126 486 3188 524; x_wconf 86' lang='lat' dir='ltr'><strong>eo</strong></span> <span class='ocrx_word' id='word_1_24' title='bbox 3205 473 3337 528; x_wconf 74' lang='lat' dir='ltr'><strong>salvi</strong></span> <span class='ocrx_word' id='word_1_25' title='bbox 3361 493 3478 547; x_wconf 82' lang='lat' dir='ltr'><strong>per-</strong></span> 
     </span>
    </p>
   </div>
   <div class='ocr_carea' id='block_1_6' title="bbox 227 561 1798 631">
    <p class='ocr_par' dir='ltr' id='par_1_6' title="bbox 227 561 1798 631">
     <span class='ocr_line' id='line_1_6' title="bbox 227 561 1798 631; baseline -0.001 -18"><span class='ocrx_word' id='word_1_26' title='bbox 227 561 621 629; x_wconf 81' lang='grc' dir='ltr'>ὁιασωθῶμεν·</span> <span class='ocrx_word' id='word_1_27' title='bbox 674 562 934 614; x_wconf 54' lang='grc' dir='ltr'>ἀδύνατον</span> <span class='ocrx_word' id='word_1_28' title='bbox 981 564 1087 630; x_wconf 82' lang='grc' dir='ltr'><strong>γάρ</strong></span> <span class='ocrx_word' id='word_1_29' title='bbox 1121 564 1267 615; x_wconf 73' lang='grc' dir='ltr'>ἐστιν</span> <span class='ocrx_word' id='word_1_30' title='bbox 1316 563 1449 631; x_wconf 75' lang='grc' dir='ltr'>ἡμῖν</span> <span class='ocrx_word' id='word_1_31' title='bbox 1481 564 1671 631; x_wconf 75' lang='grc' dir='ltr'>στῆναι</span> <span class='ocrx_word' id='word_1_32' title='bbox 1712 564 1798 613; x_wconf 76' lang='grc' dir='ltr'><strong>ὲν·</strong></span> 
     </span>
    </p>
   </div>
   <div class='ocr_carea' id='block_1_7' title="bbox 226 650 1798 726">
    <p class='ocr_par' dir='ltr' id='par_1_7' title="bbox 226 650 1798 726">
     <span class='ocr_line' id='line_1_7' title="bbox 226 650 1798 726; baseline -0.002 -18"><span class='ocrx_word' id='word_1_33' title='bbox 226 656 422 720; x_wconf 81' lang='grc' dir='ltr'>ταῦθα,</span> <span class='ocrx_word' id='word_1_34' title='bbox 444 656 548 719; x_wconf 77' lang='grc' dir='ltr'><strong>ἕως</strong></span> <span class='ocrx_word' id='word_1_35' title='bbox 566 650 628 708; x_wconf 78' lang='grc' dir='ltr'>οὗ</span> <span class='ocrx_word' id='word_1_36' title='bbox 659 656 717 706; x_wconf 68' lang='grc' dir='ltr'>τὸ</span> <span class='ocrx_word' id='word_1_37' title='bbox 738 655 1182 726; x_wconf 79' lang='grc' dir='ltr'>χρεωστούμενον</span> <span class='ocrx_word' id='word_1_38' title='bbox 1211 656 1289 716; x_wconf 86' lang='grc' dir='ltr'>εἰς</span> <span class='ocrx_word' id='word_1_39' title='bbox 1316 656 1465 723; x_wconf 73' lang='grc' dir='ltr'>ἡμᾶς</span> <span class='ocrx_word' id='word_1_40' title='bbox 1494 652 1798 723; x_wconf 81' lang='grc' dir='ltr'>πληρῶται.</span> 
     </span>
    </p>
   </div>
   <div class='ocr_carea' id='block_1_8' title="bbox 238 746 1798 818">
    <p class='ocr_par' dir='ltr' id='par_1_8' title="bbox 238 746 1798 818">
     <span class='ocr_line' id='line_1_8' title="bbox 238 746 1798 818; baseline -0.002 -19"><span class='ocrx_word' id='word_1_41' title='bbox 238 747 301 799; x_wconf 84' lang='grc' dir='ltr'><strong>ἸΙ</strong></span> <span class='ocrx_word' id='word_1_42' title='bbox 332 747 389 799; x_wconf 77' lang='grc' dir='ltr'>δὲ</span> <span class='ocrx_word' id='word_1_43' title='bbox 426 748 562 818; x_wconf 84' lang='grc' dir='ltr'>γυνὴ</span> <span class='ocrx_word' id='word_1_44' title='bbox 596 748 693 799; x_wconf 90' lang='grc' dir='ltr'><strong>τοῦ</strong></span> <span class='ocrx_word' id='word_1_45' title='bbox 742 748 970 799; x_wconf 82' lang='grc' dir='ltr'>Σαϐίνου</span> <span class='ocrx_word' id='word_1_46' title='bbox 1006 747 1121 816; x_wconf 75' lang='grc' dir='ltr'><strong>ἅμα</strong></span> <span class='ocrx_word' id='word_1_47' title='bbox 1159 746 1258 815; x_wconf 78' lang='grc' dir='ltr'><strong>τῆς</strong></span> <span class='ocrx_word' id='word_1_48' title='bbox 1289 748 1456 815; x_wconf 72' lang='grc' dir='ltr'>αὐτῆς</span> <span class='ocrx_word' id='word_1_49' title='bbox 1505 746 1798 814; x_wconf 77' lang='grc' dir='ltr'><strong>θυγατρίῳ,</strong></span> 
     </span>
    </p>
   </div>
   <div class='ocr_carea' id='block_1_9' title="bbox 227 836 1799 903">
    <p class='ocr_par' dir='ltr' id='par_1_9' title="bbox 227 836 1799 903">
     <span class='ocr_line' id='line_1_9' title="bbox 227 836 1799 903; baseline -0.003 -13"><span class='ocrx_word' id='word_1_50' title='bbox 227 838 324 890; x_wconf 72' lang='grc' dir='ltr'><strong>καὶ</strong></span> <span class='ocrx_word' id='word_1_51' title='bbox 352 839 501 892; x_wconf 77' lang='grc' dir='ltr'>ἄλλοι</span> <span class='ocrx_word' id='word_1_52' title='bbox 537 838 744 901; x_wconf 76' lang='grc' dir='ltr'>πολλοὶ,</span> <span class='ocrx_word' id='word_1_53' title='bbox 774 840 871 890; x_wconf 73' lang='grc' dir='ltr'><strong>καὶ</strong></span> <span class='ocrx_word' id='word_1_54' title='bbox 899 840 925 891; x_wconf 90' lang='lat'><strong>6</strong></span> <span class='ocrx_word' id='word_1_55' title='bbox 958 839 1089 889; x_wconf 84' lang='grc' dir='ltr'>ποτὲ</span> <span class='ocrx_word' id='word_1_56' title='bbox 1115 836 1310 900; x_wconf 84' lang='grc' dir='ltr'>ἆλαλος</span> <span class='ocrx_word' id='word_1_57' title='bbox 1340 837 1432 888; x_wconf 75' lang='grc' dir='ltr'><strong>καὶ</strong></span> <span class='ocrx_word' id='word_1_58' title='bbox 1461 836 1644 903; x_wconf 81' lang='grc' dir='ltr'>κωφὸς</span> <span class='ocrx_word' id='word_1_59' title='bbox 1679 836 1799 887; x_wconf 71' lang='grc' dir='ltr'>ἕπε-</span> 
     </span>
    </p>
   </div>
   <div class='ocr_carea' id='block_1_10' title="bbox 228 928 1803 999">
    <p class='ocr_par' dir='ltr' id='par_1_10' title="bbox 228 928 1803 999">
     <span class='ocr_line' id='line_1_10' title="bbox 228 928 1803 999; baseline -0.001 -18"><span class='ocrx_word' id='word_1_60' title='bbox 228 947 365 982; x_wconf 81' lang='grc' dir='ltr'>πτον</span> <span class='ocrx_word' id='word_1_61' title='bbox 411 932 561 999; x_wconf 85' lang='grc' dir='ltr'><strong>παρά</strong></span> <span class='ocrx_word' id='word_1_62' title='bbox 590 931 715 993; x_wconf 82' lang='grc' dir='ltr'>τοὺς</span> <span class='ocrx_word' id='word_1_63' title='bbox 746 930 911 993; x_wconf 83' lang='grc' dir='ltr'>πόδας</span> <span class='ocrx_word' id='word_1_64' title='bbox 952 929 1046 982; x_wconf 87' lang='grc' dir='ltr'><strong>τοῦ</strong></span> <span class='ocrx_word' id='word_1_65' title='bbox 1083 930 1356 999; x_wconf 87' lang='grc' dir='ltr'>μακαρίου</span> <span class='ocrx_word' id='word_1_66' title='bbox 1390 929 1668 990; x_wconf 70' lang='grc' dir='ltr'><strong>κλαίοντες</strong></span> <span class='ocrx_word' id='word_1_67' title='bbox 1709 928 1803 980; x_wconf 72' lang='grc' dir='ltr'><strong>καὶ</strong></span> 
     </span>
    </p>
   </div>
   <div class='ocr_carea' id='block_1_11' title="bbox 228 1020 1802 1091">
    <p class='ocr_par' dir='ltr' id='par_1_11' title="bbox 228 1020 1802 1091">
     <span class='ocr_line' id='line_1_11' title="bbox 228 1020 1802 1091; baseline -0.001 -19"><span class='ocrx_word' id='word_1_68' title='bbox 228 1022 517 1089; x_wconf 79' lang='grc' dir='ltr'>λέγοντες·</span> <span class='ocrx_word' id='word_1_69' title='bbox 553 1022 809 1091; x_wconf 84' lang='grc' dir='ltr'>Ἐλέησον</span> <span class='ocrx_word' id='word_1_70' title='bbox 850 1023 1019 1091; x_wconf 84' lang='grc' dir='ltr'>ἡμᾶς,</span> <span class='ocrx_word' id='word_1_71' title='bbox 1062 1020 1215 1073; x_wconf 88' lang='grc' dir='ltr'>δοῦλε</span> <span class='ocrx_word' id='word_1_72' title='bbox 1259 1022 1351 1074; x_wconf 83' lang='grc' dir='ltr'><strong>τοῦ</strong></span> <span class='ocrx_word' id='word_1_73' title='bbox 1386 1021 1543 1085; x_wconf 83' lang='grc' dir='ltr'>Θεοῦ,</span> <span class='ocrx_word' id='word_1_74' title='bbox 1588 1020 1681 1073; x_wconf 77' lang='grc' dir='ltr'><strong>καὶ</strong></span> <span class='ocrx_word' id='word_1_75' title='bbox 1729 1021 1802 1090; x_wconf 81' lang='grc' dir='ltr'>μὴ</span> 
     </span>
    </p>
   </div>
   <div class='ocr_carea' id='block_1_12' title="bbox 233 1110 1798 1183">
    <p class='ocr_par' dir='ltr' id='par_1_12' title="bbox 233 1110 1798 1183">
     <span class='ocr_line' id='line_1_12' title="bbox 233 1110 1798 1183; baseline -0.001 -20"><span class='ocrx_word' id='word_1_76' title='bbox 233 1115 655 1183; x_wconf 77' lang='grc' dir='ltr'><strong>μνησικακήσῃς</strong></span> <span class='ocrx_word' id='word_1_77' title='bbox 682 1115 762 1175; x_wconf 86' lang='grc' dir='ltr'>εἰς</span> <span class='ocrx_word' id='word_1_78' title='bbox 796 1115 965 1183; x_wconf 81' lang='grc' dir='ltr'>ἡμᾶς,</span> <span class='ocrx_word' id='word_1_79' title='bbox 1005 1112 1140 1181; x_wconf 75' lang='grc' dir='ltr'>μηδὲ</span> <span class='ocrx_word' id='word_1_80' title='bbox 1181 1113 1424 1182; x_wconf 75' lang='grc' dir='ltr'>μνησθῇς</span> <span class='ocrx_word' id='word_1_81' title='bbox 1450 1112 1558 1164; x_wconf 85' lang='grc' dir='ltr'><strong>τῶν</strong></span> <span class='ocrx_word' id='word_1_82' title='bbox 1594 1110 1798 1172; x_wconf 74' lang='grc' dir='ltr'>κακῶν,</span> 
     </span>
    </p>
   </div>
   <div class='ocr_carea' id='block_1_13' title="bbox 226 1196 1801 1272">
    <p class='ocr_par' dir='ltr' id='par_1_13' title="bbox 226 1196 1801 1272">
     <span class='ocr_line' id='line_1_13' title="bbox 226 1196 1801 1272; baseline -0.001 -18"><span class='ocrx_word' id='word_1_83' title='bbox 226 1204 305 1265; x_wconf 81' lang='grc' dir='ltr'>ὡς</span> <span class='ocrx_word' id='word_1_84' title='bbox 330 1202 573 1272; x_wconf 77' lang='grc' dir='ltr'>ἔπραξαν</span> <span class='ocrx_word' id='word_1_85' title='bbox 605 1204 684 1265; x_wconf 81' lang='grc' dir='ltr'><strong>είς</strong></span> <span class='ocrx_word' id='word_1_86' title='bbox 715 1203 775 1254; x_wconf 87' lang='grc' dir='ltr'><strong>σὲ</strong></span> <span class='ocrx_word' id='word_1_87' title='bbox 810 1203 860 1254; x_wconf 78' lang='lat' dir='ltr'><strong>oi</strong></span> <span class='ocrx_word' id='word_1_88' title='bbox 894 1202 1098 1271; x_wconf 83' lang='grc' dir='ltr'>ἀνίεροι</span> <span class='ocrx_word' id='word_1_89' title='bbox 1127 1196 1296 1255; x_wconf 78' lang='grc' dir='ltr'>οῦτοι.</span> <span class='ocrx_word' id='word_1_90' title='bbox 1329 1201 1730 1271; x_wconf 58' lang='grc' dir='ltr'>Στραςεῖσαδὲ</span> <span class='ocrx_word' id='word_1_91' title='bbox 1769 1202 1801 1269; x_wconf 83' lang='grc' dir='ltr'>ἡ</span> 
     </span>
    </p>
   </div>
   <div class='ocr_carea' id='block_1_14' title="bbox 228 1295 1802 1367">
    <p class='ocr_par' dir='ltr' id='par_1_14' title="bbox 228 1295 1802 1367">
     <span class='ocr_line' id='line_1_14' title="bbox 228 1295 1802 1367; baseline -0.003 -19"><span class='ocrx_word' id='word_1_92' title='bbox 228 1297 369 1366; x_wconf 82' lang='grc' dir='ltr'>γυνὴ</span> <span class='ocrx_word' id='word_1_93' title='bbox 401 1296 496 1348; x_wconf 86' lang='grc' dir='ltr'><strong>τοῦ</strong></span> <span class='ocrx_word' id='word_1_94' title='bbox 524 1295 755 1347; x_wconf 76' lang='grc' dir='ltr'>Σαϐίνου</span> <span class='ocrx_word' id='word_1_95' title='bbox 798 1295 947 1362; x_wconf 84' lang='grc' dir='ltr'>λέγει</span> <span class='ocrx_word' id='word_1_96' title='bbox 981 1295 1130 1364; x_wconf 79' lang='grc' dir='ltr'><strong>αὐτῷ</strong></span> <span class='ocrx_word' id='word_1_97' title='bbox 1151 1313 1164 1327; x_wconf 85' lang='grc'>·</span> <span class='ocrx_word' id='word_1_98' title='bbox 1183 1296 1419 1347; x_wconf 78' lang='grc' dir='ltr'>Ἀπόστα</span> <span class='ocrx_word' id='word_1_99' title='bbox 1441 1298 1504 1347; x_wconf 78' lang='grc' dir='ltr'><strong>ὲκ</strong></span> <span class='ocrx_word' id='word_1_100' title='bbox 1536 1295 1626 1346; x_wconf 80' lang='grc' dir='ltr'><strong>τοῦ</strong></span> <span class='ocrx_word' id='word_1_101' title='bbox 1650 1296 1802 1367; x_wconf 67' lang='grc' dir='ltr'>οἴκου</span> 
     </span>
    </p>
   </div>
   <div class='ocr_carea' id='block_1_15' title="bbox 232 1386 1804 1459">
    <p class='ocr_par' dir='ltr' id='par_1_15' title="bbox 232 1386 1804 1459">
     <span class='ocr_line' id='line_1_15' title="bbox 232 1386 1804 1459; baseline -0.002 -19"><span class='ocrx_word' id='word_1_102' title='bbox 232 1406 337 1456; x_wconf 89' lang='grc' dir='ltr'><strong>μου</strong></span> <span class='ocrx_word' id='word_1_103' title='bbox 368 1390 477 1442; x_wconf 88' lang='grc' dir='ltr'><strong>ἀπὸ</strong></span> <span class='ocrx_word' id='word_1_104' title='bbox 501 1389 599 1459; x_wconf 81' lang='grc' dir='ltr'><strong>τῆς</strong></span> <span class='ocrx_word' id='word_1_105' title='bbox 621 1390 865 1458; x_wconf 85' lang='grc' dir='ltr'>σήμερον</span> <span class='ocrx_word' id='word_1_106' title='bbox 893 1389 1129 1459; x_wconf 86' lang='grc' dir='ltr'>ἡμέρας,</span> <span class='ocrx_word' id='word_1_107' title='bbox 1159 1388 1246 1439; x_wconf 76' lang='grc' dir='ltr'>ἵνα</span> <span class='ocrx_word' id='word_1_108' title='bbox 1276 1387 1326 1439; x_wconf 83' lang='grc' dir='ltr'><strong>τί</strong></span> <span class='ocrx_word' id='word_1_109' title='bbox 1364 1386 1676 1440; x_wconf 71' lang='grc' dir='ltr'>ἐϐουλεύσω</span> <span class='ocrx_word' id='word_1_110' title='bbox 1708 1404 1804 1437; x_wconf 86' lang='grc' dir='ltr'>πο-</span> 
     </span>
    </p>
   </div>
   <div class='ocr_carea' id='block_1_16' title="bbox 228 1479 1804 1551">
    <p class='ocr_par' dir='ltr' id='par_1_16' title="bbox 228 1479 1804 1551">
     <span class='ocr_line' id='line_1_16' title="bbox 228 1479 1804 1551; baseline 0.001 -20"><span class='ocrx_word' id='word_1_111' title='bbox 228 1481 397 1551; x_wconf 79' lang='grc' dir='ltr'>νηρὸν</span> <span class='ocrx_word' id='word_1_112' title='bbox 441 1482 586 1534; x_wconf 81' lang='grc' dir='ltr'>κατὰ</span> <span class='ocrx_word' id='word_1_113' title='bbox 612 1481 704 1533; x_wconf 87' lang='grc' dir='ltr'><strong>τοῦ</strong></span> <span class='ocrx_word' id='word_1_114' title='bbox 739 1479 950 1534; x_wconf 78' lang='grc' dir='ltr'><strong>δικαίου</strong></span> <span class='ocrx_word' id='word_1_115' title='bbox 981 1479 1195 1543; x_wconf 85' lang='grc' dir='ltr'>τούτου,</span> <span class='ocrx_word' id='word_1_116' title='bbox 1250 1479 1343 1533; x_wconf 90' lang='grc' dir='ltr'><strong>τοῦ</strong></span> <span class='ocrx_word' id='word_1_117' title='bbox 1383 1481 1677 1551; x_wconf 83' lang='grc' dir='ltr'>ίασαμένου</span> <span class='ocrx_word' id='word_1_118' title='bbox 1715 1480 1804 1532; x_wconf 70' lang='grc' dir='ltr'><strong>διὰ</strong></span> 
     </span>
    </p>
   </div>
   <div class='ocr_carea' id='block_1_17' title="bbox 233 1571 1803 1643">
    <p class='ocr_par' dir='ltr' id='par_1_17' title="bbox 233 1571 1803 1643">
     <span class='ocr_line' id='line_1_17' title="bbox 233 1571 1803 1643; baseline -0.001 -17"><span class='ocrx_word' id='word_1_119' title='bbox 233 1575 408 1643; x_wconf 86' lang='grc' dir='ltr'>μόνης</span> <span class='ocrx_word' id='word_1_120' title='bbox 451 1572 762 1643; x_wconf 80' lang='grc' dir='ltr'><strong>προσευχῆς</strong></span> <span class='ocrx_word' id='word_1_121' title='bbox 810 1572 976 1625; x_wconf 83' lang='grc' dir='ltr'>αὐτοῦ</span> <span class='ocrx_word' id='word_1_122' title='bbox 1017 1571 1249 1626; x_wconf 82' lang='grc' dir='ltr'>ἐνώπιον</span> <span class='ocrx_word' id='word_1_123' title='bbox 1283 1572 1487 1635; x_wconf 87' lang='grc' dir='ltr'>παντὸς</span> <span class='ocrx_word' id='word_1_124' title='bbox 1529 1572 1623 1625; x_wconf 85' lang='grc' dir='ltr'><strong>τοῦ</strong></span> <span class='ocrx_word' id='word_1_125' title='bbox 1671 1572 1803 1624; x_wconf 84' lang='grc' dir='ltr'>λαοῦ</span> 
     </span>
    </p>
   </div>
   <div class='ocr_carea' id='block_1_18' title="bbox 228 1664 1801 1735">
    <p class='ocr_par' dir='ltr' id='par_1_18' title="bbox 228 1664 1801 1735">
     <span class='ocr_line' id='line_1_18' title="bbox 228 1664 1801 1735; baseline -0.001 -18"><span class='ocrx_word' id='word_1_126' title='bbox 228 1664 421 1717; x_wconf 79' lang='grc' dir='ltr'>τούτου</span> <span class='ocrx_word' id='word_1_127' title='bbox 450 1665 512 1716; x_wconf 82' lang='grc' dir='ltr'>τὸ</span> <span class='ocrx_word' id='word_1_128' title='bbox 551 1664 840 1735; x_wconf 81' lang='grc' dir='ltr'>θυγάτριον</span> <span class='ocrx_word' id='word_1_129' title='bbox 890 1664 1081 1734; x_wconf 57' lang='lat' dir='ltr'><strong>ﬁndi»);</strong></span> <span class='ocrx_word' id='word_1_130' title='bbox 1126 1666 1362 1718; x_wconf 81' lang='grc' dir='ltr'>Ἀπόστα</span> <span class='ocrx_word' id='word_1_131' title='bbox 1415 1666 1508 1719; x_wconf 86' lang='grc' dir='ltr'>ἀπ’</span> <span class='ocrx_word' id='word_1_132' title='bbox 1554 1664 1723 1733; x_wconf 77' lang='grc' dir='ltr'>ἐμοῦ,</span> <span class='ocrx_word' id='word_1_133' title='bbox 1770 1664 1801 1732; x_wconf 81' lang='grc' dir='ltr'><strong>ἦ</strong></span> 
     </span>
    </p>
   </div>
   <div class='ocr_carea' id='block_1_19' title="bbox 230 1756 1805 1827">
    <p class='ocr_par' dir='ltr' id='par_1_19' title="bbox 230 1756 1805 1827">
     <span class='ocr_line' id='line_1_19' title="bbox 230 1756 1805 1827; baseline -0.001 -19"><span class='ocrx_word' id='word_1_134' title='bbox 230 1759 478 1827; x_wconf 79' lang='grc' dir='ltr'>ἐμαυτὴν</span> <span class='ocrx_word' id='word_1_135' title='bbox 522 1756 943 1827; x_wconf 81' lang='grc' dir='ltr'>διαχειρίζομαι.</span> <span class='ocrx_word' id='word_1_136' title='bbox 992 1759 1294 1810; x_wconf 89' lang='grc' dir='ltr'>Συνέπεσεν</span> <span class='ocrx_word' id='word_1_137' title='bbox 1324 1758 1379 1810; x_wconf 80' lang='grc' dir='ltr'>δὲ</span> <span class='ocrx_word' id='word_1_138' title='bbox 1414 1760 1441 1810; x_wconf 82' lang='lat'><strong>6</strong></span> <span class='ocrx_word' id='word_1_139' title='bbox 1470 1759 1696 1821; x_wconf 77' lang='grc' dir='ltr'>Σαϐῖνος</span> <span class='ocrx_word' id='word_1_140' title='bbox 1726 1756 1805 1826; x_wconf 81' lang='grc' dir='ltr'><strong>τῷ</strong></span> 
     </span>
    </p>
   </div>
   <div class='ocr_carea' id='block_1_20' title="bbox 229 1846 1803 1919">
    <p class='ocr_par' dir='ltr' id='par_1_20' title="bbox 229 1846 1803 1919">
     <span class='ocr_line' id='line_1_20' title="bbox 229 1846 1803 1919; baseline 0.001 -18"><span class='ocrx_word' id='word_1_141' title='bbox 229 1847 513 1919; x_wconf 76' lang='grc' dir='ltr'><strong>προσώπῳ</strong></span> <span class='ocrx_word' id='word_1_142' title='bbox 531 1890 545 1913; x_wconf 92' lang='grc'><strong>,</strong></span> <span class='ocrx_word' id='word_1_143' title='bbox 582 1849 675 1902; x_wconf 70' lang='grc' dir='ltr'><strong>καὶ</strong></span> <span class='ocrx_word' id='word_1_144' title='bbox 708 1849 925 1918; x_wconf 82' lang='grc' dir='ltr'>ἔμεινεν</span> <span class='ocrx_word' id='word_1_145' title='bbox 953 1849 1031 1912; x_wconf 79' lang='grc' dir='ltr'>ὼς</span> <span class='ocrx_word' id='word_1_146' title='bbox 1055 1848 1201 1911; x_wconf 87' lang='grc' dir='ltr'>λίθος</span> <span class='ocrx_word' id='word_1_147' title='bbox 1229 1848 1461 1918; x_wconf 79' lang='grc' dir='ltr'>ἄφωνος.</span> <span class='ocrx_word' id='word_1_148' title='bbox 1497 1846 1661 1901; x_wconf 82' lang='grc' dir='ltr'>Εἶπεν</span> <span class='ocrx_word' id='word_1_149' title='bbox 1692 1849 1749 1902; x_wconf 81' lang='grc' dir='ltr'>δὲ</span> <span class='ocrx_word' id='word_1_150' title='bbox 1775 1849 1803 1901; x_wconf 97' lang='lat'><strong>6</strong></span> 
     </span>
    </p>
   </div>
   <div class='ocr_carea' id='block_1_21' title="bbox 229 1940 1799 2015">
    <p class='ocr_par' dir='ltr' id='par_1_21' title="bbox 229 1940 1799 2015">
     <span class='ocr_line' id='line_1_21' title="bbox 229 1940 1799 2015; baseline 0.001 -21"><span class='ocrx_word' id='word_1_151' title='bbox 229 1944 388 2009; x_wconf 72' lang='grc' dir='ltr'>ἅγιος</span> <span class='ocrx_word' id='word_1_152' title='bbox 406 1942 704 2015; x_wconf 82' lang='grc' dir='ltr'>Γρηγόριος</span> <span class='ocrx_word' id='word_1_153' title='bbox 720 1940 797 2011; x_wconf 82' lang='grc' dir='ltr'>τῷ</span> <span class='ocrx_word' id='word_1_154' title='bbox 820 1942 1034 2012; x_wconf 75' lang='grc' dir='ltr'>ἐξάρχῳ</span> <span class='ocrx_word' id='word_1_155' title='bbox 1052 1958 1065 1971; x_wconf 77' lang='grc'><em>’</em></span> <span class='ocrx_word' id='word_1_156' title='bbox 1085 1940 1303 2011; x_wconf 81' lang='grc' dir='ltr'><strong>Ἐπειδὴ</strong></span> <span class='ocrx_word' id='word_1_157' title='bbox 1323 1943 1506 2007; x_wconf 82' lang='grc' dir='ltr'>αὐτὸς,</span> <span class='ocrx_word' id='word_1_158' title='bbox 1524 1941 1620 1995; x_wconf 77' lang='grc' dir='ltr'>ἄνθ</span> <span class='ocrx_word' id='word_1_159' title='bbox 1630 1959 1799 2013; x_wconf 86' lang='grc' dir='ltr'>ρωπε.</span> 
     </span>
    </p>
   </div>
   <div class='ocr_carea' id='block_1_22' title="bbox 231 2034 1801 2108">
    <p class='ocr_par' dir='ltr' id='par_1_22' title="bbox 231 2034 1801 2108">
     <span class='ocr_line' id='line_1_22' title="bbox 231 2034 1801 2108; baseline -0.001 -21"><span class='ocrx_word' id='word_1_160' title='bbox 231 2034 463 2104; x_wconf 78' lang='grc' dir='ltr'>μηδενός</span> <span class='ocrx_word' id='word_1_161' title='bbox 489 2051 547 2108; x_wconf 78' lang='grc' dir='ltr'><strong>σε</strong></span> <span class='ocrx_word' id='word_1_162' title='bbox 572 2036 1022 2105; x_wconf 78' lang='grc' dir='ltr'>καταστήσαντος</span> <span class='ocrx_word' id='word_1_163' title='bbox 1047 2035 1242 2106; x_wconf 79' lang='grc' dir='ltr'>κριτὴν</span> <span class='ocrx_word' id='word_1_164' title='bbox 1271 2035 1364 2087; x_wconf 78' lang='grc' dir='ltr'><strong>καὶ</strong></span> <span class='ocrx_word' id='word_1_165' title='bbox 1396 2034 1656 2104; x_wconf 80' lang='grc' dir='ltr'>δικαστὴν</span> <span class='ocrx_word' id='word_1_166' title='bbox 1681 2034 1801 2087; x_wconf 85' lang='grc' dir='ltr'>κατ’</span> 
     </span>
    </p>
   </div>
   <div class='ocr_carea' id='block_1_23' title="bbox 228 2125 1805 2197">
    <p class='ocr_par' dir='ltr' id='par_1_23' title="bbox 228 2125 1805 2197">
     <span class='ocr_line' id='line_1_23' title="bbox 228 2125 1805 2197; baseline 0.001 -19"><span class='ocrx_word' id='word_1_167' title='bbox 228 2127 353 2195; x_wconf 78' lang='grc' dir='ltr'>ἐμὲ,</span> <span class='ocrx_word' id='word_1_168' title='bbox 399 2125 690 2196; x_wconf 73' lang='grc' dir='ltr'>ἐπιτρέψαι</span> <span class='ocrx_word' id='word_1_169' title='bbox 737 2125 994 2179; x_wconf 82' lang='grc' dir='ltr'>ἀπελθεῖν</span> <span class='ocrx_word' id='word_1_170' title='bbox 1050 2144 1115 2195; x_wconf 86' lang='grc' dir='ltr'><strong>με</strong></span> <span class='ocrx_word' id='word_1_171' title='bbox 1165 2128 1222 2178; x_wconf 84' lang='grc' dir='ltr'>ὲν</span> <span class='ocrx_word' id='word_1_172' title='bbox 1274 2128 1338 2196; x_wconf 81' lang='grc' dir='ltr'>τῇ</span> <span class='ocrx_word' id='word_1_173' title='bbox 1394 2125 1649 2197; x_wconf 81' lang='grc' dir='ltr'>φυλακῇ,</span> <span class='ocrx_word' id='word_1_174' title='bbox 1708 2129 1805 2179; x_wconf 74' lang='grc' dir='ltr'>καὶ</span> 
     </span>
    </p>
   </div>
   <div class='ocr_carea' id='block_1_24' title="bbox 229 2214 1804 2289">
    <p class='ocr_par' dir='ltr' id='par_1_24' title="bbox 229 2214 1804 2289">
     <span class='ocr_line' id='line_1_24' title="bbox 229 2214 1804 2289; baseline -0.001 -18"><span class='ocrx_word' id='word_1_175' title='bbox 229 2218 636 2287; x_wconf 72' lang='grc' dir='ltr'>ἀσςραλισθῆναί</span> <span class='ocrx_word' id='word_1_176' title='bbox 674 2235 741 2288; x_wconf 92' lang='grc' dir='ltr'><strong>με</strong></span> <span class='ocrx_word' id='word_1_177' title='bbox 774 2220 833 2270; x_wconf 84' lang='grc' dir='ltr'>ὲν</span> <span class='ocrx_word' id='word_1_178' title='bbox 862 2219 940 2289; x_wconf 83' lang='grc' dir='ltr'>τῷ</span> <span class='ocrx_word' id='word_1_179' title='bbox 983 2219 1145 2289; x_wconf 82' lang='grc' dir='ltr'>ξύλῳ,</span> <span class='ocrx_word' id='word_1_180' title='bbox 1191 2219 1296 2281; x_wconf 82' lang='grc' dir='ltr'>’ἐως</span> <span class='ocrx_word' id='word_1_181' title='bbox 1340 2214 1401 2271; x_wconf 82' lang='grc' dir='ltr'><strong>οῦ</strong></span> <span class='ocrx_word' id='word_1_182' title='bbox 1435 2218 1704 2287; x_wconf 77' lang='grc' dir='ltr'>σκέψησαι</span> <span class='ocrx_word' id='word_1_183' title='bbox 1737 2219 1804 2270; x_wconf 71' lang='grc' dir='ltr'>τὰ</span> 
     </span>
    </p>
   </div>
   <div class='ocr_carea' id='block_1_25' title="bbox 231 2308 1799 2380">
    <p class='ocr_par' dir='ltr' id='par_1_25' title="bbox 231 2308 1799 2380">
     <span class='ocr_line' id='line_1_25' title="bbox 231 2308 1799 2380; baseline 0.001 -20"><span class='ocrx_word' id='word_1_184' title='bbox 231 2312 361 2379; x_wconf 75' lang='grc' dir='ltr'>περὶ</span> <span class='ocrx_word' id='word_1_185' title='bbox 403 2308 559 2379; x_wconf 75' lang='grc' dir='ltr'>ἐμοῦ,</span> <span class='ocrx_word' id='word_1_186' title='bbox 610 2308 796 2372; x_wconf 81' lang='grc' dir='ltr'>καθὼς</span> <span class='ocrx_word' id='word_1_187' title='bbox 833 2310 1050 2363; x_wconf 78' lang='grc' dir='ltr'>ἐποίουν</span> <span class='ocrx_word' id='word_1_188' title='bbox 1092 2310 1140 2361; x_wconf 87' lang='grc' dir='ltr'>οἱ</span> <span class='ocrx_word' id='word_1_189' title='bbox 1171 2309 1269 2362; x_wconf 85' lang='grc' dir='ltr'>ἀπ’</span> <span class='ocrx_word' id='word_1_190' title='bbox 1309 2310 1483 2380; x_wconf 75' lang='grc' dir='ltr'>ἀρχῆς</span> <span class='ocrx_word' id='word_1_191' title='bbox 1522 2309 1799 2379; x_wconf 83' lang='grc' dir='ltr'>τύραννοι.</span> 
     </span>
    </p>
   </div>
   <div class='ocr_carea' id='block_1_26' title="bbox 229 2401 1803 2473">
    <p class='ocr_par' dir='ltr' id='par_1_26' title="bbox 229 2401 1803 2473">
     <span class='ocr_line' id='line_1_26' title="bbox 229 2401 1803 2473; baseline 0 -18"><span class='ocrx_word' id='word_1_192' title='bbox 229 2403 366 2455; x_wconf 84' lang='grc' dir='ltr'>Τότε</span> <span class='ocrx_word' id='word_1_193' title='bbox 416 2403 565 2470; x_wconf 81' lang='grc' dir='ltr'>λέγει</span> <span class='ocrx_word' id='word_1_194' title='bbox 612 2401 763 2471; x_wconf 79' lang='grc' dir='ltr'>αὐτῷ</span> <span class='ocrx_word' id='word_1_195' title='bbox 824 2402 852 2453; x_wconf 86' lang='grc'>6</span> <span class='ocrx_word' id='word_1_196' title='bbox 903 2402 1162 2473; x_wconf 76' lang='grc' dir='ltr'>ἕξαρχο;’</span> <span class='ocrx_word' id='word_1_197' title='bbox 1216 2402 1329 2455; x_wconf 84' lang='grc' dir='ltr'><strong>Οὐκ</strong></span> <span class='ocrx_word' id='word_1_198' title='bbox 1374 2402 1485 2470; x_wconf 74' lang='grc' dir='ltr'><strong>ἐγὼ</strong></span> <span class='ocrx_word' id='word_1_199' title='bbox 1522 2402 1803 2471; x_wconf 81' lang='grc' dir='ltr'>ἐπιτρέπω</span> 
     </span>
    </p>
   </div>
   <div class='ocr_carea' id='block_1_27' title="bbox 230 2492 1802 2563">
    <p class='ocr_par' dir='ltr' id='par_1_27' title="bbox 230 2492 1802 2563">
     <span class='ocr_line' id='line_1_27' title="bbox 230 2492 1802 2563; baseline 0.001 -17"><span class='ocrx_word' id='word_1_200' title='bbox 230 2492 633 2563; x_wconf 69' lang='grc' dir='ltr'>ἀσφαλισθῆναι</span> <span class='ocrx_word' id='word_1_201' title='bbox 669 2510 757 2545; x_wconf 87' lang='grc' dir='ltr'>σε·</span> <span class='ocrx_word' id='word_1_202' title='bbox 791 2493 908 2545; x_wconf 85' lang='grc' dir='ltr'>ἀλλ’</span> <span class='ocrx_word' id='word_1_203' title='bbox 939 2496 985 2546; x_wconf 78' lang='grc' dir='ltr'>οἱ</span> <span class='ocrx_word' id='word_1_204' title='bbox 1015 2493 1397 2557; x_wconf 68' lang='grc' dir='ltr'>διαϐάλλοντι-ές</span> <span class='ocrx_word' id='word_1_205' title='bbox 1431 2512 1510 2558; x_wconf 88' lang='grc' dir='ltr'><strong>σε,</strong></span> <span class='ocrx_word' id='word_1_206' title='bbox 1550 2496 1702 2548; x_wconf 82' lang='grc' dir='ltr'>αὐτοί</span> <span class='ocrx_word' id='word_1_207' title='bbox 1744 2513 1802 2548; x_wconf 90' lang='grc' dir='ltr'><strong>σε</strong></span> 
     </span>
    </p>
   </div>
   <div class='ocr_carea' id='block_1_28' title="bbox 229 2584 1801 2656">
    <p class='ocr_par' dir='ltr' id='par_1_28' title="bbox 229 2584 1801 2656">
     <span class='ocr_line' id='line_1_28' title="bbox 229 2584 1801 2656; baseline 0 -17"><span class='ocrx_word' id='word_1_208' title='bbox 229 2585 649 2653; x_wconf 77' lang='grc' dir='ltr'>ἀσφαλίζονται.</span> <span class='ocrx_word' id='word_1_209' title='bbox 690 2584 975 2654; x_wconf 85' lang='grc' dir='ltr'>Ἑκίνησεν</span> <span class='ocrx_word' id='word_1_210' title='bbox 1006 2585 1063 2638; x_wconf 88' lang='grc' dir='ltr'>δὲ</span> <span class='ocrx_word' id='word_1_211' title='bbox 1093 2587 1121 2638; x_wconf 87' lang='grc' dir='ltr'>ὁ</span> <span class='ocrx_word' id='word_1_212' title='bbox 1154 2586 1426 2656; x_wconf 86' lang='grc' dir='ltr'>μακάριος</span> <span class='ocrx_word' id='word_1_213' title='bbox 1460 2588 1554 2654; x_wconf 79' lang='grc' dir='ltr'><strong>ἀφ’</strong></span> <span class='ocrx_word' id='word_1_214' title='bbox 1583 2588 1801 2650; x_wconf 78' lang='grc' dir='ltr'>ἑαυτοῦ,</span> 
     </span>
    </p>
   </div>
   <div class='ocr_carea' id='block_1_29' title="bbox 232 2676 1805 2747">
    <p class='ocr_par' dir='ltr' id='par_1_29' title="bbox 232 2676 1805 2747">
     <span class='ocr_line' id='line_1_29' title="bbox 232 2676 1805 2747; baseline 0.001 -17"><span class='ocrx_word' id='word_1_215' title='bbox 232 2677 329 2730; x_wconf 71' lang='grc' dir='ltr'><strong>καὶ</strong></span> <span class='ocrx_word' id='word_1_216' title='bbox 357 2677 485 2730; x_wconf 77' lang='grc' dir='ltr'>ἇπιε</span> <span class='ocrx_word' id='word_1_217' title='bbox 518 2679 574 2730; x_wconf 83' lang='grc' dir='ltr'>ὲν</span> <span class='ocrx_word' id='word_1_218' title='bbox 601 2679 665 2747; x_wconf 86' lang='grc' dir='ltr'>τῇ</span> <span class='ocrx_word' id='word_1_219' title='bbox 694 2676 941 2747; x_wconf 79' lang='grc' dir='ltr'>φυλακῇ·</span> <span class='ocrx_word' id='word_1_220' title='bbox 973 2678 1154 2730; x_wconf 81' lang='grc' dir='ltr'>πᾶσαν</span> <span class='ocrx_word' id='word_1_221' title='bbox 1181 2676 1239 2729; x_wconf 82' lang='grc' dir='ltr'>δὲ</span> <span class='ocrx_word' id='word_1_222' title='bbox 1277 2676 1373 2746; x_wconf 81' lang='grc' dir='ltr'>τὴν</span> <span class='ocrx_word' id='word_1_223' title='bbox 1406 2678 1575 2730; x_wconf 83' lang='grc' dir='ltr'>νύκτα</span> <span class='ocrx_word' id='word_1_224' title='bbox 1601 2677 1805 2739; x_wconf 82' lang='grc' dir='ltr'>ἆῦπνος</span> 
     </span>
    </p>
   </div>
   <div class='ocr_carea' id='block_1_30' title="bbox 231 2766 1805 2839">
    <p class='ocr_par' dir='ltr' id='par_1_30' title="bbox 231 2766 1805 2839">
     <span class='ocr_line' id='line_1_30' title="bbox 231 2766 1805 2839; baseline -0.001 -16"><span class='ocrx_word' id='word_1_225' title='bbox 231 2769 458 2823; x_wconf 80' lang='grc' dir='ltr'>διετέλει</span> <span class='ocrx_word' id='word_1_226' title='bbox 500 2772 528 2822; x_wconf 87' lang='lat'><strong>6</strong></span> <span class='ocrx_word' id='word_1_227' title='bbox 568 2769 838 2839; x_wconf 83' lang='grc' dir='ltr'>μακάριος</span> <span class='ocrx_word' id='word_1_228' title='bbox 869 2768 986 2838; x_wconf 76' lang='grc' dir='ltr'><strong>ἅμα</strong></span> <span class='ocrx_word' id='word_1_229' title='bbox 1032 2766 1126 2821; x_wconf 83' lang='grc' dir='ltr'><strong>τοῦ</strong></span> <span class='ocrx_word' id='word_1_230' title='bbox 1157 2769 1535 2838; x_wconf 75' lang='grc' dir='ltr'>ἀρχιδεακόνου</span> <span class='ocrx_word' id='word_1_231' title='bbox 1566 2770 1659 2822; x_wconf 73' lang='grc' dir='ltr'>καὶ</span> <span class='ocrx_word' id='word_1_232' title='bbox 1696 2770 1805 2821; x_wconf 83' lang='grc' dir='ltr'><strong>τῶν</strong></span> 
     </span>
    </p>
   </div>
   <div class='ocr_carea' id='block_1_31' title="bbox 230 2859 1802 2930">
    <p class='ocr_par' dir='ltr' id='par_1_31' title="bbox 230 2859 1802 2930">
     <span class='ocr_line' id='line_1_31' title="bbox 230 2859 1802 2930; baseline 0.001 -19"><span class='ocrx_word' id='word_1_233' title='bbox 230 2861 438 2913; x_wconf 79' lang='grc' dir='ltr'>λοιπῶν</span> <span class='ocrx_word' id='word_1_234' title='bbox 467 2861 733 2913; x_wconf 82' lang='grc' dir='ltr'>διακόνων</span> <span class='ocrx_word' id='word_1_235' title='bbox 762 2859 1060 2930; x_wconf 85' lang='grc' dir='ltr'>Ἐράσμου,</span> <span class='ocrx_word' id='word_1_236' title='bbox 1088 2860 1417 2930; x_wconf 80' lang='grc' dir='ltr'>Φιλαδέλφου</span> <span class='ocrx_word' id='word_1_237' title='bbox 1451 2860 1548 2913; x_wconf 70' lang='grc' dir='ltr'>καὶ</span> <span class='ocrx_word' id='word_1_238' title='bbox 1580 2862 1802 2914; x_wconf 81' lang='grc' dir='ltr'>Πλατω-</span> 
     </span>
    </p>
   </div>
   <div class='ocr_carea' id='block_1_32' title="bbox 230 2950 1804 3023">
    <p class='ocr_par' dir='ltr' id='par_1_32' title="bbox 230 2950 1804 3023">
     <span class='ocr_line' id='line_1_32' title="bbox 230 2950 1804 3023; baseline 0.001 -19"><span class='ocrx_word' id='word_1_239' title='bbox 230 2950 383 3005; x_wconf 72' lang='grc' dir='ltr'>νικοῦ</span> <span class='ocrx_word' id='word_1_240' title='bbox 429 2951 762 3020; x_wconf 79' lang='grc' dir='ltr'>ψάλλοντες,</span> <span class='ocrx_word' id='word_1_241' title='bbox 812 2952 908 3005; x_wconf 72' lang='grc' dir='ltr'><strong>καὶ</strong></span> <span class='ocrx_word' id='word_1_242' title='bbox 949 2950 1337 3018; x_wconf 81' lang='grc' dir='ltr'>ἀναγινώσκων</span> <span class='ocrx_word' id='word_1_243' title='bbox 1380 2951 1574 3016; x_wconf 83' lang='grc' dir='ltr'>αὐτὸς,</span> <span class='ocrx_word' id='word_1_244' title='bbox 1623 2952 1804 3023; x_wconf 82' lang='grc' dir='ltr'>φέρων</span> 
     </span>
    </p>
   </div>
   <div class='ocr_carea' id='block_1_33' title="bbox 230 3043 1802 3115">
    <p class='ocr_par' dir='ltr' id='par_1_33' title="bbox 230 3043 1802 3115">
     <span class='ocr_line' id='line_1_33' title="bbox 230 3043 1802 3115; baseline -0.003 -15"><span class='ocrx_word' id='word_1_245' title='bbox 230 3048 359 3101; x_wconf 79' lang='grc' dir='ltr'>ἄνευ</span> <span class='ocrx_word' id='word_1_246' title='bbox 393 3044 610 3115; x_wconf 77' lang='grc' dir='ltr'>βίϐλουο</span> <span class='ocrx_word' id='word_1_247' title='bbox 642 3045 743 3098; x_wconf 85' lang='grc' dir='ltr'><strong>οὐκ</strong></span> <span class='ocrx_word' id='word_1_248' title='bbox 768 3044 957 3098; x_wconf 84' lang='grc' dir='ltr'>εἴασαν</span> <span class='ocrx_word' id='word_1_249' title='bbox 985 3044 1094 3114; x_wconf 85' lang='grc' dir='ltr'>γὰρ</span> <span class='ocrx_word' id='word_1_250' title='bbox 1132 3043 1294 3096; x_wconf 81' lang='grc' dir='ltr'>αὑτὸν</span> <span class='ocrx_word' id='word_1_251' title='bbox 1339 3044 1567 3097; x_wconf 79' lang='grc' dir='ltr'>ὲκσάλαι</span> <span class='ocrx_word' id='word_1_252' title='bbox 1614 3046 1676 3097; x_wconf 80' lang='grc' dir='ltr'><strong>ἐκ</strong></span> <span class='ocrx_word' id='word_1_253' title='bbox 1710 3043 1802 3096; x_wconf 86' lang='grc' dir='ltr'><strong>τοῦ</strong></span> 
     </span>
    </p>
   </div>
   <div class='ocr_carea' id='block_1_34' title="bbox 230 3138 756 3191">
    <p class='ocr_par' dir='ltr' id='par_1_34' title="bbox 230 3138 756 3191">
     <span class='ocr_line' id='line_1_34' title="bbox 230 3138 756 3191; baseline 0 0"><span class='ocrx_word' id='word_1_254' title='bbox 230 3139 555 3191; x_wconf 78' lang='grc' dir='ltr'>ὲπισκοπίου</span> <span class='ocrx_word' id='word_1_255' title='bbox 584 3138 756 3191; x_wconf 83' lang='grc' dir='ltr'>οὐδέν.</span> 
     </span>
    </p>
   </div>
   <div class='ocr_carea' id='block_1_35' title="bbox 1904 560 3478 631">
    <p class='ocr_par' dir='ltr' id='par_1_35' title="bbox 1904 560 3478 631">
     <span class='ocr_line' id='line_1_35' title="bbox 1904 560 3478 631; baseline 0.008 -21"><span class='ocrx_word' id='word_1_256' title='bbox 1904 563 2207 615; x_wconf 87' lang='lat' dir='ltr'><strong>veniamus.</strong></span> <span class='ocrx_word' id='word_1_257' title='bbox 2242 560 2427 630; x_wconf 77' lang='lat' dir='ltr'><strong>Neque</strong></span> <span class='ocrx_word' id='word_1_258' title='bbox 2465 565 2608 615; x_wconf 89' lang='lat' dir='ltr'><strong>enim</strong></span> <span class='ocrx_word' id='word_1_259' title='bbox 2640 564 2750 615; x_wconf 92' lang='lat' dir='ltr'><strong>ticri</strong></span> <span class='ocrx_word' id='word_1_260' title='bbox 2788 574 2982 631; x_wconf 82' lang='lat' dir='ltr'><strong>potest,</strong></span> <span class='ocrx_word' id='word_1_261' title='bbox 3020 572 3077 617; x_wconf 89' lang='lat' dir='ltr'><strong>ut</strong></span> <span class='ocrx_word' id='word_1_262' title='bbox 3105 565 3189 617; x_wconf 79' lang='lat' dir='ltr'><strong>hic</strong></span> <span class='ocrx_word' id='word_1_263' title='bbox 3227 582 3326 619; x_wconf 86' lang='lat' dir='ltr'><strong>nos</strong></span> <span class='ocrx_word' id='word_1_264' title='bbox 3356 577 3478 623; x_wconf 87' lang='lat' dir='ltr'><strong>tan-</strong></span> 
     </span>
    </p>
   </div>
   <div class='ocr_carea' id='block_1_36' title="bbox 1904 641 3479 725">
    <p class='ocr_par' dir='ltr' id='par_1_36' title="bbox 1904 641 3479 725">
     <span class='ocr_line' id='line_1_36' title="bbox 1904 641 3479 725; baseline 0.005 -20"><span class='ocrx_word' id='word_1_265' title='bbox 1904 652 1996 705; x_wconf 89' lang='lat' dir='ltr'><strong>diu</strong></span> <span class='ocrx_word' id='word_1_266' title='bbox 2022 654 2400 719; x_wconf 83' lang='lat' dir='ltr'><strong>immoremur,</strong></span> <span class='ocrx_word' id='word_1_267' title='bbox 2430 655 2558 709; x_wconf 88' lang='lat' dir='ltr'><strong>dum</strong></span> <span class='ocrx_word' id='word_1_268' title='bbox 2586 641 2861 725; x_wconf 74' lang='lat' dir='ltr'><strong>negotium</strong></span> <span class='ocrx_word' id='word_1_269' title='bbox 2890 658 2990 710; x_wconf 88' lang='lat' dir='ltr'><strong>hoc</strong></span> <span class='ocrx_word' id='word_1_270' title='bbox 3020 667 3268 711; x_wconf 88' lang='lat' dir='ltr'><strong>nostrum</strong></span> <span class='ocrx_word' id='word_1_271' title='bbox 3298 669 3479 713; x_wconf 78' lang='lat' dir='ltr'><strong>trans-</strong></span> 
     </span>
    </p>
   </div>
   <div class='ocr_carea' id='block_1_37' title="bbox 1905 744 3477 813">
    <p class='ocr_par' dir='ltr' id='par_1_37' title="bbox 1905 744 3477 813">
     <span class='ocr_line' id='line_1_37' title="bbox 1905 744 3477 813; baseline 0.007 -19"><span class='ocrx_word' id='word_1_272' title='bbox 1905 752 2085 796; x_wconf 83' lang='lat' dir='ltr'><strong>actum</strong></span> <span class='ocrx_word' id='word_1_273' title='bbox 2120 747 2209 797; x_wconf 88' lang='lat' dir='ltr'><strong>sit.</strong></span> <span class='ocrx_word' id='word_1_274' title='bbox 2246 744 2389 799; x_wconf 75' lang='lat' dir='ltr'><strong>Uxor</strong></span> <span class='ocrx_word' id='word_1_275' title='bbox 2426 762 2557 798; x_wconf 72' lang='lat' dir='ltr'><strong>vero</strong></span> <span class='ocrx_word' id='word_1_276' title='bbox 2608 747 2790 800; x_wconf 84' lang='lat' dir='ltr'><strong>Sabini</strong></span> <span class='ocrx_word' id='word_1_277' title='bbox 2829 763 2951 800; x_wconf 86' lang='lat' dir='ltr'><strong>cum</strong></span> <span class='ocrx_word' id='word_1_278' title='bbox 2984 749 3143 802; x_wconf 87' lang='lat' dir='ltr'><strong>tiliola</strong></span> <span class='ocrx_word' id='word_1_279' title='bbox 3176 766 3273 805; x_wconf 86' lang='lat' dir='ltr'><strong>sua</strong></span> <span class='ocrx_word' id='word_1_280' title='bbox 3298 761 3347 806; x_wconf 89' lang='lat' dir='ltr'><strong>et</strong></span> <span class='ocrx_word' id='word_1_281' title='bbox 3388 756 3477 813; x_wconf 82' lang='lat' dir='ltr'><strong>atii</strong></span> 
     </span>
    </p>
   </div>
   <div class='ocr_carea' id='block_1_38' title="bbox 1910 834 3475 905">
    <p class='ocr_par' dir='ltr' id='par_1_38' title="bbox 1910 834 3475 905">
     <span class='ocr_line' id='line_1_38' title="bbox 1910 834 3475 905; baseline 0.01 -22"><span class='ocrx_word' id='word_1_282' title='bbox 1910 835 2085 892; x_wconf 82' lang='lat' dir='ltr'><strong>inulti,</strong></span> <span class='ocrx_word' id='word_1_283' title='bbox 2123 834 2174 886; x_wconf 90' lang='lat' dir='ltr'><strong>in</strong></span> <span class='ocrx_word' id='word_1_284' title='bbox 2208 835 2395 903; x_wconf 81' lang='lat' dir='ltr'><strong>primis</strong></span> <span class='ocrx_word' id='word_1_285' title='bbox 2450 837 2556 899; x_wconf 90' lang='lat' dir='ltr'><strong>ille,</strong></span> <span class='ocrx_word' id='word_1_286' title='bbox 2593 840 2682 905; x_wconf 85' lang='lat' dir='ltr'><strong>qui</strong></span> <span class='ocrx_word' id='word_1_287' title='bbox 2734 847 2917 891; x_wconf 89' lang='lat' dir='ltr'><strong>mutus</strong></span> <span class='ocrx_word' id='word_1_288' title='bbox 2950 837 3125 891; x_wconf 89' lang='lat' dir='ltr'><strong>fuerat</strong></span> <span class='ocrx_word' id='word_1_289' title='bbox 3158 850 3211 892; x_wconf 90' lang='lat' dir='ltr'><strong>et</strong></span> <span class='ocrx_word' id='word_1_290' title='bbox 3254 845 3475 903; x_wconf 84' lang='lat' dir='ltr'><strong>surdus.</strong></span> 
     </span>
    </p>
   </div>
   <div class='ocr_carea' id='block_1_39' title="bbox 1905 926 3481 1005">
    <p class='ocr_par' dir='ltr' id='par_1_39' title="bbox 1905 926 3481 1005">
     <span class='ocr_line' id='line_1_39' title="bbox 1905 926 3481 1005; baseline 0.007 -26"><span class='ocrx_word' id='word_1_291' title='bbox 1905 926 1970 979; x_wconf 83' lang='lat' dir='ltr'><strong>ad</strong></span> <span class='ocrx_word' id='word_1_292' title='bbox 2000 927 2142 980; x_wconf 88' lang='lat' dir='ltr'><strong>beati</strong></span> <span class='ocrx_word' id='word_1_293' title='bbox 2182 928 2280 981; x_wconf 77' lang='lat' dir='ltr'><strong>viri</strong></span> <span class='ocrx_word' id='word_1_294' title='bbox 2310 929 2477 997; x_wconf 86' lang='lat' dir='ltr'><strong>pedes</strong></span> <span class='ocrx_word' id='word_1_295' title='bbox 2507 931 2857 997; x_wconf 83' lang='lat' dir='ltr'><strong>procidebant</strong></span> <span class='ocrx_word' id='word_1_296' title='bbox 2890 931 3103 994; x_wconf 78' lang='lat' dir='ltr'><strong>ﬂentes,</strong></span> <span class='ocrx_word' id='word_1_297' title='bbox 3132 950 3365 1005; x_wconf 89' lang='lat' dir='ltr'><strong>eumque</strong></span> <span class='ocrx_word' id='word_1_298' title='bbox 3401 939 3481 990; x_wconf 91' lang='lat' dir='ltr'><strong>sic</strong></span> 
     </span>
    </p>
   </div>
   <div class='ocr_carea' id='block_1_40' title="bbox 1908 1020 3481 1089">
    <p class='ocr_par' dir='ltr' id='par_1_40' title="bbox 1908 1020 3481 1089">
     <span class='ocr_line' id='line_1_40' title="bbox 1908 1020 3481 1089; baseline 0.005 -19"><span class='ocrx_word' id='word_1_299' title='bbox 1908 1020 2328 1088; x_wconf 87' lang='lat' dir='ltr'><strong>alloquebantur</strong></span> <span class='ocrx_word' id='word_1_300' title='bbox 2374 1040 2386 1073; x_wconf 92' lang='lat'>:</span> <span class='ocrx_word' id='word_1_301' title='bbox 2426 1021 2678 1075; x_wconf 79' lang='lat' dir='ltr'><strong>Misereat</strong></span> <span class='ocrx_word' id='word_1_302' title='bbox 2716 1036 2766 1075; x_wconf 84' lang='lat' dir='ltr'><strong>te</strong></span> <span class='ocrx_word' id='word_1_303' title='bbox 2812 1024 3005 1087; x_wconf 77' lang='lat' dir='ltr'><strong>nostri,</strong></span> <span class='ocrx_word' id='word_1_304' title='bbox 3043 1024 3136 1079; x_wconf 91' lang='lat' dir='ltr'><strong>Dei</strong></span> <span class='ocrx_word' id='word_1_305' title='bbox 3187 1042 3365 1089; x_wconf 84' lang='lat' dir='ltr'><strong>serve,</strong></span> <span class='ocrx_word' id='word_1_306' title='bbox 3414 1045 3481 1079; x_wconf 79' lang='lat' dir='ltr'><strong>ne</strong></span> 
     </span>
    </p>
   </div>
   <div class='ocr_carea' id='block_1_41' title="bbox 1908 1110 3481 1182">
    <p class='ocr_par' dir='ltr' id='par_1_41' title="bbox 1908 1110 3481 1182">
     <span class='ocr_line' id='line_1_41' title="bbox 1908 1110 3481 1182; baseline 0.008 -20"><span class='ocrx_word' id='word_1_307' title='bbox 1908 1110 2004 1162; x_wconf 90' lang='lat' dir='ltr'><strong>tibi</strong></span> <span class='ocrx_word' id='word_1_308' title='bbox 2034 1111 2251 1179; x_wconf 65' lang='lat' dir='ltr'><strong>injuriae</strong></span> <span class='ocrx_word' id='word_1_309' title='bbox 2302 1120 2502 1165; x_wconf 73' lang='lat' dir='ltr'><strong>nostra:</strong></span> <span class='ocrx_word' id='word_1_310' title='bbox 2532 1115 2717 1166; x_wconf 89' lang='lat' dir='ltr'><strong>animo</strong></span> <span class='ocrx_word' id='word_1_311' title='bbox 2766 1114 3147 1182; x_wconf 74' lang='lat' dir='ltr'><strong>obversentur,</strong></span> <span class='ocrx_word' id='word_1_312' title='bbox 3192 1135 3325 1174; x_wconf 83' lang='lat' dir='ltr'><strong>neve</strong></span> <span class='ocrx_word' id='word_1_313' title='bbox 3363 1136 3481 1174; x_wconf 85' lang='lat' dir='ltr'><strong>ma-</strong></span> 
     </span>
    </p>
   </div>
   <div class='ocr_carea' id='block_1_42' title="bbox 1909 1203 3477 1276">
    <p class='ocr_par' dir='ltr' id='par_1_42' title="bbox 1909 1203 3477 1276">
     <span class='ocr_line' id='line_1_42' title="bbox 1909 1203 3477 1276; baseline 0.008 -22"><span class='ocrx_word' id='word_1_314' title='bbox 1909 1203 2082 1255; x_wconf 89' lang='lat' dir='ltr'><strong>lorum</strong></span> <span class='ocrx_word' id='word_1_315' title='bbox 2111 1204 2451 1267; x_wconf 84' lang='lat' dir='ltr'><strong>memineris,</strong></span> <span class='ocrx_word' id='word_1_316' title='bbox 2478 1222 2598 1275; x_wconf 76' lang='lat' dir='ltr'><strong>quze</strong></span> <span class='ocrx_word' id='word_1_317' title='bbox 2624 1206 2718 1258; x_wconf 84' lang='lat' dir='ltr'><strong>libi</strong></span> <span class='ocrx_word' id='word_1_318' title='bbox 2750 1208 2999 1276; x_wconf 84' lang='lat' dir='ltr'><strong>sacrilegi</strong></span> <span class='ocrx_word' id='word_1_319' title='bbox 3034 1211 3121 1262; x_wconf 90' lang='lat' dir='ltr'><strong>isti</strong></span> <span class='ocrx_word' id='word_1_320' title='bbox 3156 1212 3477 1268; x_wconf 85' lang='lat' dir='ltr'><strong>intulerunt.</strong></span> 
     </span>
    </p>
   </div>
   <div class='ocr_carea' id='block_1_43' title="bbox 1906 1293 3481 1371">
    <p class='ocr_par' dir='ltr' id='par_1_43' title="bbox 1906 1293 3481 1371">
     <span class='ocr_line' id='line_1_43' title="bbox 1906 1293 3481 1371; baseline 0.006 -24"><span class='ocrx_word' id='word_1_321' title='bbox 1906 1293 2027 1348; x_wconf 80' lang='lat' dir='ltr'><strong>Mox</strong></span> <span class='ocrx_word' id='word_1_322' title='bbox 2064 1295 2327 1349; x_wconf 86' lang='lat' dir='ltr'><strong>Sabinum</strong></span> <span class='ocrx_word' id='word_1_323' title='bbox 2362 1298 2556 1352; x_wconf 88' lang='lat' dir='ltr'><strong>intuita</strong></span> <span class='ocrx_word' id='word_1_324' title='bbox 2589 1315 2727 1352; x_wconf 84' lang='lat' dir='ltr'><strong>uxor</strong></span> <span class='ocrx_word' id='word_1_325' title='bbox 2755 1317 2766 1351; x_wconf 92' lang='lat'><strong>:</strong></span> <span class='ocrx_word' id='word_1_326' title='bbox 2800 1298 2992 1362; x_wconf 87' lang='lat' dir='ltr'><strong>Domo,</strong></span> <span class='ocrx_word' id='word_1_327' title='bbox 3022 1303 3216 1371; x_wconf 87' lang='lat' dir='ltr'><strong>inquit,</strong></span> <span class='ocrx_word' id='word_1_328' title='bbox 3262 1321 3379 1359; x_wconf 90' lang='lat' dir='ltr'><strong>mea</strong></span> <span class='ocrx_word' id='word_1_329' title='bbox 3411 1308 3481 1360; x_wconf 85' lang='lat' dir='ltr'><strong>ab</strong></span> 
     </span>
    </p>
   </div>
   <div class='ocr_carea' id='block_1_44' title="bbox 1909 1386 3482 1460">
    <p class='ocr_par' dir='ltr' id='par_1_44' title="bbox 1909 1386 3482 1460">
     <span class='ocr_line' id='line_1_44' title="bbox 1909 1386 3482 1460; baseline 0.007 -21"><span class='ocrx_word' id='word_1_330' title='bbox 1909 1387 2011 1441; x_wconf 85' lang='lat' dir='ltr'><strong>lioc</strong></span> <span class='ocrx_word' id='word_1_331' title='bbox 2044 1386 2133 1441; x_wconf 90' lang='lat' dir='ltr'><strong>die</strong></span> <span class='ocrx_word' id='word_1_332' title='bbox 2160 1390 2395 1443; x_wconf 77' lang='lat' dir='ltr'><strong>extorris</strong></span> <span class='ocrx_word' id='word_1_333' title='bbox 2423 1401 2542 1443; x_wconf 89' lang='lat' dir='ltr'><strong>esto</strong></span> <span class='ocrx_word' id='word_1_334' title='bbox 2578 1409 2590 1445; x_wconf 94' lang='lat'><strong>:</strong></span> <span class='ocrx_word' id='word_1_335' title='bbox 2620 1391 2748 1460; x_wconf 90' lang='lat' dir='ltr'><strong>quid</strong></span> <span class='ocrx_word' id='word_1_336' title='bbox 2771 1402 2823 1445; x_wconf 92' lang='lat' dir='ltr'><strong>tu</strong></span> <span class='ocrx_word' id='word_1_337' title='bbox 2856 1394 3154 1460; x_wconf 89' lang='lat' dir='ltr'><strong>pessimum</strong></span> <span class='ocrx_word' id='word_1_338' title='bbox 3186 1397 3322 1450; x_wconf 89' lang='lat' dir='ltr'><strong>inire</strong></span> <span class='ocrx_word' id='word_1_339' title='bbox 3350 1413 3482 1450; x_wconf 85' lang='lat' dir='ltr'><strong>eon-</strong></span> 
     </span>
    </p>
   </div>
   <div class='ocr_carea' id='block_1_45' title="bbox 1906 1475 3482 1554">
    <p class='ocr_par' dir='ltr' id='par_1_45' title="bbox 1906 1475 3482 1554">
     <span class='ocr_line' id='line_1_45' title="bbox 1906 1475 3482 1554; baseline 0.006 -26"><span class='ocrx_word' id='word_1_340' title='bbox 1906 1475 2089 1529; x_wconf 75' lang='lat' dir='ltr'><strong>silium</strong></span> <span class='ocrx_word' id='word_1_341' title='bbox 2124 1494 2290 1533; x_wconf 84' lang='lat' dir='ltr'><strong>ausus</strong></span> <span class='ocrx_word' id='word_1_342' title='bbox 2339 1494 2397 1532; x_wconf 89' lang='lat' dir='ltr'><strong>es</strong></span> <span class='ocrx_word' id='word_1_343' title='bbox 2440 1481 2701 1534; x_wconf 70' lang='lat' dir='ltr'><strong>aslversus</strong></span> <span class='ocrx_word' id='word_1_344' title='bbox 2750 1480 2893 1537; x_wconf 78' lang='lat' dir='ltr'><strong>hunc</strong></span> <span class='ocrx_word' id='word_1_345' title='bbox 2944 1484 3180 1551; x_wconf 91' lang='lat' dir='ltr'><strong>justum,</strong></span> <span class='ocrx_word' id='word_1_346' title='bbox 3215 1486 3309 1554; x_wconf 81' lang='lat' dir='ltr'><strong>qui</strong></span> <span class='ocrx_word' id='word_1_347' title='bbox 3341 1486 3482 1539; x_wconf 85' lang='lat' dir='ltr'><strong>tilio-</strong></span> 
     </span>
    </p>
   </div>
   <div class='ocr_carea' id='block_1_46' title="bbox 1910 1566 3481 1645">
    <p class='ocr_par' dir='ltr' id='par_1_46' title="bbox 1910 1566 3481 1645">
     <span class='ocr_line' id='line_1_46' title="bbox 1910 1566 3481 1645; baseline 0.004 -26"><span class='ocrx_word' id='word_1_348' title='bbox 1910 1566 2018 1619; x_wconf 85' lang='lat' dir='ltr'><strong>lam</strong></span> <span class='ocrx_word' id='word_1_349' title='bbox 2071 1578 2312 1622; x_wconf 88' lang='lat' dir='ltr'><strong>nostram</strong></span> <span class='ocrx_word' id='word_1_350' title='bbox 2367 1570 2490 1622; x_wconf 91' lang='lat' dir='ltr'><strong>unis</strong></span> <span class='ocrx_word' id='word_1_351' title='bbox 2548 1572 2801 1637; x_wconf 78' lang='lat' dir='ltr'><strong>precibus</strong></span> <span class='ocrx_word' id='word_1_352' title='bbox 2847 1589 3028 1628; x_wconf 84' lang='lat' dir='ltr'><strong>coram</strong></span> <span class='ocrx_word' id='word_1_353' title='bbox 3079 1577 3227 1628; x_wconf 90' lang='lat' dir='ltr'><strong>omni</strong></span> <span class='ocrx_word' id='word_1_354' title='bbox 3283 1578 3481 1645; x_wconf 88' lang='lat' dir='ltr'><strong>popqu</strong></span> 
     </span>
    </p>
   </div>
   <div class='ocr_carea' id='block_1_47' title="bbox 1916 1660 3478 1737">
    <p class='ocr_par' dir='ltr' id='par_1_47' title="bbox 1916 1660 3478 1737">
     <span class='ocr_line' id='line_1_47' title="bbox 1916 1660 3478 1737; baseline 0.008 -28"><span class='ocrx_word' id='word_1_355' title='bbox 1916 1660 2216 1713; x_wconf 78' lang='lat' dir='ltr'><strong>valetudini</strong></span> <span class='ocrx_word' id='word_1_356' title='bbox 2261 1661 2537 1714; x_wconf 82' lang='lat' dir='ltr'><strong>restituit?</strong></span> <span class='ocrx_word' id='word_1_357' title='bbox 2566 1660 2794 1717; x_wconf 77' lang='lat' dir='ltr'><strong>Discede</strong></span> <span class='ocrx_word' id='word_1_358' title='bbox 2844 1681 2871 1717; x_wconf 91' lang='lat' dir='ltr'><strong>a</strong></span> <span class='ocrx_word' id='word_1_359' title='bbox 2923 1680 3031 1729; x_wconf 88' lang='lat' dir='ltr'><strong>me,</strong></span> <span class='ocrx_word' id='word_1_360' title='bbox 3064 1677 3156 1721; x_wconf 85' lang='lat' dir='ltr'><strong>aut</strong></span> <span class='ocrx_word' id='word_1_361' title='bbox 3200 1683 3301 1737; x_wconf 73' lang='lat' dir='ltr'><strong>ego</strong></span> <span class='ocrx_word' id='word_1_362' title='bbox 3344 1671 3478 1722; x_wconf 91' lang='lat' dir='ltr'><strong>mihi</strong></span> 
     </span>
    </p>
   </div>
   <div class='ocr_carea' id='block_1_48' title="bbox 1909 1752 3481 1824">
    <p class='ocr_par' dir='ltr' id='par_1_48' title="bbox 1909 1752 3481 1824">
     <span class='ocr_line' id='line_1_48' title="bbox 1909 1752 3481 1824; baseline 0.006 -19"><span class='ocrx_word' id='word_1_363' title='bbox 1909 1767 2106 1807; x_wconf 83' lang='lat' dir='ltr'><strong>manus</strong></span> <span class='ocrx_word' id='word_1_364' title='bbox 2142 1754 2339 1806; x_wconf 81' lang='lat' dir='ltr'><strong>infero.</strong></span> <span class='ocrx_word' id='word_1_365' title='bbox 2372 1752 2663 1809; x_wconf 76' lang='lat' dir='ltr'><strong>Enimvero</strong></span> <span class='ocrx_word' id='word_1_366' title='bbox 2691 1756 2929 1811; x_wconf 87' lang='lat' dir='ltr'><strong>Sabinus</strong></span> <span class='ocrx_word' id='word_1_367' title='bbox 2961 1762 3109 1813; x_wconf 74' lang='lat' dir='ltr'><strong>vultu</strong></span> <span class='ocrx_word' id='word_1_368' title='bbox 3140 1762 3396 1824; x_wconf 81' lang='lat' dir='ltr'><strong>eoin-idit,</strong></span> <span class='ocrx_word' id='word_1_369' title='bbox 3429 1771 3481 1815; x_wconf 85' lang='lat' dir='ltr'><strong>et</strong></span> 
     </span>
    </p>
   </div>
   <div class='ocr_carea' id='block_1_49' title="bbox 1908 1846 3480 1920">
    <p class='ocr_par' dir='ltr' id='par_1_49' title="bbox 1908 1846 3480 1920">
     <span class='ocr_line' id='line_1_49' title="bbox 1908 1846 3480 1920; baseline 0.006 -20"><span class='ocrx_word' id='word_1_370' title='bbox 1908 1847 2025 1900; x_wconf 77' lang='lat' dir='ltr'><strong>saxi</strong></span> <span class='ocrx_word' id='word_1_371' title='bbox 2056 1846 2233 1899; x_wconf 84' lang='lat' dir='ltr'><strong>instar</strong></span> <span class='ocrx_word' id='word_1_372' title='bbox 2272 1847 2579 1911; x_wconf 74' lang='lat' dir='ltr'><strong>obmutuit;</strong></span> <span class='ocrx_word' id='word_1_373' title='bbox 2612 1858 2666 1901; x_wconf 78' lang='lat' dir='ltr'><strong>et</strong></span> <span class='ocrx_word' id='word_1_374' title='bbox 2692 1860 2917 1903; x_wconf 84' lang='lat' dir='ltr'><strong>sanctus</strong></span> <span class='ocrx_word' id='word_1_375' title='bbox 2945 1850 3247 1920; x_wconf 75' lang='lat' dir='ltr'><strong>Gregorius</strong></span> <span class='ocrx_word' id='word_1_376' title='bbox 3284 1856 3364 1907; x_wconf 84' lang='lat' dir='ltr'><strong>sic</strong></span> <span class='ocrx_word' id='word_1_377' title='bbox 3402 1856 3480 1908; x_wconf 92' lang='lat' dir='ltr'><strong>le—</strong></span> 
     </span>
    </p>
   </div>
   <div class='ocr_carea' id='block_1_50' title="bbox 1905 1937 3480 2008">
    <p class='ocr_par' dir='ltr' id='par_1_50' title="bbox 1905 1937 3480 2008">
     <span class='ocr_line' id='line_1_50' title="bbox 1905 1937 3480 2008; baseline 0.007 -18"><span class='ocrx_word' id='word_1_378' title='bbox 1905 1947 2091 2007; x_wconf 81' lang='lat' dir='ltr'><strong>gatum</strong></span> <span class='ocrx_word' id='word_1_379' title='bbox 2125 1937 2324 1992; x_wconf 75' lang='lat' dir='ltr'><strong>affatur</strong></span> <span class='ocrx_word' id='word_1_380' title='bbox 2357 1958 2368 1992; x_wconf 93' lang='lat'>:</span> <span class='ocrx_word' id='word_1_381' title='bbox 2397 1940 2665 2003; x_wconf 82' lang='lat' dir='ltr'><strong>Quoniam</strong></span> <span class='ocrx_word' id='word_1_382' title='bbox 2692 1950 2762 2005; x_wconf 86' lang='lat' dir='ltr'><strong>te,</strong></span> <span class='ocrx_word' id='word_1_383' title='bbox 2792 1942 2977 2008; x_wconf 90' lang='lat' dir='ltr'><strong>homo,</strong></span> <span class='ocrx_word' id='word_1_384' title='bbox 3011 1945 3271 1999; x_wconf 86' lang='lat' dir='ltr'><strong>arbitrum</strong></span> <span class='ocrx_word' id='word_1_385' title='bbox 3297 1962 3480 2001; x_wconf 80' lang='lat' dir='ltr'><strong>causa:</strong></span> 
     </span>
    </p>
   </div>
   <div class='ocr_carea' id='block_1_51' title="bbox 1906 2028 3479 2108">
    <p class='ocr_par' dir='ltr' id='par_1_51' title="bbox 1906 2028 3479 2108">
     <span class='ocr_line' id='line_1_51' title="bbox 1906 2028 3479 2108; baseline 0.006 -27"><span class='ocrx_word' id='word_1_386' title='bbox 1906 2045 2038 2082; x_wconf 82' lang='lat' dir='ltr'><strong>meae</strong></span> <span class='ocrx_word' id='word_1_387' title='bbox 2064 2028 2374 2097; x_wconf 60' lang='lat' dir='ltr'><strong>judiccmi‘e</strong></span> <span class='ocrx_word' id='word_1_388' title='bbox 2416 2045 2576 2083; x_wconf 88' lang='lat' dir='ltr'><strong>nemo</strong></span> <span class='ocrx_word' id='word_1_389' title='bbox 2626 2030 2936 2095; x_wconf 92' lang='lat' dir='ltr'><strong>constituit,</strong></span> <span class='ocrx_word' id='word_1_390' title='bbox 2965 2033 3094 2101; x_wconf 75' lang='lat' dir='ltr'><strong>jube</strong></span> <span class='ocrx_word' id='word_1_391' title='bbox 3128 2050 3213 2087; x_wconf 89' lang='lat' dir='ltr'><strong>me</strong></span> <span class='ocrx_word' id='word_1_392' title='bbox 3258 2036 3383 2108; x_wconf 70' lang='lat' dir='ltr'><strong>hinc</strong></span> <span class='ocrx_word' id='word_1_393' title='bbox 3426 2038 3479 2091; x_wconf 91' lang='lat' dir='ltr'><strong>in</strong></span> 
     </span>
    </p>
   </div>
   <div class='ocr_carea' id='block_1_52' title="bbox 1906 2117 3477 2196">
    <p class='ocr_par' dir='ltr' id='par_1_52' title="bbox 1906 2117 3477 2196">
     <span class='ocr_line' id='line_1_52' title="bbox 1906 2117 3477 2196; baseline 0.003 -23"><span class='ocrx_word' id='word_1_394' title='bbox 1906 2121 2208 2173; x_wconf 74' lang='lat' dir='ltr'><strong>custodiam</strong></span> <span class='ocrx_word' id='word_1_395' title='bbox 2269 2119 2482 2181; x_wconf 89' lang='lat' dir='ltr'><strong>redire,</strong></span> <span class='ocrx_word' id='word_1_396' title='bbox 2546 2117 2759 2191; x_wconf 73' lang='lat' dir='ltr'><strong>[um]</strong></span> <span class='ocrx_word' id='word_1_397' title='bbox 2810 2137 3088 2192; x_wconf 81' lang='lat' dir='ltr'><strong>nervoque</strong></span> <span class='ocrx_word' id='word_1_398' title='bbox 3137 2126 3477 2196; x_wconf 76' lang='lat' dir='ltr'><strong>constringi,</strong></span> 
     </span>
    </p>
   </div>
   <div class='ocr_carea' id='block_1_53' title="bbox 1903 2212 3477 2287">
    <p class='ocr_par' dir='ltr' id='par_1_53' title="bbox 1903 2212 3477 2287">
     <span class='ocr_line' id='line_1_53' title="bbox 1903 2212 3477 2287; baseline 0.005 -22"><span class='ocrx_word' id='word_1_399' title='bbox 1903 2212 2079 2265; x_wconf 88' lang='lat' dir='ltr'><strong>donec</strong></span> <span class='ocrx_word' id='word_1_400' title='bbox 2110 2212 2176 2265; x_wconf 93' lang='lat' dir='ltr'><strong>de</strong></span> <span class='ocrx_word' id='word_1_401' title='bbox 2220 2227 2385 2268; x_wconf 87' lang='lat' dir='ltr'><strong>causa</strong></span> <span class='ocrx_word' id='word_1_402' title='bbox 2432 2227 2733 2283; x_wconf 81' lang='lat' dir='ltr'><strong>cognoscas</strong></span> <span class='ocrx_word' id='word_1_403' title='bbox 2766 2233 2778 2266; x_wconf 91' lang='lat'>:</span> <span class='ocrx_word' id='word_1_404' title='bbox 2811 2215 2902 2282; x_wconf 86' lang='lat' dir='ltr'><strong>qui</strong></span> <span class='ocrx_word' id='word_1_405' title='bbox 2941 2216 3071 2269; x_wconf 90' lang='lat' dir='ltr'><strong>olim</strong></span> <span class='ocrx_word' id='word_1_406' title='bbox 3118 2228 3477 2287; x_wconf 79' lang='lat' dir='ltr'><strong>tyrannorum</strong></span> 
     </span>
    </p>
   </div>
   <div class='ocr_carea' id='block_1_54' title="bbox 1907 2304 3477 2379">
    <p class='ocr_par' dir='ltr' id='par_1_54' title="bbox 1907 2304 3477 2379">
     <span class='ocr_line' id='line_1_54' title="bbox 1907 2304 3477 2379; baseline 0.004 -21"><span class='ocrx_word' id='word_1_407' title='bbox 1907 2320 2027 2360; x_wconf 90' lang='lat' dir='ltr'><strong>mos</strong></span> <span class='ocrx_word' id='word_1_408' title='bbox 2070 2304 2172 2360; x_wconf 85' lang='lat' dir='ltr'><strong>fuit</strong></span> <span class='ocrx_word' id='word_1_409' title='bbox 2198 2305 2335 2377; x_wconf 80' lang='lat'><strong>(65).</strong></span> <span class='ocrx_word' id='word_1_410' title='bbox 2377 2307 2478 2361; x_wconf 91' lang='lat' dir='ltr'><strong>Cui</strong></span> <span class='ocrx_word' id='word_1_411' title='bbox 2530 2309 2741 2376; x_wconf 82' lang='lat' dir='ltr'><strong>legatus</strong></span> <span class='ocrx_word' id='word_1_412' title='bbox 2774 2327 2785 2360; x_wconf 91' lang='lat'><strong>:</strong></span> <span class='ocrx_word' id='word_1_413' title='bbox 2818 2306 2935 2361; x_wconf 86' lang='lat' dir='ltr'><strong>Non</strong></span> <span class='ocrx_word' id='word_1_414' title='bbox 2966 2323 3086 2376; x_wconf 80' lang='lat' dir='ltr'><strong>ego,</strong></span> <span class='ocrx_word' id='word_1_415' title='bbox 3119 2310 3317 2379; x_wconf 87' lang='lat' dir='ltr'><strong>inquit,</strong></span> <span class='ocrx_word' id='word_1_416' title='bbox 3352 2327 3477 2365; x_wconf 88' lang='lat' dir='ltr'><strong>con-</strong></span> 
     </span>
    </p>
   </div>
   <div class='ocr_carea' id='block_1_55' title="bbox 1906 2393 3478 2472">
    <p class='ocr_par' dir='ltr' id='par_1_55' title="bbox 1906 2393 3478 2472">
     <span class='ocr_line' id='line_1_55' title="bbox 1906 2393 3478 2472; baseline 0.007 -25"><span class='ocrx_word' id='word_1_417' title='bbox 1906 2393 2097 2461; x_wconf 75' lang='lat' dir='ltr'><strong>stringi</strong></span> <span class='ocrx_word' id='word_1_418' title='bbox 2143 2404 2194 2449; x_wconf 90' lang='lat' dir='ltr'><strong>te</strong></span> <span class='ocrx_word' id='word_1_419' title='bbox 2221 2396 2425 2464; x_wconf 86' lang='lat' dir='ltr'><strong>jubeo;</strong></span> <span class='ocrx_word' id='word_1_420' title='bbox 2481 2398 2573 2451; x_wconf 88' lang='lat' dir='ltr'><strong>sed</strong></span> <span class='ocrx_word' id='word_1_421' title='bbox 2606 2400 2699 2466; x_wconf 88' lang='lat' dir='ltr'><strong>qui</strong></span> <span class='ocrx_word' id='word_1_422' title='bbox 2751 2408 2802 2452; x_wconf 91' lang='lat' dir='ltr'><strong>te</strong></span> <span class='ocrx_word' id='word_1_423' title='bbox 2849 2399 3234 2467; x_wconf 85' lang='lat' dir='ltr'><strong>criminantur,</strong></span> <span class='ocrx_word' id='word_1_424' title='bbox 3275 2403 3374 2472; x_wconf 83' lang='lat' dir='ltr'><strong>ipsi</strong></span> <span class='ocrx_word' id='word_1_425' title='bbox 3428 2414 3478 2458; x_wconf 86' lang='lat' dir='ltr'><strong>te</strong></span> 
     </span>
    </p>
   </div>
   <div class='ocr_carea' id='block_1_56' title="bbox 1905 2486 3475 2562">
    <p class='ocr_par' dir='ltr' id='par_1_56' title="bbox 1905 2486 3475 2562">
     <span class='ocr_line' id='line_1_56' title="bbox 1905 2486 3475 2562; baseline 0.008 -24"><span class='ocrx_word' id='word_1_426' title='bbox 1905 2486 2322 2542; x_wconf 85' lang='lat' dir='ltr'><strong>custodiendum</strong></span> <span class='ocrx_word' id='word_1_427' title='bbox 2365 2497 2578 2542; x_wconf 87' lang='lat' dir='ltr'><strong>curant.</strong></span> <span class='ocrx_word' id='word_1_428' title='bbox 2612 2491 2694 2544; x_wconf 81' lang='lat' dir='ltr'><strong>Ah</strong></span> <span class='ocrx_word' id='word_1_429' title='bbox 2732 2504 2796 2545; x_wconf 85' lang='lat' dir='ltr'><strong>eo</strong></span> <span class='ocrx_word' id='word_1_430' title='bbox 2844 2491 3009 2553; x_wconf 68' lang='lat' dir='ltr'><strong>igitur</strong></span> <span class='ocrx_word' id='word_1_431' title='bbox 3039 2494 3319 2562; x_wconf 85' lang='lat' dir='ltr'><strong>digressus</strong></span> <span class='ocrx_word' id='word_1_432' title='bbox 3347 2497 3475 2551; x_wconf 87' lang='lat' dir='ltr'><strong>bea-</strong></span> 
     </span>
    </p>
   </div>
   <div class='ocr_carea' id='block_1_57' title="bbox 1906 2577 3471 2653">
    <p class='ocr_par' dir='ltr' id='par_1_57' title="bbox 1906 2577 3471 2653">
     <span class='ocr_line' id='line_1_57' title="bbox 1906 2577 3471 2653; baseline 0.008 -24"><span class='ocrx_word' id='word_1_433' title='bbox 1906 2588 1990 2631; x_wconf 89' lang='lat' dir='ltr'><strong>tus</strong></span> <span class='ocrx_word' id='word_1_434' title='bbox 2022 2577 2105 2631; x_wconf 78' lang='lat' dir='ltr'><strong>vir</strong></span> <span class='ocrx_word' id='word_1_435' title='bbox 2143 2579 2193 2632; x_wconf 88' lang='lat' dir='ltr'><strong>in</strong></span> <span class='ocrx_word' id='word_1_436' title='bbox 2229 2593 2502 2635; x_wconf 87' lang='lat' dir='ltr'><strong>carcerem</strong></span> <span class='ocrx_word' id='word_1_437' title='bbox 2548 2582 2703 2649; x_wconf 89' lang='lat' dir='ltr'><strong>abiit,</strong></span> <span class='ocrx_word' id='word_1_438' title='bbox 2740 2592 2903 2653; x_wconf 89' lang='lat' dir='ltr'><strong>atque</strong></span> <span class='ocrx_word' id='word_1_439' title='bbox 2946 2585 3019 2638; x_wconf 90' lang='lat' dir='ltr'><strong>ibi</strong></span> <span class='ocrx_word' id='word_1_440' title='bbox 3052 2594 3219 2641; x_wconf 86' lang='lat' dir='ltr'><strong>totam</strong></span> <span class='ocrx_word' id='word_1_441' title='bbox 3255 2598 3471 2643; x_wconf 85' lang='lat' dir='ltr'><strong>noctein</strong></span> 
     </span>
    </p>
   </div>
   <div class='ocr_carea' id='block_1_58' title="bbox 1907 2670 3475 2752">
    <p class='ocr_par' dir='ltr' id='par_1_58' title="bbox 1907 2670 3475 2752">
     <span class='ocr_line' id='line_1_58' title="bbox 1907 2670 3475 2752; baseline 0.009 -31"><span class='ocrx_word' id='word_1_442' title='bbox 1907 2670 2147 2725; x_wconf 83' lang='lat' dir='ltr'><strong>traduxit</strong></span> <span class='ocrx_word' id='word_1_443' title='bbox 2206 2673 2474 2727; x_wconf 88' lang='lat' dir='ltr'><strong>insomnis</strong></span> <span class='ocrx_word' id='word_1_444' title='bbox 2521 2689 2644 2727; x_wconf 90' lang='lat' dir='ltr'><strong>cum</strong></span> <span class='ocrx_word' id='word_1_445' title='bbox 2699 2676 3086 2732; x_wconf 87' lang='lat' dir='ltr'><strong>archidiacono</strong></span> <span class='ocrx_word' id='word_1_446' title='bbox 3137 2688 3190 2733; x_wconf 89' lang='lat' dir='ltr'><strong>et</strong></span> <span class='ocrx_word' id='word_1_447' title='bbox 3247 2682 3475 2752; x_wconf 81' lang='lat' dir='ltr'><strong>reliquis</strong></span> 
     </span>
    </p>
   </div>
   <div class='ocr_carea' id='block_1_59' title="bbox 1908 2761 3479 2841">
    <p class='ocr_par' dir='ltr' id='par_1_59' title="bbox 1908 2761 3479 2841">
     <span class='ocr_line' id='line_1_59' title="bbox 1908 2761 3479 2841; baseline 0.009 -29"><span class='ocrx_word' id='word_1_448' title='bbox 1908 2761 2159 2816; x_wconf 83' lang='lat' dir='ltr'><strong>diaconis</strong></span> <span class='ocrx_word' id='word_1_449' title='bbox 2199 2761 2449 2837; x_wconf 84' lang='lat' dir='ltr'><strong>Erasmo,</strong></span> <span class='ocrx_word' id='word_1_450' title='bbox 2494 2764 2852 2836; x_wconf 88' lang='lat' dir='ltr'><strong>Philadelpho</strong></span> <span class='ocrx_word' id='word_1_451' title='bbox 2902 2777 2956 2821; x_wconf 92' lang='lat' dir='ltr'><strong>et</strong></span> <span class='ocrx_word' id='word_1_452' title='bbox 2998 2768 3304 2835; x_wconf 85' lang='lat' dir='ltr'><strong>Platonico,</strong></span> <span class='ocrx_word' id='word_1_453' title='bbox 3357 2775 3479 2841; x_wconf 84' lang='lat' dir='ltr'><strong>qui-</strong></span> 
     </span>
    </p>
   </div>
   <div class='ocr_carea' id='block_1_60' title="bbox 1908 2854 3474 2922">
    <p class='ocr_par' dir='ltr' id='par_1_60' title="bbox 1908 2854 3474 2922">
     <span class='ocr_line' id='line_1_60' title="bbox 1908 2854 3474 2922; baseline 0.008 -18"><span class='ocrx_word' id='word_1_454' title='bbox 1908 2854 2135 2905; x_wconf 85' lang='lat' dir='ltr'><strong>bu‘scum</strong></span> <span class='ocrx_word' id='word_1_455' title='bbox 2169 2854 2409 2922; x_wconf 85' lang='lat' dir='ltr'><strong>psalmos</strong></span> <span class='ocrx_word' id='word_1_456' title='bbox 2450 2857 2669 2921; x_wconf 89' lang='lat' dir='ltr'><strong>cecinit,</strong></span> <span class='ocrx_word' id='word_1_457' title='bbox 2714 2868 2811 2912; x_wconf 86' lang='lat' dir='ltr'><strong>aut</strong></span> <span class='ocrx_word' id='word_1_458' title='bbox 2861 2860 3113 2913; x_wconf 78' lang='lat' dir='ltr'><strong>lectionis</strong></span> <span class='ocrx_word' id='word_1_459' title='bbox 3147 2862 3268 2915; x_wconf 92' lang='lat' dir='ltr'><strong>loco</strong></span> <span class='ocrx_word' id='word_1_460' title='bbox 3308 2864 3474 2916; x_wconf 86' lang='lat' dir='ltr'><strong>multa</strong></span> 
     </span>
    </p>
   </div>
   <div class='ocr_carea' id='block_1_61' title="bbox 1906 2946 3476 3021">
    <p class='ocr_par' dir='ltr' id='par_1_61' title="bbox 1906 2946 3476 3021">
     <span class='ocr_line' id='line_1_61' title="bbox 1906 2946 3476 3021; baseline 0.007 -23"><span class='ocrx_word' id='word_1_461' title='bbox 1906 2946 2225 2999; x_wconf 88' lang='lat' dir='ltr'><strong>memoriter</strong></span> <span class='ocrx_word' id='word_1_462' title='bbox 2257 2948 2632 3014; x_wconf 88' lang='lat' dir='ltr'><strong>pronuntiavit</strong></span> <span class='ocrx_word' id='word_1_463' title='bbox 2666 2950 2788 3005; x_wconf 87' lang='lat' dir='ltr'><strong>sine</strong></span> <span class='ocrx_word' id='word_1_464' title='bbox 2817 2952 2976 3006; x_wconf 90' lang='lat' dir='ltr'><strong>libro.</strong></span> <span class='ocrx_word' id='word_1_465' title='bbox 3012 2952 3197 3021; x_wconf 84' lang='lat' dir='ltr'><strong>Neque</strong></span> <span class='ocrx_word' id='word_1_466' title='bbox 3234 2955 3378 3008; x_wconf 87' lang='lat' dir='ltr'><strong>enim</strong></span> <span class='ocrx_word' id='word_1_467' title='bbox 3411 2972 3476 3009; x_wconf 72' lang='lat' dir='ltr'><strong>ex</strong></span> 
     </span>
    </p>
   </div>
   <div class='ocr_carea' id='block_1_62' title="bbox 1905 3037 3229 3112">
    <p class='ocr_par' dir='ltr' id='par_1_62' title="bbox 1905 3037 3229 3112">
     <span class='ocr_line' id='line_1_62' title="bbox 1905 3037 3229 3112; baseline 0.005 -22"><span class='ocrx_word' id='word_1_468' title='bbox 1905 3038 2116 3092; x_wconf 66' lang='lat' dir='ltr'><strong>aedibus</strong></span> <span class='ocrx_word' id='word_1_469' title='bbox 2150 3037 2329 3092; x_wconf 77' lang='lat' dir='ltr'><strong>elferri</strong></span> <span class='ocrx_word' id='word_1_470' title='bbox 2370 3039 2440 3092; x_wconf 86' lang='lat' dir='ltr'><strong>ab</strong></span> <span class='ocrx_word' id='word_1_471' title='bbox 2469 3055 2534 3094; x_wconf 91' lang='lat' dir='ltr'><strong>eo</strong></span> <span class='ocrx_word' id='word_1_472' title='bbox 2565 3042 2864 3111; x_wconf 88' lang='lat' dir='ltr'><strong>quidquam</strong></span> <span class='ocrx_word' id='word_1_473' title='bbox 2903 3044 3051 3112; x_wconf 86' lang='lat' dir='ltr'><strong>passi</strong></span> <span class='ocrx_word' id='word_1_474' title='bbox 3082 3054 3229 3098; x_wconf 89' lang='lat' dir='ltr'><strong>sunt.</strong></span> 
     </span>
    </p>
   </div>
   <div class='ocr_carea' id='block_1_63' title="bbox 303 3180 1972 3296">
    <p class='ocr_par' dir='ltr' id='par_1_63' title="bbox 303 3180 1871 3296">
     <span class='ocr_line' id='line_1_63' title="bbox 303 3180 1871 3296; baseline 0.001 -19"><span class='ocrx_word' id='word_1_475' title='bbox 303 3225 379 3279; x_wconf 68' lang='grc' dir='ltr'><strong>ΞΥ.</strong></span> <span class='ocrx_word' id='word_1_476' title='bbox 420 3225 576 3279; x_wconf 85' lang='grc' dir='ltr'>Μετά</span> <span class='ocrx_word' id='word_1_477' title='bbox 605 3226 663 3278; x_wconf 80' lang='grc' dir='ltr'>δὲ</span> <span class='ocrx_word' id='word_1_478' title='bbox 692 3225 867 3280; x_wconf 86' lang='grc' dir='ltr'>ταῦτα</span> <span class='ocrx_word' id='word_1_479' title='bbox 901 3226 1287 3296; x_wconf 84' lang='grc' dir='ltr'>μετεστείλατο</span> <span class='ocrx_word' id='word_1_480' title='bbox 1328 3228 1355 3279; x_wconf 79' lang='lat'><strong>6</strong></span> <span class='ocrx_word' id='word_1_481' title='bbox 1401 3226 1554 3292; x_wconf 74' lang='grc' dir='ltr'>ἅγιος</span> <span class='ocrx_word' id='word_1_482' title='bbox 1598 3227 1803 3296; x_wconf 82' lang='grc' dir='ltr'><strong>Γρηγό-</strong></span> <span class='ocrx_word' id='word_1_483' title='bbox 1828 3180 1871 3237; x_wconf 75' lang='lat' dir='ltr'><strong><em>C</em></strong></span> 
     </span>
    </p>
   </div>
   <div class='ocr_carea' id='block_1_64' title="bbox 1808 3180 3477 3296">
    <p class='ocr_par' dir='ltr' id='par_1_64' title="bbox 1828 3180 3477 3291">
     <span class='ocr_line' id='line_1_64' title="bbox 1828 3180 3477 3291; baseline 0.007 -26"><span class='ocrx_word' id='word_1_484' title='bbox 1828 3180 1871 3237; x_wconf 61' lang='grc' dir='ltr'><strong>δ</strong></span> <span class='ocrx_word' id='word_1_485' title='bbox 1982 3213 2094 3267; x_wconf 77' lang='lat' dir='ltr'><strong>LX.</strong></span> <span class='ocrx_word' id='word_1_486' title='bbox 2141 3213 2402 3283; x_wconf 77' lang='lat' dir='ltr'><strong>Legatum</strong></span> <span class='ocrx_word' id='word_1_487' title='bbox 2436 3209 2631 3271; x_wconf 80' lang='lat' dir='ltr'><strong>deinde</strong></span> <span class='ocrx_word' id='word_1_488' title='bbox 2683 3221 2971 3274; x_wconf 76' lang='lat' dir='ltr'><strong>arcessivit</strong></span> <span class='ocrx_word' id='word_1_489' title='bbox 3017 3235 3237 3278; x_wconf 87' lang='lat' dir='ltr'><strong>sanctus</strong></span> <span class='ocrx_word' id='word_1_490' title='bbox 3273 3224 3477 3291; x_wconf 71' lang='lat' dir='ltr'><strong>Grego-</strong></span> 
     </span>
    </p>
   </div>
   <div class='ocr_carea' id='block_1_65' title="bbox 235 3314 1807 3385">
    <p class='ocr_par' dir='ltr' id='par_1_65' title="bbox 235 3314 1807 3385">
     <span class='ocr_line' id='line_1_65' title="bbox 235 3314 1807 3385; baseline -0.001 -18"><span class='ocrx_word' id='word_1_491' title='bbox 235 3333 349 3385; x_wconf 77' lang='grc' dir='ltr'>ριος</span> <span class='ocrx_word' id='word_1_492' title='bbox 378 3315 468 3367; x_wconf 76' lang='grc' dir='ltr'><strong>τὸν</strong></span> <span class='ocrx_word' id='word_1_493' title='bbox 500 3315 732 3384; x_wconf 77' lang='grc' dir='ltr'>ἔξαρχον</span> <span class='ocrx_word' id='word_1_494' title='bbox 769 3316 828 3367; x_wconf 80' lang='grc' dir='ltr'>ἑν</span> <span class='ocrx_word' id='word_1_495' title='bbox 855 3318 920 3385; x_wconf 82' lang='grc' dir='ltr'>τῇ</span> <span class='ocrx_word' id='word_1_496' title='bbox 959 3315 1195 3385; x_wconf 84' lang='grc' dir='ltr'>φυλακῇ,</span> <span class='ocrx_word' id='word_1_497' title='bbox 1222 3315 1315 3367; x_wconf 68' lang='grc' dir='ltr'>καὶ</span> <span class='ocrx_word' id='word_1_498' title='bbox 1344 3314 1492 3381; x_wconf 88' lang='grc' dir='ltr'>λέγει</span> <span class='ocrx_word' id='word_1_499' title='bbox 1521 3314 1702 3383; x_wconf 77' lang='grc' dir='ltr'>αὐτῷ’</span> <span class='ocrx_word' id='word_1_500' title='bbox 1742 3316 1807 3365; x_wconf 90' lang='grc' dir='ltr'>Ὃ</span> 
     </span>
    </p>
   </div>
   <div class='ocr_carea' id='block_1_66' title="bbox 233 3404 1808 3476">
    <p class='ocr_par' dir='ltr' id='par_1_66' title="bbox 233 3404 1808 3476">
     <span class='ocr_line' id='line_1_66' title="bbox 233 3404 1808 3476; baseline 0 -19"><span class='ocrx_word' id='word_1_501' title='bbox 233 3406 472 3476; x_wconf 66' lang='grc' dir='ltr'>βουλήσῃ</span> <span class='ocrx_word' id='word_1_502' title='bbox 510 3406 591 3467; x_wconf 78' lang='grc' dir='ltr'>εἰς</span> <span class='ocrx_word' id='word_1_503' title='bbox 618 3406 766 3475; x_wconf 76' lang='grc' dir='ltr'>ἡμᾶς</span> <span class='ocrx_word' id='word_1_504' title='bbox 800 3406 1025 3475; x_wconf 82' lang='grc' dir='ltr'>ποιῆσαι</span> <span class='ocrx_word' id='word_1_505' title='bbox 1048 3447 1063 3470; x_wconf 98' lang='grc'><strong>,</strong></span> <span class='ocrx_word' id='word_1_506' title='bbox 1094 3405 1153 3458; x_wconf 83' lang='grc' dir='ltr'>ἐν</span> <span class='ocrx_word' id='word_1_507' title='bbox 1185 3405 1341 3475; x_wconf 80' lang='grc' dir='ltr'>τάχει</span> <span class='ocrx_word' id='word_1_508' title='bbox 1370 3404 1611 3474; x_wconf 83' lang='grc' dir='ltr'>ποίησον.</span> <span class='ocrx_word' id='word_1_509' title='bbox 1658 3404 1716 3456; x_wconf 84' lang='lat'><strong>&#39;0</strong></span> <span class='ocrx_word' id='word_1_510' title='bbox 1753 3405 1808 3457; x_wconf 85' lang='grc' dir='ltr'><strong>δὲ</strong></span> 
     </span>
    </p>
   </div>
   <div class='ocr_carea' id='block_1_67' title="bbox 230 3496 1808 3569">
    <p class='ocr_par' dir='ltr' id='par_1_67' title="bbox 230 3496 1808 3569">
     <span class='ocr_line' id='line_1_67' title="bbox 230 3496 1808 3569; baseline -0.002 -19"><span class='ocrx_word' id='word_1_511' title='bbox 230 3500 461 3569; x_wconf 74' lang='grc' dir='ltr'>ἔξαρχος</span> <span class='ocrx_word' id='word_1_512' title='bbox 508 3497 656 3564; x_wconf 86' lang='grc' dir='ltr'>λέγει</span> <span class='ocrx_word' id='word_1_513' title='bbox 703 3498 889 3567; x_wconf 80' lang='grc' dir='ltr'>αὐτῷ·</span> <span class='ocrx_word' id='word_1_514' title='bbox 929 3496 1071 3565; x_wconf 86' lang='grc' dir='ltr'>Ἐγὼ</span> <span class='ocrx_word' id='word_1_515' title='bbox 1132 3496 1390 3567; x_wconf 80' lang='grc' dir='ltr'>βούλομαί</span> <span class='ocrx_word' id='word_1_516' title='bbox 1439 3514 1499 3549; x_wconf 88' lang='grc' dir='ltr'><strong>σε</strong></span> <span class='ocrx_word' id='word_1_517' title='bbox 1545 3496 1661 3566; x_wconf 77' lang='grc' dir='ltr'>ἃμα</span> <span class='ocrx_word' id='word_1_518' title='bbox 1700 3496 1808 3548; x_wconf 84' lang='grc' dir='ltr'><strong>τῶν</strong></span> 
     </span>
    </p>
   </div>
   <div class='ocr_carea' id='block_1_68' title="bbox 235 3586 1810 3659">
    <p class='ocr_par' dir='ltr' id='par_1_68' title="bbox 235 3586 1810 3659">
     <span class='ocr_line' id='line_1_68' title="bbox 235 3586 1810 3659; baseline -0.001 -17"><span class='ocrx_word' id='word_1_519' title='bbox 235 3590 347 3642; x_wconf 86' lang='grc' dir='ltr'><strong>σῶν</strong></span> <span class='ocrx_word' id='word_1_520' title='bbox 386 3590 711 3659; x_wconf 84' lang='grc' dir='ltr'>κατηγόρων</span> <span class='ocrx_word' id='word_1_521' title='bbox 754 3589 1074 3641; x_wconf 81' lang='grc' dir='ltr'>ἀποστεῖλαι</span> <span class='ocrx_word' id='word_1_522' title='bbox 1106 3589 1165 3641; x_wconf 82' lang='grc' dir='ltr'>ὲν</span> <span class='ocrx_word' id='word_1_523' title='bbox 1200 3587 1388 3658; x_wconf 82' lang='grc' dir='ltr'><strong>Ῥώμῃ</strong></span> <span class='ocrx_word' id='word_1_524' title='bbox 1422 3587 1559 3657; x_wconf 83' lang='grc' dir='ltr'>πρὸς</span> <span class='ocrx_word' id='word_1_525' title='bbox 1594 3588 1685 3640; x_wconf 85' lang='grc' dir='ltr'><strong>τὸν</strong></span> <span class='ocrx_word' id='word_1_526' title='bbox 1715 3586 1810 3640; x_wconf 82' lang='grc' dir='ltr'>κύ-</span> 
     </span>
    </p>
   </div>
   <div class='ocr_carea' id='block_1_69' title="bbox 238 3680 1809 3751">
    <p class='ocr_par' dir='ltr' id='par_1_69' title="bbox 238 3680 1809 3751">
     <span class='ocr_line' id='line_1_69' title="bbox 238 3680 1809 3751; baseline -0.001 -17"><span class='ocrx_word' id='word_1_527' title='bbox 238 3682 354 3751; x_wconf 80' lang='grc' dir='ltr'>ριόν</span> <span class='ocrx_word' id='word_1_528' title='bbox 408 3698 509 3750; x_wconf 87' lang='grc' dir='ltr'><strong>μου</strong></span> <span class='ocrx_word' id='word_1_529' title='bbox 562 3681 653 3733; x_wconf 86' lang='grc' dir='ltr'><strong>τὸν</strong></span> <span class='ocrx_word' id='word_1_530' title='bbox 699 3682 888 3735; x_wconf 84' lang='grc' dir='ltr'>πάπαν</span> <span class='ocrx_word' id='word_1_531' title='bbox 914 3720 930 3742; x_wconf 83' lang='grc'><strong>,</strong></span> <span class='ocrx_word' id='word_1_532' title='bbox 978 3680 1072 3734; x_wconf 85' lang='grc' dir='ltr'><strong>τὸν</strong></span> <span class='ocrx_word' id='word_1_533' title='bbox 1112 3680 1477 3733; x_wconf 84' lang='grc' dir='ltr'>ἀποστολικὸν</span> <span class='ocrx_word' id='word_1_534' title='bbox 1544 3680 1809 3749; x_wconf 77' lang='grc' dir='ltr'>ἐπέχοντα</span> 
     </span>
    </p>
   </div>
   <div class='ocr_carea' id='block_1_70' title="bbox 234 3770 1809 3842">
    <p class='ocr_par' dir='ltr' id='par_1_70' title="bbox 234 3770 1809 3842">
     <span class='ocr_line' id='line_1_70' title="bbox 234 3770 1809 3842; baseline -0.001 -18"><span class='ocrx_word' id='word_1_535' title='bbox 234 3772 448 3840; x_wconf 84' lang='grc' dir='ltr'>θρόνον.</span> <span class='ocrx_word' id='word_1_536' title='bbox 487 3773 545 3824; x_wconf 91' lang='grc' dir='ltr'>Ὀ</span> <span class='ocrx_word' id='word_1_537' title='bbox 589 3772 645 3824; x_wconf 79' lang='grc' dir='ltr'>δὲ</span> <span class='ocrx_word' id='word_1_538' title='bbox 696 3773 830 3842; x_wconf 82' lang='grc' dir='ltr'>πρὸς</span> <span class='ocrx_word' id='word_1_539' title='bbox 883 3772 1046 3825; x_wconf 82' lang='grc' dir='ltr'>αὐτὸν</span> <span class='ocrx_word' id='word_1_540' title='bbox 1096 3770 1613 3842; x_wconf 74' lang='grc' dir='ltr'>απεκρίνατοο,Ναὶ</span> <span class='ocrx_word' id='word_1_541' title='bbox 1654 3770 1809 3838; x_wconf 87' lang='grc' dir='ltr'><strong>κάγὼ</strong></span> 
     </span>
    </p>
   </div>
   <div class='ocr_carea' id='block_1_71' title="bbox 230 3862 1806 3935">
    <p class='ocr_par' dir='ltr' id='par_1_71' title="bbox 230 3862 1806 3935">
     <span class='ocr_line' id='line_1_71' title="bbox 230 3862 1806 3935; baseline -0.001 -17"><span class='ocrx_word' id='word_1_542' title='bbox 230 3862 396 3918; x_wconf 59' lang='grc' dir='ltr'>τοῦτο</span> <span class='ocrx_word' id='word_1_543' title='bbox 423 3864 560 3917; x_wconf 86' lang='grc' dir='ltr'>αἰτῶ</span> <span class='ocrx_word' id='word_1_544' title='bbox 592 3865 839 3935; x_wconf 79' lang='grc' dir='ltr'>ποιῆσαι,</span> <span class='ocrx_word' id='word_1_545' title='bbox 867 3862 963 3917; x_wconf 82' lang='grc' dir='ltr'>καὶ</span> <span class='ocrx_word' id='word_1_546' title='bbox 995 3864 1313 3917; x_wconf 78' lang='grc' dir='ltr'>ἀποστεῖλαί</span> <span class='ocrx_word' id='word_1_547' title='bbox 1345 3881 1412 3934; x_wconf 88' lang='grc' dir='ltr'><strong>με</strong></span> <span class='ocrx_word' id='word_1_548' title='bbox 1442 3862 1595 3916; x_wconf 79' lang='grc' dir='ltr'>ἔνθεν</span> <span class='ocrx_word' id='word_1_549' title='bbox 1625 3865 1682 3917; x_wconf 84' lang='grc' dir='ltr'>ὲν</span> <span class='ocrx_word' id='word_1_550' title='bbox 1707 3863 1806 3916; x_wconf 85' lang='grc' dir='ltr'>τά-</span> 
     </span>
    </p>
   </div>
   <div class='ocr_carea' id='block_1_72' title="bbox 232 3954 1810 4027">
    <p class='ocr_par' dir='ltr' id='par_1_72' title="bbox 232 3954 1810 4027">
     <span class='ocr_line' id='line_1_72' title="bbox 232 3954 1810 4027; baseline -0.001 -19"><span class='ocrx_word' id='word_1_551' title='bbox 232 3975 343 4027; x_wconf 84' lang='grc' dir='ltr'>χει.</span> <span class='ocrx_word' id='word_1_552' title='bbox 397 3956 705 4026; x_wconf 84' lang='grc' dir='ltr'>Γενομένης</span> <span class='ocrx_word' id='word_1_553' title='bbox 754 3955 811 4007; x_wconf 81' lang='grc' dir='ltr'>δὲ</span> <span class='ocrx_word' id='word_1_554' title='bbox 859 3954 1142 4024; x_wconf 78' lang='grc' dir='ltr'>ἑσπέρας,</span> <span class='ocrx_word' id='word_1_555' title='bbox 1188 3955 1564 4026; x_wconf 81' lang='grc' dir='ltr'>παρεκάλεσεν</span> <span class='ocrx_word' id='word_1_556' title='bbox 1594 3958 1623 4007; x_wconf 91' lang='lat'><strong>6</strong></span> <span class='ocrx_word' id='word_1_557' title='bbox 1656 3955 1810 4023; x_wconf 78' lang='grc' dir='ltr'>ἅγιος</span> 
     </span>
    </p>
   </div>
   <div class='ocr_carea' id='block_1_73' title="bbox 230 4046 1809 4119">
    <p class='ocr_par' dir='ltr' id='par_1_73' title="bbox 230 4046 1809 4119">
     <span class='ocr_line' id='line_1_73' title="bbox 230 4046 1809 4119; baseline -0.002 -19"><span class='ocrx_word' id='word_1_558' title='bbox 230 4048 539 4119; x_wconf 82' lang='grc' dir='ltr'>Γρηγὸριος</span> <span class='ocrx_word' id='word_1_559' title='bbox 586 4047 679 4100; x_wconf 78' lang='grc' dir='ltr'><strong>τὸν</strong></span> <span class='ocrx_word' id='word_1_560' title='bbox 722 4047 972 4116; x_wconf 79' lang='grc' dir='ltr'>ἔξαρχον,</span> <span class='ocrx_word' id='word_1_561' title='bbox 1022 4048 1079 4098; x_wconf 83' lang='grc' dir='ltr'>ὲν</span> <span class='ocrx_word' id='word_1_562' title='bbox 1125 4047 1235 4116; x_wconf 85' lang='grc' dir='ltr'>ὅσῳ</span> <span class='ocrx_word' id='word_1_563' title='bbox 1285 4047 1313 4098; x_wconf 90' lang='lat'><strong>6</strong></span> <span class='ocrx_word' id='word_1_564' title='bbox 1355 4046 1481 4109; x_wconf 80' lang='grc' dir='ltr'>λαὸς</span> <span class='ocrx_word' id='word_1_565' title='bbox 1528 4046 1809 4115; x_wconf 77' lang='grc' dir='ltr'>ἠρέμησεν</span> 
     </span>
    </p>
   </div>
   <div class='ocr_carea' id='block_1_74' title="bbox 229 4137 1809 4207">
    <p class='ocr_par' dir='ltr' id='par_1_74' title="bbox 229 4137 1809 4207">
     <span class='ocr_line' id='line_1_74' title="bbox 229 4137 1809 4207; baseline -0.003 -14"><span class='ocrx_word' id='word_1_566' title='bbox 229 4140 436 4207; x_wconf 79' lang='grc' dir='ltr'>ὀλίγον,</span> <span class='ocrx_word' id='word_1_567' title='bbox 468 4138 699 4192; x_wconf 79' lang='grc' dir='ltr'>έκὸἀλαι</span> <span class='ocrx_word' id='word_1_568' title='bbox 745 4138 909 4190; x_wconf 83' lang='grc' dir='ltr'>αὐτὸν</span> <span class='ocrx_word' id='word_1_569' title='bbox 956 4137 1046 4190; x_wconf 82' lang='grc' dir='ltr'>διὰ</span> <span class='ocrx_word' id='word_1_570' title='bbox 1084 4137 1186 4207; x_wconf 86' lang='grc' dir='ltr'>τῆς</span> <span class='ocrx_word' id='word_1_571' title='bbox 1220 4139 1455 4204; x_wconf 88' lang='grc' dir='ltr'>πλαγίας</span> <span class='ocrx_word' id='word_1_572' title='bbox 1500 4137 1677 4206; x_wconf 82' lang='grc' dir='ltr'>πύλης</span> <span class='ocrx_word' id='word_1_573' title='bbox 1710 4139 1809 4206; x_wconf 83' lang='grc' dir='ltr'>τῆς</span> 
     </span>
    </p>
   </div>
   <div class='ocr_carea' id='block_1_75' title="bbox 232 4227 1808 4301">
    <p class='ocr_par' dir='ltr' id='par_1_75' title="bbox 232 4227 1808 4301">
     <span class='ocr_line' id='line_1_75' title="bbox 232 4227 1808 4301; baseline -0.003 -18"><span class='ocrx_word' id='word_1_574' title='bbox 232 4230 547 4301; x_wconf 84' lang='grc' dir='ltr'>βλεπούσης</span> <span class='ocrx_word' id='word_1_575' title='bbox 578 4231 671 4283; x_wconf 73' lang='grc' dir='ltr'><strong>ἐπὶ</strong></span> <span class='ocrx_word' id='word_1_576' title='bbox 699 4230 798 4298; x_wconf 85' lang='grc' dir='ltr'><strong>τὴν</strong></span> <span class='ocrx_word' id='word_1_577' title='bbox 830 4228 1122 4293; x_wconf 83' lang='grc' dir='ltr'>θάλασσαν,</span> <span class='ocrx_word' id='word_1_578' title='bbox 1158 4229 1254 4281; x_wconf 76' lang='grc' dir='ltr'>καὶ</span> <span class='ocrx_word' id='word_1_579' title='bbox 1283 4227 1615 4297; x_wconf 87' lang='grc' dir='ltr'>παραδοῦναι</span> <span class='ocrx_word' id='word_1_580' title='bbox 1646 4227 1808 4280; x_wconf 80' lang='grc' dir='ltr'>αὐτὸν</span> 
     </span>
    </p>
   </div>
   <div class='ocr_carea' id='block_1_76' title="bbox 230 4318 1806 4389">
    <p class='ocr_par' dir='ltr' id='par_1_76' title="bbox 230 4318 1806 4389">
     <span class='ocr_line' id='line_1_76' title="bbox 230 4318 1806 4389; baseline -0.004 -14"><span class='ocrx_word' id='word_1_581' title='bbox 230 4326 314 4385; x_wconf 73' lang='grc' dir='ltr'>εἰς</span> <span class='ocrx_word' id='word_1_582' title='bbox 342 4323 411 4375; x_wconf 84' lang='grc' dir='ltr'><strong>τὰ</strong></span> <span class='ocrx_word' id='word_1_583' title='bbox 452 4321 613 4374; x_wconf 80' lang='grc' dir='ltr'>πλοῖα</span> <span class='ocrx_word' id='word_1_584' title='bbox 656 4322 749 4373; x_wconf 81' lang='grc' dir='ltr'><strong>τοῦ</strong></span> <span class='ocrx_word' id='word_1_585' title='bbox 785 4321 961 4373; x_wconf 86' lang='grc' dir='ltr'>πάπα.</span> <span class='ocrx_word' id='word_1_586' title='bbox 1000 4319 1266 4389; x_wconf 86' lang='grc' dir='ltr'>Ἐμελλον</span> <span class='ocrx_word' id='word_1_587' title='bbox 1289 4318 1396 4389; x_wconf 76' lang='grc' dir='ltr'>γὰρ</span> <span class='ocrx_word' id='word_1_588' title='bbox 1431 4320 1711 4372; x_wconf 82' lang='grc' dir='ltr'>ἀποκινεῖν</span> <span class='ocrx_word' id='word_1_589' title='bbox 1750 4318 1806 4368; x_wconf 80' lang='grc' dir='ltr'>ὲν</span> 
     </span>
    </p>
   </div>
   <div class='ocr_carea' id='block_1_77' title="bbox 227 4409 1806 4484">
    <p class='ocr_par' dir='ltr' id='par_1_77' title="bbox 227 4409 1806 4484">
     <span class='ocr_line' id='line_1_77' title="bbox 227 4409 1806 4484; baseline -0.004 -17"><span class='ocrx_word' id='word_1_590' title='bbox 227 4417 370 4483; x_wconf 81' lang='grc' dir='ltr'>αὐτῇ</span> <span class='ocrx_word' id='word_1_591' title='bbox 403 4416 469 4484; x_wconf 80' lang='grc' dir='ltr'>τῇ</span> <span class='ocrx_word' id='word_1_592' title='bbox 502 4413 659 4466; x_wconf 69' lang='grc' dir='ltr'>νυκτὶ</span> <span class='ocrx_word' id='word_1_593' title='bbox 696 4412 761 4464; x_wconf 80' lang='grc' dir='ltr'>ὲκ</span> <span class='ocrx_word' id='word_1_594' title='bbox 798 4411 892 4463; x_wconf 86' lang='grc' dir='ltr'><strong>τοῦ</strong></span> <span class='ocrx_word' id='word_1_595' title='bbox 925 4409 1194 4479; x_wconf 87' lang='grc' dir='ltr'>ποταμοῦ.</span> <span class='ocrx_word' id='word_1_596' title='bbox 1231 4410 1529 4478; x_wconf 81' lang='grc' dir='ltr'>Ἐξήγαγέν</span> <span class='ocrx_word' id='word_1_597' title='bbox 1557 4426 1615 4461; x_wconf 89' lang='grc' dir='ltr'><strong>τε</strong></span> <span class='ocrx_word' id='word_1_598' title='bbox 1645 4409 1806 4462; x_wconf 76' lang='grc' dir='ltr'>αὐτὸν</span> 
     </span>
    </p>
   </div>
   <div class='ocr_carea' id='block_1_78' title="bbox 1912 3307 3480 3385">
    <p class='ocr_par' dir='ltr' id='par_1_78' title="bbox 1912 3307 3480 3385">
     <span class='ocr_line' id='line_1_78' title="bbox 1912 3307 3480 3385; baseline 0.007 -25"><span class='ocrx_word' id='word_1_599' title='bbox 1912 3308 2025 3361; x_wconf 89' lang='lat' dir='ltr'><strong>rius</strong></span> <span class='ocrx_word' id='word_1_600' title='bbox 2057 3307 2122 3361; x_wconf 89' lang='lat' dir='ltr'><strong>ad</strong></span> <span class='ocrx_word' id='word_1_601' title='bbox 2166 3324 2464 3373; x_wconf 86' lang='lat' dir='ltr'><strong>carcerem,</strong></span> <span class='ocrx_word' id='word_1_602' title='bbox 2495 3310 2836 3380; x_wconf 77' lang='lat' dir='ltr'><strong>rogavitque,</strong></span> <span class='ocrx_word' id='word_1_603' title='bbox 2870 3322 2931 3367; x_wconf 90' lang='lat' dir='ltr'><strong>ut</strong></span> <span class='ocrx_word' id='word_1_604' title='bbox 2960 3315 3109 3381; x_wconf 88' lang='lat' dir='ltr'><strong>quod</strong></span> <span class='ocrx_word' id='word_1_605' title='bbox 3138 3318 3203 3370; x_wconf 90' lang='lat' dir='ltr'><strong>de</strong></span> <span class='ocrx_word' id='word_1_606' title='bbox 3245 3318 3365 3385; x_wconf 90' lang='lat' dir='ltr'><strong>ipso</strong></span> <span class='ocrx_word' id='word_1_607' title='bbox 3400 3317 3480 3371; x_wconf 85' lang='lat' dir='ltr'><strong>fa—</strong></span> 
     </span>
    </p>
   </div>
   <div class='ocr_carea' id='block_1_79' title="bbox 1909 3398 3481 3475">
    <p class='ocr_par' dir='ltr' id='par_1_79' title="bbox 1909 3398 3481 3475">
     <span class='ocr_line' id='line_1_79' title="bbox 1909 3398 3481 3475; baseline 0.004 -24"><span class='ocrx_word' id='word_1_608' title='bbox 1909 3398 2159 3451; x_wconf 84' lang='lat' dir='ltr'><strong>ciendum</strong></span> <span class='ocrx_word' id='word_1_609' title='bbox 2191 3398 2292 3453; x_wconf 81' lang='lat' dir='ltr'><strong>sibi.</strong></span> <span class='ocrx_word' id='word_1_610' title='bbox 2328 3400 2630 3463; x_wconf 82' lang='lat' dir='ltr'><strong>statuisset,</strong></span> <span class='ocrx_word' id='word_1_611' title='bbox 2667 3402 3072 3470; x_wconf 86' lang='lat' dir='ltr'><strong>quamprimum</strong></span> <span class='ocrx_word' id='word_1_612' title='bbox 3105 3404 3328 3459; x_wconf 86' lang='lat' dir='ltr'><strong>faceret.</strong></span> <span class='ocrx_word' id='word_1_613' title='bbox 3372 3409 3481 3475; x_wconf 76' lang='lat' dir='ltr'><strong>Ego</strong></span> 
     </span>
    </p>
   </div>
   <div class='ocr_carea' id='block_1_80' title="bbox 1912 3490 3480 3569">
    <p class='ocr_par' dir='ltr' id='par_1_80' title="bbox 1912 3490 3480 3569">
     <span class='ocr_line' id='line_1_80' title="bbox 1912 3490 3480 3569; baseline 0.008 -28"><span class='ocrx_word' id='word_1_614' title='bbox 1912 3505 2059 3552; x_wconf 85' lang='lat' dir='ltr'><strong>vero,</strong></span> <span class='ocrx_word' id='word_1_615' title='bbox 2090 3490 2266 3560; x_wconf 91' lang='lat' dir='ltr'><strong>inquit</strong></span> <span class='ocrx_word' id='word_1_616' title='bbox 2293 3491 2403 3555; x_wconf 89' lang='lat' dir='ltr'><strong>ille,</strong></span> <span class='ocrx_word' id='word_1_617' title='bbox 2433 3493 2793 3546; x_wconf 89' lang='lat' dir='ltr'><strong>deliberatum</strong></span> <span class='ocrx_word' id='word_1_618' title='bbox 2821 3495 3016 3558; x_wconf 88' lang='lat' dir='ltr'><strong>habeo,</strong></span> <span class='ocrx_word' id='word_1_619' title='bbox 3045 3496 3272 3551; x_wconf 80' lang='lat' dir='ltr'><strong>Romam</strong></span> <span class='ocrx_word' id='word_1_620' title='bbox 3300 3500 3480 3569; x_wconf 74' lang='lat' dir='ltr'><strong>te(66)</strong></span> 
     </span>
    </p>
   </div>
   <div class='ocr_carea' id='block_1_81' title="bbox 1910 3584 3481 3659">
    <p class='ocr_par' dir='ltr' id='par_1_81' title="bbox 1910 3584 3481 3659">
     <span class='ocr_line' id='line_1_81' title="bbox 1910 3584 3481 3659; baseline 0.006 -23"><span class='ocrx_word' id='word_1_621' title='bbox 1910 3597 2032 3636; x_wconf 91' lang='lat' dir='ltr'><strong>cum</strong></span> <span class='ocrx_word' id='word_1_622' title='bbox 2076 3584 2490 3637; x_wconf 89' lang='lat' dir='ltr'><strong>accusatoribus</strong></span> <span class='ocrx_word' id='word_1_623' title='bbox 2518 3584 2626 3638; x_wconf 89' lang='lat' dir='ltr'><strong>tuis</strong></span> <span class='ocrx_word' id='word_1_624' title='bbox 2658 3585 2724 3637; x_wconf 90' lang='lat' dir='ltr'><strong>ad</strong></span> <span class='ocrx_word' id='word_1_625' title='bbox 2758 3585 3042 3640; x_wconf 91' lang='lat' dir='ltr'><strong>dominum</strong></span> <span class='ocrx_word' id='word_1_626' title='bbox 3091 3606 3269 3643; x_wconf 83' lang='lat' dir='ltr'><strong>meum</strong></span> <span class='ocrx_word' id='word_1_627' title='bbox 3303 3594 3481 3659; x_wconf 83' lang='lat' dir='ltr'><strong>ponti-</strong></span> 
     </span>
    </p>
   </div>
   <div class='ocr_carea' id='block_1_82' title="bbox 1909 3673 3484 3745">
    <p class='ocr_par' dir='ltr' id='par_1_82' title="bbox 1909 3673 3484 3745">
     <span class='ocr_line' id='line_1_82' title="bbox 1909 3673 3484 3745; baseline 0.006 -19"><span class='ocrx_word' id='word_1_628' title='bbox 1909 3673 2063 3727; x_wconf 85' lang='lat' dir='ltr'><strong>ﬁeem</strong></span> <span class='ocrx_word' id='word_1_629' title='bbox 2118 3674 2419 3728; x_wconf 82' lang='lat' dir='ltr'><strong>maximum</strong></span> <span class='ocrx_word' id='word_1_630' title='bbox 2475 3676 2657 3729; x_wconf 90' lang='lat' dir='ltr'><strong>throni</strong></span> <span class='ocrx_word' id='word_1_631' title='bbox 2703 3679 2993 3745; x_wconf 87' lang='lat' dir='ltr'><strong>apostolici</strong></span> <span class='ocrx_word' id='word_1_632' title='bbox 3031 3681 3299 3736; x_wconf 70' lang='lat' dir='ltr'><strong>han-edem</strong></span> <span class='ocrx_word' id='word_1_633' title='bbox 3355 3684 3484 3736; x_wconf 86' lang='lat' dir='ltr'><strong>mit-</strong></span> 
     </span>
    </p>
   </div>
   <div class='ocr_carea' id='block_1_83' title="bbox 1909 3765 3483 3841">
    <p class='ocr_par' dir='ltr' id='par_1_83' title="bbox 1909 3765 3483 3841">
     <span class='ocr_line' id='line_1_83' title="bbox 1909 3765 3483 3841; baseline 0.006 -22"><span class='ocrx_word' id='word_1_634' title='bbox 1909 3774 2044 3819; x_wconf 88' lang='lat' dir='ltr'><strong>tere.</strong></span> <span class='ocrx_word' id='word_1_635' title='bbox 2074 3765 2172 3819; x_wconf 90' lang='lat' dir='ltr'><strong>Cui</strong></span> <span class='ocrx_word' id='word_1_636' title='bbox 2210 3776 2436 3820; x_wconf 87' lang='lat' dir='ltr'><strong>sanctus</strong></span> <span class='ocrx_word' id='word_1_637' title='bbox 2464 3766 2546 3820; x_wconf 84' lang='lat' dir='ltr'><strong>vir</strong></span> <span class='ocrx_word' id='word_1_638' title='bbox 2575 3770 2860 3837; x_wconf 86' lang='lat' dir='ltr'><strong>respondit</strong></span> <span class='ocrx_word' id='word_1_639' title='bbox 2889 3788 2901 3823; x_wconf 92' lang='lat'>:</span> <span class='ocrx_word' id='word_1_640' title='bbox 2936 3769 2991 3824; x_wconf 88' lang='lat' dir='ltr'><strong>Id</strong></span> <span class='ocrx_word' id='word_1_641' title='bbox 3024 3772 3198 3840; x_wconf 88' lang='lat' dir='ltr'><strong>ipsum</strong></span> <span class='ocrx_word' id='word_1_642' title='bbox 3233 3773 3483 3841; x_wconf 81' lang='lat' dir='ltr'><strong>profecto</strong></span> 
     </span>
    </p>
   </div>
   <div class='ocr_carea' id='block_1_84' title="bbox 1910 3857 3483 3928">
    <p class='ocr_par' dir='ltr' id='par_1_84' title="bbox 1910 3857 3483 3928">
     <span class='ocr_line' id='line_1_84' title="bbox 1910 3857 3483 3928; baseline 0.005 -17"><span class='ocrx_word' id='word_1_643' title='bbox 1910 3868 1971 3912; x_wconf 89' lang='lat' dir='ltr'><strong>ut</strong></span> <span class='ocrx_word' id='word_1_644' title='bbox 2005 3857 2177 3913; x_wconf 81' lang='lat' dir='ltr'><strong>facias</strong></span> <span class='ocrx_word' id='word_1_645' title='bbox 2212 3867 2362 3928; x_wconf 85' lang='lat' dir='ltr'><strong>peto,</strong></span> <span class='ocrx_word' id='word_1_646' title='bbox 2405 3874 2598 3928; x_wconf 88' lang='lat' dir='ltr'><strong>mequo</strong></span> <span class='ocrx_word' id='word_1_647' title='bbox 2629 3860 2759 3915; x_wconf 90' lang='lat' dir='ltr'><strong>hinc</strong></span> <span class='ocrx_word' id='word_1_648' title='bbox 2796 3862 2906 3916; x_wconf 92' lang='lat' dir='ltr'><strong>cito</strong></span> <span class='ocrx_word' id='word_1_649' title='bbox 2937 3863 3205 3918; x_wconf 87' lang='lat' dir='ltr'><strong>dimittas.</strong></span> <span class='ocrx_word' id='word_1_650' title='bbox 3244 3865 3359 3919; x_wconf 89' lang='lat' dir='ltr'><strong>Sub</strong></span> <span class='ocrx_word' id='word_1_651' title='bbox 3391 3882 3483 3919; x_wconf 87' lang='lat' dir='ltr'><strong>ve-</strong></span> 
     </span>
    </p>
   </div>
   <div class='ocr_carea' id='block_1_85' title="bbox 1911 3950 3480 4025">
    <p class='ocr_par' dir='ltr' id='par_1_85' title="bbox 1911 3950 3480 4025">
     <span class='ocr_line' id='line_1_85' title="bbox 1911 3950 3480 4025; baseline 0.004 -20"><span class='ocrx_word' id='word_1_652' title='bbox 1911 3965 2126 4020; x_wconf 87' lang='lat' dir='ltr'><strong>speram</strong></span> <span class='ocrx_word' id='word_1_653' title='bbox 2160 3964 2290 4004; x_wconf 83' lang='lat' dir='ltr'><strong>vero</strong></span> <span class='ocrx_word' id='word_1_654' title='bbox 2322 3950 2558 4019; x_wconf 77' lang='lat' dir='ltr'><strong>legatum</strong></span> <span class='ocrx_word' id='word_1_655' title='bbox 2612 3951 2859 4007; x_wconf 87' lang='lat' dir='ltr'><strong>hortatus</strong></span> <span class='ocrx_word' id='word_1_656' title='bbox 2880 3961 2988 4017; x_wconf 90' lang='lat' dir='ltr'><strong>est,</strong></span> <span class='ocrx_word' id='word_1_657' title='bbox 3035 3954 3480 4025; x_wconf 88' lang='lat' dir='ltr'><strong>quandoquidem</strong></span> 
     </span>
    </p>
   </div>
   <div class='ocr_carea' id='block_1_86' title="bbox 1911 4042 3482 4116">
    <p class='ocr_par' dir='ltr' id='par_1_86' title="bbox 1911 4042 3482 4116">
     <span class='ocr_line' id='line_1_86' title="bbox 1911 4042 3482 4116; baseline 0.005 -21"><span class='ocrx_word' id='word_1_658' title='bbox 1911 4043 2143 4112; x_wconf 90' lang='lat' dir='ltr'><strong>populus</strong></span> <span class='ocrx_word' id='word_1_659' title='bbox 2178 4042 2460 4110; x_wconf 90' lang='lat' dir='ltr'><strong>paululum</strong></span> <span class='ocrx_word' id='word_1_660' title='bbox 2497 4045 2906 4112; x_wconf 78' lang='lat' dir='ltr'><strong>conquieverat,</strong></span> <span class='ocrx_word' id='word_1_661' title='bbox 2940 4055 2998 4099; x_wconf 93' lang='lat' dir='ltr'><strong>ut</strong></span> <span class='ocrx_word' id='word_1_662' title='bbox 3026 4062 3150 4099; x_wconf 89' lang='lat' dir='ltr'><strong>eum</strong></span> <span class='ocrx_word' id='word_1_663' title='bbox 3185 4064 3279 4116; x_wconf 87' lang='lat' dir='ltr'><strong>per</strong></span> <span class='ocrx_word' id='word_1_664' title='bbox 3311 4052 3482 4116; x_wconf 88' lang='lat' dir='ltr'><strong>posti-</strong></span> 
     </span>
    </p>
   </div>
   <div class='ocr_carea' id='block_1_87' title="bbox 1909 4135 3482 4205">
    <p class='ocr_par' dir='ltr' id='par_1_87' title="bbox 1909 4135 3482 4205">
     <span class='ocr_line' id='line_1_87' title="bbox 1909 4135 3482 4205; baseline 0.004 -16"><span class='ocrx_word' id='word_1_665' title='bbox 1909 4152 2032 4189; x_wconf 87' lang='lat' dir='ltr'><strong>cum</strong></span> <span class='ocrx_word' id='word_1_666' title='bbox 2064 4135 2359 4192; x_wconf 86' lang='lat' dir='ltr'><strong>emitteret.</strong></span> <span class='ocrx_word' id='word_1_667' title='bbox 2393 4135 2535 4202; x_wconf 82' lang='lat' dir='ltr'><strong>quod</strong></span> <span class='ocrx_word' id='word_1_668' title='bbox 2570 4150 2720 4188; x_wconf 89' lang='lat' dir='ltr'><strong>mare</strong></span> <span class='ocrx_word' id='word_1_669' title='bbox 2751 4136 3095 4204; x_wconf 86' lang='lat' dir='ltr'><strong>respiciebat,</strong></span> <span class='ocrx_word' id='word_1_670' title='bbox 3126 4148 3178 4190; x_wconf 88' lang='lat' dir='ltr'><strong>et</strong></span> <span class='ocrx_word' id='word_1_671' title='bbox 3210 4140 3482 4205; x_wconf 79' lang='lat' dir='ltr'><strong>pontificis</strong></span> 
     </span>
    </p>
   </div>
   <div class='ocr_carea' id='block_1_88' title="bbox 1911 4225 3479 4297">
    <p class='ocr_par' dir='ltr' id='par_1_88' title="bbox 1911 4225 3479 4297">
     <span class='ocr_line' id='line_1_88' title="bbox 1911 4225 3479 4297; baseline 0.003 -18"><span class='ocrx_word' id='word_1_672' title='bbox 1911 4226 2135 4279; x_wconf 82' lang='lat' dir='ltr'><strong>maximi</strong></span> <span class='ocrx_word' id='word_1_673' title='bbox 2180 4225 2415 4280; x_wconf 82' lang='lat' dir='ltr'><strong>naribus</strong></span> <span class='ocrx_word' id='word_1_674' title='bbox 2453 4226 2779 4295; x_wconf 89' lang='lat' dir='ltr'><strong>imponeret.</strong></span> <span class='ocrx_word' id='word_1_675' title='bbox 2821 4226 2957 4282; x_wconf 86' lang='lat' dir='ltr'><strong>Nam</strong></span> <span class='ocrx_word' id='word_1_676' title='bbox 2992 4244 3055 4281; x_wconf 86' lang='lat' dir='ltr'><strong>ea</strong></span> <span class='ocrx_word' id='word_1_677' title='bbox 3098 4230 3212 4297; x_wconf 83' lang='lat' dir='ltr'><strong>ipsa</strong></span> <span class='ocrx_word' id='word_1_678' title='bbox 3250 4243 3407 4286; x_wconf 77' lang='lat' dir='ltr'><strong>noete</strong></span> <span class='ocrx_word' id='word_1_679' title='bbox 3450 4248 3479 4284; x_wconf 80' lang='lat' dir='ltr'><strong>:i</strong></span> 
     </span>
    </p>
   </div>
   <div class='ocr_carea' id='block_1_89' title="bbox 1909 4314 3483 4391">
    <p class='ocr_par' dir='ltr' id='par_1_89' title="bbox 1909 4314 3483 4391">
     <span class='ocr_line' id='line_1_89' title="bbox 1909 4314 3483 4391; baseline 0.004 -24"><span class='ocrx_word' id='word_1_680' title='bbox 1909 4314 2132 4369; x_wconf 80' lang='lat' dir='ltr'><strong>flumine</strong></span> <span class='ocrx_word' id='word_1_681' title='bbox 2163 4317 2375 4370; x_wconf 87' lang='lat' dir='ltr'><strong>solvere</strong></span> <span class='ocrx_word' id='word_1_682' title='bbox 2405 4317 2698 4372; x_wconf 87' lang='lat' dir='ltr'><strong>debebant.</strong></span> <span class='ocrx_word' id='word_1_683' title='bbox 2728 4318 2931 4372; x_wconf 78' lang='lat' dir='ltr'><strong>Eduxit</strong></span> <span class='ocrx_word' id='word_1_684' title='bbox 2960 4329 3145 4374; x_wconf 88' lang='lat' dir='ltr'><strong>autem</strong></span> <span class='ocrx_word' id='word_1_685' title='bbox 3185 4338 3307 4377; x_wconf 89' lang='lat' dir='ltr'><strong>eum</strong></span> <span class='ocrx_word' id='word_1_686' title='bbox 3336 4324 3483 4391; x_wconf 71' lang='lat' dir='ltr'><strong>lega-</strong></span> 
     </span>
    </p>
   </div>
   <div class='ocr_carea' id='block_1_90' title="bbox 1913 4409 3483 4477">
    <p class='ocr_par' dir='ltr' id='par_1_90' title="bbox 1913 4409 3483 4477">
     <span class='ocr_line' id='line_1_90' title="bbox 1913 4409 3483 4477; baseline 0.003 -18"><span class='ocrx_word' id='word_1_687' title='bbox 1913 4417 1999 4462; x_wconf 86' lang='lat' dir='ltr'><strong>tus</strong></span> <span class='ocrx_word' id='word_1_688' title='bbox 2032 4424 2155 4461; x_wconf 88' lang='lat' dir='ltr'><strong>eum</strong></span> <span class='ocrx_word' id='word_1_689' title='bbox 2199 4409 2621 4463; x_wconf 87' lang='lat' dir='ltr'><strong>accusatoribus</strong></span> <span class='ocrx_word' id='word_1_690' title='bbox 2664 4409 2786 4477; x_wconf 87' lang='lat' dir='ltr'><strong>ejus</strong></span> <span class='ocrx_word' id='word_1_691' title='bbox 2817 4409 3021 4464; x_wconf 86' lang='lat' dir='ltr'><strong>Sabino</strong></span> <span class='ocrx_word' id='word_1_692' title='bbox 3047 4424 3099 4465; x_wconf 90' lang='lat' dir='ltr'><strong>et</strong></span> <span class='ocrx_word' id='word_1_693' title='bbox 3125 4411 3483 4467; x_wconf 83' lang='lat' dir='ltr'><strong>Crescent&#39;mo</strong></span> 
     </span>
    </p>
   </div>
   <div class='ocr_carea' id='block_1_91' title="bbox 226 4501 1895 4575">
    <p class='ocr_par' dir='ltr' id='par_1_91' title="bbox 226 4501 1883 4575">
     <span class='ocr_line' id='line_1_91' title="bbox 226 4501 1883 4575; baseline -0.004 -18"><span class='ocrx_word' id='word_1_694' title='bbox 226 4508 259 4557; x_wconf 82' lang='grc' dir='ltr'><strong>ὁ</strong></span> <span class='ocrx_word' id='word_1_695' title='bbox 288 4506 517 4575; x_wconf 75' lang='grc' dir='ltr'>ἔξαρχος</span> <span class='ocrx_word' id='word_1_696' title='bbox 553 4507 649 4557; x_wconf 80' lang='grc' dir='ltr'><strong>σὺν</strong></span> <span class='ocrx_word' id='word_1_697' title='bbox 697 4503 806 4555; x_wconf 83' lang='grc' dir='ltr'><strong>τῶν</strong></span> <span class='ocrx_word' id='word_1_698' title='bbox 853 4502 1180 4573; x_wconf 85' lang='grc' dir='ltr'>κατηγόρων</span> <span class='ocrx_word' id='word_1_699' title='bbox 1226 4502 1392 4555; x_wconf 85' lang='grc' dir='ltr'>αὐτοῦ</span> <span class='ocrx_word' id='word_1_700' title='bbox 1420 4502 1664 4553; x_wconf 77' lang='grc' dir='ltr'>’Σαϐίνου</span> <span class='ocrx_word' id='word_1_701' title='bbox 1710 4501 1803 4552; x_wconf 71' lang='grc' dir='ltr'>καὶ</span> <span class='ocrx_word' id='word_1_702' title='bbox 1838 4513 1883 4569; x_wconf 85' lang='grc' dir='ltr'><strong>ι’)</strong></span> 
     </span>
    </p>
   </div>
   <div class='ocr_carea' id='block_1_92' title="bbox 1810 4501 3479 4575">
    <p class='ocr_par' dir='ltr' id='par_1_92' title="bbox 1838 4502 3479 4570">
     <span class='ocr_line' id='line_1_92' title="bbox 1838 4502 3479 4570; baseline 0.002 -16"><span class='ocrx_word' id='word_1_703' title='bbox 1838 4513 1883 4569; x_wconf 79' lang='grc' dir='ltr'>υ</span> <span class='ocrx_word' id='word_1_704' title='bbox 1909 4517 1974 4556; x_wconf 90' lang='lat' dir='ltr'><strong>ac</strong></span> <span class='ocrx_word' id='word_1_705' title='bbox 2017 4502 2203 4555; x_wconf 88' lang='lat' dir='ltr'><strong>decem</strong></span> <span class='ocrx_word' id='word_1_706' title='bbox 2250 4503 2373 4555; x_wconf 85' lang='lat' dir='ltr'><strong>aliis</strong></span> <span class='ocrx_word' id='word_1_707' title='bbox 2410 4520 2422 4555; x_wconf 88' lang='lat'>:</span> <span class='ocrx_word' id='word_1_708' title='bbox 2454 4502 2546 4570; x_wconf 93' lang='lat' dir='ltr'><strong>qui</strong></span> <span class='ocrx_word' id='word_1_709' title='bbox 2595 4504 2661 4555; x_wconf 88' lang='lat' dir='ltr'><strong>ad</strong></span> <span class='ocrx_word' id='word_1_710' title='bbox 2716 4504 2872 4557; x_wconf 85' lang='lat' dir='ltr'><strong>littus</strong></span> <span class='ocrx_word' id='word_1_711' title='bbox 2913 4504 3338 4565; x_wconf 83' lang='lat' dir='ltr'><strong>descenderunt,</strong></span> <span class='ocrx_word' id='word_1_712' title='bbox 3390 4507 3479 4561; x_wconf 83' lang='lat' dir='ltr'><strong>ubi</strong></span> 
     </span>
    </p>
   </div>
   <div class='ocr_carea' id='block_1_93' title="bbox 226 4594 1803 4667">
    <p class='ocr_par' dir='ltr' id='par_1_93' title="bbox 226 4594 1803 4667">
     <span class='ocr_line' id='line_1_93' title="bbox 226 4594 1803 4667; baseline -0.004 -15"><span class='ocrx_word' id='word_1_713' title='bbox 226 4597 661 4667; x_wconf 80' lang='grc' dir='ltr'>Κρησκεντίνου,</span> <span class='ocrx_word' id='word_1_714' title='bbox 688 4596 781 4647; x_wconf 65' lang='grc' dir='ltr'><strong>καὶ</strong></span> <span class='ocrx_word' id='word_1_715' title='bbox 812 4594 1015 4665; x_wconf 79' lang='grc' dir='ltr'>ἑτέρων</span> <span class='ocrx_word' id='word_1_716' title='bbox 1049 4595 1182 4648; x_wconf 77' lang='grc' dir='ltr'>δέκα</span> <span class='ocrx_word' id='word_1_717' title='bbox 1212 4596 1309 4646; x_wconf 79' lang='grc' dir='ltr'><strong>σὺν</strong></span> <span class='ocrx_word' id='word_1_718' title='bbox 1336 4594 1503 4663; x_wconf 82' lang='grc' dir='ltr'>αὐτῷ.</span> <span class='ocrx_word' id='word_1_719' title='bbox 1533 4594 1641 4647; x_wconf 79' lang='grc' dir='ltr'>Καὶ</span> <span class='ocrx_word' id='word_1_720' title='bbox 1671 4611 1803 4646; x_wconf 89' lang='grc' dir='ltr'>κατ-</span> 
     </span>
    </p>
   </div>
   <div class='ocr_carea' id='block_1_94' title="bbox 226 4678 1802 4758">
    <p class='ocr_par' dir='ltr' id='par_1_94' title="bbox 226 4678 1802 4758">
     <span class='ocr_line' id='line_1_94' title="bbox 226 4678 1802 4758; baseline -0.001 -22"><span class='ocrx_word' id='word_1_721' title='bbox 226 4687 391 4758; x_wconf 78' lang='grc' dir='ltr'>ῆλθον</span> <span class='ocrx_word' id='word_1_722' title='bbox 435 4687 513 4748; x_wconf 82' lang='grc' dir='ltr'>εἰς</span> <span class='ocrx_word' id='word_1_723' title='bbox 558 4685 651 4736; x_wconf 81' lang='grc' dir='ltr'><strong>τὸν</strong></span> <span class='ocrx_word' id='word_1_724' title='bbox 678 4683 946 4752; x_wconf 76' lang='grc' dir='ltr'>αἰγιαλὸν,</span> <span class='ocrx_word' id='word_1_725' title='bbox 981 4683 1110 4736; x_wconf 78' lang='grc' dir='ltr'>ἔνθα</span> <span class='ocrx_word' id='word_1_726' title='bbox 1148 4683 1219 4735; x_wconf 87' lang='grc' dir='ltr'><strong>τά</strong></span> <span class='ocrx_word' id='word_1_727' title='bbox 1254 4681 1417 4735; x_wconf 73' lang='grc' dir='ltr'>πλοῖα</span> <span class='ocrx_word' id='word_1_728' title='bbox 1442 4678 1584 4750; x_wconf 81' lang='grc' dir='ltr'>ἦσαν</span> <span class='ocrx_word' id='word_1_729' title='bbox 1617 4681 1802 4749; x_wconf 87' lang='grc' dir='ltr'>βουλό-</span> 
     </span>
    </p>
   </div>
   <div class='ocr_carea' id='block_1_95' title="bbox 303 4871 1803 4949">
    <p class='ocr_par' dir='ltr' id='par_1_95' title="bbox 303 4871 1803 4949">
     <span class='ocr_line' id='line_1_95' title="bbox 303 4871 1803 4949; baseline -0.005 -16"><span class='ocrx_word' id='word_1_730' title='bbox 303 4880 415 4949; x_wconf 76' lang='lat'><strong>(65)</strong></span> <span class='ocrx_word' id='word_1_731' title='bbox 461 4879 675 4932; x_wconf 88' lang='lat' dir='ltr'><strong>Dictum</strong></span> <span class='ocrx_word' id='word_1_732' title='bbox 709 4877 815 4949; x_wconf 72' lang='lat' dir='ltr'><strong>h_oc</strong></span> <span class='ocrx_word' id='word_1_733' title='bbox 850 4877 985 4949; x_wconf 76' lang='lat' dir='ltr'><strong>satis</strong></span> <span class='ocrx_word' id='word_1_734' title='bbox 1014 4875 1324 4949; x_wconf 79' lang='lat' dir='ltr'><strong>aculeatam</strong></span> <span class='ocrx_word' id='word_1_735' title='bbox 1368 4883 1473 4949; x_wconf 81' lang='lat' dir='ltr'><strong>est,</strong></span> <span class='ocrx_word' id='word_1_736' title='bbox 1504 4883 1563 4926; x_wconf 91' lang='lat' dir='ltr'><strong>ut</strong></span> <span class='ocrx_word' id='word_1_737' title='bbox 1590 4871 1803 4949; x_wconf 80' lang='lat' dir='ltr'><strong>Leontii</strong></span> 
     </span>
    </p>
   </div>
   <div class='ocr_carea' id='block_1_96' title="bbox 269 4943 1802 5018">
    <p class='ocr_par' dir='ltr' id='par_1_96' title="bbox 269 4943 1802 5018">
     <span class='ocr_line' id='line_1_96' title="bbox 269 4943 1802 5018; baseline -0.004 -17"><span class='ocrx_word' id='word_1_738' title='bbox 269 4943 414 5004; x_wconf 81' lang='lat' dir='ltr'><strong>otius</strong></span> <span class='ocrx_word' id='word_1_739' title='bbox 440 4989 455 5011; x_wconf 91' lang='lat'><strong>,</strong></span> <span class='ocrx_word' id='word_1_740' title='bbox 511 4964 675 5018; x_wconf 88' lang='lat' dir='ltr'><strong>quam</strong></span> <span class='ocrx_word' id='word_1_741' title='bbox 718 4946 964 5015; x_wconf 78' lang='lat' dir='ltr'><strong>Gregorii</strong></span> <span class='ocrx_word' id='word_1_742' title='bbox 1005 4948 1235 5018; x_wconf 77' lang='lat' dir='ltr'><strong>nomine</strong></span> <span class='ocrx_word' id='word_1_743' title='bbox 1285 4944 1555 5011; x_wconf 88' lang='lat' dir='ltr'><strong>prolatum</strong></span> <span class='ocrx_word' id='word_1_744' title='bbox 1595 4943 1802 5018; x_wconf 83' lang='lat' dir='ltr'><strong>malini.</strong></span> 
     </span>
    </p>
   </div>
   <div class='ocr_carea' id='block_1_97' title="bbox 224 4966 1805 5088">
    <p class='ocr_par' dir='ltr' id='par_1_97' title="bbox 224 4966 1805 5088">
     <span class='ocr_line' id='line_1_97' title="bbox 269 4966 1802 5018; baseline -0.004 -17"><span class='ocrx_word' id='word_1_745' title='bbox 269 4966 455 5011; x_wconf 72' lang='grc'><strong>011115,</strong></span> <span class='ocrx_word' id='word_1_746' title='bbox 511 4966 675 5018; x_wconf 83' lang='lat' dir='ltr'><strong>quam</strong></span> <span class='ocrx_word' id='word_1_747' title='bbox 718 4966 964 5015; x_wconf 63' lang='lat' dir='ltr'><strong>‘ll‘egorll</strong></span> <span class='ocrx_word' id='word_1_748' title='bbox 1014 4966 1235 4998; x_wconf 71' lang='lat' dir='ltr'><strong>IIOIHIIIC</strong></span> <span class='ocrx_word' id='word_1_749' title='bbox 1286 4966 1555 5011; x_wconf 65' lang='lat' dir='ltr'><strong>pI‘UIHIUlII</strong></span> <span class='ocrx_word' id='word_1_750' title='bbox 1597 4966 1802 4995; x_wconf 70' lang='lat' dir='ltr'><strong>lllalllll.</strong></span> 
     </span>
     <span class='ocr_line' id='line_1_98' title="bbox 224 4966 1805 5088; baseline -0.005 -15"><span class='ocrx_word' id='word_1_751' title='bbox 224 4966 418 5088; x_wconf 53' lang='lat' dir='ltr'><strong>Reque</strong></span> <span class='ocrx_word' id='word_1_752' title='bbox 446 5034 579 5071; x_wconf 82' lang='lat' dir='ltr'><strong>vero</strong></span> <span class='ocrx_word' id='word_1_753' title='bbox 610 5018 815 5086; x_wconf 78' lang='lat' dir='ltr'><strong>legatus</strong></span> <span class='ocrx_word' id='word_1_754' title='bbox 843 5015 1178 5088; x_wconf 67' lang='lat' dir='ltr'><strong>reprehendi</strong></span> <span class='ocrx_word' id='word_1_755' title='bbox 1214 5024 1444 5088; x_wconf 76' lang='lat' dir='ltr'><strong>poterat,</strong></span> <span class='ocrx_word' id='word_1_756' title='bbox 1486 5015 1630 5083; x_wconf 90' lang='lat' dir='ltr'><strong>quod</strong></span> <span class='ocrx_word' id='word_1_757' title='bbox 1670 5014 1805 5088; x_wconf 76' lang='lat' dir='ltr'><strong>alic—</strong></span> 
     </span>
    </p>
   </div>
   <div class='ocr_carea' id='block_1_98' title="bbox 231 5085 1807 5157">
    <p class='ocr_par' dir='ltr' id='par_1_98' title="bbox 231 5085 1807 5157">
     <span class='ocr_line' id='line_1_99' title="bbox 231 5085 1807 5157; baseline -0.006 -14"><span class='ocrx_word' id='word_1_758' title='bbox 231 5085 417 5143; x_wconf 49' lang='lat' dir='ltr'><strong>nis&#39;se</strong></span> <span class='ocrx_word' id='word_1_759' title='bbox 462 5085 692 5157; x_wconf 83' lang='lat' dir='ltr'><strong>negotiis</strong></span> <span class='ocrx_word' id='word_1_760' title='bbox 738 5088 1091 5157; x_wconf 85' lang='lat' dir='ltr'><strong>immisceret.</strong></span> <span class='ocrx_word' id='word_1_761' title='bbox 1135 5085 1260 5138; x_wconf 66' lang='lat' dir='ltr'><strong>Haec</strong></span> <span class='ocrx_word' id='word_1_762' title='bbox 1307 5085 1451 5157; x_wconf 72' lang='lat' dir='ltr'><strong>enim</strong></span> <span class='ocrx_word' id='word_1_763' title='bbox 1484 5085 1807 5157; x_wconf 74' lang='lat' dir='ltr'><strong>a__po:_i_titiee</strong></span> 
     </span>
    </p>
   </div>
   <div class='ocr_carea' id='block_1_99' title="bbox 226 5151 1806 5221">
    <p class='ocr_par' dir='ltr' id='par_1_99' title="bbox 226 5151 1806 5221">
     <span class='ocr_line' id='line_1_100' title="bbox 226 5151 1806 5221; baseline -0.006 -7"><span class='ocrx_word' id='word_1_764' title='bbox 226 5161 473 5214; x_wconf 80' lang='lat' dir='ltr'><strong>maximo</strong></span> <span class='ocrx_word' id='word_1_765' title='bbox 530 5151 782 5209; x_wconf 69' lang='lat' dir='ltr'><strong>mandata</strong></span> <span class='ocrx_word' id='word_1_766' title='bbox 851 5156 1079 5208; x_wconf 86' lang='lat' dir='ltr'><strong>habebat</strong></span> <span class='ocrx_word' id='word_1_767' title='bbox 1136 5165 1252 5219; x_wconf 86' lang='lat' dir='ltr'><strong>:ut</strong></span> <span class='ocrx_word' id='word_1_768' title='bbox 1304 5152 1551 5221; x_wconf 75' lang='lat' dir='ltr'><strong>Gregorii</strong></span> <span class='ocrx_word' id='word_1_769' title='bbox 1626 5151 1806 5218; x_wconf 79' lang='lat' dir='ltr'><strong>Magni</strong></span> 
     </span>
    </p>
   </div>
   <div class='ocr_carea' id='block_1_100' title="bbox 224 5222 1809 5297">
    <p class='ocr_par' dir='ltr' id='par_1_100' title="bbox 224 5222 1809 5297">
     <span class='ocr_line' id='line_1_101' title="bbox 224 5222 1809 5297; baseline -0.006 -15"><span class='ocrx_word' id='word_1_770' title='bbox 224 5229 474 5297; x_wconf 69' lang='lat' dir='ltr'><strong>epistoiaa</strong></span> <span class='ocrx_word' id='word_1_771' title='bbox 520 5236 810 5297; x_wconf 85' lang='lat' dir='ltr'><strong>testantur.</strong></span> <span class='ocrx_word' id='word_1_772' title='bbox 861 5225 1132 5297; x_wconf 73' lang='lat' dir='ltr'><strong>Pergenti,</strong></span> <span class='ocrx_word' id='word_1_773' title='bbox 1177 5224 1373 5297; x_wconf 75' lang='lat' dir='ltr'><strong>inquit.</strong></span> <span class='ocrx_word' id='word_1_774' title='bbox 1411 5224 1503 5297; x_wconf 79' lang='lat' dir='ltr'><strong>tibi</strong></span> <span class='ocrx_word' id='word_1_775' title='bbox 1554 5222 1621 5297; x_wconf 80' lang='lat' dir='ltr'><strong>ad</strong></span> <span class='ocrx_word' id='word_1_776' title='bbox 1670 5222 1809 5275; x_wconf 79' lang='lat' dir='ltr'><strong>Siri-</strong></span> 
     </span>
    </p>
   </div>
   <div class='ocr_carea' id='block_1_101' title="bbox 226 5292 1804 5366">
    <p class='ocr_par' dir='ltr' id='par_1_101' title="bbox 226 5292 1804 5366">
     <span class='ocr_line' id='line_1_102' title="bbox 226 5292 1804 5366; baseline -0.006 -14"><span class='ocrx_word' id='word_1_777' title='bbox 226 5292 362 5352; x_wconf 50' lang='lat' dir='ltr'><strong>li&#39;am</strong></span> <span class='ocrx_word' id='word_1_778' title='bbox 395 5295 727 5366; x_wconf 80' lang='lat' dir='ltr'><strong>Capitulare,</strong></span> <span class='ocrx_word' id='word_1_779' title='bbox 762 5296 899 5363; x_wconf 85' lang='lat' dir='ltr'><strong>quod</strong></span> <span class='ocrx_word' id='word_1_780' title='bbox 925 5292 1067 5366; x_wconf 72' lang='lat' dir='ltr'><strong>dedi,</strong></span> <span class='ocrx_word' id='word_1_781' title='bbox 1103 5294 1312 5366; x_wconf 83' lang='lat' dir='ltr'><strong>assidue</strong></span> <span class='ocrx_word' id='word_1_782' title='bbox 1345 5292 1675 5366; x_wconf 74' lang='lat' dir='ltr'><strong>relegendam</strong></span> <span class='ocrx_word' id='word_1_783' title='bbox 1704 5302 1804 5356; x_wconf 85' lang='lat' dir='ltr'><strong>est,</strong></span> 
     </span>
    </p>
   </div>
   <div class='ocr_carea' id='block_1_102' title="bbox 226 5363 1805 5431">
    <p class='ocr_par' dir='ltr' id='par_1_102' title="bbox 226 5363 1805 5431">
     <span class='ocr_line' id='line_1_103' title="bbox 226 5363 1805 5431; baseline -0.006 -9"><span class='ocrx_word' id='word_1_784' title='bbox 226 5380 289 5422; x_wconf 86' lang='lat' dir='ltr'><strong>ut</strong></span> <span class='ocrx_word' id='word_1_785' title='bbox 336 5363 483 5421; x_wconf 43' lang='lat' dir='ltr'><strong>cura&#39;</strong></span> <span class='ocrx_word' id='word_1_786' title='bbox 513 5367 749 5419; x_wconf 75' lang='lat' dir='ltr'><strong>maxima</strong></span> <span class='ocrx_word' id='word_1_787' title='bbox 795 5382 905 5417; x_wconf 84' lang='lat' dir='ltr'><strong>esse</strong></span> <span class='ocrx_word' id='word_1_788' title='bbox 942 5363 1005 5416; x_wconf 87' lang='lat' dir='ltr'><strong>de</strong></span> <span class='ocrx_word' id='word_1_789' title='bbox 1055 5365 1309 5431; x_wconf 80' lang='lat' dir='ltr'><strong>episcopis</strong></span> <span class='ocrx_word' id='word_1_790' title='bbox 1358 5364 1542 5414; x_wconf 78' lang='lat' dir='ltr'><strong>debeat</strong></span> <span class='ocrx_word' id='word_1_791' title='bbox 1592 5363 1709 5431; x_wconf 83' lang='lat' dir='ltr'><strong>(lib.</strong></span> <span class='ocrx_word' id='word_1_792' title='bbox 1753 5378 1805 5422; x_wconf 86' lang='grc' dir='ltr'><strong>ι,</strong></span> 
     </span>
    </p>
   </div>
   <div class='ocr_carea' id='block_1_103' title="bbox 226 5432 1809 5508">
    <p class='ocr_par' dir='ltr' id='par_1_103' title="bbox 226 5432 1809 5508">
     <span class='ocr_line' id='line_1_104' title="bbox 226 5432 1809 5508; baseline -0.006 -17"><span class='ocrx_word' id='word_1_793' title='bbox 226 5441 392 5508; x_wconf 62' lang='lat' dir='ltr'><strong>epist.</strong></span> <span class='ocrx_word' id='word_1_794' title='bbox 429 5437 539 5508; x_wconf 81' lang='lat'><strong>&#39;56).</strong></span> <span class='ocrx_word' id='word_1_795' title='bbox 572 5436 783 5508; x_wconf 71' lang='lat' dir='ltr'><strong>Rursus</strong></span> <span class='ocrx_word' id='word_1_796' title='bbox 815 5452 825 5486; x_wconf 94' lang='lat'>:</span> <span class='ocrx_word' id='word_1_797' title='bbox 866 5434 939 5485; x_wconf 86' lang='lat' dir='ltr'><strong>De</strong></span> <span class='ocrx_word' id='word_1_798' title='bbox 971 5434 1136 5508; x_wconf 73' lang='lat' dir='ltr'><strong>lapsis</strong></span> <span class='ocrx_word' id='word_1_799' title='bbox 1169 5432 1535 5508; x_wconf 73' lang='lat' dir='ltr'><strong>sacerdocibas</strong></span> <span class='ocrx_word' id='word_1_800' title='bbox 1576 5434 1652 5508; x_wconf 79' lang='lat' dir='ltr'><strong>vel</strong></span> <span class='ocrx_word' id='word_1_801' title='bbox 1679 5447 1809 5500; x_wconf 82' lang='lat' dir='ltr'><strong>quo-</strong></span> 
     </span>
    </p>
   </div>
   <div class='ocr_carea' id='block_1_104' title="bbox 230 5504 1811 5566">
    <p class='ocr_par' dir='ltr' id='par_1_104' title="bbox 230 5504 1811 5566">
     <span class='ocr_line' id='line_1_105' title="bbox 230 5504 1811 5566; baseline -0.005 -5"><span class='ocrx_word' id='word_1_802' title='bbox 230 5504 358 5562; x_wconf 73' lang='lat' dir='ltr'><strong>libet</strong></span> <span class='ocrx_word' id='word_1_803' title='bbox 389 5523 451 5560; x_wconf 73' lang='lat' dir='ltr'><strong>ex</strong></span> <span class='ocrx_word' id='word_1_804' title='bbox 487 5504 624 5560; x_wconf 81' lang='lat' dir='ltr'><strong>clero</strong></span> <span class='ocrx_word' id='word_1_805' title='bbox 667 5505 939 5557; x_wconf 83' lang='lat' dir='ltr'><strong>observare</strong></span> <span class='ocrx_word' id='word_1_806' title='bbox 974 5515 1021 5556; x_wconf 85' lang='lat' dir='ltr'><strong>te</strong></span> <span class='ocrx_word' id='word_1_807' title='bbox 1054 5504 1313 5566; x_wconf 82' lang='lat' dir='ltr'><strong>volunms,</strong></span> <span class='ocrx_word' id='word_1_808' title='bbox 1362 5512 1417 5553; x_wconf 82' lang='lat' dir='ltr'><strong>ut</strong></span> <span class='ocrx_word' id='word_1_809' title='bbox 1448 5506 1501 5554; x_wconf 85' lang='lat' dir='ltr'><strong>in</strong></span> <span class='ocrx_word' id='word_1_810' title='bbox 1546 5505 1695 5554; x_wconf 73' lang='lat' dir='ltr'><strong>rebus</strong></span> <span class='ocrx_word' id='word_1_811' title='bbox 1725 5518 1811 5553; x_wconf 83' lang='lat' dir='ltr'><strong>eo-</strong></span> 
     </span>
    </p>
   </div>
   <div class='ocr_carea' id='block_1_105' title="bbox 229 5572 1806 5640">
    <p class='ocr_par' dir='ltr' id='par_1_105' title="bbox 229 5572 1806 5640">
     <span class='ocr_line' id='line_1_106' title="bbox 229 5572 1806 5640; baseline -0.004 -10"><span class='ocrx_word' id='word_1_812' title='bbox 229 5596 352 5631; x_wconf 85' lang='lat' dir='ltr'><strong>rum</strong></span> <span class='ocrx_word' id='word_1_813' title='bbox 372 5578 520 5630; x_wconf 84' lang='lat' dir='ltr'><strong>nulla</strong></span> <span class='ocrx_word' id='word_1_814' title='bbox 540 5577 991 5629; x_wconf 83' lang='lat' dir='ltr'><strong>contaminatione</strong></span> <span class='ocrx_word' id='word_1_815' title='bbox 1010 5576 1279 5626; x_wconf 80' lang='lat' dir='ltr'><strong>miscearis</strong></span> <span class='ocrx_word' id='word_1_816' title='bbox 1302 5573 1417 5629; x_wconf 79' lang='lat' dir='ltr'><strong>tlib.</strong></span> <span class='ocrx_word' id='word_1_817' title='bbox 1445 5589 1481 5631; x_wconf 80' lang='grc' dir='ltr'><strong>ι,</strong></span> <span class='ocrx_word' id='word_1_818' title='bbox 1505 5574 1669 5635; x_wconf 87' lang='lat' dir='ltr'><strong>epist.</strong></span> <span class='ocrx_word' id='word_1_819' title='bbox 1696 5572 1806 5640; x_wconf 69' lang='grc' dir='ltr'><strong>Μ).</strong></span> 
     </span>
    </p>
   </div>
   <div class='ocr_carea' id='block_1_106' title="bbox 232 5643 1812 5710">
    <p class='ocr_par' dir='ltr' id='par_1_106' title="bbox 232 5643 1812 5710">
     <span class='ocr_line' id='line_1_107' title="bbox 232 5643 1812 5710; baseline -0.008 -9"><span class='ocrx_word' id='word_1_820' title='bbox 232 5650 291 5701; x_wconf 83' lang='lat' dir='ltr'><strong>In</strong></span> <span class='ocrx_word' id='word_1_821' title='bbox 326 5650 428 5701; x_wconf 87' lang='lat' dir='ltr'><strong>alia</strong></span> <span class='ocrx_word' id='word_1_822' title='bbox 464 5665 477 5699; x_wconf 90' lang='lat'><strong>:</strong></span> <span class='ocrx_word' id='word_1_823' title='bbox 513 5646 775 5700; x_wconf 72' lang='lat' dir='ltr'><strong>Pra’terea</strong></span> <span class='ocrx_word' id='word_1_824' title='bbox 813 5647 908 5697; x_wconf 85' lang='lat' dir='ltr'><strong>hoc</strong></span> <span class='ocrx_word' id='word_1_825' title='bbox 935 5645 1028 5697; x_wconf 85' lang='lat' dir='ltr'><strong>tibi</strong></span> <span class='ocrx_word' id='word_1_826' title='bbox 1054 5645 1409 5710; x_wconf 74' lang='lat' dir='ltr'><strong>indagandum</strong></span> <span class='ocrx_word' id='word_1_827' title='bbox 1440 5643 1689 5693; x_wconf 85' lang='lat' dir='ltr'><strong>mandare</strong></span> <span class='ocrx_word' id='word_1_828' title='bbox 1721 5659 1812 5692; x_wconf 82' lang='lat' dir='ltr'><strong>en-</strong></span> 
     </span>
    </p>
   </div>
   <div class='ocr_carea' id='block_1_107' title="bbox 230 5713 1811 5784">
    <p class='ocr_par' dir='ltr' id='par_1_107' title="bbox 230 5713 1811 5784">
     <span class='ocr_line' id='line_1_108' title="bbox 230 5713 1811 5784; baseline -0.006 -14"><span class='ocrx_word' id='word_1_829' title='bbox 230 5719 486 5781; x_wconf 73' lang='lat' dir='ltr'><strong>ravinms,</strong></span> <span class='ocrx_word' id='word_1_830' title='bbox 542 5718 720 5778; x_wconf 80' lang='lat' dir='ltr'><strong>veteri,</strong></span> <span class='ocrx_word' id='word_1_831' title='bbox 762 5731 877 5784; x_wconf 79' lang='lat' dir='ltr'><strong>qua:</strong></span> <span class='ocrx_word' id='word_1_832' title='bbox 920 5716 1037 5783; x_wconf 85' lang='lat' dir='ltr'><strong>jam</strong></span> <span class='ocrx_word' id='word_1_833' title='bbox 1085 5716 1386 5773; x_wconf 79' lang='lat' dir='ltr'><strong>inoleverat,</strong></span> <span class='ocrx_word' id='word_1_834' title='bbox 1437 5713 1811 5784; x_wconf 73' lang='lat' dir='ltr'><strong>consuetudine</strong></span> 
     </span>
    </p>
   </div>
   <div class='ocr_carea' id='block_1_108' title="bbox 230 5782 1809 5857">
    <p class='ocr_par' dir='ltr' id='par_1_108' title="bbox 230 5782 1809 5857">
     <span class='ocr_line' id='line_1_109' title="bbox 230 5782 1809 5857; baseline -0.006 -15"><span class='ocrx_word' id='word_1_835' title='bbox 230 5791 544 5857; x_wconf 82' lang='lat' dir='ltr'><strong>postposita,</strong></span> <span class='ocrx_word' id='word_1_836' title='bbox 571 5799 627 5841; x_wconf 86' lang='lat' dir='ltr'><strong>nt</strong></span> <span class='ocrx_word' id='word_1_837' title='bbox 651 5790 692 5840; x_wconf 97' lang='lat' dir='ltr'><strong>si</strong></span> <span class='ocrx_word' id='word_1_838' title='bbox 714 5782 828 5855; x_wconf 74' lang='lat' dir='ltr'><strong>ante</strong></span> <span class='ocrx_word' id='word_1_839' title='bbox 860 5782 1096 5837; x_wconf 71' lang='lat' dir='ltr'><strong>ciuitates</strong></span> <span class='ocrx_word' id='word_1_840' title='bbox 1119 5786 1171 5836; x_wconf 86' lang='lat' dir='ltr'><strong>in</strong></span> <span class='ocrx_word' id='word_1_841' title='bbox 1187 5785 1455 5852; x_wconf 73' lang='lat' dir='ltr'><strong>provincia</strong></span> <span class='ocrx_word' id='word_1_842' title='bbox 1494 5782 1693 5834; x_wconf 71' lang='lat' dir='ltr'><strong>Sicilia&#39;</strong></span> <span class='ocrx_word' id='word_1_843' title='bbox 1718 5798 1809 5848; x_wconf 82' lang='lat' dir='ltr'><strong>pio</strong></span> 
     </span>
    </p>
   </div>
   <div class='ocr_carea' id='block_1_109' title="bbox 1906 4592 3484 4664">
    <p class='ocr_par' dir='ltr' id='par_1_109' title="bbox 1906 4592 3484 4664">
     <span class='ocr_line' id='line_1_110' title="bbox 1906 4592 3484 4664; baseline 0.002 -21"><span class='ocrx_word' id='word_1_844' title='bbox 1906 4606 2074 4645; x_wconf 85' lang='lat' dir='ltr'><strong>naves</strong></span> <span class='ocrx_word' id='word_1_845' title='bbox 2102 4600 2280 4653; x_wconf 83' lang='lat' dir='ltr'><strong>erant,</strong></span> <span class='ocrx_word' id='word_1_846' title='bbox 2311 4592 2719 4660; x_wconf 91' lang='lat' dir='ltr'><strong>quamprimum</strong></span> <span class='ocrx_word' id='word_1_847' title='bbox 2759 4594 2875 4646; x_wconf 80' lang='lat' dir='ltr'><strong>vela</strong></span> <span class='ocrx_word' id='word_1_848' title='bbox 2911 4592 3153 4649; x_wconf 66' lang='lat' dir='ltr'><strong>facturae.</strong></span> <span class='ocrx_word' id='word_1_849' title='bbox 3182 4595 3249 4647; x_wconf 83' lang='lat' dir='ltr'><strong>At</strong></span> <span class='ocrx_word' id='word_1_850' title='bbox 3275 4594 3484 4664; x_wconf 69' lang='lat' dir='ltr'><strong>Grego-</strong></span> 
     </span>
    </p>
   </div>
   <div class='ocr_carea' id='block_1_110' title="bbox 1907 4682 3480 4750">
    <p class='ocr_par' dir='ltr' id='par_1_110' title="bbox 1907 4682 3480 4750">
     <span class='ocr_line' id='line_1_111' title="bbox 1907 4682 3480 4750; baseline 0.001 -17"><span class='ocrx_word' id='word_1_851' title='bbox 1907 4682 2045 4734; x_wconf 89' lang='lat' dir='ltr'><strong>rium</strong></span> <span class='ocrx_word' id='word_1_852' title='bbox 2079 4692 2331 4749; x_wconf 86' lang='lat' dir='ltr'><strong>parentes</strong></span> <span class='ocrx_word' id='word_1_853' title='bbox 2358 4682 2479 4749; x_wconf 85' lang='lat' dir='ltr'><strong>ejus</strong></span> <span class='ocrx_word' id='word_1_854' title='bbox 2504 4682 2874 4749; x_wconf 83' lang='lat' dir='ltr'><strong>sequebantur</strong></span> <span class='ocrx_word' id='word_1_855' title='bbox 2907 4683 3211 4749; x_wconf 86' lang='lat' dir='ltr'><strong>plorantes;</strong></span> <span class='ocrx_word' id='word_1_856' title='bbox 3245 4699 3480 4750; x_wconf 83' lang='lat' dir='ltr'><strong>quorum</strong></span> 
     </span>
    </p>
   </div>
   <div class='ocr_carea' id='block_1_111' title="bbox 1905 4878 3482 4949">
    <p class='ocr_par' dir='ltr' id='par_1_111' title="bbox 1905 4878 3482 4949">
     <span class='ocr_line' id='line_1_112' title="bbox 1905 4878 3482 4949; baseline 0 -16"><span class='ocrx_word' id='word_1_857' title='bbox 1905 4881 2130 4947; x_wconf 78' lang='lat' dir='ltr'><strong>peccatis</strong></span> <span class='ocrx_word' id='word_1_858' title='bbox 2162 4895 2253 4946; x_wconf 84' lang='lat' dir='ltr'><strong>per</strong></span> <span class='ocrx_word' id='word_1_859' title='bbox 2299 4879 2633 4931; x_wconf 74' lang='lat' dir='ltr'><strong>sacerdotum</strong></span> <span class='ocrx_word' id='word_1_860' title='bbox 2662 4878 2842 4949; x_wconf 73' lang='lat' dir='ltr'><strong>lap_sns</strong></span> <span class='ocrx_word' id='word_1_861' title='bbox 2875 4895 2906 4929; x_wconf 90' lang='lat' dir='ltr'><strong>a</strong></span> <span class='ocrx_word' id='word_1_862' title='bbox 2935 4879 3197 4945; x_wconf 78' lang='lat' dir='ltr'><strong>pastorali</strong></span> <span class='ocrx_word' id='word_1_863' title='bbox 3232 4881 3482 4949; x_wconf 76' lang='lat' dir='ltr'><strong>regimine</strong></span> 
     </span>
    </p>
   </div>
   <div class='ocr_carea' id='block_1_112' title="bbox 1908 4946 3481 5016">
    <p class='ocr_par' dir='ltr' id='par_1_112' title="bbox 1908 4946 3481 5016">
     <span class='ocr_line' id='line_1_113' title="bbox 1908 4946 3481 5016; baseline -0.001 -13"><span class='ocrx_word' id='word_1_864' title='bbox 1908 4964 2093 5004; x_wconf 86' lang='lat' dir='ltr'><strong>vacare</strong></span> <span class='ocrx_word' id='word_1_865' title='bbox 2121 4959 2431 5009; x_wconf 79' lang='lat' dir='ltr'><strong>noscuntur,</strong></span> <span class='ocrx_word' id='word_1_866' title='bbox 2468 4949 2532 4999; x_wconf 84' lang='lat' dir='ltr'><strong>de</strong></span> <span class='ocrx_word' id='word_1_867' title='bbox 2557 4948 2695 4999; x_wconf 85' lang='lat' dir='ltr'><strong>clero</strong></span> <span class='ocrx_word' id='word_1_868' title='bbox 2722 4946 3081 5000; x_wconf 80' lang='lat' dir='ltr'><strong>Ecclesiarnm</strong></span> <span class='ocrx_word' id='word_1_869' title='bbox 3110 4946 3369 5016; x_wconf 82' lang='lat' dir='ltr'><strong>ipsarum,</strong></span> <span class='ocrx_word' id='word_1_870' title='bbox 3405 4952 3481 5004; x_wconf 77' lang='lat' dir='ltr'><strong>vel</strong></span> 
     </span>
    </p>
   </div>
   <div class='ocr_carea' id='block_1_113' title="bbox 1908 5018 3483 5087">
    <p class='ocr_par' dir='ltr' id='par_1_113' title="bbox 1908 5018 3483 5087">
     <span class='ocr_line' id='line_1_114' title="bbox 1908 5018 3483 5087; baseline -0.003 -12"><span class='ocrx_word' id='word_1_871' title='bbox 1908 5038 1971 5075; x_wconf 72' lang='lat' dir='ltr'><strong>ex</strong></span> <span class='ocrx_word' id='word_1_872' title='bbox 2012 5019 2371 5078; x_wconf 84' lang='lat' dir='ltr'><strong>monasteriis,</strong></span> <span class='ocrx_word' id='word_1_873' title='bbox 2411 5020 2454 5070; x_wconf 79' lang='lat' dir='ltr'><strong>si</strong></span> <span class='ocrx_word' id='word_1_874' title='bbox 2481 5019 2571 5085; x_wconf 86' lang='lat' dir='ltr'><strong>qui</strong></span> <span class='ocrx_word' id='word_1_875' title='bbox 2605 5018 2775 5087; x_wconf 80' lang='lat' dir='ltr'><strong>digni</strong></span> <span class='ocrx_word' id='word_1_876' title='bbox 2800 5018 2867 5068; x_wconf 83' lang='lat' dir='ltr'><strong>ad</strong></span> <span class='ocrx_word' id='word_1_877' title='bbox 2898 5020 3279 5071; x_wconf 81' lang='lat' dir='ltr'><strong>sacerdotalem</strong></span> <span class='ocrx_word' id='word_1_878' title='bbox 3309 5022 3483 5072; x_wconf 85' lang='lat' dir='ltr'><strong>locum</strong></span> 
     </span>
    </p>
   </div>
   <div class='ocr_carea' id='block_1_114' title="bbox 1908 5086 3280 5168">
    <p class='ocr_par' dir='ltr' id='par_1_114' title="bbox 1908 5086 3280 5168">
     <span class='ocr_line' id='line_1_115' title="bbox 1908 5086 3280 5168; baseline 0.001 -27"><span class='ocrx_word' id='word_1_879' title='bbox 1908 5090 2389 5168; x_wconf 47' lang='lat' dir='ltr'><strong>possnntj&#39;nrcniri,</strong></span> <span class='ocrx_word' id='word_1_880' title='bbox 2419 5086 2703 5168; x_wconf 61' lang='lat' dir='ltr'><strong>perspicias</strong></span> <span class='ocrx_word' id='word_1_881' title='bbox 2745 5086 2862 5153; x_wconf 76' lang='lat' dir='ltr'><strong>(lib.</strong></span> <span class='ocrx_word' id='word_1_882' title='bbox 2897 5090 3130 5168; x_wconf 33' lang='grc' dir='ltr'>μετῄει.</span> <span class='ocrx_word' id='word_1_883' title='bbox 3173 5090 3280 5168; x_wconf 68' lang='grc'><strong>18).</strong></span> 
     </span>
    </p>
   </div>
   <div class='ocr_carea' id='block_1_115' title="bbox 1981 5157 3480 5227">
    <p class='ocr_par' dir='ltr' id='par_1_115' title="bbox 1981 5157 3480 5227">
     <span class='ocr_line' id='line_1_116' title="bbox 1981 5157 3480 5227; baseline -0.001 -15"><span class='ocrx_word' id='word_1_884' title='bbox 1981 5160 2089 5227; x_wconf 79' lang='lat'><strong>(66)</strong></span> <span class='ocrx_word' id='word_1_885' title='bbox 2130 5158 2509 5211; x_wconf 80' lang='lat' dir='ltr'><strong>Num-litteras</strong></span> <span class='ocrx_word' id='word_1_886' title='bbox 2544 5159 2732 5227; x_wconf 80' lang='lat' dir='ltr'><strong>Petrus</strong></span> <span class='ocrx_word' id='word_1_887' title='bbox 2762 5172 2789 5209; x_wconf 87' lang='lat' dir='ltr'><strong>a</strong></span> <span class='ocrx_word' id='word_1_888' title='bbox 2823 5157 3072 5224; x_wconf 82' lang='lat' dir='ltr'><strong>pontifice</strong></span> <span class='ocrx_word' id='word_1_889' title='bbox 3110 5157 3347 5211; x_wconf 80' lang='lat' dir='ltr'><strong>maximo</strong></span> <span class='ocrx_word' id='word_1_890' title='bbox 3368 5161 3480 5227; x_wconf 86' lang='lat' dir='ltr'><strong>jam</strong></span> 
     </span>
    </p>
   </div>
   <div class='ocr_carea' id='block_1_116' title="bbox 1910 5226 3485 5298">
    <p class='ocr_par' dir='ltr' id='par_1_116' title="bbox 1910 5226 3485 5298">
     <span class='ocr_line' id='line_1_117' title="bbox 1910 5226 3485 5298; baseline -0.001 -16"><span class='ocrx_word' id='word_1_891' title='bbox 1910 5226 2252 5298; x_wconf 76' lang='lat' dir='ltr'><strong>acoepisset,</strong></span> <span class='ocrx_word' id='word_1_892' title='bbox 2309 5229 2509 5295; x_wconf 80' lang='lat' dir='ltr'><strong>quibus</strong></span> <span class='ocrx_word' id='word_1_893' title='bbox 2563 5226 2883 5295; x_wconf 79' lang='lat' dir='ltr'><strong>Gregorium</strong></span> <span class='ocrx_word' id='word_1_894' title='bbox 2940 5226 3379 5295; x_wconf 73' lang='lat' dir='ltr'><strong>Agrigentinum</strong></span> <span class='ocrx_word' id='word_1_895' title='bbox 3419 5245 3485 5285; x_wconf 86' lang='lat' dir='ltr'><strong>ac</strong></span> 
     </span>
    </p>
   </div>
   <div class='ocr_carea' id='block_1_117' title="bbox 1911 5298 3481 5367">
    <p class='ocr_par' dir='ltr' id='par_1_117' title="bbox 1911 5298 3481 5367">
     <span class='ocr_line' id='line_1_118' title="bbox 1911 5298 3481 5367; baseline -0.002 -14"><span class='ocrx_word' id='word_1_896' title='bbox 1911 5304 2048 5353; x_wconf 88' lang='lat' dir='ltr'><strong>duos</strong></span> <span class='ocrx_word' id='word_1_897' title='bbox 2105 5299 2241 5353; x_wconf 84' lang='lat' dir='ltr'><strong>alios</strong></span> <span class='ocrx_word' id='word_1_898' title='bbox 2296 5300 2581 5367; x_wconf 86' lang='lat' dir='ltr'><strong>epise0pos</strong></span> <span class='ocrx_word' id='word_1_899' title='bbox 2631 5298 2855 5348; x_wconf 75' lang='lat' dir='ltr'><strong>Romam</strong></span> <span class='ocrx_word' id='word_1_900' title='bbox 2915 5299 3125 5350; x_wconf 85' lang='lat' dir='ltr'><strong>mittere</strong></span> <span class='ocrx_word' id='word_1_901' title='bbox 3168 5298 3481 5364; x_wconf 78' lang='lat' dir='ltr'><strong>jubebatur,</strong></span> 
     </span>
    </p>
   </div>
   <div class='ocr_carea' id='block_1_118' title="bbox 1913 5367 3484 5435">
    <p class='ocr_par' dir='ltr' id='par_1_118' title="bbox 1913 5367 3484 5435">
     <span class='ocr_line' id='line_1_119' title="bbox 1913 5367 3484 5435; baseline -0.001 -11"><span class='ocrx_word' id='word_1_902' title='bbox 1913 5372 2177 5424; x_wconf 75' lang='lat' dir='ltr'><strong>allirmare</strong></span> <span class='ocrx_word' id='word_1_903' title='bbox 2209 5384 2317 5420; x_wconf 91' lang='lat' dir='ltr'><strong>non</strong></span> <span class='ocrx_word' id='word_1_904' title='bbox 2358 5368 2551 5420; x_wconf 80' lang='lat' dir='ltr'><strong>audeo.</strong></span> <span class='ocrx_word' id='word_1_905' title='bbox 2594 5367 2873 5435; x_wconf 64' lang='lat' dir='ltr'><strong>Angusum</strong></span> <span class='ocrx_word' id='word_1_906' title='bbox 2901 5368 3045 5419; x_wconf 91' lang='lat' dir='ltr'><strong>cnim</strong></span> <span class='ocrx_word' id='word_1_907' title='bbox 3095 5368 3355 5433; x_wconf 85' lang='lat' dir='ltr'><strong>temporis</strong></span> <span class='ocrx_word' id='word_1_908' title='bbox 3384 5382 3484 5423; x_wconf 71' lang='lat' dir='ltr'><strong>ex-</strong></span> 
     </span>
    </p>
   </div>
   <div class='ocr_carea' id='block_1_119' title="bbox 1912 5436 3488 5501">
    <p class='ocr_par' dir='ltr' id='par_1_119' title="bbox 1912 5436 3488 5501">
     <span class='ocr_line' id='line_1_120' title="bbox 1912 5436 3488 5501; baseline -0.003 -7"><span class='ocrx_word' id='word_1_909' title='bbox 1912 5442 2130 5495; x_wconf 85' lang='lat' dir='ltr'><strong>cludere</strong></span> <span class='ocrx_word' id='word_1_910' title='bbox 2160 5439 2435 5490; x_wconf 75' lang='lat' dir='ltr'><strong>videntur.</strong></span> <span class='ocrx_word' id='word_1_911' title='bbox 2473 5436 2577 5488; x_wconf 84' lang='lat' dir='ltr'><strong>Sed</strong></span> <span class='ocrx_word' id='word_1_912' title='bbox 2611 5436 2908 5501; x_wconf 71' lang='lat' dir='ltr'><strong>Gregorius</strong></span> <span class='ocrx_word' id='word_1_913' title='bbox 2943 5437 3168 5501; x_wconf 77' lang='lat' dir='ltr'><strong>Magnus</strong></span> <span class='ocrx_word' id='word_1_914' title='bbox 3201 5437 3347 5490; x_wconf 80' lang='lat' dir='ltr'><strong>Julio</strong></span> <span class='ocrx_word' id='word_1_915' title='bbox 3391 5448 3488 5490; x_wconf 86' lang='lat' dir='ltr'><strong>aut</strong></span> 
     </span>
    </p>
   </div>
   <div class='ocr_carea' id='block_1_120' title="bbox 1912 5506 3485 5579">
    <p class='ocr_par' dir='ltr' id='par_1_120' title="bbox 1912 5506 3485 5579">
     <span class='ocr_line' id='line_1_121' title="bbox 1912 5506 3485 5579; baseline -0.003 -16"><span class='ocrx_word' id='word_1_916' title='bbox 1912 5513 2157 5579; x_wconf 68' lang='lat' dir='ltr'><strong>Augusto</strong></span> <span class='ocrx_word' id='word_1_917' title='bbox 2189 5508 2318 5560; x_wconf 90' lang='lat' dir='ltr'><strong>anni</strong></span> <span class='ocrx_word' id='word_1_918' title='bbox 2348 5509 2442 5561; x_wconf 82' lang='lat' dir='ltr'><strong>59l</strong></span> <span class='ocrx_word' id='word_1_919' title='bbox 2481 5508 2560 5558; x_wconf 84' lang='lat' dir='ltr'><strong>sic</strong></span> <span class='ocrx_word' id='word_1_920' title='bbox 2589 5506 2677 5579; x_wconf 90' lang='lat' dir='ltr'><strong>_ad</strong></span> <span class='ocrx_word' id='word_1_921' title='bbox 2713 5523 2836 5558; x_wconf 84' lang='lat' dir='ltr'><strong>eum</strong></span> <span class='ocrx_word' id='word_1_922' title='bbox 2852 5507 3094 5579; x_wconf 39' lang='lat' dir='ltr'><strong>“scripsit</strong></span> <span class='ocrx_word' id='word_1_923' title='bbox 3124 5524 3135 5558; x_wconf 88' lang='lat'><strong>:</strong></span> <span class='ocrx_word' id='word_1_924' title='bbox 3171 5507 3485 5579; x_wconf 63' lang='lat' dir='ltr'><strong>Gregorium</strong></span> 
     </span>
    </p>
   </div>
   <div class='ocr_carea' id='block_1_121' title="bbox 1913 5575 3486 5647">
    <p class='ocr_par' dir='ltr' id='par_1_121' title="bbox 1913 5575 3486 5647">
     <span class='ocr_line' id='line_1_122' title="bbox 1913 5575 3486 5647; baseline -0.003 -15"><span class='ocrx_word' id='word_1_925' title='bbox 1913 5575 2029 5633; x_wconf 75' lang='lat' dir='ltr'><strong>vero</strong></span> <span class='ocrx_word' id='word_1_926' title='bbox 2062 5578 2461 5647; x_wconf 78' lang='lat' dir='ltr'><strong>Agrigentinum</strong></span> <span class='ocrx_word' id='word_1_927' title='bbox 2491 5586 2538 5628; x_wconf 84' lang='lat' dir='ltr'><strong>et</strong></span> <span class='ocrx_word' id='word_1_928' title='bbox 2579 5575 2799 5629; x_wconf 84' lang='lat' dir='ltr'><strong>Leonem</strong></span> <span class='ocrx_word' id='word_1_929' title='bbox 2838 5575 3185 5629; x_wconf 80' lang='lat' dir='ltr'><strong>Catanensent</strong></span> <span class='ocrx_word' id='word_1_930' title='bbox 3214 5591 3259 5629; x_wconf 82' lang='lat' dir='ltr'><strong>et</strong></span> <span class='ocrx_word' id='word_1_931' title='bbox 3280 5575 3287 5577; x_wconf 11' lang='grc' dir='ltr'><em>ἡ</em></span> <span class='ocrx_word' id='word_1_932' title='bbox 3308 5576 3486 5628; x_wconf 74' lang='lat' dir='ltr'><strong>Virto-</strong></span> 
     </span>
    </p>
   </div>
   <div class='ocr_carea' id='block_1_122' title="bbox 1916 5647 3485 5714">
    <p class='ocr_par' dir='ltr' id='par_1_122' title="bbox 1916 5647 3485 5714">
     <span class='ocr_line' id='line_1_123' title="bbox 1916 5647 3485 5714; baseline -0.001 -13"><span class='ocrx_word' id='word_1_933' title='bbox 1916 5668 2018 5703; x_wconf 86' lang='lat' dir='ltr'><strong>rcm</strong></span> <span class='ocrx_word' id='word_1_934' title='bbox 2058 5648 2498 5700; x_wconf 80' lang='lat' dir='ltr'><strong>Panormitamtm</strong></span> <span class='ocrx_word' id='word_1_935' title='bbox 2542 5662 2633 5714; x_wconf 81' lang='lat' dir='ltr'><strong>per</strong></span> <span class='ocrx_word' id='word_1_936' title='bbox 2678 5648 2854 5698; x_wconf 85' lang='lat' dir='ltr'><strong>omnia</strong></span> <span class='ocrx_word' id='word_1_937' title='bbox 2895 5663 2985 5698; x_wconf 86' lang='lat' dir='ltr'><strong>nos</strong></span> <span class='ocrx_word' id='word_1_938' title='bbox 3015 5648 3250 5699; x_wconf 81' lang='lat' dir='ltr'><strong>rolnmns</strong></span> <span class='ocrx_word' id='word_1_939' title='bbox 3282 5647 3349 5699; x_wconf 83' lang='lat' dir='ltr'><strong>ad</strong></span> <span class='ocrx_word' id='word_1_940' title='bbox 3392 5661 3485 5700; x_wconf 78' lang='lat' dir='ltr'><strong>nos</strong></span> 
     </span>
    </p>
   </div>
   <div class='ocr_carea' id='block_1_123' title="bbox 1914 5716 3115 5787">
    <p class='ocr_par' dir='ltr' id='par_1_123' title="bbox 1914 5716 3115 5787">
     <span class='ocr_line' id='line_1_124' title="bbox 1914 5716 3115 5787; baseline -0.003 -14"><span class='ocrx_word' id='word_1_941' title='bbox 1914 5732 2034 5773; x_wconf 58' lang='lat' dir='ltr'><strong>agite</strong></span> <span class='ocrx_word' id='word_1_942' title='bbox 2062 5720 2281 5772; x_wconf 82' lang='lat' dir='ltr'><strong>hiemem</strong></span> <span class='ocrx_word' id='word_1_943' title='bbox 2305 5719 2567 5785; x_wconf 80' lang='lat' dir='ltr'><strong>proﬁcisci</strong></span> <span class='ocrx_word' id='word_1_944' title='bbox 2599 5718 2715 5787; x_wconf 69' lang='lat' dir='ltr'><strong>tlib.</strong></span> <span class='ocrx_word' id='word_1_945' title='bbox 2748 5732 2786 5775; x_wconf 75' lang='grc' dir='ltr'><strong>ι,</strong></span> <span class='ocrx_word' id='word_1_946' title='bbox 2817 5718 2973 5785; x_wconf 74' lang='lat' dir='ltr'><strong>epist.</strong></span> <span class='ocrx_word' id='word_1_947' title='bbox 3006 5716 3115 5785; x_wconf 72' lang='lat'><strong>7&#39;3).</strong></span> 
     </span>
    </p>
   </div>
  </div>
