4226 6444
762 388 869 457 655

1755 392 1817 451 S.
1858 392 2235 455 GREGORII
2270 394 2781 457 AGRIGENTINI
2818 397 3014 459 VlTA.

3901 400 4018 465 656

763 499 882 566 ipse
903 496 969 550 ad
1014 495 1177 566 pedes
1216 496 1524 566 procidens,
1555 498 1844 555 obsecrare
1876 502 1958 556 sic
1997 504 2162 573 empit
2193 521 2208 558 :
2235 503 2332 569 Ne,
2365 512 2407 565 Α

2365 512 2407 565 Α
2438 520 2573 573 μενα
2600 506 2953 576 ἀποκινῆσαι.
2982 505 3292 560 Ἠκολούθει
3323 506 3378 561 δὲ
3403 508 3553 579 αὐτῷ
3578 510 3604 561 ὁ
3636 508 3815 579 πατὴρ
3838 509 4018 563 αὑτοῦ

759 602 964 656 quaso,
994 603 1109 641 mea
1141 603 1329 653 causa,
1356 589 1562 642 domini
1602 592 1727 657 mei,
1760 593 1837 646 sic
1866 594 2319 665 lugeatis.Neque

757 680 905 733 enim
933 678 1195 734 Dominus
1216 697 1370 735 incus
1388 681 1546 736 lcsus
1568 682 1825 741 Christus
1849 686 2218 755 nequidquam
2244 702 2332 742 me

759 770 813 825 in
860 770 1317 825 calumniaturum
1351 788 1598 827 meorum
1637 789 1832 831 manus
1866 777 2091 833 dedidit.
2129 776 2328 833 Verum

757 876 968 929 preces,
1020 878 1117 918 vos
1169 880 1288 931 oro,
1324 880 1423 935 pro
1471 881 1557 920 tne
1589 869 1824 923 scelesto
1856 870 2077 927 homine
2116 872 2328 938 iterate,

755 968 865 1021 quo
890 953 1033 1010 Deus
1061 956 1192 1010 mihi
1219 958 1449 1012 crimina
1503 975 1624 1028 qua:
1650 961 1841 1015 admisi
1874 964 2041 1017 multa
2068 966 2327 1019 remittat.

759 1045 882 1101 llaac
909 1062 974 1101 eo
1000 1048 1235 1111 dicente,
1286 1050 1498 1120 legatus
1530 1068 1699 1105 unum
1740 1069 1771 1107 e
1804 1056 2160 1110 naviculariis
2198 1055 2331 1110 Pro-

757 1139 975 1208 copium
1010 1140 1339 1209 appellatum
1376 1144 1593 1208 accivit,
1625 1146 1786 1214 eique
1814 1148 2128 1217 episc0pum
2166 1148 2332 1203 tradi-

752 1233 872 1297 dit;
904 1234 1188 1301 eidemque
1218 1236 1535 1290 relationem
1571 1236 1738 1300 dedit,
1780 1254 1947 1307 quam
1980 1240 2097 1308 ipse
2136 1240 2328 1294 adver-

754 1340 850 1377 sus
878 1333 1126 1378 sanctum
1171 1326 1347 1380 virum
1383 1326 1450 1381 ad
1489 1326 1801 1395 pontiﬁcem
1848 1331 2149 1384 maximum
2194 1331 2329 1386 scri-

757 1427 961 1482 pserat,
998 1418 1169 1484 signis
1208 1417 1383 1486 ipsius
1408 1418 1570 1487 legati
1600 1428 1655 1473 et
1694 1420 2070 1488 improborum
2108 1438 2332 1479 accusa-

756 1519 933 1563 tOrum
959 1509 1324 1577 obsignatam.
1352 1508 1635 1564 Neminem
1667 1527 1795 1565 vero
1826 1514 1991 1566 alium
2021 1530 2145 1567 cum
2174 1516 2331 1570 beato

758 1598 877 1651 viro
908 1599 1177 1667 proﬁcisci
1211 1602 1356 1670 passi
1390 1612 1540 1666 sunt,
1578 1618 1743 1673 quam
1778 1603 2123 1658 Platonicum
2161 1623 2328 1660 unum

752 1707 783 1743 ε
817 1690 1058 1746 diaconis
1087 1693 1227 1760 ejus.
1264 1693 1361 1749 Hic
1397 1695 1633 1764 legatum
1672 1705 1727 1750 et
1763 1697 2065 1765 sacrilegos
2098 1696 2329 1770 [ιδεμ-ιι]

757 1783 883 1839 illos
929 1800 1152 1840 monere
1200 1797 1423 1842 sanctus
1466 1786 1762 1858 Gregorius
1807 1804 1914 1843 non
1959 1790 2321 1860 praetermisit,

2433 598 2527 648 καὶ
2558 599 2590 668 ἠ
2625 597 2807 668 μήτηρ
2854 597 3020 651 αὐτοῦ
3070 600 3373 663 κλαίοντες.
3418 600 3476 651 '0
3515 600 3570 651 δὲ
3622 599 3806 653 πεσὼν
3855 603 4021 673 παρὰ

2430 687 2558 750 τοὺς
2592 687 2760 751 πόδας
2804 688 3151 759 ἀμφοτέρων,
3185 690 3489 759 παρεκάλει
3530 691 3715 752 αὐτοῖς
3741 706 3756 721 ο
3791 691 3886 759 Μὴ
3918 692 4019 745 οὗ·

2431 795 2540 843 τως
2587 779 2805 832 κλαίετε
2844 780 2932 833 ἐπ’
2967 782 3128 850 ἐμοὶ,
3175 779 3355 851 κύριοί
3404 796 3539 851 μου⁸
3588 782 3616 833 ὁ
3661 781 3769 851 γὰρ
3801 781 4019 850 Κύριός

2436 886 2537 939 μου
2587 871 2797 941 Ἰησοῦς
2851 872 3087 941 Χριστὸς
3134 873 3195 925 ού
3264 872 3338 942 μή
3401 890 3467 941 με
3521 872 3869 942 ἐγκαταλίπῃ
3931 874 4020 935 εἰς

2432 963 2623 1033 χεῖρας
2654 962 2763 1015 τῶν
2796 962 3279 1033 συκοφαντούντων
3316 980 3381 1033 με
3406 963 3638 1034 δωρεάν.
3680 964 3825 1033 Πλὴν
3850 963 4019 1033 εὔχε-

2433 1055 2527 1107 σθε
2564 1055 2703 1124 ὑπὲρ
2738 1055 2898 1126 ἐμοῦ,
2927 1055 3251 1124 παρακαλῶ,
3282 1055 3379 1109 τοῦ
3420 1056 3767 1129 ἀμαρτωλοῠ,
3800 1057 3955 1116 ὅπως
3983 1058 4017 1107 ὁ

2432 1146 2565 1209 Θεὸς
2602 1150 2933 1219 συγχωρήσῃ
2968 1165 3057 1219 μοι
3087 1148 3156 1200 τὰ
3192 1149 3365 1201 πολλά
3399 1166 3501 1219 μου
3534 1150 3701 1202 κακά.
3734 1142 3930 1201 Ταῦτα
3951 1144 4014 1200 δὲ

2432 1237 2683 1304 λέγοντος
2728 1238 2894 1291 αὑτοῦ
2922 1279 2936 1303 ,
2972 1239 3227 1308 φωνήσας
3269 1238 3297 1290 ὁ
3341 1239 3568 1309 ἔξαρχος
3603 1238 3698 1291 ἕνα
3726 1239 3836 1291 τῶν
3876 1257 4014 1291 vdu-

2431 1329 2651 1399 κλῃρων
2694 1328 2799 1383 τῶν
2831 1330 3033 1383 πλοίων
3081 1330 3391 1400 Προκόπιον
3420 1331 3736 1400 λεγόμενον,
3774 1332 3986 1399 παραδί

2429 1421 2592 1474 δωσιν
2626 1422 2775 1491 αὐτῷ
2818 1422 2913 1475 τὸν
2961 1423 3281 1487 ἐπίσκοπον,
3334 1423 3430 1474 καὶ
3474 1423 3692 1475 δίδωσιν
3730 1422 3883 1492 αύτῷ
3917 1424 4016 1474 καὶ

2430 1512 2532 1582 τὴν
2578 1514 2710 1582 παρ’
2741 1512 2907 1566 αὑτοῦ
2958 1516 3266 1582 γραφεῖσαν
3294 1513 3577 1581 ἀναφορὰν
3608 1512 3744 1582 πρὸς
3777 1512 3870 1565 τὸν
3905 1514 4016 1565 πάο
4053 1505 4063 1513 ’

2432 1616 2539 1652 παν
2568 1604 2708 1653 κατὰ
2733 1601 2828 1654 τοῦ
2856 1602 3012 1668 ἁγίου
3043 1601 3274 1670 ἔχουσαν
3298 1601 3600 1671 σφραγίδας
3632 1602 3795 1655 αὑτοῦ
3830 1619 3892 1653 τε
3915 1602 4015 1654 τοῦ

2432 1688 2661 1759 ἐξάρχου
2684 1689 2781 1741 καὶ
2803 1690 2910 1742 τῶν
2938 1691 3273 1761 παρανόμων
3303 1691 3647 1761 κατηγόρων.
3676 1693 3791 1744 Οὐκ
3819 1694 4017 1744 εἴασαν

2432 1780 2491 1834 δὲ
2522 1781 2794 1835 συνελθεῖν
2822 1782 2902 1853 τῷ
2934 1783 3222 1854 μακαρίῳ,
3265 1786 3314 1835 εἰ
3344 1783 3419 1853 μὴ
3447 1785 3606 1854 μόνον
3630 1784 3725 1837 ἕνα
3749 1783 3859 1836 τῶν
3890 1784 4015 1836 δια-

757 1876 1005 1931 viderent
1038 1878 1165 1946 ipsi,
1208 1878 1295 1932 cui
1343 1852 1643 1933 Ecclesia'm
1696 1879 1787 1935 Dei
1840 1852 2324 1938 administrandam
2363 1852 2404 1907 Β

2363 1852 2404 1907 Β
2439 1874 2611 1927 κόνων
2650 1852 3015 1929 Πλατωνικόν.
3066 1852 3231 1944 Ᾱέχει
3260 1876 3318 1928 δὲ
3350 1852 3381 1927 ό
3408 1852 3562 1944 afro;
3594 1876 3897 1946 Γρηγόριος
3937 1876 4018 1943 τῷ

758 1969 1161 2023 σοιιιηιὶιιοτεηι
1214 1989 1227 2023 :
1269 1986 1337 2025 ne
1394 1971 1541 2025 illam
1596 1981 1856 2042 tanquam
1916 1974 2032 2044 apri
2076 1976 2333 2031 devasta-

757 2072 880 2117 rent
913 2079 926 2115 :
958 2076 1056 2117 cos
1091 2063 1159 2117 de
1209 2064 1313 2118 hoc
1351 2063 1403 2116 in
1434 2062 1626 2132 judicii
1658 2065 1747 2119 die
1779 2068 2045 2121 rationem
2083 2066 2194 2121 Deo
2223 2068 2340 2123 red-

756 2152 987 2206 dituros.
1014 2151 1113 2206 Cui
1148 2154 1358 2224 legatus
1392 2172 1405 2208 :
1433 2152 1781 2223 Curatorem,
1816 2156 2013 2227 inquit,
2044 2172 2145 2212 nos
2172 2157 2334 2211 rebus

757 2245 1015 2299 omnibus
1044 2245 1476 2317 designavimus,
1505 2249 1598 2318 qui
1633 2248 1721 2318 pie
1746 2249 1959 2320 singula
1987 2250 2335 2303 administra-

756 2340 837 2393 bit
868 2338 980 2409 ((37)
1011 2358 1025 2394 :
1057 2341 1187 2409 quin
1224 2350 1317 2394 tuo
1363 2340 1484 2394 loco
1514 2340 1627 2409 jam
1658 2342 1891 2411 populus
1916 2342 2125 2397 creavit
2156 2342 2331 2397 virum

760 2432 917 2499 plane
948 2432 1194 2501 dignum,
1230 2433 1325 2503 qui
1373 2433 1428 2486 in
1459 2446 1524 2487 ea
1565 2434 1694 2488 sede
1723 2434 2108 2488 constituatur.
2158 2435 2334 2505 Atque

762 2526 876 2578 haec
905 2524 1034 2577 dum
1065 2524 1134 2578 ab
1164 2524 1250 2579 bis
1278 2524 1612 2589 dicerentur,
1645 2526 1864 2580 advenit
1892 2528 2329 2592 archidiaconus,

756 2630 823 2668 ac
853 2614 1016 2668 simul
1045 2614 1264 2670 diaconi
1294 2615 1402 2669 duo
1429 2614 1690 2670 Erasmus
1717 2625 1768 2671 et
1801 2617 2206 2688 Philadelphus,
2238 2619 2332 2689 qui

759 2706 999 2777 legatum
1032 2715 1087 2761 et
1120 2707 1418 2778 sacrilegos
1457 2708 1582 2762 illos
1617 2706 1882 2761 Sabinum
1924 2718 1980 2762 et
2026 2708 2334 2764 Crescenti-

760 2814 889 2851 num
924 2798 1209 2867 rogabant,
1246 2808 1304 2852 ut
1329 2798 1433 2851 sibi
1466 2813 1590 2851 cum
1633 2797 1793 2854 Patre
1825 2813 1891 2853 ac
1926 2800 2186 2870 magistro
2229 2813 2332 2855 suo

759 2888 991 2943 abeundi
1026 2898 1269 2957 potestas
1300 2889 1468 2941 lieret.
1496 2887 1704 2953 Quibus
1728 2888 1802 2941 illi
1833 2904 1898 2943 ne
1927 2904 2088 2943 aures
2109 2888 2330 2958 quidem

761 2980 1127 3046 praebuerunt.
1175 2979 1362 3048 Itaque
1399 2994 1429 3032 a
1481 2981 1665 3034 littore
1718 2989 1927 3034 tantum
1972 2980 2327 3035 clamabant:

760 3068 893 3126 Tuis
928 3087 1029 3127 nos
1062 3072 1314 3141 precibus
1348 3072 1565 3140 adjuva,
1605 3072 1764 3126 Pater
1814 3080 2035 3138 sancte;
2071 3072 2159 3127 ille
2200 3088 2330 3127 vero

2437 1964 2654 2037 ὲξάρχῳ
2684 1967 2779 2020 καὶ
2809 1969 2921 2029 τοῖς
2945 1966 3186 2038 ἀνιέροις
3216 1966 3448 2031 ἐκείνοις
3469 1984 3482 1996 ·
3518 1970 3774 2033 Βλέπετε,
3794 1968 4017 2039 ἂνθρω-

2436 2069 2551 2118 ποι,
2584 2053 2645 2105 τὸ
2676 2054 2793 2116 πῶς
2832 2054 3089 2123 βούλεσθε
3114 2055 3338 2108 διοικεῖν
3367 2057 3467 2128 τὴν
3495 2057 3589 2108 τοῦ
3622 2056 3757 2135 Θεοῖς
3786 2059 4020 2127 Ἐκκλη-

2438 2143 2587 2196 σίαν·
2629 2144 2705 2215 μὴ
2741 2145 3226 2217 καταλυμαίνησθε
3255 2148 3426 2218 αὐτὴν
3458 2147 3535 2211 ὡς
3578 2152 3752 2218 μονιοὶ
3784 2150 3977 2219 άγριὸι
3997 2165 4012 2180 ·

2434 2237 2529 2291 καί⁸
2561 2236 2785 2307 μέλλετε
2812 2238 2890 2309 τῷ
2915 2237 3035 2308 Θεῷ
3064 2240 3121 2290 ἐν
3146 2240 3331 2311 ἡμέρᾳ
3379 2242 3613 2310 κρίσεως
3648 2243 3778 2311 περὶ
3810 2243 4015 2296 τούτου

2432 2329 2530 2401 τὴν
2558 2329 2715 2399 δίκην
2741 2330 3187 2401 εἰσπράττεσθαι.
3214 2332 3272 2384 Ὀ
3298 2334 3355 2385 δὲ
3392 2333 3617 2404 ἔξαρχος
3648 2334 3796 2403 λέγει
3830 2337 4013 2406 αὐτῷ’

2445 2420 2635 2491 Ἡμεῖς
2670 2420 2866 2492 ἔχομεν
2895 2422 3238 2493 καταστῆσαι
3269 2425 3555 2495 οἰκονόμον
3595 2428 3674 2489 εἰς
3703 2428 3883 2481 πάντα
3916 2429 4017 2482 τὸν

2432 2513 2627 2584 ἔχοντα
2664 2514 2940 2585 διοικῆσαι
2972 2515 3040 2568 τὰ
3068 2516 3188 2569 κατ’
3220 2518 3395 2586 αὐτὴν
3427 2518 3665 2581 εὐσεϐῶς
3687 2536 3699 2548 ·
3748 2522 3843 2572 καὶ
3883 2523 4020 2575 ἀντὶ

2435 2604 2530 2659 σοῦ
2557 2600 2702 2659 οὗτοι
2745 2608 2793 2658 οἰ
2834 2606 2952 2659 λαοὶ
2980 2606 3319 2675 ἐψηφίσαντο
3353 2607 3522 2677 ἄνδρα
3564 2608 3712 2672 ἄξιον
3740 2609 3830 2662 τὸν
3853 2612 4018 2679 ὀφεί-

2432 2699 2597 2752 λοντα
2633 2699 2967 2769 καθεσθῆναι
2997 2700 3092 2752 ἐπὶ
3123 2699 3219 2753 τοῦ
3251 2700 3463 2771 θρόνου,
3486 2702 3597 2753 Καὶ
3628 2700 3801 2755 ταῦτα
3825 2705 4020 2757 αὐτῶν

2433 2789 2723 2854 εἰπόντων,
2758 2790 3063 2861 προσῆλθεν
3096 2793 3124 2844 ὁ
3148 2790 3528 2861 ἀρχιδιάκονος
3559 2794 3652 2845 καὶ
3677 2794 3727 2845 οἰ
3758 2794 3855 2846 δύο
3892 2795 4020 2848 διάη

2432 2898 2578 2934 κονοι
2612 2882 2896 2951 Ἐρασμος
2927 2883 3021 2934 καὶ
3062 2882 3391 2949 Φιλάδελφος
3429 2883 3878 2952 παρακαλοῦντες
3916 2886 4020 2936 τὸν

2431 2971 2661 3042 ἔξαρχον
2693 2971 2928 3035 καὶτοὺς
2958 2973 3205 3043 ἀνιέρους
3238 2973 3460 3025 Σαδῖνον
3487 2973 3579 3025 καὶ
3602 2973 4022 3043 Κρησκεντῖνον

2430 3063 2678 3131 λέγοντες
2699 3080 2712 3093 ·
2754 3063 2979 3117 Ἑάσατε
3014 3065 3160 3135 ἡμᾶς
3215 3064 3471 3118 ἀπελθεῖν
3497 3065 3632 3133 μετά
3664 3065 3760 3117 τοῦ
3793 3067 4020 3136 Harpe;

761 3165 897 3217 bene
942 3164 1009 3217 iis
1041 3173 1316 3229 precatus,
1350 3171 1402 3216 et
1433 3163 1659 3217 salutari
1691 3178 1786 3216 eos
1817 3164 1973 3232 signo
2006 3177 2035 3215 e
2084 3163 2207 3216 navi
2241 3164 2327 3217 di-
2357 3193 2399 3250 ο

2357 3193 2399 3250 C
2430 3155 2588 3226 ἡμῶν
2616 3156 2709 3209 καὶ
2729 3156 3073 3210 διδασκάλου.
3114 3159 3175 3209 Οἱ
3210 3157 3265 3209 ἑὲ
3289 3158 3407 3209 οὐδὲ
3433 3156 3666 3211 ἀκοῦσαι
3693 3160 3877 3212 αὐτῶν
3900 3162 4018 3213 οὐδ’

762 3256 1025 3310 mittens:
1058 3256 1290 3327 Pergite,
1335 3256 1532 3326 inquit,
1578 3256 1631 3310 itt
1662 3270 1793 3326 pace
1823 3273 1836 3310 :
1864 3254 2117 3311 Christus
2160 3256 2327 3323 enim,
2372 3248 2381 3250 7
2430 3282 2431 3287 η

2372 3248 2381 3250 ’
2430 3250 2565 3313 ὅλως
2593 3249 2903 3319 ἠνέσχοντο.
2937 3249 3115 3302 Μόνον
3142 3248 3251 3302 ἀπὸ
3278 3250 3377 3317 τῆς
3406 3250 3508 3317 γῆς
3541 3249 3798 3319 ἔκραζον,
3822 3252 4016 3318 λέγον-

765 3346 857 3401 lilii
890 3348 1015 3413 mei,
1055 3362 1155 3403 vos
1196 3349 1467 3413 tuebitur,
1493 3348 1799 3418 charosquc
1830 3348 2066 3402 habebit.
2104 3346 2175 3403 lis
2205 3362 2335 3403 vero
2432 3364 2434 3375 '

2432 3359 2556 3405 τεςο
2596 3337 2762 3407 Εὗξαι
2793 3342 2933 3412 ὑπὲρ
2968 3340 3150 3411 ἡμῶν,
3197 3342 3379 3412 Πάτερ
3414 3342 3561 3427 ἅγιε.
3590 3344 3649 3395 '0
3677 3344 3737 3396 δὲ
3778 3344 4017 3409 ἐπευξά-

761 3441 935 3496 Amen
957 3439 1414 3509 respondentibus
1440 3454 1605 3494 naves
1626 3440 1736 3508 jam
1761 3440 2147 3504 discesserant,
2174 3449 2334 3495 nocte

2435 3452 2595 3507 μενος
2642 3435 2825 3497 αὐτοῖς
2867 3435 2961 3487 καὶ
3009 3434 3467 3504 κατασφραγίσας
3516 3436 3715 3499 αὐτοὺς
3763 3438 3878 3489 ἀπὸ
3918 3438 4014 3491 τοῦ

755 3532 867 3599 jam
919 3531 1193 3585 inchoata.
1237 3529 1501 3600 Sacrilegi
1548 3544 1681 3583 vero
1728 3529 1805 3582 illi
1853 3542 2102 3584 sanctum
2152 3530 2331 3583 virum

2432 3527 2647 3592 πλοίου,
2695 3526 2987 3587 ἀπέλυσεν,
3023 3526 3199 3593 λέγων
3231 3542 3243 3554 ·
3280 3527 3583 3599 Πορεύεσθε
3616 3532 3673 3581 ὲν
3708 3532 3909 3601 εἰρήνῃ
3937 3549 3950 3561 ’
3986 3534 4014 3583 ό

761 3636 884 3676 cum
925 3620 1102 3690 legato
1139 3620 1480 3683 deridebant,
1513 3620 1607 3689 qui
1641 3619 1937 3688 perniciem
1971 3635 2125 3674 suam
2160 3620 2328 3674 miser

2433 3619 2667 3689 Χριστὸς
2702 3618 2811 3688 γὰρ
2843 3619 2986 3688 ὑμᾶς
3031 3618 3397 3688 διατηρήσει,
3422 3619 3592 3673 τέκνα
3628 3638 3753 3689 μου,
3798 3624 3884 3684 εἰς
3912 3624 4015 3692 τὴν

763 3727 870 3767 non
910 3712 1154 3775 deﬁeret,
1199 3722 1254 3767 et
1298 3712 1367 3766 de
1416 3711 1485 3765 iis
1518 3710 1811 3775 laboraret,
1858 3726 1983 3782 qua:
2045 3726 2326 3779 nunquam

2433 3710 2656 3779 ἀγάπην
2686 3709 3019 3762 αὐτοῦ.’Τῶν
3051 3710 3107 3761 δὲ
3136 3709 3195 3760 τὸ
3234 3709 3406 3779 Ἀμὴν
3436 3711 3879 3780 ἀποκριθέντων,
3909 3716 4014 3767 ἀπ-

760 3806 990 3875 posthac
1019 3805 1431 3860 visuruscssct.

2436 3801 2696 3871 εκίνησαν
2726 3798 2929 3862 εὐθέως
2966 3800 3035 3851 τὰ
3063 3797 3226 3850 πλοῖα
3245 3838 3259 3862 ,
3294 3798 3537 3868 ἑσπέρας
3561 3798 3731 3869 οὔσης
3765 3800 4009 3869 βαθείας.

760 3899 821 3950 υἱ
854 3898 909 3950 δὲ
944 3896 1149 3967 ἀνίεροι
1198 3896 1399 3948 ἐκεῖνοι
1441 3895 1754 3965 κατεγέλων
1816 3894 1980 3949 αὑτοῦ
2008 3896 2162 3965 -ᾰμα
2223 3894 2304 3965 τῷ
2368 3892 2605 3963 ὲξάρχῳ,
2650 3891 2941 3959 λέγοντες·
2982 3892 3042 3944 '0
3090 3890 3275 3954 ἄθλιος
3317 3892 3379 3945 οὐ
3430 3892 3623 3962 θρηνεῖ
3654 3893 3756 3962 τὴν
3815 3895 4012 3947 ἑαυτοῦ

757 3988 1053 4053 ἀπώλειαν,
1094 3986 1232 4040 ἀλλά
1257 3986 1363 4040 τῶν
1393 3986 1546 4039 ἐνθεν
1577 3986 1855 4058 φροντίζει
1899 3985 1935 4039 ἃ.
1971 3987 2034 4039 οὐ
2078 3987 2155 4057 μή
2186 4002 2318 4038 ποτε
2357 3984 2642 4052 θεάσηται.

829 4079 964 4135 LXI.
1004 4077 1150 4133 Nihil
1191 4078 1398 4134 interea
1442 4078 1649 4133 urbana
1692 4078 1843 4147 plehs
1877 4087 2147 4141 senserat,
2191 4076 2329 4131 nihil

2500 4073 2623 4126 EA'.
2664 4073 2779 4127 Οὐκ
2814 4072 2933 4141 ᾔδει
2958 4070 3016 4123 δὲ
3044 4070 3106 4123 τὸ
3132 4070 3337 4141 πλῆθος
3366 4070 3458 4124 τοῦ
3488 4069 3620 4124 λαοῦ
3650 4072 3752 4142 τῆς
3778 4075 4009 4140 πόλεως,

758 4175 961 4230 tribuni
999 4183 1095 4228 aut
1130 4172 1419 4227 archontes
1444 4172 1512 4226 de
1539 4171 1681 4226 beati
1712 4170 1816 4225 viri
1852 4171 2096 4226 discessu
2127 4179 2182 4224 ct
2228 4184 2326 4223 na-

2430 4163 2554 4216 οὔτε
2584 4165 2634 4216 οἰ
2664 4161 2940 4233 τριδοῦνοι
2970 4161 3064 4213 καὶ
3090 4162 3138 4213 οἰ
3178 4162 3435 4231 ἄρχοντες
3464 4160 3526 4243 τὸ
3567 4161 3683 4224 πῶς
3729 4164 3957 4231 ἐξῆλθεν
3988 4168 4012 4217 ὁ

758 4266 1028 4335 vigationc
1078 4272 1363 4318 noverant.
1415 4262 1640 4317 Diaconi
1696 4272 1878 4318 autem
1929 4264 1996 4317 ad
2050 4276 2325 4318 carcerem

2435 4254 2728 4325 μακάριος,
2759 4252 2855 4306 καὶ
2880 4249 3132 4321 εἰσῆλθεν
3165 4254 3224 4304 ὲν
3248 4251 3323 4320 τῷ
3350 4252 3542 4320 πλοίῳ.
3584 4253 3647 4303 Οἰ
3678 4252 3739 4305 δὲ
3770 4254 4010 4308 διάκονοι

759 4356 988 4421 rediere,
1034 4364 1193 4425 atque
1245 4355 1359 4409 illic
1405 4364 1622 4409 noctem
1668 4363 1992 4424 exegerunt.
2044 4352 2157 4407 Sub
2203 4352 2328 4420 galli

2431 4340 2679 4412 ἀπῆλθον
2721 4342 2781 4393 ὲν
2826 4343 2891 4410 τῇ
2920 4341 3185 4410 φυλακῇ,
3232 4342 3453 4393 κάκεῖσε
3484 4341 3709 4411 ἔμειναν
3750 4347 3817 4413 τῇ
3863 4350 4012 4398 νυκτὶ

758 4455 980 4501 cantum
1020 4446 1203 4500 omnis
1229 4447 1295 4499 ad
1325 4460 1601 4501 carcerem
1647 4446 1941 4500 multitudo
1970 4445 2244 4509 convenit,
2277 4457 2332 4498 et

2431 4430 2639 4499 ἐκείνῃ.
2688 4430 2824 4499 Περὶ
2864 4428 2920 4481 δὲ
2966 4428 3438 4498 ἀλεκτοροφωνίαν
3484 4431 3731 4500 συνήχθη
3764 4434 3923 4486 ἅπαν
3960 4437 4012 4487 τὸ

759 4550 883 4589 eum
919 4549 983 4589 ea
1015 4534 1218 4588 tribuni
1259 4544 1422 4603 atque
1458 4534 1753 4589 archontes
1785 4549 1800 4587 :
1829 4536 1921 4604 qui
1955 4550 2079 4589 cum
2112 4534 2329 4588 beatum
2359 4525 2407 4584 Ι)

2359 4525 2407 4584 D
2434 4520 2640 4590 πλῆθος
2680 4520 2777 4573 τοῦ
2816 4520 2944 4573 λαοῦ
2976 4521 3035 4573 ὲν
3071 4522 3138 4591 τῇ
3178 4520 3390 4591 φυλακῇ
3422 4519 3539 4590 ἅμα
3570 4522 3681 4573 τῶν
3710 4526 4014 4592 τριϐούνων

760 4625 936 4679 virum
981 4640 1086 4679 non
1134 4625 1492 4689 invenissent,
1543 4626 1867 4680 tumultuari
1905 4636 2210 4697 creperum,
2252 4626 2331 4679 la-

760 4718 1067 4785 mentisque
1104 4725 1161 4771 et
1189 4717 1525 4771 clamoribus
1559 4717 1743 4789 ell‘crri
1770 4726 1959 4789 contra
2009 4718 2329 4787 sacrilegam

760 4808 1041 4860 hominum
1064 4805 1554 4874 conspirationem,
1577 4820 1640 4859 ac
1663 4814 1852 4859 contra
1876 4804 2109 4874 legatum
2131 4803 2329 4871 ipsum,

758 4896 887 4966 quid
925 4896 993 4950 de
1021 4897 1246 4950 domino
1295 4911 1421 4959 suo,
1460 4893 1593 4964 quid
1638 4895 1706 4949 de
1743 4895 1949 4963 optimo
1995 4901 2216 4963 pastore
2254 4892 2333 4945 fa-

757 4999 904 5044 ctum
961 4998 1139 5053 esset,
1195 5002 1327 5041 num
1384 4988 1624 5056 ipsorum
1683 4986 1937 5040 manibus
1998 4984 2329 5048 interiisset,

757 5088 1083 5147 quaerentes.
1112 5078 1323 5145 Quibus
1343 5077 1431 5131 ille
1463 5078 1836 5146 respondens:
1866 5074 1982 5129 Non
2005 5077 2098 5139 ita,
2135 5076 2329 5144 inquit,

761 5171 975 5235 fratres,
1012 5185 1116 5224 non
1152 5170 1205 5224 id
1238 5169 1441 5224 factum
1478 5178 1581 5235 est,
1616 5170 1762 5239 quod
1794 5183 1890 5223 vos
1920 5168 1987 5223 de
2032 5182 2097 5221 co
2128 5169 2332 5236 cegita-

756 5266 829 5319 tis
863 5282 874 5316 :
909 5262 1003 5317 sed
1046 5264 1180 5331 ipse,
1221 5274 1281 5317 ut
1319 5278 1349 5315 a
1398 5277 1483 5315 me
1516 5262 1841 5329 postularat,
1889 5268 2086 5329 sponte
2125 5275 2220 5312 sua
2266 5259 2332 5312 ad

830 5460 941 5530 (67)
980 5459 1302 5513 Curatorem
1344 5461 1509 5522 lmnc,
1540 5459 1856 5529 quicunque
1902 5457 2084 5518 fuerit,
2112 5456 2203 5530 diu
2247 5472 2334 5510 so-

757 5527 871 5585 lum
902 5530 1081 5583 delata
1121 5531 1407 5584 curatione
1444 5527 1591 5598 fungi
1640 5527 1871 5583 nonest
1898 5544 2095 5597 passus
2125 5527 2331 5596 Grego-

759 5603 874 5655 rius
925 5599 1167 5668 Magnus.
1209 5600 1344 5653 Nam
1384 5600 1638 5668 episcopo
1688 5599 1954 5654 Triocalae
2009 5598 2330 5651 uisitationis

758 5686 937 5723 curam
984 5672 1275 5725 c0mntisit.
1340 5668 1547 5723 Desunt
1588 5671 1803 5739 quidem
1854 5670 2082 5731 litterae,
2133 5668 2331 5736 quibus

761 5741 1058 5794 Ecclesium
1096 5742 1240 5794 illam
1272 5742 1426 5793 obire
1453 5738 1698 5808 jusserit,
1723 5740 2187 5809 quemadmodum
2211 5738 2330 5791 alia:

759 5814 921 5865 etiam
956 5810 1362 5877 desiderantur,
1395 5824 1531 5882 quas
1562 5823 1590 5864 a
1626 5811 1891 5882 Gregorio
1939 5811 2175 5878 scriptas
2207 5824 2327 5863 esse

2433 4612 2529 4667 καὶ
2559 4612 2669 4664 τῶν
2701 4612 3002 4681 ἀρχόντων,
3033 4612 3129 4664 καὶ
3161 4612 3238 4681 μὴ
3283 4610 3534 4679 εὑρόντες
3581 4612 3672 4665 τὸν
3710 4617 4013 4684 μακάριον,

2431 4706 2669 4778 ἤρξαντο
2696 4703 3069 4776 ταράσσεσθαι
3098 4706 3190 4756 καὶ
3217 4703 3491 4767 ὀλολύζειν
3514 4705 3608 4756 καὶ
3637 4709 4015 4776 κατακράζειν

2432 4798 2576 4851 κατὰ
2614 4796 2711 4850 τοῦ
2740 4798 2958 4867 ἀνιέρου
2994 4796 3274 4864 συνεδρίου
3306 4795 3515 4847 ἐκείνου
3539 4811 3552 4825 ο
3599 4793 3792 4847 λοιπὸν
3824 4796 3887 4847 δὲ
3927 4798 4019 4848 καὶ

2434 4890 2571 4942 κατά
2620 4888 2716 4940 τοῦ
2760 4888 3015 4957 ἐξάρχου,
3072 4885 3356 4953 λέγοντες·
3406 4884 3471 4936 Τί
3526 4884 3875 4952 πεποιήκατε
3931 4887 4018 4937 τὸν

2432 4981 2621 5051 κύριον
2671 4976 2852 5048 ἡμῶν,
2875 4977 2966 5028 τὸν
2995 4974 3157 5028 καλὸν
3185 4975 3393 5044 νομέα;
3426 4974 3535 5043 ἄρα
3566 4975 3907 5041 πεφόνευται
3933 4975 4017 5043 ὑφ’

2432 5070 2619 5140 ὑμῶνς
2664 5070 2721 5120 Ὀ
2755 5068 2811 5120 δὲ
2842 5068 3024 5130 αὐτοῖς
3049 5065 3388 5136 ἀπεκρίνατο
3409 5080 3423 5093 ·
3457 5066 3627 5133 οὐχὶ,
3658 5063 3914 5133 ἀδελφοὶ,
3948 5068 4019 5135 μὴ

2432 5162 2664 5231 γένοιτο,
2715 5158 2789 5222 ὠς
2838 5160 2994 5229 ὑμεῖς
3057 5156 3384 5226 ἐνθυμεῖσθε
3440 5154 3599 5207 τοῦτο
3646 5156 3914 5223 γενέσθαι
3966 5160 4021 5209 ἐν

2434 5252 2585 5322 αὐτῷ
2605 5269 2618 5281 ο
2652 5250 2770 5304 ἀλλ’
2804 5252 2967 5313 αὐτὸς
3016 5250 3247 5319 αἰτήσας
3284 5249 3431 5319 ἡμᾶς
3451 5289 3466 5315 ,
3498 5248 3809 5319 ἀνέδραμεν
3838 5250 4021 5320 οἰκεξᾳ

2433 5451 2782 5524 manifestum
2815 5463 2921 5518 est,
2952 5456 3095 5524 quod
3128 5456 3240 5523 jam
3272 5452 3683 5522 Papehrochius
3719 5454 3799 5523 (in
3833 5455 4019 5509 Catal.

2434 5523 2593 5577 Pont.
2637 5526 2704 5578 ad
2748 5525 2841 5579 Gr.
2885 5523 2984 5595 bl.)
3038 5524 3317 5578 adnotavit
3362 5524 3502 5577 :sed
3558 5534 3755 5595 tatnetr
3784 5539 3870 5578 ea:
3921 5526 4023 5579 hoc

2435 5595 2613 5663 ipsum
2666 5593 2971 5654 testantur,
2999 5612 3135 5663 quas
3182 5596 3381 5663 eidemﬁ
3410 5595 3667 5662 episcopo
3716 5593 4029 5663 Gregorius

2437 5662 2626 5729 misit,
2693 5675 2751 5719 ut
2802 5682 2865 5719 ex
2922 5662 3600 5736 AgrigentinzeEcclesia:
3658 5662 4024 5736 proventibus

2434 5748 2688 5803 quartam
2756 5747 2961 5803 partem
3015 5735 3072 5789 in
3117 5735 3439 5789 risitationis
3484 5735 3817 5804 stipendium
3882 5738 4023 5789 assi-

2435 5815 2626 5876 gnarct
2677 5807 2793 5877 (lib.
2841 5824 2893 5872 ν,
2944 5808 3105 5876 epist.
3142 5806 3230 5877 l2)
3267 5821 3432 5869 :qua:
3468 5804 3609 5859 infra
3641 5805 4016 5867 proferentur.
