4226 6444
252 435 358 499 665

1219 443 1278 500 S.
1313 443 1691 506 GRECORII
1735 447 2239 512 ACRlGENTlNl
2281 453 2478 512 νιτΑ.

3392 454 3497 518 666

252 544 571 612 Γρηγορὶου,
605 547 694 596 καὶ
724 547 1047 610 ἀποστείλας
1103 550 1310 617 ἢγαγεν
1343 555 1434 605 τὸν
1463 556 1636 609 ἀῦϐἅν
1670 561 1821 629 map-

1927 578 2046 615 mus
2087 563 2154 616 de
2186 563 2452 629 Gregorio
2500 559 2819 614 recordatus
2850 567 2953 622 est,
2989 570 3044 613 ct
3093 559 3270 612 Marco
3300 559 3495 613 abbate

252 651 346 684 κον
379 637 439 684 ἐκ
463 636 554 685 τοῦ
585 654 715 694 μονα
729 641 952 708 στηρίου
977 642 1140 694 αὑτοῦ
1171 644 1304 713 πρὸς
1330 647 1513 709 αὐτὸν,
1549 652 1642 701 καὶ
1671 650 1818 719 λέγει

248 725 428 794 αὐτῷ·
468 725 648 791 Οἶδας,
679 731 894 798 ἁδελφὲ,
928 733 1008 783 ὃτι
1059 736 1086 785 6
1120 736 1419 800 ἐπίσκοπος
1448 739 1747 812 Γρηγόριος
1791 745 1821 794 6

247 817 351 884 τῆς
406 819 839 887 Ἀκραγαντίνων
890 823 1218 893 Ἐκκλησίας
1257 827 1444 881 ἐνθάδε
1496 830 1636 901 ἢχθη
1683 834 1820 902 πρὸς

250 909 398 975 ἡμᾶς
426 909 663 979 δέσμιος,
692 914 786 964 καὶ
814 914 1120 970 κέκλεισται
1147 919 1206 971 ἐν
1242 919 1320 989 τῷ
1357 921 1715 994 δεσμωτηρίῳ
1742 924 1820 995 τῷ

253 1000 501 1069 σκοτινῷ,
531 1006 1001 1074 κατηγορούμενος
1029 1009 1116 1062 διὰ
1151 1012 1397 1083 μοιχείαν
1423 1029 1436 1077 ;
1483 1015 1539 1067 ’0
1557 1015 1614 1067 δὲ
1644 1017 1820 1080 ἀὸϐᾶς

250 1089 479 1158 Μάρκος
507 1094 821 1164 ἀποκριθεὶς
855 1097 1000 1166 λέγει
1027 1100 1105 1170 τῷ
1128 1102 1306 1172 nem;-
1346 1104 1562 1158 Γένοιτο
1590 1108 1623 1176 ἡ
1663 1108 1820 1176 μερίς

253 1197 356 1248 μου
384 1184 468 1234 ἐπ’
497 1185 660 1236 αὐτοῦ
692 1187 750 1237 ὲν
767 1189 831 1256 τῇ
860 1189 1043 1259 ἡμέρα
1079 1192 1284 1263 φοϐερᾷ
1305 1187 1400 1246 τοῦ
1432 1196 1638 1266 Κυρίου
1661 1201 1818 1270 ἡμῶν

263 1271 438 1340 Ἰησοῦ
462 1275 720 1341 Χριστοῦ.
759 1279 814 1330 Ὁ
836 1279 892 1331 δὲ
915 1281 1098 1345 πάπας
1120 1284 1360 1347 ἀκούσας
1381 1285 1820 1360 ταῦτα,’ὴλλοιώ-

251 1361 318 1432 οη
347 1363 425 1434 τῷ
447 1368 744 1437 προσώπῳ,
777 1372 870 1423 καὶ
896 1371 1046 1440 λέγει
1068 1375 1219 1444 αὐτῷ
1241 1391 1253 1404 ·
1291 1377 1396 1430 Ἴδε
1426 1379 1523 1449 τὴν
1549 1383 1818 1452 πεμφθεῖ-

253 1455 354 1506 σάν
384 1473 470 1524 μοι
523 1460 800 1531 ἀναφορὰν
833 1464 960 1532 περὶ
985 1465 1149 1517 αὑτοῦ
1179 1467 1328 1536 παρὰ
1352 1469 1444 1521 τοῦ
1469 1470 1698 1540 ἐξάρχου
1725 1475 1819 1526 Τι-

250 1545 456 1616 ϐερίου,
486 1549 544 1601 ὃν
575 1550 770 1621 ἔχομεν
811 1555 869 1604 ἐν
901 1558 1014 1618 τοῖς
1050 1557 1272 1628 μέρεσιν
1320 1560 1416 1628 τῆς
1450 1563 1718 1627 Σικελίας.
1759 1567 1819 1619 '0

248 1637 308 1690 δὲ
343 1639 516 1705 ἀὸσᾶς
544 1643 808 1711 ἀναγνοὺς
836 1645 932 1716 τὴν
956 1648 1255 1718 ἀναφορὰν,
1293 1653 1697 1722 ὑπεμειδίασεν,
1727 1659 1819 1710 καὶ

251 1730 459 1799 κράξας
518 1737 665 1804 φωνῇ
717 1737 926 1809 μεγάλῃ
971 1737 1156 1807 λέγειο
1201 1744 1277 1812 Ζῇ
1320 1742 1817 1814 Κύριος,δέσποτὰ,

248 1822 547 1886 ἁσφάλισον
592 1827 777 1890 αὐτὸν,
811 1829 914 1891 ἕως
951 1831 1014 1883 σὺ
1050 1829 1324 1900 βούλεσαι,
1358 1838 1462 1901 ’έως
1508 1835 1568 1893 οὗ
1604 1840 1833 1895 σύνοδον

1921 666 1950 704 e
1979 653 2310 706 monasterio
2343 653 2462 720 ejus
2491 655 2784 718 arcessito,
2814 657 2893 708 sic
2922 667 3046 707 eum
3081 652 3287 717 rogavit
3318 669 3328 701 :
3388 651 3495 702 No—

1920 745 2092 810 stine,
2130 745 2293 798 frater
2317 787 2331 809 ,
2377 748 2480 799 huc
2535 748 2602 798 ad
2639 764 2736 802 nos
2767 751 2819 802 in
2854 743 3084 801 vinculis
3115 744 3342 796 missum
3373 757 3494 796 esse

1921 838 2237 906 Gregorium
2278 839 2532 893 Ecclesiae
2569 840 2935 907 Agrigentiuaé
2965 838 3304 904 episcopum,
3333 850 3492 886 eum--

1920 947 2023 998 que
2052 933 2224 1001 stupri
2269 933 2504 986 delatum
2537 935 2824 987 tenebroso
2865 934 2916 985 in
2949 946 3165 985 carcere
3215 927 3494 982 detineri?

1919 1021 2016 1074 Cui
2051 1021 2220 1076 abbas
2256 1022 2469 1075 Marcus
2504 1025 2874 1092 reSpondens:
2920 1020 3157 1082 Utinam,
3199 1018 3396 1086 inquit,
3435 1018 3491 1070 iii

1921 1112 2200 1164 tremendo
2264 1113 2356 1166 illo
2404 1111 2614 1167 Domini
2660 1116 2827 1168 nostri
2859 1112 2984 1165 Jesu
3031 1111 3228 1163 Christi
3264 1110 3352 1162 die
3395 1123 3492 1159 ea-

1921 1202 2162 1254 rumdem
2191 1216 2312 1254 cum
2339 1217 2404 1255 eo
2435 1203 2669 1270 partium
2705 1205 2805 1255 sim
2834 1205 2846 1255 l
2897 1202 3023 1256 Haec
3047 1197 3284 1268 pontifex
3313 1197 3487 1249 maxi-

1920 1308 2042 1347 mus
2069 1301 2128 1346 ut
2173 1293 2379 1352 audiit,
2423 1294 2573 1346 vultu
2619 1295 2915 1362 expalluit,
2957 1303 3050 1346 et:
3097 1291 3236 1358 Age,
3279 1287 3484 1354 inquit.

1919 1385 2235 1461 relationem
2283 1383 2403 1436 vide
2433 1384 2590 1437 nobis
2625 1399 2655 1437 a
2691 1383 2909 1437 Tiberio
2947 1384 3206 1446 missam,
3233 1395 3395 1449 quem
3431 1380 3486 1432 in

1921 1474 2107 1530 Sicilia
2139 1475 2374 1544 legatum
2405 1475 2694 1530 habemus.
2733 1477 2804 1528 At
2835 1489 2960 1528 vero
2994 1473 3179 1536 abbas,
3224 1473 3487 1526 relatione

1920 1568 2153 1635 perlecta
2173 1606 2188 1630 ,
2221 1565 2467 1630 subrisit,
2485 1576 2538 1618 et
2565 1568 2913 1630 exclamans,
2939 1567 3070 1620 dixit
3092 1580 3282 1634 magna
3313 1578 3443 1617 voce
3469 1579 3484 1616 :

1921 1653 2064 1708 Vivit
2089 1655 2371 1717 Dominus,
2401 1671 2434 1709 ο
2457 1655 2636 1720 Pater,
2671 1658 2818 1712 illum
2845 1658 3003 1722 habe,
3033 1657 3078 1710 si
3099 1657 3204 1719 vis,
3234 1656 3286 1707 in
3310 1662 3489 1708 custo-

1920 1748 2028 1810 dia,
2055 1749 2182 1798 dum
2236 1749 2498 1816 synodum
2532 1764 2727 1817 cogas;
2761 1759 2873 1801 tum
2900 1749 2986 1801 ille
3017 1747 3199 1800 omnia
3225 1746 3342 1808 tibi,
3367 1760 3488 1811 qua:

1921 1840 1986 1892 ad
2031 1853 2091 1891 se
2131 1841 2434 1907 pertinent,
2472 1841 2767 1893 declarabit
2795 1859 2808 1893 :
2847 1843 2927 1893 vir
2958 1840 3101 1892 enim
3129 1849 3210 1893 est
3242 1847 3483 1890 veterum

247 1913 681 1988 ἑπισυναγάγῃς.
717 1920 810 1972 καὶ
843 1922 1022 1974 πάντα
1075 1925 1390 1996 φανερῶσαί
1446 1946 1526 1982 σοι
1583 1930 1696 2002 ἔχει
1748 1934 1816 1987 τά

1917 1929 2138 1983 Patrum
2172 1929 2455 1981 aemulator
2477 1967 2493 1993 ,
2525 1943 2712 1982 eorum
2745 1929 3126 1997 potissimum,
3171 1928 3260 1995 qui
3301 1925 3485 1994 proli-

247 2007 370 2056 κατ’
404 2007 583 2061 αὐτόν.
629 2011 781 2063 Ἐπεὶ
821 2015 848 2065 6
882 2013 1167 2085 ἄνθρωπος
1203 2021 1408 2082 ἐκεῖνος
1436 2022 1624 2094 Πατήρ
1669 2026 1816 2080 ἐστιν

243 2097 544 2164 ἐφάμιλλος
575 2100 683 2153 τῶν
718 2109 1100 2179 σημειοφόρων
1129 2110 1237 2163 τῶν
1266 2113 1537 2181 μεγάλων,
1565 2116 1638 2180 ὡς
1669 2119 1761 2171 καὶ
1789 2121 1817 2172 6

244 2188 426 2249 κοινὸς
477 2191 632 2259 ἡμῶν
684 2194 871 2265 Πατὴρ
920 2198 1232 2256 ἐπίσταται.
1263 2204 1424 2270 Λέγει
1458 2207 1485 2258 6
1517 2208 1703 2270 πάντας
1739 2209 1816 2279 τῷ

245 2281 470 2350 μοναχῷ
491 2298 504 2312 ·
542 2285 649 2337 Ναὶ
673 2282 809 2350 οἶδα,
841 2290 923 2341 ὅτι
951 2292 1108 2362 χάρις
1132 2289 1200 2364 ἦν
1228 2297 1286 2348 ὲν
1315 2296 1466 2367 αὑτῷ
1495 2299 1554 2351 τὸ
1579 2300 1808 2369 πρῶτον·

239 2370 358 2422 ἀλλ’
395 2375 739 2447 ἁμαρτήσας,
772 2381 980 2453 ἀπέστη
1013 2386 1107 2436 ἀπ’
1155 2387 1318 2440 αὑτοῦ
1354 2391 1385 2460 Ἰι
1441 2390 1617 2460 χάρις.
1658 2391 1716 2444 ’0
1755 2391 1814 2445 δὲ

239 2461 419 2522 ἀϐδᾶς
443 2463 587 2533 λέγει
615 2483 628 2498 ο
669 2469 935 2535 Δέσποτα,
961 2472 1101 2540 ἔγνω
1127 2476 1328 2547 Κύριος
1364 2478 1489 2543 τοὺς
1525 2479 1682 2544 ὄντας
1712 2483 1807 2534 αὺ-

240 2555 360 2607 τοῦ.
393 2557 554 2623 Λέγει
599 2561 747 2631 αὺτῴ
780 2566 806 2616 6
843 2567 1029 2632 πάπας
1054 2585 1068 2598 ·
1101 2566 1231 2620 Εῐτα
1280 2570 1334 2622 τί
1377 2571 1640 2640 ποιοῦμεν
1685 2576 1812 2643 περὶ

239 2645 432 2712 αὑτοῦ,
474 2649 527 2700 τί
579 2653 1006 2723 coutinuis-632;;
1055 2659 1112 2710 Ὀ
1154 2658 1212 2710 δὲ
1264 2662 1496 2730 μοναχὸς
1537 2662 1683 2730 λέγει
1734 2663 1814 2735 τῷ

241 2742 436 2807 πάππα·
478 2741 742 2796 ’Ἂκουσόν
803 2763 926 2813 μου,
965 2750 1218 2812 δέσποτα,
1260 2753 1355 2805 καὶ
1393 2754 1540 2817 δέξαι
1583 2757 1813 2827 συμϐου-

239 2825 363 2878 λίαν
397 2830 490 2882 τοῦ
517 2831 702 2886 δούλου
730 2853 843 2890 σου.
885 2839 1070 2908 Ἡμεῖς
1105 2843 1161 2893 οὐ
1191 2842 1466 2913 δυνάμεθα
1495 2847 1656 2899 αὐτὸν
1689 2848 1810 2916 κρί-

241 2934 332 2979 ναι
360 2921 485 2973 ἄνευ
518 2925 825 2997 συμϐουλῆς
857 2931 950 2984 τοῦ
989 2933 1419 3002 ἀρχιεπισκόπου
1456 2939 1810 2992 Κωνσταντι-

240 3013 570 3077 νουπόλεως,
617 3015 801 3070 λοιπὸν
843 3021 899 3072 δὲ
945 3023 1039 3074 καὶ
1081 3021 1174 3075 τοῦ
1214 3027 1602 3083 εὐσεϐεστάτου
1655 3033 1810 3101 ἡμῶν

245 3101 528 3169 βασιλέως.
571 3106 921 3174 Ἀποστείλας
950 3109 1041 3165 οὖν
1076 3115 1132 3166 ὲν
1160 3115 1377 3188 Σικελίᾳ
1407 3122 1648 3190 ἀνάγαγε
1682 3125 1809 3188 τοὺς

242 3196 581 3266 κατηγόρους
627 3199 812 3264 αὐτοῦ,
859 3202 1043 3256 λοιπὸν
1086 3206 1142 3259 δὲ
1179 3210 1272 3261 καὶ
1312 3210 1380 3279 ἢν
1423 3212 1688 3281 λέγουσιν’,
1725 3216 1808 3268 ὅτι

244 3285 583 3354 ἐμοίχευσεν,
613 3297 839 3357 γυναῖκα
861 3313 873 3324 ·
928 3298 1018 3348 καὶ
1051 3296 1140 3350 ἔσο
1170 3301 1366 3365 αὐτοὺς
1417 3308 1812 3375 κατασφαλιζὸο

246 3392 408 3443 μενος
434 3378 695 3448 φέροντας
728 3385 822 3437 καὶ
850 3386 909 3438 ὃν
938 3387 1277 3458 ἐψηφίσαντο
1314 3394 1632 3460 ἐπίσκοπον,
1676 3401 1812 3470 ὅπερ

240 3466 347 3518 οὐκ
372 3467 518 3520 ἔστιν
539 3471 686 3535 ἄξιον
719 3474 810 3526 τοῦ
845 3477 1115 3539 γενέσθαι.
1143 3481 1250 3535 Καὶ
1280 3483 1333 3534 εἰ
1359 3502 1410 3537 τι
1442 3487 1469 3538 6
1502 3487 1633 3550 Θεὸς
1665 3490 1811 3562 δείξῃ

244 3574 353 3624 σοι,
382 3559 540 3613 τοῦτο
560 3565 808 3635 ποίησον,
836 3569 865 3621 6
894 3569 1195 3637 ἀγιὼτατος
1224 3575 1379 3643 ἡμῶν
1411 3579 1619 3650 Πατήρ.
1660 3582 1717 3634 ’0
1757 3584 1813 3636 δὲ

243 3649 434 3714 πάπας
462 3653 824 3724 ἀπεκρίνατο·
869 3661 1071 3732 Ἀγαθὴ
1118 3667 1151 3735 ή
1194 3666 1356 3738 βουλή
1391 3687 1508 3733 σου,
1562 3675 1626 3743 ἣν
1662 3675 1813 3726 ἐϐου-

242 3741 443 3804 λεύσω,
476 3742 677 3816 Πάτερ.
714 3750 822 3803 Καὶ
854 3753 1096 3824 καθήσας
1123 3759 1149 3809 ὁ
1175 3759 1381 3822 πάπας,
1409 3763 1644 3832 ἔγραψεν
1680 3769 1812 3818 ἀνα-

243 3834 420 3901 φορὰν
472 3835 550 3905 τῷ
599 3838 969 3913 εὐσεϐεστάτη)
1033 3845 1240 3914 βασιλεῖ
1306 3850 1611 3922 Ἰουστιανῷ
1675 3856 1815 3908 κατᾶ

240 3926 534 3994 ἀκρίϐειαν
593 3932 659 3984 τά
710 3933 846 3986 κατὰ
884 3934 976 3986 τὸν
1019 3937 1324 4006 ἄνθρωπον,
1381 3941 1560 3994 λοιπὸν
1617 3944 1672 3995 δὲ
1723 3947 1815 3997 καὶ

243 4020 385 4088 πρὸς
416 4021 508 4073 τὸν
537 4023 834 4090 ἁγιώτατον
865 4029 1291 4097 ἀρχιεπίσκοπον
1327 4033 1425 4100 τῆς
1467 4035 1813 4087 Κωνσταντι-

240 4109 572 4174 νουπόλεως.
605 4114 712 4166 Καὶ
741 4116 1248 4188 προσκαλεσάμενος
1288 4121 1413 4184 τοὺς
1461 4121 1555 4174 δύο
1592 4123 1815 4176 ἐπισκό-

239 4305 369 4372 ejus
401 4306 470 4359 ad
497 4304 883 4387 bla‘xim-ianum
924 4312 1662 4387 episcopnm_Syracusai-uni
1696 4321 1812 4387 (lib.

246 4391 352 4449 iii,_
386 4391 442 4428 ιι.
506 4377 629 4443 12):
686 4377 920 4437 Pridem.
957 4377 1164 4449 inquit,
1229 4377 1580 4440 Fraternitati
1636 4377 1817 4443 vestra:

240 4447 583 4524 scripseram,
620 4457 680 4524 ut
709 4463 794 4501 eos
827 4450 916 4524 qui
959 4447 1206 4524 aduersus
1268 4452 1578 4522 Gregorium
1612 4461 1814 4524 episco-

239 4530 372 4581 pum
410 4513 763 4592 A_g_rigentime
795 4513 1024 4592 civitati:
1042 4521 1220 4589 aliqua
1247 4513 1512 4587 diui-ant,
1531 4528 1601 4579 ad
1629 4513 1817 4580 Roma-

1919 2019 2022 2085 giis
2052 2019 2424 2074 inclaruerunt
2451 2059 2465 2083 ,
2513 2021 2656 2090 quod
2700 2036 2798 2074 nec
2821 2021 3130 2074 communis
3163 2033 3355 2087 pirens
3389 2032 3486 2070 no-

1919 2119 2029 2162 ster
2058 2109 2290 2177 ignorat.
2315 2109 2415 2162 Cui
2449 2110 2687 2179 pontifex
2713 2111 3016 2164 maximus:
3047 2108 3181 2163 Noti
3210 2108 3483 2177 equidem,

1918 2198 2135 2268 inquit,
2183 2199 2333 2253 illum
2372 2201 2502 2254 olim
2559 2202 2670 2255 Deo
2719 2203 2943 2255 cliaruni
2991 2211 3153 2271 atque
3201 2211 3483 2269 acceptum

1917 2289 2125 2343 fuisse:
2159 2305 2346 2344 verum
2379 2291 2432 2344 iu
2464 2293 2671 2346 crimen
2707 2295 3023 2362 prolapsus,
3062 2295 3232 2363 gratia
3260 2293 3480 2346 excidit.

1913 2379 2095 2434 Abbas
2125 2397 2252 2436 vero
2283 2399 2297 2435 :
2344 2381 2458 2436 Scit
2504 2383 2766 2437 Dominus
2788 2425 2800 2447 ,
2847 2386 3056 2453 inquit,
3101 2401 3134 2436 o
3167 2385 3357 2445 Pater,
3392 2385 3481 2450 qui

1915 2472 2023 2524 sint
2049 2472 2190 2540 ejus.
2225 2472 2362 2526 Tum
2397 2473 2635 2542 pontifex
2666 2476 2938 2530 maximus
2969 2477 3214 2530 abbatem
3248 2477 3481 2528 interro-

1915 2565 2083 2632 gavit,
2120 2565 2248 2632 quid
2284 2566 2350 2620 de
2372 2581 2437 2620 eo
2471 2566 2779 2621 faciendum
2820 2581 3106 2633 censeret;
3151 2569 3320 2621 abbas
3352 2583 3480 2622 vero

1914 2657 1991 2712 sic
2014 2665 2097 2711 est
2121 2673 2351 2711 exorsus
2377 2676 2390 2711 :
2423 2659 2608 2712 Prmbe
2632 2660 2764 2712 mihi
2794 2677 2974 2721 aures,
3002 2662 3242 2722 domine,
3265 2669 3317 2713 et
3339 2661 3476 2714 servi

1913 2753 1988 2806 tui
2023 2752 2316 2806 consilium
2355 2753 2542 2822 proba.
2575 2753 2849 2808 Judicium
2889 2757 2955 2809 de
3000 2771 3065 2810 eo
3107 2757 3342 2818 institui,
3396 2770 3482 2808 ar-

1912 2847 2258 2914 chiepiscopo
2297 2847 2904 2916 Constantinopolitano
2943 2861 2996 2902 et
3029 2849 3276 2918 piissimo
3308 2849 3482 2916 impc-

1911 2945 2090 2990 ratore
2137 2945 2325 2990 nostro
2368 2937 2690 2992 inconsultis
2727 2938 2838 3008 (76)
2867 2979 2882 3003 ,
2925 2939 3148 2992 omnino
3193 2955 3298 2992 non
3335 2940 3478 2992 licet.

1909 3027 2060 3081 Mitte
2089 3043 2252 3096 porro
2305 3031 2358 3083 in
2408 3030 2692 3096 Siciliam,
2735 3033 2828 3100 qui
2868 3041 3214 3086 accusatores
3257 3033 3376 3100 ejus
3419 3048 3483 3085 ac

1910 3120 2189 3173 mulierem
2259 3120 2432 3189 ipsam
2493 3123 2974 3188 quacumldicunt
3025 3121 3280 3193 [Lxsxiii]
3332 3121 3484 3175 illuni

1911 3213 2108 3275 coisse,
2141 3211 2432 3277 deducant,
2457 3214 2634 3266 ethos
2662 3213 2823 3266 simul
2859 3229 2982 3267 cum
3015 3214 3292 3282 episcopo,
3325 3229 3484 3281 quem

1914 3309 2105 3352 contra
2150 3298 2230 3352 fas
2260 3308 2555 3365 crearunt,
2605 3301 2656 3354 in
2699 3303 2947 3356 custodia
2995 3302 3208 3356 habeto.
3250 3302 3388 3356 Tum
3439 3303 3483 3355 si

1915 3393 2044 3462 quid
2075 3393 2220 3446 aliud
2250 3393 2345 3446 tibi
2372 3392 2516 3446 Deus
2543 3395 2876 3459 ostenderit,
2907 3395 2957 3448 id
2983 3410 3218 3462 quoque,
3254 3396 3488 3449 sanctis-

1915 3483 2053 3537 sime
2092 3498 2287 3553 parens
2321 3494 2526 3546 noster,
2578 3483 2763 3537 facito.
2799 3484 3005 3538 Placuit
3050 3484 3262 3538 abbatis
3305 3486 3488 3539 consi-

1914 3573 2045 3625 lium
2077 3572 2315 3640 pontifici
2355 3574 2594 3626 maximo
2617 3616 2631 3637 ,
2666 3575 2758 3642 qui
2799 3575 2981 3628 statim
3007 3577 3275 3640 consedit,
3308 3587 3361 3629 ct
3393 3592 3486 3630 ac-

1914 3671 2164 3716 curatam
2203 3663 2270 3717 tle
2300 3664 2400 3716 viri
2433 3680 2599 3719 causa
2642 3667 2961 3720 relationem
3010 3669 3330 3736 perscripsit
3375 3681 3485 3721 iam

1915 3756 1979 3807 ad
2007 3755 2310 3821 piissimum
2341 3756 2725 3824 imperatorem
2748 3757 2860 3827 (ῑῖ)
2887 3774 3048 3826 quam
3100 3761 3165 3812 ad
3198 3760 3481 3814 sanctissi-

1918 3862 2064 3899 mum
2103 3846 2576 3917 archiepiscopum
2618 3850 3311 3920 Constantinopolitanuin.
3345 3852 3484 3904 Tum

1915 3937 2103 3991 accitis
2155 3937 2296 3991 binis
2351 3939 2669 4010 episcopis,
2722 3943 2815 4010 qui
2869 3959 2993 3997 cuin
3043 3955 3234 3998 sancto
3279 3943 3485 4012 Grego-

1915 4027 1998 4080 rio
2031 4027 2326 4082 adfuerant
2373 4032 2602 4099 synodo,
2627 4047 2722 4087 eos
2755 4034 2951 4087 viatico
2979 4035 3264 4098 instruxit;
3292 4031 3505 4088 deinde.

1916 4120 2142 4173 comites
2165 4119 2304 4173 duos
2341 4120 2450 4190 (78)
2482 4161 2497 4186 ,
2527 4123 2673 4176 viros
2704 4125 2903 4192 probos
2926 4163 2940 4188 ,
2977 4124 3032 4178 in
3071 4123 3312 4177 Siciliam
3336 4123 3487 4177 misit

1917 4335 2037 4371 rum
2063 4317 2153 4387 jiis
2185 4320 2596 4388 archiepiscopo
2627 4322 2701 4374 illi
2732 4323 2941 4376 nullum
2976 4331 3116 4386 erat,
3147 4331 3205 4375 ut
3238 4321 3290 4374 in
3320 4337 3484 4376 causa

1918 4390 2055 4456 ejus,
2092 4389 2182 4454 qui
2215 4391 2536 4456 patriarcha:
2568 4392 2812 4446 lloniano
2851 4397 3093 4460 parebat,
3121 4392 3334 4459 jiidices
3363 4393 3488 4444 mit—

1919 4466 2074 4530 teret,
2103 4469 2200 4530 aut
2230 4475 2379 4511 reum
2405 4461 2691 4528 anipliaret
2719 4480 2731 4513 :
2775 4477 2949 4530 neque
2978 4463 3204 4530 Augusti
3236 4463 3341 4514 hoc
3380 4461 3485 4514 sibi

1921 4528 2258 4598 tribuebant,
2317 4541 2371 4581 ιιι
2415 4531 2530 4582 sine
2588 4531 2832 4596 ipsorum
2864 4528 3154 4598 permissu
3203 4531 3486 4598 pontifices

240 4600 370 4663 nant
400 4586 664 4664 civitatem
697 4591 1052 4670 transmittere
1082 4586 1352 4649 deberetis.
1392 4586 1558 4670 Quod
1585 4605 1631 4648 et
1675 4613 1811 4650 nunc
1845 4595 1889 4650 D
1920 4597 2142 4670 maximi
2200 4586 2266 4649 de
2322 4586 2622 4670 episcopis'
2637 4586 2967 4670 cognoscere
3010 4610 3106 4654 aut
3159 4586 3486 4653 séntentiani

238 4663 326 4727 ut
352 4654 647 4727 instantius,
685 4656 800 4722 ﬁeri
850 4659 1050 4718 debeat.
1082 4654 1429 4727 prementibus
1467 4665 1814 4719 adhortantur

238 4724 501 4802 epistolis.
533 4723 678 4776 Unde
709 4741 956 4802 personas
987 4723 1130 4797 ipsa:
1163 4742 1450 4802 ca'teraqite
1479 4735 1810 4798 documenta,

239 4791 301 4842 id
331 4803 406 4844 est
449 4804 590 4871 gestu
618 4805 666 4845 et
703 4791 1145 4871 petitiOiies.'qute
1191 4802 1320 4854 data
1362 4791 1518 4866 sunt,
1569 4791 1812 4871 festinate

237 4878 359 4912 cum
417 4862 681 4942 celeritate
735 4862 1123 4943 transmittere:
1179 4886 1268 4922 nec
1317 4862 1520 4924 moram
1569 4862 1812 4943 aliquant

236 4932 738 5013 excusationemque
759 4937 990 5004 perquiri
1006 4941 1214 5013 penitus
1242 4943 1595 5007 permittimus
1626 4960 1644 4996 :
1666 4932 1812 5013 ’φια-

239 5013 397 5052 tenus
426 5003 500 5052 eis
524 5002 577 5052 in
602 5001 914 5063 Romanam.
968 5001 1102 5058 sicut
1146 5001 1394 5068 diximus,
1427 5001 1809 5066 civitatem'sub

237 5069 1154 5146 ceieritatetransmissis,sciamus,
1195 5079 1319 5146 quid
1363 5081 1656 5135 auxiliante
1699 5083 1810 5135 [)0-

237 5139 386 5191 mino
411 5143 474 5190 de
510 5156 731 5208 persona
761 5142 1028 5196 salubrius
1063 5146 1178 5213 ejus
1208 5139 1484 5210 itisponere
1509 5152 1805 5205 debeamus.

315 5229 430 5298 ('76)
465 5230 734 5296 Quaerenti
788 5235 919 5288 mihi
952 5251 1197 5300 causam,
1237 5254 1336 5292 cur
1380 5237 1596 5296 Marcus
1640 5245 1808 5299 abbas

237 5301 557 5376 censuisse_
593 5302 807 5376 dicatur
851 5305 1120 5376 judicium
1173 5308 1240 5360 de
1300 5308 1560 5376 Gregorio
1621 5325 1809 5368 nostro

239 5369 367 5440 sine
411 5370 804 5440 archiepiscopi
837 5369 1433 5440 Constantinopolitani
1472 5388 1525 5431 et
1556 5380 1807 5436 .Mauritii

239 5439 386 5506 Aug.
434 5454 702 5494 consensu
755 5439 782 5493 ξι
837 5446 1090 5512 pontiﬁce
1137 5439 1374 5499 maxime
1420 5449 1807 5505 instituendum

240 5522 522 5586 ιιοιινεξείςο³
560 5525 665 5586 non
685 5512 817 5586 _alia_
836 5513 1014 5566 afferri
1048 5529 1206 5582 posse
1231 5517 1341 5568 visa
1369 5528 1470 5582 est,
1493 5535 1656 5586 quani
1684 5521 1811 5574 Cre-

239 5575 386 5643 gorii
422 5576 591 5656 ipsius
626 5579 769 5656 inita_
799 5575 1101 5656 jam__apiiil
1137 5594 1430 5651 utrumque
1458 5575 1649 5656 gratia,
1683 5607 1806 5644 cum

241 5661 444 5713 nempe
490 5647 957 5727 Constantinopoli
999 5647 1204 5727 annum
1241 5663 1293 5706 et
1337 5647 1551 5712 menses
1603 5647 1810 5727 aliquot

241 5725 620 5788 commoratus
658 5729 760 5770 est.
793 5720 984 5788 Aliqua
1008 5725 1149 5776 enim
1178 5739 1363 5777 eorum
1398 5727 1642 5780 habenda
1672 5720 1808 5781 ratio

241 5786 555 5863 videbatur,
582 5803 647 5840 ne
671 5789 722 5863 in
750 5786 1076 5863 ιιῇιιείιιιιοιιι
1110 5794 1381 5856 amabant,
1418 5798 1658 5863 periculo
1696 5801 1809 5851 nul-

243 5850 360 5907 lum
399 5854 590 5909 ciliciis
626 5859 738 5911 suis
772 5850 948 5914 locum
983 5861 1149 5918 fuisse
1181 5866 1332 5933 (lucri
1366 5850 1604 5934 possent.
1635 5850 1804 5924 (λωιρέ

1919 4666 2058 4718 ferre
2091 4682 2196 4718 nou
2225 4677 2482 4734 possmit:
2517 4669 2618 4720 nisi
2665 4666 2807 4722 forte
2850 4671 3104 4724 Ecclesia:
3138 4671 3187 4721 in
3220 4670 3486 4732 singulari

1915 4750 2104 4816 eorum
2136 4736 2300 4788 tutela
2325 4747 2528 4800 essent,
2559 4739 2610 4790 in
2640 4756 2747 4808 qua
2779 4757 2908 4793 num
2935 4741 3285 4809 Agrigentina
3321 4739 3483 4800 foret,

1917 4821 2256 4872 Ignoramus.

1986 4897 2098 4969 (ΓΙ)
2130 4897 2269 4969 Cod.
2303 4900 2358 4961 ‘2,
2386 4899 2591 4966 βασιλεῖ
2627 4901 3010 4969 Ἰουστινιανῷ.

1986 4968 2097 5034 (78)
2128 4967 2259 5021 Dieti
2300 4972 2400 5022 hac
2431 4979 2586 5022 aetate
2625 4972 2839 5023 Comites
2903 4967 3213 5037 quicunque
3257 4985 3490 5022 munere

1915 5037 2099 5108 aliquo
2157 5039 2373 5108 publico
2436 5041 2827 5108 fungerentur,
2895 5052 2953 5093 ut
3006 5058 3194 5092 eorum
3259 5057 3486 5092 munera

1914 5105 2186 5177 Comitirw
2217 5107 2398 5177 (Greg.
2437 5108 2506 5161 Μ.
2541 5105 2641 5162 lib.
2683 5125 2720 5172 i,
2748 5112 2903 5176 epist.
2943 5111 3053 5174 15),
3102 5126 3333 5176 quarum
3365 5111 3489 5161 aliae

1913 5176 2170 5241 majores,
2209 5179 2327 5229 alia:
2357 5176 2641 5232 minores.
2685 5179 2826 5232 Nihil
2886 5179 2940 5232 in
2988 5180 3191 5233 Codice
3247 5179 3490 5232 occurrit

1913 5245 2273 5317 frequentius,
2320 5248 2394 5300 uti
2449 5257 2651 5317 norunt
2703 5249 2794 5317 qui
2839 5250 2950 5301 haec
3001 5259 3267 5301 tractant:
3319 5250 3486 5300 multa

1911 5315 2074 5366 etiam
2100 5317 2166 5368 de
2195 5314 2279 5367 his
2318 5318 2459 5383 apud
2491 5314 2858 5370 Panciroliuni
2897 5321 2947 5370 in
2986 5318 3184 5371 Notitia
3221 5320 3486 5370 invenies.

1912 5384 2046 5437 Illud
2074 5398 2176 5451 ego
2200 5388 2494 5450 annotabo,
2537 5403 2732 5440 nomen
2783 5390 2958 5454 ipsum
3002 5393 3164 5440 etiam
3198 5388 3302 5441 sub
3335 5389 3488 5438 novis

1911 5455 2169 5518 Augustis
2202 5457 2255 5506 in
2292 5454 2584 5509 Occidente
2624 5458 2905 5508 mansisse.
2943 5455 3072 5509 Nam
3121 5459 3198 5511 sic
3254 5457 3489 5508 Ludoi’i-

1911 5538 2012 5594 cus
2041 5522 2178 5594 Pius
2229 5527 2458 5577 comites
2507 5527 2738 5594 appellat
2777 5529 2827 5578 in
2878 5527 3176 5592 Capiuilari
3223 5527 3278 5586 9.,
3327 5543 3379 5578 ii.
3418 5528 3485 5579 σε

1923 5592 2074 5643 Vobis
2104 5609 2221 5644 vero
2254 5592 2818 5661 countibus—dicimus,
2852 5613 3037 5663 resque
3075 5611 3485 5656 commonemus,

1909 5663 2033 5730 quia
2076 5663 2144 5712 ait
2194 5676 2416 5716 vestrum
2467 5667 2818 5717 ministerium
2871 5668 3096 5717 uitii-inte
3141 5676 3383 5731 perimet,
3432 5679 3488 5717 ut

1911 5733 2246 5784 reverentiam
2297 5744 2343 5783 et
2397 5735 2643 5786 honorem
2689 5748 2883 5788 sanetw
2933 5737 3024 5787 i-‘ri
3062 5735 3308 5788 Ia'celesia'
3338 5738 3488 5786 exhi-

1911 5802 2094 5858 beatis.
2123 5811 2169 5852 ct
2195 5819 2308 5854 cum
2339 5804 2597 5871 episcvpis
2627 5806 2806 5857 restria
2838 5808 3168 5857 eorum-diter
3197 5806 3400 5861 civ/itis.
3439 5816 3487 5855 et

1908 5873 1977 5922 eis
2024 5871 2348 5938 titljttturium
2398 5875 2465 5926 ait
2523 5892 2672 5928 suum
2727 5879 3077 5928 uitritsterittm
3129 5877 3485 5946 peragendum
