4226 6444
773 419 874 488 66³1

1757 425 1816 483 S.
1850 425 2224 483 GREGORII
2285 426 2797 487 AGRIGENTINI
2839 425 3037 488 νΙΤΑ.

3924 419 4036 487 668

773 548 896 586 cuin
922 530 1189 584 mandatis
1213 531 1278 583 ad
1303 530 1580 583 Tiberium
1614 531 1848 599 legatum
1881 543 1933 586 ct
1962 533 2026 585 ad
2052 547 2342 586 commune
2373 543 2412 594 Α

2373 543 2412 594 Α
2445 551 2578 596 πους
2607 535 2734 595 τοὺς
2759 533 3024 603 προόντας
3055 533 3113 583 tv
3143 533 3209 600 τῇ
3244 530 3446 598 συνόδῳ
3476 530 3591 599 ἅμα
3621 528 3696 598 τῷ
3724 530 3861 598 ἁγίῳ
3895 529 4035 599 Γρη-

771 633 828 674 et
857 623 1146 674 archontes
1178 636 1240 672 ac
1275 620 1520 674 tribunos
1552 621 1938 690 Agrigentinus
1963 661 1977 680 ,
2021 631 2079 674 ut
2109 636 2338 676 accusa-

777 724 921 768 tores
966 714 1204 780 episcopi
1253 711 1480 766 Romam
1515 714 1700 767 venire
1744 714 2164 782 compellerent,
2205 728 2340 766 una-

775 823 880 873 que
924 805 1298 859 mulierculam
1363 807 1414 857 in
1457 821 1564 874 qua
1641 809 1931 875 episcopus
1977 806 2340 860 offendisset:

775 901 1081 968 adjecitque
1111 902 1162 954 in
1192 901 1406 963 litteris,
1443 917 1510 954 ne
1541 901 1623 954 vel
1659 915 1801 954 unus
1827 910 2214 955 accusatorum
2245 898 2342 952 de-

775 993 1132 1050 sideraretur,
1168 1003 1334 1060 utque
1362 1007 1484 1046 cum
1516 993 1599 1045 his
1621 993 1909 1061 episcopus
1929 1007 2147 1062 quoque
2170 991 2345 1045 disce-

773 1079 949 1140 deret,
985 1095 1146 1148 quem
1173 1080 1250 1133 illi
1279 1080 1572 1134 creandum
1601 1091 1946 1134 curaverant.

2436 624 2627 692 γορίῳ,
2660 624 2780 687 δοὺς
2813 625 2997 685 αὐτοῖς
3023 622 3094 675 τὰ
3120 622 3252 691 πρὸς
3284 623 3381 688 τὴν
3413 622 3601 688 χρείαν
3627 621 3835 687 ἐφόδια,
3863 621 4036 672 πάλιν

2437 714 2492 766 δὲ
2533 715 2626 767 δύο
2675 715 2919 784 κόμητάς
2949 730 3098 775 τινας
3127 714 3433 783 χρησίμους
3489 712 3810 764 ἀπέστειλεν
3847 713 3907 764 tv
3940 713 4034 762 Σια-

2443 805 2594 874 κελία
2632 807 2772 875 μετὰ
2801 805 3103 866 κελεύσεως
3133 803 3296 856 αὑτοῦ
3329 804 3464 872 πρὸς
3495 803 3584 854 τὸν
3617 803 3843 870 ἔξαρχον
3861 802 4032 854 τισι.

2445 914 2557 966 ριον
2603 896 2868 962 Σικελίας,
2907 897 2999 950 καὶ
3031 893 3167 964 πρῦς
3207 895 3265 946 τὸ
3296 895 3471 946 κοινὸν
3503 896 3701 956 παντὸς
3734 895 3828 948 τοῦ
3865 896 4025 958 λαοῦ.

2441 987 2708 1057 ἄρχοντάς
2738 1005 2804 1045 ,τε
2835 989 2929 1040 καὶ
2965 986 3300 1056 τριϐούνους,
3340 986 3432 1037 τοῦ
3464 987 3690 1051 ἀγαγεῖν
3723 989 3851 1051 τοὺς
3892 1005 4031 1040 κατ-

2444 1078 2676 1146 ηγόρους
2706 1078 2800 1130 τοῦ
2828 1078 3128 1130 ἐπισκόπου
3162 1078 3219 1127 ἐν
3258 1075 3465 1146 Ῥώμῃ,
3498 1077 3592 1127 καὶ
3616 1077 3671 1128 τὸ
3693 1077 3943 1143 γύναιον,
3971 1079 4032 1130 ἐν

773 1165 817 1236 ᾧ
867 1172 1180 1240 παρέπεσεν
1223 1175 1252 1224 6
1317 1173 1634 1236 ἐπίσκοπος,
1669 1174 1885 1241 γράψας
1937 1174 2016 1242 τῷ
2080 1172 2194 1240 λαῷ
2259 1168 2446 1231 παντὶ,
2501 1169 2590 1222 ἵνα
2646 1168 2720 1238 μὴ
2771 1167 2990 1238 διαλίπῃ
3019 1162 3098 1229 εἷς
3146 1168 3240 1218 καὶ⁵
3297 1170 3457 1235 μόνος
3504 1165 3613 1218 τῶν
3662 1170 4025 1238 κατηγόρων-

775 1265 994 1328 ἐνέγκαι
1031 1264 1086 1316 δὲ
1140 1266 1235 1317 σὺν
1266 1265 1448 1327 αὐτοῖς
1491 1267 1584 1318 καὶ
1631 1267 1690 1318 6v
1739 1265 2074 1336 ἐψηφίσαντο
2120 1263 2342 1332 ποιῆσαι
2377 1261 2676 1312 ἐπίσκοπον
2701 1262 2936 1322 ἑαυτοῖς.

846 1350 1051 1404 LXVII.
1097 1353 1308 1422 Egressi
1360 1362 1542 1408 autem
1593 1366 1719 1408 sunt
1753 1354 1922 1408 Itonia
1962 1355 2072 1408 duo
2115 1354 2341 1408 comites

779 1455 901 1511 post
948 1455 1191 1499 sanctam
1236 1445 1628 1512 Pentecosten,
1669 1458 1724 1501 et
1770 1447 2011 1501 Siciliam
2058 1449 2344 1515 ipsumque

776 1536 1122 1604 Agrigentum
1153 1546 1448 1592 tenuerunt
1477 1555 1528 1591 vi
1554 1538 1679 1594 ldus
1703 1538 1873 1592 Julias
1897 1538 2029 1606 (79).
2061 1536 2220 1592 Forte
2240 1537 2342 1590 ibi-

777 1627 898 1679 dem
943 1628 1148 1695 legatus
1187 1644 1405 1698 quoque
1448 1631 1814 1684 versabatur:
1871 1630 1917 1683 is
1965 1630 2172 1682 litteras
2211 1643 2335 1681 cum

777 1717 1074 1784 accepisset
1101 1718 1447 1788 legissetque,
1475 1721 1704 1774 comites
1739 1732 1819 1774 ter
1847 1720 1914 1773 ad
1944 1729 2143 1773 terram
2167 1735 2339 1788 usque

775 1818 1092 1873 veneratus,
1119 1812 1417 1878 respondit,
1448 1828 1568 1879 qua:
1595 1812 1849 1864 dominus
1869 1811 1989 1879 ejus
2027 1812 2340 1878 pnescribeo

2517 1349 2633 1402 EZ'.
2682 1349 2936 1415 Ἐξῆλθον
2979 1349 3038 1400 δὲ
3090 1349 3138 1400 οἱ
3184 1349 3424 1417 κὸμητες
3468 1351 3577 1403 ἁπὺ
3617 1350 3842 1418 Ῥώμης
3886 1352 4029 1418 μετὰ

2447 1441 2545 1508 τὴν
2586 1440 2748 1508 ἁγίαν
2782 1439 3178 1509 Πεντηκοστὴν,
3215 1440 3310 1492 καὶ
3355 1441 3664 1494 κατέλαὸον
3705 1442 3765 1491 ἐν
3798 1442 4028 1511 Σικελία

2446 1532 2513 1598 τῇ
2543 1531 2745 1601 δεκάτῃ
2775 1529 2869 1582 τοῦ
2911 1528 3129 1582 Ἰουλίου
3172 1530 3341 1600 μηνὸς
3375 1533 3431 1584 ἐν
3473 1535 3539 1601 τῇ
3583 1533 4029 1600 Ἀκραγαντίνων

2448 1621 2622 1676 πόλει.
2657 1623 2817 1676 Κατὰ
2847 1622 3150 1692 συγκυρίαν
3185 1622 3242 1674 δὲ
3271 1622 3468 1692 εὑρέθη
3515 1623 3612 1675 καὶ
3649 1626 3676 1675 6
3699 1623 3932 1692 ἔξαρχος
3968 1624 4028 1674 tv

2444 1717 2556 1777 τοίς
2611 1716 2812 1768 ἐκεῖσε.
2849 1714 3154 1783 Δεξάμενος
3198 1713 3292 1766 οὖν
3321 1715 3423 1778 τὴν
3458 1714 3734 1778 κέλευσιν,
3765 1715 3860 1766 καὶ
3888 1716 4027 1766 ava-

2445 1807 2606 1871 γνοὺς
2647 1807 2676 1857 6
2718 1804 2969 1874 ἔξαρχος,
3009 1806 3101 1856 καὶ
3139 1809 3523 1873 προσκυνήσας
3558 1806 3742 1874 τρίτον
3799 1807 3896 1856 ἐπὶ
3927 1805 4028 1871 τὴν

776 1910 892 1961 ret,
927 1901 1109 1953 omnia
1160 1902 1212 1954 in
1239 1911 1493 1970 promptu
1529 1902 1642 1971 jam
1677 1919 1816 1956 esse.
1847 1904 1917 1954 At
1947 1917 2072 1955 vero
2100 1901 2338 1969 episcopi
2374 1929 2414 1984 η
2444 1916 2445 1919 ‘

2374 1929 2414 1984 Β
2444 1895 2548 1963 γῆν
2575 1895 2699 1954 τοὺς
2723 1894 2815 1946 δύο
2846 1893 3113 1963 κόμητας,
3148 1889 3334 1946 εἷπενο
3359 1894 3608 1960 Γέγονεν,
3635 1894 3710 1956 ὡς
3756 1893 4026 1956 ἐπέταξεν

775 1992 953 2044 serius
975 1991 1503 2060 Constantinopolim
1533 2003 1914 2061 pervenerunt.
1943 1991 2066 2061 Ipso
2087 1993 2229 2046 enim
2251 1993 2337 2046 die
2439 2009 2444 2034 ε

2439 1989 2468 2040 6
2510 1985 2699 2056 κύριός
2726 2003 2851 2056 μου,
2890 1986 3090 2038 πάντα.
3121 1985 3184 2039 Ol
3210 1985 3268 2038 δὲ
3297 1985 3586 2039 ἐπίσκοποι
3612 1987 3904 2056 ἐχρόνισαν
3929 1986 4025 2038 τοῦ

773 2085 1048 2153 appulere,
1075 2100 1183 2153 quo
1213 2087 1458 2140 exaltata:
1491 2087 1681 2140 Crucis
1704 2087 1966 2141 solemnia
1990 2087 2338 2140 celebraban-
2437 2101 2442 2125 <

2437 2077 2641 2146 φθᾶσαι
2693 2077 2752 2127 tv
2800 2076 3405 2128 Κωνσταντινουπόλει·
3464 2078 3813 2146 κατήντησαν
3861 2076 3919 2127 δὲ
3956 2078 4020 2144 τῇ

775 2163 883 2228 tur.
907 2173 976 2230 Ut
1006 2177 1249 2243 epistolae
1282 2179 1350 2230 ah
1385 2179 1469 2232 his
1492 2178 1702 2231 tradita:
1726 2187 1873 2243 sunt,
1904 2179 2069 2231 altera
2095 2175 2333 2248 [Lxutv]

2449 2168 2684 2236 ’Υψὼσει
2700 2166 2793 2220 τοῦ
2816 2167 2998 2237 τιμίου
3023 2161 3915 2236 σταυροῦ,καὶέπέδωκαν’ἁμφοτέ
3925 2183 4025 2233 ρας

774 2284 968 2334 nempe
996 2269 1244 2336 piissimo
1276 2271 1612 2336 imperatori,
1659 2271 1831 2325 altera
1874 2271 2217 2324 sanctissimo
2244 2285 2336 2323 ar-
2435 2279 2443 2296 ‘

2435 2261 2536 2324 τὰς
2580 2258 2878 2329 ἀναφορὰς,
2908 2257 2986 2328 τῷ
3012 2275 3071 2310 τε
3113 2257 3489 2327 εὐσεϐεστάτῳ
3520 2258 3748 2327 βασιλεῖ,
3800 2261 3899 2309 καὶ
3947 2257 4023 2324 τῷ

773 2359 1123 2428 chiepiscopo
1152 2360 1781 2429 Constantinopolitano,
1817 2371 1985 2430 utque
2008 2377 2161 2416 suam
2192 2371 2336 2414 uter-
2437 2377 2442 2403 ι

2437 2352 2722 2420 ἁγιωτάτῳ
2748 2351 3164 2422 ἁρχιεπισκόπῳ
3189 2350 3837 2409 Κωνσταντινουπὸλεως.
3874 2349 4023 2398 Ἀνα-

773 2467 880 2518 que
927 2452 1072 2520 legit,
1108 2462 1160 2505 et
1187 2468 1306 2520 qua:
1339 2454 1638 2521 perscripta
1667 2463 1823 2507 erant
1859 2454 2146 2521 cognovit,
2177 2454 2337 2507 ambo
2437 2464 2442 2475 ‘

2437 2446 2654 2514 γνόντες
2691 2445 2748 2497 δέ
2790 2445 2889 2507 τὰς
2930 2444 3227 2513 ἀναφορὰς,
3261 2444 3290 2496 ὃ
3323 2460 3381 2494 τε
3418 2442 3812 2505 εὐσεϐέστατος
3860 2441 4020 2510 βασι-

773 2545 948 2596 vieem
991 2544 1166 2596 sancti
1217 2544 1313 2595 viri
1347 2545 1583 2612 graviter
1613 2545 1928 2607 doluerunt,
1970 2547 2114 2614 quod
2153 2546 2336 2597 tandiu

775 2635 1018 2688 carceris
1072 2636 1352 2705 angustias
1404 2637 1656 2689 toleraret
1689 2655 1701 2689 :
1740 2653 1838 2691 nec
1881 2647 2060 2690 tamen
2093 2637 2336 2689 animum

775 2727 1031 2781 inducere
1061 2737 1373 2794 potuerunt,
1402 2738 1460 2780 ut
1497 2744 1618 2782 vera
1651 2737 1938 2796 putarent,
1971 2745 2092 2796 qua:
2112 2729 2177 2781 de
2209 2744 2339 2782 sau-

774 2832 862 2874 rto
901 2823 1168 2889 beateque
1203 2821 1470 2891 Gregorio
1531 2837 1560 2873 a
1593 2821 1848 2888 pontiﬁce
1876 2822 2115 2874 maximo
2141 2820 2339 2873 refere-

776 2916 994 2968 bantur.
1041 2913 1238 2967 Paucis
1285 2925 1408 2982 post
1462 2914 1677 2974 diebus,
1711 2913 2010 2980 imperator
2055 2912 2340 2979 episcopos

775 3022 900 3060 cum
956 3007 1224 3060 mandatis
1272 3007 1450 3060 redire
1500 3006 1704 3074 jussit,
1764 3005 1962 3073 quibus
2008 3004 2339 3058 Marcianum

776 3099 1110 3167 spatharium
1141 3114 1301 3152 suum
1353 3101 1607 3152 comitem
1637 3097 1804 3151 dedit.
1837 3097 2034 3151 Eodem
2067 3099 2227 3151 modo
2249 3113 2340 3150 ar-

775 3191 1155 3258 chiepiscopus
1183 3206 1306 3245 cum
1339 3189 1714 3243 arcessivisset
1736 3189 2050 3255 episcopum
2092 3188 2338 3258 Ancyrae.

777 3283 1093 3350 episcopum
1122 3282 1300 3351 Cyzici
1329 3291 1381 3334 et
1407 3283 1723 3349 episcopum
1756 3277 2002 3333 Corinthi
2058 3277 2192 3346 (80),
2244 3291 2341 3332 eos

779 3373 1001 3425 Romam
1035 3374 1253 3442 legavit,
1283 3382 1337 3425 et
1371 3373 1785 3425 Constantinum
1809 3371 2097 3424 diaconum
2123 3372 2341 3424 charte-

778 3466 1055 3532 phylacem
1082 3479 1204 3517 cum
1237 3465 1304 3516 iis
1329 3463 1596 3532 proficisci
1626 3463 1791 3516 voluit
1828 3480 1840 3513 :
1873 3463 2172 3530 quionmes
2200 3461 2340 3516 idem

778 3555 1052 3621 navigium
1085 3570 1208 3608 cum
1251 3555 1530 3607 Marciano
1569 3556 2026 3608 conscenderunt.
2083 3554 2210 3606 llaec
2243 3569 2341 3606 au-

778 3657 885 3699 tem
918 3646 1049 3713 ipsis
1079 3647 1328 3698 mandata
1351 3646 1632 3712 piissimus
1661 3645 1956 3712 imperator
1987 3646 2132 3697 dedit
2167 3663 2178 3698 :
2217 3645 2343 3697 l’er-

779 3736 908 3804 gite,
941 3737 1126 3790 Patres
1151 3738 1430 3800 sancti,ac
1461 3737 1728 3806 synodum
1760 3750 1924 3803 quam
1959 3736 2343 3789 sanctissimus

780 3826 937 3880 Pater
979 3826 1220 3894 pontifex
1255 3827 1530 3880 maximus
1571 3827 1804 3886 vocavit,
1856 3825 2145 3888 celebrate,
2195 3840 2342 3878 com-

781 3918 957 3970 munis
985 3917 1160 3972 Patris
1195 3919 1385 3982 nostri,
1423 3919 1517 3986 qui
1557 3919 1742 3971 urbem
1777 3919 1918 3971 hanc
1959 3915 2064 3969 Deo
2113 3918 2334 3970 charam

780 4008 936 4074 regit,
978 4010 1192 4063 nomine
1237 4010 1637 4062 convenientes.
1678 4009 1735 4061 ln
1761 4023 1826 4061 eo
1862 4023 2120 4062 consessu
2163 4011 2326 4064 Deum

780 4109 1079 4153 metuentes
1104 4099 1288 4152 omnia
1318 4097 1668 4166 adjudicium
1697 4106 1980 4162 revocate;
2018 4098 2083 4152 de
2113 4100 2342 4154 muliere

779 4295 1076 4367 pra'bcatis,
1105 4305 1164 4367 et,
1193 4306 1248 4346 at
1278 4311 1366 4349 vos
1390 4297 1490 4364 ipsi
1518 4299 1578 4367 in
1603 4300 1909 4351 ministeriis
1946 4301 2129 4352 vestris
2162 4316 2342 4367 pacem

777 4375 825 4416 et
841 4366 1106 4431 justitiam
1141 4366 1372 4432 faciatis,
1401 4377 1504 4420 etc.
1541 4366 1794 4422 Fortasse
1823 4379 2001 4422 autem
2047 4370 2139 4436 qui
2164 4366 2342 4424 semel

782 4449 1001 4487 munere
1033 4436 1248 4502 publico
1271 4436 1439 4488 iuncti
1469 4437 1720 4498 fuissent,
1756 4439 1918 4491 etiam
1955 4450 2073 4506 post
2102 4441 2340 4492 curatio-

781 4517 902 4576 nem
951 4506 1164 4556 comites
1213 4506 1526 4565 audiebant,
1587 4508 1810 4561 honoris
1855 4524 2022 4572 ergo:
2073 4518 2234 4576 atque
2275 4525 2340 4561 ex

2439 2539 2586 2599 λεὺς,
2617 2537 2710 2589 καὶ
2737 2538 2765 2588 6
2796 2537 3244 2606 ἀρχιεπίσκοπος,
3280 2536 3376 2587 καὶ
3407 2536 3623 2602 γνόντες
3661 2536 3761 2604 τὴν
3785 2535 4024 2602 δύναμιν

2440 2631 2546 2684 τῶν
2602 2632 2661 2683 tv
2715 2630 2905 2693 αὑταῖς
2951 2630 3372 2700 γεγραμμένων,
3417 2628 3771 2697 ἐλυπήθησαν
3813 2628 4025 2695 σφόδρα

2441 2721 2738 2789 ἀμφότεροι
2774 2720 3022 2788 περὶτοῦ
3050 2721 3227 2787 ἁγίου,
3261 2721 3342 2772 δτι
3391 2717 3642 2770 τοσοῦτον
3683 2719 3876 2786 χρόνον
3927 2719 4025 2783 ἐγ-

2442 2807 2749 2860 κεκλεῖσθαι
2783 2810 2847 2877 τῇ
2877 2808 3112 2877 φυλακῇ.
3146 2808 3267 2860 Οὐδ’
3293 2807 3430 2869 ὅλως
3467 2807 3523 2858 δὲ
3550 2806 3707 2858 τοῦτο
3746 2807 4026 2875 ἡδυνὰτη-

2445 2915 2544 2949 σαν
2579 2898 2864 2950 πιστεῦσαι
2905 2900 2972 2952 τὰ
3002 2900 3153 2969 παρὰ
3184 2898 3278 2950 τοῦ
3323 2899 3480 2951 πάπα
3511 2899 3692 2958 αὐτοῖς
3721 2899 4026 2966 ἁνεχθέντα

2445 2989 2570 3056 περὶ
2603 2988 2695 3040 τοῦ
2729 2990 2883 3055 ἁγίου
2916 2991 3010 3042 καὶ
3042 2989 3309 3058 μακαρίου
3342 2990 3379 3040 Γ
3385 2990 3666 3059 ρηγορίου.
3709 2989 3847 3042 Μεθ’
3884 2990 4025 3057 ἡμέ-

2446 3097 2543 3148 ρας
2583 3079 2641 3131 δὲ
2681 3098 2832 3143 τινας
2865 3081 3150 3133 ἐκέλευσεν
3178 3085 3206 3133 6
3238 3081 3490 3150 βασιλεὺς
3525 3083 3846 3134 ἀποστεῖλαι
3897 3084 4026 3143 τοὺς

2445 3171 2777 3236 ἐπισκόπους
2810 3173 2948 3242 μετὰ
2977 3174 3301 3236 κελεύσεως,
3325 3175 3648 3234 ἀποστείλας
3680 3175 3802 3242 μετ’
3826 3174 4028 3234 αὐτοὺς

2369 3252 2415 3317 C
2444 3262 2534 3312 καὶ
2563 3262 2881 3330 Μαρκιανὸν
2910 3264 3000 3314 τὸν
3029 3265 3335 3335 σπαθὰριον
3357 3264 3544 3318 αὑτοῦ.
3583 3266 3816 3332 Ὁμοίως
3841 3265 3900 3316 δὲ
3934 3265 4029 3317 καὶ

2443 3356 2473 3406 6
2522 3355 2951 3425 ἁρχιεπίσκοπος
3014 3357 3527 3427 προσκαλεσάμενος
3577 3356 3669 3408 τὸν
3719 3358 4027 3409 ἐπίσκοπον

2458 3447 2728 3517 Ἀγκύρας
2780 3451 2870 3500 καὶ
2911 3450 3002 3501 τὸν
3031 3450 3334 3502 ἐπίσκοπον
3369 3448 3611 3512 Κυζίκου
3647 3449 3741 3499 καὶ
3778 3449 3872 3500 τὸν
3907 3448 4029 3500 ἐπί-

2447 3556 2645 3590 σκοπον
2677 3540 2963 3608 Κορίνθου,
2991 3540 3314 3592 ἀπέστειλεν
3337 3540 3533 3600 αὐτοὺς
3562 3541 3618 3589 ὲν
3646 3535 3844 3606 Ῥώμῃ
3873 3556 3886 3567 ·
3930 3539 4028 3592 σὺν

2444 3625 2652 3688 τούτοις
2697 3627 2750 3678 δὲ
2793 3628 2886 3679 καὶ
2922 3627 3013 3679 τὸν
3063 3627 3455 3696 χαρτοφύλακα
3489 3629 3908 3679 Κωνσταντίνον
3937 3630 4027 3679 τὸν

2444 3717 2710 3778 διάκονον,
2737 3718 2832 3770 καὶ
2854 3717 3334 3787 συναθροισθέντες
3358 3718 3601 3780 ἅπαντες
3629 3720 3686 3770 tv
3713 3718 3791 3786 τῷ
3832 3719 4025 3788 πλοίῳ,

2444 3806 2589 3857 οἵτε
2633 3806 2920 3859 ἐπίσκοποι
2977 3809 3071 3860 καὶ
3121 3809 3150 3859 6
3194 3809 3541 3876 Μαρκιανόςο
3580 3809 3674 3859 καὶ
3721 3810 4027 3861 ἐνετείλατο

2445 3898 2625 3959 αὐτοῖς
2665 3900 2692 3950 6
2732 3899 3118 3960 εύσεδὲστατος
3150 3899 3406 3968 βασιλεὺς
3446 3900 3650 3967 λέγων’
3699 3900 4022 3969 ξΑπέλθατε,

2449 3989 2658 4056 ΙΙὰτρες
2683 3988 2851 4054 ἆγιοι,
2885 3992 2974 4042 καὶ
3001 3993 3311 4060 κροτήσατε
3345 3991 3558 4042 σύνοδον
3582 3991 3746 4054 ἁγίαν
3774 3991 4023 4042 κελεύσει

2445 4079 2538 4132 τοῦ
2568 4082 2869 4148 ἁγιιυτὰτου
2905 4084 3076 4145 παπα,
3112 4083 3204 4134 καὶ
3253 4077 3441 4133 τοὶτου
3490 4080 3582 4132 τοῦ
3635 4081 3817 4133 κοινοῦ
3865 4082 4022 4150 ἡμῶν

2448 4313 2588 4357 trum
2627 4304 2808 4356 Sicilia
2857 4303 3177 4365 decessisse,
3224 4319 3386 4370 quam
3434 4301 3730 4364 Gregorius
3781 4312 4021 4366 aptarat,

2449 4374 2636 4426 mirari
2675 4391 2780 4425 non
2827 4372 3128 4427 debemus:
3160 4384 3278 4425 erat
3311 4373 3456 4426 enim
3495 4383 3685 4423 natura
3719 4373 3906 4435 segnis
3963 4389 4025 4424 ac

2448 4445 2664 4495 lentus:
2702 4459 2810 4510 qua
2837 4459 2959 4495 eum
2990 4444 3054 4495 de
3085 4459 3141 4494 re
3168 4441 3462 4509 Gregorius
3494 4456 3601 4492 non
3633 4444 3799 4510 semel
3825 4441 4024 4510 festive

2449 4509 2786 4580 perstrinxit.
2827 4511 2966 4580 (Lib.
2997 4529 3034 4577 ι,
3067 4513 3225 4580 epist.
3264 4511 3362 4577 δὶς
3403 4511 3594 4572 lib.m,
3625 4509 3787 4577 epist.
3823 4509 3842 4560 Ι
3877 4521 3933 4564 et
3965 4511 4025 4563 tu

781 4575 972 4626 horum
1007 4590 1234 4627 numero
1264 4585 1417 4628 erant
1445 4577 1500 4629 hi
1533 4577 1663 4640 duo,
1696 4579 1787 4646 qui
1823 4578 1877 4631 in
1912 4575 2155 4630 Siciliam
2185 4579 2339 4634 missi
2374 4587 2416 4640 D
2445 4575 2576 4645 etc.)

776 4649 922 4695 Stltit.

851 4714 920 4765 lle
961 4715 1116 4781 legati
1151 4715 1368 4767 nomine
1415 4714 1525 4768 dixi
1578 4717 1862 4783 superius:
1896 4731 2078 4768 verum
2111 4717 2344 4771 addubi-

778 4795 891 4833 tare
953 4785 1094 4845 lieet,
1153 4801 1278 4835 num
1334 4786 1523 4839 Petrus
1576 4787 1982 4854 hypodiaconus
2040 4786 2091 4838 in
2155 4786 2342 4842 Sicilia

776 4854 940 4903 etiam
978 4863 1088 4904 tum
1129 4865 1308 4906 esset:
1343 4855 1466 4907 inde
1510 4856 1654 4908 enim
1686 4871 1810 4908 eum
1857 4865 2177 4909 evocaverat
2206 4858 2343 4911 Gre-

778 4934 963 4984 porrus
1021 4923 1266 4991 Magnus,
1316 4939 1380 4976 ac
1445 4940 1503 4976 se
1556 4940 1752 4992 cupere
1807 4925 2224 4990 significaverat,
2284 4936 2342 4979 ut

782 4993 1006 5044 Bonnam
1046 5011 1102 5042 se
1138 4994 1280 5061 circa
1324 4995 1444 5047 ldus
1480 4993 1825 5061 Septembres
1858 4994 2164 5055 conferret,
2199 5013 2344 5049 anno

779 5063 990 5115 Scilicet
1022 5062 1124 5115 .592
1150 5079 1160 5113 :
1197 5060 1378 5124 Stude,
1411 5065 1457 5116 si
1489 5060 1591 5117 Deo
1615 5065 1896 5130 placuerit,
1928 5066 2059 5117 utin
2092 5065 2226 5119 lianc
2253 5084 2344 5119 ιιι·-

779 5135 889 5182 bem
940 5143 1060 5184 ante
1107 5133 1340 5184 natalem
1382 5134 1517 5186 beati
1569 5133 1820 5203 Cypriani
1875 5147 2148 5187 transeas:
2189 5153 2250 5189 ne
2279 5153 2344 5189 ea:

778 5205 947 5275 signa,
981 5204 1116 5275 quod
1147 5203 1329 5275 diebus
1367 5204 1480 5275 istis
1521 5207 1654 5256 mari
1689 5221 1888 5270 semper
1919 5206 2172 5268 imminet,
2205 5209 2344 5275 quod

779 5273 943 5333 absit,
996 5274 1208 5339 aliquod
1264 5274 1552 5340 periculum
1603 5276 1764 5340 possit
1819 5275 2019 5326 evenire
2085 5273 2224 5338 (lib.'
2281 5293 2340 5339 ll,

778 5342 937 5407 epist.
969 5342 1077 5403 52}.
1108 5341 1238 5412 Illud
1267 5353 1414 5394 certe
1442 5345 1778 5412 exploratum
1803 5355 1906 5401 est.
1927 5345 2027 5396 hoc
2052 5346 2168 5410 ipso
2198 5363 2342 5398 anno

779 5429 889 5482 quo
921 5411 1232 5482 comitesin
1276 5412 1458 5464 Sit-ilia
1491 5416 1764 5482 accepisse
1795 5415 2015 5472 dicitur.
2055 5416 2260 5468 litteras
2292 5417 2341 5469 ei

781 5502 809 5533 ιι
850 5481 1112 5550 Gregorio
1159 5481 1352 5546 Magno
1393 5487 1589 5537 missas
1625 5481 1758 5537 cum
1797 5484 2150 5548 inscriptione
2185 5484 2342 5537 Petro

781 5553 1094 5604 subdiacono
1121 5550 1424 5613 Campaniie
1456 5556 1568 5618 (lib.
1610 5571 1686 5612 III,
1728 5554 1884 5619 epist.
1916 5554 2036 5614 40);
2070 5570 2192 5620 qua:
2219 5573 2341 5608 cum

782 5623 995 5688 scripta:
1025 5621 1224 5674 fuerint
1257 5623 1552 5677 indictione
1596 5624 1677 5684 tl,
1713 5634 1836 5675 ante
1880 5623 2184 5689 Augustum
2223 5627 2342 5691 ejus

784 5692 912 5742 anni
979 5692 1162 5743 Sicilia
1218 5693 1522 5745 decessisse
1578 5694 1849 5761 putandus
1899 5705 2014 5744 est:
2049 5696 2091 5745 si
2125 5696 2340 5760 quidem

789 5773 1076 5826 utrumque
1108 5765 1243 5814 tueri
1296 5765 1540 5822 velimus,
1576 5765 1824 5815 eumdem
1875 5764 2064 5815 eodem
2116 5775 2258 5818 anno
2292 5775 2342 5818 et

790 5847 840 5886 tn
867 5831 1050 5887 Sicilia
1082 5842 1132 5885 ct
1165 5835 1216 5885 in
1249 5833 1543 5902 Campania
1577 5836 1762 5888 fuisse.
1805 5834 1992 5889 Serius
2029 5845 2207 5887 autem
2248 5834 2342 5890 Pe-

2517 4649 2629 4718 (79)
2668 4649 2886 4701 Deviutn
2932 4649 3033 4701 iter
3064 4664 3162 4701 nec
3209 4646 3523 4700 festinatum
3567 4649 3762 4700 fecisse
3792 4650 4025 4701 comites

2443 4720 2658 4773 dicendi
2695 4729 2842 4778 sunt,
2875 4719 2967 4784 qui
2998 4729 3104 4771 tam
3132 4734 3254 4770 sero
3286 4719 3337 4769 iu
3370 4718 3613 4770 Siciliam
3646 4720 4020 4784 pervenerint.

2445 4789 2651 4843 Pascha
2687 4790 2832 4842 enim
2864 4805 2930 4841 eo
2975 4804 3140 4847 anno,
3188 4788 3282 4855 qui
3318 4787 3417 4838 fuit
3453 4787 3578 4848 593,
3627 4800 3810 4840 actum
3846 4800 3932 4839 est
3975 4803 4023 4838 iv

2444 4859 2558 4912 Kal.
2596 4860 2764 4925 April.
2811 4859 2982 4925 Atque
3033 4859 3169 4908 adeo
3221 4857 3578 4924 profectionis
3607 4857 3722 4909 dies
3751 4855 3855 4908 fuit
3905 4867 4020 4922 post

2447 4946 2530 4982 svr
2581 4929 2695 4982 Kal.
2739 4926 2952 4987 lunias,
2989 4943 3094 4992 quo
3143 4927 3230 4979 die
3279 4925 3601 4978 Pentecoste
3648 4936 3790 4978 erat.
3834 4926 4026 4993 Itaque

2443 4999 2899 5068 quinquagesimo
2927 4999 3118 5068 quinto
3157 4996 3369 5068 itineris
3397 4995 3874 5068 die_ap_pulerunt.

2521 5064 2633 5136 (80)
2667 5067 2804 5132 Quid
2852 5068 2940 5120 hic
2971 5067 3096 5119 facit
3143 5067 3434 5132 episcopus
3474 5064 3770 5136 Gorinthi?
3809 5066 4024 5136 nullum

2442 5156 2504 5194 ea
2533 5134 2858 5205 tempestate
2880 5137 2971 5204 jus
3022 5137 3073 5187 in
3122 5151 3245 5186 eum
3277 5145 3395 5187 erat
3421 5134 3841 5205 archiepiscopo
3873 5134 4026 5184 Corr-

2444 5201 2956 5274 stantinopolitaiia:
2981 5206 3205 5272 parebat
3229 5206 3373 5255 enim
3396 5203 3718 5274 patriarcha:
3746 5201 4022 5263 Romano,

2445 5292 2503 5333 ut
2555 5273 2800 5344 Gregorii
2865 5275 3041 5342 Magni
3103 5275 3346 5344 epistolae
3412 5273 4022 5344 ostendunt___(lib.ﬂ_t,

2444 5351 2604 5416 epist.
2639 5339 2740 5409 2‘7;
2773 5347 2866 5416 lib.
2901 5339 3151 5416 “Cepisti
3188 5343 3289 5416 '59_;
3322 5343 3413 5395 lib.
3447 5358 3497 5403 ν,
3532 5342 3690 5416 epist.
3716 5339 3793 5416 52
3818 5342 4014 5416 e_t_57);

2445 5409 2542 5484 pi'o
2597 5415 2860 5485 Κορίνθου
2906 5413 3203 5480 scripserat
3255 5411 3487 5464 fortasse
3538 5409 3800 5485 Leontius
3847 5411 4014 5485 Rieu-

2445 5481 2639 5541 scribae
2680 5481 2874 5537 'vocem
2925 5493 3260 5535 contractam
3309 5497 3429 5534 esse
3469 5481 3755 5546 suspicati,
3805 5482 4028 5534 estule-

2446 5571 2571 5609 runt
2629 5555 2915 5622 Κορίνθου,
2968 5553 3133 5622 quod
3170 5550 3362 5622 deinde
3426 5553 3603 5603 caeteri
3671 5559 4025 5622 receperunt.

2448 5628 2617 5678 l’orro
2649 5618 2771 5676 Cius
2796 5625 3052 5691 rippidum
3085 5621 3345 5687 Bithyni.e
3373 5630 3509 5682 erat,
3543 5635 3638 5691 nec
3663 5618 3802 5691 adeo
3827 5623 4025 5691 procul

2446 5713 2474 5749 a
2510 5697 2726 5754 (Inice,
2759 5684 2964 5746 ut'iion
3008 5694 3130 5743 inde
3169 5684 3353 5750 citius,
3394 5701 3555 5756 quam
3597 5684 3864 5740 Corintho
3907 5690 4027 5755 epi~

2449 5756 2648 5833 scopus
2691 5765 2905 5815 evocaii
2970 5772 3170 5826 posset.
3224 5759 3555 5829 'l‘heognius,
3591 5758 4025 5827 Ciiepiscopus,

2450 5850 2613 5892 seu:
2640 5834 2848 5903 synodo
2878 5833 3139 5887 interluit.
