4226 6444
254 410 362 475 669

1237 422 1295 480 S.
1341 422 1717 484 GREGORII
1753 424 2267 488 AGRIGENTIN‘I
2312 431 2505 490 VITA.

3392 437 3500 502 670

252 523 466 596 Πατρὸς
517 524 614 594 τῆς
662 525 897 580 ἐνταῦθα
944 528 1342 584 θεοσκεπάστου
1390 533 1545 603 ἡμῶν
1593 535 1820 598 πόλεως.
1851 541 1900 596 Α

1851 541 1900 596 Α
1928 536 2106 607 deque
2141 540 2553 594 accusatoribus
2580 540 2658 596 sic
2697 544 3027 612 cognoscite,
3074 553 3132 598 ut
3157 560 3263 598 non
3311 560 3492 601 rerum

250 616 362 668 Καὶ
415 616 775 686 καθήσαντες,
833 618 971 688 μετὰ
1019 621 1188 688 φόϐου
1235 622 1372 675 Θεοῦ
1429 625 1821 694 ἀνακρίναντες

249 708 446 772 πάντα,
477 708 571 760 καὶ
601 709 662 760 τὸ
688 707 910 776 γύναιον
943 711 1037 762 καὶ
1069 714 1194 775 τοὺς
1229 714 1588 782 κατηγόρους,
1619 717 1714 768 καὶ⁸
1745 716 1820 786 μὴ

247 797 397 852 κατὰ.
415 799 708 870 πρόσωπόν
733 819 783 854 τι
813 802 1076 874 πράξητε,
1106 805 1222 857 ἀλλ’
1253 807 1328 868 ὡς
1358 807 1496 877 αὐτὴ
1531 809 1564 876 ὴ
1589 806 1821 877 δύναμις

243 892 346 960 τῆς
367 893 625 962 ἀληθείας
652 894 914 961 ἔγκειται,
951 897 1124 960 οὕτως
1151 897 1460 967 διοικήσατε
1479 917 1494 931 ο
1519 898 1614 953 καὶ
1643 900 1691 951 οἳ
1720 901 1820 970 μὲν

248 984 626 1050 συκοφαντῶαι
655 986 747 1037 τὸν
776 986 965 1056 ἄνδρα,
997 987 1109 1039 ὅσοι
1137 988 1484 1042 ὑποπέσωσιν
1515 989 1716 1055 λαῖκοὶ,
1739 989 1818 1057 τῷ

248 1073 563 1141 φιλευσεὸεῖ
606 1077 764 1146 ἡμῶν
803 1078 952 1146 νόμῳ
1000 1079 1308 1148 παράδοτεσ
1369 1081 1461 1132 ἐπὶ
1499 1082 1677 1150 τούτῳ
1709 1081 1819 1151 γὰρ

242 1165 646 1235 ἀποστέλλομεν
675 1168 765 1220 τὸν
801 1169 1104 1240 σπαθάριον
1141 1172 1335 1240 ἡμῶν·
1366 1171 1480 1224 ὅσοι
1529 1171 1588 1224 δὲ
1627 1172 1819 1242 κληρι-

242 1255 332 1307 κοὶ
356 1256 692 1320 ὐποπὲσωσι,
719 1259 796 1328 τῷ
824 1259 953 1330 θείῳ
992 1261 1083 1314 καὶ
1114 1262 1242 1332 εερῷ
1265 1263 1448 1315 κανόνι
1477 1263 1816 1316 άποδίδοσθευ

240 1348 637 1414 παρεγγυάσας
666 1350 863 1414 αὐτοὺς
894 1351 988 1404 τοῦ
1021 1353 1316 1420 ἀναγαγεῖν
1359 1352 1451 1406 τὸν
1478 1354 1646 1424 ἄνδρα
1681 1359 1816 1424 πρὸ,

239 1437 429 1490 αὐτόν.

311 1528 440 1582 ΞΗ’.
474 1530 810 1597 Ἐξελθόντες
835 1535 890 1588 δὲ
926 1535 1222 1607 ἀμφότεροι
1251 1535 1357 1589 ἀπὸ
1384 1537 1816 1590 Κωνσταντινου-

237 1620 452 1684 πόλεως
481 1620 618 1675 οἵτε
649 1625 938 1678 ἐπίσκοποι
971 1628 1064 1679 καὶ
1094 1628 1122 1679 6
1161 1626 1461 1694 σπαθάριος
1497 1626 1606 1680 άπὸ
1639 1644 1812 1698 προσ-

236 1714 390 1766 ώπου
426 1714 520 1767 τοῦ
554 1715 840 1786 βασιλέως,
872 1718 1170 1772 κατέλαϐον
1189 1719 1289 1788 τὴν
1333 1719 1572 1791 Ῥώμην,
1596 1721 1673 1782 ὡς
1702 1719 1812 1772 ἀπὸ

236 1805 470 1859 σταδίων
511 1807 789 1861 δεκαοκτὼ
811 1826 824 1839 ·
859 1810 1057 1881 συνέῦη
1090 1811 1147 1864 δὲ
1181 1810 1259 1880 τῷ
1291 1810 1594 1881 Μαρκιανῷ
1627 1811 1811 1882 ἀῤῥω·

235 1897 433 1967 στῆσαι
457 1899 768 1970 ἀρρωστίαν
794 1899 975 1971 δεινὴν
1022 1902 1117 1956 καὶ
1154 1901 1398 1972 βαρεῖαν.
1441 1901 1721 1969 Ἐγένοντο
1751 1901 1808 1954 δὲ

231 1987 296 2039 ὲν
327 1986 473 2058 λύπῃ
500 1988 667 2059 πολλῇ
712 1989 762 2041 οἱ
795 1989 1086 2043 ἐπίσκοποι
1129 1991 1222 2043 καὶ
1264 1992 1464 2054 πάντες
1504 1992 1554 2043 οἱ
1587 1991 1683 2042 σὺν
1711 1990 1809 2043 αὑ-

229 2079 369 2141 τοῖς.
398 2079 553 2132 Μετὰ
591 2079 647 2132 δὲ
681 2081 926 2150 ἀνάγκης
969 2081 1168 2158 πολλῆς
1199 2081 1445 2153 εἰσῆλθον
1489 2084 1546 2136 ὲν
1585 2082 1768 2157 Ῥώμῃ
1789 2101 1806 2115 °

227 2165 377 2239 ἦσαν
427 2171 483 2224 δὲ
526 2173 728 2238 πάντες
771 2173 1101 2243 λυπούμενοι
1150 2177 1279 2247 περὶ
1333 2175 1425 2229 τοῦ
1463 2178 1803 2248 Μαρκιανοῦ.

227 2261 390 2313 Μετὰ
430 2261 486 2314 δὲ
532 2262 743 2333 ἡμέρας
784 2264 914 2317 δέκα
959 2264 1194 2335 ἧμελλεν
1231 2265 1522 2339 τελευτᾷν·
1555 2270 1646 2322 καὶ
1678 2272 1806 2342 περὶ

225 2350 384 2420 ἡλίου
420 2352 630 2422 δυσμὰς
659 2354 766 2409 ἰδοὺ
801 2354 958 2426 γυνὴ,
1001 2350 1070 2428 ἦς
1113 2359 1174 2410 τὸ
1219 2358 1510 2428 θυγάτριον
1551 2361 1740 2414 ἰάσατο
1777 2364 1806 2414 6

226 2444 385 2512 ἅγιος
407 2439 725 2518 Γρηγόριος,
749 2447 1070 2521 διερχομένη
1094 2452 1326 2521 ἤκουσεν
1348 2453 1686 2522 ὀδυρομένων
1709 2453 1804 2507 καὶ

225 2537 572 2606 θρηνούντων
609 2540 699 2594 τὸν
737 2542 1072 2609 Μαρκιανόν.
1113 2545 1179 2595 'H
1219 2544 1274 2596 δὲ
1304 2544 1441 2614 γυνὴ
1471 2546 1802 2600 ἐπυνθάνετο

225 2630 361 2698 παρ’
401 2629 580 2682 αὐτῶν
630 2630 774 2693 τίνος
831 2633 1014 2685 ἕνεκεν
1077 2635 1338 2688 κόπτεται
1391 2635 1458 2687 τά
1515 2638 1796 2708 παιδάρια.

236 2720 590 2788 Ἀποκριθεὶς
619 2721 677 2773 δὲ
717 2718 796 2785 εἷς
836 2723 896 2788 ἐξ
925 2724 1103 2778 αὐτῶν
1136 2725 1282 2794 λέγει
1325 2727 1495 2796 αὐτῇ·
1529 2729 1741 2798 Ἅρμα,
1772 2733 1800 2783 6

223 2809 416 2880 κύριος
450 2811 606 2882 ήμῶν
648 2815 729 2876 είς
761 2814 856 2884 τὴν
889 2815 1124 2885 ἐσχάτην
1157 2819 1323 2888 πνοήν
1353 2820 1520 2880 ἐστιν,
1556 2821 1648 2871 καὶ
1675 2821 1800 2873 τοῦ-

218 2917 318 2953 τον
372 2901 696 2971 θρηνοῦμεν.
733 2904 898 2970 Λέγει
951 2906 1136 2967 αὐτοῖς
1181 2907 1213 2974 ἠ
1263 2907 1396 2976 γυνή
1424 2924 1437 2936 ο
1483 2908 1795 2963 Βαστάσατε

221 2984 389 3045 α’ὗτὸν
423 2994 561 3062 μετὰ
587 2996 686 3064 τῆς
716 2995 923 3064 κλίνης,
952 2999 1049 3049 καὶ
1078 2997 1480 3068 ἀκολουθήσατέ
1507 3018 1618 3068 μοι,
1643 3001 1798 3068 κάγὼ

220 3085 354 3155 ὑμῖν
406 3086 668 3150 ὑποδείξω
721 3087 890 3154 ἄνδρα
922 3086 1098 3156 ἆγιον,
1133 3090 1192 3152 ὃς
1230 3090 1437 3144 ἰάσεται
1475 3092 1566 3143 τὸν
1609 3092 1797 3163 κύριον

1925 631 2183 698 speciem,
2208 632 2301 685 sed
2333 632 2620 687 veritatem
2654 635 2823 704 ipsam
2855 637 3027 692 secuti
3060 637 3381 692 videamini.
3416 640 3493 694 Ac

1923 720 1988 773 de
2017 722 2139 775 viri'
2169 723 2659 779 calumniatoribus
2686 765 2700 788 ,
2745 727 2836 795 qui
2883 729 3121 783 convicti
3175 729 3400 793 fuerint,
3447 730 3494 784 si

1921 807 2044 863 laici
2082 810 2231 873 sint,
2273 813 2445 866 sacris
2493 813 2705 882 legibus
2754 817 2956 870 uestris
3006 818 3234 872 subesse
3277 819 3492 886 eOgite;

1921 915 2045 953 nam
2091 902 2191 955 hac
2217 902 2283 955 de
2305 916 2470 956 causa
2501 905 2839 972 spatharium
2871 916 3116 962 nostrum
3168 909 3438 962 mittimus
3475 927 3488 961 :

1920 991 1963 1045 si
1991 991 2199 1055 clerici,
2235 1007 2352 1045 eam
2404 994 2589 1049 subire
2629 1011 2844 1064 pcenam
2872 998 3274 1068 jubete,’quam
3304 997 3492 1052 Eccle-

1921 1082 2013 1136 sia:
2061 1097 2301 1138 canones
2354 1087 2824 1156 praescripserunt.
2875 1088 3217 1143 Postremum
3257 1105 3287 1142 e
3333 1104 3492 1142 man-

1920 1173 2064 1227 datis
2109 1173 2228 1242 ejus
2263 1173 2386 1242 fuit,
2430 1186 2488 1230 ut
2537 1187 2788 1232 sanctum
2837 1179 3013 1233 virum
3053 1181 3118 1234 ad
3169 1194 3294 1234 eum
3319 1179 3489 1235 dedu—

1919 1275 2124 1320 εει-ρηι.

1990 1526 2223 1583 LXVIII.
2253 1527 2371 1584 Jam
2405 1545 2536 1585 vero
2572 1530 2784 1586 dimissi
2817 1532 2886 1584 ab
2918 1532 3244 1598 imperatore
3280 1540 3334 1582 et
3371 1528 3487 1597 epi-

1917 1621 2065 1690 scopi
2094 1629 2149 1676 et
2192 1621 2525 1690 spatbarius,
2567 1622 3043 1691 Constantinopoli
3080 1621 3242 1676 simul
3293 1635 3485 1674 omnes

1915 1714 2216 1768 solverunt.
2245 1713 2314 1768 At
2343 1729 2466 1769 cum
2492 1715 2731 1770 secunda
2765 1715 2849 1767 usi
2882 1714 3255 1783 navigatione,
3289 1716 3357 1766 ah
3388 1729 3482 1766 ur-

1920 1806 1986 1860 be
2035 1804 2210 1859 Roma
2252 1821 2359 1859 non
2390 1807 2513 1876 plus
2565 1807 2818 1861 abessent
2867 1820 3027 1876 quam
3076 1805 3248 1860 stadia
3291 1806 3478 1857 decem

1910 1904 2059 1958 octo,
2092 1895 2401 1950 Marcianus
2436 1897 2488 1950 in
2523 1912 2743 1966 gravem
2780 1896 3072 1951 admodum
3117 1911 3180 1950 ac
3207 1895 3478 1966 periculo—

1909 2002 2030 2041 sum
2070 1989 2259 2043 incidit
2301 1989 2574 2044 morbum.
2604 1988 2773 2060 Cujus
2799 1989 2877 2042 rei
2910 2003 3074 2043 causa
3106 1996 3212 2042 tam
3237 1987 3476 2057 episcopi

1908 2097 2070 2152 quam
2099 2084 2280 2137 caeteri
2309 2098 2522 2145 omnes,
2553 2099 2692 2152 quos
2732 2099 2919 2137 secum
2953 2082 3246 2144 habebant,
3284 2095 3479 2149 magno

1906 2172 2095 2225 dolore
2119 2170 2294 2226 allecti
2324 2181 2473 2226 sunt.
2495 2170 2659 2242 Egre
2681 2173 2900 2226 demum
2931 2173 2984 2226 iu
3007 2173 3194 2226 urbem
3224 2171 3476 2240 ingressi,

1905 2263 2162 2320 Marciani
2194 2267 2366 2321 vicem
2404 2281 2594 2321 oumes
2642 2267 2826 2322 dolere
2867 2266 3179 2336 pergebant.
3225 2265 3315 2319 Ille
3348 2279 3478 2319 vero

1903 2368 2029 2427 post
2055 2357 2245 2413 decem
2278 2360 2396 2414 dies
2425 2360 2478 2413 in
2513 2359 2764 2414 ultimum
2803 2359 2926 2413 vitae
2963 2360 3255 2413 discrimen
3306 2358 3471 2411 venit.

1905 2449 2104 2504 Verum
2137 2451 2238 2505 sub
2258 2451 2390 2506 solis
2417 2466 2692 2515 occasum,
2715 2465 2840 2505 ecce
2869 2450 3084 2513 mulier,
3119 2450 3275 2517 cujus
3306 2449 3470 2502 ﬁliam

1900 2552 2126 2597 sanctus
2155 2542 2452 2613 Gregorius
2482 2551 2790 2608 sanaverat,
2819 2543 3096 2611 planctum
3137 2558 3348 2606 eorum,
3378 2546 3470 2612 qui

1901 2635 2243 2690 Marcianum
2301 2631 2763 2701 lamentabantur,
2813 2635 3181 2703 pertransiens
3210 2635 3417 2688 audivit
3453 2653 3468 2689 :

1899 2727 2079 2792 Quare
2134 2727 2510 2795 interrogavit,
2561 2728 2716 2795 cujus
2761 2741 2924 2780 causa
2984 2726 3136 2793 pueri
3178 2724 3473 2795 lugerent!

1900 2821 2145 2885 Quorum
2188 2833 2333 2873 unus
2380 2820 2460 2873 sic
2492 2819 2568 2872 illi
2605 2818 2926 2888 respondit:
2957 2816 3128 2872 Herus
3183 2827 3386 2877 noster,
3434 2831 3472 2872 0

1898 2909 2041 2962 bona
2076 2918 2248 2963 mater
2277 2908 2412 2978 (8i),
2436 2909 2668 2962 animam
2689 2909 2799 2977 agit
2833 2926 2845 2961 :
2875 2908 3015 2962 lmuc
3045 2924 3142 2962 nos
3171 2909 3467 2977 ploramus.

1898 3000 1988 3054 Illa
2020 3016 2146 3054 vero
2169 3016 2357 3055 omnes
2381 2999 2604 3070 [ωιτη]
2632 3001 2987 3068 compellans,
3012 2997 3152 3064 Quin
3187 3014 3334 3058 eum.
3367 3001 3464 3066 ait,

1896 3105 2018 3144 cum
2051 3090 2247 3144 lectulo
2286 3104 2389 3143 suo
2441 3089 2631 3151 tollite,
2691 3104 2755 3142 ac
2799 3103 2885 3142 me
2936 3089 3227 3157 sequimini
3264 3107 3277 3141 :
3313 3089 3468 3144 vobis

219 3179 400 3246 ὑμῶν.
433 3180 541 3231 Καὶ
576 3181 652 3242 ὼς
685 3182 742 3232 ὲν
772 3179 848 3250 τῷ
881 3181 1083 3248 μεταξὺ
1115 3183 1427 3248 ὲσκότασεν,
1462 3188 1553 3236 καὶ
1582 3188 1796 3252 ἐγένετο
1824 3193 1865 3250 C

1824 3193 1865 3250 ο
1896 3197 1998 3250 ego
2040 3183 2215 3236 virum
2277 3190 2525 3236 sanctum
2563 3181 2970 3247 demonstrabo,
3009 3181 3100 3251 qui
3134 3181 3322 3234 herum
3371 3198 3465 3236 ve-

218 3271 435 3338 ἐσπέρα
469 3271 678 3334 βαθεῖα,
713 3271 822 3341 ἡδὲ
851 3273 987 3342 γυνὴ
1026 3275 1333 3341 άνάγκασεν
1365 3277 1560 3338 αὐτοὺς
1596 3277 1794 3345 βαστά-‹
1843 3311 1848 3315 ι

219 3379 318 3416 σαι
354 3363 451 3431 τὴν
493 3363 680 3433 κλίνην
722 3364 820 3415 σὺν
855 3364 952 3415 τοῦ
984 3365 1174 3433 ἀνδρὸς
1206 3366 1298 3419 καὶ
1332 3367 1448 3434 μετ’
1479 3367 1651 3436 αὐτῆς
1685 3371 1792 3422 άπ-

215 3453 416 3506 ελθείν.
447 3456 510 3506 Οἱ
542 3455 597 3506 δὲ
627 3454 938 3517 ἀνελθόντες
968 3457 1024 3508 ἐν
1061 3456 1138 3524 τῷ
1161 3457 1295 3526 οἴκῳ
1327 3457 1655 3529 περιέδησαν
1690 3461 1788 3512 αὺ-

212 3548 313 3599 τόν
338 3567 349 3578 ·
388 3547 547 3609 αὐτὸς
575 3547 631 3599 δὲ
667 3543 736 3616 ἦν
769 3548 1137 3617 ὀλοφυρμένος
1184 3549 1261 3619 τῷ
1293 3551 1531 3619 πυρετῷ,
1568 3553 1660 3603 καὶ
1695 3553 1792 3605 οὐκ

212 3641 358 3702 οἶδε,
390 3640 448 3692 τὸ
480 3641 531 3692 τί
563 3639 710 3709 αὑτῷ
736 3643 953 3694 ἐποίουν
979 3644 1028 3694 οἱ
1059 3642 1244 3705 παῖδες
1271 3642 1451 3697 αὑτοῦ.
1488 3643 1794 3698 Βαστάσαν-

211 3749 310 3793 τες
343 3731 399 3782 δὲ
429 3723 687 3784 αὐτδν’τὰ
715 3733 997 3802 παιδάρια,
1033 3734 1241 3804 ἤγαγον
1285 3737 1365 3798 εἰς
1395 3738 1493 3806 τὴν
1523 3738 1790 3808 φυλακὴν,

210 3822 350 3874 ἔνθα
374 3818 440 3893 ἦν
465 3824 491 3876 6
523 3823 790 3893 μακάριος
811 3825 1129 3894 Γρηγόριος.
1160 3827 1268 3880 Καὶ
1291 3829 1672 3896 εἰσαγαγόντες
1697 3832 1794 3882 αὑ-

195 3915 310 3968 τὸν
343 3913 485 3966 ἔνδον
523 3915 625 3984 τῆς
663 3916 930 3985 φυλακῆς,
963 3915 1084 3970 ἰδὼν
1114 3918 1276 3972 αὑτὸν
1313 3921 1340 3972 6
1374 3923 1643 3991 μακάριος
1666 3923 1792 3992 άδη·

213 4004 508 4076 μονοῦντα,
565 4006 830 4060 ἔκλαυσεν
886 4008 1168 4078 ἐπάὑτῷ,
1222 4009 1328 4072 ’ἐως
1383 4011 1480 4063 οὐκ
1532 4007 1600 4079 ἦν
1644 4011 1792 4082 αὐτῷ

215 4098 376 4167 ἰσχύς
395 4116 407 4130 ·
447 4101 538 4152 καὶ
567 4101 825 4168 φωνήσας
852 4100 1014 4152 αὑτὸν
1040 4100 1186 4166 ἅπαξ
1217 4102 1311 4154 καὶ
1332 4102 1431 4165 δίς,
1463 4102 1618 4154 οὐδὲν
1642 4104 1792 4174 αὐτῷ

208 4188 588 4260 ἀποκριθῆναι
627 4190 866 4258 ἴσχυσεν,
899 4189 1023 4243 οὐδὲ
1052 4191 1269 4258 ἐπέγνω
1305 4193 1466 4244 αὐτὸν
1499 4194 1561 4244 ὲκ
1591 4193 1792 4264 πολλῆς

210 4281 471 4350 συνοχῆς,
519 4276 587 4350 ἦς
631 4281 926 4351 συνείχετο.
971 4283 1028 4335 Ὀ
1068 4282 1126 4334 δὲ
1164 4283 1432 4353 μακάριος
1478 4285 1792 4354 προσελθὼν

205 4369 490 4438 ἐπέθηκεν
523 4371 670 4440 αὐτῷ
715 4372 816 4440 τὴν
861 4374 1038 4442 χεῖρα,
1093 4373 1216 4435 δοὺς
1256 4373 1405 4443 αὖτῷ
1449 4375 1544 4437 τάς
1577 4375 1792 4439 ὲξέθους

205 4461 402 4528 εὐχάς.
436 4462 544 4514 Καὶ
580 4461 695 4530 μετ’
738 4461 917 4528 ὀλίγον
947 4462 1236 4532 ἡσύχασεν
1285 4465 1312 4515 6
1344 4465 1660 4533 Μαρκιανὸς
1695 4471 1790 4519 καὶ

1901 3280 2075 3325 Strum
2137 3271 2370 3324 sanabit.
2407 3268 2617 3324 Interea
2659 3287 2783 3325 cum
2837 3272 3070 3325 tenebrae
3105 3271 3216 3340 jam
3261 3280 3464 3335 essent,

1899 3363 2074 3431 coegit
2093 3378 2185 3417 eos
2215 3365 2412 3417 mulier
2437 3363 2536 3416 viri
2555 3363 2753 3418 lectum
2784 3364 2970 3417 tollere
2993 3379 3056 3416 ac
3073 3378 3258 3416 secum
3277 3365 3461 3416 abire:

1898 3457 2078 3524 itaque
2106 3457 2328 3510 domum
2381 3457 2635 3525 ingressi,
2685 3456 3018 3510 Marcianum
3066 3456 3463 3525 obligaverunt,

1897 3549 1987 3616 qui
2015 3563 2136 3601 cum
2189 3547 2322 3602 febri
2373 3557 2650 3611 aestuaret,
2683 3548 2907 3600 minime
2945 3549 3134 3610 sensit,
3180 3547 3311 3617 quid
3360 3547 3464 3602 sibi

1898 3639 2050 3707 pueri
2093 3638 2350 3692 iacerent.
2384 3638 2522 3691 Tum
2567 3639 2926 3692 suecollantes
2971 3639 3160 3692 herum
3198 3655 3370 3708 usque
3395 3639 3464 3692 ad

1897 3741 2173 3780 carcerem
2206 3736 2574 3796 gestaverunt,
2623 3728 2676 3782 in
2711 3744 2820 3798 quo
2841 3730 3032 3783 beatus
3057 3727 3352 3798 Gregorius
3378 3729 3465 3781 de-

1895 3817 2073 3886 gebat.
2113 3815 2182 3870 Ut
2214 3834 2364 3881 vero,
2396 3820 2462 3873 iis
2487 3821 2541 3872 in
2563 3834 2839 3873 carcerem
2867 3819 3148 3888 ingressis,
3185 3818 3318 3871 vidit
3345 3817 3466 3870 bea-

1897 3917 1987 3963 tus
2012 3909 2093 3962 vir
2114 3907 2447 3963 Marcianum
2480 3911 2672 3964 morbo
2712 3909 3099 3977 doloribusque
3131 3907 3460 3973 Confectum,

1896 4008 2079 4053 tenere
2113 3999 2376 4068 lacrymas
2409 4015 2515 4053 non
2549 3999 2726 4068 potuit
2747 4041 2762 4064 ,
2798 4014 2862 4054 ac
2905 3997 3150 4052 ﬂebiliter
3198 3998 3466 4050 lamentaa

1895 4100 1982 4146 tus
2023 4098 2108 4146 est
2138 4113 2151 4146 :
2188 4091 2385 4147 deinde
2413 4092 2725 4145 inclamavit
2752 4107 2874 4145 cum
2907 4091 3075 4145 semel
3113 4107 3176 4144 ac
3211 4091 3293 4143 bis
3325 4106 3340 4143 :
3371 4089 3463 4158 qui

1896 4192 2074 4237 tamen
2127 4199 2227 4238 nec
2264 4184 2593 4252 respondere
2638 4184 2715 4237 illi
2767 4183 3066 4252 quidquam
3113 4182 3306 4250 potuit,
3362 4194 3464 4232 nec

1893 4273 2091 4340 ipsum,
2123 4271 2176 4324 vi
2208 4273 2381 4327 morbi
2406 4288 2515 4343 quo
2539 4273 2858 4342 angebatur,
2902 4280 3265 4334 exsternatus,
3291 4285 3462 4336 agno-

1892 4363 1988 4417 vit.
2021 4364 2162 4433 Ergo
2185 4365 2446 4419 accedens
2479 4365 2652 4434 magis
2678 4366 2869 4418 beatus
2893 4364 2974 4416 vir
3004 4378 3223 4415 manum
3256 4362 3330 4413 illi
3363 4361 3462 4412 im-

1893 4455 2093 4523 posuit,
2125 4464 2182 4509 et
2214 4465 2506 4512 consuetas
2524 4456 2731 4510 addidit
2759 4471 2969 4524 preces.
3005 4453 3123 4507 Non
3155 4454 3322 4506 multo
3343 4463 3463 4519 post

204 4522 591 4620 ἀεέίῖπνωσενδ
616 4549 685 4623 ἦν
719 4522 997 4622 γὰρ-ἔχων
1030 4522 1244 4625 ἡμέρας
1267 4522 1789 4627 εἴκοσι.’πὲντε-μηδ’
1826 4522 1866 4576 D

1786 4561 1789 4574 ν
1826 4522 1866 4576 D
1895 4547 2174 4614 quiescere
2206 4547 2515 4601 Marcianus
2558 4557 2721 4616 atque
2760 4548 3069 4601 obdormire
3113 4549 3296 4613 carpit,
3333 4560 3455 4597 cum

203 4646 352 4706 ὅλως
386 4643 717 4714 κοιμηθῆναι
761 4643 1026 4714 δυνηθείς.
1061 4645 1458 4714 ιιροσελθὸντες
1489 4647 1544 4698 δὲ
1582 4650 1629 4700 οἱ
1663 4651 1790 4700 παῖ-

203 4737 304 4796 δες
368 4733 558 4799 αὑτοῦ,
624 4735 915 4797 πίπτοντες
981 4735 1132 4805 παρὰ
1195 4737 1320 4797 τοὺς
1381 4737 1545 4797 πόδας
1596 4738 1786 4798 αὐτοῦ.

204 4825 510 4886 κλαίοντες.
536 4827 631 4877 καὶ
671 4825 950 4892 λέγοντεςο
989 4827 1240 4894 Ἐλέησον
1279 4830 1445 4898 ἡμᾶς.
1489 4828 1642 4881 δοῦλε
1695 4829 1788 4881 τοῦ

203 4911 377 4979 Θεοῦ,
401 4918 496 4970 καὶ
527 4917 678 4981 εὖξαι
706 4919 846 4989 ὑπὲρ
873 4916 966 4970 τοῦ
1007 4919 1198 4988 κυρίου
1222 4920 1378 4989 ἡμῶν
1406 4922 1500 4973 καὶ
1533 4919 1626 4972 σοῦ
1654 4923 1790 4991 ἠγα-

205 5010 462 5077 πημένου
496 5010 668 5077 φίλου.
715 5009 772 5061 '0
802 5011 858 5061 δὲ
900 5010 1036 5080 πρὸς
1081 5011 1308 5075 αὐτούς·
1344 5013 1520 5065 Τέκνα
1571 5031 1694 5083 μου,
1728 5015 1790 5067 τὸ

203 5099 430 5168 θέλημα
476 5099 570 5151 τοῦ
621 5099 822 5168 Κυρίου
857 5100 1096 5166 γενέσθω
1147 5102 1242 5152 καὶ
1280 5103 1358 5161 εἰς
1389 5101 1548 5153 αὑτὸν
1587 5103 1678 5154 καὶ
1711 5105 1790 5165 εἰς

201 5192 384 5259 ἡμᾶς.
420 5189 554 5259 Περὶ
590 5189 645 5242 δὲ
677 5190 738 5241 τὸ
771 5189 1121 5258 μεσονύκτιον
1147 5190 1452 5262 προσῆλθον
1497 5193 1566 5243 τὰ
1594 5192 1788 5244 παιδά-

203 5298 331 5353 ρια,
360 5282 454 5334 καὶ
474 5282 850 5351 κρατήσαντες
877 5281 1058 5342 αὐτὸν,
1093 5282 1202 5334 ἰδοὺ
1229 5283 1326 5333 οὐκ
1349 5279 1415 5351 ἦν
1443 5284 1499 5333 ἐν
1517 5283 1666 5351 αὐτῴ
1694 5302 1788 5336 πυ-

206 5372 394 5442 ρετὸς,
425 5373 519 5425 καὶ
544 5371 793 5434 ἐδόξαζον
822 5371 913 5423 τὸν
942 5372 1093 5424 Θεόν.
1141 5372 1197 5423 '0
1222 5373 1276 5423 δὲ
1307 5373 1461 5438 ἅγιος
1490 5374 1526 5424 Γ
1533 5374 1788 5443 ρηγόριος

295 5546 408 5613 (81)
437 5546 494 5598 ln
534 5546 738 5601 Moschi
773 5547 935 5600 Prata
979 5565 1084 5601 non
1120 5551 1280 5602 semel
1326 5553 1566 5604 occurrit
1598 5552 1787 5613 huius-

207 5617 367 5670 modi
418 5615 653 5670 l'ormnla
711 5618 763 5669 in
815 5618 1031 5670 l'etniuis
1076 5621 1427 5686 appellandis,
1481 5623 1546 5673 iis
1597 5623 1782 5682 etiam,

204 5701 340 5754 qua:
382 5689 633 5760 procula
677 5689 1020 5760 monasteriis
1067 5694 1232 5741 vitam
1276 5693 1547 5758 degerent.
1584 5694 1782 5760 Διηγή-

206 5772 352 5828 ςᾳτο
386 5756 606 5828 assem
658 5760 689 5825 ἡ
735 5757 874 5824 αὑτὴ
908 5759 1130 5828 ’Ἅμμας
1176 5756 1419 5828 Δαμιανὴ
1465 5763 1553 5812 καὶ
1607 5756 1779 5813 τοῦτο.

208 5822 688 5880 Ναι·ν(ιισὶιίιιιιί·υι’
716 5822 1070 5881 nobis‘cndrin
1121 5822 1292 5882 Mater
1335 5822 1595 5883 deianu
1627 5834 1782 5883 rtium

1887 4638 1998 4707 jam
2047 4636 2340 4692 vicesimus
2367 4639 2590 4708 quintus
2622 4637 2738 4690 dies
2783 4647 2946 4697 esset,
2987 4652 3051 4688 ex
3086 4651 3193 4702 quo
3236 4650 3460 4686 solmms

1891 4751 2015 4789 eum
2080 4735 2304 4788 omnino
2338 4732 2660 4800 reliquerat.
2696 4729 2849 4783 Servi
2891 4743 3018 4779 vero
3063 4727 3204 4777 illius
3244 4727 3310 4778 ad
3335 4741 3460 4776 sau-

1892 4839 2038 4882 ctum
2073 4827 2250 4881 virum
2285 4825 2558 4889 conversi,
2585 4824 2877 4893 procidunt
2909 4822 2974 4874 ad
3008 4822 3171 4890 pedes
3213 4819 3350 4886 ejus,
3396 4834 3458 4869 ac

1893 4921 2081 4974 ﬂentes
2119 4936 2132 4972 :
2165 4917 2444 4980 Miserere,
2475 4916 2752 4984 inquiunt,
2794 4915 2986 4973 nostri,
3019 4930 3050 4963 o
3081 4911 3172 4963 Dei
3206 4925 3379 4970 serve,
3407 4921 3459 4962 et

1892 5012 2088 5066 adhibe
2137 5024 2326 5079 preces
2361 5023 2458 5078 pro
2505 5008 2635 5060 hero
2681 5015 2890 5069 nostro,
2939 5006 3240 5072 eodemque
3285 5004 3459 5054 amico

1895 5103 1988 5156 tibi
2033 5100 2376 5155 charissimo.
2415 5097 2624 5162 Quibus
2664 5097 2751 5149 ille
2783 5112 2797 5148 :
2832 5095 2972 5159 Filii,
3007 5095 3201 5164 inquit,
3229 5094 3353 5154 mei,
3395 5095 3460 5144 de

1892 5209 1958 5247 eo
1987 5193 2158 5260 deque
2185 5191 2343 5244 nobis
2367 5190 2511 5258 quod
2545 5190 2804 5241 Dominus
2834 5186 3046 5247 statuit,
3083 5186 3132 5238 id
3171 5187 3281 5236 tint.
3338 5183 3457 5233 Cir-

1893 5301 1953 5340 ca
2005 5284 2236 5337 mediam
2269 5291 2486 5335 noctem
2521 5295 2802 5334 accessere
2851 5278 3046 5331 iterum
3102 5276 3274 5343 pueri,
3306 5290 3455 5325 cum-

1892 5393 1997 5447 que
2019 5377 2208 5431 herum
2236 5375 2557 5445 tetigissent,
2584 5374 2702 5429 sine
2727 5371 2863 5426 febri
2894 5386 3018 5426 eum
3048 5382 3166 5423 esse
3182 5367 3452 5420 sentiunt:

1891 5561 1984 5610 hoc
2022 5557 2185 5624 (apud
2215 5556 2390 5610 Cotel.
2432 5555 2502 5607 Μ.
2541 5554 2685 5608 Eccl.
2717 5553 2808 5608 Cr.
2844 5562 2880 5606 t.
2920 5553 2982 5614 ll,
3015 5567 3046 5617 ρ
3100 5547 3260 5601 lilii):
3297 5543 3455 5624 ﬁlliﬂ-‘o

1894 5616 2169 5680 Damiame
2222 5626 2363 5680 ﬁlius
2415 5626 2576 5693 paulo
2623 5635 2745 5696 post
2813 5627 2899 5692 (p.
2968 5616 3454 5696 illi)-appellatur

1892 5699 2265 5765 Atheuogeucs
2327 5688 2973 5762 μείνω-ιιηῖυνίειυῇιιιε.
3036 5688 3137 5741 ’1ὐῦ
3187 5688 3301 5737 υέῡῧ
3358 5688 3452 5751 ιῆὗ

1895 5770 1957 5820 ’Ἃ
1967 5786 2041 5838 ξιιμ
2053 5785 2113 5830 ας
2145 5768 2418 5835 Δαμιανῆς
2428 5807 2438 5816 .
