4226 6444
168 420 279 484 673

1157 405 1218 465 S-
1259 399 1635 465 GREGORII
1671 393 2183 459 AGRIGENTINI
2214 393 2413 454 VlTA.

3326 386 3435 453 στι

170 533 273 602 τὴν
312 484 601 601 ⁷σίη.ιι.ιῖτέραν
651 521 1012 595 μετριότητας
1072 518 1226 587 ἡμῖν,
1270 512 1550 577 δεσπόται,
1587 512 1747 581 ἢρκει
1778 525 1820 578 Α

1778 525 1820 578 Α
1848 504 1943 577 qui
1980 503 2345 575 apostolicum
2372 500 2460 556 hic
2499 498 2711 555 obtinet
2742 499 3022 564 thronum,
3058 497 3175 553 sive
3218 498 3307 554 ille
3333 500 3429 554 sb-

172 625 273 678 καὶ
306 624 339 692 ἡ
372 621 551 690 κρίσις
592 615 687 669 τοῦ
720 615 911 685 κυρίου
968 627 1069 681 μου
1117 608 1213 661 τοῦ
1261 607 1354 659 τὸν
1400 602 1754 658 ἁποστολικδν

174 716 470 785 ἐπέχοντος
517 710 727 781 θρόνον,
778 708 812 777 ἢ
846 703 1202 765 δικαιοῦντος,
1250 702 1283 771 ἢ
1337 697 1757 768 κατακρίνοντὸς

179 826 271 879 με.
321 803 735 876 ’.ἀποκριθέντες
781 800 839 853 δὲ
872 800 922 852 οἱ
966 800 1276 858 ἐπίσκοποι,
1312 788 1498 844 εἷπον·
1545 790 1759 842 Γένοιτο

176 902 314 970 ἡμῖν
345 900 403 951 ὲν
436 900 517 949 eo".
562 893 963 965 κατακριθῆναι
993 893 1051 943 ὲν
1081 888 1266 958 ἡμέρᾳ
1293 886 1545 954 κρίσεως,
1578 883 1760 948 Πάτερ

179 992 328 1058 ἅγιε.
379 990 438 1042 '0
469 990 526 1042 δὲ
564 987 724 1041 πάλιν
751 985 889 1055 πρὸς
917 981 1116 1042 αὐτοὺς
1144 978 1508 1048 ἀπεκρίνατο·
1544 974 1760 1042 Συγχω-

186 1079 392 1149 ρήσατέ
426 1094 542 1146 μοι,
577 1076 789 1145 Πάτρες
823 1072 990 1139 ἆγιοι,
1020 1070 1098 1139 τῷ
1130 1064 1456 1138 ἁμαρτωλῷ.
1492 1063 1676 1117 Ταῦτα
1705 1062 1762 1114 δὲ

183 1172 368 1222 αὐτῶν
410 1168 692 1226 εἰπόντων,
744 1163 1141 1232 ἐκαθέσθησαν,
1172 1161 1267 1213 καὶ
1302 1158 1622 1226 ἐθαύμασαν
1670 1155 1764 1206 καὶ

187 1262 344 1333 αὐτοὶ
365 1261 458 1312 τὸν
489 1260 660 1312 δεινὸν
681 1257 848 1310 τόπον
879 1257 1087 1308 ἐκεῖνον
1119 1252 1217 1305 τοῦ
1245 1248 1642 1319 δεσμωτηρίου,
1672 1246 1766 1297 καὶ

189 1351 362 1406 εἷπον·
392 1353 564 1414 Πόσος
590 1350 780 1421 χρόνος
804 1349 972 1412 ἐστὶν,
993 1347 1085 1415 ἀφ’
1104 1338 1167 1398 οὗ
1196 1342 1382 1398 ἐνθάδε
1409 1338 1764 1409 ὲδεσμεύθης,

188 1446 468 1507 δέσποτας
518 1443 575 1493 '0
612 1442 669 1494 δὲ
706 1438 857 1493 εἶπεν
877 1454 891 1467 ⁸
923 1437 1084 1507 Διετῆ
1114 1436 1305 1508 χρόνον
1336 1433 1566 1487 ἐνταῦθα
1594 1431 1766 1500 ἐπλη-

195 1534 451 1604 ρώσαμεν
486 1536 581 1586 καὶ
611 1534 886 1603 τέσσαρας
927 1533 1123 1601 μῆνας.
1159 1531 1220 1581 Οἱ
1271 1527 1328 1580 δὲ
1380 1525 1769 1595 ἠγανάκτησαν

193 1626 338 1679 κατὰ
367 1625 460 1678 τοῦ
494 1625 668 1688 πάπα,
694 1624 776 1676 ὃτι
810 1620 1066 1676 τοσοῦτον
1092 1620 1281 1690 χρόνον
1309 1619 1409 1671 οὐκ
1432 1618 1772 1685 ἐπεσκέψατο

194 1718 287 1769 τον
347 1716 632 1785 ἄνθρωπον
681 1714 775 1767 τοῦ
827 1712 983 1775 Θεοῦ,
1033 1712 1152 1764 οὐδὲ
1203 1709 1365 1763 πάλιν
1402 1707 1677 1777 ἠϐουλήθη
1712 1707 1774 1759 τὸ

197 1806 437 1871 ἀσφαλὲς
470 1806 597 1872 περ)⁵
626 1801 790 1856 αὑτοῦ
829 1801 1144 1872 ἐρευνῆσαι.
1187 1797 1597 1867 Ἢϐονλὴθησαν
1639 1797 1695 1849 δὲ
1724 1797 1773 1849 oi

199 1900 491 1951 ἐπίσκοποι
523 1871 615 1949 καὶ
640 1898 668 1948 ό
695 1897 1011 1967 Μαρκιανὸς
1038 1892 1264 1947 ἐκεάλαι
1288 1892 1449 1946 αὑτὸν
1473 1894 1536 1944 ὲκ
1558 1893 1660 1961 τῆς
1680 1909 1779 1959 φυ-
1810 1882 1849 1936 Β
1881 1875 1989 1929 “mi
2032 1871 2370 1967 adve'wfimo

199 1990 399 2058 λακῆς.
437 1989 497 2042 't)
527 1990 582 2041 δὲ
610 1990 711 2041 οὐκ
738 1988 997 2057 ἠνέσχετο
1025 1985 1117 2039 ὑπ’
1145 1983 1345 2047 αὐτῶν,
1374 1983 1487 2036 ἀλλ’
1514 1979 1666 2035 εἶπεν
1690 1983 1781 2035 αὐ·

199 2086 317 2145 τοῖς
341 2098 353 2110 ·
390 2083 534 2143 ’Ἕως
585 2075 647 2134 οὗ
685 2078 1064 2132 καταλάὸωσιν
1110 2078 1157 2129 οἱ
1189 2075 1484 2146 κατήγοροί
1531 2092 1654 2143 μου,
1689 2076 1781 2127 καὶ

205 2177 356 2247 ίδητε
384 2174 451 2228 τά
482 2174 600 2227 κατ’
632 2174 752 2242 ἐμὲ,
787 2173 904 2234 πῶς
940 2170 1162 2223 δυνατόν
1206 2171 1354 2222 ἐστιν
1388 2167 1645 2234 ἐξελθεῖν,
1679 2167 1781 2220 πά-

200 2254 290 2319 λιν
320 2266 376 2318 δὲ
408 2268 499 2319 καὶ
538 2265 667 2319 ἄνευ
699 2264 1004 2333 ἐπιτροπῆς
1032 2261 1128 2315 τοῦ
1161 2262 1358 2323 πάπα;

278 2361 354 2415 Ο¹.
395 2357 663 2426 Ἀπῆλθον
699 2356 757 2408 δὲ
789 2356 986 2417 πάντες
1014 2355 1093 2418 εἰς
1114 2352 1206 2407 τὸν
1233 2353 1441 2414 πάπαν,
1472 2351 1564 2405 καὶ
1594 2350 1781 2420 διηγή-

206 2466 341 2502 σατο
370 2446 519 2518 αὐτῷ
562 2450 590 2501 ό
622 2447 960 2517 Μαρκιανὸς,
994 2448 1055 2500 τὸ
1087 2446 1202 2509 πῶς
1243 2446 1405 2499 αὐτὸν
1436 2443 1783 2515 παραχρῆμα

210 2543 404 2594 ἰάσατο
446 2542 474 2591 ό
509 2541 795 2609 μακάριος,
835 2538 999 2593 αὺτοῦ
1035 2539 1108 2608 μὴ
1139 2538 1373 2601 είδότος’
1412 2537 1474 2589 τὸ
1519 2534 1635 2599 πῶς
1680 2536 1783 2587 ἁπ-

207 2632 370 2702 ῆλθεν
401 2635 457 2686 ἐν
484 2632 558 2702 τῷ
598 2632 957 2701 δεσμωτηρίῳ
987 2630 1385 2700 βασταζόμενος
1412 2631 1470 2681 ἐν
1496 2630 1563 2698 τῇ
1594 2628 1748 2698 κλίνῃ
1766 2642 1778 2655 ’

210 2724 304 2776 καὶ
345 2723 857 2791 προσκαλεσάμενος
886 2722 983 2775 ἕνα
1010 2722 1116 2774 τῶν
1140 2721 1440 2790 παιδαρίων
1478 2717 1666 2783 αὑτοῦ,
1693 2719 1782 2771 λέ-

212 2830 300 2878 γει
344 2811 492 2880 αὐτῷ
515 2828 529 2841 ο
566 2812 697 2863 Plini:
725 2810 785 2862 τὸ
814 2810 929 2873 πῶς
956 2812 1081 2879 ἐμοὶ
1104 2810 1358 2880 έξηγήσω
1392 2813 1519 2881 περί
1548 2810 1646 2877 τῆς
1684 2826 1783 2875 γυ-

210 2903 412 2965 ναικός.
449 2903 522 2954 Τὸ
551 2903 606 2955 δὲ
641 2903 924 2969 παιδάριον
950 2902 1245 2969 διηγήσατο
1288 2901 1346 2952 τὸ
1397 2902 1513 2963 πῶς
1540 2903 1721 2962 αὐτοῖς
1748 2902 1780 2970 ἡ

211 2990 369 3061 γυνὴ
403 2994 683 3060 ἐλάλησεν,
742 2994 837 3045 καὶ
892 2990 1268 3060 ἠκολούθησαν
1322 2993 1460 3062 αὐτῇ
1523 2992 1627 3053 ἓως
1690 2991 1783 3043 τοῦ

209 3085 614 3154 δεσμωτηρίου,
649 3083 743 3135 καὶ
772 3083 1037 3152 ἐπέθηκεν
1075 3082 1222 3152 αὐτῷ
1248 3083 1343 3145 τὰς
1376 3087 1564 3153 χεῖρας
1589 3100 1603 3112 ·
1636 3086 1731 3139 καὶ
1758 3084 1786 3133 ό

219 3178 293 3243 μὴ
328 3174 583 3237 ὑπνώσας
625 3174 783 3226 πέντε
817 3176 907 3226 καὶ
949 3174 1120 3226 εἴκοσι
1161 3174 1392 3243 ἡμέρας,
1436 3175 1715 3243 ἀπέφυγεν
1751 3179 1782 3245 ἡ

215 3266 413 3334 βαρεῖα
440 3265 611 3326 νόσος,
638 3267 703 3333 ἣν
736 3261 901 3334 εἶχεν.
937 3266 1046 3316 Καὶ
1068 3264 1240 3316 ταῦτα
1275 3265 1513 3328 ἀκούσας
1541 3269 1569 3319 ό
1603 3267 1786 3329 πάπας

214 3362 313 3406 καὶ
363 3358 419 3406 ὲν
472 3356 722 3407 ἐκστάσει
779 3355 1085 3423 γενόμενος,
1136 3355 1431 3407 συνέπεσεν
1475 3358 1541 3425 τῇ
1590 3358 1787 3427 καρδίᾳ

215 3444 459 3507 ἀκούσας
491 3447 557 3497 τὰ
585 3446 862 3514 παράδοξα
885 3446 952 3498 τὰ
981 3446 1129 3515 παρὰ
1162 3446 1256 3498 τοῦ
1287 3446 1478 3517 ἀνδρὸς
1500 3449 1786 3516 γενόμενα·

215 3539 371 3589 ’πᾶσα
408 3537 516 3606 γὰρ
545 3539 578 3605 ή
611 3536 762 3598 πόλις
793 3538 1008 3589 σέϐοντο
1035 3525 1204 3590 αὑτὸν
1228 3538 1301 3599 ὡς
1337 3540 1431 3590 ἕνα
1461 3538 1570 3590 τῶν
1602 3538 1790 3606 ἁγίων.

217 3626 380 3679 Κατὰ
416 3627 470 3677 δὲ
506 3627 604 3688 τὰς
640 3627 852 3697 ἡμέρας
885 3628 1095 3688 ὲκείνας
1135 3626 1381 3697 εἰσῆλθον
1409 3628 1540 3693 ξύλα
1585 3628 1671 3679 δια
1698 3627 1791 3679 τοῦ

219 3717 470 3783 ποταμοῦ
534 3718 621 3769 τὸν
680 3719 909 3787 ἀριθμὸν
964 3718 1096 3771 δέκα
1151 3720 1290 3773 πάνυ
1334 3721 1509 3790 ὡραῖα
1565 3720 1794 3789 σφόδρα,

218 3807 505 3875 ὀφείλοντα
535 3811 969 3877 άποκομισθῆναι
1020 3813 1107 3872 εἰς,
1125 3812 1251 3873 τοὺς
1279 3813 1471 3877 ἁγίους
1510 3814 1602 3864 καὶ
1632 3812 1793 3865 σεϐα-

220 3902 421 3969 σμίους
456 3902 637 3963 οἴκους
671 3903 776 3953 τῶν
805 3903 976 3968 ἁγίων
1009 3904 1103 3954 καὶ
1141 3904 1453 3972 κορυφαίων
1482 3903 1793 3956 ἀποστόλων

222 3992 434 4061 Πέτρου
459 3994 550 4045 καὶ
580 3992 811 4055 Παύλου.
850 3994 1101 4061 ’Λνῆλοον
1139 3995 1194 4047 δὲ
1228 3996 1296 4047 τὰ
1324 3995 1455 4060 ξύλα
1494 3996 1597 4058 ἓως
1632 3997 1795 4063 μέσον

217 4084 321 4136 τοῦ
352 4086 618 4154 ποταμοῦ,
649 4087 742 4137 καὶ
768 4086 1071 4156 ὲρρίζωσαν
1101 4090 1158 4139 ἐν
1185 4088 1264 4139 ἑνὶ
1288 4090 1457 4157 τόπῳ,
1486 4090 1579 4141 καὶ
1608 4090 1797 4158 ὥσπερ

216 4173 369 4235 τινος
398 4174 615 4243 σιδήρου
648 4176 679 4243 ἢ
715 4175 961 4243 μολίϐδου
1004 4177 1143 4228 αὐτὰ
1187 4177 1601 4246 έδραιὼσαντος.
1634 4180 1799 4248 ἐκρά-

218 4283 397 4335 τησαν
441 4266 546 4318 ἀπὸ
592 4266 684 4318 τοῦ
737 4267 934 4336 μέρους
964 4268 1174 4332 τούτου,
1210 4270 1299 4321 καὶ
1339 4270 1561 4329 ἓως-τοῦ
1598 4272 1798 4342 μέρους

219 4355 457 4415 ἐκείνου,
490 4357 627 4409 ὥστε
682 4358 755 4426 μὴ
800 4357 1057 4411 δύνασοαι
1108 4360 1176 4411 τὰ
1224 4360 1381 4412 πλοῖα
1430 4362 1795 4431 εἰσέρχεσθαι,

222 4450 366 4518 μήτε
405 4448 737 4518 ἐξέρχεσθαι,
767 4452 874 4503 Καὶ
917 4450 1093 4518 θλίψις
1122 4452 1291 4522 πολλὴ
1328 4448 1392 4521 ἦν
1420 4454 1477 4505 ἐν
1508 4458 1574 4523 τῇ
1612 4456 1795 4525 Ῥώμῃ

1857 600 2138 655 soluturus
2187 611 2275 651 me
2323 606 2505 661 esset,
2569 595 2686 650 sive
2744 594 3130 649 damnaturus.
3189 593 3436 663 Cum‘gue

1856 689 2099 759 episcopi
2136 687 2550 758 respondissem
2578 694 2765 753 optare
2808 701 2885 750 se,
2940 693 3001 738 ut
3039 684 3091 737 in
3117 684 3308 751 judicii
3347 684 3437 739 die

1864 793 2077 848 parem,
2135 788 2298 846 atque
2328 777 2475 845 ipse,
2520 772 2846 828 sententiam
2887 772 3157 838 subirent,
3195 774 3281 827 hic
3305 788 3437 827 eon-

1860 881 1941 927 tra
1972 878 2237 939 rogasset,
2277 875 2339 922 ut
2368 866 2473 922 sibi
2551 866 2756 919 homini
2794 866 3027 920 scelesto
3073 865 3433 934 ignoscerent,

1862 977 1972 1016 una
2012 975 2205 1014 omnes
2257 958 2651 1014 consederunt.
2706 954 2843 1009 Tum
2888 956 2997 1014 illi.
3038 954 3278 1010 carceris
3319 955 3438 1023 ejus

1864 1054 2119 1128 squalore
2134 1067 2243 1107 non
2268 1064 2461 1119 parum
2484 1046 2766 1109 commoti,
2791 1047 3202 1114 interregaruut
3224 1085 3238 1107 ,
3267 1060 3441 1113 quan-

1865 1144 1960 1198 diu
1996 1143 2196 1197 ibidem
2233 1140 2288 1193 in
2327 1138 2561 1193 vinculis
2601 1137 2834 1191 fuisset?
2869 1136 3070 1205 quibus
3100 1134 3395 1203 Gregorius
3420 1174 3437 1199 ,

1876 1231 2187 1292 Biennium,
2220 1228 2418 1297 inquit,
2453 1234 2507 1280 et
2537 1240 2756 1279 menses
2798 1233 3035 1293 quatuor
3069 1222 3158 1276 hic
3200 1222 3443 1290 implevi-

1868 1340 2010 1380 mus.
2051 1322 2131 1375 Illi
2169 1337 2298 1375 vero
2342 1319 2637 1387 indignari,
2675 1318 2821 1386 quod
2877 1316 3122 1384 pontifex
3168 1320 3438 1368 maximus

1866 1426 1979 1473 tam
2014 1415 2162 1483 pium
2194 1413 2470 1467 hominem
2498 1410 2685 1463 tandiu
2723 1408 3070 1475 neglexisset,
3103 1422 3202 1459 nec
3231 1408 3298 1460 de
3323 1421 3445 1475 per-

1871 1505 2166 1563 scrutanda
2197 1505 2426 1558 veritate
2453 1500 2752 1570 quidquam
2776 1496 3247 1553 laborasset.Cum
3260 1507 3443 1551 autem

1871 1606 1927 1652 et
1950 1597 2187 1666 episcopi
2214 1604 2266 1649 et
2294 1593 2601 1647 Marcianus
2654 1591 2831 1659 ipsum
2891 1604 2921 1641 e
2965 1602 3186 1642 carcere
3216 1590 3449 1642 educere

1876 1690 2220 1752 statuissent,
2256 1700 2363 1739 non
2398 1683 2517 1736 tulit
2556 1682 2668 1749 (84)
2691 1680 3006 1749 Gregorius,
3035 1694 3236 1748 eosque
3256 1678 3336 1733 sic
3368 1678 3448 1731 al-

1875 1784 2094 1838 locutus
2128 1791 2213 1833 est
2246 1796 2260 1832 :
2290 1778 2429 1831 Num
2472 1791 2567 1844 par
2595 1783 2701 1840 est,
2754 1782 3047 1841 antequam
3099 1781 3449 1824 accusatores

2421 1879 2475 1929 et
2503 1881 2670 1922 causa
2714 1863 2873 1919 vobis
2929 1878 3045 1917 mea
3101 1861 3315 1931 cognita
3357 1862 3449 1921 sit.

1882 1980 1969 2020 me
1998 1966 2125 2020 hinc
2159 1964 2331 2027 exire,
2368 1958 2667 2029 praesertim
2720 1970 2845 2011 cum
2899 1953 3175 2025 pontificis
3224 1952 3449 2007 maximi

1882 2056 2152 2128 permissu
2179 2068 2395 2109 caream
2420 2050 2443 2103 τ

1955 2340 2224 2417 [Lxxxvn]
2257 2338 2421 2395 LXX.
2470 2337 2674 2395 Omnes
2724 2336 2890 2407 igitur
2930 2334 3240 2405 pontificem
3282 2334 3455 2389 maxi-

1886 2452 2035 2491 mum
2067 2434 2322 2489 adierunt
2355 2450 2366 2484 :
2399 2432 2486 2486 cui
2521 2428 2833 2483 Marcianus
2860 2427 3134 2496 exposuit,
3162 2441 3272 2495 quo
3298 2435 3457 2495 pacto

1888 2528 2004 2597 ipse
2035 2540 2064 2579 a
2098 2524 2258 2578 beato
2290 2522 2427 2585 viro,
2460 2535 2583 2575 cum
2627 2519 2763 2573 nihil
2800 2527 3007 2582 nosset,
3048 2518 3323 2585 extemplo
3368 2533 3459 2571 sa-

1887 2630 2048 2675 natus
2076 2626 2221 2672 esset
2253 2634 2265 2669 :
2298 2624 2468 2683 utque
2512 2613 2565 2665 in
2599 2624 2872 2666 carcerem
2910 2625 3011 2662 suo
3035 2609 3088 2661 in
3132 2608 3331 2661 lectulo
3359 2607 3457 2661 de-

1887 2713 2029 2765 latus
2070 2710 2325 2762 venisset.
2389 2704 2700 2771 Vocatoque
2748 2716 2855 2755 uno
2894 2717 2925 2754 e
2974 2700 3166 2763 servis,
3234 2714 3460 2753 narrare

1886 2802 2072 2873 jussit,
2102 2815 2222 2868 qua:
2245 2797 2345 2866 ipsi
2377 2797 2443 2850 de
2472 2795 2701 2849 muliere
2730 2792 3006 2847 retulerat.
3043 2792 3145 2857 Qui
3185 2792 3459 2860 exposuit,

1889 2890 2167 2962 quomodo
2192 2902 2287 2941 eos
2312 2886 2508 2939 mulier
2536 2885 2769 2937 allocuta
2789 2890 2958 2946 esset,
2981 2896 3212 2949 eamque
3242 2881 3341 2947 ipsi
3372 2896 3463 2935 us-

1890 2997 1995 3051 que
2032 2980 2096 3033 ad
2124 2992 2397 3033 carcerem
2427 2987 2613 3029 essent
2643 2973 2815 3027 secuti
2857 2990 2870 3025 :
2918 2981 3084 3039 utque
3120 2971 3373 3024 manibus
3403 2973 3451 3024 ei

1891 3090 1920 3127 a
1957 3073 2116 3126 beato
2148 3070 2265 3124 viro
2305 3067 2595 3137 impositis,
2618 3074 2742 3135 post
2766 3065 2955 3133 viginti
2989 3064 3229 3133 quinque
3251 3065 3461 3118 dierum

1893 3167 2128 3236 vigiliam
2160 3204 2176 3228 ,
2229 3164 2411 3234 gravis
2461 3162 2552 3216 ille
2583 3202 2598 3228 ,
2650 3176 2761 3229 quo
2816 3161 3184 3229 premebatur,
3236 3160 3465 3213 morbus

1894 3260 2230 3314 Marcianum
2280 3255 2610 3324 reliquisset.
2643 3255 2713 3304 At
2768 3250 3011 3321 pontifex
3060 3252 3331 3305 maximus
3379 3252 3464 3305 his

1892 3353 2096 3406 auditis
2116 3348 2528 3417 obstupefactus
2570 3347 2758 3399 animo
2809 3346 3070 3407 concidit,
3117 3354 3262 3399 tanta
3317 3346 3466 3399 scili-

1892 3453 1978 3499 cet
2018 3442 2266 3512 prodigia
2311 3449 2574 3509 reputans
2613 3453 2641 3490 a
2676 3436 2795 3490 viro
2825 3447 3056 3505 patrata,
3102 3438 3173 3490 ob
3199 3454 3321 3506 qua:
3348 3438 3462 3506 jam

1894 3538 2024 3591 urbs
2055 3546 2168 3590 tota
2209 3534 2263 3587 in
2298 3541 2611 3587 sanctorum
2646 3530 2884 3583 virorum
2925 3545 3154 3583 nurnero
3199 3545 3323 3583 eum
3369 3532 3465 3583 ha-

1894 3630 2077 3683 bebat.
2125 3626 2228 3680 Per
2258 3640 2352 3678 eos
2393 3633 2571 3677 autem
2626 3623 2743 3676 dics
2788 3621 3010 3675 ﬂumine
3062 3622 3295 3675 advecta:
3338 3632 3468 3675 sunt

1895 3721 2080 3774 trabes
2142 3733 2369 3771 numero
2410 3718 2594 3770 decem
2656 3715 3019 3783 pulcherrima
3084 3717 3261 3782 specie
3312 3716 3463 3785 (85),

1895 3825 2017 3880 qua
2057 3808 2351 3862 inferendae
2380 3815 2535 3859 erant
2571 3806 2623 3857 in
2654 3810 2958 3858 veneranda
3015 3807 3211 3874 templa
3253 3817 3468 3860 sancto-

1896 3918 2017 3956 rum
2076 3901 2382 3969 principum
2436 3897 2807 3965 apostolorum
2858 3894 3001 3949 Petri
3045 3909 3099 3949 et
3150 3898 3321 3950 l'auli.
3377 3899 3468 3951 ΙΙέιι

1898 3992 2082 4046 trabes
2107 4007 2229 4043 cum
2264 3988 2499 4042 medium
2533 3988 2632 4040 iter
2656 3987 2746 4039 diu
2778 3988 3107 4049 tenuissent,
3141 3990 3375 4057 quodam
3413 3992 3466 4043 in

1899 4085 2019 4138 loco
2054 4083 2347 4145 haeserunt,
2408 4096 2470 4133 ac
2513 4081 2658 4132 velut
2696 4079 2842 4132 ferro
2893 4088 2987 4131 aut
3034 4080 3255 4147 plumbo
3292 4084 3467 4150 depri-

1901 4190 2195 4238 mereutur,
2237 4177 2365 4230 hinc
2394 4174 2518 4229 inde
2557 4175 2728 4243 ripam
2783 4186 3069 4244 utramque
3105 4186 3345 4237 tenuere,
3387 4190 3464 4241 ut,

1900 4269 2048 4323 aditu
2082 4269 2399 4329 intercluso,
2449 4282 2622 4334 neque
2650 4267 2855 4335 ingredi
2885 4282 3062 4335 neque
3093 4269 3273 4335 egredi
3313 4272 3465 4321 navi-

1900 4362 1984 4432 gia
2014 4370 2257 4430 possent.
2308 4358 2479 4427 Cujus
2508 4358 2581 4409 rei
2607 4374 2771 4411 causa
2817 4372 2921 4409 non
2956 4358 3247 4411 mediocris
3285 4360 3471 4421 nonne

1902 4452 2276 4508 consternatio
2300 4460 2435 4505 erat.
2480 4449 2612 4501 Nam
2652 4463 2795 4515 sirpe
2817 4449 3036 4515 quidem
3074 4451 3473 4517 supplicatione

219 4538 413 4590 ἕνεκεν
439 4539 659 4590 τούτουθ
688 4540 948 4604 πολλάκις
974 4542 1078 4611 γὰρ
1111 4542 1378 4610 κατῆλθον
1405 4542 1519 4611 ἅμα
1546 4544 1621 4612 τῴ
1643 4546 1798 4615 ’κάπιτα⁴
1835 4568 1875 4621 ο

1835 4568 1875 4621 ο
1904 4545 2148 4597 instituta
2189 4558 2309 4594 iniu
2354 4541 2605 4609 pontiﬁce
2640 4540 2878 4590 maximo
2934 4553 3339 4606 processerant,
3375 4545 3468 4595 sed

221 4630 368 4700 μετὰ
393 4630 566 4698 λιτῆς,
603 4632 696 4684 καὶ
732 4633 831 4683 οὐκ
866 4632 1092 4701 ἴσχυσαν
1120 4635 1338 4702 κινῆσαι
1378 4636 1538 4689 αὐτά.
1574 4637 1797 4705 Ἔλεγον

214 4723 280 4774 δὲ
322 4722 371 4773 οἱ
402 4723 513 4789 τῆς
540 4723 766 4785 πόλεως,
803 4723 968 4775 Δεῦτε
1008 4725 1482 4793 παρακαλέσωμεν
1512 4725 1603 4777 τὸν
1632 4726 1798 4794 ἄνδρα

214 4812 411 4867 τοῦτον
438 4814 527 4864 τὸν
549 4814 777 4878 δίκαιον,
814 4814 899 4866 ἵνα
922 4814 1010 4867 διά
1034 4814 1133 4883 τῆς
1167 4816 1331 4885 εὐχῆς
1364 4816 1529 4868 αὑτοῦ
1557 4816 1797 4886 δυνηθῶ-

297 4991 408 5057 (84)
442 4989 575 5060 Cod.
608 4989 663 5052 2,
699 4993 727 5042 ὁ
758 4991 812 5041 δὲ
836 4992 934 5042 οὐκ
964 4991 1227 5060 ἐϐουλήθη
1249 4992 1337 5043 ὑπ’
1366 4992 1565 5045 αὐτῶν.

298 5060 411 5133 (85ξ
444 5059 717 5133 Quidquid
751 5062 817 5112 de
847 5062 1080 5113 trabium
1120 5059 1312 5115 harum
1357 5065 1621 5133 prodigio,
1656 5066 1798 5132 quod

216 5132 367 5185 intra
397 5131 655 5182 Leontius
688 5141 891 5193 narrat,
928 5133 1271 5185 sentiendum
1304 5135 1391 5195 sit,
1420 5131 1682 5188 aduolare
1714 5138 1799 5189 hic

219 5204 399 5272 juvat,
426 5201 757 5272 mentionem
793 5201 858 5253 de
904 5201 986 5251 his
1020 5216 1144 5255 esse
1175 5203 1226 5254 in
1276 5204 1519 5267 epistulis
1548 5203 1797 5272 Gregorii

253 5272 428 5339 lagni.
471 5269 557 5322 Sic
588 5273 729 5322 enim
781 5273 845 5322 ad
884 5272 1118 5335 Arogem
1160 5274 1349 5325 ducem
1390 5269 1799 5327 Beneventano-

217 5357 349 5393 rum
379 5340 599 5406 scripsit
634 5339 750 5405 (lib.
786 5355 883 5403 xu,
917 5342 1075 5407 epist.
1116 5340 1243 5408 ‘21):
1284 5341 1589 5394 Indicanth
1622 5356 1798 5397 autem

216 5419 439 5481 propter
474 5408 737 5481 Ecclesias
763 5412 1027 5461 beatorum
1060 5408 1205 5463 Petri
1229 5424 1277 5463 et
1315 5412 1470 5464 l’nnli
1496 5414 1798 5481 aliquantus

218 5480 377 5531 probis
408 5479 579 5531 trabes
608 5481 931 5531 necessarias
960 5497 1068 5533 csse
1088 5497 1105 5532 :
1138 5492 1183 5533 et
1219 5483 1333 5534 ideo
1364 5483 1558 5535 Suvino
1584 5479 1800 5536 subdia-

219 5566 361 5602 cono
400 5559 579 5601 nostro
608 5550 939 5617 injunxinms
980 5551 1042 5602 dc
1089 5552 1329 5618 partibus
1354 5553 1660 5605 lirnliornm
1697 5556 1800 5607 nli-

216 5632 456 5689 quanlas
486 5620 733 5678 incidere,
760 5631 806 5671 et
839 5636 1013 5689 usque
1037 5624 1104 5672 ad
1136 5638 1279 5673 mare
1322 5624 1375 5673 in
1411 5626 1581 5674 locum
1622 5634 1802 5688 aptum

221 5688 440 5743 trahere
476 5690 677 5760 debeat:
715 5689 949 5760 littt‘suiu
976 5688 1225 5757 (ἐι-ερον·ἰο
1257 5694 1468 5744 cuidam
1495 5694 1805 5760 ca'pra’fecto

222 5762 389 5825 (ibid.
415 5760 571 5826 epist.
605 5756 733 5827 29.):
768 5758 833 5811 Et
861 5760 975 5812 ideo
1004 5764 1129 5827 quia
1156 5761 1208 5813 in
1245 5765 1512 5828 pra'dirtis
1557 5756 1805 5816 Ecriesiis

225 5830 411 5882 traln‘s
442 5830 654 5883 omnino
690 5844 808 5883 sum
862 5832 1190 5890 necessaria'.
1233 5841 1388 5901 atque
1439 5834 1632 5886 Setino
1681 5835 1806 5886 sub-

1902 4636 2081 4688 trahes
2108 4648 2451 4687 commovere
2482 4647 2585 4683 nou
2619 4639 2928 4698 ponit-rant.
2974 4630 3205 4683 Aichant
3233 4647 3363 4685 vero
3395 4634 3471 4685 ri-

1901 4723 2253 4789 vcsanidui
2288 4723 2617 4775 advocemus
2659 4722 2836 4774 virmn
2879 4721 3020 4774 hunc
3054 4722 3285 4789 justum,
3324 4726 3471 4778 utad

1901 4819 2021 4887 ejus
2048 4832 2237 4886 preces
2275 4814 2537 4869 dimoveri
2567 4816 2744 4867 trahes
2784 4815 2900 4867 istae
2936 4816 3147 4881 possint
3174 4816 3197 4867 ?
3226 4814 3336 4868 Nec
3368 4818 3467 4869 mi-

1899 4999 2151 5060 diacono,
2176 5003 2231 5047 ut
2263 4996 2474 5066 interim
2503 5011 2662 5063 usque
2688 4994 2756 5047 ad
2780 4996 2962 5061 viginti
2988 4996 3215 5049 incidere
3243 4998 3472 5066 festinet,

1898 5079 1945 5120 et
1980 5067 2047 5118 ad
2088 5081 2231 5117 mare
2268 5065 2471 5117 trahere
2503 5067 2701 5127 debeat,
2733 5066 3102 5133 injunrimus;
3134 5065 3352 5130 paterno
3387 5085 3477 5119 sa-

1902 5140 2130 5190 lutantes
2161 5136 2355 5202 affectu
2393 5138 2637 5200 petimus,
2684 5146 2738 5185 ut
2780 5137 2949 5202 gloria
2979 5149 3148 5189 vestra
3179 5138 3242 5193 de
3271 5154 3477 5201 posses-

1900 5209 2154 5263 sionibus.
2183 5222 2312 5272 mtas
2342 5207 2451 5257 illic
2487 5207 2536 5257 in
2571 5204 2941 5271 emphgmtsim
2984 5207 3163 5266 Imber,
3200 5208 3299 5260 hac
3340 5209 3392 5258 in
3421 5224 3476 5259 re

1900 5278 2133 5328 homines
2162 5292 2277 5327 cum
2314 5274 2474 5327 bobus
2509 5278 2617 5327 suis
2646 5276 2805 5343 faciat
2856 5276 3084 5342 prwbere
3117 5278 3333 5330 solatia.
3370 5278 3474 5329 Dc-

1902 5362 2049 5415 tnnm
2085 5354 2137 5397 et
2180 5361 2209 5397 a
2243 5343 2519 5415 Stephano
2562 5348 2815 5412 episcopo
2840 5348 3089 5399 eamdem
3136 5363 3293 5415 opem
3344 5350 3477 5414 petit

1902 5414 2054 5483 (iliid.
2090 5416 2249 5483 epist.
2274 5414 2365 5471 9.5)
2391 5436 2401 5466 :
2432 5416 2710 5466 enimvero
2741 5426 2848 5467 tres
2881 5416 2960 5468 ha:
2986 5414 3228 5482 epistola:
3258 5418 3309 5469 in
3338 5418 3477 5469 libro

1902 5486 2226 5537 duodecimo
2265 5487 2559 5551 leguntur.
2607 5485 2699 5548 qui
2749 5483 2961 5551 prafert
3014 5487 3367 5539 indietionem
3418 5487 3475 5551 5,

1903 5566 2065 5622 atque
2100 5556 2234 5608 adeo
2276 5556 2339 5606 ad
2381 5570 2582 5606 annum
2615 5552 2930 5623 Gregoriani
2964 5557 3311 5622 pontiﬁcatus
3342 5557 3479 5609 duo-

1904 5626 2174 5678 decimum
2228 5632 2475 5691 spectare
2530 5626 2816 5677 videntur:
2878 5627 2969 5678 sed
3033 5637 3211 5680 tamen
3271 5628 3476 5679 nullam

1910 5696 2111 5748 habent
2146 5695 2401 5765 temporis
2444 5694 2600 5765 illius
2637 5708 2858 5747 notam:
2896 5703 2973 5758 ut,
3013 5697 3475 5765 quemadmodum

1912 5775 1989 5816 tot
2022 5766 2140 5817 aliae
2166 5781 2193 5816 a
2224 5763 2487 5817 M.tlll‘it|i§
2528 5766 2650 5818 loco
2683 5774 2841 5817 moue
2870 5763 3131 5829 sunt,_sic
3166 5770 3283 5824 istm
3313 5768 3477 5822 etiam

1912 5835 1967 5888 in
1999 5850 2199 5888 annum
2224 5836 2257 5887 2
2290 5834 2677 5889 transferenda:
2716 5835 3017 5890 videantur.
