  <div class='ocr_page' id='page_1' title='image "/cluster/home/n/w/nwhite01/storage/ocr_20150623/98/nnc1.0046979697/348.png"; bbox 0 0 4226 6444; ppageno 0'>
   <div class='ocr_carea' id='block_1_1' title="bbox 210 448 307 516">
    <p class='ocr_par' dir='ltr' id='par_1_1' title="bbox 210 448 307 516">
     <span class='ocr_line' id='line_1_1' title="bbox 210 448 307 516; baseline -0.021 0"><span class='ocrx_word' id='word_1_1' title='bbox 210 448 307 516; x_wconf 82' lang='lat'><strong>681</strong></span> 
     </span>
    </p>
   </div>
   <div class='ocr_carea' id='block_1_2' title="bbox 1201 425 2447 499">
    <p class='ocr_par' dir='ltr' id='par_1_2' title="bbox 1201 425 2447 499">
     <span class='ocr_line' id='line_1_2' title="bbox 1201 425 2447 499; baseline -0.014 0"><span class='ocrx_word' id='word_1_2' title='bbox 1201 442 1263 499; x_wconf 88' lang='lat' dir='ltr'><strong>S.</strong></span> <span class='ocrx_word' id='word_1_3' title='bbox 1301 436 1673 499; x_wconf 65' lang='lat' dir='ltr'><strong>GREGOIIII</strong></span> <span class='ocrx_word' id='word_1_4' title='bbox 1718 426 2223 491; x_wconf 66' lang='lat' dir='ltr'><strong>AGRIGENTINI</strong></span> <span class='ocrx_word' id='word_1_5' title='bbox 2252 425 2447 487; x_wconf 79' lang='lat' dir='ltr'><strong>VITA.</strong></span> 
     </span>
    </p>
   </div>
   <div class='ocr_carea' id='block_1_3' title="bbox 3355 414 3461 477">
    <p class='ocr_par' dir='ltr' id='par_1_3' title="bbox 3355 414 3461 477">
     <span class='ocr_line' id='line_1_3' title="bbox 3355 414 3461 477; baseline -0.019 0"><span class='ocrx_word' id='word_1_6' title='bbox 3355 414 3461 477; x_wconf 70' lang='lat'><strong>€82</strong></span> 
     </span>
    </p>
   </div>
   <div class='ocr_carea' id='block_1_4' title="bbox 210 525 1851 632">
    <p class='ocr_par' dir='ltr' id='par_1_4' title="bbox 210 543 1851 632">
     <span class='ocr_line' id='line_1_4' title="bbox 210 543 1851 632; baseline -0.016 -14"><span class='ocrx_word' id='word_1_7' title='bbox 210 562 358 632; x_wconf 68' lang='grc' dir='ltr'><strong>’Δρά</strong></span> <span class='ocrx_word' id='word_1_8' title='bbox 383 579 466 629; x_wconf 88' lang='grc' dir='ltr'><strong>γε,</strong></span> <span class='ocrx_word' id='word_1_9' title='bbox 485 559 667 628; x_wconf 88' lang='grc' dir='ltr'>γύναι,</span> <span class='ocrx_word' id='word_1_10' title='bbox 687 556 978 610; x_wconf 86' lang='grc' dir='ltr'>ἐπίστασαι</span> <span class='ocrx_word' id='word_1_11' title='bbox 1008 552 1095 603; x_wconf 61' lang='grc' dir='ltr'><strong>τον</strong></span> <span class='ocrx_word' id='word_1_12' title='bbox 1126 550 1427 602; x_wconf 80' lang='grc' dir='ltr'>ἐπίσκοπον</span> <span class='ocrx_word' id='word_1_13' title='bbox 1453 548 1549 615; x_wconf 75' lang='grc' dir='ltr'>τῆς</span> <span class='ocrx_word' id='word_1_14' title='bbox 1579 543 1784 605; x_wconf 81' lang='grc' dir='ltr'>πόλεώς</span> <span class='ocrx_word' id='word_1_15' title='bbox 1816 545 1851 601; x_wconf 75' lang='grc' dir='ltr'>Α</span> 
     </span>
    </p>
   </div>
   <div class='ocr_carea' id='block_1_5' title="bbox 1925 525 3458 632">
    <p class='ocr_par' dir='ltr' id='par_1_5' title="bbox 1933 525 3458 603">
     <span class='ocr_line' id='line_1_5' title="bbox 1933 525 3458 603; baseline -0.009 -13"><span class='ocrx_word' id='word_1_16' title='bbox 1933 538 2042 592; x_wconf 80' lang='lat' dir='ltr'><strong>rbis</strong></span> <span class='ocrx_word' id='word_1_17' title='bbox 2094 547 2199 590; x_wconf 70' lang='lat' dir='ltr'><strong>tua:</strong></span> <span class='ocrx_word' id='word_1_18' title='bbox 2255 536 2574 603; x_wconf 77' lang='lat' dir='ltr'><strong>episcopum</strong></span> <span class='ocrx_word' id='word_1_19' title='bbox 2610 530 2793 585; x_wconf 83' lang='lat' dir='ltr'><strong>nosti?</strong></span> <span class='ocrx_word' id='word_1_20' title='bbox 2841 526 2937 580; x_wconf 82' lang='lat' dir='ltr'><strong>Cui</strong></span> <span class='ocrx_word' id='word_1_21' title='bbox 2988 525 3073 578; x_wconf 87' lang='lat' dir='ltr'><strong>illa</strong></span> <span class='ocrx_word' id='word_1_22' title='bbox 3128 544 3139 577; x_wconf 91' lang='lat'><strong>:</strong></span> <span class='ocrx_word' id='word_1_23' title='bbox 3189 525 3458 587; x_wconf 80' lang='lat' dir='ltr'><strong>Profecto,</strong></span> 
     </span>
    </p>
   </div>
   <div class='ocr_carea' id='block_1_6' title="bbox 214 637 1782 721">
    <p class='ocr_par' dir='ltr' id='par_1_6' title="bbox 214 637 1782 721">
     <span class='ocr_line' id='line_1_6' title="bbox 214 637 1782 721; baseline -0.014 -13"><span class='ocrx_word' id='word_1_24' title='bbox 214 674 351 721; x_wconf 89' lang='grc' dir='ltr'>σου;</span> <span class='ocrx_word' id='word_1_25' title='bbox 389 656 549 721; x_wconf 85' lang='grc' dir='ltr'>Λέγει</span> <span class='ocrx_word' id='word_1_26' title='bbox 584 650 732 719; x_wconf 81' lang='grc' dir='ltr'>αὐτῷ</span> <span class='ocrx_word' id='word_1_27' title='bbox 771 650 804 718; x_wconf 88' lang='grc' dir='ltr'><strong>ή</strong></span> <span class='ocrx_word' id='word_1_28' title='bbox 840 648 979 716; x_wconf 84' lang='grc' dir='ltr'><strong>κόρη</strong></span> <span class='ocrx_word' id='word_1_29' title='bbox 1006 661 1018 674; x_wconf 69' lang='grc'><strong><em>⁸</em></strong></span> <span class='ocrx_word' id='word_1_30' title='bbox 1061 643 1190 705; x_wconf 80' lang='grc' dir='ltr'>Ναὶ,</span> <span class='ocrx_word' id='word_1_31' title='bbox 1222 640 1478 702; x_wconf 82' lang='grc' dir='ltr'><strong>δέσποτα,</strong></span> <span class='ocrx_word' id='word_1_32' title='bbox 1507 639 1599 690; x_wconf 75' lang='grc' dir='ltr'><strong>καὶ</strong></span> <span class='ocrx_word' id='word_1_33' title='bbox 1643 637 1782 690; x_wconf 85' lang='grc' dir='ltr'>πάνυ</span> 
     </span>
    </p>
   </div>
   <div class='ocr_carea' id='block_1_7' title="bbox 212 730 1785 812">
    <p class='ocr_par' dir='ltr' id='par_1_7' title="bbox 212 730 1785 812">
     <span class='ocr_line' id='line_1_7' title="bbox 212 730 1785 812; baseline -0.014 -11"><span class='ocrx_word' id='word_1_34' title='bbox 212 747 377 803; x_wconf 72' lang='grc' dir='ltr'>αὑτὸν</span> <span class='ocrx_word' id='word_1_35' title='bbox 406 744 705 812; x_wconf 88' lang='grc' dir='ltr'>ἐπίσταμαι</span> <span class='ocrx_word' id='word_1_36' title='bbox 731 757 743 770; x_wconf 90' lang='grc'><strong>·</strong></span> <span class='ocrx_word' id='word_1_37' title='bbox 774 739 1039 800; x_wconf 83' lang='grc' dir='ltr'><strong>πολλάκις</strong></span> <span class='ocrx_word' id='word_1_38' title='bbox 1065 735 1173 803; x_wconf 83' lang='grc' dir='ltr'>γὰρ</span> <span class='ocrx_word' id='word_1_39' title='bbox 1203 732 1474 803; x_wconf 74' lang='grc' dir='ltr'><strong>ἐθεώρουν</strong></span> <span class='ocrx_word' id='word_1_40' title='bbox 1508 730 1669 783; x_wconf 74' lang='grc' dir='ltr'>αὑτὸν</span> <span class='ocrx_word' id='word_1_41' title='bbox 1705 730 1785 781; x_wconf 89' lang='grc' dir='ltr'>δι-</span> 
     </span>
    </p>
   </div>
   <div class='ocr_carea' id='block_1_8' title="bbox 213 820 1787 911">
    <p class='ocr_par' dir='ltr' id='par_1_8' title="bbox 213 820 1787 911">
     <span class='ocr_line' id='line_1_8' title="bbox 213 820 1787 911; baseline -0.013 -19"><span class='ocrx_word' id='word_1_42' title='bbox 213 838 509 911; x_wconf 81' lang='grc' dir='ltr'>ερχόμενον</span> <span class='ocrx_word' id='word_1_43' title='bbox 539 835 633 887; x_wconf 75' lang='grc' dir='ltr'><strong>καὶ</strong></span> <span class='ocrx_word' id='word_1_44' title='bbox 658 832 1124 899; x_wconf 77' lang='grc' dir='ltr'><strong>ἐπισκεπτόμενον</strong></span> <span class='ocrx_word' id='word_1_45' title='bbox 1147 825 1354 887; x_wconf 82' lang='grc' dir='ltr'><strong>πάντας</strong></span> <span class='ocrx_word' id='word_1_46' title='bbox 1380 824 1506 884; x_wconf 83' lang='grc' dir='ltr'>τοὺς</span> <span class='ocrx_word' id='word_1_47' title='bbox 1539 820 1787 890; x_wconf 79' lang='grc' dir='ltr'>πτωχοὺς</span> 
     </span>
    </p>
   </div>
   <div class='ocr_carea' id='block_1_9' title="bbox 1887 616 3460 696">
    <p class='ocr_par' dir='ltr' id='par_1_9' title="bbox 1887 616 3460 696">
     <span class='ocr_line' id='line_1_9' title="bbox 1887 616 3460 696; baseline -0.011 -11"><span class='ocrx_word' id='word_1_48' title='bbox 1887 630 2128 690; x_wconf 89' lang='lat' dir='ltr'><strong>domine,</strong></span> <span class='ocrx_word' id='word_1_49' title='bbox 2167 626 2335 696; x_wconf 84' lang='lat' dir='ltr'><strong>probe</strong></span> <span class='ocrx_word' id='word_1_50' title='bbox 2368 624 2520 677; x_wconf 89' lang='lat' dir='ltr'><strong>illum</strong></span> <span class='ocrx_word' id='word_1_51' title='bbox 2558 620 2690 693; x_wconf 73' lang='lat' dir='ltr'><strong>[xei]</strong></span> <span class='ocrx_word' id='word_1_52' title='bbox 2725 620 2847 673; x_wconf 90' lang='lat' dir='ltr'><strong>novi</strong></span> <span class='ocrx_word' id='word_1_53' title='bbox 2886 637 2895 670; x_wconf 93' lang='lat'>:</span> <span class='ocrx_word' id='word_1_54' title='bbox 2931 632 3071 685; x_wconf 66' lang='lat' dir='ltr'><strong>saepe</strong></span> <span class='ocrx_word' id='word_1_55' title='bbox 3103 616 3247 668; x_wconf 87' lang='lat' dir='ltr'><strong>enim</strong></span> <span class='ocrx_word' id='word_1_56' title='bbox 3285 616 3460 683; x_wconf 59' lang='lat' dir='ltr'><strong>ipsum</strong></span> 
     </span>
    </p>
   </div>
   <div class='ocr_carea' id='block_1_10' title="bbox 1889 707 3465 783">
    <p class='ocr_par' dir='ltr' id='par_1_10' title="bbox 1889 707 3465 783">
     <span class='ocr_line' id='line_1_10' title="bbox 1889 707 3465 783; baseline -0.01 -10"><span class='ocrx_word' id='word_1_57' title='bbox 1889 720 2155 783; x_wconf 84' lang='lat' dir='ltr'><strong>videbam,</strong></span> <span class='ocrx_word' id='word_1_58' title='bbox 2193 731 2318 772; x_wconf 89' lang='lat' dir='ltr'><strong>cum</strong></span> <span class='ocrx_word' id='word_1_59' title='bbox 2366 716 2553 769; x_wconf 86' lang='lat' dir='ltr'><strong>urbem</strong></span> <span class='ocrx_word' id='word_1_60' title='bbox 2594 713 2789 775; x_wconf 87' lang='lat' dir='ltr'><strong>obiret,</strong></span> <span class='ocrx_word' id='word_1_61' title='bbox 2844 720 2896 762; x_wconf 89' lang='lat' dir='ltr'><strong>et</strong></span> <span class='ocrx_word' id='word_1_62' title='bbox 2931 724 3121 763; x_wconf 88' lang='lat' dir='ltr'><strong>omnes</strong></span> <span class='ocrx_word' id='word_1_63' title='bbox 3151 707 3303 759; x_wconf 86' lang='lat' dir='ltr'><strong>urbis</strong></span> <span class='ocrx_word' id='word_1_64' title='bbox 3339 721 3465 774; x_wconf 76' lang='lat' dir='ltr'><strong>ege-</strong></span> 
     </span>
    </p>
   </div>
   <div class='ocr_carea' id='block_1_11' title="bbox 1892 800 3468 874">
    <p class='ocr_par' dir='ltr' id='par_1_11' title="bbox 1892 800 3468 874">
     <span class='ocr_line' id='line_1_11' title="bbox 1892 800 3468 874; baseline -0.011 -7"><span class='ocrx_word' id='word_1_65' title='bbox 1892 829 1992 869; x_wconf 91' lang='lat' dir='ltr'><strong>nos</strong></span> <span class='ocrx_word' id='word_1_66' title='bbox 2032 811 2309 871; x_wconf 81' lang='lat' dir='ltr'><strong>inviseret,</strong></span> <span class='ocrx_word' id='word_1_67' title='bbox 2343 823 2404 862; x_wconf 91' lang='lat' dir='ltr'><strong>ac</strong></span> <span class='ocrx_word' id='word_1_68' title='bbox 2433 807 2609 861; x_wconf 82' lang='lat' dir='ltr'><strong>viduis</strong></span> <span class='ocrx_word' id='word_1_69' title='bbox 2641 804 2967 874; x_wconf 87' lang='lat' dir='ltr'><strong>pupillisque</strong></span> <span class='ocrx_word' id='word_1_70' title='bbox 3017 800 3283 870; x_wconf 72' lang='lat' dir='ltr'><strong>quidquid</strong></span> <span class='ocrx_word' id='word_1_71' title='bbox 3328 814 3468 867; x_wconf 90' lang='lat' dir='ltr'><strong>opus</strong></span> 
     </span>
    </p>
   </div>
   <div class='ocr_carea' id='block_1_12' title="bbox 213 894 1851 1001">
    <p class='ocr_par' dir='ltr' id='par_1_12' title="bbox 213 894 1789 1001">
     <span class='ocr_line' id='line_1_12' title="bbox 213 894 1789 1001; baseline -0.015 -18"><span class='ocrx_word' id='word_1_72' title='bbox 339 894 568 991; x_wconf 73' lang='grc' dir='ltr'>πόλεως,</span> <span class='ocrx_word' id='word_1_73' title='bbox 600 925 695 978; x_wconf 78' lang='grc' dir='ltr'><strong>καὶ</strong></span> <span class='ocrx_word' id='word_1_74' title='bbox 731 925 853 986; x_wconf 83' lang='grc' dir='ltr'>ταῖς</span> <span class='ocrx_word' id='word_1_75' title='bbox 879 894 1078 991; x_wconf 79' lang='grc' dir='ltr'>χήραις</span> <span class='ocrx_word' id='word_1_76' title='bbox 1112 918 1207 971; x_wconf 72' lang='grc' dir='ltr'>καὶ</span> <span class='ocrx_word' id='word_1_77' title='bbox 1233 915 1490 986; x_wconf 78' lang='grc' dir='ltr'><strong>ὀρφανοῖς</strong></span> <span class='ocrx_word' id='word_1_78' title='bbox 1533 910 1789 982; x_wconf 83' lang='grc' dir='ltr'><strong>παρέχων</strong></span> 
     </span>
    </p>
   </div>
   <div class='ocr_carea' id='block_1_13' title="bbox 1925 894 3465 1001">
    <p class='ocr_par' dir='ltr' id='par_1_13' title="bbox 1925 894 3465 971">
     <span class='ocr_line' id='line_1_13' title="bbox 1925 894 3465 971; baseline -0.012 -12"><span class='ocrx_word' id='word_1_79' title='bbox 1925 913 2036 959; x_wconf 87' lang='lat' dir='ltr'><strong>sset</strong></span> <span class='ocrx_word' id='word_1_80' title='bbox 2068 900 2474 971; x_wconf 88' lang='lat' dir='ltr'><strong>suppeditaret;</strong></span> <span class='ocrx_word' id='word_1_81' title='bbox 2526 896 2658 965; x_wconf 90' lang='lat' dir='ltr'><strong>quin</strong></span> <span class='ocrx_word' id='word_1_82' title='bbox 2714 903 2767 949; x_wconf 90' lang='lat' dir='ltr'><strong>et</strong></span> <span class='ocrx_word' id='word_1_83' title='bbox 2802 909 2899 963; x_wconf 86' lang='lat' dir='ltr'><strong>ego</strong></span> <span class='ocrx_word' id='word_1_84' title='bbox 2950 894 3147 947; x_wconf 69' lang='lat' dir='ltr'><strong>misera</strong></span> <span class='ocrx_word' id='word_1_85' title='bbox 3183 906 3274 960; x_wconf 86' lang='lat' dir='ltr'><strong>per</strong></span> <span class='ocrx_word' id='word_1_86' title='bbox 3305 906 3465 943; x_wconf 86' lang='lat' dir='ltr'><strong>cura-</strong></span> 
     </span>
    </p>
   </div>
   <div class='ocr_carea' id='block_1_14' title="bbox 217 1004 1790 1089">
    <p class='ocr_par' dir='ltr' id='par_1_14' title="bbox 217 1004 1790 1089">
     <span class='ocr_line' id='line_1_14' title="bbox 217 1004 1790 1089; baseline -0.013 -16"><span class='ocrx_word' id='word_1_87' title='bbox 217 1020 283 1074; x_wconf 67' lang='grc' dir='ltr'>τὶ</span> <span class='ocrx_word' id='word_1_88' title='bbox 320 1020 455 1088; x_wconf 80' lang='grc' dir='ltr'>πρὸς</span> <span class='ocrx_word' id='word_1_89' title='bbox 498 1017 597 1089; x_wconf 81' lang='grc' dir='ltr'>τὴν</span> <span class='ocrx_word' id='word_1_90' title='bbox 642 1015 854 1088; x_wconf 86' lang='grc' dir='ltr'>χρείαν.</span> <span class='ocrx_word' id='word_1_91' title='bbox 888 1012 1061 1081; x_wconf 80' lang='grc' dir='ltr'>Κάγὼ</span> <span class='ocrx_word' id='word_1_92' title='bbox 1090 1010 1227 1080; x_wconf 83' lang='grc' dir='ltr'>αὑτὴ</span> <span class='ocrx_word' id='word_1_93' title='bbox 1277 1011 1311 1078; x_wconf 86' lang='grc' dir='ltr'><strong>ή</strong></span> <span class='ocrx_word' id='word_1_94' title='bbox 1350 1005 1511 1059; x_wconf 85' lang='grc' dir='ltr'>ἀθλία</span> <span class='ocrx_word' id='word_1_95' title='bbox 1560 1004 1790 1058; x_wconf 85' lang='grc' dir='ltr'>πάντοτε</span> 
     </span>
    </p>
   </div>
   <div class='ocr_carea' id='block_1_15' title="bbox 218 1094 1791 1181">
    <p class='ocr_par' dir='ltr' id='par_1_15' title="bbox 218 1094 1791 1181">
     <span class='ocr_line' id='line_1_15' title="bbox 218 1094 1791 1181; baseline -0.013 -17"><span class='ocrx_word' id='word_1_96' title='bbox 218 1111 348 1181; x_wconf 86' lang='grc' dir='ltr'>παρ’</span> <span class='ocrx_word' id='word_1_97' title='bbox 382 1108 549 1163; x_wconf 78' lang='grc' dir='ltr'>αὐτοῦ</span> <span class='ocrx_word' id='word_1_98' title='bbox 595 1108 860 1178; x_wconf 77' lang='grc' dir='ltr'><strong>ἐδεχόμην</strong></span> <span class='ocrx_word' id='word_1_99' title='bbox 888 1103 1256 1173; x_wconf 79' lang='grc' dir='ltr'>ἐλεημοσύνην</span> <span class='ocrx_word' id='word_1_100' title='bbox 1301 1098 1450 1170; x_wconf 78' lang='grc' dir='ltr'>παρὰ</span> <span class='ocrx_word' id='word_1_101' title='bbox 1493 1094 1589 1148; x_wconf 91' lang='grc' dir='ltr'><strong>τοῦ</strong></span> <span class='ocrx_word' id='word_1_102' title='bbox 1631 1110 1791 1146; x_wconf 84' lang='grc' dir='ltr'>τετα-</span> 
     </span>
    </p>
   </div>
   <div class='ocr_carea' id='block_1_16' title="bbox 218 1183 1794 1271">
    <p class='ocr_par' dir='ltr' id='par_1_16' title="bbox 218 1183 1794 1271">
     <span class='ocr_line' id='line_1_16' title="bbox 218 1183 1794 1271; baseline -0.015 -16"><span class='ocrx_word' id='word_1_103' title='bbox 218 1202 423 1271; x_wconf 81' lang='grc' dir='ltr'>γμένου</span> <span class='ocrx_word' id='word_1_104' title='bbox 457 1201 539 1263; x_wconf 88' lang='grc' dir='ltr'>εἰς</span> <span class='ocrx_word' id='word_1_105' title='bbox 566 1200 626 1253; x_wconf 81' lang='grc' dir='ltr'>τὸ</span> <span class='ocrx_word' id='word_1_106' title='bbox 652 1198 940 1252; x_wconf 78' lang='grc' dir='ltr'><strong>διακονεῖν.</strong></span> <span class='ocrx_word' id='word_1_107' title='bbox 966 1196 1231 1262; x_wconf 84' lang='grc' dir='ltr'><strong>Λέγουσιν</strong></span> <span class='ocrx_word' id='word_1_108' title='bbox 1257 1190 1394 1259; x_wconf 82' lang='grc' dir='ltr'>αὐτῇ</span> <span class='ocrx_word' id='word_1_109' title='bbox 1422 1186 1587 1241; x_wconf 88' lang='grc' dir='ltr'>πάλιν</span> <span class='ocrx_word' id='word_1_110' title='bbox 1632 1183 1758 1237; x_wconf 89' lang='grc' dir='ltr'>τάδε</span> <span class='ocrx_word' id='word_1_111' title='bbox 1781 1197 1794 1213; x_wconf 80' lang='grc' dir='ltr'><strong>ο</strong></span> 
     </span>
    </p>
   </div>
   <div class='ocr_carea' id='block_1_17' title="bbox 226 1275 1796 1361">
    <p class='ocr_par' dir='ltr' id='par_1_17' title="bbox 226 1275 1796 1361">
     <span class='ocr_line' id='line_1_17' title="bbox 226 1275 1796 1361; baseline -0.013 -14"><span class='ocrx_word' id='word_1_112' title='bbox 226 1294 322 1356; x_wconf 84' lang='grc' dir='ltr'>Σὺ,</span> <span class='ocrx_word' id='word_1_113' title='bbox 358 1292 541 1361; x_wconf 85' lang='grc' dir='ltr'>γύναι,</span> <span class='ocrx_word' id='word_1_114' title='bbox 587 1290 759 1359; x_wconf 85' lang='grc' dir='ltr'>ἐγνως</span> <span class='ocrx_word' id='word_1_115' title='bbox 799 1288 891 1340; x_wconf 84' lang='grc' dir='ltr'><strong>τὸν</strong></span> <span class='ocrx_word' id='word_1_116' title='bbox 925 1287 1093 1355; x_wconf 86' lang='grc' dir='ltr'>ἄνδρα</span> <span class='ocrx_word' id='word_1_117' title='bbox 1128 1280 1427 1350; x_wconf 79' lang='grc' dir='ltr'>ἐπιμίξεως</span> <span class='ocrx_word' id='word_1_118' title='bbox 1474 1275 1796 1346; x_wconf 77' lang='grc' dir='ltr'><strong>σωματικῆς</strong></span> 
     </span>
    </p>
   </div>
   <div class='ocr_carea' id='block_1_18' title="bbox 220 1365 1796 1453">
    <p class='ocr_par' dir='ltr' id='par_1_18' title="bbox 220 1365 1796 1453">
     <span class='ocr_line' id='line_1_18' title="bbox 220 1365 1796 1453; baseline -0.015 -14"><span class='ocrx_word' id='word_1_119' title='bbox 220 1386 513 1453; x_wconf 90' lang='grc' dir='ltr'>γενόμενον</span> <span class='ocrx_word' id='word_1_120' title='bbox 548 1380 689 1451; x_wconf 85' lang='grc' dir='ltr'>μετὰ</span> <span class='ocrx_word' id='word_1_121' title='bbox 722 1380 850 1444; x_wconf 85' lang='grc' dir='ltr'>σοῦ;</span> <span class='ocrx_word' id='word_1_122' title='bbox 894 1378 959 1430; x_wconf 83' lang='grc' dir='ltr'><strong>Ἦ</strong></span> <span class='ocrx_word' id='word_1_123' title='bbox 983 1377 1040 1429; x_wconf 89' lang='grc' dir='ltr'><strong>δέ</strong></span> <span class='ocrx_word' id='word_1_124' title='bbox 1068 1372 1369 1436; x_wconf 77' lang='grc' dir='ltr'>στενάξασα</span> <span class='ocrx_word' id='word_1_125' title='bbox 1394 1371 1458 1422; x_wconf 82' lang='grc' dir='ltr'><strong>ἐκ</strong></span> <span class='ocrx_word' id='word_1_126' title='bbox 1482 1367 1678 1438; x_wconf 81' lang='grc' dir='ltr'>βάθους</span> <span class='ocrx_word' id='word_1_127' title='bbox 1704 1365 1796 1418; x_wconf 62' lang='grc' dir='ltr'><strong>καὶ¹</strong></span> 
     </span>
    </p>
   </div>
   <div class='ocr_carea' id='block_1_19' title="bbox 222 1456 1794 1551">
    <p class='ocr_par' dir='ltr' id='par_1_19' title="bbox 222 1456 1794 1551">
     <span class='ocr_line' id='line_1_19' title="bbox 222 1456 1794 1551; baseline -0.012 -19"><span class='ocrx_word' id='word_1_128' title='bbox 222 1479 562 1551; x_wconf 78' lang='grc' dir='ltr'>δακρύσασα,</span> <span class='ocrx_word' id='word_1_129' title='bbox 592 1477 773 1546; x_wconf 81' lang='grc' dir='ltr'>ἄρασα</span> <span class='ocrx_word' id='word_1_130' title='bbox 816 1473 914 1543; x_wconf 80' lang='grc' dir='ltr'><strong>τήν</strong></span> <span class='ocrx_word' id='word_1_131' title='bbox 961 1469 1145 1540; x_wconf 73' lang='grc' dir='ltr'>φωνὴν</span> <span class='ocrx_word' id='word_1_132' title='bbox 1194 1468 1275 1529; x_wconf 81' lang='grc' dir='ltr'><strong>εἰς</strong></span> <span class='ocrx_word' id='word_1_133' title='bbox 1310 1464 1462 1533; x_wconf 71' lang='grc' dir='ltr'>ὕψος,</span> <span class='ocrx_word' id='word_1_134' title='bbox 1504 1456 1690 1514; x_wconf 70' lang='grc' dir='ltr'>εἶπεν·</span> <span class='ocrx_word' id='word_1_135' title='bbox 1721 1461 1794 1530; x_wconf 82' lang='grc' dir='ltr'>Ζῇ</span> 
     </span>
    </p>
   </div>
   <div class='ocr_carea' id='block_1_20' title="bbox 224 1552 1801 1642">
    <p class='ocr_par' dir='ltr' id='par_1_20' title="bbox 224 1552 1801 1642">
     <span class='ocr_line' id='line_1_20' title="bbox 224 1552 1801 1642; baseline -0.014 -17"><span class='ocrx_word' id='word_1_136' title='bbox 224 1572 431 1642; x_wconf 80' lang='grc' dir='ltr'>Κύριος</span> <span class='ocrx_word' id='word_1_137' title='bbox 476 1570 586 1622; x_wconf 89' lang='grc' dir='ltr'><strong>τῶν</strong></span> <span class='ocrx_word' id='word_1_138' title='bbox 625 1567 930 1636; x_wconf 83' lang='grc' dir='ltr'>δυνάμεων,</span> <span class='ocrx_word' id='word_1_139' title='bbox 958 1564 1058 1616; x_wconf 85' lang='grc' dir='ltr'><strong>οὐκ</strong></span> <span class='ocrx_word' id='word_1_140' title='bbox 1104 1557 1221 1614; x_wconf 79' lang='grc' dir='ltr'>οἶδα</span> <span class='ocrx_word' id='word_1_141' title='bbox 1249 1559 1341 1611; x_wconf 84' lang='grc' dir='ltr'>τὸν</span> <span class='ocrx_word' id='word_1_142' title='bbox 1370 1556 1653 1626; x_wconf 82' lang='grc' dir='ltr'>ἄνθρωπον</span> <span class='ocrx_word' id='word_1_143' title='bbox 1677 1552 1801 1606; x_wconf 87' lang='grc' dir='ltr'>τοῦ-</span> 
     </span>
    </p>
   </div>
   <div class='ocr_carea' id='block_1_21' title="bbox 224 1645 1799 1728">
    <p class='ocr_par' dir='ltr' id='par_1_21' title="bbox 224 1645 1799 1728">
     <span class='ocr_line' id='line_1_21' title="bbox 224 1645 1799 1728; baseline -0.013 -13"><span class='ocrx_word' id='word_1_144' title='bbox 224 1681 341 1728; x_wconf 91' lang='grc' dir='ltr'>τον,</span> <span class='ocrx_word' id='word_1_145' title='bbox 374 1663 459 1724; x_wconf 91' lang='grc' dir='ltr'><strong>τίς</strong></span> <span class='ocrx_word' id='word_1_146' title='bbox 486 1662 659 1721; x_wconf 86' lang='grc' dir='ltr'>ἐστιν,</span> <span class='ocrx_word' id='word_1_147' title='bbox 688 1656 871 1718; x_wconf 86' lang='grc' dir='ltr'>καθὼς</span> <span class='ocrx_word' id='word_1_148' title='bbox 892 1654 1043 1707; x_wconf 75' lang='grc' dir='ltr'>αὐτοὶ</span> <span class='ocrx_word' id='word_1_149' title='bbox 1078 1653 1338 1721; x_wconf 82' lang='grc' dir='ltr'>εἰρήκατε</span> <span class='ocrx_word' id='word_1_150' title='bbox 1364 1647 1653 1715; x_wconf 85' lang='grc' dir='ltr'>γενόμενον</span> <span class='ocrx_word' id='word_1_151' title='bbox 1684 1645 1799 1713; x_wconf 85' lang='grc' dir='ltr'>μετ’</span> 
     </span>
    </p>
   </div>
   <div class='ocr_carea' id='block_1_22' title="bbox 228 1733 1801 1827">
    <p class='ocr_par' dir='ltr' id='par_1_22' title="bbox 228 1733 1801 1827">
     <span class='ocr_line' id='line_1_22' title="bbox 228 1733 1801 1827; baseline -0.014 -18"><span class='ocrx_word' id='word_1_152' title='bbox 228 1756 363 1827; x_wconf 89' lang='grc' dir='ltr'>ἐμοῦ</span> <span class='ocrx_word' id='word_1_153' title='bbox 391 1772 405 1785; x_wconf 75' lang='grc' dir='ltr'><strong>ο</strong></span> <span class='ocrx_word' id='word_1_154' title='bbox 437 1754 573 1807; x_wconf 76' lang='grc' dir='ltr'>ἀλλὰ</span> <span class='ocrx_word' id='word_1_155' title='bbox 603 1752 828 1813; x_wconf 77' lang='grc' dir='ltr'>Σαόῖνος</span> <span class='ocrx_word' id='word_1_156' title='bbox 864 1750 957 1801; x_wconf 75' lang='grc' dir='ltr'><strong>καὶ</strong></span> <span class='ocrx_word' id='word_1_157' title='bbox 983 1745 1382 1817; x_wconf 82' lang='grc' dir='ltr'>Κρησκεντίνος</span> <span class='ocrx_word' id='word_1_158' title='bbox 1420 1733 1563 1793; x_wconf 73' lang='grc' dir='ltr'>οὗτοι</span> <span class='ocrx_word' id='word_1_159' title='bbox 1588 1741 1635 1791; x_wconf 77' lang='grc' dir='ltr'>οἱ</span> <span class='ocrx_word' id='word_1_160' title='bbox 1662 1753 1801 1805; x_wconf 87' lang='grc' dir='ltr'>παρ-</span> 
     </span>
    </p>
   </div>
   <div class='ocr_carea' id='block_1_23' title="bbox 227 1831 1878 1928">
    <p class='ocr_par' dir='ltr' id='par_1_23' title="bbox 227 1831 1878 1928">
     <span class='ocr_line' id='line_1_23' title="bbox 227 1831 1878 1928; baseline -0.012 -26"><span class='ocrx_word' id='word_1_161' title='bbox 227 1848 527 1927; x_wconf 86' lang='grc' dir='ltr'>εστηκότες</span> <span class='ocrx_word' id='word_1_162' title='bbox 582 1842 892 1914; x_wconf 76' lang='grc' dir='ltr'>ἔμπροσθεν</span> <span class='ocrx_word' id='word_1_163' title='bbox 948 1839 1126 1909; x_wconf 84' lang='grc' dir='ltr'>ὑμῶν,</span> <span class='ocrx_word' id='word_1_164' title='bbox 1172 1835 1325 1888; x_wconf 79' lang='grc' dir='ltr'>αὐτοί</span> <span class='ocrx_word' id='word_1_165' title='bbox 1372 1851 1439 1924; x_wconf 79' lang='grc' dir='ltr'><strong>με</strong></span> <span class='ocrx_word' id='word_1_166' title='bbox 1485 1831 1803 1928; x_wconf 80' lang='grc' dir='ltr'>ἠνάγκασαν</span> <span class='ocrx_word' id='word_1_167' title='bbox 1836 1873 1878 1928; x_wconf 78' lang='grc' dir='ltr'><strong>Β</strong></span> 
     </span>
    </p>
   </div>
   <div class='ocr_carea' id='block_1_24' title="bbox 230 1916 1801 2007">
    <p class='ocr_par' dir='ltr' id='par_1_24' title="bbox 230 1916 1801 2007">
     <span class='ocr_line' id='line_1_24' title="bbox 230 1916 1801 2007; baseline -0.011 -15"><span class='ocrx_word' id='word_1_168' title='bbox 230 1916 611 2007; x_wconf 76' lang='grc' dir='ltr'>κατηγορῆσαι</span> <span class='ocrx_word' id='word_1_169' title='bbox 642 1934 733 1987; x_wconf 81' lang='grc' dir='ltr'>τὸν</span> <span class='ocrx_word' id='word_1_170' title='bbox 772 1933 979 1985; x_wconf 88' lang='grc' dir='ltr'>δίκαιον</span> <span class='ocrx_word' id='word_1_171' title='bbox 1017 1928 1205 1982; x_wconf 87' lang='grc' dir='ltr'>τοῦτον</span> <span class='ocrx_word' id='word_1_172' title='bbox 1226 1942 1240 1956; x_wconf 75' lang='grc'><strong>⁸</strong></span> <span class='ocrx_word' id='word_1_173' title='bbox 1270 1916 1524 1998; x_wconf 77' lang='grc' dir='ltr'>χρήματα</span> <span class='ocrx_word' id='word_1_174' title='bbox 1569 1924 1677 1993; x_wconf 87' lang='grc' dir='ltr'><strong>γάρ</strong></span> <span class='ocrx_word' id='word_1_175' title='bbox 1711 1940 1801 1994; x_wconf 90' lang='grc' dir='ltr'><strong>μοι</strong></span> 
     </span>
    </p>
   </div>
   <div class='ocr_carea' id='block_1_25' title="bbox 230 2012 1802 2085">
    <p class='ocr_par' dir='ltr' id='par_1_25' title="bbox 230 2012 1802 2085">
     <span class='ocr_line' id='line_1_25' title="bbox 230 2012 1802 2085; baseline -0.013 -3"><span class='ocrx_word' id='word_1_176' title='bbox 230 2027 597 2082; x_wconf 82' lang='grc' dir='ltr'>κατεὸάλοντο</span> <span class='ocrx_word' id='word_1_177' title='bbox 624 2021 805 2085; x_wconf 83' lang='grc' dir='ltr'>ἱκανά,</span> <span class='ocrx_word' id='word_1_178' title='bbox 834 2022 944 2083; x_wconf 82' lang='grc' dir='ltr'>ἵνα,</span> <span class='ocrx_word' id='word_1_179' title='bbox 969 2019 1044 2081; x_wconf 82' lang='grc' dir='ltr'>ὡς</span> <span class='ocrx_word' id='word_1_180' title='bbox 1077 2013 1249 2082; x_wconf 68' lang='grc' dir='ltr'>εἶπον,</span> <span class='ocrx_word' id='word_1_181' title='bbox 1279 2012 1587 2083; x_wconf 79' lang='grc' dir='ltr'>κατελέγξω</span> <span class='ocrx_word' id='word_1_182' title='bbox 1619 2013 1802 2073; x_wconf 86' lang='grc' dir='ltr'>αὐτὸν,</span> 
     </span>
    </p>
   </div>
   <div class='ocr_carea' id='block_1_26' title="bbox 230 2102 1808 2180">
    <p class='ocr_par' dir='ltr' id='par_1_26' title="bbox 230 2102 1808 2180">
     <span class='ocr_line' id='line_1_26' title="bbox 230 2102 1808 2180; baseline -0.01 -13"><span class='ocrx_word' id='word_1_183' title='bbox 230 2114 435 2177; x_wconf 81' lang='grc' dir='ltr'><strong>ἀδίκως</strong></span> <span class='ocrx_word' id='word_1_184' title='bbox 474 2110 933 2180; x_wconf 83' lang='grc' dir='ltr'>παρανομήσασα,</span> <span class='ocrx_word' id='word_1_185' title='bbox 961 2106 1303 2176; x_wconf 82' lang='grc' dir='ltr'>άπατηθεῖσα</span> <span class='ocrx_word' id='word_1_186' title='bbox 1346 2102 1455 2157; x_wconf 64' lang='grc' dir='ltr'><strong>ὑπὸ</strong></span> <span class='ocrx_word' id='word_1_187' title='bbox 1482 2103 1591 2155; x_wconf 87' lang='grc' dir='ltr'><strong>τῶν</strong></span> <span class='ocrx_word' id='word_1_188' title='bbox 1628 2118 1808 2172; x_wconf 87' lang='grc' dir='ltr'>παρα-</span> 
     </span>
    </p>
   </div>
   <div class='ocr_carea' id='block_1_27' title="bbox 232 2185 1808 2271">
    <p class='ocr_par' dir='ltr' id='par_1_27' title="bbox 232 2185 1808 2271">
     <span class='ocr_line' id='line_1_27' title="bbox 232 2185 1808 2271; baseline -0.008 -16"><span class='ocrx_word' id='word_1_189' title='bbox 232 2202 417 2271; x_wconf 89' lang='grc' dir='ltr'>νόμων</span> <span class='ocrx_word' id='word_1_190' title='bbox 456 2198 669 2269; x_wconf 82' lang='grc' dir='ltr'>ἀνδρῶν</span> <span class='ocrx_word' id='word_1_191' title='bbox 698 2197 923 2251; x_wconf 88' lang='grc' dir='ltr'>τούτων.</span> <span class='ocrx_word' id='word_1_192' title='bbox 973 2194 1365 2249; x_wconf 83' lang='grc' dir='ltr'>Ἀνταποδώσει</span> <span class='ocrx_word' id='word_1_193' title='bbox 1392 2196 1573 2254; x_wconf 81' lang='grc' dir='ltr'>αὐτοῖς</span> <span class='ocrx_word' id='word_1_194' title='bbox 1606 2185 1808 2262; x_wconf 76' lang='grc' dir='ltr'>Κύριός</span> 
     </span>
    </p>
   </div>
   <div class='ocr_carea' id='block_1_28' title="bbox 232 2284 1806 2361">
    <p class='ocr_par' dir='ltr' id='par_1_28' title="bbox 232 2284 1806 2361">
     <span class='ocr_line' id='line_1_28' title="bbox 232 2284 1806 2361; baseline -0.008 -14"><span class='ocrx_word' id='word_1_195' title='bbox 232 2294 265 2347; x_wconf 88' lang='lat'><strong>6</strong></span> <span class='ocrx_word' id='word_1_196' title='bbox 293 2293 424 2356; x_wconf 74' lang='grc' dir='ltr'>Θεὸς</span> <span class='ocrx_word' id='word_1_197' title='bbox 456 2292 555 2361; x_wconf 77' lang='grc' dir='ltr'><strong>τὴν</strong></span> <span class='ocrx_word' id='word_1_198' title='bbox 578 2290 853 2361; x_wconf 83' lang='grc' dir='ltr'>ἁμαρτίαν</span> <span class='ocrx_word' id='word_1_199' title='bbox 879 2290 978 2359; x_wconf 85' lang='grc' dir='ltr'>τῆς</span> <span class='ocrx_word' id='word_1_200' title='bbox 1002 2288 1142 2359; x_wconf 83' lang='grc' dir='ltr'>ἐμῆς</span> <span class='ocrx_word' id='word_1_201' title='bbox 1169 2287 1375 2357; x_wconf 72' lang='grc' dir='ltr'>ψυχῆς·</span> <span class='ocrx_word' id='word_1_202' title='bbox 1410 2289 1488 2349; x_wconf 83' lang='grc' dir='ltr'>εἰς</span> <span class='ocrx_word' id='word_1_203' title='bbox 1518 2284 1626 2353; x_wconf 84' lang='grc' dir='ltr'>γὰρ</span> <span class='ocrx_word' id='word_1_204' title='bbox 1658 2284 1806 2351; x_wconf 80' lang='grc' dir='ltr'>διετῆ</span> 
     </span>
    </p>
   </div>
   <div class='ocr_carea' id='block_1_29' title="bbox 236 2375 1807 2455">
    <p class='ocr_par' dir='ltr' id='par_1_29' title="bbox 236 2375 1807 2455">
     <span class='ocr_line' id='line_1_29' title="bbox 236 2375 1807 2455; baseline -0.006 -19"><span class='ocrx_word' id='word_1_205' title='bbox 236 2385 429 2455; x_wconf 89' lang='grc' dir='ltr'>χρόνον</span> <span class='ocrx_word' id='word_1_206' title='bbox 460 2384 553 2436; x_wconf 77' lang='grc' dir='ltr'><strong>καὶ</strong></span> <span class='ocrx_word' id='word_1_207' title='bbox 588 2381 762 2451; x_wconf 83' lang='grc' dir='ltr'>μῆνας</span> <span class='ocrx_word' id='word_1_208' title='bbox 792 2380 850 2446; x_wconf 79' lang='grc' dir='ltr'><strong>ἒξ</strong></span> <span class='ocrx_word' id='word_1_209' title='bbox 882 2378 1247 2448; x_wconf 79' lang='grc' dir='ltr'>ἐσασανίσθην</span> <span class='ocrx_word' id='word_1_210' title='bbox 1274 2377 1377 2431; x_wconf 83' lang='grc' dir='ltr'><strong>ὑπὸ</strong></span> <span class='ocrx_word' id='word_1_211' title='bbox 1406 2376 1499 2429; x_wconf 89' lang='grc' dir='ltr'><strong>τοῦ</strong></span> <span class='ocrx_word' id='word_1_212' title='bbox 1533 2375 1807 2445; x_wconf 86' lang='grc' dir='ltr'>δαίμονος.</span> 
     </span>
    </p>
   </div>
   <div class='ocr_carea' id='block_1_30' title="bbox 238 2466 1809 2540">
    <p class='ocr_par' dir='ltr' id='par_1_30' title="bbox 238 2466 1809 2540">
     <span class='ocr_line' id='line_1_30' title="bbox 238 2466 1809 2540; baseline -0.01 -11"><span class='ocrx_word' id='word_1_213' title='bbox 238 2475 426 2529; x_wconf 84' lang='grc' dir='ltr'>Ταῦτα</span> <span class='ocrx_word' id='word_1_214' title='bbox 451 2473 507 2526; x_wconf 86' lang='grc' dir='ltr'><strong>δέ</strong></span> <span class='ocrx_word' id='word_1_215' title='bbox 537 2471 766 2526; x_wconf 77' lang='grc' dir='ltr'>εἰποῦσα</span> <span class='ocrx_word' id='word_1_216' title='bbox 792 2470 1047 2525; x_wconf 85' lang='grc' dir='ltr'>σταθεῖσα</span> <span class='ocrx_word' id='word_1_217' title='bbox 1078 2470 1173 2522; x_wconf 80' lang='grc' dir='ltr'>καὶ</span> <span class='ocrx_word' id='word_1_218' title='bbox 1205 2467 1651 2540; x_wconf 76' lang='grc' dir='ltr'>περιϐλεψαμένη</span> <span class='ocrx_word' id='word_1_219' title='bbox 1673 2466 1809 2520; x_wconf 84' lang='grc' dir='ltr'>πάν-</span> 
     </span>
    </p>
   </div>
   <div class='ocr_carea' id='block_1_31' title="bbox 238 2558 1815 2630">
    <p class='ocr_par' dir='ltr' id='par_1_31' title="bbox 238 2558 1815 2630">
     <span class='ocr_line' id='line_1_31' title="bbox 238 2558 1815 2630; baseline -0.006 -13"><span class='ocrx_word' id='word_1_220' title='bbox 238 2582 338 2627; x_wconf 83' lang='grc' dir='ltr'><strong>τας</strong></span> <span class='ocrx_word' id='word_1_221' title='bbox 383 2566 509 2627; x_wconf 87' lang='grc' dir='ltr'>τοὺς</span> <span class='ocrx_word' id='word_1_222' title='bbox 538 2562 893 2625; x_wconf 86' lang='grc' dir='ltr'>ἐπισκόπους,</span> <span class='ocrx_word' id='word_1_223' title='bbox 929 2560 1022 2613; x_wconf 75' lang='grc' dir='ltr'><strong>καὶ</strong></span> <span class='ocrx_word' id='word_1_224' title='bbox 1064 2561 1177 2630; x_wconf 78' lang='grc' dir='ltr'>μετ’</span> <span class='ocrx_word' id='word_1_225' title='bbox 1208 2558 1390 2626; x_wconf 81' lang='grc' dir='ltr'>ὀλίγον</span> <span class='ocrx_word' id='word_1_226' title='bbox 1432 2559 1815 2626; x_wconf 83' lang='grc' dir='ltr'>κατανοήσασα</span> 
     </span>
    </p>
   </div>
   <div class='ocr_carea' id='block_1_32' title="bbox 236 2646 1816 2724">
    <p class='ocr_par' dir='ltr' id='par_1_32' title="bbox 236 2646 1816 2724">
     <span class='ocr_line' id='line_1_32' title="bbox 236 2646 1816 2724; baseline -0.008 -15"><span class='ocrx_word' id='word_1_227' title='bbox 236 2658 332 2709; x_wconf 72' lang='grc' dir='ltr'><strong>τδν</strong></span> <span class='ocrx_word' id='word_1_228' title='bbox 366 2655 519 2723; x_wconf 77' lang='grc' dir='ltr'>ἅγιον</span> <span class='ocrx_word' id='word_1_229' title='bbox 550 2652 873 2724; x_wconf 79' lang='grc' dir='ltr'>Γρηγόριον,</span> <span class='ocrx_word' id='word_1_230' title='bbox 912 2652 1127 2719; x_wconf 79' lang='grc' dir='ltr'><strong>ἐπέγνω</strong></span> <span class='ocrx_word' id='word_1_231' title='bbox 1160 2650 1323 2704; x_wconf 79' lang='grc' dir='ltr'>αὐτόν</span> <span class='ocrx_word' id='word_1_232' title='bbox 1345 2666 1357 2678; x_wconf 88' lang='grc'><strong>·</strong></span> <span class='ocrx_word' id='word_1_233' title='bbox 1399 2650 1491 2702; x_wconf 79' lang='grc' dir='ltr'>καὶ</span> <span class='ocrx_word' id='word_1_234' title='bbox 1532 2646 1816 2717; x_wconf 82' lang='grc' dir='ltr'>δραμοῦσα</span> 
     </span>
    </p>
   </div>
   <div class='ocr_carea' id='block_1_33' title="bbox 239 2736 1814 2815">
    <p class='ocr_par' dir='ltr' id='par_1_33' title="bbox 239 2736 1814 2815">
     <span class='ocr_line' id='line_1_33' title="bbox 239 2736 1814 2815; baseline -0.007 -17"><span class='ocrx_word' id='word_1_235' title='bbox 239 2744 395 2815; x_wconf 68' lang='grc' dir='ltr'>παρὰ</span> <span class='ocrx_word' id='word_1_236' title='bbox 425 2746 550 2806; x_wconf 76' lang='grc' dir='ltr'>τοὺς</span> <span class='ocrx_word' id='word_1_237' title='bbox 580 2742 745 2805; x_wconf 89' lang='grc' dir='ltr'>πόδας</span> <span class='ocrx_word' id='word_1_238' title='bbox 780 2740 970 2803; x_wconf 86' lang='grc' dir='ltr'>αὑτοῦ,</span> <span class='ocrx_word' id='word_1_239' title='bbox 1009 2740 1272 2793; x_wconf 84' lang='grc' dir='ltr'>κλαίουσα</span> <span class='ocrx_word' id='word_1_240' title='bbox 1302 2738 1484 2805; x_wconf 73' lang='grc' dir='ltr'>ἔλεγεν</span> <span class='ocrx_word' id='word_1_241' title='bbox 1515 2739 1571 2789; x_wconf 88' lang='grc' dir='ltr'><strong>ἐν</strong></span> <span class='ocrx_word' id='word_1_242' title='bbox 1606 2736 1777 2805; x_wconf 78' lang='grc' dir='ltr'>ἰσχύει</span> <span class='ocrx_word' id='word_1_243' title='bbox 1801 2752 1814 2766; x_wconf 76' lang='grc' dir='ltr'><strong>ο</strong></span> 
     </span>
    </p>
   </div>
   <div class='ocr_carea' id='block_1_34' title="bbox 254 2829 1817 2904">
    <p class='ocr_par' dir='ltr' id='par_1_34' title="bbox 254 2829 1817 2904">
     <span class='ocr_line' id='line_1_34' title="bbox 254 2829 1817 2904; baseline -0.004 -16"><span class='ocrx_word' id='word_1_244' title='bbox 254 2835 508 2901; x_wconf 80' lang='grc' dir='ltr'>Ἐλέησόν</span> <span class='ocrx_word' id='word_1_245' title='bbox 558 2851 647 2904; x_wconf 89' lang='grc' dir='ltr'><strong>με,</strong></span> <span class='ocrx_word' id='word_1_246' title='bbox 679 2832 834 2886; x_wconf 82' lang='grc' dir='ltr'>δοῦλε</span> <span class='ocrx_word' id='word_1_247' title='bbox 867 2831 961 2884; x_wconf 86' lang='grc' dir='ltr'><strong>τοῦ</strong></span> <span class='ocrx_word' id='word_1_248' title='bbox 990 2831 1147 2896; x_wconf 89' lang='grc' dir='ltr'>Θεοῦ,</span> <span class='ocrx_word' id='word_1_249' title='bbox 1196 2831 1290 2883; x_wconf 71' lang='grc' dir='ltr'>καὶ</span> <span class='ocrx_word' id='word_1_250' title='bbox 1327 2829 1681 2899; x_wconf 83' lang='grc' dir='ltr'>συγχώρησόν</span> <span class='ocrx_word' id='word_1_251' title='bbox 1727 2845 1817 2897; x_wconf 90' lang='grc' dir='ltr'><strong>μοι</strong></span> 
     </span>
    </p>
   </div>
   <div class='ocr_carea' id='block_1_35' title="bbox 240 2920 1816 2994">
    <p class='ocr_par' dir='ltr' id='par_1_35' title="bbox 240 2920 1816 2994">
     <span class='ocr_line' id='line_1_35' title="bbox 240 2920 1816 2994; baseline -0.002 -18"><span class='ocrx_word' id='word_1_252' title='bbox 240 2926 313 2994; x_wconf 78' lang='grc' dir='ltr'>τῇ</span> <span class='ocrx_word' id='word_1_253' title='bbox 332 2926 567 2993; x_wconf 80' lang='grc' dir='ltr'>ταπεινῇ</span> <span class='ocrx_word' id='word_1_254' title='bbox 600 2923 659 2975; x_wconf 81' lang='grc' dir='ltr'><strong>τὸ</strong></span> <span class='ocrx_word' id='word_1_255' title='bbox 695 2924 1011 2992; x_wconf 88' lang='grc' dir='ltr'>παράνομον</span> <span class='ocrx_word' id='word_1_256' title='bbox 1042 2921 1136 2974; x_wconf 69' lang='grc' dir='ltr'><strong>καὶ</strong></span> <span class='ocrx_word' id='word_1_257' title='bbox 1179 2920 1437 2989; x_wconf 85' lang='grc' dir='ltr'>ἀθέμιτον</span> <span class='ocrx_word' id='word_1_258' title='bbox 1470 2921 1816 2990; x_wconf 78' lang='grc' dir='ltr'>συμϐούλιον,</span> 
     </span>
    </p>
   </div>
   <div class='ocr_carea' id='block_1_36' title="bbox 239 3011 1823 3085">
    <p class='ocr_par' dir='ltr' id='par_1_36' title="bbox 239 3011 1823 3085">
     <span class='ocr_line' id='line_1_36' title="bbox 239 3011 1823 3085; baseline -0.001 -18"><span class='ocrx_word' id='word_1_259' title='bbox 239 3016 274 3067; x_wconf 77' lang='grc' dir='ltr'><strong>ὃ</strong></span> <span class='ocrx_word' id='word_1_260' title='bbox 299 3017 531 3085; x_wconf 86' lang='grc' dir='ltr'>ἐποίησα</span> <span class='ocrx_word' id='word_1_261' title='bbox 559 3016 639 3077; x_wconf 86' lang='grc' dir='ltr'><strong>είς</strong></span> <span class='ocrx_word' id='word_1_262' title='bbox 672 3015 750 3067; x_wconf 89' lang='grc' dir='ltr'>σέ.</span> <span class='ocrx_word' id='word_1_263' title='bbox 783 3015 858 3084; x_wconf 78' lang='grc' dir='ltr'>Ζῇ</span> <span class='ocrx_word' id='word_1_264' title='bbox 890 3014 1093 3081; x_wconf 82' lang='grc' dir='ltr'>Κύριος</span> <span class='ocrx_word' id='word_1_265' title='bbox 1122 3012 1149 3065; x_wconf 90' lang='lat'><strong>6</strong></span> <span class='ocrx_word' id='word_1_266' title='bbox 1174 3011 1305 3075; x_wconf 82' lang='grc' dir='ltr'>Θεός</span> <span class='ocrx_word' id='word_1_267' title='bbox 1338 3030 1461 3082; x_wconf 91' lang='grc' dir='ltr'>μου,</span> <span class='ocrx_word' id='word_1_268' title='bbox 1491 3013 1552 3065; x_wconf 85' lang='grc' dir='ltr'><strong>οὑ</strong></span> <span class='ocrx_word' id='word_1_269' title='bbox 1581 3013 1656 3081; x_wconf 83' lang='grc' dir='ltr'>μὴ</span> <span class='ocrx_word' id='word_1_270' title='bbox 1689 3013 1823 3065; x_wconf 86' lang='grc' dir='ltr'>ἀνα-</span> 
     </span>
    </p>
   </div>
   <div class='ocr_carea' id='block_1_37' title="bbox 243 3097 1821 3174">
    <p class='ocr_par' dir='ltr' id='par_1_37' title="bbox 243 3097 1821 3174">
     <span class='ocr_line' id='line_1_37' title="bbox 243 3097 1821 3174; baseline -0.003 -15"><span class='ocrx_word' id='word_1_271' title='bbox 243 3105 361 3159; x_wconf 87' lang='grc' dir='ltr'>στῶ</span> <span class='ocrx_word' id='word_1_272' title='bbox 394 3108 457 3159; x_wconf 87' lang='grc' dir='ltr'><strong>ἐκ</strong></span> <span class='ocrx_word' id='word_1_273' title='bbox 489 3105 598 3158; x_wconf 90' lang='grc' dir='ltr'><strong>τῶν</strong></span> <span class='ocrx_word' id='word_1_274' title='bbox 626 3103 803 3157; x_wconf 83' lang='grc' dir='ltr'>ποδῶν</span> <span class='ocrx_word' id='word_1_275' title='bbox 833 3120 947 3168; x_wconf 90' lang='grc' dir='ltr'>σου,</span> <span class='ocrx_word' id='word_1_276' title='bbox 977 3103 1081 3165; x_wconf 74' lang='grc' dir='ltr'>ἕως</span> <span class='ocrx_word' id='word_1_277' title='bbox 1109 3097 1170 3157; x_wconf 82' lang='grc' dir='ltr'><strong>οῦ</strong></span> <span class='ocrx_word' id='word_1_278' title='bbox 1209 3103 1308 3173; x_wconf 81' lang='grc' dir='ltr'><strong>τὴν</strong></span> <span class='ocrx_word' id='word_1_279' title='bbox 1340 3103 1690 3173; x_wconf 86' lang='grc' dir='ltr'>συγχώρησίν</span> <span class='ocrx_word' id='word_1_280' title='bbox 1732 3121 1821 3174; x_wconf 89' lang='grc' dir='ltr'><strong>μοι</strong></span> 
     </span>
    </p>
   </div>
   <div class='ocr_carea' id='block_1_38' title="bbox 1896 984 3469 1063">
    <p class='ocr_par' dir='ltr' id='par_1_38' title="bbox 1896 984 3469 1063">
     <span class='ocr_line' id='line_1_38' title="bbox 1896 984 3469 1063; baseline -0.013 -14"><span class='ocrx_word' id='word_1_281' title='bbox 1896 1007 2065 1049; x_wconf 90' lang='lat' dir='ltr'><strong>torem</strong></span> <span class='ocrx_word' id='word_1_282' title='bbox 2092 993 2212 1063; x_wconf 85' lang='lat' dir='ltr'><strong>ejus</strong></span> <span class='ocrx_word' id='word_1_283' title='bbox 2242 992 2433 1061; x_wconf 85' lang='lat' dir='ltr'><strong>stipem</strong></span> <span class='ocrx_word' id='word_1_284' title='bbox 2467 992 2535 1044; x_wconf 89' lang='lat' dir='ltr'><strong>ab</strong></span> <span class='ocrx_word' id='word_1_285' title='bbox 2565 1003 2631 1043; x_wconf 92' lang='lat' dir='ltr'><strong>eo</strong></span> <span class='ocrx_word' id='word_1_286' title='bbox 2661 986 2905 1058; x_wconf 90' lang='lat' dir='ltr'><strong>quotidie</strong></span> <span class='ocrx_word' id='word_1_287' title='bbox 2934 986 3137 1052; x_wconf 88' lang='lat' dir='ltr'><strong>accepi.</strong></span> <span class='ocrx_word' id='word_1_288' title='bbox 3178 984 3308 1035; x_wconf 79' lang='lat' dir='ltr'><strong>Eam</strong></span> <span class='ocrx_word' id='word_1_289' title='bbox 3341 993 3469 1037; x_wconf 82' lang='lat' dir='ltr'><strong>vero</strong></span> 
     </span>
    </p>
   </div>
   <div class='ocr_carea' id='block_1_39' title="bbox 1896 1075 3470 1153">
    <p class='ocr_par' dir='ltr' id='par_1_39' title="bbox 1896 1075 3470 1153">
     <span class='ocr_line' id='line_1_39' title="bbox 1896 1075 3470 1153; baseline -0.011 -13"><span class='ocrx_word' id='word_1_290' title='bbox 1896 1101 2114 1140; x_wconf 87' lang='lat' dir='ltr'><strong>rursum</strong></span> <span class='ocrx_word' id='word_1_291' title='bbox 2171 1086 2503 1153; x_wconf 90' lang='lat' dir='ltr'><strong>interrogant</strong></span> <span class='ocrx_word' id='word_1_292' title='bbox 2557 1101 2570 1135; x_wconf 90' lang='lat'><strong>:</strong></span> <span class='ocrx_word' id='word_1_293' title='bbox 2619 1082 2688 1133; x_wconf 86' lang='lat' dir='ltr'><strong>At</strong></span> <span class='ocrx_word' id='word_1_294' title='bbox 2717 1079 2860 1133; x_wconf 89' lang='lat' dir='ltr'><strong>enim</strong></span> <span class='ocrx_word' id='word_1_295' title='bbox 2903 1085 2983 1140; x_wconf 89' lang='lat' dir='ltr'><strong>tu,</strong></span> <span class='ocrx_word' id='word_1_296' title='bbox 3020 1076 3239 1135; x_wconf 78' lang='lat' dir='ltr'><strong>mulier,</strong></span> <span class='ocrx_word' id='word_1_297' title='bbox 3295 1075 3470 1125; x_wconf 83' lang='lat' dir='ltr'><strong>virum</strong></span> 
     </span>
    </p>
   </div>
   <div class='ocr_carea' id='block_1_40' title="bbox 1899 1163 3473 1242">
    <p class='ocr_par' dir='ltr' id='par_1_40' title="bbox 1899 1163 3473 1242">
     <span class='ocr_line' id='line_1_40' title="bbox 1899 1163 3473 1242; baseline -0.01 -12"><span class='ocrx_word' id='word_1_298' title='bbox 1899 1177 2045 1231; x_wconf 86' lang='lat' dir='ltr'><strong>hunc</strong></span> <span class='ocrx_word' id='word_1_299' title='bbox 2082 1188 2375 1242; x_wconf 85' lang='lat' dir='ltr'><strong>congressu</strong></span> <span class='ocrx_word' id='word_1_300' title='bbox 2428 1170 2675 1240; x_wconf 87' lang='lat' dir='ltr'><strong>corporis</strong></span> <span class='ocrx_word' id='word_1_301' title='bbox 2709 1184 2814 1223; x_wconf 90' lang='lat' dir='ltr'><strong>una</strong></span> <span class='ocrx_word' id='word_1_302' title='bbox 2861 1177 3042 1222; x_wconf 86' lang='lat' dir='ltr'><strong>tecum</strong></span> <span class='ocrx_word' id='word_1_303' title='bbox 3079 1164 3249 1217; x_wconf 84' lang='lat' dir='ltr'><strong>fuisse</strong></span> <span class='ocrx_word' id='word_1_304' title='bbox 3292 1163 3473 1217; x_wconf 78' lang='lat' dir='ltr'><strong>nosti?</strong></span> 
     </span>
    </p>
   </div>
   <div class='ocr_carea' id='block_1_41' title="bbox 1900 1254 3476 1333">
    <p class='ocr_par' dir='ltr' id='par_1_41' title="bbox 1900 1254 3476 1333">
     <span class='ocr_line' id='line_1_41' title="bbox 1900 1254 3476 1333; baseline -0.011 -10"><span class='ocrx_word' id='word_1_305' title='bbox 1900 1268 1998 1323; x_wconf 80' lang='lat' dir='ltr'><strong>Hic</strong></span> <span class='ocrx_word' id='word_1_306' title='bbox 2024 1267 2113 1319; x_wconf 87' lang='lat' dir='ltr'><strong>illa</strong></span> <span class='ocrx_word' id='word_1_307' title='bbox 2143 1266 2209 1318; x_wconf 90' lang='lat' dir='ltr'><strong>ab</strong></span> <span class='ocrx_word' id='word_1_308' title='bbox 2235 1264 2346 1319; x_wconf 92' lang='lat' dir='ltr'><strong>imo</strong></span> <span class='ocrx_word' id='word_1_309' title='bbox 2370 1271 2592 1333; x_wconf 87' lang='lat' dir='ltr'><strong>pectore</strong></span> <span class='ocrx_word' id='word_1_310' title='bbox 2630 1259 2912 1326; x_wconf 87' lang='lat' dir='ltr'><strong>suspirans</strong></span> <span class='ocrx_word' id='word_1_311' title='bbox 2953 1273 3016 1311; x_wconf 91' lang='lat' dir='ltr'><strong>ac</strong></span> <span class='ocrx_word' id='word_1_312' title='bbox 3052 1258 3358 1324; x_wconf 85' lang='lat' dir='ltr'><strong>lacrymans</strong></span> <span class='ocrx_word' id='word_1_313' title='bbox 3390 1254 3476 1306; x_wconf 90' lang='lat' dir='ltr'><strong>in-</strong></span> 
     </span>
    </p>
   </div>
   <div class='ocr_carea' id='block_1_42' title="bbox 1901 1346 3475 1429">
    <p class='ocr_par' dir='ltr' id='par_1_42' title="bbox 1901 1346 3475 1429">
     <span class='ocr_line' id='line_1_42' title="bbox 1901 1346 3475 1429; baseline -0.01 -15"><span class='ocrx_word' id='word_1_314' title='bbox 1901 1359 2046 1429; x_wconf 81' lang='lat' dir='ltr'><strong>genti</strong></span> <span class='ocrx_word' id='word_1_315' title='bbox 2074 1373 2203 1413; x_wconf 87' lang='lat' dir='ltr'><strong>voce</strong></span> <span class='ocrx_word' id='word_1_316' title='bbox 2234 1354 2488 1412; x_wconf 90' lang='lat' dir='ltr'><strong>clamavit</strong></span> <span class='ocrx_word' id='word_1_317' title='bbox 2521 1371 2534 1407; x_wconf 86' lang='lat'><strong>:</strong></span> <span class='ocrx_word' id='word_1_318' title='bbox 2574 1352 2719 1407; x_wconf 76' lang='lat' dir='ltr'><strong>Vivit</strong></span> <span class='ocrx_word' id='word_1_319' title='bbox 2753 1351 3016 1405; x_wconf 90' lang='lat' dir='ltr'><strong>Dominus</strong></span> <span class='ocrx_word' id='word_1_320' title='bbox 3053 1350 3336 1409; x_wconf 85' lang='lat' dir='ltr'><strong>virtutum,</strong></span> <span class='ocrx_word' id='word_1_321' title='bbox 3377 1346 3475 1399; x_wconf 88' lang='lat' dir='ltr'><strong>ho-</strong></span> 
     </span>
    </p>
   </div>
   <div class='ocr_carea' id='block_1_43' title="bbox 1902 1438 3481 1519">
    <p class='ocr_par' dir='ltr' id='par_1_43' title="bbox 1902 1438 3481 1519">
     <span class='ocr_line' id='line_1_43' title="bbox 1902 1438 3481 1519; baseline -0.007 -16"><span class='ocrx_word' id='word_1_322' title='bbox 1902 1451 2102 1504; x_wconf 87' lang='lat' dir='ltr'><strong>minem</strong></span> <span class='ocrx_word' id='word_1_323' title='bbox 2132 1464 2231 1519; x_wconf 86' lang='lat' dir='ltr'><strong>ego</strong></span> <span class='ocrx_word' id='word_1_324' title='bbox 2266 1449 2431 1509; x_wconf 85' lang='lat' dir='ltr'><strong>hunc,</strong></span> <span class='ocrx_word' id='word_1_325' title='bbox 2459 1446 2583 1516; x_wconf 82' lang='lat' dir='ltr'><strong>quis</strong></span> <span class='ocrx_word' id='word_1_326' title='bbox 2622 1446 2709 1509; x_wconf 86' lang='lat' dir='ltr'><strong>sit,</strong></span> <span class='ocrx_word' id='word_1_327' title='bbox 2744 1451 3015 1513; x_wconf 83' lang='lat' dir='ltr'><strong>quatenus</strong></span> <span class='ocrx_word' id='word_1_328' title='bbox 3055 1455 3267 1493; x_wconf 89' lang='lat' dir='ltr'><strong>mecum</strong></span> <span class='ocrx_word' id='word_1_329' title='bbox 3311 1438 3481 1493; x_wconf 85' lang='lat' dir='ltr'><strong>fuisse</strong></span> 
     </span>
    </p>
   </div>
   <div class='ocr_carea' id='block_1_44' title="bbox 1902 1527 3479 1598">
    <p class='ocr_par' dir='ltr' id='par_1_44' title="bbox 1902 1527 3479 1598">
     <span class='ocr_line' id='line_1_44' title="bbox 1902 1527 3479 1598; baseline -0.005 -10"><span class='ocrx_word' id='word_1_330' title='bbox 1902 1550 2001 1589; x_wconf 90' lang='lat' dir='ltr'><strong>vos</strong></span> <span class='ocrx_word' id='word_1_331' title='bbox 2026 1535 2264 1598; x_wconf 84' lang='lat' dir='ltr'><strong>dixistis,</strong></span> <span class='ocrx_word' id='word_1_332' title='bbox 2302 1549 2411 1589; x_wconf 86' lang='lat' dir='ltr'><strong>non</strong></span> <span class='ocrx_word' id='word_1_333' title='bbox 2439 1532 2578 1595; x_wconf 86' lang='lat' dir='ltr'><strong>vidi;</strong></span> <span class='ocrx_word' id='word_1_334' title='bbox 2611 1547 2797 1586; x_wconf 87' lang='lat' dir='ltr'><strong>verum</strong></span> <span class='ocrx_word' id='word_1_335' title='bbox 2853 1529 3088 1583; x_wconf 89' lang='lat' dir='ltr'><strong>Sabinus</strong></span> <span class='ocrx_word' id='word_1_336' title='bbox 3117 1537 3170 1582; x_wconf 92' lang='lat' dir='ltr'><strong>et</strong></span> <span class='ocrx_word' id='word_1_337' title='bbox 3215 1527 3479 1583; x_wconf 87' lang='lat' dir='ltr'><strong>Crescen-</strong></span> 
     </span>
    </p>
   </div>
   <div class='ocr_carea' id='block_1_45' title="bbox 1907 1623 3479 1696">
    <p class='ocr_par' dir='ltr' id='par_1_45' title="bbox 1907 1623 3479 1696">
     <span class='ocr_line' id='line_1_45' title="bbox 1907 1623 3479 1696; baseline -0.004 -15"><span class='ocrx_word' id='word_1_338' title='bbox 1907 1626 2087 1693; x_wconf 91' lang='lat' dir='ltr'><strong>tinus,</strong></span> <span class='ocrx_word' id='word_1_339' title='bbox 2132 1627 2227 1696; x_wconf 86' lang='lat' dir='ltr'><strong>qui</strong></span> <span class='ocrx_word' id='word_1_340' title='bbox 2258 1633 2385 1680; x_wconf 85' lang='lat' dir='ltr'><strong>ante</strong></span> <span class='ocrx_word' id='word_1_341' title='bbox 2417 1641 2513 1680; x_wconf 85' lang='lat' dir='ltr'><strong>vos</strong></span> <span class='ocrx_word' id='word_1_342' title='bbox 2546 1636 2757 1688; x_wconf 83' lang='lat' dir='ltr'><strong>astant,</strong></span> <span class='ocrx_word' id='word_1_343' title='bbox 2795 1625 2868 1678; x_wconf 91' lang='lat' dir='ltr'><strong>illi</strong></span> <span class='ocrx_word' id='word_1_344' title='bbox 2906 1624 3010 1693; x_wconf 89' lang='lat' dir='ltr'><strong>ipsi</strong></span> <span class='ocrx_word' id='word_1_345' title='bbox 3042 1639 3130 1678; x_wconf 90' lang='lat' dir='ltr'><strong>me</strong></span> <span class='ocrx_word' id='word_1_346' title='bbox 3178 1630 3238 1677; x_wconf 93' lang='lat' dir='ltr'><strong>ut</strong></span> <span class='ocrx_word' id='word_1_347' title='bbox 3270 1623 3479 1692; x_wconf 82' lang='lat' dir='ltr'><strong>justum</strong></span> 
     </span>
    </p>
   </div>
   <div class='ocr_carea' id='block_1_46' title="bbox 1909 1717 3482 1787">
    <p class='ocr_par' dir='ltr' id='par_1_46' title="bbox 1909 1717 3482 1787">
     <span class='ocr_line' id='line_1_46' title="bbox 1909 1717 3482 1787; baseline -0.003 -14"><span class='ocrx_word' id='word_1_348' title='bbox 1909 1721 2053 1774; x_wconf 86' lang='lat' dir='ltr'><strong>hunc</strong></span> <span class='ocrx_word' id='word_1_349' title='bbox 2088 1733 2402 1774; x_wconf 89' lang='lat' dir='ltr'><strong>accusarem</strong></span> <span class='ocrx_word' id='word_1_350' title='bbox 2447 1719 2745 1787; x_wconf 80' lang='lat' dir='ltr'><strong>adegerunt</strong></span> <span class='ocrx_word' id='word_1_351' title='bbox 2780 1734 2793 1770; x_wconf 90' lang='lat'><strong>:</strong></span> <span class='ocrx_word' id='word_1_352' title='bbox 2836 1718 3122 1784; x_wconf 87' lang='lat' dir='ltr'><strong>pecuniam</strong></span> <span class='ocrx_word' id='word_1_353' title='bbox 3162 1717 3306 1770; x_wconf 90' lang='lat' dir='ltr'><strong>enim</strong></span> <span class='ocrx_word' id='word_1_354' title='bbox 3348 1717 3482 1769; x_wconf 81' lang='lat' dir='ltr'><strong>mihi</strong></span> 
     </span>
    </p>
   </div>
   <div class='ocr_carea' id='block_1_47' title="bbox 1908 1808 3486 1880">
    <p class='ocr_par' dir='ltr' id='par_1_47' title="bbox 1908 1808 3486 1880">
     <span class='ocr_line' id='line_1_47' title="bbox 1908 1808 3486 1880; baseline -0.005 -14"><span class='ocrx_word' id='word_1_355' title='bbox 1908 1811 2043 1866; x_wconf 86' lang='lat' dir='ltr'><strong>satis</strong></span> <span class='ocrx_word' id='word_1_356' title='bbox 2071 1812 2328 1880; x_wconf 87' lang='lat' dir='ltr'><strong>grandem</strong></span> <span class='ocrx_word' id='word_1_357' title='bbox 2366 1810 2584 1873; x_wconf 86' lang='lat' dir='ltr'><strong>dedere,</strong></span> <span class='ocrx_word' id='word_1_358' title='bbox 2617 1823 2749 1879; x_wconf 87' lang='lat' dir='ltr'><strong>quo,</strong></span> <span class='ocrx_word' id='word_1_359' title='bbox 2792 1818 2848 1861; x_wconf 90' lang='lat' dir='ltr'><strong>nt</strong></span> <span class='ocrx_word' id='word_1_360' title='bbox 2874 1808 3006 1871; x_wconf 78' lang='lat' dir='ltr'><strong>dixi,</strong></span> <span class='ocrx_word' id='word_1_361' title='bbox 3041 1823 3164 1862; x_wconf 92' lang='lat' dir='ltr'><strong>eum</strong></span> <span class='ocrx_word' id='word_1_362' title='bbox 3194 1808 3486 1875; x_wconf 86' lang='lat' dir='ltr'><strong>redargue-</strong></span> 
     </span>
    </p>
   </div>
   <div class='ocr_carea' id='block_1_48' title="bbox 1910 1895 3487 1969">
    <p class='ocr_par' dir='ltr' id='par_1_48' title="bbox 1910 1895 3487 1969">
     <span class='ocr_line' id='line_1_48' title="bbox 1910 1895 3487 1969; baseline -0.004 -15"><span class='ocrx_word' id='word_1_363' title='bbox 1910 1916 2025 1955; x_wconf 90' lang='lat' dir='ltr'><strong>rem</strong></span> <span class='ocrx_word' id='word_1_364' title='bbox 2060 1899 2195 1969; x_wconf 68' lang='lat'><strong>(94),</strong></span> <span class='ocrx_word' id='word_1_365' title='bbox 2246 1899 2506 1967; x_wconf 76' lang='lat' dir='ltr'><strong>iniustum</strong></span> <span class='ocrx_word' id='word_1_366' title='bbox 2549 1912 2680 1953; x_wconf 86' lang='lat' dir='ltr'><strong>ausa</strong></span> <span class='ocrx_word' id='word_1_367' title='bbox 2719 1895 2950 1957; x_wconf 88' lang='lat' dir='ltr'><strong>facinus,</strong></span> <span class='ocrx_word' id='word_1_368' title='bbox 2992 1906 3050 1951; x_wconf 94' lang='lat' dir='ltr'><strong>ut</strong></span> <span class='ocrx_word' id='word_1_369' title='bbox 3084 1912 3169 1950; x_wconf 90' lang='lat' dir='ltr'><strong>me</strong></span> <span class='ocrx_word' id='word_1_370' title='bbox 3203 1896 3487 1950; x_wconf 89' lang='lat' dir='ltr'><strong>hominum</strong></span> 
     </span>
    </p>
   </div>
   <div class='ocr_carea' id='block_1_49' title="bbox 1911 1988 3487 2060">
    <p class='ocr_par' dir='ltr' id='par_1_49' title="bbox 1911 1988 3487 2060">
     <span class='ocr_line' id='line_1_49' title="bbox 1911 1988 3487 2060; baseline -0.003 -14"><span class='ocrx_word' id='word_1_371' title='bbox 1911 1993 2138 2046; x_wconf 91' lang='lat' dir='ltr'><strong>istorum</strong></span> <span class='ocrx_word' id='word_1_372' title='bbox 2169 1990 2429 2060; x_wconf 87' lang='lat' dir='ltr'><strong>iniquitas</strong></span> <span class='ocrx_word' id='word_1_373' title='bbox 2456 1991 2507 2043; x_wconf 91' lang='lat' dir='ltr'><strong>in</strong></span> <span class='ocrx_word' id='word_1_374' title='bbox 2544 1988 2787 2044; x_wconf 88' lang='lat' dir='ltr'><strong>fraudem</strong></span> <span class='ocrx_word' id='word_1_375' title='bbox 2819 1988 3010 2043; x_wconf 81' lang='lat' dir='ltr'><strong>illexit.</strong></span> <span class='ocrx_word' id='word_1_376' title='bbox 3040 1988 3110 2043; x_wconf 87' lang='lat' dir='ltr'><strong>At</strong></span> <span class='ocrx_word' id='word_1_377' title='bbox 3143 1988 3349 2044; x_wconf 87' lang='lat' dir='ltr'><strong>crimen</strong></span> <span class='ocrx_word' id='word_1_378' title='bbox 3386 1989 3487 2042; x_wconf 87' lang='lat' dir='ltr'><strong>hoc</strong></span> 
     </span>
    </p>
   </div>
   <div class='ocr_carea' id='block_1_50' title="bbox 1914 2081 3487 2150">
    <p class='ocr_par' dir='ltr' id='par_1_50' title="bbox 1914 2081 3487 2150">
     <span class='ocr_line' id='line_1_50' title="bbox 1914 2081 3487 2150; baseline -0.003 -12"><span class='ocrx_word' id='word_1_379' title='bbox 1914 2099 2091 2138; x_wconf 92' lang='lat' dir='ltr'><strong>meum</strong></span> <span class='ocrx_word' id='word_1_380' title='bbox 2148 2082 2411 2137; x_wconf 88' lang='lat' dir='ltr'><strong>Dominus</strong></span> <span class='ocrx_word' id='word_1_381' title='bbox 2470 2082 2611 2137; x_wconf 88' lang='lat' dir='ltr'><strong>Deus</strong></span> <span class='ocrx_word' id='word_1_382' title='bbox 2668 2083 2781 2150; x_wconf 88' lang='lat' dir='ltr'><strong>pari</strong></span> <span class='ocrx_word' id='word_1_383' title='bbox 2834 2081 2939 2134; x_wconf 90' lang='lat' dir='ltr'><strong>illis</strong></span> <span class='ocrx_word' id='word_1_384' title='bbox 2992 2095 3151 2149; x_wconf 62' lang='lat' dir='ltr'><strong>paena</strong></span> <span class='ocrx_word' id='word_1_385' title='bbox 3209 2081 3487 2150; x_wconf 83' lang='lat' dir='ltr'><strong>rependet.</strong></span> 
     </span>
    </p>
   </div>
   <div class='ocr_carea' id='block_1_51' title="bbox 1910 2173 3489 2247">
    <p class='ocr_par' dir='ltr' id='par_1_51' title="bbox 1910 2173 3489 2247">
     <span class='ocr_line' id='line_1_51' title="bbox 1910 2173 3489 2247; baseline -0.003 -17"><span class='ocrx_word' id='word_1_386' title='bbox 1910 2175 2044 2231; x_wconf 75' lang='lat' dir='ltr'><strong>Na’m</strong></span> <span class='ocrx_word' id='word_1_387' title='bbox 2078 2192 2179 2247; x_wconf 95' lang='lat' dir='ltr'><strong>ego</strong></span> <span class='ocrx_word' id='word_1_388' title='bbox 2214 2177 2432 2245; x_wconf 89' lang='lat' dir='ltr'><strong>quidem</strong></span> <span class='ocrx_word' id='word_1_389' title='bbox 2488 2176 2765 2229; x_wconf 76' lang='lat' dir='ltr'><strong>biennium</strong></span> <span class='ocrx_word' id='word_1_390' title='bbox 2812 2185 2864 2226; x_wconf 86' lang='lat' dir='ltr'><strong>et</strong></span> <span class='ocrx_word' id='word_1_391' title='bbox 2908 2188 3124 2228; x_wconf 90' lang='lat' dir='ltr'><strong>menses</strong></span> <span class='ocrx_word' id='word_1_392' title='bbox 3169 2188 3261 2229; x_wconf 73' lang='lat' dir='ltr'><strong>sex</strong></span> <span class='ocrx_word' id='word_1_393' title='bbox 3305 2188 3335 2225; x_wconf 89' lang='lat' dir='ltr'><strong>a</strong></span> <span class='ocrx_word' id='word_1_394' title='bbox 3384 2173 3489 2226; x_wconf 66' lang='lat' dir='ltr'><strong>ila--</strong></span> 
     </span>
    </p>
   </div>
   <div class='ocr_carea' id='block_1_52' title="bbox 1913 2265 3490 2323">
    <p class='ocr_par' dir='ltr' id='par_1_52' title="bbox 1913 2265 3490 2323">
     <span class='ocr_line' id='line_1_52' title="bbox 1913 2265 3490 2323; baseline -0.003 0"><span class='ocrx_word' id='word_1_395' title='bbox 1913 2284 2075 2323; x_wconf 89' lang='lat' dir='ltr'><strong>mone</strong></span> <span class='ocrx_word' id='word_1_396' title='bbox 2104 2268 2413 2322; x_wconf 75' lang='lat' dir='ltr'><strong>excruciata</strong></span> <span class='ocrx_word' id='word_1_397' title='bbox 2451 2282 2591 2320; x_wconf 91' lang='lat' dir='ltr'><strong>sum.</strong></span> <span class='ocrx_word' id='word_1_398' title='bbox 2642 2265 2738 2321; x_wconf 87' lang='lat' dir='ltr'><strong>His</strong></span> <span class='ocrx_word' id='word_1_399' title='bbox 2761 2266 2923 2320; x_wconf 88' lang='lat' dir='ltr'><strong>dictis</strong></span> <span class='ocrx_word' id='word_1_400' title='bbox 2956 2281 3079 2319; x_wconf 89' lang='lat' dir='ltr'><strong>cum</strong></span> <span class='ocrx_word' id='word_1_401' title='bbox 3107 2273 3258 2319; x_wconf 88' lang='lat' dir='ltr'><strong>stans</strong></span> <span class='ocrx_word' id='word_1_402' title='bbox 3299 2266 3490 2319; x_wconf 85' lang='lat' dir='ltr'><strong>oculos</strong></span> 
     </span>
    </p>
   </div>
   <div class='ocr_carea' id='block_1_53' title="bbox 1914 2357 3493 2425">
    <p class='ocr_par' dir='ltr' id='par_1_53' title="bbox 1914 2357 3493 2425">
     <span class='ocr_line' id='line_1_53' title="bbox 1914 2357 3493 2425; baseline -0.003 -13"><span class='ocrx_word' id='word_1_403' title='bbox 1914 2359 2336 2413; x_wconf 86' lang='lat' dir='ltr'><strong>circumtulisset</strong></span> <span class='ocrx_word' id='word_1_404' title='bbox 2367 2359 2435 2411; x_wconf 88' lang='lat' dir='ltr'><strong>ad</strong></span> <span class='ocrx_word' id='word_1_405' title='bbox 2466 2372 2658 2411; x_wconf 90' lang='lat' dir='ltr'><strong>omnes</strong></span> <span class='ocrx_word' id='word_1_406' title='bbox 2683 2357 2993 2425; x_wconf 86' lang='lat' dir='ltr'><strong>episcopos,</strong></span> <span class='ocrx_word' id='word_1_407' title='bbox 3027 2357 3192 2425; x_wconf 90' lang='lat' dir='ltr'><strong>paulo</strong></span> <span class='ocrx_word' id='word_1_408' title='bbox 3226 2365 3346 2425; x_wconf 90' lang='lat' dir='ltr'><strong>post</strong></span> <span class='ocrx_word' id='word_1_409' title='bbox 3368 2370 3493 2409; x_wconf 84' lang='lat' dir='ltr'><strong>san-</strong></span> 
     </span>
    </p>
   </div>
   <div class='ocr_carea' id='block_1_54' title="bbox 1915 2448 3497 2520">
    <p class='ocr_par' dir='ltr' id='par_1_54' title="bbox 1915 2448 3497 2520">
     <span class='ocr_line' id='line_1_54' title="bbox 1915 2448 3497 2520; baseline -0.002 -16"><span class='ocrx_word' id='word_1_410' title='bbox 1915 2460 2062 2505; x_wconf 91' lang='lat' dir='ltr'><strong>ctum</strong></span> <span class='ocrx_word' id='word_1_411' title='bbox 2095 2449 2413 2520; x_wconf 85' lang='lat' dir='ltr'><strong>Gregorium</strong></span> <span class='ocrx_word' id='word_1_412' title='bbox 2441 2449 2802 2518; x_wconf 89' lang='lat' dir='ltr'><strong>contemplata</strong></span> <span class='ocrx_word' id='word_1_413' title='bbox 2840 2448 3077 2519; x_wconf 78' lang='lat' dir='ltr'><strong>agnovit,</strong></span> <span class='ocrx_word' id='word_1_414' title='bbox 3111 2456 3274 2517; x_wconf 88' lang='lat' dir='ltr'><strong>atque</strong></span> <span class='ocrx_word' id='word_1_415' title='bbox 3304 2463 3497 2503; x_wconf 85' lang='lat' dir='ltr'><strong>accur-</strong></span> 
     </span>
    </p>
   </div>
   <div class='ocr_carea' id='block_1_55' title="bbox 1917 2540 3495 2611">
    <p class='ocr_par' dir='ltr' id='par_1_55' title="bbox 1917 2540 3495 2611">
     <span class='ocr_line' id='line_1_55' title="bbox 1917 2540 3495 2611; baseline -0.002 -16"><span class='ocrx_word' id='word_1_416' title='bbox 1917 2557 2045 2597; x_wconf 89' lang='lat' dir='ltr'><strong>rens</strong></span> <span class='ocrx_word' id='word_1_417' title='bbox 2077 2541 2143 2595; x_wconf 87' lang='lat' dir='ltr'><strong>ad</strong></span> <span class='ocrx_word' id='word_1_418' title='bbox 2176 2542 2335 2609; x_wconf 82' lang='lat' dir='ltr'><strong>pedes</strong></span> <span class='ocrx_word' id='word_1_419' title='bbox 2363 2541 2504 2608; x_wconf 88' lang='lat' dir='ltr'><strong>ejus,</strong></span> <span class='ocrx_word' id='word_1_420' title='bbox 2537 2540 2722 2595; x_wconf 89' lang='lat' dir='ltr'><strong>multis</strong></span> <span class='ocrx_word' id='word_1_421' title='bbox 2755 2556 2877 2596; x_wconf 92' lang='lat' dir='ltr'><strong>cum</strong></span> <span class='ocrx_word' id='word_1_422' title='bbox 2922 2542 3176 2611; x_wconf 78' lang='lat' dir='ltr'><strong>lacrymis</strong></span> <span class='ocrx_word' id='word_1_423' title='bbox 3207 2550 3261 2595; x_wconf 90' lang='lat' dir='ltr'><strong>et</strong></span> <span class='ocrx_word' id='word_1_424' title='bbox 3300 2556 3495 2608; x_wconf 80' lang='lat' dir='ltr'><strong>magno</strong></span> 
     </span>
    </p>
   </div>
   <div class='ocr_carea' id='block_1_56' title="bbox 1919 2632 3492 2697">
    <p class='ocr_par' dir='ltr' id='par_1_56' title="bbox 1919 2632 3492 2697">
     <span class='ocr_line' id='line_1_56' title="bbox 1919 2632 3492 2697; baseline -0.001 -10"><span class='ocrx_word' id='word_1_425' title='bbox 1919 2632 2085 2687; x_wconf 90' lang='lat' dir='ltr'><strong>animi</strong></span> <span class='ocrx_word' id='word_1_426' title='bbox 2109 2632 2294 2687; x_wconf 89' lang='lat' dir='ltr'><strong>dolore</strong></span> <span class='ocrx_word' id='word_1_427' title='bbox 2325 2634 2406 2686; x_wconf 89' lang='lat' dir='ltr'><strong>sic</strong></span> <span class='ocrx_word' id='word_1_428' title='bbox 2430 2647 2554 2685; x_wconf 93' lang='lat' dir='ltr'><strong>eum</strong></span> <span class='ocrx_word' id='word_1_429' title='bbox 2585 2641 2671 2685; x_wconf 92' lang='lat' dir='ltr'><strong>est</strong></span> <span class='ocrx_word' id='word_1_430' title='bbox 2701 2633 2934 2687; x_wconf 87' lang='lat' dir='ltr'><strong>allocuta</strong></span> <span class='ocrx_word' id='word_1_431' title='bbox 2967 2649 2980 2685; x_wconf 90' lang='lat'><strong>:</strong></span> <span class='ocrx_word' id='word_1_432' title='bbox 3008 2632 3258 2687; x_wconf 81' lang='lat' dir='ltr'><strong>Misereat</strong></span> <span class='ocrx_word' id='word_1_433' title='bbox 3286 2642 3335 2686; x_wconf 87' lang='lat' dir='ltr'><strong>te</strong></span> <span class='ocrx_word' id='word_1_434' title='bbox 3368 2636 3492 2697; x_wconf 85' lang='lat' dir='ltr'><strong>mei,</strong></span> 
     </span>
    </p>
   </div>
   <div class='ocr_carea' id='block_1_57' title="bbox 1920 2723 3492 2793">
    <p class='ocr_par' dir='ltr' id='par_1_57' title="bbox 1920 2723 3492 2793">
     <span class='ocr_line' id='line_1_57' title="bbox 1920 2723 3492 2793; baseline -0.001 -16"><span class='ocrx_word' id='word_1_435' title='bbox 1920 2740 1952 2777; x_wconf 93' lang='lat' dir='ltr'><strong>o</strong></span> <span class='ocrx_word' id='word_1_436' title='bbox 1998 2724 2091 2778; x_wconf 86' lang='lat' dir='ltr'><strong>Dei</strong></span> <span class='ocrx_word' id='word_1_437' title='bbox 2125 2739 2302 2786; x_wconf 82' lang='lat' dir='ltr'><strong>serve,</strong></span> <span class='ocrx_word' id='word_1_438' title='bbox 2356 2738 2418 2777; x_wconf 89' lang='lat' dir='ltr'><strong>ac</strong></span> <span class='ocrx_word' id='word_1_439' title='bbox 2471 2724 2734 2791; x_wconf 84' lang='lat' dir='ltr'><strong>lnjustum</strong></span> <span class='ocrx_word' id='word_1_440' title='bbox 2785 2723 3143 2793; x_wconf 89' lang='lat' dir='ltr'><strong>iniquumque</strong></span> <span class='ocrx_word' id='word_1_441' title='bbox 3182 2725 3492 2788; x_wconf 72' lang='lat' dir='ltr'><strong>consilium,</strong></span> 
     </span>
    </p>
   </div>
   <div class='ocr_carea' id='block_1_58' title="bbox 1920 2813 3496 2884">
    <p class='ocr_par' dir='ltr' id='par_1_58' title="bbox 1920 2813 3496 2884">
     <span class='ocr_line' id='line_1_58' title="bbox 1920 2813 3496 2884; baseline -0.002 -13"><span class='ocrx_word' id='word_1_442' title='bbox 1920 2818 2065 2884; x_wconf 89' lang='lat' dir='ltr'><strong>quod</strong></span> <span class='ocrx_word' id='word_1_443' title='bbox 2100 2819 2154 2871; x_wconf 90' lang='lat' dir='ltr'><strong>in</strong></span> <span class='ocrx_word' id='word_1_444' title='bbox 2185 2828 2236 2871; x_wconf 89' lang='lat' dir='ltr'><strong>te</strong></span> <span class='ocrx_word' id='word_1_445' title='bbox 2265 2815 2645 2884; x_wconf 86' lang='lat' dir='ltr'><strong>suscepi,mihi</strong></span> <span class='ocrx_word' id='word_1_446' title='bbox 2667 2813 2870 2869; x_wconf 91' lang='lat' dir='ltr'><strong>infelici</strong></span> <span class='ocrx_word' id='word_1_447' title='bbox 2902 2823 2956 2869; x_wconf 89' lang='lat' dir='ltr'><strong>et</strong></span> <span class='ocrx_word' id='word_1_448' title='bbox 2980 2813 3206 2884; x_wconf 70' lang='lat' dir='ltr'><strong>abiecta:</strong></span> <span class='ocrx_word' id='word_1_449' title='bbox 3232 2816 3496 2869; x_wconf 72' lang='lat' dir='ltr'><strong>remittas.</strong></span> 
     </span>
    </p>
   </div>
   <div class='ocr_carea' id='block_1_59' title="bbox 1928 2907 3499 2977">
    <p class='ocr_par' dir='ltr' id='par_1_59' title="bbox 1928 2907 3499 2977">
     <span class='ocr_line' id='line_1_59' title="bbox 1928 2907 3499 2977; baseline -0.002 -14"><span class='ocrx_word' id='word_1_450' title='bbox 1928 2909 2069 2965; x_wconf 85' lang='lat' dir='ltr'><strong>Vivit</strong></span> <span class='ocrx_word' id='word_1_451' title='bbox 2101 2910 2361 2964; x_wconf 91' lang='lat' dir='ltr'><strong>Dominus</strong></span> <span class='ocrx_word' id='word_1_452' title='bbox 2386 2909 2531 2964; x_wconf 87' lang='lat' dir='ltr'><strong>Deus</strong></span> <span class='ocrx_word' id='word_1_453' title='bbox 2566 2923 2741 2971; x_wconf 89' lang='lat' dir='ltr'><strong>meus,</strong></span> <span class='ocrx_word' id='word_1_454' title='bbox 2775 2924 2804 2961; x_wconf 92' lang='lat' dir='ltr'><strong>a</strong></span> <span class='ocrx_word' id='word_1_455' title='bbox 2852 2908 3078 2977; x_wconf 82' lang='lat' dir='ltr'><strong>pedibus</strong></span> <span class='ocrx_word' id='word_1_456' title='bbox 3106 2922 3209 2976; x_wconf 85' lang='lat' dir='ltr'><strong>ego</strong></span> <span class='ocrx_word' id='word_1_457' title='bbox 3252 2907 3357 2962; x_wconf 90' lang='lat' dir='ltr'><strong>tuis</strong></span> <span class='ocrx_word' id='word_1_458' title='bbox 3392 2922 3499 2962; x_wconf 88' lang='lat' dir='ltr'><strong>non</strong></span> 
     </span>
    </p>
   </div>
   <div class='ocr_carea' id='block_1_60' title="bbox 1925 2994 3589 3071">
    <p class='ocr_par' dir='ltr' id='par_1_60' title="bbox 1925 2994 3589 3071">
     <span class='ocr_line' id='line_1_60' title="bbox 1925 2994 3589 3071; baseline -0.002 -14"><span class='ocrx_word' id='word_1_459' title='bbox 1925 3012 2050 3057; x_wconf 91' lang='lat' dir='ltr'><strong>ante</strong></span> <span class='ocrx_word' id='word_1_460' title='bbox 2079 3002 2391 3062; x_wconf 87' lang='lat' dir='ltr'><strong>abscedam,</strong></span> <span class='ocrx_word' id='word_1_461' title='bbox 2425 3016 2590 3071; x_wconf 89' lang='lat' dir='ltr'><strong>quam</strong></span> <span class='ocrx_word' id='word_1_462' title='bbox 2624 3001 2757 3053; x_wconf 90' lang='lat' dir='ltr'><strong>mihi</strong></span> <span class='ocrx_word' id='word_1_463' title='bbox 2794 2999 2982 3069; x_wconf 80' lang='lat' dir='ltr'><strong>ﬂagitii</strong></span> <span class='ocrx_word' id='word_1_464' title='bbox 3015 3000 3117 3053; x_wconf 89' lang='lat' dir='ltr'><strong>mei</strong></span> <span class='ocrx_word' id='word_1_465' title='bbox 3152 3002 3363 3053; x_wconf 85' lang='lat' dir='ltr'><strong>veniam</strong></span> <span class='ocrx_word' id='word_1_466' title='bbox 3390 3016 3418 3053; x_wconf 94' lang='lat' dir='ltr'><strong>a</strong></span> <span class='ocrx_word' id='word_1_467' title='bbox 3453 3009 3506 3053; x_wconf 79' lang='lat' dir='ltr'><strong>te</strong></span> <span class='ocrx_word' id='word_1_468' title='bbox 3588 2994 3589 2997; x_wconf 50' lang='grc'><em>“</em></span> 
     </span>
    </p>
   </div>
   <div class='ocr_carea' id='block_1_61' title="bbox 1925 3090 3508 3156">
    <p class='ocr_par' dir='ltr' id='par_1_61' title="bbox 1925 3090 3508 3156">
     <span class='ocr_line' id='line_1_61' title="bbox 1925 3090 3508 3156; baseline 0 -11"><span class='ocrx_word' id='word_1_469' title='bbox 1925 3092 2106 3145; x_wconf 87' lang='lat' dir='ltr'><strong>datam</strong></span> <span class='ocrx_word' id='word_1_470' title='bbox 2177 3090 2481 3145; x_wconf 89' lang='lat' dir='ltr'><strong>renunties.</strong></span> <span class='ocrx_word' id='word_1_471' title='bbox 2530 3090 2900 3156; x_wconf 82' lang='lat' dir='ltr'><strong>Quamobrem</strong></span> <span class='ocrx_word' id='word_1_472' title='bbox 2973 3106 3038 3143; x_wconf 89' lang='lat' dir='ltr'><strong>ne</strong></span> <span class='ocrx_word' id='word_1_473' title='bbox 3105 3091 3508 3145; x_wconf 75' lang='lat' dir='ltr'><strong>animadvertas</strong></span> 
     </span>
    </p>
   </div>
   <div class='ocr_carea' id='block_1_62' title="bbox 241 3178 1851 3267">
    <p class='ocr_par' dir='ltr' id='par_1_62' title="bbox 241 3193 1824 3267">
     <span class='ocr_line' id='line_1_62' title="bbox 241 3193 1824 3267; baseline -0.004 -17"><span class='ocrx_word' id='word_1_474' title='bbox 241 3196 588 3267; x_wconf 76' lang='grc' dir='ltr'>ἀπαγγείλῃς</span> <span class='ocrx_word' id='word_1_475' title='bbox 613 3196 715 3265; x_wconf 78' lang='grc' dir='ltr'><strong>τῆς</strong></span> <span class='ocrx_word' id='word_1_476' title='bbox 736 3196 1058 3267; x_wconf 88' lang='grc' dir='ltr'>παρανόμης</span> <span class='ocrx_word' id='word_1_477' title='bbox 1093 3212 1193 3265; x_wconf 93' lang='grc' dir='ltr'><strong>μου</strong></span> <span class='ocrx_word' id='word_1_478' title='bbox 1225 3193 1497 3264; x_wconf 78' lang='grc' dir='ltr'>πράξεως.</span> <span class='ocrx_word' id='word_1_479' title='bbox 1521 3194 1612 3246; x_wconf 83' lang='grc' dir='ltr'>Διὸ</span> <span class='ocrx_word' id='word_1_480' title='bbox 1641 3195 1715 3263; x_wconf 78' lang='grc' dir='ltr'>μὴ</span> <span class='ocrx_word' id='word_1_481' title='bbox 1742 3194 1824 3245; x_wconf 87' lang='grc' dir='ltr'>ἐν-</span> 
     </span>
    </p>
   </div>
   <div class='ocr_carea' id='block_1_63' title="bbox 1925 3178 3507 3267">
    <p class='ocr_par' dir='ltr' id='par_1_63' title="bbox 1931 3178 3507 3245">
     <span class='ocr_line' id='line_1_63' title="bbox 1931 3178 3507 3245; baseline 0.001 -12"><span class='ocrx_word' id='word_1_482' title='bbox 1931 3195 2064 3233; x_wconf 87' lang='lat' dir='ltr'><strong>neve</strong></span> <span class='ocrx_word' id='word_1_483' title='bbox 2086 3179 2419 3240; x_wconf 86' lang='lat' dir='ltr'><strong>memineris,</strong></span> <span class='ocrx_word' id='word_1_484' title='bbox 2446 3178 2602 3231; x_wconf 79' lang='lat' dir='ltr'><strong>Pater</strong></span> <span class='ocrx_word' id='word_1_485' title='bbox 2626 3187 2833 3242; x_wconf 85' lang='lat' dir='ltr'><strong>sancte,</strong></span> <span class='ocrx_word' id='word_1_486' title='bbox 2856 3193 2976 3245; x_wconf 65' lang='lat' dir='ltr'><strong>qum</strong></span> <span class='ocrx_word' id='word_1_487' title='bbox 3000 3193 3029 3231; x_wconf 87' lang='lat' dir='ltr'><strong>a</strong></span> <span class='ocrx_word' id='word_1_488' title='bbox 3050 3194 3133 3232; x_wconf 90' lang='lat' dir='ltr'><strong>me</strong></span> <span class='ocrx_word' id='word_1_489' title='bbox 3159 3180 3297 3233; x_wconf 87' lang='lat' dir='ltr'><strong>mala</strong></span> <span class='ocrx_word' id='word_1_490' title='bbox 3315 3190 3507 3235; x_wconf 88' lang='lat' dir='ltr'><strong>contra</strong></span> 
     </span>
    </p>
   </div>
   <div class='ocr_carea' id='block_1_64' title="bbox 244 3284 1826 3358">
    <p class='ocr_par' dir='ltr' id='par_1_64' title="bbox 244 3284 1826 3358">
     <span class='ocr_line' id='line_1_64' title="bbox 244 3284 1826 3358; baseline -0.002 -19"><span class='ocrx_word' id='word_1_491' title='bbox 244 3290 473 3358; x_wconf 76' lang='grc' dir='ltr'>νοήσῃς,</span> <span class='ocrx_word' id='word_1_492' title='bbox 488 3286 622 3357; x_wconf 80' lang='grc' dir='ltr'>μηδὲ</span> <span class='ocrx_word' id='word_1_493' title='bbox 646 3286 892 3357; x_wconf 80' lang='grc' dir='ltr'>μνησθῇς</span> <span class='ocrx_word' id='word_1_494' title='bbox 919 3286 1027 3339; x_wconf 90' lang='grc' dir='ltr'><strong>τῶν</strong></span> <span class='ocrx_word' id='word_1_495' title='bbox 1055 3286 1185 3355; x_wconf 83' lang='grc' dir='ltr'>παρ’</span> <span class='ocrx_word' id='word_1_496' title='bbox 1212 3285 1346 3355; x_wconf 83' lang='grc' dir='ltr'>ἐμοῦ</span> <span class='ocrx_word' id='word_1_497' title='bbox 1375 3284 1723 3355; x_wconf 81' lang='grc' dir='ltr'>πραχθέντων</span> <span class='ocrx_word' id='word_1_498' title='bbox 1748 3286 1826 3346; x_wconf 77' lang='grc' dir='ltr'><strong>είς</strong></span> 
     </span>
    </p>
   </div>
   <div class='ocr_carea' id='block_1_65' title="bbox 248 3376 951 3451">
    <p class='ocr_par' dir='ltr' id='par_1_65' title="bbox 248 3376 951 3451">
     <span class='ocr_line' id='line_1_65' title="bbox 248 3376 951 3451; baseline 0 -19"><span class='ocrx_word' id='word_1_499' title='bbox 248 3382 317 3432; x_wconf 83' lang='grc' dir='ltr'><strong>σέ</strong></span> <span class='ocrx_word' id='word_1_500' title='bbox 348 3378 556 3441; x_wconf 84' lang='grc' dir='ltr'>κακῶν,</span> <span class='ocrx_word' id='word_1_501' title='bbox 591 3378 773 3451; x_wconf 84' lang='grc' dir='ltr'>Πάτερ</span> <span class='ocrx_word' id='word_1_502' title='bbox 808 3376 951 3446; x_wconf 71' lang='grc' dir='ltr'>ἅγιε.</span> 
     </span>
    </p>
   </div>
   <div class='ocr_carea' id='block_1_66' title="bbox 325 3466 1829 3541">
    <p class='ocr_par' dir='ltr' id='par_1_66' title="bbox 325 3466 1829 3541">
     <span class='ocr_line' id='line_1_66' title="bbox 325 3466 1829 3541; baseline -0.001 -19"><span class='ocrx_word' id='word_1_503' title='bbox 325 3470 446 3522; x_wconf 88' lang='lat' dir='ltr'><strong>OE&#39;.</strong></span> <span class='ocrx_word' id='word_1_504' title='bbox 487 3466 674 3523; x_wconf 90' lang='grc' dir='ltr'>Ταῦτα</span> <span class='ocrx_word' id='word_1_505' title='bbox 702 3469 758 3521; x_wconf 84' lang='grc' dir='ltr'>δὲ</span> <span class='ocrx_word' id='word_1_506' title='bbox 779 3469 873 3521; x_wconf 73' lang='grc' dir='ltr'>ἐπὶ</span> <span class='ocrx_word' id='word_1_507' title='bbox 901 3469 1161 3533; x_wconf 87' lang='grc' dir='ltr'>πλείστας</span> <span class='ocrx_word' id='word_1_508' title='bbox 1183 3470 1333 3541; x_wconf 83' lang='grc' dir='ltr'>ὥρας</span> <span class='ocrx_word' id='word_1_509' title='bbox 1366 3469 1723 3539; x_wconf 82' lang='grc' dir='ltr'>διαλεγομένη</span> <span class='ocrx_word' id='word_1_510' title='bbox 1752 3468 1829 3538; x_wconf 84' lang='grc' dir='ltr'>τῷ</span> 
     </span>
    </p>
   </div>
   <div class='ocr_carea' id='block_1_67' title="bbox 247 3558 1827 3633">
    <p class='ocr_par' dir='ltr' id='par_1_67' title="bbox 247 3558 1827 3633">
     <span class='ocr_line' id='line_1_67' title="bbox 247 3558 1827 3633; baseline -0.003 -16"><span class='ocrx_word' id='word_1_511' title='bbox 247 3563 398 3633; x_wconf 77' lang='grc' dir='ltr'>ἁγίῳ</span> <span class='ocrx_word' id='word_1_512' title='bbox 426 3564 459 3633; x_wconf 85' lang='grc' dir='ltr'><strong>ή</strong></span> <span class='ocrx_word' id='word_1_513' title='bbox 483 3562 640 3632; x_wconf 89' lang='grc' dir='ltr'>κόρη,</span> <span class='ocrx_word' id='word_1_514' title='bbox 669 3561 991 3631; x_wconf 72' lang='grc' dir='ltr'>ἀποκριθεὶς</span> <span class='ocrx_word' id='word_1_515' title='bbox 1021 3564 1049 3615; x_wconf 96' lang='lat'><strong>6</strong></span> <span class='ocrx_word' id='word_1_516' title='bbox 1069 3561 1224 3629; x_wconf 86' lang='grc' dir='ltr'>ἆγιος</span> <span class='ocrx_word' id='word_1_517' title='bbox 1246 3562 1393 3630; x_wconf 83' lang='grc' dir='ltr'>λέγει</span> <span class='ocrx_word' id='word_1_518' title='bbox 1427 3563 1564 3632; x_wconf 72' lang='grc' dir='ltr'>αὐτῇ</span> <span class='ocrx_word' id='word_1_519' title='bbox 1592 3579 1604 3591; x_wconf 91' lang='grc'><strong>·</strong></span> <span class='ocrx_word' id='word_1_520' title='bbox 1638 3558 1705 3613; x_wconf 82' lang='grc' dir='ltr'><strong><em>Ὦ</em></strong></span> <span class='ocrx_word' id='word_1_521' title='bbox 1733 3562 1827 3629; x_wconf 87' lang='grc' dir='ltr'>γύ-</span> 
     </span>
    </p>
   </div>
   <div class='ocr_carea' id='block_1_68' title="bbox 248 3653 1829 3723">
    <p class='ocr_par' dir='ltr' id='par_1_68' title="bbox 248 3653 1829 3723">
     <span class='ocr_line' id='line_1_68' title="bbox 248 3653 1829 3723; baseline -0.001 -17"><span class='ocrx_word' id='word_1_522' title='bbox 248 3672 366 3716; x_wconf 85' lang='grc' dir='ltr'>ναι,</span> <span class='ocrx_word' id='word_1_523' title='bbox 400 3656 501 3707; x_wconf 82' lang='grc' dir='ltr'>οὑκ</span> <span class='ocrx_word' id='word_1_524' title='bbox 531 3654 677 3706; x_wconf 79' lang='grc' dir='ltr'>ἐστιν</span> <span class='ocrx_word' id='word_1_525' title='bbox 701 3654 834 3722; x_wconf 80' lang='grc' dir='ltr'>ἡμῖν</span> <span class='ocrx_word' id='word_1_526' title='bbox 876 3653 938 3705; x_wconf 83' lang='grc' dir='ltr'><strong>τὸ</strong></span> <span class='ocrx_word' id='word_1_527' title='bbox 970 3654 1421 3722; x_wconf 89' lang='grc' dir='ltr'>ἐπαγγείλασθαι,</span> <span class='ocrx_word' id='word_1_528' title='bbox 1452 3655 1528 3716; x_wconf 84' lang='grc' dir='ltr'>ὡς</span> <span class='ocrx_word' id='word_1_529' title='bbox 1568 3654 1631 3706; x_wconf 79' lang='grc' dir='ltr'><strong>σὺ</strong></span> <span class='ocrx_word' id='word_1_530' title='bbox 1676 3654 1829 3723; x_wconf 88' lang='grc' dir='ltr'>νομί-</span> 
     </span>
    </p>
   </div>
   <div class='ocr_carea' id='block_1_69' title="bbox 249 3743 1827 3816">
    <p class='ocr_par' dir='ltr' id='par_1_69' title="bbox 249 3743 1827 3816">
     <span class='ocr_line' id='line_1_69' title="bbox 249 3743 1827 3816; baseline -0.001 -17"><span class='ocrx_word' id='word_1_531' title='bbox 249 3748 394 3811; x_wconf 80' lang='grc' dir='ltr'>ζεις,</span> <span class='ocrx_word' id='word_1_532' title='bbox 425 3746 473 3797; x_wconf 85' lang='grc' dir='ltr'><strong>εί</strong></span> <span class='ocrx_word' id='word_1_533' title='bbox 508 3744 583 3814; x_wconf 86' lang='grc' dir='ltr'>μὴ</span> <span class='ocrx_word' id='word_1_534' title='bbox 598 3744 772 3814; x_wconf 89' lang='grc' dir='ltr'>-μόνον</span> <span class='ocrx_word' id='word_1_535' title='bbox 801 3743 896 3797; x_wconf 87' lang='grc' dir='ltr'><strong>τοῦ</strong></span> <span class='ocrx_word' id='word_1_536' title='bbox 924 3745 1366 3816; x_wconf 82' lang='grc' dir='ltr'>φιλοικτίρμονος</span> <span class='ocrx_word' id='word_1_537' title='bbox 1397 3747 1490 3799; x_wconf 75' lang='grc' dir='ltr'><strong>καὶ</strong></span> <span class='ocrx_word' id='word_1_538' title='bbox 1519 3745 1827 3816; x_wconf 77' lang='grc' dir='ltr'>φιλανθρὼο</span> 
     </span>
    </p>
   </div>
   <div class='ocr_carea' id='block_1_70' title="bbox 249 3836 1830 3907">
    <p class='ocr_par' dir='ltr' id='par_1_70' title="bbox 249 3836 1830 3907">
     <span class='ocr_line' id='line_1_70' title="bbox 249 3836 1830 3907; baseline -0.001 -15"><span class='ocrx_word' id='word_1_539' title='bbox 249 3857 363 3892; x_wconf 82' lang='grc' dir='ltr'><strong>που</strong></span> <span class='ocrx_word' id='word_1_540' title='bbox 392 3838 527 3891; x_wconf 88' lang='grc' dir='ltr'>Θεοῦ</span> <span class='ocrx_word' id='word_1_541' title='bbox 553 3836 711 3906; x_wconf 79' lang='grc' dir='ltr'>ἡμῶν</span> <span class='ocrx_word' id='word_1_542' title='bbox 737 3853 749 3866; x_wconf 88' lang='grc'><strong>·</strong></span> <span class='ocrx_word' id='word_1_543' title='bbox 788 3836 949 3899; x_wconf 85' lang='grc' dir='ltr'>αὐτὸς</span> <span class='ocrx_word' id='word_1_544' title='bbox 978 3837 1087 3907; x_wconf 82' lang='grc' dir='ltr'>γὰρ</span> <span class='ocrx_word' id='word_1_545' title='bbox 1118 3839 1264 3892; x_wconf 76' lang='grc' dir='ltr'>ἰᾶται</span> <span class='ocrx_word' id='word_1_546' title='bbox 1293 3839 1362 3891; x_wconf 85' lang='grc' dir='ltr'>τὰ</span> <span class='ocrx_word' id='word_1_547' title='bbox 1400 3838 1694 3907; x_wconf 87' lang='grc' dir='ltr'>τραύματα</span> <span class='ocrx_word' id='word_1_548' title='bbox 1724 3838 1830 3891; x_wconf 89' lang='grc' dir='ltr'><strong>τῶν</strong></span> 
     </span>
    </p>
   </div>
   <div class='ocr_carea' id='block_1_71' title="bbox 248 3910 1830 4003">
    <p class='ocr_par' dir='ltr' id='par_1_71' title="bbox 248 3910 1830 4003">
     <span class='ocr_line' id='line_1_71' title="bbox 248 3910 1830 4003; baseline -0.006 -18"><span class='ocrx_word' id='word_1_549' title='bbox 248 3930 443 4003; x_wconf 72' lang='grc' dir='ltr'>ψυχῶν</span> <span class='ocrx_word' id='word_1_550' title='bbox 468 3929 647 3999; x_wconf 78' lang='grc' dir='ltr'>ἡμῶν,</span> <span class='ocrx_word' id='word_1_551' title='bbox 671 3928 699 3979; x_wconf 92' lang='lat'><strong>6</strong></span> <span class='ocrx_word' id='word_1_552' title='bbox 730 3927 797 3979; x_wconf 75' lang='grc' dir='ltr'>τὰ</span> <span class='ocrx_word' id='word_1_553' title='bbox 837 3928 984 3999; x_wconf 84' lang='grc' dir='ltr'>πάθη</span> <span class='ocrx_word' id='word_1_554' title='bbox 1028 3929 1095 3981; x_wconf 80' lang='grc' dir='ltr'>δι’</span> <span class='ocrx_word' id='word_1_555' title='bbox 1122 3910 1280 3999; x_wconf 78' lang='grc' dir='ltr'>ήμῶν</span> <span class='ocrx_word' id='word_1_556' title='bbox 1307 3929 1571 3991; x_wconf 83' lang='grc' dir='ltr'>ἑκουσίως</span> <span class='ocrx_word' id='word_1_557' title='bbox 1603 3929 1830 3996; x_wconf 84' lang='grc' dir='ltr'>ὑπομεί-</span> 
     </span>
    </p>
   </div>
   <div class='ocr_carea' id='block_1_72' title="bbox 249 4018 1829 4091">
    <p class='ocr_par' dir='ltr' id='par_1_72' title="bbox 249 4018 1829 4091">
     <span class='ocr_line' id='line_1_72' title="bbox 249 4018 1829 4091; baseline -0.005 -12"><span class='ocrx_word' id='word_1_558' title='bbox 249 4041 376 4087; x_wconf 68' lang='grc' dir='ltr'>νας,</span> <span class='ocrx_word' id='word_1_559' title='bbox 397 4021 488 4075; x_wconf 76' lang='grc' dir='ltr'><strong>καὶ</strong></span> <span class='ocrx_word' id='word_1_560' title='bbox 504 4019 790 4087; x_wconf 82' lang='grc' dir='ltr'>γινώσκων</span> <span class='ocrx_word' id='word_1_561' title='bbox 819 4018 914 4087; x_wconf 83' lang='grc' dir='ltr'><strong>τῆς</strong></span> <span class='ocrx_word' id='word_1_562' title='bbox 945 4021 1146 4091; x_wconf 80' lang='grc' dir='ltr'>σαρκὸς</span> <span class='ocrx_word' id='word_1_563' title='bbox 1174 4021 1242 4073; x_wconf 83' lang='grc' dir='ltr'>τὰ</span> <span class='ocrx_word' id='word_1_564' title='bbox 1275 4019 1442 4089; x_wconf 84' lang='grc' dir='ltr'>πάθη,</span> <span class='ocrx_word' id='word_1_565' title='bbox 1467 4019 1541 4082; x_wconf 87' lang='grc' dir='ltr'><strong>ὡς</strong></span> <span class='ocrx_word' id='word_1_566' title='bbox 1564 4019 1829 4088; x_wconf 81' lang='grc' dir='ltr'>πλάστης,</span> 
     </span>
    </p>
   </div>
   <div class='ocr_carea' id='block_1_73' title="bbox 250 4108 1834 4187">
    <p class='ocr_par' dir='ltr' id='par_1_73' title="bbox 250 4108 1834 4187">
     <span class='ocr_line' id='line_1_73' title="bbox 250 4108 1834 4187; baseline -0.009 -14"><span class='ocrx_word' id='word_1_567' title='bbox 250 4120 351 4173; x_wconf 73' lang='grc' dir='ltr'><strong>καὶ</strong></span> <span class='ocrx_word' id='word_1_568' title='bbox 375 4117 733 4187; x_wconf 87' lang='grc' dir='ltr'>ἐνδυσάμενος</span> <span class='ocrx_word' id='word_1_569' title='bbox 764 4116 955 4184; x_wconf 80' lang='grc' dir='ltr'>αὑτήν.</span> <span class='ocrx_word' id='word_1_570' title='bbox 984 4111 1150 4182; x_wconf 83' lang='grc' dir='ltr'>Πλὴν,</span> <span class='ocrx_word' id='word_1_571' title='bbox 1180 4110 1364 4179; x_wconf 89' lang='grc' dir='ltr'>γύναι,</span> <span class='ocrx_word' id='word_1_572' title='bbox 1384 4108 1495 4179; x_wconf 81' lang='grc' dir='ltr'>δῴη</span> <span class='ocrx_word' id='word_1_573' title='bbox 1520 4110 1650 4179; x_wconf 78' lang='grc' dir='ltr'>ἡμῖν</span> <span class='ocrx_word' id='word_1_574' title='bbox 1673 4110 1834 4172; x_wconf 78' lang='grc' dir='ltr'>αὐτὸς</span> 
     </span>
    </p>
   </div>
   <div class='ocr_carea' id='block_1_74' title="bbox 254 4202 1833 4279">
    <p class='ocr_par' dir='ltr' id='par_1_74' title="bbox 254 4202 1833 4279">
     <span class='ocr_line' id='line_1_74' title="bbox 254 4202 1833 4279; baseline -0.007 -16"><span class='ocrx_word' id='word_1_575' title='bbox 254 4209 607 4279; x_wconf 80' lang='grc' dir='ltr'>συγχώρησιν</span> <span class='ocrx_word' id='word_1_576' title='bbox 637 4208 780 4262; x_wconf 87' lang='grc' dir='ltr'><strong>κατὰ</strong></span> <span class='ocrx_word' id='word_1_577' title='bbox 811 4208 876 4259; x_wconf 72' lang='grc' dir='ltr'>τὰ</span> <span class='ocrx_word' id='word_1_578' title='bbox 906 4205 1180 4275; x_wconf 79' lang='grc' dir='ltr'>αἰτήματα</span> <span class='ocrx_word' id='word_1_579' title='bbox 1204 4202 1379 4273; x_wconf 87' lang='grc' dir='ltr'>ήμῶν,</span> <span class='ocrx_word' id='word_1_580' title='bbox 1412 4203 1503 4257; x_wconf 82' lang='grc' dir='ltr'><strong>καὶ</strong></span> <span class='ocrx_word' id='word_1_581' title='bbox 1536 4202 1833 4271; x_wconf 82' lang='grc' dir='ltr'>καθαρίσαι</span> 
     </span>
    </p>
   </div>
   <div class='ocr_carea' id='block_1_75' title="bbox 251 4294 1835 4370">
    <p class='ocr_par' dir='ltr' id='par_1_75' title="bbox 251 4294 1835 4370">
     <span class='ocr_line' id='line_1_75' title="bbox 251 4294 1835 4370; baseline -0.008 -15"><span class='ocrx_word' id='word_1_582' title='bbox 251 4303 410 4370; x_wconf 71' lang='grc' dir='ltr'>ἡμᾶς</span> <span class='ocrx_word' id='word_1_583' title='bbox 441 4302 551 4355; x_wconf 81' lang='grc' dir='ltr'>ἀπὸ</span> <span class='ocrx_word' id='word_1_584' title='bbox 582 4301 762 4369; x_wconf 88' lang='grc' dir='ltr'>πάσης</span> <span class='ocrx_word' id='word_1_585' title='bbox 798 4296 1092 4368; x_wconf 80' lang='grc' dir='ltr'>ἁμαρτίας,</span> <span class='ocrx_word' id='word_1_586' title='bbox 1127 4296 1208 4347; x_wconf 82' lang='grc' dir='ltr'>ὅτι</span> <span class='ocrx_word' id='word_1_587' title='bbox 1241 4295 1404 4355; x_wconf 82' lang='grc' dir='ltr'>αὐτός</span> <span class='ocrx_word' id='word_1_588' title='bbox 1430 4295 1579 4345; x_wconf 89' lang='grc' dir='ltr'>ἐστιν</span> <span class='ocrx_word' id='word_1_589' title='bbox 1611 4295 1639 4345; x_wconf 91' lang='lat'><strong>6</strong></span> <span class='ocrx_word' id='word_1_590' title='bbox 1667 4294 1835 4363; x_wconf 83' lang='grc' dir='ltr'>αἴρων</span> 
     </span>
    </p>
   </div>
   <div class='ocr_carea' id='block_1_76' title="bbox 256 4383 1835 4459">
    <p class='ocr_par' dir='ltr' id='par_1_76' title="bbox 256 4383 1835 4459">
     <span class='ocr_line' id='line_1_76' title="bbox 256 4383 1835 4459; baseline -0.004 -20"><span class='ocrx_word' id='word_1_591' title='bbox 256 4390 363 4459; x_wconf 79' lang='grc' dir='ltr'>τὴν</span> <span class='ocrx_word' id='word_1_592' title='bbox 398 4387 674 4457; x_wconf 81' lang='grc' dir='ltr'>ἁμαρτίαν</span> <span class='ocrx_word' id='word_1_593' title='bbox 718 4385 813 4439; x_wconf 89' lang='grc' dir='ltr'><strong>τοῦ</strong></span> <span class='ocrx_word' id='word_1_594' title='bbox 851 4384 1080 4453; x_wconf 88' lang='grc' dir='ltr'>κόσμου.</span> <span class='ocrx_word' id='word_1_595' title='bbox 1125 4383 1235 4436; x_wconf 75' lang='grc' dir='ltr'><strong>Καὶ</strong></span> <span class='ocrx_word' id='word_1_596' title='bbox 1286 4384 1565 4453; x_wconf 83' lang='grc' dir='ltr'>κρατήσας</span> <span class='ocrx_word' id='word_1_597' title='bbox 1616 4383 1835 4451; x_wconf 70' lang='grc' dir='ltr'>ἡγειρεν</span> 
     </span>
    </p>
   </div>
   <div class='ocr_carea' id='block_1_77' title="bbox 257 4472 1835 4548">
    <p class='ocr_par' dir='ltr' id='par_1_77' title="bbox 257 4472 1835 4548">
     <span class='ocr_line' id='line_1_77' title="bbox 257 4472 1835 4548; baseline -0.005 -14"><span class='ocrx_word' id='word_1_598' title='bbox 257 4480 454 4548; x_wconf 81' lang='grc' dir='ltr'>αὐτήν.</span> <span class='ocrx_word' id='word_1_599' title='bbox 504 4479 753 4545; x_wconf 86' lang='grc' dir='ltr'>Ἐγένετο</span> <span class='ocrx_word' id='word_1_600' title='bbox 784 4477 841 4529; x_wconf 83' lang='grc' dir='ltr'>δὲ</span> <span class='ocrx_word' id='word_1_601' title='bbox 872 4475 1033 4544; x_wconf 74' lang='grc' dir='ltr'>φόϐος</span> <span class='ocrx_word' id='word_1_602' title='bbox 1065 4475 1157 4527; x_wconf 70' lang='grc' dir='ltr'>ἐπὶ</span> <span class='ocrx_word' id='word_1_603' title='bbox 1181 4474 1391 4535; x_wconf 88' lang='grc' dir='ltr'>πάντας</span> <span class='ocrx_word' id='word_1_604' title='bbox 1418 4476 1542 4535; x_wconf 79' lang='grc' dir='ltr'>τοὺς</span> <span class='ocrx_word' id='word_1_605' title='bbox 1582 4472 1741 4537; x_wconf 81' lang='grc' dir='ltr'>ὄντας</span> <span class='ocrx_word' id='word_1_606' title='bbox 1779 4475 1835 4526; x_wconf 84' lang='grc' dir='ltr'><strong>ἐν</strong></span> 
     </span>
    </p>
   </div>
   <div class='ocr_carea' id='block_1_78' title="bbox 1935 3269 2412 3322">
    <p class='ocr_par' dir='ltr' id='par_1_78' title="bbox 1935 3269 2412 3322">
     <span class='ocr_line' id='line_1_78' title="bbox 1935 3269 2412 3322; baseline -0.004 0"><span class='ocrx_word' id='word_1_607' title='bbox 1935 3280 1983 3322; x_wconf 89' lang='lat' dir='ltr'><strong>te</strong></span> <span class='ocrx_word' id='word_1_608' title='bbox 2018 3269 2254 3322; x_wconf 87' lang='lat' dir='ltr'><strong>admissa</strong></span> <span class='ocrx_word' id='word_1_609' title='bbox 2283 3270 2412 3322; x_wconf 90' lang='lat' dir='ltr'><strong>sint.</strong></span> 
     </span>
    </p>
   </div>
   <div class='ocr_carea' id='block_1_79' title="bbox 2006 3472 3510 3541">
    <p class='ocr_par' dir='ltr' id='par_1_79' title="bbox 2006 3472 3510 3541">
     <span class='ocr_line' id='line_1_79' title="bbox 2006 3472 3510 3541; baseline 0.001 -16"><span class='ocrx_word' id='word_1_610' title='bbox 2006 3472 2216 3525; x_wconf 76' lang='lat' dir='ltr'><strong>LXXV.</strong></span> <span class='ocrx_word' id='word_1_611' title='bbox 2256 3474 2379 3528; x_wconf 71' lang='lat' dir='ltr'><strong>Haec</strong></span> <span class='ocrx_word' id='word_1_612' title='bbox 2426 3473 2501 3525; x_wconf 92' lang='lat' dir='ltr'><strong>illi</strong></span> <span class='ocrx_word' id='word_1_613' title='bbox 2546 3473 2708 3527; x_wconf 90' lang='lat' dir='ltr'><strong>etiam</strong></span> <span class='ocrx_word' id='word_1_614' title='bbox 2773 3484 2934 3541; x_wconf 83' lang='lat' dir='ltr'><strong>atque</strong></span> <span class='ocrx_word' id='word_1_615' title='bbox 2968 3473 3131 3527; x_wconf 91' lang='lat' dir='ltr'><strong>etiam</strong></span> <span class='ocrx_word' id='word_1_616' title='bbox 3188 3473 3510 3528; x_wconf 77' lang='lat' dir='ltr'><strong>edisserenzi</strong></span> 
     </span>
    </p>
   </div>
   <div class='ocr_carea' id='block_1_80' title="bbox 1934 3561 3512 3631">
    <p class='ocr_par' dir='ltr' id='par_1_80' title="bbox 1934 3561 3512 3631">
     <span class='ocr_line' id='line_1_80' title="bbox 1934 3561 3512 3631; baseline 0.001 -16"><span class='ocrx_word' id='word_1_617' title='bbox 1934 3563 2011 3617; x_wconf 87' lang='lat' dir='ltr'><strong>sic</strong></span> <span class='ocrx_word' id='word_1_618' title='bbox 2039 3563 2273 3631; x_wconf 86' lang='lat' dir='ltr'><strong>denique</strong></span> <span class='ocrx_word' id='word_1_619' title='bbox 2299 3571 2521 3617; x_wconf 85' lang='lat' dir='ltr'><strong>sanctus</strong></span> <span class='ocrx_word' id='word_1_620' title='bbox 2553 3563 2633 3616; x_wconf 89' lang='lat' dir='ltr'><strong>vir</strong></span> <span class='ocrx_word' id='word_1_621' title='bbox 2663 3562 2940 3631; x_wconf 84' lang='lat' dir='ltr'><strong>respondit</strong></span> <span class='ocrx_word' id='word_1_622' title='bbox 2970 3580 2983 3614; x_wconf 88' lang='lat'><strong>:</strong></span> <span class='ocrx_word' id='word_1_623' title='bbox 3028 3561 3311 3627; x_wconf 87' lang='lat' dir='ltr'><strong>Nostrum,</strong></span> <span class='ocrx_word' id='word_1_624' title='bbox 3336 3578 3369 3616; x_wconf 92' lang='grc' dir='ltr'><strong>ο</strong></span> <span class='ocrx_word' id='word_1_625' title='bbox 3393 3580 3512 3617; x_wconf 87' lang='lat' dir='ltr'><strong>mu-</strong></span> 
     </span>
    </p>
   </div>
   <div class='ocr_carea' id='block_1_81' title="bbox 1933 3655 3513 3724">
    <p class='ocr_par' dir='ltr' id='par_1_81' title="bbox 1933 3655 3513 3724">
     <span class='ocr_line' id='line_1_81' title="bbox 1933 3655 3513 3724; baseline 0.001 -16"><span class='ocrx_word' id='word_1_626' title='bbox 1933 3655 2050 3718; x_wconf 89' lang='lat' dir='ltr'><strong>lier,</strong></span> <span class='ocrx_word' id='word_1_627' title='bbox 2086 3670 2194 3709; x_wconf 89' lang='lat' dir='ltr'><strong>non</strong></span> <span class='ocrx_word' id='word_1_628' title='bbox 2229 3665 2332 3719; x_wconf 88' lang='lat' dir='ltr'><strong>est,</strong></span> <span class='ocrx_word' id='word_1_629' title='bbox 2366 3656 2509 3709; x_wconf 83' lang='lat' dir='ltr'><strong>sicut</strong></span> <span class='ocrx_word' id='word_1_630' title='bbox 2541 3665 2595 3709; x_wconf 90' lang='lat' dir='ltr'><strong>tu</strong></span> <span class='ocrx_word' id='word_1_631' title='bbox 2654 3666 2833 3723; x_wconf 88' lang='lat' dir='ltr'><strong>putas,</strong></span> <span class='ocrx_word' id='word_1_632' title='bbox 2882 3656 3193 3709; x_wconf 82' lang='lat' dir='ltr'><strong>renuntiare</strong></span> <span class='ocrx_word' id='word_1_633' title='bbox 3238 3656 3383 3724; x_wconf 88' lang='lat' dir='ltr'><strong>quod</strong></span> <span class='ocrx_word' id='word_1_634' title='bbox 3419 3673 3513 3710; x_wconf 89' lang='lat' dir='ltr'><strong>cu-</strong></span> 
     </span>
    </p>
   </div>
   <div class='ocr_carea' id='block_1_82' title="bbox 1933 3746 3512 3815">
    <p class='ocr_par' dir='ltr' id='par_1_82' title="bbox 1933 3746 3512 3815">
     <span class='ocr_line' id='line_1_82' title="bbox 1933 3746 3512 3815; baseline 0.001 -17"><span class='ocrx_word' id='word_1_635' title='bbox 1933 3748 2041 3815; x_wconf 87' lang='lat' dir='ltr'><strong>pis,</strong></span> <span class='ocrx_word' id='word_1_636' title='bbox 2072 3747 2163 3800; x_wconf 85' lang='lat' dir='ltr'><strong>sed</strong></span> <span class='ocrx_word' id='word_1_637' title='bbox 2198 3747 2290 3800; x_wconf 89' lang='lat' dir='ltr'><strong>Dei</strong></span> <span class='ocrx_word' id='word_1_638' title='bbox 2330 3746 2496 3801; x_wconf 87' lang='lat' dir='ltr'><strong>unius</strong></span> <span class='ocrx_word' id='word_1_639' title='bbox 2528 3747 2696 3800; x_wconf 92' lang='lat' dir='ltr'><strong>nostri</strong></span> <span class='ocrx_word' id='word_1_640' title='bbox 2731 3748 3061 3815; x_wconf 83' lang='lat' dir='ltr'><strong>indulgentis</strong></span> <span class='ocrx_word' id='word_1_641' title='bbox 3091 3762 3153 3800; x_wconf 90' lang='lat' dir='ltr'><strong>ac</strong></span> <span class='ocrx_word' id='word_1_642' title='bbox 3178 3747 3512 3801; x_wconf 90' lang='lat' dir='ltr'><strong>miserentis.</strong></span> 
     </span>
    </p>
   </div>
   <div class='ocr_carea' id='block_1_83' title="bbox 1935 3836 3511 3907">
    <p class='ocr_par' dir='ltr' id='par_1_83' title="bbox 1935 3836 3511 3907">
     <span class='ocr_line' id='line_1_83' title="bbox 1935 3836 3511 3907; baseline 0.003 -19"><span class='ocrx_word' id='word_1_643' title='bbox 1935 3836 2053 3906; x_wconf 90' lang='lat' dir='ltr'><strong>Ipse</strong></span> <span class='ocrx_word' id='word_1_644' title='bbox 2088 3838 2230 3890; x_wconf 88' lang='lat' dir='ltr'><strong>enim</strong></span> <span class='ocrx_word' id='word_1_645' title='bbox 2265 3838 2573 3891; x_wconf 91' lang='lat' dir='ltr'><strong>animorum</strong></span> <span class='ocrx_word' id='word_1_646' title='bbox 2606 3847 2922 3891; x_wconf 90' lang='lat' dir='ltr'><strong>nostrorum</strong></span> <span class='ocrx_word' id='word_1_647' title='bbox 2953 3838 3176 3891; x_wconf 84' lang='lat' dir='ltr'><strong>vulnera</strong></span> <span class='ocrx_word' id='word_1_648' title='bbox 3206 3846 3385 3902; x_wconf 90' lang='lat' dir='ltr'><strong>sanat,</strong></span> <span class='ocrx_word' id='word_1_649' title='bbox 3417 3840 3511 3907; x_wconf 91' lang='lat' dir='ltr'><strong>qui</strong></span> 
     </span>
    </p>
   </div>
   <div class='ocr_carea' id='block_1_84' title="bbox 1934 3928 3512 3997">
    <p class='ocr_par' dir='ltr' id='par_1_84' title="bbox 1934 3928 3512 3997">
     <span class='ocr_line' id='line_1_84' title="bbox 1934 3928 3512 3997; baseline 0.002 -19"><span class='ocrx_word' id='word_1_650' title='bbox 1934 3928 2272 3985; x_wconf 85' lang='lat' dir='ltr'><strong>voluntarios</strong></span> <span class='ocrx_word' id='word_1_651' title='bbox 2303 3943 2400 3997; x_wconf 89' lang='lat' dir='ltr'><strong>pro</strong></span> <span class='ocrx_word' id='word_1_652' title='bbox 2446 3928 2603 3982; x_wconf 87' lang='lat' dir='ltr'><strong>nobis</strong></span> <span class='ocrx_word' id='word_1_653' title='bbox 2644 3930 2811 3982; x_wconf 81' lang='lat' dir='ltr'><strong>subiit</strong></span> <span class='ocrx_word' id='word_1_654' title='bbox 2846 3929 3143 3991; x_wconf 88' lang='lat' dir='ltr'><strong>cruciatus,</strong></span> <span class='ocrx_word' id='word_1_655' title='bbox 3191 3940 3241 3983; x_wconf 90' lang='lat' dir='ltr'><strong>et</strong></span> <span class='ocrx_word' id='word_1_656' title='bbox 3288 3930 3512 3983; x_wconf 86' lang='lat' dir='ltr'><strong>humani</strong></span> 
     </span>
    </p>
   </div>
   <div class='ocr_carea' id='block_1_85' title="bbox 1936 4020 3513 4090">
    <p class='ocr_par' dir='ltr' id='par_1_85' title="bbox 1936 4020 3513 4090">
     <span class='ocr_line' id='line_1_85' title="bbox 1936 4020 3513 4090; baseline 0.001 -16"><span class='ocrx_word' id='word_1_657' title='bbox 1936 4020 2170 4088; x_wconf 82' lang='lat' dir='ltr'><strong>generis,</strong></span> <span class='ocrx_word' id='word_1_658' title='bbox 2207 4020 2350 4088; x_wconf 91' lang='lat' dir='ltr'><strong>quod</strong></span> <span class='ocrx_word' id='word_1_659' title='bbox 2396 4020 2633 4074; x_wconf 90' lang='lat' dir='ltr'><strong>condidit</strong></span> <span class='ocrx_word' id='word_1_660' title='bbox 2676 4022 2813 4073; x_wconf 85' lang='lat' dir='ltr'><strong>idem</strong></span> <span class='ocrx_word' id='word_1_661' title='bbox 2858 4032 3021 4090; x_wconf 88' lang='lat' dir='ltr'><strong>atque</strong></span> <span class='ocrx_word' id='word_1_662' title='bbox 3056 4022 3250 4085; x_wconf 92' lang='lat' dir='ltr'><strong>induit,</strong></span> <span class='ocrx_word' id='word_1_663' title='bbox 3286 4021 3513 4077; x_wconf 72' lang='lat' dir='ltr'><strong>aﬂ‘eetus</strong></span> 
     </span>
    </p>
   </div>
   <div class='ocr_carea' id='block_1_86' title="bbox 1937 4111 3511 4180">
    <p class='ocr_par' dir='ltr' id='par_1_86' title="bbox 1937 4111 3511 4180">
     <span class='ocr_line' id='line_1_86' title="bbox 1937 4111 3511 4180; baseline 0 -15"><span class='ocrx_word' id='word_1_664' title='bbox 1937 4112 2105 4165; x_wconf 83' lang='lat' dir='ltr'><strong>novit.</strong></span> <span class='ocrx_word' id='word_1_665' title='bbox 2145 4111 2413 4165; x_wconf 75' lang='lat' dir='ltr'><strong>Caeterum</strong></span> <span class='ocrx_word' id='word_1_666' title='bbox 2445 4113 2536 4166; x_wconf 88' lang='lat' dir='ltr'><strong>det</strong></span> <span class='ocrx_word' id='word_1_667' title='bbox 2583 4112 2695 4180; x_wconf 82' lang='lat' dir='ltr'><strong>ipse</strong></span> <span class='ocrx_word' id='word_1_668' title='bbox 2728 4113 2907 4177; x_wconf 90' lang='lat' dir='ltr'><strong>nobis,</strong></span> <span class='ocrx_word' id='word_1_669' title='bbox 2941 4128 2973 4166; x_wconf 93' lang='grc' dir='ltr'><strong>ο</strong></span> <span class='ocrx_word' id='word_1_670' title='bbox 3014 4113 3231 4175; x_wconf 89' lang='lat' dir='ltr'><strong>mulier,</strong></span> <span class='ocrx_word' id='word_1_671' title='bbox 3274 4115 3511 4176; x_wconf 88' lang='lat' dir='ltr'><strong>veniam,</strong></span> 
     </span>
    </p>
   </div>
   <div class='ocr_carea' id='block_1_87' title="bbox 1937 4203 3515 4272">
    <p class='ocr_par' dir='ltr' id='par_1_87' title="bbox 1937 4203 3515 4272">
     <span class='ocr_line' id='line_1_87' title="bbox 1937 4203 3515 4272; baseline 0.001 -18"><span class='ocrx_word' id='word_1_672' title='bbox 1937 4216 2098 4270; x_wconf 81' lang='lat' dir='ltr'><strong>quam</strong></span> <span class='ocrx_word' id='word_1_673' title='bbox 2130 4203 2328 4271; x_wconf 84' lang='lat' dir='ltr'><strong>singuli</strong></span> <span class='ocrx_word' id='word_1_674' title='bbox 2382 4205 2633 4272; x_wconf 88' lang='lat' dir='ltr'><strong>petimus,</strong></span> <span class='ocrx_word' id='word_1_675' title='bbox 2672 4219 2879 4272; x_wconf 89' lang='lat' dir='ltr'><strong>nosque</strong></span> <span class='ocrx_word' id='word_1_676' title='bbox 2910 4204 2977 4258; x_wconf 92' lang='lat' dir='ltr'><strong>ab</strong></span> <span class='ocrx_word' id='word_1_677' title='bbox 3011 4205 3159 4258; x_wconf 90' lang='lat' dir='ltr'><strong>omni</strong></span> <span class='ocrx_word' id='word_1_678' title='bbox 3203 4205 3321 4258; x_wconf 90' lang='lat' dir='ltr'><strong>labe</strong></span> <span class='ocrx_word' id='word_1_679' title='bbox 3354 4220 3515 4257; x_wconf 82' lang='lat' dir='ltr'><strong>mun-</strong></span> 
     </span>
    </p>
   </div>
   <div class='ocr_carea' id='block_1_88' title="bbox 1938 4294 3520 4364">
    <p class='ocr_par' dir='ltr' id='par_1_88' title="bbox 1938 4294 3520 4364">
     <span class='ocr_line' id='line_1_88' title="bbox 1938 4294 3520 4364; baseline 0.001 -18"><span class='ocrx_word' id='word_1_680' title='bbox 1938 4294 2273 4362; x_wconf 85' lang='lat' dir='ltr'><strong>det;quippe</strong></span> <span class='ocrx_word' id='word_1_681' title='bbox 2301 4294 2415 4363; x_wconf 90' lang='lat' dir='ltr'><strong>ipse</strong></span> <span class='ocrx_word' id='word_1_682' title='bbox 2437 4305 2540 4358; x_wconf 88' lang='lat' dir='ltr'><strong>est,</strong></span> <span class='ocrx_word' id='word_1_683' title='bbox 2568 4297 2660 4364; x_wconf 91' lang='lat' dir='ltr'><strong>qui</strong></span> <span class='ocrx_word' id='word_1_684' title='bbox 2694 4296 2834 4349; x_wconf 88' lang='lat' dir='ltr'><strong>tollit</strong></span> <span class='ocrx_word' id='word_1_685' title='bbox 2861 4304 3081 4363; x_wconf 87' lang='lat' dir='ltr'><strong>peccata</strong></span> <span class='ocrx_word' id='word_1_686' title='bbox 3110 4296 3323 4348; x_wconf 88' lang='lat' dir='ltr'><strong>mundi.</strong></span> <span class='ocrx_word' id='word_1_687' title='bbox 3355 4296 3520 4348; x_wconf 79' lang='lat' dir='ltr'><strong>Eam-</strong></span> 
     </span>
    </p>
   </div>
   <div class='ocr_carea' id='block_1_89' title="bbox 1938 4386 3518 4457">
    <p class='ocr_par' dir='ltr' id='par_1_89' title="bbox 1938 4386 3518 4457">
     <span class='ocr_line' id='line_1_89' title="bbox 1938 4386 3518 4457; baseline -0.001 -16"><span class='ocrx_word' id='word_1_688' title='bbox 1938 4401 2043 4454; x_wconf 83' lang='lat' dir='ltr'><strong>que</strong></span> <span class='ocrx_word' id='word_1_689' title='bbox 2072 4394 2260 4439; x_wconf 86' lang='lat' dir='ltr'><strong>tenens</strong></span> <span class='ocrx_word' id='word_1_690' title='bbox 2284 4388 2560 4441; x_wconf 84' lang='lat' dir='ltr'><strong>excitavit.</strong></span> <span class='ocrx_word' id='word_1_691' title='bbox 2595 4386 2797 4443; x_wconf 84' lang='lat' dir='ltr'><strong>Omnes</strong></span> <span class='ocrx_word' id='word_1_692' title='bbox 2818 4402 2966 4452; x_wconf 90' lang='lat' dir='ltr'><strong>vero,</strong></span> <span class='ocrx_word' id='word_1_693' title='bbox 3000 4388 3091 4457; x_wconf 92' lang='lat' dir='ltr'><strong>qui</strong></span> <span class='ocrx_word' id='word_1_694' title='bbox 3124 4389 3176 4441; x_wconf 91' lang='lat' dir='ltr'><strong>in</strong></span> <span class='ocrx_word' id='word_1_695' title='bbox 3209 4397 3399 4441; x_wconf 87' lang='lat' dir='ltr'><strong>sancta</strong></span> <span class='ocrx_word' id='word_1_696' title='bbox 3428 4387 3518 4440; x_wconf 84' lang='lat' dir='ltr'><strong>illa</strong></span> 
     </span>
    </p>
   </div>
   <div class='ocr_carea' id='block_1_90' title="bbox 1942 4476 3517 4547">
    <p class='ocr_par' dir='ltr' id='par_1_90' title="bbox 1942 4476 3517 4547">
     <span class='ocr_line' id='line_1_90' title="bbox 1942 4476 3517 4547; baseline 0.002 -18"><span class='ocrx_word' id='word_1_697' title='bbox 1942 4476 2150 4545; x_wconf 84' lang='lat' dir='ltr'><strong>synodo</strong></span> <span class='ocrx_word' id='word_1_698' title='bbox 2200 4487 2373 4539; x_wconf 87' lang='lat' dir='ltr'><strong>erant,</strong></span> <span class='ocrx_word' id='word_1_699' title='bbox 2421 4480 2584 4531; x_wconf 91' lang='lat' dir='ltr'><strong>timor</strong></span> <span class='ocrx_word' id='word_1_700' title='bbox 2619 4479 2778 4547; x_wconf 88' lang='lat' dir='ltr'><strong>cepit,</strong></span> <span class='ocrx_word' id='word_1_701' title='bbox 2838 4478 3047 4547; x_wconf 78' lang='lat' dir='ltr'><strong>fuitque</strong></span> <span class='ocrx_word' id='word_1_702' title='bbox 3102 4479 3346 4532; x_wconf 91' lang='lat' dir='ltr'><strong>omnium</strong></span> <span class='ocrx_word' id='word_1_703' title='bbox 3390 4493 3517 4543; x_wconf 73' lang='lat' dir='ltr'><strong>vox,</strong></span> 
     </span>
    </p>
   </div>
   <div class='ocr_carea' id='block_1_91' title="bbox 256 4540 1851 4640">
    <p class='ocr_par' dir='ltr' id='par_1_91' title="bbox 256 4540 1836 4640">
     <span class='ocr_line' id='line_1_91' title="bbox 256 4540 1836 4640; baseline -0.004 -17"><span class='ocrx_word' id='word_1_704' title='bbox 256 4573 325 4638; x_wconf 74' lang='grc' dir='ltr'>τῇ</span> <span class='ocrx_word' id='word_1_705' title='bbox 356 4540 487 4640; x_wconf 71' lang='grc' dir='ltr'>ἁγίᾳ</span> <span class='ocrx_word' id='word_1_706' title='bbox 524 4540 727 4637; x_wconf 73' lang='grc' dir='ltr'>σύνόδῳ</span> <span class='ocrx_word' id='word_1_707' title='bbox 758 4540 960 4636; x_wconf 81' lang='grc' dir='ltr'>ἐκείνῃ,</span> <span class='ocrx_word' id='word_1_708' title='bbox 992 4566 1133 4619; x_wconf 82' lang='grc' dir='ltr'>ὥστε</span> <span class='ocrx_word' id='word_1_709' title='bbox 1173 4565 1352 4632; x_wconf 83' lang='grc' dir='ltr'>λέγειν</span> <span class='ocrx_word' id='word_1_710' title='bbox 1396 4564 1605 4626; x_wconf 82' lang='grc' dir='ltr'>πάντας</span> <span class='ocrx_word' id='word_1_711' title='bbox 1630 4581 1642 4594; x_wconf 90' lang='grc'><strong>·</strong></span> <span class='ocrx_word' id='word_1_712' title='bbox 1675 4565 1836 4616; x_wconf 81' lang='grc' dir='ltr'>Εὐλο-</span> 
     </span>
    </p>
   </div>
   <div class='ocr_carea' id='block_1_92' title="bbox 1925 4540 3518 4640">
    <p class='ocr_par' dir='ltr' id='par_1_92' title="bbox 1944 4566 3518 4639">
     <span class='ocr_line' id='line_1_92' title="bbox 1944 4566 3518 4639; baseline 0.004 -20"><span class='ocrx_word' id='word_1_713' title='bbox 1944 4566 2053 4622; x_wconf 87' lang='lat' dir='ltr'><strong>Deo</strong></span> <span class='ocrx_word' id='word_1_714' title='bbox 2104 4568 2289 4623; x_wconf 87' lang='lat' dir='ltr'><strong>laudes</strong></span> <span class='ocrx_word' id='word_1_715' title='bbox 2327 4570 2659 4632; x_wconf 88' lang='lat' dir='ltr'><strong>tribuendas,</strong></span> <span class='ocrx_word' id='word_1_716' title='bbox 2708 4570 2800 4639; x_wconf 92' lang='lat' dir='ltr'><strong>qui</strong></span> <span class='ocrx_word' id='word_1_717' title='bbox 2853 4571 3009 4623; x_wconf 88' lang='lat' dir='ltr'><strong>talem</strong></span> <span class='ocrx_word' id='word_1_718' title='bbox 3068 4570 3172 4625; x_wconf 92' lang='lat' dir='ltr'><strong>sibi</strong></span> <span class='ocrx_word' id='word_1_719' title='bbox 3207 4572 3518 4639; x_wconf 86' lang='lat' dir='ltr'><strong>cperarium</strong></span> 
     </span>
    </p>
   </div>
   <div class='ocr_carea' id='block_1_93' title="bbox 257 4656 1836 4729">
    <p class='ocr_par' dir='ltr' id='par_1_93' title="bbox 257 4656 1836 4729">
     <span class='ocr_line' id='line_1_93' title="bbox 257 4656 1836 4729; baseline -0.002 -18"><span class='ocrx_word' id='word_1_720' title='bbox 257 4662 431 4729; x_wconf 78' lang='grc' dir='ltr'>γητδς</span> <span class='ocrx_word' id='word_1_721' title='bbox 462 4663 491 4714; x_wconf 93' lang='lat'><strong>6</strong></span> <span class='ocrx_word' id='word_1_722' title='bbox 513 4660 643 4721; x_wconf 82' lang='grc' dir='ltr'>Θεὸς</span> <span class='ocrx_word' id='word_1_723' title='bbox 673 4661 781 4712; x_wconf 87' lang='grc' dir='ltr'><strong>τῶν</strong></span> <span class='ocrx_word' id='word_1_724' title='bbox 818 4657 1042 4727; x_wconf 87' lang='grc' dir='ltr'>πατρῶν</span> <span class='ocrx_word' id='word_1_725' title='bbox 1075 4657 1252 4725; x_wconf 82' lang='grc' dir='ltr'>ἡμῶν,</span> <span class='ocrx_word' id='word_1_726' title='bbox 1286 4658 1368 4709; x_wconf 84' lang='grc' dir='ltr'>ὅτι</span> <span class='ocrx_word' id='word_1_727' title='bbox 1410 4656 1649 4709; x_wconf 89' lang='grc' dir='ltr'>τοιοῦτον</span> <span class='ocrx_word' id='word_1_728' title='bbox 1675 4656 1836 4723; x_wconf 85' lang='grc' dir='ltr'>ἐργά-</span> 
     </span>
    </p>
   </div>
   <div class='ocr_carea' id='block_1_94' title="bbox 255 4744 1840 4820">
    <p class='ocr_par' dir='ltr' id='par_1_94' title="bbox 255 4744 1840 4820">
     <span class='ocr_line' id='line_1_94' title="bbox 255 4744 1840 4820; baseline -0.006 -16"><span class='ocrx_word' id='word_1_729' title='bbox 255 4771 365 4820; x_wconf 91' lang='grc' dir='ltr'><strong>την</strong></span> <span class='ocrx_word' id='word_1_730' title='bbox 395 4750 577 4819; x_wconf 81' lang='grc' dir='ltr'>ἐαυτῷ</span> <span class='ocrx_word' id='word_1_731' title='bbox 614 4751 642 4802; x_wconf 98' lang='lat'><strong>6</strong></span> <span class='ocrx_word' id='word_1_732' title='bbox 674 4750 806 4811; x_wconf 80' lang='grc' dir='ltr'>Θεὸς</span> <span class='ocrx_word' id='word_1_733' title='bbox 844 4747 1211 4817; x_wconf 80' lang='grc' dir='ltr'>ἐφανέρωσεν,</span> <span class='ocrx_word' id='word_1_734' title='bbox 1244 4748 1340 4800; x_wconf 73' lang='grc' dir='ltr'>καὶ</span> <span class='ocrx_word' id='word_1_735' title='bbox 1373 4746 1641 4809; x_wconf 81' lang='grc' dir='ltr'>ἀνέδειξεν</span> <span class='ocrx_word' id='word_1_736' title='bbox 1678 4748 1736 4798; x_wconf 94' lang='grc' dir='ltr'>ἐν</span> <span class='ocrx_word' id='word_1_737' title='bbox 1763 4744 1840 4815; x_wconf 82' lang='grc' dir='ltr'>τῷ</span> 
     </span>
    </p>
   </div>
   <div class='ocr_carea' id='block_1_95' title="bbox 258 4836 1841 4912">
    <p class='ocr_par' dir='ltr' id='par_1_95' title="bbox 258 4836 1841 4912">
     <span class='ocr_line' id='line_1_95' title="bbox 258 4836 1841 4912; baseline -0.005 -16"><span class='ocrx_word' id='word_1_738' title='bbox 258 4845 459 4912; x_wconf 84' lang='grc' dir='ltr'>κόσμῳ</span> <span class='ocrx_word' id='word_1_739' title='bbox 490 4844 547 4893; x_wconf 94' lang='grc' dir='ltr'><strong>ἐν</strong></span> <span class='ocrx_word' id='word_1_740' title='bbox 578 4844 700 4903; x_wconf 86' lang='grc' dir='ltr'>ταῖς</span> <span class='ocrx_word' id='word_1_741' title='bbox 740 4840 995 4908; x_wconf 86' lang='grc' dir='ltr'>ἐσχάταις</span> <span class='ocrx_word' id='word_1_742' title='bbox 1024 4838 1259 4908; x_wconf 77' lang='grc' dir='ltr'>ἡμέραις</span> <span class='ocrx_word' id='word_1_743' title='bbox 1286 4838 1533 4899; x_wconf 78' lang='grc' dir='ltr'>ταύταις.</span> <span class='ocrx_word' id='word_1_744' title='bbox 1570 4836 1755 4889; x_wconf 83' lang='grc' dir='ltr'>Ταῦτα</span> <span class='ocrx_word' id='word_1_745' title='bbox 1784 4836 1841 4888; x_wconf 76' lang='grc' dir='ltr'>δὲ</span> 
     </span>
    </p>
   </div>
   <div class='ocr_carea' id='block_1_96' title="bbox 258 4929 1840 5000">
    <p class='ocr_par' dir='ltr' id='par_1_96' title="bbox 258 4929 1840 5000">
     <span class='ocr_line' id='line_1_96' title="bbox 258 4929 1840 5000; baseline -0.005 -10"><span class='ocrx_word' id='word_1_746' title='bbox 258 4936 448 4990; x_wconf 74' lang='grc' dir='ltr'>αὐτῶν</span> <span class='ocrx_word' id='word_1_747' title='bbox 480 4932 767 4994; x_wconf 74' lang='grc' dir='ltr'>εἰπόντων,</span> <span class='ocrx_word' id='word_1_748' title='bbox 799 4932 1135 4999; x_wconf 85' lang='grc' dir='ltr'>ὰπεκίνησαν</span> <span class='ocrx_word' id='word_1_749' title='bbox 1166 4932 1259 4983; x_wconf 74' lang='grc' dir='ltr'><strong>καὶ</strong></span> <span class='ocrx_word' id='word_1_750' title='bbox 1284 4929 1524 5000; x_wconf 84' lang='grc' dir='ltr'>ἀπῆλθον</span> <span class='ocrx_word' id='word_1_751' title='bbox 1559 4932 1617 4982; x_wconf 82' lang='grc' dir='ltr'><strong>ἐν</strong></span> <span class='ocrx_word' id='word_1_752' title='bbox 1650 4933 1714 5000; x_wconf 85' lang='grc' dir='ltr'><strong>τῇ</strong></span> <span class='ocrx_word' id='word_1_753' title='bbox 1749 4933 1840 4983; x_wconf 83' lang='grc' dir='ltr'>ἐκ·</span> 
     </span>
    </p>
   </div>
   <div class='ocr_carea' id='block_1_97' title="bbox 258 5020 1838 5096">
    <p class='ocr_par' dir='ltr' id='par_1_97' title="bbox 258 5020 1838 5096">
     <span class='ocr_line' id='line_1_97' title="bbox 258 5020 1838 5096; baseline -0.005 -17"><span class='ocrx_word' id='word_1_754' title='bbox 258 5026 492 5096; x_wconf 72' lang='grc' dir='ltr'>κλησία,</span> <span class='ocrx_word' id='word_1_755' title='bbox 522 5025 616 5077; x_wconf 77' lang='grc' dir='ltr'><strong>καὶ</strong></span> <span class='ocrx_word' id='word_1_756' title='bbox 656 5022 753 5093; x_wconf 81' lang='grc' dir='ltr'>τὴν</span> <span class='ocrx_word' id='word_1_757' title='bbox 787 5021 934 5074; x_wconf 81' lang='grc' dir='ltr'>θείαν</span> <span class='ocrx_word' id='word_1_758' title='bbox 963 5020 1378 5084; x_wconf 79' lang='grc' dir='ltr'>ἐπιτελέσαντες</span> <span class='ocrx_word' id='word_1_759' title='bbox 1432 5023 1838 5090; x_wconf 82' lang='grc' dir='ltr'>μυσταγωγίαν,</span> 
     </span>
    </p>
   </div>
   <div class='ocr_carea' id='block_1_98' title="bbox 260 5113 1842 5187">
    <p class='ocr_par' dir='ltr' id='par_1_98' title="bbox 260 5113 1842 5187">
     <span class='ocr_line' id='line_1_98' title="bbox 260 5113 1842 5187; baseline -0.004 -14"><span class='ocrx_word' id='word_1_760' title='bbox 260 5121 361 5173; x_wconf 74' lang='grc' dir='ltr'><strong>καὶ</strong></span> <span class='ocrx_word' id='word_1_761' title='bbox 389 5115 784 5187; x_wconf 75' lang='grc' dir='ltr'>μεταλαϐόντες</span> <span class='ocrx_word' id='word_1_762' title='bbox 810 5113 906 5166; x_wconf 88' lang='grc' dir='ltr'><strong>τοῦ</strong></span> <span class='ocrx_word' id='word_1_763' title='bbox 938 5114 1205 5183; x_wconf 88' lang='grc' dir='ltr'>ἁχράντου</span> <span class='ocrx_word' id='word_1_764' title='bbox 1237 5113 1485 5183; x_wconf 85' lang='grc' dir='ltr'>σώματος</span> <span class='ocrx_word' id='word_1_765' title='bbox 1516 5114 1609 5165; x_wconf 88' lang='grc' dir='ltr'><strong>τοῦ</strong></span> <span class='ocrx_word' id='word_1_766' title='bbox 1638 5114 1842 5183; x_wconf 85' lang='grc' dir='ltr'>Κυρίου</span> 
     </span>
    </p>
   </div>
   <div class='ocr_carea' id='block_1_99' title="bbox 261 5201 1843 5278">
    <p class='ocr_par' dir='ltr' id='par_1_99' title="bbox 261 5201 1843 5278">
     <span class='ocr_line' id='line_1_99' title="bbox 261 5201 1843 5278; baseline -0.001 -19"><span class='ocrx_word' id='word_1_767' title='bbox 261 5207 426 5278; x_wconf 77' lang='grc' dir='ltr'>ἡμῶν</span> <span class='ocrx_word' id='word_1_768' title='bbox 469 5205 642 5276; x_wconf 84' lang='grc' dir='ltr'>Ἰησοῦ</span> <span class='ocrx_word' id='word_1_769' title='bbox 667 5203 928 5275; x_wconf 84' lang='grc' dir='ltr'>Χριστοῦ,</span> <span class='ocrx_word' id='word_1_770' title='bbox 958 5204 1162 5272; x_wconf 79' lang='grc' dir='ltr'>ἔφαγον</span> <span class='ocrx_word' id='word_1_771' title='bbox 1195 5205 1357 5275; x_wconf 73' lang='grc' dir='ltr'>ἄρτον</span> <span class='ocrx_word' id='word_1_772' title='bbox 1389 5207 1446 5256; x_wconf 92' lang='grc' dir='ltr'><strong>ἐν</strong></span> <span class='ocrx_word' id='word_1_773' title='bbox 1474 5201 1723 5276; x_wconf 73' lang='grc' dir='ltr'>τραπέζῃ</span> <span class='ocrx_word' id='word_1_774' title='bbox 1751 5205 1843 5257; x_wconf 68' lang='grc' dir='ltr'><strong>τοῦ</strong></span> 
     </span>
    </p>
   </div>
   <div class='ocr_carea' id='block_1_100' title="bbox 261 5293 1846 5365">
    <p class='ocr_par' dir='ltr' id='par_1_100' title="bbox 261 5293 1846 5365">
     <span class='ocr_line' id='line_1_100' title="bbox 261 5293 1846 5365; baseline -0.003 -14"><span class='ocrx_word' id='word_1_775' title='bbox 261 5300 426 5351; x_wconf 79' lang='grc' dir='ltr'>πάπα</span> <span class='ocrx_word' id='word_1_776' title='bbox 461 5298 519 5347; x_wconf 87' lang='grc' dir='ltr'><strong>ἐν</strong></span> <span class='ocrx_word' id='word_1_777' title='bbox 554 5297 620 5365; x_wconf 79' lang='grc' dir='ltr'>τῇ</span> <span class='ocrx_word' id='word_1_778' title='bbox 645 5295 830 5363; x_wconf 78' lang='grc' dir='ltr'>ἡμέρᾳ</span> <span class='ocrx_word' id='word_1_779' title='bbox 854 5294 1039 5364; x_wconf 79' lang='grc' dir='ltr'>ἐκείνῃ</span> <span class='ocrx_word' id='word_1_780' title='bbox 1068 5294 1121 5345; x_wconf 76' lang='grc' dir='ltr'><strong>οἵ</strong></span> <span class='ocrx_word' id='word_1_781' title='bbox 1143 5310 1200 5345; x_wconf 90' lang='grc' dir='ltr'><strong>τε</strong></span> <span class='ocrx_word' id='word_1_782' title='bbox 1230 5293 1517 5346; x_wconf 86' lang='grc' dir='ltr'>ἐπίσκοποι</span> <span class='ocrx_word' id='word_1_783' title='bbox 1548 5294 1649 5362; x_wconf 80' lang='grc' dir='ltr'><strong>τῆς</strong></span> <span class='ocrx_word' id='word_1_784' title='bbox 1691 5295 1846 5346; x_wconf 81' lang='grc' dir='ltr'>Ἀνα-</span> 
     </span>
    </p>
   </div>
   <div class='ocr_carea' id='block_1_101' title="bbox 261 5384 1848 5457">
    <p class='ocr_par' dir='ltr' id='par_1_101' title="bbox 261 5384 1848 5457">
     <span class='ocr_line' id='line_1_101' title="bbox 261 5384 1848 5457; baseline -0.003 -15"><span class='ocrx_word' id='word_1_785' title='bbox 261 5388 453 5457; x_wconf 80' lang='grc' dir='ltr'>τολῆς,</span> <span class='ocrx_word' id='word_1_786' title='bbox 485 5387 577 5438; x_wconf 81' lang='grc' dir='ltr'><strong>καὶ</strong></span> <span class='ocrx_word' id='word_1_787' title='bbox 610 5388 639 5438; x_wconf 92' lang='lat'><strong>6</strong></span> <span class='ocrx_word' id='word_1_788' title='bbox 679 5384 1002 5452; x_wconf 77' lang='grc' dir='ltr'>σπαθάριος,</span> <span class='ocrx_word' id='word_1_789' title='bbox 1032 5386 1123 5436; x_wconf 72' lang='grc' dir='ltr'>καὶ</span> <span class='ocrx_word' id='word_1_790' title='bbox 1156 5386 1181 5435; x_wconf 90' lang='lat'><strong>6</strong></span> <span class='ocrx_word' id='word_1_791' title='bbox 1216 5384 1371 5451; x_wconf 82' lang='grc' dir='ltr'>ἆγιος</span> <span class='ocrx_word' id='word_1_792' title='bbox 1402 5384 1719 5455; x_wconf 78' lang='grc' dir='ltr'>Γρηγόριος,</span> <span class='ocrx_word' id='word_1_793' title='bbox 1756 5388 1848 5438; x_wconf 75' lang='grc' dir='ltr'><strong>καὶ</strong></span> 
     </span>
    </p>
   </div>
   <div class='ocr_carea' id='block_1_102' title="bbox 258 5470 1848 5548">
    <p class='ocr_par' dir='ltr' id='par_1_102' title="bbox 258 5470 1848 5548">
     <span class='ocr_line' id='line_1_102' title="bbox 258 5470 1848 5548; baseline -0.009 -16"><span class='ocrx_word' id='word_1_794' title='bbox 258 5482 297 5533; x_wconf 89' lang='lat'><strong>6</strong></span> <span class='ocrx_word' id='word_1_795' title='bbox 316 5495 385 5548; x_wconf 84' lang='grc' dir='ltr'><strong>χα</strong></span> <span class='ocrx_word' id='word_1_796' title='bbox 398 5474 689 5546; x_wconf 79' lang='grc' dir='ltr'>ρτοφύλαξ.</span> <span class='ocrx_word' id='word_1_797' title='bbox 719 5470 827 5527; x_wconf 85' lang='grc' dir='ltr'><strong>Ἦν</strong></span> <span class='ocrx_word' id='word_1_798' title='bbox 847 5473 902 5526; x_wconf 87' lang='grc' dir='ltr'><strong>δέ</strong></span> <span class='ocrx_word' id='word_1_799' title='bbox 923 5476 951 5527; x_wconf 90' lang='lat'><strong>6</strong></span> <span class='ocrx_word' id='word_1_800' title='bbox 970 5475 1124 5542; x_wconf 74' lang='grc' dir='ltr'>ἅγιος</span> <span class='ocrx_word' id='word_1_801' title='bbox 1148 5473 1448 5545; x_wconf 86' lang='grc' dir='ltr'>Γρηγόριος</span> <span class='ocrx_word' id='word_1_802' title='bbox 1470 5475 1618 5545; x_wconf 77' lang='grc' dir='ltr'>ἄρτῳ</span> <span class='ocrx_word' id='word_1_803' title='bbox 1644 5476 1848 5545; x_wconf 79' lang='grc' dir='ltr'>βραχυ.</span> 
     </span>
    </p>
   </div>
   <div class='ocr_carea' id='block_1_103' title="bbox 260 5565 1851 5639">
    <p class='ocr_par' dir='ltr' id='par_1_103' title="bbox 260 5565 1851 5639">
     <span class='ocr_line' id='line_1_103' title="bbox 260 5565 1851 5639; baseline -0.003 -16"><span class='ocrx_word' id='word_1_804' title='bbox 260 5572 421 5631; x_wconf 76' lang='grc' dir='ltr'>τάτῳ</span> <span class='ocrx_word' id='word_1_805' title='bbox 455 5566 815 5639; x_wconf 83' lang='grc' dir='ltr'>ἀρκούμενος,</span> <span class='ocrx_word' id='word_1_806' title='bbox 851 5566 943 5619; x_wconf 74' lang='grc' dir='ltr'><strong>καὶ</strong></span> <span class='ocrx_word' id='word_1_807' title='bbox 972 5565 1224 5635; x_wconf 85' lang='grc' dir='ltr'>λαχάνοις</span> <span class='ocrx_word' id='word_1_808' title='bbox 1264 5566 1393 5619; x_wconf 82' lang='grc' dir='ltr'>ἄνευ</span> <span class='ocrx_word' id='word_1_809' title='bbox 1431 5566 1632 5620; x_wconf 81' lang='grc' dir='ltr'>ἐλαίου.</span> <span class='ocrx_word' id='word_1_810' title='bbox 1680 5568 1851 5620; x_wconf 79' lang='grc' dir='ltr'>Ἐκεῖ-</span> 
     </span>
    </p>
   </div>
   <div class='ocr_carea' id='block_1_104' title="bbox 263 5657 1848 5729">
    <p class='ocr_par' dir='ltr' id='par_1_104' title="bbox 263 5657 1848 5729">
     <span class='ocr_line' id='line_1_104' title="bbox 263 5657 1848 5729; baseline -0.002 -12"><span class='ocrx_word' id='word_1_811' title='bbox 263 5662 365 5717; x_wconf 76' lang='grc' dir='ltr'><strong>θεν</strong></span> <span class='ocrx_word' id='word_1_812' title='bbox 409 5660 468 5714; x_wconf 74' lang='grc' dir='ltr'>δὲ</span> <span class='ocrx_word' id='word_1_813' title='bbox 517 5658 823 5723; x_wconf 75' lang='grc' dir='ltr'>ἐξελθόντες</span> <span class='ocrx_word' id='word_1_814' title='bbox 876 5657 1097 5727; x_wconf 75' lang='grc' dir='ltr'>ἔμειναν</span> <span class='ocrx_word' id='word_1_815' title='bbox 1152 5657 1448 5729; x_wconf 80' lang='grc' dir='ltr'>ἀμφότεροι</span> <span class='ocrx_word' id='word_1_816' title='bbox 1494 5659 1552 5711; x_wconf 89' lang='grc' dir='ltr'>ἐν</span> <span class='ocrx_word' id='word_1_817' title='bbox 1590 5659 1668 5727; x_wconf 77' lang='grc' dir='ltr'><strong>τῷ</strong></span> <span class='ocrx_word' id='word_1_818' title='bbox 1712 5660 1848 5729; x_wconf 72' lang='grc' dir='ltr'>ἅμα,</span> 
     </span>
    </p>
   </div>
   <div class='ocr_carea' id='block_1_105' title="bbox 339 5836 1707 5911">
    <p class='ocr_par' dir='ltr' id='par_1_105' title="bbox 339 5836 1707 5911">
     <span class='ocr_line' id='line_1_105' title="bbox 339 5836 1707 5911; baseline -0.002 -17"><span class='ocrx_word' id='word_1_819' title='bbox 339 5839 455 5911; x_wconf 64' lang='lat'><strong>(95)</strong></span> <span class='ocrx_word' id='word_1_820' title='bbox 486 5840 618 5896; x_wconf 80' lang='lat' dir='ltr'><strong>Cod.</strong></span> <span class='ocrx_word' id='word_1_821' title='bbox 656 5842 703 5903; x_wconf 81' lang='grc'>1,</span> <span class='ocrx_word' id='word_1_822' title='bbox 734 5842 840 5905; x_wconf 80' lang='grc' dir='ltr'>ἵνα,</span> <span class='ocrx_word' id='word_1_823' title='bbox 875 5840 949 5902; x_wconf 76' lang='grc' dir='ltr'><strong>ῶς</strong></span> <span class='ocrx_word' id='word_1_824' title='bbox 981 5836 1151 5901; x_wconf 76' lang='grc' dir='ltr'>εἷπον,</span> <span class='ocrx_word' id='word_1_825' title='bbox 1180 5836 1504 5903; x_wconf 78' lang='grc' dir='ltr'>καταπλέξω</span> <span class='ocrx_word' id='word_1_826' title='bbox 1527 5836 1707 5891; x_wconf 73' lang='grc' dir='ltr'>αὐτόν.</span> 
     </span>
    </p>
   </div>
   <div class='ocr_carea' id='block_1_106' title="bbox 645 5948 1407 6012">
    <p class='ocr_par' dir='ltr' id='par_1_106' title="bbox 645 5948 1407 6012">
     <span class='ocr_line' id='line_1_106' title="bbox 645 5948 1407 6012; baseline -0.001 -1"><span class='ocrx_word' id='word_1_827' title='bbox 645 5952 916 6012; x_wconf 68' lang='grc' dir='ltr'>ὶἈτιιίηη</span> <span class='ocrx_word' id='word_1_828' title='bbox 963 5952 1077 6009; x_wconf 75' lang='lat' dir='ltr'><strong>GR.</strong></span> <span class='ocrx_word' id='word_1_829' title='bbox 1128 5948 1407 6011; x_wconf 69' lang='lat' dir='ltr'><strong>XCVIII.</strong></span> 
     </span>
    </p>
   </div>
   <div class='ocr_carea' id='block_1_107' title="bbox 1941 4659 3519 4731">
    <p class='ocr_par' dir='ltr' id='par_1_107' title="bbox 1941 4659 3519 4731">
     <span class='ocr_line' id='line_1_107' title="bbox 1941 4659 3519 4731; baseline 0.004 -20"><span class='ocrx_word' id='word_1_830' title='bbox 1941 4659 2290 4727; x_wconf 86' lang='lat' dir='ltr'><strong>prodidisset,</strong></span> <span class='ocrx_word' id='word_1_831' title='bbox 2337 4677 2571 4731; x_wconf 82' lang='lat' dir='ltr'><strong>eumque</strong></span> <span class='ocrx_word' id='word_1_832' title='bbox 2600 4663 2859 4716; x_wconf 76' lang='lat' dir='ltr'><strong>extremis</strong></span> <span class='ocrx_word' id='word_1_833' title='bbox 2888 4663 2995 4716; x_wconf 79' lang='lat' dir='ltr'><strong>illis</strong></span> <span class='ocrx_word' id='word_1_834' title='bbox 3026 4663 3217 4717; x_wconf 88' lang='lat' dir='ltr'><strong>diebus</strong></span> <span class='ocrx_word' id='word_1_835' title='bbox 3247 4663 3367 4718; x_wconf 91' lang='lat' dir='ltr'><strong>orbi</strong></span> <span class='ocrx_word' id='word_1_836' title='bbox 3402 4679 3519 4717; x_wconf 33' lang='lat' dir='ltr'><strong>mae</strong></span> 
     </span>
    </p>
   </div>
   <div class='ocr_carea' id='block_1_108' title="bbox 1943 4748 3518 4821">
    <p class='ocr_par' dir='ltr' id='par_1_108' title="bbox 1943 4748 3518 4821">
     <span class='ocr_line' id='line_1_108' title="bbox 1943 4748 3518 4821; baseline 0.004 -20"><span class='ocrx_word' id='word_1_837' title='bbox 1943 4748 2271 4804; x_wconf 80' lang='lat' dir='ltr'><strong>nifestasset.</strong></span> <span class='ocrx_word' id='word_1_838' title='bbox 2307 4750 2553 4820; x_wconf 90' lang='lat' dir='ltr'><strong>Dumque</strong></span> <span class='ocrx_word' id='word_1_839' title='bbox 2588 4753 2700 4805; x_wconf 72' lang='lat' dir='ltr'><strong>haec</strong></span> <span class='ocrx_word' id='word_1_840' title='bbox 2735 4753 2999 4814; x_wconf 88' lang='lat' dir='ltr'><strong>dicerent.</strong></span> <span class='ocrx_word' id='word_1_841' title='bbox 3028 4753 3306 4807; x_wconf 87' lang='lat' dir='ltr'><strong>discedere</strong></span> <span class='ocrx_word' id='word_1_842' title='bbox 3337 4767 3518 4821; x_wconf 72' lang='lat' dir='ltr'><strong>empe-</strong></span> 
     </span>
    </p>
   </div>
   <div class='ocr_carea' id='block_1_109' title="bbox 1944 4841 3517 4913">
    <p class='ocr_par' dir='ltr' id='par_1_109' title="bbox 1944 4841 3517 4913">
     <span class='ocr_line' id='line_1_109' title="bbox 1944 4841 3517 4913; baseline 0.004 -23"><span class='ocrx_word' id='word_1_843' title='bbox 1944 4846 2091 4900; x_wconf 91' lang='lat' dir='ltr'><strong>runt,</strong></span> <span class='ocrx_word' id='word_1_844' title='bbox 2154 4848 2316 4909; x_wconf 89' lang='lat' dir='ltr'><strong>atque</strong></span> <span class='ocrx_word' id='word_1_845' title='bbox 2359 4841 2411 4893; x_wconf 88' lang='lat' dir='ltr'><strong>in</strong></span> <span class='ocrx_word' id='word_1_846' title='bbox 2458 4843 2720 4910; x_wconf 91' lang='lat' dir='ltr'><strong>templum</strong></span> <span class='ocrx_word' id='word_1_847' title='bbox 2766 4844 2996 4913; x_wconf 87' lang='lat' dir='ltr'><strong>ingressi</strong></span> <span class='ocrx_word' id='word_1_848' title='bbox 3054 4859 3207 4899; x_wconf 84' lang='lat' dir='ltr'><strong>sacra</strong></span> <span class='ocrx_word' id='word_1_849' title='bbox 3259 4844 3517 4913; x_wconf 68' lang='lat' dir='ltr'><strong>mysteria</strong></span> 
     </span>
    </p>
   </div>
   <div class='ocr_carea' id='block_1_110' title="bbox 1945 4933 3521 5004">
    <p class='ocr_par' dir='ltr' id='par_1_110' title="bbox 1945 4933 3521 5004">
     <span class='ocr_line' id='line_1_110' title="bbox 1945 4933 3521 5004; baseline 0.004 -23"><span class='ocrx_word' id='word_1_850' title='bbox 1945 4944 2198 4999; x_wconf 83' lang='lat' dir='ltr'><strong>peregere</strong></span> <span class='ocrx_word' id='word_1_851' title='bbox 2226 4942 2279 4985; x_wconf 87' lang='lat' dir='ltr'><strong>et</strong></span> <span class='ocrx_word' id='word_1_852' title='bbox 2305 4933 2655 4987; x_wconf 87' lang='lat' dir='ltr'><strong>immaculato</strong></span> <span class='ocrx_word' id='word_1_853' title='bbox 2678 4949 2908 5004; x_wconf 90' lang='lat' dir='ltr'><strong>corpore</strong></span> <span class='ocrx_word' id='word_1_854' title='bbox 2948 4935 3159 4989; x_wconf 90' lang='lat' dir='ltr'><strong>Domini</strong></span> <span class='ocrx_word' id='word_1_855' title='bbox 3191 4938 3363 4989; x_wconf 85' lang='lat' dir='ltr'><strong>nostri</strong></span> <span class='ocrx_word' id='word_1_856' title='bbox 3390 4935 3521 4989; x_wconf 72' lang='lat' dir='ltr'><strong>Jesu</strong></span> 
     </span>
    </p>
   </div>
   <div class='ocr_carea' id='block_1_111' title="bbox 1945 5022 3522 5097">
    <p class='ocr_par' dir='ltr' id='par_1_111' title="bbox 1945 5022 3522 5097">
     <span class='ocr_line' id='line_1_111' title="bbox 1945 5022 3522 5097; baseline 0.004 -22"><span class='ocrx_word' id='word_1_857' title='bbox 1945 5022 2148 5076; x_wconf 85' lang='lat' dir='ltr'><strong>Christi</strong></span> <span class='ocrx_word' id='word_1_858' title='bbox 2202 5022 2387 5076; x_wconf 85' lang='lat' dir='ltr'><strong>refecti</strong></span> <span class='ocrx_word' id='word_1_859' title='bbox 2441 5036 2587 5077; x_wconf 91' lang='lat' dir='ltr'><strong>sunt.</strong></span> <span class='ocrx_word' id='word_1_860' title='bbox 2627 5026 2824 5080; x_wconf 80' lang='lat' dir='ltr'><strong>Eodem</strong></span> <span class='ocrx_word' id='word_1_861' title='bbox 2860 5028 2947 5081; x_wconf 86' lang='lat' dir='ltr'><strong>die</strong></span> <span class='ocrx_word' id='word_1_862' title='bbox 2978 5028 3223 5097; x_wconf 77' lang='lat' dir='ltr'><strong>pontifex.</strong></span> <span class='ocrx_word' id='word_1_863' title='bbox 3251 5030 3522 5083; x_wconf 77' lang='lat' dir='ltr'><strong>maximus</strong></span> 
     </span>
    </p>
   </div>
   <div class='ocr_carea' id='block_1_112' title="bbox 1946 5110 3526 5181">
    <p class='ocr_par' dir='ltr' id='par_1_112' title="bbox 1946 5110 3526 5181">
     <span class='ocr_line' id='line_1_112' title="bbox 1946 5110 3526 5181; baseline 0.002 -18"><span class='ocrx_word' id='word_1_864' title='bbox 1946 5111 2231 5180; x_wconf 79' lang='lat' dir='ltr'><strong>episcopos</strong></span> <span class='ocrx_word' id='word_1_865' title='bbox 2281 5110 2550 5173; x_wconf 87' lang='lat' dir='ltr'><strong>Orientis,</strong></span> <span class='ocrx_word' id='word_1_866' title='bbox 2588 5114 2953 5181; x_wconf 80' lang='lat' dir='ltr'><strong>Spatliarium,</strong></span> <span class='ocrx_word' id='word_1_867' title='bbox 3002 5127 3251 5169; x_wconf 84' lang='lat' dir='ltr'><strong>sanetum</strong></span> <span class='ocrx_word' id='word_1_868' title='bbox 3321 5114 3526 5181; x_wconf 88' lang='lat' dir='ltr'><strong>Grego-</strong></span> 
     </span>
    </p>
   </div>
   <div class='ocr_carea' id='block_1_113' title="bbox 1951 5203 3529 5273">
    <p class='ocr_par' dir='ltr' id='par_1_113' title="bbox 1951 5203 3529 5273">
     <span class='ocr_line' id='line_1_113' title="bbox 1951 5203 3529 5273; baseline 0.002 -19"><span class='ocrx_word' id='word_1_869' title='bbox 1951 5204 2087 5255; x_wconf 75' lang='lat' dir='ltr'><strong>rium</strong></span> <span class='ocrx_word' id='word_1_870' title='bbox 2137 5212 2191 5256; x_wconf 92' lang='lat' dir='ltr'><strong>et</strong></span> <span class='ocrx_word' id='word_1_871' title='bbox 2243 5203 2718 5272; x_wconf 80' lang='lat' dir='ltr'><strong>chartopbylaeem</strong></span> <span class='ocrx_word' id='word_1_872' title='bbox 2767 5207 3020 5259; x_wconf 78' lang='lat' dir='ltr'><strong>convivio</strong></span> <span class='ocrx_word' id='word_1_873' title='bbox 3054 5206 3310 5273; x_wconf 77' lang='lat' dir='ltr'><strong>accepit:</strong></span> <span class='ocrx_word' id='word_1_874' title='bbox 3356 5220 3529 5273; x_wconf 90' lang='lat' dir='ltr'><strong>quan-</strong></span> 
     </span>
    </p>
   </div>
   <div class='ocr_carea' id='block_1_114' title="bbox 1952 5293 3531 5365">
    <p class='ocr_par' dir='ltr' id='par_1_114' title="bbox 1952 5293 3531 5365">
     <span class='ocr_line' id='line_1_114' title="bbox 1952 5293 3531 5365; baseline 0.001 -19"><span class='ocrx_word' id='word_1_875' title='bbox 1952 5310 2108 5364; x_wconf 89' lang='lat' dir='ltr'><strong>quam</strong></span> <span class='ocrx_word' id='word_1_876' title='bbox 2158 5303 2382 5348; x_wconf 85' lang='lat' dir='ltr'><strong>sanctus</strong></span> <span class='ocrx_word' id='word_1_877' title='bbox 2430 5293 2727 5365; x_wconf 87' lang='lat' dir='ltr'><strong>Gregorius</strong></span> <span class='ocrx_word' id='word_1_878' title='bbox 2771 5297 2969 5365; x_wconf 79' lang='lat' dir='ltr'><strong>exiguo</strong></span> <span class='ocrx_word' id='word_1_879' title='bbox 3014 5311 3149 5364; x_wconf 84' lang='lat' dir='ltr'><strong>pane</strong></span> <span class='ocrx_word' id='word_1_880' title='bbox 3197 5306 3249 5349; x_wconf 88' lang='lat' dir='ltr'><strong>et</strong></span> <span class='ocrx_word' id='word_1_881' title='bbox 3287 5297 3531 5351; x_wconf 78' lang='lat' dir='ltr'><strong>oleribus</strong></span> 
     </span>
    </p>
   </div>
   <div class='ocr_carea' id='block_1_115' title="bbox 1952 5383 3531 5453">
    <p class='ocr_par' dir='ltr' id='par_1_115' title="bbox 1952 5383 3531 5453">
     <span class='ocr_line' id='line_1_115' title="bbox 1952 5383 3531 5453; baseline 0.002 -15"><span class='ocrx_word' id='word_1_882' title='bbox 1952 5385 2066 5439; x_wconf 90' lang='lat' dir='ltr'><strong>sine</strong></span> <span class='ocrx_word' id='word_1_883' title='bbox 2101 5384 2221 5438; x_wconf 87' lang='lat' dir='ltr'><strong>oleo</strong></span> <span class='ocrx_word' id='word_1_884' title='bbox 2252 5388 2542 5438; x_wconf 80' lang='lat' dir='ltr'><strong>contentus</strong></span> <span class='ocrx_word' id='word_1_885' title='bbox 2584 5383 2703 5438; x_wconf 88' lang='lat' dir='ltr'><strong>fuit.</strong></span> <span class='ocrx_word' id='word_1_886' title='bbox 2752 5384 2877 5438; x_wconf 78' lang='lat' dir='ltr'><strong>Inde</strong></span> <span class='ocrx_word' id='word_1_887' title='bbox 2907 5387 3134 5453; x_wconf 69' lang='lat' dir='ltr'><strong>egressi,</strong></span> <span class='ocrx_word' id='word_1_888' title='bbox 3170 5402 3419 5439; x_wconf 88' lang='lat' dir='ltr'><strong>mansere</strong></span> <span class='ocrx_word' id='word_1_889' title='bbox 3452 5387 3531 5441; x_wconf 90' lang='lat' dir='ltr'><strong>si-</strong></span> 
     </span>
    </p>
   </div>
   <div class='ocr_carea' id='block_1_116' title="bbox 1954 5474 3536 5545">
    <p class='ocr_par' dir='ltr' id='par_1_116' title="bbox 1954 5474 3536 5545">
     <span class='ocr_line' id='line_1_116' title="bbox 1954 5474 3536 5545; baseline 0.001 -15"><span class='ocrx_word' id='word_1_890' title='bbox 1954 5478 2065 5530; x_wconf 88' lang='lat' dir='ltr'><strong>mul</strong></span> <span class='ocrx_word' id='word_1_891' title='bbox 2125 5478 2265 5544; x_wconf 89' lang='lat' dir='ltr'><strong>apud</strong></span> <span class='ocrx_word' id='word_1_892' title='bbox 2319 5476 2599 5545; x_wconf 69' lang='lat' dir='ltr'><strong>episeoltos</strong></span> <span class='ocrx_word' id='word_1_893' title='bbox 2658 5474 2955 5544; x_wconf 78' lang='lat' dir='ltr'><strong>Gregorius</strong></span> <span class='ocrx_word' id='word_1_894' title='bbox 3009 5486 3059 5529; x_wconf 88' lang='lat' dir='ltr'><strong>et</strong></span> <span class='ocrx_word' id='word_1_895' title='bbox 3112 5476 3424 5545; x_wconf 81' lang='lat' dir='ltr'><strong>spalltarius</strong></span> <span class='ocrx_word' id='word_1_896' title='bbox 3481 5487 3536 5532; x_wconf 89' lang='lat' dir='ltr'><strong>et</strong></span> 
     </span>
    </p>
   </div>
   <div class='ocr_carea' id='block_1_117' title="bbox 1953 5567 3536 5640">
    <p class='ocr_par' dir='ltr' id='par_1_117' title="bbox 1953 5567 3536 5640">
     <span class='ocr_line' id='line_1_117' title="bbox 1953 5567 3536 5640; baseline -0.003 -15"><span class='ocrx_word' id='word_1_897' title='bbox 1953 5569 2348 5640; x_wconf 80' lang='lat' dir='ltr'><strong>cbartopbylax</strong></span> <span class='ocrx_word' id='word_1_898' title='bbox 2392 5586 2405 5624; x_wconf 88' lang='lat'><strong>:</strong></span> <span class='ocrx_word' id='word_1_899' title='bbox 2454 5584 2513 5621; x_wconf 83' lang='lat' dir='ltr'><strong>ac</strong></span> <span class='ocrx_word' id='word_1_900' title='bbox 2548 5567 2732 5639; x_wconf 66' lang='lat' dir='ltr'><strong>[seu]</strong></span> <span class='ocrx_word' id='word_1_901' title='bbox 2778 5580 2987 5621; x_wconf 70' lang='lat' dir='ltr'><strong>noctem</strong></span> <span class='ocrx_word' id='word_1_902' title='bbox 3041 5578 3208 5621; x_wconf 79' lang='lat' dir='ltr'><strong>lotam</strong></span> <span class='ocrx_word' id='word_1_903' title='bbox 3260 5568 3536 5621; x_wconf 74' lang='lat' dir='ltr'><strong>insomnes</strong></span> 
     </span>
    </p>
   </div>
   <div class='ocr_carea' id='block_1_118' title="bbox 1957 5656 3535 5728">
    <p class='ocr_par' dir='ltr' id='par_1_118' title="bbox 1957 5656 3535 5728">
     <span class='ocr_line' id='line_1_118' title="bbox 1957 5656 3535 5728; baseline -0.003 -13"><span class='ocrx_word' id='word_1_904' title='bbox 1957 5659 2246 5715; x_wconf 77' lang='lat' dir='ltr'><strong>traduxere</strong></span> <span class='ocrx_word' id='word_1_905' title='bbox 2291 5658 2510 5728; x_wconf 84' lang='lat' dir='ltr'><strong>singuli,</strong></span> <span class='ocrx_word' id='word_1_906' title='bbox 2548 5674 2685 5727; x_wconf 88' lang='lat' dir='ltr'><strong>quos</strong></span> <span class='ocrx_word' id='word_1_907' title='bbox 2734 5658 2862 5723; x_wconf 74' lang='lat' dir='ltr'><strong>dixi,</strong></span> <span class='ocrx_word' id='word_1_908' title='bbox 2904 5658 3238 5712; x_wconf 81' lang='lat' dir='ltr'><strong>admirantes</strong></span> <span class='ocrx_word' id='word_1_909' title='bbox 3268 5666 3376 5711; x_wconf 87' lang='lat' dir='ltr'><strong>tam</strong></span> <span class='ocrx_word' id='word_1_910' title='bbox 3419 5656 3535 5727; x_wconf 67' lang='lat' dir='ltr'><strong>eri-</strong></span> 
     </span>
    </p>
   </div>
   <div class='ocr_carea' id='block_1_119' title="bbox 3059 5940 3135 5978">
    <p class='ocr_par' dir='ltr' id='par_1_119' title="bbox 3059 5940 3135 5978">
     <span class='ocr_line' id='line_1_119' title="bbox 3059 5940 3135 5978; baseline 0.066 -10"><span class='ocrx_word' id='word_1_911' title='bbox 3059 5940 3135 5978; x_wconf 51' lang='grc' dir='ltr'><strong>ῃ.)</strong></span> 
     </span>
    </p>
   </div>
   <div class='ocr_carea' id='block_1_120' title="bbox 3059 5982 3136 5997">
    <p class='ocr_par' dir='ltr' id='par_1_120' title="bbox 3059 5982 3136 5997">
     <span class='ocr_line' id='line_1_120' title="bbox 3059 5982 3136 5997; baseline -0.013 0"><span class='ocrx_word' id='word_1_912' title='bbox 3059 5982 3136 5997; x_wconf 61' lang='lat' dir='ltr'><strong>“od</strong></span> 
     </span>
    </p>
   </div>
  </div>
