4226 6444
238 418 340 485 885

1233 422 1291 480 S.
1330 417 1707 479 GREGORII
1746 414 2262 476 AGRIGENTINI
2310 416 2507 475 VITA.

3402 408 3506 473 686

238 553 352 594 ποι,
389 535 481 588 καὶ
535 537 562 587 6
594 534 836 598 διάκονος
892 536 919 585 6
950 530 1343 604 -χαρτοφύλαξ,
1400 532 1494 582 καὶ
1536 532 1564 582 6
1606 529 1814 583 σπαθά-

1920 525 2257 582 admirabilis
2293 527 2430 584 visa,
2466 525 2655 593 Neque
2684 524 2830 577 enim
2865 523 2930 578 de
2958 523 3042 576 his
3071 522 3368 592 quidquam
3394 526 3504 589 cpi-

240 643 383 697 ριος,
416 626 511 680 καὶ
541 626 742 690 πάντες
788 625 1171 694 ἐξεπλάγησαν
1193 663 1207 688 ,
1266 627 1358 675 καὶ
1396 624 1536 676 πάνυ
1573 620 1813 689 ἐθαύμα-

235 717 328 782 ζον
380 721 445 788 τῇ
500 717 789 789 παραδόξῳ
841 718 1091 786 διηγήσει
1137 714 1230 769 τοῦ
1281 715 1493 784 ἀνδρός.

308 832 426 884 υΖ’.
452 830 638 883 Ταῦτα
667 830 859 894 εἰπὼν,
887 830 1033 899 λέγει
1055 831 1239 893 αὐτοῖς
1267 832 1295 883 6
1322 833 1512 892 πάπας
1538 842 1551 857 ⁸
1582 827 1648 878 Τί
1683 826 1816 896 πρδς

234 924 407 979 ταῦτα
440 924 853 1004 ἀποκρίνεσθεζ
871 910 1062 977 εἴπατε
1102 924 1131 977 ὃ
1172 923 1447 994 βούλεσθε.
1486 924 1547 975 Οἱ
1580 922 1636 974 δὲ
1666 920 1817 974 οὐδὲν

235 1017 320 1070 Et:
332 1034 422 1087 ρον
447 1016 831 1085 ἀπεκρίναντο,
860 1017 909 1070 εί
937 1018 1010 1086 μὴ
1032 1015 1260 1088 ἔρριψαν
1285 1016 1511 1078 ἑαυτοὺς
1539 1013 1628 1064 ἐπὶ
1656 1012 1814 1082 πρόσ-

235 1124 404 1170 ωπον,
438 1109 718 1170 κλαίοντες
759 1106 853 1159 καὶ
883 1106 1133 1174 λέγοντες
1161 1108 1223 1160 τό
1250 1124 1263 1137 ·
1295 1107 1481 1174 Κύριε
1514 1105 1779 1173 ἐλέησον
1803 1118 1815 1132 '

237 1199 559 1269 ἡμάρτομεν
582 1198 674 1251 καὶ
698 1198 1053 1268 ἡνομήσαμεν
1077 1198 1218 1251 κατὰ
1244 1196 1335 1250 τοῦ
1365 1195 1575 1249 δικαίου
1608 1192 1820 1264 ἀνθρώ-

238 1305 343 1339 που
373 1280 591 1339 τούτου.
631 1288 691 1339 Οί
734 1287 791 1339 δὲ
836 1287 1127 1341 ἐπίσκοποι
1158 1288 1450 1362 ἐκέλευσαν
1478 1286 1676 1350 αὐτοὺς
1705 1288 1819 1340 δια-

238 1380 601 1449 χωρισθῆναι,
650 1376 777 1440 τοὺς
812 1379 910 1447 μὲν
953 1379 1174 1442 λαῖκοὺς
1208 1381 1263 1431 ἐν
1292 1381 1371 1431 ἐνὶ
1408 1380 1563 1449 μέρει
1607 1378 1819 1447 στῆναι,

238 1472 367 1532 τοὺς
398 1469 454 1523 δὲ
483 1470 780 1540 κληρικοὺς
809 1472 867 1522 ἐν
894 1470 1066 1540 ἑτέρῳ
1091 1486 1104 1499 ·
1135 1471 1231 1523 καὶ
1259 1470 1465 1522 ἔδωκαν
1491 1471 1609 1522 κατ’
1641 1469 1821 1521 αὐτῶν

240 1564 512 1629 ἀπόφασιν
546 1563 595 1614 οἱ
628 1560 915 1613 ἐπίσκοποι
953 1560 1154 1624 πάντες
1194 1561 1294 1628 τῆς
1334 1559 1549 1613 συνόδου
1600 1560 1696 1612 σὺν
1744 1558 1823 1628 τῷ

239 1654 401 1723 πάπᾳ
424 1669 436 1681 ·
469 1652 562 1704 τὸν
594 1653 691 1722 μὲν
722 1652 947 1705 Σαϐῖνον
984 1651 1330 1722 ἐξορισθῆναι
1379 1654 1436 1705 ἐν
1485 1655 1598 1715 τοῖς
1631 1651 1821 1725 μέρεσι

238 1742 339 1811 τῆς
365 1742 609 1812 Θρᾴκης,
633 1741 723 1794 τὸν
749 1740 805 1793 δὲ
830 1742 1232 1811 Κρησκεντῖνον
1259 1742 1603 1813 ἐξορισθῆναι
1627 1745 1683 1795 ἐν
1712 1745 1823 1806 τοῖς

244 1833 436 1903 μέρεσι
466 1832 562 1901 τῆς
596 1832 836 1894 Σπανίας
858 1848 870 1861 ·
902 1833 1029 1894 τοὺς
1061 1831 1118 1884 δέ
1152 1831 1373 1897 λοιποὺς
1400 1834 1692 1903 κληρικοῦς
1717 1835 1825 1888 δια-

243 1925 519 1994 σπαρῆναι
558 1927 614 1977 ἐν
659 1924 944 1996 Ῥαυέννῃ.
976 1920 1158 1978 Ἦσαν
1191 1925 1248 1979 δὲ
1273 1926 1546 1996 κληρικοὶ,
1574 1926 1650 1990 ὼς
1688 1944 1823 1996 προ-

242 2018 479 2087 έφημεν,
510 2017 828 2087 τριάκοντα,
869 2018 963 2071 καὶ
989 2016 1166 2069 λαῖκοὶ
1189 2017 1539 2087 ὀγδοήκοντα,
1571 2018 1665 2071 καὶ
1694 2017 1825 2087 ὥρι-

1920 618 2068 686 scopi
2095 617 2163 671 ab
2187 618 2297 672 ullo
2329 618 2634 671 audierant.

1550 711 1774 764 Οὐδέπω
1814 709 1921 780 γὰρ
1955 704 2095 779 ἦσαν
2128 709 2299 763 ταῦτα
2344 708 2677 771 ἀκούσαντες
2709 709 2755 759 οἱ
2791 709 3080 761 ἐπίσκοποι
3136 706 3288 777 παρά
3340 722 3503 767 τινος.

1997 821 2254 877 LXXVII.
2299 821 2435 876 Cum
2480 823 2570 877 ille
2610 822 2861 885 dixisset,
2896 822 2959 874 ad
2991 831 3339 878 accusatores
3370 835 3509 876 cor.-

1920 929 2115 969 versus
2172 914 2415 985 pontifex
2470 917 2789 970 maximus:
2832 914 2995 980 Quid,
3032 915 3227 983 inquit,
3274 915 3342 968 ad
3395 916 3508 969 haec

1922 1006 2313 1075 respondetis?
2345 1006 2489 1060 edite
2523 1008 2667 1075 quod
2695 1008 2846 1063 libet.
2873 1008 2941 1061 At
2975 1006 3050 1060 illi
3084 1023 3151 1060 ne
3182 1008 3348 1060 verbo
3384 1008 3507 1075 qui-

1922 1098 2041 1152 dem
2071 1100 2307 1168 prolato,
2334 1106 2387 1152 et
2426 1099 2581 1153 vultu
2625 1100 2887 1165 demisso,
2924 1098 3244 1167 abjecerunt
3286 1114 3344 1153 se
3374 1097 3509 1151 ﬂeri--

1923 1198 2003 1245 tes
2054 1200 2109 1246 et
2157 1170 2514 1247 incla’mantes
2557 1210 2570 1246 :
2622 1190 2880 1255 Domine,
2936 1192 3212 1256 miserere;
3262 1191 3512 1260 peccavi-

1923 1298 2069 1343 mus,
2119 1282 2306 1351 inique
2352 1283 2563 1353 egimus
2605 1283 2869 1338 adversus
2927 1283 3199 1338 hominem
3236 1283 3381 1337 hunc
3421 1282 3512 1352 ju-

1924 1380 2092 1427 stum.
2155 1374 2407 1444 Episcopi
2466 1390 2596 1430 vero
2656 1376 2896 1444 separari
2951 1390 3046 1429 eos
3100 1376 3406 1443 jusserunt,
3457 1384 3513 1428 et

1923 1463 2093 1518 laicos
2128 1464 2346 1533 quidem
2379 1467 2433 1517 in
2480 1465 2661 1519 locum
2691 1481 2883 1530 unum,
2924 1466 2977 1518 in
3019 1465 3246 1519 alterum
3282 1464 3513 1519 clericos

1924 1556 2141 1612 deduci.
2195 1554 2401 1611 Deinde
2437 1559 2819 1628 perrogatione
2878 1557 3042 1621 facta,
3096 1574 3287 1613 omnes
3316 1558 3510 1629 synodi

1923 1645 2170 1716 episcopi
2216 1661 2341 1700 cum
2407 1647 2667 1717 pontiﬁce
2740 1651 2979 1703 maximo
3036 1659 3399 1714 censuerunt,
3455 1658 3513 1703 ut

1927 1735 2163 1791 Sabinus
2207 1739 2362 1794 exsul
2404 1739 2457 1793 in
2496 1738 2788 1793 Thraciam
2834 1740 3163 1805 mitteretur,
3206 1739 3513 1795 Crescenti-

1928 1844 2031 1883 nus
2062 1829 2113 1882 in
2148 1828 2408 1900 Hispania
2443 1831 2742 1895 exsularet,
2766 1831 2957 1901 reliqui
2982 1832 3166 1887 clerici
3197 1831 3514 1887 Ravennam

1926 1919 2157 1990 dispersi
2219 1923 2552 1977 secederent.
2611 1921 2779 1979 Erant
2831 1934 3012 1979 autem
3067 1925 3271 1991 clerici,
3320 1936 3375 1980 ut
3398 1927 3510 1996 jam

1928 2014 2189 2081 diximus,
2249 2015 2471 2086 triginta
2519 2035 2529 2068 :
2575 2016 2701 2071 laici
2758 2026 2946 2073 contra
3006 2018 3324 2089 octoginta;
3373 2035 3513 2088 quos

244 2130 347 2165 σαν
377 2112 470 2165 καὶ
500 2113 697 2175 αὐτοὺς
728 2113 984 2165 ἀπελθεῖν
1013 2114 1069 2164 ἐν
1101 2115 1167 2183 τῇ
1196 2111 1306 2165 τῶν
1330 2111 1620 2166 Βασκὰνων
1648 2113 1820 2183 χώρᾳ.

1930 2107 2057 2159 item
2094 2106 2146 2160 in
2185 2082 2496 2162 Vasconum
2530 2107 2641 2178 (96)
2680 2109 2954 2179 regionem
2993 2082 3285 2166 mittendos
3311 2082 3511 2167 decre-

243 2202 386 2264 Τοὺς
418 2201 473 2254 δέ
509 2201 618 2254 τῶν
659 2201 862 2255 λαῖκῶν
901 2202 1188 2255 ἐκέλευσεν
1241 2204 1267 2254 6
1316 2202 1616 2271 σπαθάριος
1661 2203 1719 2254 ἐν
1749 2201 1825 2271 τῷ

243 2290 609 2362 δεσμωτηρίῳ
652 2290 1195 2360 ἀσφαλισθῆναινκα).
1228 2292 1370 2344 κατά
1404 2292 1494 2344 τὸν
1529 2291 1824 2362 φιλευσεόῆ

243 2380 410 2447 νόμον
434 2379 751 2434 ὑποπεσεῖν.
783 2379 1196 2450 Παραλαϐόντες
1224 2380 1280 2433 δὲ
1306 2382 1351 2433 oi
1378 2379 1706 2450 στρατιῶται
1731 2380 1824 2433 τοῦ

245 2472 559 2538 ἀπαγαγεῖν
588 2471 787 2534 αὐτοὺς
817 2473 875 2525 ἐν
902 2475 968 2543 τῇ
1004 2471 1242 2543 φυλακῇ,
1273 2472 1507 2544 ἧρξαντο
1551 2473 1824 2537 ὀλολύζειν

245 2564 306 2615 ἐν
343 2563 538 2633 ἰσχυρᾷ
580 2564 729 2632 φωνῇ
778 2562 1105 2633 κράζοντες
1159 2564 1411 2635 Ἐλέησον
1458 2567 1626 2635 ἡμᾶς,
1671 2564 1824 2618 δοῦλε

244 2653 407 2719 Θεοῦ,
474 2655 548 2723 μὴ
603 2652 890 2726 ἀποδώσῃς
947 2656 1093 2727 ἡμᾶς
1143 2658 1223 2719 εἰς
1275 2659 1462 2727 χεῖρας
1505 2657 1825 2727 ἀλλοτρίων,

244 2750 630 2819 παρακάλεσον
657 2750 754 2819 τὴν
784 2749 944 2817 ἁγίαν
974 2748 1194 2802 σύνοδον
1216 2749 1281 2801 δι’
1302 2750 1448 2819 ἡμᾶς
1478 2751 1683 2802 καὶτὸν
1709 2751 1827 2818 φιλ-

244 2840 451 2909 ευσεδῆ
504 2839 788 2909 βασιλικόν
814 2855 827 2871 ·
877 2839 1199 2909 ἡμάρτομεν
1236 2841 1315 2902 είς
1349 2841 1430 2903 σὲ,
1472 2841 1826 2913 συγχώρησον

244 2935 382 3002 ἡμῖν
414 2931 515 2984 κᾶν
549 2931 750 2999 ὀλίγον.
788 2929 975 2983 Ταῦτα
1008 2930 1064 2983 δὲ
1093 2931 1336 2994 ἀκούσας
1380 2934 1407 2984 6
1441 2932 1592 3000 ἀγιος
1617 2933 1829 3002 Γρηγο-

247 3040 384 3094 ριος,
415 3022 621 3094 ἡρξατο
641 3022 866 3075 τύπτειν
900 3022 961 3074 τὸ
996 3022 1284 3093 πρόσωπον
1304 3022 1467 3075 αὑτοῦ
1498 3023 1700 3076 κλαίων
1726 3026 1827 3077 καὶ

245 3114 464 3167 πίπτων
530 3114 681 3181 παρά
731 3114 856 3175 τοὺς
912 3113 1078 3176 πόδας
1117 3112 1209 3165 τοῦ
1260 3114 1417 3168 πάπα
1464 3114 1557 3167 καὶ
1594 3113 1701 3167 τῶν
1730 3115 1827 3186 τῆς

258 3204 550 3274 ’Λνατολῆς
598 3203 915 3258 ἐπισκόπων
957 3205 1050 3258 καὶ
1081 3205 1323 3267 πάντων,
1364 3205 1539 3275 λέγων
1563 3223 1575 3235 ’
1630 3208 1826 3278 Κύριοί

248 3314 354 3367 μου
393 3298 605 3367 Πάτρες
637 3297 732 3349 καὶ
765 3296 1187 3367 συλλειτουργοὶ,
1225 3298 1566 3352 ἐπακούσατέ
1601 3316 1702 3369 μου
1732 3298 1825 3352 τοῦ

244 3389 434 3444 δούλου
460 3387 633 3457 ὑμῶν,
670 3387 1035 3451 ἐπακούσιτε,
1072 3389 1163 3441 καὶ
1198 3388 1273 3459 μὴ
1307 3389 1403 3459 τὴν
1433 3391 1572 3461 ἐμὴν
1601 3391 1821 3460 ἐκδίκη-

248 3496 336 3530 σιν
371 3478 631 3547 ποιήσητε
661 3478 739 3537 είς,
776 3476 903 3539 τοὺς
933 3475 1131 3545 ἄνδρας
1162 3476 1404 3539 τούτους.
1438 3476 1545 3529 Τοῦ
1572 3478 1678 3547 γὰρ
1708 3478 1821 3529 Κυ-

251 3567 371 3636 ρίου
406 3564 567 3634 μόνου
598 3566 631 3633 ὴ
664 3562 964 3632 ἐκδίκησις,
986 3562 1166 3626 καθὼς
1189 3563 1529 3633 γέγραπται·
1566 3585 1582 3615 ι
1622 3564 1757 3635 Ἐμὴ
1792 3568 1824 3635 ὴ

247 3657 551 3724 ἐκδίκησις,
595 3654 706 3722 ἐγὼ
744 3653 1140 3720 ἀνταποδώσω,
1177 3674 1194 3706 ι
1237 3654 1382 3723 λέγει
1422 3655 1644 3724 Κύριος.
1693 3658 1821 3721 Καὶ,

256 3768 272 3799 ι
298 3745 457 3816 Αὐτῷ
484 3742 691 3815 κάμψει
720 3748 829 3799 πᾶν
870 3746 1001 3813 γόνυ
1028 3746 1385 3815 ἐπουρανίων,
1418 3748 1511 3799 καὶ
1545 3748 1822 3814 ἐπιγείων,

247 3839 345 3890 καὶ
365 3835 756 3905 καταχθονίων.
794 3856 812 3885 ι
844 3836 955 3888 Καὶ
985 3836 1053 3888 τά
1079 3836 1172 3888 νῦν
1199 3836 1435 3889 δυσωπῶ
1462 3839 1640 3890 πᾶσαν
1670 3839 1825 3907 ὑμῶν

248 3927 348 3995 τὴν
370 3926 752 3979 θεοσύλλεκτον
772 3926 1063 3997 ὁμήγυριν,
1088 3927 1251 3996 μηδὲν
1272 3926 1464 3980 παθεῖν
1485 3930 1610 3991 τοὺς
1629 3928 1826 3999 ἄνδρας

250 4018 489 4089 πονηρὸν
536 4018 722 4071 ἐνεκεν
764 4021 862 4087 τῆς
902 4020 1039 4088 ἐμῆς
1079 4019 1475 4090 ἐλεεινότητος·
1525 4020 1674 4086 ἄξιος
1720 4026 1827 4097 γάρ

248 4112 367 4180 εἰμι
400 4108 579 4179 πάσης
618 4109 953 4172 παιδεύσεως
981 4111 1009 4163 6
1039 4110 1205 4173 τάλας
1234 4112 1363 4179 ἐγώ.
1412 4112 1469 4165 Ὀ
1499 4114 1632 4175 Θεὸς
1663 4117 1771 4187 γὰρ
1801 4120 1829 4170 ὁ

256 4201 473 4254 πάντων
502 4200 689 4270 ἔφορος
719 4204 783 4271 τῇ
819 4201 924 4271 ἰδίᾳ
960 4201 1336 4273 εὐσπλαγχνίᾳ
1369 4205 1828 4275 ἐμακροθύμησεν

250 4288 349 4340 ἐπὶ
374 4290 483 4350 τοῖς
517 4288 643 4357 παρ’
669 4287 802 4356 ἐμοῦ
835 4290 1265 4358 πεπραγμένοις,
1297 4294 1390 4343 καὶ
1428 4293 1696 4362 ἐκάλυψέν
1726 4314 1827 4365 μου

249 4380 312 4431 τὸ
346 4378 613 4449 ἀδίκημα.
658 4378 845 4441 Οὕτως
885 4380 978 4432 καὶ
1019 4381 1174 4432 αὐτοὶ
1215 4381 1573 4450 διαφυλάξατε
1607 4387 1828 4450 τούτους

250 4471 529 4534 ἀδλαδεῖς.
567 4470 750 4524 Ταῦτα
792 4470 1123 4535 ἀκούσαντες
1157 4476 1204 4525 οἱ
1231 4473 1328 4543 τῆς
1358 4476 1573 4537 συνόδου
1606 4478 1828 4531 ἐπίσκο-

328 4715 443 4781 (96)
477 4714 751 4785 Vascones
786 4728 927 4775 esse,
967 4715 1058 4782 qui
1096 4715 1375 4778 Βασκάνες
1407 4717 1495 4770 hic
1544 4719 1823 4785 dicuntur,

254 4786 465 4857 putavit
486 4783 801 4857 Gajetanus,
830 4798 992 4857 quem
1026 4794 1244 4857 secutus
1276 4800 1397 4839 sunt
1428 4806 1439 4839 :
1474 4802 1650 4856 neque
1679 4783 1824 4843 enim

256 4854 451 4924 in’elior
485 4854 615 4906 mihi
648 4854 1026 4922 interpretatio
1054 4854 1108 4906 in
1141 4865 1390 4924 promptu
1419 4854 1721 4923 erathuia
1745 4871 1825 4911 ta-

256 4940 380 4980 men
404 4922 779 4998 Grescentinp,
814 4924 992 4976 exsilii
1028 4939 1214 4998 causa,
1250 4922 1510 4993 Hispania
1544 4922 1821 4998 assignata

247 5005 358 5067 est,
403 4993 454 5067 in
488 5008 593 5067 qua
626 5005 678 5067 et
732 4990 1003 5067 Vascones
1039 4990 1432 5067 censebantur,
1486 4990 1691 5065 partem
1729 5014 1825 5067 po-

244 5065 364 5118 tius
401 5063 704 5135 Aquitania:
735 5062 1073 5129 designatam
1108 5064 1207 5135 hie
1223 5074 1369 5129 puto,
1401 5062 1563 5133 quam
1598 5082 1689 5135 per
1714 5062 1825 5123 hate

248 5145 501 5198 tempora
560 5134 852 5204 Vascones,
885 5133 1475 5204 superatisPyrenwis,
1508 5133 1619 5204 jam
1662 5153 1825 5192 occu-

249 5213 522 5273 paverunt
558 5222 569 5254 :
600 5218 628 5255 a
668 5201 870 5273 quibus
910 5210 1095 5273 postea
1126 5201 1391 5273 fVas’com'a
1433 5201 1547 5259 sive
1587 5205 1822 5260 Guasco-

245 5271 343 5324 hia
381 5274 525 5343 diem
553 5282 653 5324 cst.
683 5271 755 5324 De
785 5272 888 5343 illis
911 5271 1207 5343 Gregorius
1230 5274 1569 5329 Turonensis
1592 5278 1709 5343 (ιιι).
1743 5294 1817 5340 ix,

243 5358 302 5394 (τ.
340 5342 392 5409 7)
427 5360 438 5393 :
469 5341 739 5412 Vascones
777 5340 840 5392 de
870 5342 1130 5393 montibus
1163 5354 1556 5411 prorumpentes
1581 5340 1635 5398 in
1661 5348 1821 5412 plana

243 5410 608 5471 descendunt,
668 5413 843 5463 vineas
893 5427 1147 5479 agrosque
1195 5410 1589 5480 depopulantes.
1651 5410 1822 5471 Porro

242 5482 707 5552 caluinniatorum
755 5494 912 5548 paena
969 5480 1217 5550 Gregorii
1266 5482 1438 5552 Magni
1486 5496 1645 5539 :etate
1674 5487 1820 5540 exsi-

243 5554 386 5624 liunt
428 5550 744 5624 ferc_erat,_
789 5558 1045 5624 quamet
1104 5554 1287 5624 clerici
1345 5550 1673 5624 quandoque
1719 5572 1812 5609 su-

244 5622 424 5686 biere,
455 5621 646 5673 nedum
680 5621 825 5673 laici.
857 5620 993 5672 Audi
1034 5622 1201 5683 cniin,
1235 5620 1373 5688 quid
1397 5624 1484 5677 ille
1515 5620 1816 5679 ad‘Antheo

246 5693 425 5761 inium
464 5692 853 5744 subdiaconum
891 5690 1204 5761 Campania:
1241 5694 1522 5761 scripserit
1559 5695 1611 5747 in
1650 5712 1812 5750 causa

245 5759 423 5811 Hilari
464 5761 816 5829 hypodiaroni
875 5760 1234 5827 Neapolitani,
1263 5759 1649 5829 qniJoanncm
1703 5768 1816 5817 dia-

241 5845 451 5884 conum
504 5832 643 5899 apud
690 5829 1039 5886 l’aschasium
1090 5831 1403 5901 episcolium
1452 5838 1814 5889 calumniatus

1930 2209 2141 2253 verunt.
2177 2195 2285 2251 Sed
2315 2196 2488 2251 laicos
2518 2198 2829 2265 spatharius
2860 2200 2913 2253 in
2953 2214 3227 2256 carcerem
3257 2204 3511 2258 concludi

1923 2287 2105 2357 jussit,
2138 2295 2192 2342 et
2220 2289 2393 2343 sacris
2424 2289 2635 2358 imperii
2668 2290 2876 2361 legibus
2902 2293 3126 2348 subesse
3150 2295 3341 2351 voluit.
3373 2297 3508 2349 Dum

1929 2393 2058 2433 vero
2091 2378 2292 2434 milites
2325 2394 2423 2435 eos
2454 2381 2739 2449 cogebant,
2775 2392 2831 2436 ut
2871 2384 2923 2437 in
2969 2400 3244 2439 carcerem
3280 2386 3511 2441 deduce-

1929 2479 2070 2530 rent,
2106 2484 2298 2539 magna
2332 2483 2466 2524 voce
2500 2471 2786 2526 lamentari
2815 2484 2867 2527 et
2903 2476 3141 2531 clamare
3185 2490 3468 2547 coeperunt
3497 2498 3509 2533 :

1930 2556 2180 2612 Misereat
2212 2568 2262 2613 te
2293 2560 2490 2626 nostri,
2530 2560 2625 2615 Dei
2672 2578 2846 2627 serve,
2879 2581 2945 2619 ne
2994 2567 3047 2620 in
3078 2568 3285 2623 alienas
3318 2551 3513 2627 manus

1929 2666 2033 2706 nos
2062 2652 2300 2717 dederis,
2324 2661 2381 2707 tu
2413 2663 2664 2709 sanctam
2694 2658 2963 2726 synodum
2996 2669 3048 2713 et
3073 2661 3380 2730 piissimum
3409 2666 3512 2718 im-

1929 2744 2196 2811 peratoris
2231 2743 2615 2801 administrum
2662 2748 2835 2803 nobis
2866 2750 3078 2819 placato
3111 2771 3123 2807 :
3162 2752 3425 2825 ﬂagitium
3459 2756 3512 2810 in

1929 2840 1982 2883 te
2012 2830 2354 2898 admisimus,
2404 2849 2695 2905 parumper
2742 2838 3044 2893 etiamnum
3081 2840 3299 2912 ignosce
3334 2845 3509 2901 nobis.

1929 2920 2060 2986 Quae
2091 2932 2149 2976 ut
2179 2924 2391 2979 audivit
2425 2937 2646 2983 sanctus
2683 2927 3001 2998 Gregorius,
3031 2930 3224 2988 faciem
3253 2936 3355 2990 sibi
3387 2946 3510 2991 tun-

1927 3011 2053 3067 dere
2079 3029 2143 3068 ac
2168 3012 2294 3070 ﬂere
2318 3016 2503 3086 ccepit,
2526 3018 2925 3089 procidensque
2952 3022 3018 3075 ad
3041 3023 3204 3092 pedes
3236 3028 3512 3095 pontiﬁcis
3602 3018 3607 3022 ’

1928 3103 2153 3160 maximi
2188 3116 2351 3177 atque
2383 3108 2766 3181 episcoporum
2802 3112 3041 3170 Orientis
3082 3125 3513 3189 cauerat-unique

1928 3198 2197 3265 omnium,
2230 3200 2309 3255 sic
2335 3200 2533 3258 all‘atus
2568 3214 2649 3258 est
2681 3222 2694 3258 :
2732 3204 2946 3259 Domini
2988 3209 3095 3263 mei
3124 3208 3311 3267 l’atres
3341 3223 3395 3268 et
3420 3202 3541 3269 sa-V

1930 3304 2145 3344 crorum
2196 3292 2355 3357 socii,
2401 3294 2524 3348 date
2558 3295 2663 3349 hoc
2713 3296 2844 3350 mihi
2898 3313 3059 3353 servo
3113 3311 3316 3369 vestro,
3354 3306 3501 3371 date,

1929 3397 2136 3451 quaeso,
2169 3392 2228 3438 ut
2253 3386 2457 3438 nullam
2486 3386 2555 3439 ab
2580 3387 2732 3441 hisce
2758 3387 3073 3445 hominibus
3106 3391 3367 3448 ultionem
3392 3410 3510 3450 mea

1929 3490 2094 3530 causa
2129 3476 2377 3545 exigatis.
2422 3476 2555 3530 Nam
2593 3477 2806 3532 Domini
2840 3481 3003 3534 unius
3033 3482 3167 3536 ultio
3201 3482 3371 3556 [χειν]
3406 3499 3508 3554 est,

1931 3573 1988 3619 ut
2007 3565 2266 3634 scriptum
2289 3567 2485 3621 nostis:
2522 3585 2539 3617 ι
2564 3567 2679 3621 Mea
2703 3569 2856 3632 ultio,
2882 3584 2983 3639 ego
3010 3572 3304 3626 retribuam
3324 3573 3458 3643 (97),
3488 3598 3504 3627 ι

1928 3656 2059 3710 dicit
2096 3657 2374 3711 Dominus.
2423 3676 2440 3707 ι
2480 3658 2542 3711 Ει
2568 3658 2670 3727 ipsi
2701 3660 3017 3714 curvabitur
3040 3678 3201 3717 omne
3226 3680 3365 3733 genu
3408 3683 3511 3722 ca:-

1930 3747 2167 3810 lestium,
2202 3750 2543 3802 terrestrium
2597 3758 2650 3803 et
2684 3749 3023 3807 infernorum
3077 3754 3208 3823 (98).
3244 3777 3261 3808 ι
3303 3758 3509 3825 Quam-

1929 3835 2115 3892 obrem
2150 3843 2321 3889 totum
2360 3838 2508 3890 hunc
2545 3847 2747 3891 emtum
2781 3848 3023 3893 vestrum
3056 3857 3086 3895 a
3120 3841 3229 3896 Deo
3260 3856 3509 3902 coactum

1932 3940 2064 3997 rogo
2104 3935 2268 3995 atque
2308 3928 2557 3990 obsecro,
2590 3944 2656 3982 ne
2686 3930 2835 3984 viros
2868 3930 3004 3987 istos
3034 3942 3143 3986 tam
3192 3938 3377 3991 miseri
3414 3942 3511 3994 ho-

1932 4018 2097 4075 minis
2126 4033 2290 4072 causa
2322 4018 2449 4073 mali
2497 4019 2797 4089 quidquam
2831 4022 3016 4078 subire
3061 4025 3209 4079 velit.
3244 4026 3375 4082 Nam
3408 4046 3510 4100 ego

1931 4108 2149 4177 quidem
2200 4108 2384 4164 infelix
2419 4110 2599 4165 omnis
2627 4126 2759 4182 egeo
2790 4113 3091 4182 disciplina:
3121 4133 3132 4167 :
3177 4115 3318 4173 Deus
3359 4136 3506 4186 τιτι-ο,

1931 4200 2025 4269 qui
2059 4200 2242 4255 omnia
2273 4200 2436 4265 videt,
2467 4202 2772 4257 clementiae
2793 4218 2907 4258 sua:
2933 4206 3247 4272 obsecutus,
3273 4211 3510 4267 admissa

1930 4306 2051 4345 mea
2084 4293 2350 4361 patienter
2381 4294 2623 4361 pertulit,
2653 4304 2705 4348 et
2731 4295 2933 4351 scelera
2968 4298 3190 4352 obtexit.
3218 4300 3307 4355 Sic
3336 4314 3389 4357 et
3417 4322 3509 4357 vos

1932 4397 2130 4436 noxam
2165 4384 2232 4437 ab
2271 4383 2353 4439 his
2391 4384 2691 4452 prohibete.
2730 4385 2826 4442 llis
2856 4388 3056 4444 auditis
3088 4390 3508 4463 illacrymarnnt

1932 4474 2127 4545 synodi
2154 4475 2393 4544 episcopi
2421 4485 2472 4530 et
2496 4477 2738 4545 pontifex
2767 4481 3062 4548 maximus,
3093 4483 3256 4553 eique
3287 4502 3507 4555 reSpon-

1861 4749 1904 4804 ι)
1935 4723 2155 4804 fuerat:
2192 4724 2329 4788 Quia
2377 4743 2522 4804 ergo,
2573 4728 2768 4804 inquit,
2816 4736 2977 4804 tanta;
3030 4733 3273 4799 nequitia:
3305 4736 3501 4788 malum

1934 4796 2045 4873 sine
2072 4796 2231 4864 digna
2267 4812 2367 4847 non
2395 4798 2540 4873 debet
2575 4799 2772 4873 ultione
2803 4801 3047 4873 transire,
3085 4796 3505 4873 suprascriptum

1934 4863 2154 4929 fratrem
2193 4878 2430 4918 nostrum
2464 4867 2812 4921 Paschasimn
2845 4871 3079 4923 volumus
3112 4863 3405 4934 admoneri,
3447 4887 3501 4927 ut

1926 4934 2163 5013 eumdem
2200 4934 2635 5013 Hil‘at'untprius
2663 4938 3099 5013 subdiaconatus,
3126 4959 3227 5011 quo
3254 4945 3502 5013 indignus

1926 5004 2186 5080 fungitur,
2218 5007 2384 5080 privet
2413 5007 2599 5080 ofﬁcio,
2637 5020 2791 5080 atque
2822 5011 3117 5063 verberibus
3138 5004 3392 5080 'publicev
3413 5033 3504 5066 ca-

1927 5076 2427 5151 sligatttml_facin_t
2485 5078 2559 5151 ing
2600 5076 3170 5151 exsilium_deportari
3235 5084 3354 5151 (lib.
3424 5100 3499 5143 XI.

1925 5144 2151 5214 epistola
2184 5145 2293 5209 7i).
2335 5146 2507 5199 Allert
2549 5148 2661 5201 haec
2710 5149 2825 5214 ipsa
2861 5148 3098 5204 Joannes
3140 5144 3411 5207 Diaconus
3447 5157 3498 5206 in

1930 5212 2331 5287 Yita‘Gregorii
2363 5218 2479 5287 (lib.
2517 5233 2587 5281 iv,
2620 5234 2673 5273 n.
2708 5212 2820 5284 Si),
2862 5220 3063 5287 quibus
3096 5222 3200 5274 alia
3233 5225 3501 5277 severita-

1926 5284 1993 5335 tis
2022 5283 2149 5356 ejus
2171 5283 2557 5339 contral'alsos
2585 5283 2852 5340 delatores
2879 5283 3123 5356 exempla
3156 5293 3447 5346 satinectit.

1994 5351 2102 5433 £97)
2128 5352 2350 5433 Denter.
2373 5372 2551 5433 χχχιι,
2573 5357 2667 5421 55;
2695 5364 2750 5409 at
2774 5355 2915 5410 LXX
2938 5351 3135 5413 habent
3162 5361 3284 5413 :‘Ev
3314 5363 3500 5433 ἡμέρᾳ

1922 5422 2255 5490 ἐκδικήσεως
2284 5424 2668 5477 ἀνταποδώσω.

1994 5493 2106 5569 (9ἓξ)
2136 5492 2214 5569 Ex
2247 5494 2416 5569 l’aulo
2445 5495 2784 5569 atthhil‘ipp.
2835 5513 2893 5561 ιι,
2951 5499 3041 5559 10,
3081 5500 3173 5567 qui
3209 5501 3429 5569 scripsit
3480 5519 3495 5555 :

1925 5560 2039 5639 "luat
2069 5563 2125 5613 ἐν
2148 5562 2473 5639 ’τῷ-ὀνόματι
2518 5560 2984 5639 Ἰησοῦπᾶνιγὸνυ
3026 5560 3217 5639 κάμψῃ
3260 5560 3496 5639 ἐπουρα-

1924 5632 2072 5697 νίων,
2110 5633 2203 5684 καὶ
2229 5632 2507 5702 ἐπιγείων,
2546 5637 2638 5688 καὶ
2666 5632 3052 5705 καταχθονίων.
3090 5632 3502 5743 Ουι”’[)ιιιξίνέι·3ῐ

1926 5704 2092 5743 Iuniae
2150 5704 2240 5743 nni
2294 5715 2363 5743 nit
2436 5722 2464 5743 ιι
2528 5724 2625 5743 nu
2690 5724 2719 5743 ν
2771 5708 2839 5743 οι
2890 5726 2899 5735 -
2940 5710 3054 5743 "Mn
3118 5712 3215 5743 Em.
3293 5711 3499 5743 “And,”

1924 5704 2121 5780 Isaias,
2150 5704 2242 5770 qui
2293 5715 2393 5780 ait,
2436 5722 2485 5780 e.
2528 5724 2648 5769 XLV,
2690 5724 2739 5759 v.
2771 5708 2839 5780 Ἡ
2871 5726 2899 5780 ﬂ:
2940 5710 3060 5759 Ὅτι
3118 5704 3241 5776 ἐμοὶ
3293 5711 3502 5780 κάμψει

1926 5774 2031 5825 πᾶν
2062 5774 2209 5840 γόνυ,
2251 5776 2340 5826 καὶ
2374 5776 2588 5843 ὀμεῖται
2618 5780 2761 5829 πειτα
2790 5777 3005 5844 γλῶσσα
3040 5780 3125 5830 τὸν
3151 5774 3304 5833 Θεὸν.
