4226 6444
706 331 814 396 687

1692 346 1748 409 S.
1790 347 2170 412 GREGORII
2220 353 2731 415 AGRIGENTINI
2763 354 2939 416 VITA

3846 346 3962 413 688

706 456 828 497 sum
861 440 963 497 hoc
990 440 1257 499 dederunt
1286 464 1297 499 :
1330 445 1384 500 Si
1414 462 1536 502 cum
1571 450 1655 505 bis
1687 461 1743 506 tu
1771 470 1985 523 quoque
2016 460 2175 524 petis,
2210 474 2274 511 ne
2310 489 2322 517 4

2400 476 2474 512 τοι
2506 461 2600 513 σὺν
2634 459 2709 529 τῷ
2734 462 2888 532 πάπᾳ
2918 460 3220 529 ἐδᾴκρυσαν
3251 460 3343 514 καὶ
3370 454 3549 513 εἷπον
3578 460 3637 511 EI
3666 457 3823 520 αὐτὸς
3857 460 3961 510 σὺν

707 533 837 600 quid
872 533 1167 601 patiantur,
1196 537 1459 606 niltiljam
1496 542 1561 595 ad
1592 556 1689 595 nos
1712 547 1960 612 pertinet.
1992 545 2124 600 Nam
2155 550 2280 602 illud

707 622 928 690 quidem
965 640 1088 679 vere
1114 628 1373 696 scriptum
1409 640 1514 694 est,
1559 634 1771 687 Domini
1802 638 1966 692 unius
2020 639 2278 694 ultionem

704 734 845 773 esse.
908 720 1074 790 Igitur
1110 720 1249 790 jussi
1284 721 1486 777 milites
1507 724 1781 779 dimittere
1814 744 1928 793 eos,
1961 745 2069 799 quo
2093 746 2283 785 rursus

703 810 894 863 eodem
926 825 1117 867 omnes
1160 813 1533 868 convenirent.
1579 815 1789 871 Accidit
1831 834 1981 882 vero,
2013 821 2140 873 dum
2176 835 2282 875 uno

702 898 758 952 in
789 901 909 955 loco
933 917 1123 957 omnes
1155 912 1355 968 essent,
1393 913 1451 957 ut
1499 906 1734 973 procella
1778 909 2073 978 improviso
2100 926 2284 965 erum-

702 1003 872 1059 peret,
903 1002 956 1047 et
1004 994 1158 1050 locus
1191 996 1300 1060 ille,
1349 997 1403 1050 in
1443 1014 1554 1068 quo
1597 1011 1942 1058 accusatores
1985 1012 2159 1068 erant,
2192 1005 2285 1058 ob-

704 1096 1038 1141 scuraretur.
1064 1088 1267 1144 Ventus
1294 1103 1457 1158 porro
1486 1107 1516 1145 e
1542 1101 1683 1147 terra
1705 1093 1852 1158 exiit,
1878 1104 1933 1149 et
1954 1094 2088 1149 adeo
2112 1096 2280 1150 densa

704 1178 881 1247 caligo
912 1194 1103 1236 omnes
1135 1182 1287 1246 texit,
1320 1192 1380 1237 ut
1434 1193 1576 1238 terra
1633 1184 1936 1251 dehiscere,
1986 1201 2190 1255 eosque
2224 1185 2280 1239 in

702 1269 1021 1337 voraginem
1061 1272 1347 1341 abreptura
1379 1289 1499 1327 esse
1529 1274 1805 1328 videretur
1851 1294 1865 1328 :
1898 1292 2070 1345 quare
2096 1277 2278 1331 omnis

698 1375 924 1430 quoque
970 1362 1208 1431 synodus
1238 1373 1530 1429 commota,
1564 1366 1802 1429 sublatis,
1837 1367 1904 1421 ad
1938 1368 2137 1422 caelum
2173 1384 2283 1422 ma-

703 1452 868 1506 nibus
892 1452 1233 1507 inclamavit:
1258 1454 1497 1518 Domine,
1524 1458 1789 1511 miserere.
1811 1459 1881 1512 At
1902 1459 1979 1513 rei
1999 1460 2177 1513 exitus
2196 1462 2282 1514 hic

703 1542 828 1596 fuit.
871 1542 1039 1598 Paulo
1070 1554 1192 1613 post
1222 1546 1419 1618 caligo,
1460 1563 1579 1618 qua:
1606 1549 1713 1603 illis
1746 1548 2087 1612 incubuerat,
2117 1550 2282 1604 dissi-

705 1645 829 1704 pata
860 1646 961 1695 est,
992 1647 1046 1690 at
1092 1638 1273 1691 vultus
1310 1654 1498 1693 eorum
1554 1641 1829 1709 nigrantes
1872 1651 2278 1710 apparuerunt;

707 1728 1072 1795 quorumdam
1099 1746 1227 1783 vero
1252 1740 1359 1784 tota
1390 1730 1560 1786 facies
1580 1733 1808 1786 omnino
1832 1733 2109 1803 nigruerat
2128 1732 2235 1803 (99)
2262 1750 2277 1784 :

710 1818 897 1872 Sabini
931 1820 984 1873 in
1026 1822 1213 1888 primis
1242 1832 1295 1876 et
1320 1822 1656 1877 Crescentini
1709 1824 2050 1893 aliorumque
2078 1826 2278 1879 multo-

708 1927 853 1974 rum,
882 1913 1079 1981 quibus
1137 1927 1392 1983 prmterea
1433 1918 1573 1971 labia
1613 1932 1831 1986 quoque
1882 1918 2018 1971 adeo
2063 1914 2281 1974 diducta

710 2013 861 2070 sunt,
898 2012 955 2058 ut
988 2007 1071 2059 vix
1104 2022 1165 2061 ea
1197 2017 1399 2062 tantum
1445 2009 1714 2063 adducere
1752 2019 1989 2079 possent,
2019 2019 2283 2079 quantum

710 2097 773 2147 avl
807 2097 1138 2162 loquendum
1177 2116 1314 2168 opus
1344 2111 1512 2155 esset.
1552 2100 1757 2155 Ultimo
1789 2102 1890 2155 hoc
1911 2102 2159 2171 prodigio
2199 2100 2284 2155 di-

708 2187 835 2241 vina
868 2188 920 2241 in
954 2199 1301 2245 accusatores
1331 2191 1409 2245 ira
1448 2193 1782 2260 conquievit.
1830 2193 2011 2260 Quare
2046 2194 2286 2265 synodus

708 2281 968 2334 universa
995 2281 1248 2337 clamavit
1297 2301 1311 2337 :
1356 2282 1510 2339 Nunc
1553 2284 1787 2354 denique
1830 2285 2091 2340 Dominus
2141 2287 2287 2340 ebri-

713 2384 857 2426 stum
904 2372 980 2442 (l)
1025 2389 1184 2428 suum
1229 2388 1494 2442 servasse,
1541 2392 1741 2431 nunce
1769 2376 1909 2432 corio
1954 2386 2143 2432 saneto
2188 2394 2290 2433 suo

712 2477 905 2533 preces
933 2465 1054 2533 ejus
1096 2466 1407 2522 exaudiisse
1449 2467 1599 2521 visus
1627 2476 1730 2522 est.
1757 2466 1985 2539 Magnus
2032 2467 2291 2525 Dominus

713 2543 921 2622 noster,
946 2565 1001 2612 et
1026 2572 1222 2628 magna
1260 2559 1433 2614 virtus
1457 2560 1607 2629 ejus;
1655 2570 1709 2615 et
1745 2576 1850 2615 non
1881 2571 1964 2615 est
1999 2562 2292 2630 investiga-

714 2645 792 2699 tio
820 2647 1034 2702 consilii
1062 2648 1201 2718 ejus.
1251 2648 1392 2704 Vere
1426 2665 1657 2721 magnus
1678 2661 1731 2706 et
1778 2651 2065 2708 laudabilis
2106 2652 2288 2718 nimis,

713 2745 769 2792 et
805 2739 1197 2807 magnitudinis
1254 2740 1375 2809 ejus
1423 2756 1531 2795 non
1568 2751 1653 2797 est
1703 2742 1845 2798 ﬂuis.
1880 2742 2024 2797 Bene
2069 2744 2293 2809 Domino

714 2829 963 2883 dicamus
1012 2828 1122 2884 Deo
1154 2838 1365 2907 nostro,
1416 2832 1508 2900 qui
1555 2832 1741 2887 omnia
1790 2832 2043 2889 utilitatis
2094 2845 2295 2889 nostrre

716 2935 883 2973 causa
913 2918 1074 2989 facit;
1118 2920 1233 2990 ipse
1262 2921 1407 2975 enim
1447 2923 1626 2978 noscit
1651 2924 1745 2993 qui
1779 2939 1904 2979 eum
1940 2934 2147 2991 amant,
2174 2928 2296 2996 qui-

717 3028 824 3082 que
853 3011 1115 3067 voluntati
1165 3013 1285 3083 ejus
1323 3015 1719 3084 obsequuntur,
1769 3031 1833 3071 ac
1884 3026 2062 3073 servat
2090 3032 2206 3081 eos,
2242 3028 2295 3073 et

718 3106 785 3159 de
819 3105 1161 3161 inimicorum
1195 3122 1358 3162 manu
1405 3117 1567 3177 atque
1614 3123 1679 3162 ex
1724 3109 1873 3163 omni
1904 3110 2193 3165 aﬂlictione
2228 3112 2293 3164 li-
2320 3131 2362 3190 (ς

719 3199 893 3251 herat.
924 3195 1042 3267 Ipse
1071 3197 1338 3267 justitiam
1375 3199 1640 3267 impertit,
1679 3200 1797 3269 ipse
1844 3202 2105 3271 mysteria
2155 3217 2297 3257 reve-

718 3287 820 3350 lat,
859 3287 977 3359 ipse
1011 3290 1385 3345 metuentibus
1416 3306 1538 3345 eum
1595 3291 1824 3345 salutem
1856 3290 2045 3357 aﬂ'ert;
2082 3308 2297 3364 semper

722 3379 867 3433 enim
900 3394 1067 3448 prope
1112 3389 1196 3436 est
1252 3381 1635 3438 invocantibus
1668 3397 1793 3435 eum
1849 3383 1901 3436 in
1956 3384 2204 3449 veritate,
2241 3394 2293 3440 et

722 3486 814 3523 eos
847 3469 995 3543 [xcv]
1038 3471 1287 3525 celeriter
1318 3472 1620 3537 ulciscitur,
1670 3475 1815 3543 quod
1866 3475 1982 3531 sine
2024 3475 2296 3532 intermis-

724 3564 879 3618 sione
905 3564 1143 3617 clamant
1172 3564 1236 3618 ad
1267 3578 1390 3618 eum
1424 3564 1513 3619 die
1541 3579 1605 3619 ac
1636 3575 1813 3619 nocte.

801 3804 1083 3861 LXXVIII.
1118 3809 1295 3876 Atque
1328 3809 1411 3863 bis
1437 3809 1682 3879 prolatis,
1738 3824 2019 3865 accessere
2056 3813 2121 3865 ad
2151 3825 2295 3875 eum,

729 3908 783 3952 et
829 3898 895 3953 ad
934 3899 1096 3967 pedes
1144 3901 1413 3968 provoluti
1471 3901 1776 3955 dixerunt:
1826 3900 2024 3955 Preces
2082 3902 2296 3965 adhibe,

730 3991 891 4043 Pater
928 4001 1135 4057 sancte,
1176 4007 1272 4060 pro
1306 3991 1485 4058 nobis,
1520 3992 1607 4061 qui
1664 4008 1806 4047 unus
1844 3994 2105 4047 extremis
2154 3993 2301 4048 hisce

2384 550 2566 612 αὐτοῖς
2614 551 2786 613 αἰτεῖς
2834 551 2933 620 τὴν
2974 550 3242 603 ἀπάθειαν
3275 551 3469 611 αὐτῶν,
3507 551 3666 619 ήμεῖς
3723 549 3961 617 πρᾶγμα

2382 634 2479 691 ούκ
2522 638 2716 708 ἔχομεν
2743 638 2949 692 υτοῦτο
2974 639 3081 709 γὰρ
3124 637 3334 710 ἀληθῶς
3366 638 3696 706 γέγραπται,
3742 637 3823 689 ὅτι
3858 636 3957 688 τοῦ

2384 729 2588 798 Κυρίου
2620 731 2651 799 ἡ
2676 730 2955 798 ἐκδίκησις
2983 733 3165 799 μόνου.
3196 730 3305 783 Καὶ
3326 729 3610 781 ἐκέλευσεν
3634 728 3829 789 αὐτοὺς
3852 729 3959 793 ἀφ·

2387 816 2521 869 ιέναι
2557 817 2685 880 τοὺς
2731 817 3088 888 στρατιώτας,
3121 820 3218 872 καὶ
3264 818 3424 873 πάλιν
3461 819 3519 870 ἐν
3563 816 3639 886 τῷ
3673 817 3787 885 ἅμα
3834 833 3962 867 συν-

2384 907 2735 978 αθροισθῆναι
2761 910 3024 973 ἅπαντας.
3066 910 3310 977 Ἐγένετο
3330 909 3387 962 δέ
3412 910 3469 961 ἐν
3492 908 3570 978 τῷ
3594 907 3789 969 αὐτοὺς
3812 902 3958 959 εἶναι

2384 998 2441 1050 ἐν
2490 998 2569 1049 ἐνὶ
2615 1000 2787 1068 τόπῳ,
2824 1000 3046 1068 γέγονεν
3095 1002 3291 1070 αἴφνης
3348 999 3547 1067 λαίλαψ
3590 999 3813 1067 ἀνέμου,
3864 1000 3959 1049 καὶ

2383 1090 2674 1143 ἐσκότασεν
2709 1092 2737 1144 6
2765 1091 2948 1157 τόπος,
2990 1094 3047 1145 ἐν
3078 1085 3123 1160 ᾧ
3162 1093 3377 1146 ἵσταντο
3413 1093 3462 1145 oi
3491 1093 3788 1161 κατήγοροι
3814 1108 3827 1119 ·
3862 1092 3959 1142 καὶ

2387 1182 2494 1234 ίδοὺ
2522 1180 2718 1251 ἄνεμος
2744 1182 2964 1252 ἐξῆλθεν
2988 1184 3052 1237 ἐκ
3074 1184 3173 1253 τῆς
3196 1184 3321 1254 γῆς,
3351 1185 3443 1237 καὶ
3466 1184 3735 1253 ἐκάλυψεν
3760 1184 3957 1243 αὐτοὺς

2384 1275 2591 1335 πάντας
2620 1276 2819 1344 γνόφος
2847 1276 3112 1339 σκοτινὸς,
3146 1275 3287 1329 ὥστε
3333 1276 3540 1338 πάντας
3577 1275 3775 1343 λέγειν,
3805 1276 3890 1326 ὅτι
3926 1276 3957 1341 ἡ
4050 1272 4053 1277 ’

2384 1366 2456 1436 γῆ
2485 1365 2673 1437 ἔχανεν
2702 1367 2799 1420 καὶ
2825 1366 3085 1420 κατέπιεν
3114 1366 3334 1431 αὐτούς.
3369 1369 3477 1422 Καὶ
3509 1369 3657 1420 πᾶσα
3681 1369 3715 1436 ἡ
3741 1365 3959 1426 σύνοδος

2384 1459 2463 1523 είς
2493 1458 2588 1512 τὸν
2611 1458 2840 1529 οὐρανὸν
2878 1459 2976 1523 τὰς
3009 1462 3197 1531 χεῖρας
3228 1461 3459 1531 ἄραντες
3488 1458 3740 1530 ἔκραζον,
3771 1458 3960 1521 λέγον-

2382 1568 2473 1613 τες
2498 1551 2576 1603 τό’
2598 1552 2772 1619 Κύριε
2790 1552 3068 1619 ἐλέησον.
3091 1552 3199 1605 Καὶ
3222 1552 3282 1605 τὸ
3302 1552 3365 1623 δὴ
3393 1551 3587 1619 πέρας,
3630 1552 3748 1619 μετ’
3778 1548 3959 1614 ὀλίγον

2382 1640 2659 1710 διεσχίσθη
2695 1642 2723 1693 ό
2765 1642 2960 1708 γνόφος
3002 1639 3279 1693 ἐπάνωθεν
3304 1639 3515 1692 αὐτῶν·
3547 1637 3638 1690 καὶ
3677 1637 3959 1704 ἐφάνησαν

2384 1734 2451 1786 τὰ
2488 1733 2754 1799 πρόσωπα
2790 1732 2970 1786 αὐτῶν
3016 1730 3461 1802 μεμελανωμένα,
3495 1730 3601 1784 τῶν
3631 1729 3809 1783 δὲκαὶ
3838 1727 3961 1780 ὁλό-

2381 1826 2559 1895 κληρα
2579 1826 2646 1879 τὰ
2664 1824 2930 1893 πρόσωπα
2946 1825 3125 1878 αὐτῶν
3150 1824 3594 1894 ἐμελανώθησαν.
3624 1822 3855 1875 Σαϐίνου
3878 1821 3957 1877 δέ.

2382 1918 2474 1970 καὶ
2503 1917 2934 1988 Κρησκεντίνου,
2985 1920 3079 1971 καὶ⁵
3110 1916 3311 1989 ἐτέρων
3342 1915 3553 1969 πολλῶν
3596 1916 3655 1968 ού
3692 1914 3855 1984 μόνον
3895 1914 3963 1965 τὲ

2385 2009 2649 2080 πρόσωπα
2690 2008 2874 2063 αὐτῶν.
2906 2006 3347 2079 ἐμελανώθησαν,
3378 2008 3515 2062 ἀλλὰ
3561 2006 3657 2059 καὶ
3696 2005 3765 2057 τὰ
3804 2005 3960 2073 χείλη

2386 2102 2564 2156 αὐτῶν
2616 2100 3051 2172 κατηνέχθησαν,
3095 2100 3234 2154 ὥστε
3280 2100 3432 2170 μόλις
3465 2101 3663 2163 αὐτοὺς
3697 2098 3962 2152 δύνασθαι

2387 2192 2740 2265 περισφίγξαι
2766 2193 2906 2246 αὐτὰ
2935 2194 3023 2258 είς
3040 2193 3100 2247 τὸ
3127 2192 3377 2262 λαλῆσαι.
3410 2193 3612 2246 Τούτου
3641 2192 3697 2247 δέ
3728 2191 3959 2259 γενομέο

2387 2301 2477 2336 νου
2521 2283 2615 2337 τοῦ
2655 2280 2884 2354 σημείου
2931 2283 3215 2354 ἐτελειώθη
3255 2284 3392 2354 όργὴ
3429 2285 3509 2347 είς
3552 2285 3679 2347 τοὺς
3719 2283 3963 2352 κατηγό-

2392 2392 2537 2447 Ρους·
2571 2375 2840 2447 Ἔκραξεν
2866 2376 3015 2429 πᾶσα
3043 2377 3076 2446 ἠ
3108 2374 3321 2438 σύνοδος
3351 2375 3584 2443 λέγουσα
3604 2393 3616 2407 ·
3650 2374 3766 2428 Νῦν
3791 2376 3967 2443 ἐγνώ-

2390 2480 2585 2533 καμεν,
2612 2464 2695 2517 ὅτι
2746 2463 2948 2518 ἔσωσεν
2989 2463 3192 2533 Κύριος
3238 2464 3331 2518 τὸν
3372 2465 3592 2535 χριστὸν
3633 2465 3819 2523 αὑτοῦ.
3867 2466 3967 2519 καὶ

2390 2554 2695 2624 ἐπήκουσεν
2746 2552 2913 2607 αὐτοῦ
2946 2553 3005 2618 ἐξ
3037 2554 3265 2623 ούρανοῦ
3298 2556 3451 2623 ἁγίου
3486 2556 3670 2610 αὑτοῦ.
3713 2556 3906 2623 Μέγας
3938 2558 3970 2608 ό

2392 2642 2597 2708 Κύριος
2630 2644 2807 2714 ἡμῶν,
2847 2643 2943 2697 καὶ
2984 2644 3191 2715 μεγάλη
3226 2648 3259 2714 ἡ
3303 2648 3457 2715 ἰσχὺς
3490 2644 3655 2715 ας)τοῦ
3678 2663 3691 2677 ·
3730 2645 3823 2699 καὶ
3861 2648 3970 2700 οὐκ

2392 2732 2539 2786 ἐστιν
2566 2731 2909 2805 ἐξερεύνησις
2940 2735 3039 2806 τῆς
3060 2735 3375 2804 φρονήσεως
3400 2734 3563 2788 αὐτοῦ
3588 2753 3600 2767 ·
3628 2735 3843 2805 ἀληθῶς
3876 2736 3976 2804 μέ-

2346 2850 2354 2859 σ
2392 2842 2495 2893 γας
2516 2824 2611 2877 καὶ
2636 2824 2845 2887 αίνετδς
2870 2824 3095 2893 σφόδρα,
3119 2825 3213 2878 καὶ
3241 2824 3342 2891 τῆς
3377 2824 3766 2893 μεγαλωσύνης
3795 2824 3971 2878 αὑτοῦ

2394 2917 2494 2970 οὐκ
2523 2915 2670 2969 ἐστιν
2703 2915 2897 2986 πέρας.
2929 2914 3230 2985 Εὐλογητὸς
3267 2915 3471 2983 Κύριος
3499 2917 3527 2969 ό
3558 2916 3691 2979 Θεὸς
3733 2916 3899 2985 ἡμῶν
3943 2921 3977 2971 ό

2396 3005 2573 3059 πάντα
2604 3005 2739 3076 πρὸς
2788 3004 2848 3056 τδ
2890 3006 3166 3074 συμφέρον
3205 3004 3591 3076 ἐργαζόμενος.
3643 3007 3818 3070 Δύτδς
3858 3007 3977 3077 γὰρ

2394 3100 2651 3165 γινώσκει
2676 3098 2803 3160 τοὺς
2830 3097 3159 3165 ἀγαπῶντας
3181 3097 3363 3159 αὑτὸν,
3400 3099 3495 3152 καὶ
3522 3100 3647 3161 τοὺς
3678 3099 3977 3161 ποιοῦντας

2393 3186 2455 3239 τὸ
2487 3186 2698 3257 θέλημα
2730 3186 2916 3252 αὐτοῦ,
2949 3186 3043 3239 καὶ
3074 3185 3236 3251 σώζει
3261 3188 3479 3251 αὐτοὺς,
3514 3188 3610 3242 καὶ
3640 3187 3829 3259 ρύεται
3868 3190 3978 3241 αύ-

2395 3276 2519 3338 τοὺς
2547 3278 2609 3330 ἐκ
2630 3279 2810 3349 χειρὸς
2829 3274 3051 3347 ’ἐχθρῶν
3080 3278 3260 3329 αὐτῶν
3292 3278 3384 3330 καὶ
3413 3279 3477 3331 ἐκ
3504 3279 3684 3348 πάσης
3710 3278 3977 3348 θλίψεως.

2394 3366 2566 3429 Αὐτὸς
2611 3367 2826 3427 δικαιοῖ.
2884 3368 3047 3431 αύτδς
3097 3370 3472 3424 ἀποκαλύπτει
3524 3370 3820 3437 μυστήρια,
3879 3370 3984 3421 καὶ

2396 3460 2542 3511 ποιεῖ
2570 3458 2843 3530 σωτηρίαν
2865 3462 2981 3523 τοῖς
3018 3459 3377 3532 φοϐουμένοις
3409 3460 3592 3515 αὐτόν.
3637 3460 3837 3525 Ἐγγὺς
3863 3460 3983 3527 γάρ

2396 3552 2544 3604 ἐστιν
2571 3550 2800 3604 πάντοτε
2834 3553 2945 3615 τοῖς
2971 3552 3420 3623 ἐπικαλουμένοις
3444 3553 3607 3606 αὐτὸν
3636 3554 3694 3604 ἐν
3719 3550 3983 3621 ἀληθείᾳ,

2397 3644 2492 3696 καὶ
2520 3644 2619 3713 τὴν
2652 3644 2932 3714 ἐκδίκησιν
2957 3645 3135 3697 αὐτῶν
3179 3647 3324 3699 ποιεῖ
3352 3648 3413 3697 ἐν
3441 3644 3620 3713 τάχει,
3645 3644 3728 3697 ὅτι
3759 3643 3987 3697 ἁνενδςο

2398 3747 2505 3791 τως
2531 3730 2694 3799 βοῶσι
2720 3732 2859 3801 πρὸς
2886 3733 3046 3786 αὑτὸν
3078 3733 3291 3803 ἡμέρας
3315 3734 3407 3786 καὶ
3432 3733 3648 3796 νυκτός.

2469 3820 2595 3873 ΟΗ’.
2632 3821 2742 3872 Καὶ
2790 3821 2960 3874 ταῦτα
3008 3822 3186 3875 αὐτῶν
3231 3822 3524 3887 εἰπόντων,
3582 3821 3991 3892 προσελθόντες

2400 3910 2628 3964 ἔπιπτον
2666 3910 2817 3980 παρὰ
2861 3914 2987 3974 τοὺς
3036 3914 3199 3976 πόδας
3248 3913 3441 3975 αὑτοῦ,
3478 3912 3767 3979 λέγοντες·
3810 3909 3991 3979 Εὗξαι

2402 4003 2539 4073 ὑπὲρ
2563 4002 2740 4071 ἡμῶν,
2767 4003 2945 4074 Πάτερ
2979 4002 3121 4070 ἅγιε,
3147 4005 3229 4056 ότι
3260 4005 3317 4056 ἐν
3340 4007 3460 4065 ταῖς
3490 4003 3723 4073 ἡμέραις
3749 4002 3991 4065 ταύταις

734 4082 1066 4148 temporibus
1096 4082 1310 4135 invictae
1362 4082 1635 4151 patientiae
1686 4083 1863 4136 virum
1924 4092 1975 4137 te
2010 4084 2214 4152 prodis,
2248 4093 2301 4138 et

2400 4098 2520 4158 ταῖς
2554 4096 2806 4164 ἐσχάταις
2856 4096 2919 4147 σὺ
2959 4095 3120 4162 μόνος
3152 4096 3403 4165 ἐδείχθης
3436 4096 3673 4165 ἐργάτης
3704 4093 3808 4161 τῆς
3840 4096 3993 4147 ὑπο-

732 4172 934 4226 Cltristi
971 4186 1033 4227 ac
1064 4171 1460 4241 discipulorum
1496 4173 1616 4242 ejus
1655 4173 1987 4229 imitatorem
2021 4192 2035 4229 :
2098 4190 2215 4244 age,
2250 4182 2302 4228 te

2406 4187 2593 4254 μονῆς,
2619 4186 2711 4237 καὶ
2739 4185 2925 4248 δοῦλος
2949 4185 3188 4253 Χριστοῦ
3224 4188 3316 4239 καὶ
3351 4188 3459 4238 τῶν
3496 4186 3755 4254 μαθητῶν
3787 4185 3993 4237 αὑτοῦ.

734 4265 1108 4329 obsecramus,
1140 4264 1394 4333 precibus
1426 4278 1525 4318 nos
1559 4265 1666 4319 tuis
1701 4264 1837 4318 habe
1859 4265 2298 4319 commendatos.

2404 4272 2841 4343 Παρακαλοῦμεν
2864 4274 2920 4327 δέ
2945 4292 3025 4337 σε,
3053 4274 3214 4343 εὔχου
3243 4274 3382 4343 ὑπὲρ
3412 4273 3587 4342 ἡμῶν,
3614 4271 3795 4340 εὔχου.
3839 4272 3905 4324 Ὀ
3936 4274 3993 4325 δὲ

733 4356 827 4409 Ille
854 4369 985 4408 vero
1018 4355 1167 4408 humi
1203 4363 1529 4423 prostratus,
1561 4356 1727 4423 pedes
1763 4355 2102 4425 singulorum
2138 4371 2303 4410 oscu-

2406 4364 2585 4418 πεσὼν
2620 4366 2711 4417 ἐπὶ
2742 4367 3031 4433 πρόσωπον
3062 4364 3249 4425 αὑτοῦ,
3277 4363 3684 4435 προσεκύνησεν
3711 4363 3831 4425 ἐνὸς
3858 4365 3996 4416 ἐκά-

734 4447 970 4512 labatur,
1006 4460 1091 4507 ac,
1145 4443 1275 4507 Vos,
1331 4445 1530 4509 aiebat,
1584 4445 1847 4514 ignoscite
1901 4446 2055 4509 mihi,
2112 4445 2302 4500 Patres

2408 4474 2532 4509 στου
2575 4455 2754 4510 αὐτῶν
2786 4458 2911 4518 τοὺς
2945 4456 3132 4520 πόδας,
3164 4456 3339 4523 λέγων
3361 4471 3374 4485 ·
3428 4452 3831 4523 Συγχωρήσατέ
3873 4473 3997 4521 μοι.

734 4540 948 4593 sancti:
982 4553 1083 4608 ego
1115 4540 1257 4592 enim
1307 4553 1428 4592 sum
1467 4539 1699 4599 vermis,
1739 4546 1793 4592 et
1823 4552 1929 4591 non
1982 4538 2169 4603 homo,
2205 4554 2303 4606 0p-

737 4640 1017 4707 probrinm
1052 4636 1329 4691 hominum
1380 4643 1435 4690 et
1484 4634 1717 4704 abjectio
1752 4635 2015 4712 omnium.
2053 4634 2161 4689 Vos
2208 4650 2305 4704 p0-

736 4734 847 4785 tius
878 4730 1196 4785 tenuitatem
1236 4742 1409 4782 meam
1451 4727 1702 4797 precibus
1739 4728 1936 4783 vestris
1985 4736 2303 4782 sustentate.

738 4822 963 4891 Iamque
1016 4834 1207 4875 omnes
1262 4826 1455 4873 saneto
1504 4818 1655 4873 illum
1709 4818 1898 4873 osculo
1949 4817 2305 4886 salutabant:

735 4919 938 4986 quippe
968 4924 1077 4968 tota
1109 4928 1175 4967 ex
1202 4914 1334 4966 urbe
1370 4912 1471 4965 viri
1527 4910 1853 4980 feminaeque
1901 4925 2023 4964 cum
2064 4909 2310 4964 lactenti-

740 5013 840 5063 bus
900 5008 1086 5077 pueris
1158 5012 1545 5069 convenerant,
1611 5010 2001 5058 accusatorum
2065 5001 2310 5070 prodigio

738 5098 901 5154 exciti
934 5116 947 5151 :
980 5106 1034 5151 ct
1068 5111 1161 5150 ora
1195 5110 1383 5149 eorum
1414 5094 1681 5163 nigrantia
1721 5090 2086 5161 obstupefacti
2127 5091 2308 5143 intue-

741 5193 959 5246 bantur.
1017 5187 1254 5243 Rursum
1302 5184 1503 5239 deinde
1551 5182 1788 5252 episcopi
1847 5181 1913 5235 ad
1977 5180 2133 5235 sedes
2182 5194 2310 5234 suas

813 5327 924 5397 (99)
970 5325 1167 5397 Quidni
1208 5323 1619 5397 Agrigentinum
1696 5321 1933 5397 aliquem
1962 5360 1976 5383 ,
2030 5334 2307 5397 a‘tn‘tenunt

744 5389 1043 5457 hominem.
1086 5396 1310 5449 Leontio
1345 5389 1538 5447 nostro
1573 5392 1922 5459 imposuisse,
1959 5400 2011 5442 et
2056 5389 2307 5459 fabellam

748 5472 887 5522 hanc
920 5468 1231 5520 venditnsse
1270 5458 1687 5516 existimemus?
1720 5460 1996 5530 Agrigenti
2050 5458 2307 5522 fortasse,

746 5550 797 5592 ut
836 5538 914 5601 fit,
966 5536 1184 5591 familiae
1238 5536 1444 5602 aliquot
1489 5548 1552 5585 ex
1592 5529 1782 5585 Africa
1823 5538 2078 5602 extorres
2128 5529 2308 5602 sedem

748 5599 968 5665 lixarum
996 5624 1009 5671 ;
1046 5623 1109 5659 ex
1144 5599 1599 5673 iisque—pragnati
1640 5602 1791 5673 fusca
1823 5599 1981 5662 facie,
2012 5599 2180 5673 labris
2212 5600 2311 5673 i_m-

750 5679 975 5732 modicis
1000 5670 1264 5746 parente's
1295 5670 1619 5746 alone—avos
1656 5671 1981 5725 referebant.
2018 5670 2139 5746 ⁵ηοξ
2193 5670 2306 5737 pla-

749 5755 857 5803 nus
884 5749 991 5813 ille,
1016 5732 1097 5801 ὐι
1131 5746 1328 5803 coloris
1367 5732 1420 5800 et
1450 5744 1637 5797 forum
1672 5756 1891 5801 causam
1940 5732 2209 5801 redderet,
2245 5755 2310 5793 ex

2408 4550 2621 4617 Πάτρες
2654 4550 2836 4615 ἅγιον
2874 4546 2985 4614 ἐγὼ
3029 4546 3139 4615 γάρ
3180 4548 3295 4615 είμι
3342 4544 3580 4613 σκώληξ,
3628 4546 3723 4596 καὶ
3754 4544 3855 4595 οὐκ
3902 4548 3997 4598 ἄπο

2408 4638 2644 4708 θρωπος,
2672 4638 2875 4699 ὄνειδος
2904 4636 3209 4706 ἀνθρώπων
3244 4636 3338 4689 καὶ
3364 4636 3701 4703 ἐξουθένημα
3726 4635 3964 4686 πάντων
3982 4652 3994 4664 ·

2409 4729 2562 4782 αὐτοὶ
2604 4728 2799 4797 μᾶλλον
2835 4726 3059 4797 εὔχεσθε
3108 4726 3250 4795 ὑπὲρ
3296 4726 3397 4794 τῆς
3429 4724 3568 4794 ἐμῆς
3604 4726 3993 4795 μετριότητος.

2421 4821 2763 4874 Ἦσπάσαντο
2786 4819 2841 4871 δὲ
2866 4820 3026 4871 αὐτὸν
3051 4816 3249 4879 πάντες
3272 4816 3351 4885 τῷ
3377 4816 3517 4885 ἁγίῳ
3547 4815 3841 4883 φιλήματι.
3878 4815 3987 4868 Ili-

2411 4930 2479 4967 σα
2512 4913 2620 4982 γὰρ
2644 4914 2677 4980 ἠ
2710 4910 2863 4973 πόλις
2888 4906 2954 4979 ἦν
2981 4908 3413 4979 συνηθροισμένη
3440 4907 3648 4975 ἀνδρῶν
3673 4923 3730 4957 τε
3763 4908 3864 4959 καὶ
3907 4926 3990 4973 γυ

2409 5003 2630 5068 ναικῶν,
2660 5002 2753 5055 καὶ
2787 5002 2891 5063 ἓως
2917 5000 3112 5070 μικροῦ
3142 4999 3472 5070 θηλάζοντος
3512 4998 3603 5048 ἐπὶ
3630 4996 3708 5063 τῷ
3735 5007 4004 5063 γεγονότι

2412 5094 2622 5164 σημείῳ
2660 5095 2739 5149 εἰς
2780 5093 2907 5155 τοὺς
2946 5092 3306 5160 κατηγόρους.
3343 5089 3451 5141 Καὶ
3497 5083 3637 5157 ἦσαν
3671 5088 4005 5155 θαυμάζον-

2410 5186 2609 5251 τες,ώς
2640 5184 2908 5253 ἐθεώρουν
2936 5182 3369 5253 μεμελανωμένα
3397 5179 3576 5233 αὐτῶν
3602 5180 3670 5232 τὰ
3692 5180 4001 5249 πρόσωπα.

2411 5336 2599 5373 eorum
2626 5333 2823 5387 genere
2861 5331 2983 5371 esse
3026 5315 3184 5387 dixit,
3231 5312 3323 5382 qui
3374 5310 3697 5387 Gregorium
3736 5318 4002 5362 nostrum

2412 5380 2782 5450 accusasvsent,
2825 5403 2889 5440 ac
2936 5386 3099 5440 simul
3152 5380 3423 5437 osténtunt
3466 5380 3605 5433 istud
3630 5390 4003 5450 commentus

2411 5469 2515 5517 est.
2573 5460 2716 5526 quod
2770 5448 2933 5511 homo
2969 5455 3194 5526 minime
3242 5453 3448 5526 malus,
3480 5460 3529 5503 et
3578 5448 3844 5526 .IIISIOI'IRB
3886 5464 4005 5526 sure

2414 5517 2771 5599 producenda),
2800 5536 2961 5595 atque
2984 5524 3241 5599 ornandae
3289 5522 3541 5588 cupidus.
3576 5517 3740 5572 facile
3782 5518 4004 5581 hausit,

2416 5594 2582 5664 utque
2608 5594 2883 5659 audierat,
2908 5594 3179 5669 exposuit.
3592 5658 3621 5669 γ’

2490 5661 2564 5740 (1)
2594 5670 2666 5722 Ex
2696 5669 2830 5737 psal.
2876 5661 2989 5728 χιχ,
3015 5666 3078 5726 7;
3116 5673 3163 5715 ct
3203 5678 3267 5716 ex
3302 5661 3422 5715 aliis
3454 5661 3709 5726 carptim.
