4226 6444
774 356 874 429 εθι

1764 368 1826 427 S.
1857 367 2233 428 GBEGORII
2272 370 2782 434 AGRIGENTINI
2826 376 3025 437 VITA.

779 469 891 527 Dro
918 478 1195 537 acceptam
1229 476 1625 541 arcessit-isset,
1661 493 1833 549 eaque
1868 483 1920 536 in
1967 487 2233 555 synodum
2272 488 2352 540 iu-

2453 488 2719 555 φιλόθεον.
2780 492 2891 545 Καὶ
2931 491 3356 562 προσκυνήσασα
3398 489 3496 545 καὶ
3544 490 3786 548 λαϐοῦσα
3835 496 4027 566 εὐχὴν,

778 562 1029 615 tmducta
1060 562 1341 616 adorasset
1380 579 1569 618 omnes
1600 581 1663 620 ac
1692 568 1794 621 sibi
1833 569 1968 622 bene
2001 574 2347 639 precantibus

774 652 1092 715 annuisset,
1144 653 1228 706 his
1275 653 1363 707 ille
1392 654 1573 711 verbis
1626 672 1749 712 eam
1796 666 1879 714 est
1909 660 2153 718 affatus:
2197 662 2348 718 Hane

777 742 873 801 tibi
906 743 1157 811 puellam,
1182 741 1402 797 domina
1452 757 1647 811 mater,
1672 751 2021 813 commendo,
2064 764 2124 806 ut
2153 754 2348 808 animae

777 833 951 901 ipsius
1002 847 1188 886 curam
1240 849 1419 902 geras,
1477 850 1707 906 eamque
1760 838 1812 891 in
1867 840 1954 894 die
1984 840 2221 906 Domini,
2254 845 2345 912 qui

775 923 1078 977 mercedem
1103 924 1331 980 daturus
1360 936 1460 991 est,
1491 912 1901 982 ‘itnmaculatam
1935 933 2211 987 restituas.
2245 933 2345 987 Cui

775 1014 907 1068 illa:
942 1013 1054 1081 Sic,
1099 1016 1298 1086 inquit,
1327 1018 1564 1080 domine,
1598 1021 1708 1083 ﬁat,
1748 1021 1821 1073 uti
1865 1022 2044 1091 juhcs.
2083 1023 2159 1077 Ac
2211 1024 2347 1078 bene

674 1146 691 1158 .
775 1104 851 1157 illi
880 1108 1231 1174 precantibus
1258 1110 1491 1172 cunctis,
1524 1104 1755 1177 puellam
1781 1112 2087 1167 diaconissa
2119 1116 2345 1184 accepit,

773 1207 939 1264 atque
974 1197 1025 1249 in
1078 1198 1466 1252 monasterium
1508 1201 1733 1254 deduxit
1772 1217 1785 1255 :
1830 1202 1917 1255 ubi
1952 1218 2127 1257 annos
2158 1205 2346 1274 viginti

774 1284 914 1341 duos
940 1288 1116 1356 exegit
1152 1289 1395 1343 moribus
1429 1290 1783 1346 emendandis
1810 1303 1865 1347 et
1892 1296 2089 1349 eiratis
2121 1296 2349 1363 expian-

775 1378 861 1431 dis
894 1380 1098 1433 inteuta
1135 1398 1147 1433 :
1183 1394 1248 1433 ac
1291 1382 1584 1436 multatum
1618 1384 1918 1450 palmarum
1961 1386 2149 1439 victrix
2182 1402 2347 1442 occu-

774 1468 913 1522 buit.

846 1560 1058 1616 LXXX.
1126 1563 1259 1615 Cum
1318 1563 1429 1631 jam
1486 1565 1620 1618 hora
1676 1576 1821 1621 esset
1870 1577 2045 1631 nona,
2107 1570 2346 1638 pontifex

775 1658 1049 1711 maximus
1104 1666 1351 1711 sanctum
1390 1656 1710 1728 Gregorium
1750 1661 2001 1715 hortatus
2035 1670 2139 1727 est,
2167 1670 2225 1715 ut
2266 1663 2338 1716 di-

774 1748 899 1801 vina
940 1750 1198 1818 mysteria
1234 1758 1514 1819 perageret
1563 1748 1661 1818 t4).
1715 1749 1836 1815 Quo
1878 1760 2119 1821 tempore
2157 1751 2346 1827 [xcvi']

758 1838 1015 1893 'Orieutis
1054 1839 1292 1907 episcopi
1321 1840 1519 1907 aliique
1561 1855 1590 1893 ο
1625 1829 1834 1909 synodo
1867 1838 2129 1908 Spiritum
2158 1821 2349 1909 gratiae
2382 1821 2419 1874 Β

777 1930 1030 1983 viderunt
1075 1941 1262 1984 saneto
1310 1932 1426 1985 viro
1458 1934 1997 2001 superimminentem
2026 1950 2039 1995 ;
2072 1933 2217 2003 quod
2245 1933 2349 1987 illis

779 2020 1087 2075 sanctitatis
1116 2022 1235 2090 ejus
1257 2038 1532 2075 summum
1562 2032 1942 2093 argumentum
1972 2023 2113 2077 fuit:
2148 2040 2271 2077 nam
2299 2036 2353 2079 et

780 2114 885 2181 ipsi
923 2114 1031 2168 Deo
1074 2115 1363 2169 admodum
1400 2115 1604 2185 accepti
1643 2125 1819 2181 erant,
1884 2116 2169 2184 sanctique
2229 2115 2352 2185 Spi-

782 2206 919 2259 ritus
979 2206 1287 2275 participes.
1342 2205 1413 2261 Ut
1445 2222 1573 2261 vero
1619 2215 1869 2261 sanctum
1924 2205 2136 2261 Domini
2179 2208 2349 2261 nostri

777 2292 905 2348 ,πί-ευ
934 2294 1136 2350 Christi
1161 2310 1358 2366 corpus
1388 2312 1450 2351 ac
1479 2284 1774 2366 pretiosum
1808 2300 2127 2369 sanguinem
2151 2315 2181 2353 e
2210 2299 2350 2354 beati

718 2378 724 2386 ’
781 2385 1025 2453 Gregorii
1084 2389 1333 2443 manibus
1382 2398 1737 2459 acceperunt,
1792 2390 1973 2445 cibum
2032 2391 2227 2446 deinde
2284 2392 2350 2447 ad

782 2478 1054 2546 pontilicis
1098 2479 1319 2534 maximi
1361 2494 1606 2534 mensam
1663 2496 1968 2550 sumpsere,
2002 2492 2114 2536 tum
2156 2484 2352 2553 quietis

782 2583 947 2621 causa
1007 2570 1247 2637 cpiswpi
1301 2570 1551 2623 eumdem
1606 2585 1796 2625 omnes
1828 2571 1881 2625 in
1934 2571 2111 2626 locum
2151 2574 2350 2627 reversi

783 2666 932 2713 sunt.
968 2656 1191 2711 Noctem
1229 2667 1407 2713 tamen
1442 2670 1609 2714 totam
1646 2677 1819 2731 usque
1849 2662 1914 2715 ad
1946 2662 2119 2716 lucem
2164 2664 2351 2733 vigila-

784 2762 930 2819 runt,
964 2756 1028 2805 de
1064 2754 1339 2808 communi
1373 2756 1547 2809 salute
1591 2772 1654 2811 ac
1684 2758 1750 2810 de.
1781 2758 1895 2811 utili
1929 2759 2144 2827 pietatis
2174 2759 2353 2813 studio

783 2844 1135 2896 disserentes.
1161 2844 1347 2896 Primo
1382 2854 1560 2897 autem
1589 2845 1832 2900 diluculo
1866 2845 2186 2917 Gregorium
2219 2862 2355 2915 pon-

788 2928 915 2981 tifex
943 2930 1214 2984 maximus
1238 2933 1542 2998 arcessivit,
1566 2943 1619 2987 et
1645 2934 1787 2987 hunc
1808 2949 1931 2988 cum
1955 2952 2020 2989 eo
2046 2951 2352 2990 sermonem

785 3022 974 3075 habuit
1002 3040 1014 3074 :
1041 3023 1200 3088 Audi,
1234 3023 1331 3090 lili,
1362 3039 1630 3093 exponam
1667 3027 1811 3079 enim
1848 3027 1942 3080 tibi
1976 3027 2126 3081 urbis
2158 3038 2356 3081 nostra:

2450 576 2580 647 ἐστη
2605 578 2913 648 ἔμπροσθεν
2939 580 3040 651 τῆς
3069 582 3290 635 συνόδου
3310 597 3325 610 ’
3356 583 3453 635 καὶ
3478 580 3630 651 λέγει
3674 584 3818 654 αὐτῇ
3860 588 3889 638 ό
3917 589 4029 641 πά-

2453 683 2587 730 πας·
2614 668 2831 737 Ταύτην
2864 686 2947 722 σοι
2972 669 3071 738 τὴν
3094 672 3262 725 παῖδα
3284 667 3652 743 παράτίθημι,
3676 674 3826 743 κυρὰ
3844 674 4031 745 ἄμμα,

2452 754 2537 805 ἵνα
2591 754 2929 827 ἐπιμελήσῃς
2976 758 3077 827 τῆς
3134 757 3315 829 ψυχῆς
3369 758 3565 829 αὐτῆς,
3619 762 3717 813 καὶ
3765 763 4035 831 παριδῷς

2450 844 2679 896 ἄσπιλον
2705 846 2762 896 ἐν
2786 848 2853 914 τῇ
2877 846 3059 917 ἡμέρᾳ
3086 847 3181 900 τοῦ
3205 848 3437 920 Κυρίου,
3465 850 3561 902 καὶ¹
3584 851 3718 919 παρ’
3741 851 3914 905 αὐτοῦ
3938 853 4036 905 τὸν

2453 930 2643 998 μισθὸν
2670 932 2921 1003 κομίσῃς.
2952 935 3021 987 Ἠ
3050 935 3106 988 δὲ
3139 930 3312 988 εἷπεν·
3345 936 3581 1002 Γένοιτο,
3611 936 3793 1007 κύριε,
3823 939 3903 1003 ὡς
3935 957 4033 992 κε-

2452 1021 2645 1086 λεύεις.
2687 1026 2795 1077 Καὶ
2840 1026 3059 1079 πάντων
3092 1027 3230 1099 αὐτῇ
3269 1028 3677 1098 ἐπευξαμένων,
3712 1032 4034 1101 παρέλαϐεν

2450 1114 2617 1183 αὐτὴν
2665 1117 2698 1183 ἡ
2727 1115 2992 1180 διάκονος,
3028 1118 3122 1169 καὶ
3159 1118 3287 1171 ἄπιε
3316 1121 3375 1171 ἐν
3408 1119 3486 1189 τῷ
3520 1125 3878 1193 μοναστηριφ
3915 1124 4034 1193 μετ’

2450 1206 2646 1275 αὐτῆς·
2684 1208 2907 1260 κάκεῖσε
2936 1209 3207 1278 διέτριψεν
3235 1209 3331 1280 ἐτη
3364 1210 3536 1265 εἴκοσι
3563 1213 3659 1266 δύο
3684 1215 3742 1268 ἐν
3772 1214 4035 1285 μετανοίᾳ

2450 1298 2540 1348 καὶ
2568 1296 2968 1368 ἐξομολογήσει,
3006 1300 3100 1353 καὶ
3138 1298 3357 1368 ἀγῶνας
3401 1303 3631 1367 πολλοὺς
3671 1305 4030 1376 ἐνδειξαμένη

2450 1390 2819 1461 ἐτελεύτησεν.

2521 1565 2599 1617 11'.
2636 1566 2746 1635 Τῆς
2778 1569 3006 1638 ὲννάτης
3035 1569 3091 1623 δὲ
3119 1570 3427 1642 φθασάσης.
3466 1574 3849 1643 προετρέψατο
3874 1576 3906 1627 ὁ
3930 1574 4034 1627 πᾶ-

2450 1672 2557 1719 πας
2610 1656 2700 1709 τὸν
2762 1645 3029 1728 μακάριον
3082 1659 3122 1711 Γ
3129 1662 3384 1732 ρηγόριον
3429 1662 3523 1715 τοῦ
3570 1665 3891 1718 ἐπιτελέσαι
3939 1666 4033 1733 τη)

2452 1743 2600 1797 θείαν
2640 1748 3048 1815 μυσταγωγίαν.
3082 1750 3145 1801 Οἱ
3178 1749 3235 1802 δὲ
3275 1751 3373 1819 τῆς
3403 1751 3698 1821 Ἀνατολῆς
3737 1753 4034 1805 ἐπίσκοποι

2453 1834 2546 1885 καὶ
2572 1834 2722 1887 ἄλλοι
2753 1837 2815 1888 ἐκ
2845 1837 2942 1907 τῆς
2973 1840 3191 1893 συνόδου
3226 1840 3523 1895 ἐθεάσαντο
3552 1843 3773 1913 πνεῦμα
3801 1844 3905 1912 τῆς
3933 1845 4029 1913 χὰ-

2456 1945 2602 1999 ριτος
2651 1932 3085 2002 κατασκηνιῖηαν
3115 1935 3203 1988 τδν
3236 1935 3413 2004 ἅγιον,
3446 1938 3541 1991 καὶ
3574 1938 4035 2009 ἐπληροτρορήθη-

2458 2035 2554 2071 σαν
2586 2021 2663 2081 είς
2700 2022 2865 2073 αὐτόν
2892 2039 2905 2053 ο
2934 2017 3076 2093 ἦσαν
3122 2024 3231 2095 γὰρ
3271 2027 3425 2080 αὐτοὶ
3451 2027 3750 2097 ἠξιωμένοι
3781 2030 4033 2098 χάριτος.

2455 2113 2547 2175 καί
2574 2111 2889 2182 Πνεῦματος
2922 2115 3080 2183 ἁγίου
3120 2117 3466 2186 μετέχοντες.
3499 2120 3957 2190 Κοινωνήσαντες
3980 2120 4035 2173 δι

2453 2202 2546 2255 τοῦ
2572 2203 2729 2271 ἁγίου
2759 2203 3013 2274 σώματος
3050 2206 3262 2260 καὶτοῦ
3308 2210 3493 2278 τιμίου
3531 2211 3765 2281 αἵματος
3797 2210 3894 2263 τοῦ
3924 2212 4034 2263 Κυ-

2456 2295 2573 2365 ρίου
2608 2295 2767 2365 ἡμῶν
2807 2295 2979 2366 Ἰησοῦ
3010 2298 3249 2369 Χριστοῦ
3279 2299 3368 2352 διὰ
3394 2300 3593 2371 χειρῶν
3628 2299 3723 2354 τοῦ
3755 2303 4034 2372 μακαρίου

2455 2386 2778 2456 Γρηγορίου,
2813 2387 3017 2457 ἔφαγον
3044 2389 3209 2461 ἄρτον
3238 2392 3296 2444 ἐν
3336 2394 3405 2463 τῇ
3439 2393 3691 2467 τραπέζῃ
3718 2392 3819 2447 τοῦ
3851 2395 4034 2457 nam,

2454 2476 2547 2529 καὶ
2579 2478 2951 2548 ἐκοιμήθησαν
2994 2480 3051 2533 ἐν
3095 2478 3173 2551 τῷ
3199 2480 3341 2551 ’ἅμα
3381 2482 3429 2535 οί
3471 2484 3785 2537 ἐπίσκοποι.
3844 2485 4036 2537 Πίσαν

2453 2566 2509 2619 δὲ
2538 2566 2637 2638 τὴν
2662 2567 2830 2623 νύκτα
2861 2569 3055 2624 ἄῦπνοι
3084 2571 3392 2626 διετέλεσαν
3418 2574 3523 2636 ἕως
3552 2574 3754 2644 ὄρθρου
3782 2575 4036 2642 διαλεγό-

2459 2676 2610 2728 μενοι
2641 2661 2769 2731 περὶ
2808 2664 3082 2733 σωτηρίας
3113 2666 3183 2717 τὰ
3238 2665 3581 2718 συντείνοντα
3620 2667 3699 2730 είς
3738 2666 4035 2735 ὠφέλειαν.

2457 2751 2677 2821 Πρωῖας
2723 2752 2781 2804 δέ
2848 2755 3148 2826 γενομένης
3208 2756 3732 2827 προσκαλεσάμενος
3768 2761 3796 2810 ὁ
3846 2760 4037 2820 παπαί

2455 2844 2546 2896 τὸν
2602 2844 2905 2914 Γρηγόριον
2924 2885 2939 2910 ,
2972 2846 3118 2914 λέγει
3148 2847 3297 2917 αὺτῷ
3318 2863 3330 2875 ·
3368 2850 3658 2913 Ἀκουσον,
3683 2850 3913 2910 τέκνον,
3948 2849 4040 2902 καὶ

2456 2935 2793 3005 διηγήσομαί
2824 2953 2908 2990 σοι
2945 2936 3007 2990 τὺ
3049 2939 3265 3008 συμϐὰν
3292 2941 3425 3009 ἡμῖν
3454 2942 3514 2992 ἐν
3553 2944 3619 3011 τῇ
3652 2941 3809 2994 πόλει
3840 2941 4038 3012 ταύτῃ,

2462 3025 2743 3096 καὶτοῦτο
2785 3027 2928 3094 λέγω
2964 3026 3051 3080 διὰ
3094 3028 3194 3091 τὰς
3229 3030 3505 3102 ἡμετέρας
3548 3032 3853 3102 ἁμαρτίας.
3895 3030 4041 3084 Σύλα

787 3115 1171 3181 calamitatem,
1227 3134 1391 3187 quam
1431 3119 1617 3188 utique
1650 3130 1871 3190 propter
1918 3120 2120 3189 ﬂagitia
2170 3130 2355 3177 nostra

2460 3118 2812 3187 ἀνεφάνησαν
2858 3118 3218 3187 είσερχόμενα
3262 3118 3353 3171 διὰ
3386 3119 3480 3173 τοῦ
3516 3120 3763 3190 ποταμοῦ
3802 3124 3885 3184 εἰς
3917 3123 4036 3184 τοῦς

787 3209 1075 3279 contigisse
1112 3209 1306 3265 fateor.
1366 3209 1571 3268 Trabes
1608 3212 1855 3283 quaedam
1908 3229 2003 3283 per
2026 3213 2223 3269 ﬂumen
2260 3218 2359 3269 ad-

787 3301 1123 3357 vehebantur
1168 3303 1234 3358 ad
1294 3304 1522 3359 Sanctus
1570 3305 1879 3375 Apostolus.
1914 3304 2007 3360 Hae
2059 3307 2113 3361 in
2167 3308 2355 3361 urbem

787 3403 1165 3461 pervenerant,
1198 3412 1320 3449 cum
1358 3395 1536 3449 medio
1572 3396 1624 3449 in
1660 3395 1883 3451 ﬂumine
1918 3404 2173 3467 tanquam
2205 3413 2357 3452 com-

790 3494 958 3551 pactae
994 3494 1086 3539 aut
1136 3486 1281 3541 ferro
1318 3486 1437 3541 (iste
1470 3488 1852 3543 constiterunt.
1886 3487 2073 3557 Itaque
2109 3489 2355 3543 clausum

791 3575 843 3626 iu
878 3574 1063 3629 urbem
1091 3575 1295 3630 aditum
1328 3577 1611 3642 habemus,
1646 3586 1706 3630 ut
1737 3593 1911 3647 neque
1943 3579 2146 3648 ingredi
2186 3597 2358 3651 neque

790 3667 968 3733 egredi
1007 3666 1215 3736 navigia
1258 3667 1504 3735 possint;
1540 3682 1601 3721 ea
1640 3684 1726 3721 res
1757 3669 1902 3722 cives
1933 3670 2227 3739 plurimum
2260 3686 2357 3724 an—

790 3760 865 3825 git
903 3775 916 3809 :
950 3773 1073 3811 nam
1125 3774 1264 3827 sa’pe
1306 3775 1501 3814 manus
1550 3760 1913 3824 admovimus,
1965 3776 2064 3815 nec
2112 3777 2207 3816 eas
2234 3778 2363 3831 per—q

791 3849 1006 3901 trahere
1038 3865 1275 3917 unquam
1320 3852 1617 3919 potuimus.
1657 3850 1946 3905 Enimvero
1974 3854 2232 3922 quoniam
2271 3854 2357 3907 hic

792 3953 888 3991 vos
920 3940 1071 4004 estis,
1110 3940 1340 3995 obsecro
1386 3954 1503 4007 vos,
1540 3950 1600 3994 ut
1649 3956 1714 3995 eo
1764 3957 1938 4011 usque
1983 3945 2239 3999 accedere
2294 3961 2359 3999 ne

792 4031 1122 4100 gravemini;
1178 4047 1335 4099 spero
1388 4031 1533 4085 enim
1587 4031 1721 4096 fore,
1776 4044 1833 4085 ut
1875 4031 2139 4087 Dominus
2172 4049 2359 4103 preces

792 4133 1000 4177 vestras
1031 4123 1303 4176 exaudiat.
1346 4120 1445 4177 Cui
1478 4122 1770 4192 Gregorius
1802 4126 2133 4193 respondens
2169 4145 2181 4179 :
2231 4125 2359 4181 0m-

792 4215 942 4275 nino,
970 4212 1164 4280 inquit,
1197 4220 1255 4265 ut
1278 4212 1460 4282 juhes,
1512 4228 1709 4281 parens
1761 4224 1948 4269 noster
1995 4216 2355 4271 sanctissime.

792 4302 1016 4372 Signum
1048 4304 1211 4373 igitur
1244 4304 1425 4359 tabula
1458 4304 1573 4359 dari
1606 4304 1847 4374 pontifex
1880 4308 2150 4361 maximus
2172 4307 2357 4375 jussit,

2470 3206 2687 3274 Ἀγίους
2736 3205 3093 3268 ’Δποστόλους
3114 3223 3127 3236 ⁸
3158 3209 3250 3259 καὶ
3273 3208 3627 3260 εἰσελθόντων
3646 3210 3852 3275 αὐτῶν,
3883 3210 4041 3276 ἑστη-

2461 3317 2561 3354 σαν
2594 3300 2755 3368 μέσον
2783 3298 2875 3352 τοῦ
2908 3298 3155 3370 ποταμοῦ
3202 3300 3278 3362 ὡς
3313 3302 3622 3369 πεπηγότα.
3652 3301 3686 3371 ἢ
3712 3301 3790 3363 ὡς
3824 3302 3936 3353 ὑπὸ
3966 3317 4040 3353 σι-

2458 3391 2624 3462 δήρου
2655 3390 3058 3459 ἀσφαλισθέντα
3084 3407 3097 3418 °
3126 3391 3220 3444 καὶ
3266 3391 3635 3460 κεκράτηνται
3664 3390 3758 3443 ὑπ’
3796 3392 3986 3445 αὐτῶν
4010 3394 4039 3459 ἡ

2458 3481 2663 3545 εἴσοδος
2682 3483 2779 3553 τῆς
2807 3482 3013 3545 πόλεως
3037 3481 3133 3534 καὶ
3172 3484 3205 3553 ἡ
3244 3480 3352 3535 τῶν
3375 3481 3593 3545 πλοίων,
3629 3483 3720 3533 καὶ
3759 3481 3888 3534 οῦτε
3927 3486 4032 3534 εἱσ-

2460 3573 2715 3643 έρχονται
2738 3573 2805 3625 τὰ
2832 3573 3012 3637 πλοῖα,
3040 3572 3164 3625 οὔτε
3191 3572 3535 3643 ἐξέρχονται·
3569 3572 3663 3624 καὶ
3692 3572 3843 3625 ἐστιν
3871 3573 4038 3641 πολλὴ

2459 3663 2636 3731 θλίψις
2664 3664 2722 3715 ἐν
2752 3666 2817 3732 τῇ
2842 3663 2993 3715 πόλει
3045 3662 3229 3715 ἐνεκεν
3266 3662 3480 3715 τούτου.
3512 3662 3783 3725 Πολλάκις
3815 3665 3927 3730 γὰρ
3957 3662 4039 3712 Eo.

2462 3755 2797 3823 κιμάσαντες
2822 3754 2921 3806 οὐκ
2959 3753 3259 3823 ἰσχύσαμεν
3296 3752 3523 3807 ἑλκύσαι
3573 3753 3733 3805 αὐτὰ.
3773 3751 3920 3803 Ἀλλ’
3949 3746 4038 3803 οὖν

2458 3846 2627 3899 ὄντων
2683 3845 2837 3915 ὑμῶν
2891 3844 3161 3907 ἐνταῦθα,
3194 3844 3496 3914 παρακαλῶ
3549 3842 3849 3911 σκυλθῆναι
3895 3842 4039 3909 ὑμεῖς

2460 3939 2563 4001 ἕως
2621 3938 2802 3990 ἐκεῖσε
2831 3978 2845 4004 ,
2882 3937 2974 3989 καὶ
3021 3936 3110 3987 διὰ
3144 3936 3251 3989 τῶν
3284 3935 3461 4005 εὐχῶν
3487 3934 3642 4004 ὑμῶν
3669 3935 4038 3987 ἐπακούσεται

2461 4030 2614 4098 ὑμῶν
2637 4031 2664 4081 ὁ
2694 4028 2917 4097 Κύριος.
2962 4027 3020 4080 Ὀ
3045 4027 3100 4080 δὲ
3130 4026 3448 4096 ἀποκριθεὶς
3486 4021 3639 4078 εἶπεν
3664 4039 3677 4052 ·
3713 4026 3802 4087 Ὠς
3829 4022 4039 4077 κελεύει

2462 4122 2493 4189 ἡ
2529 4120 2622 4172 τοῦ
2652 4118 2830 4172 κοινοῦ
2857 4117 3013 4188 ἡμῶν
3048 4116 3260 4187 Πατρὸς
3292 4116 3593 4186 ἁγιωσύνη.
3641 4115 3965 4167 Ἐκέλευσεν
3984 4114 4037 4165 δὲ

2464 4214 2492 4263 ὁ
2531 4212 2720 4273 πάπας
2764 4208 3093 4279 κρουσθῆναι
3127 4208 3187 4259 τὸ
3223 4206 3397 4271 ξύλον,
3439 4210 3533 4259 καὶ
3574 4205 4038 4275 συναθροισθῆναι

2462 4305 2643 4357 πᾶσαν
2665 4302 2764 4372 τὴν
2799 4300 2956 4354 πόλιν
2982 4300 3075 4353 καὶ
3112 4298 3182 4352 τὰ
3211 4300 3569 4369 μοναστήρια,
3602 4300 3699 4351 καὶ
3733 4298 3916 4350 πάντα
3950 4297 4039 4346 τὸν

790 4448 922 4493 tam.
974 4438 1051 4509 lu,
1086 4440 1290 4509 synodo
1342 4438 1485 4492 enim
1550 4438 1793 4509 Romana
1852 4440 1953 4494 sub
2006 4441 2355 4509 Symmacho,
2393 4457 2434 4509 ῃ
2465 4440 2615 4492 litate
2641 4447 2691 4491 et
2719 4436 2979 4509 stipendio
3005 4435 3382 4509 monachorum
3409 4434 3793 4509 diunoctuque
3815 4429 4037 4509 Domino

792 4524 937 4579 anno
1095 4508 1328 4579 decretis
1360 4510 1692 4579 subscripsit
1744 4508 2059 4579 Marcianus
2092 4512 2359 4579 presbyter

794 4578 933 4649 tituli
975 4577 1184 4649 Sancte
1229 4576 1479 4649 chilitc,
1542 4587 1601 4649 ut
1652 4578 1850 4649 deinde
1889 4579 1941 4649 in
1996 4582 2202 4649 synodo
2247 4576 2356 4635 sub

792 4648 1053 4727 Gzegoiio
1101 4647 1294 4727 Magno
1331 4647 1512 4727 Victan
1542 4646 1754 4701 Sanctte
1782 4646 2039 4703 Caeciliae;
2065 4649 2137 4702 De
2171 4666 2360 4727 "tona-

794 4717 981 4787 sterid
1014 4733 1115 4786 ego
1175 4726 1383 4787 tantum
1420 4717 1689 4787 allirmare
1722 4732 1968 4787 possum.
2028 4734 2213 4773 revera
2251 4720 2360 4775 illic

796 4797 923 4840 ante
960 4785 1240 4839 Paschalis
1272 4786 1290 4839 Ι
1322 4796 1533 4840 aetatem
1572 4785 1741 4841 fuisse
1770 4789 1851 4840 vel
1888 4790 2126 4842 virorum
2160 4790 2241 4841 vel
2285 4790 2361 4843 le-

796 4858 1067 4909 minurum
1103 4874 1115 4909 :
1146 4856 1346 4910 iudicat
1393 4857 1537 4909 enim
1564 4857 1682 4926 ipse
1716 4857 1768 4909 in
1811 4859 2039 4926 epistola
2076 4858 2152 4911 De
2182 4861 2361 4913 inven-

797 4929 933 4979 tione
958 4926 1300 4994 rcliquiarum
1330 4934 1525 4979 sancta:
1547 4924 1778 4979 thcilire
1807 4924 1971 4994 (apud
2000 4926 2162 4981 llard.
2197 4931 2356 4983 Cone.

798 4944 933 4979 noue
958 4944 1075 4979 rem
1093 4944 1300 4979 marum
1330 4944 1525 4979 sancite
1547 4944 1778 4979 uacuae
1807 4944 1971 4994 iupuu
2000 4944 2162 4981 uai-u.
2197 4944 2356 4983 conc.

798 5007 833 5049 t.
863 4994 951 5059 IV,
976 5012 1026 5064 ι).
1056 4944 1234 5065 ίὲἓό).
1269 4997 1372 5049 Sed
1396 5005 1574 5049 tamen
1608 4997 1750 5049 haud
1778 4997 1933 5050 facile
1957 5005 2201 5065 apparet,
2230 5001 2360 5053 viri-

800 5083 867 5120 nc
896 5082 963 5120 an
988 5066 1202 5136 femina:
1232 5074 1389 5119 antea
1424 5066 1744 5129 incolerent,
1768 5082 1830 5119 ac
1855 5082 1985 5119 num
2014 5070 2127 5136 ipsc
2152 5074 2360 5136 primus

801 5139 946 5191 \iros
1004 5135 1300 5199 induxerit,
1334 5150 1400 5187 an
1440 5144 1651 5189 veteres
1686 5136 1891 5189 incolas
1928 5135 2230 5191 retinuerit.
2271 5139 2361 5193 Sic

798 5208 965 5270 enim,
1000 5216 1282 5275 postquam
1312 5207 1378 5259 de
1409 5206 1609 5275 templo
1640 5221 1667 5258 a
1700 5221 1759 5259 se
1788 5206 2038 5260 restituto
2066 5207 2224 5269 disit,
2257 5225 2360 5263 ca:-

801 5286 912 5329 teia
938 5274 1058 5344 qua:
1076 5277 1269 5328 ibidem
1303 5274 1528 5344 perfecit
1556 5287 1775 5329 enarrat
1810 5294 1822 5329 :
1858 5275 2039 5345 Ibique
2057 5279 2125 5329 ad
2151 5276 2359 5332 laudem

797 5347 1065 5399 Creatoris
1106 5345 1403 5397 instaurata
1456 5346 1774 5398 monasterio
1823 5348 2091 5399 beatorum
2138 5347 2361 5402 Andrete

799 5416 1026 5484 apostoli
1072 5425 1120 5468 et
1152 5414 1388 5483 Gregorii
1417 5416 1731 5483 confessoris
1754 5456 1767 5477 ,
1807 5432 2000 5470 necnon
2028 5417 2081 5468 in
2113 5418 2357 5471 honorem

801 5496 1105 5539 sanctarum
1130 5485 1390 5554 virginum
1413 5495 1463 5538 et
1492 5494 1782 5554 martyrum
1805 5488 2021 5555 Agathe!
2039 5497 2087 5539 et
2107 5488 2353 5551 Ctecilia',

800 5558 944 5623 infra
974 5555 1261 5610 Ecclesium
1292 5556 1344 5607 in
1373 5555 1505 5615 loco.
1541 5557 1629 5624 qui
1663 5557 1861 5609 dicitur
1892 5557 2057 5609 Collis
2090 5557 2355 5625 jacentis:

801 5629 853 5679 in
882 5644 983 5697 quo
1014 5627 1388 5680 monachorum
1444 5625 1553 5679 Deo
1582 5627 1913 5679 servientium
1968 5630 2358 5697 congregationi

800 5700 1039 5750 unanimi
1090 5698 1445 5750 consuluimus
1495 5713 1589 5765 pro
1619 5698 1938 5765 quotidianis
1993 5698 2259 5761 laudibus,
2308 5710 2356 5751 et

794 5782 891 5831 pro
940 5767 1172 5824 subsidio
1215 5775 1261 5821 et
1312 5766 1662 5821 luminariunr
1685 5768 2092 5833 continuatione,
2126 5784 2217 5825 seu
2255 5770 2359 5821 uti-

2464 4510 2573 4563 Πεο
2603 4501 2800 4562 nostra
2827 4508 3097 4560 devotione
3126 4504 3304 4558 debita
3340 4503 3720 4573 persolvendis.
3759 4501 4038 4554 Pcrtinent

2463 4589 2643 4633 autem
2671 4581 2781 4631 haec
2814 4577 2879 4630 ad
2905 4590 3108 4631 annum
3134 4575 3258 4628 821.

2534 4650 2611 4717 (Δ)
2646 4646 2857 4719 Similia
2886 4662 2942 4700 se
2966 4645 3288 4719 pr_zestitisse
3309 4642 3605 4719 Gregorius
3642 4639 4017 4719 Il_agntis_min

2463 4713 2645 4774 Leone
2696 4713 3313 4785 episeopo'Catanensi,
3365 4713 3617 4785 scripsit__
3636 4713 3699 4763 ad
3757 4713 4019 4785 Justinnn

2463 4778 2747 4857 prator-eui
2781 4778 3002 4849 Siciliae,
3038 4791 3322 4853 postquam
3354 4796 3547 4858 nempe
3571 4778 3813 4858 .Romam
3847 4780 4019 4831 eodm

2462 4850 2573 4927 quo
2614 4864 2798 4927 noster
2829 4850 3071 4922 tempore
3107 4850 3354 4927 vocatus,
3396 4866 3453 4904 se
3472 4853 3537 4927 in
3563 4850 3776 4917 judicio
3813 4863 4017 4915 purgas

2464 4921 2544 4982 set
2570 4944 2583 4982 :
2614 4925 2875 4990 Quoniam
2901 4921 3094 4994 igitur,
3122 4922 3320 4994 inquit,
3360 4921 3604 4994 quwdant
3644 4930 3831 4971 contra
3865 4932 4023 4994 sacer.

2462 4996 2639 5051 dotale
2691 4990 3017 5063 propositum
3062 4993 3125 5046 de
3168 4991 3338 5045 Leone
3400 4992 3566 5058 fratre
3628 4998 3676 5042 et
3737 4990 4025 5055 coepiscopt

2463 5078 2643 5121 nostra
2676 5067 2889 5118 sinister
2925 5079 3105 5138 rumor
3133 5070 3655 5138 asperserat,_utrum
3685 5065 4033 5138 ιεινντιρςξιιεηιἶ

2461 5138 2708 5190 districta
2754 5136 2955 5188 diutius
3008 5132 3224 5203 fecimus
3267 5131 3609 5204 inquisitione
3652 5131 3930 5204 per-quiti;
3963 5135 4038 5204 “et

2463 5207 2663 5259 nullum
2694 5208 2748 5259 in
2784 5222 2843 5258 eo
2879 5205 2941 5259 de
2971 5199 3062 5263 iis,
3107 5217 3224 5271 quas
3262 5199 3405 5254 dicta
3439 5200 3671 5267 fuerant,
3709 5199 3924 5265 culpam
3958 5199 4036 5245 in-

2461 5278 2716 5331 vertimus.
2755 5275 2857 5330 Sed
2888 5292 2951 5328 ne
2984 5273 3405 5347 quid‘videretur
3430 5271 3702 5347 omissum,
3722 5278 3826 5347 aut
3858 5275 4038 5345 nostro

2460 5348 2711 5415 potuisset
2741 5346 2959 5398 dubium
2984 5336 3130 5396 cordi
3170 5357 3457 5415 remanere,
3488 5339 3556 5392 ad
3597 5338 3733 5415 beati
3769 5336 3922 5415 ἔξεινὶ
3953 5350 4039 5415 ερ-

2463 5404 2820 5471 cratissimum
2852 5431 3038 5483 corpus
3077 5413 3468 5487 districtaﬁeum
3518 5424 3583 5462 ex
3633 5407 3930 5487 abundanti
3963 5404 4038 5467 fe-

2462 5491 2626 5541 cimus
2656 5481 2990 5541 sacramenta
3019 5483 3266 5553 praebere.
3303 5481 3504 5553 Quibus
3535 5481 3810 5553 prastitis,
3846 5488 4036 5551 magna

2461 5574 2645 5611 sumus
2685 5548 3035 5630 exsultatione
3089 5553 3274 5630 gavisi,
3299 5552 3457 5630 quod
3487 5548 4038 5630 Itnjusntodidesrperi-

2463 5636 2635 5681 mento
2697 5627 2998 5682 innocentia
3066 5614 3178 5693 crius
3231 5614 3490 5677 euidenter
3550 5614 3737 5674 enituit
3794 5614 3915 5681 (lib.
3976 5626 4037 5672 tt,

2462 5700 2621 5767 epist.
2652 5698 2761 5765 55).
