4226 6444
239 370 348 434 691

1248 382 1714 451 S.GREGORII
1759 392 2271 454 AGRIGENTINI
2317 396 2509 456 VITA.

3392 402 3501 468 698

310 476 429 529 III".
460 475 667 531 Γνοῦσα
717 478 774 531 δὲ
824 480 855 549 ή
892 480 1025 550 άγία
1068 483 1310 552 σύνοδος,
1343 490 1421 543 ὄτι
1468 494 1583 546 ἐκεῖ
1616 491 1685 567 ἦν
1722 515 1813 550 κε·
1842 508 1883 562 Α

1842 508 1883 562 Α
1985 499 2273 554 LXXXIII.
2308 499 2509 555 Edocta
2561 510 2741 557 autem
2778 514 2967 561 sancta
3005 505 3250 577 synodus
3278 549 3293 571 ,
3349 507 3494 568 Leu-

237 568 557 637 κρυμμένος
586 571 615 622 6
645 571 896 639 Λεύκιος,
933 576 1337 647 ἐρευνήσαντες
1388 584 1595 653 ἦγαγον
1652 591 1813 642 αὑτὸν

239 660 321 721 sic
357 660 544 727 μέσςν,
569 664 664 714 καὶ
690 662 944 731 λέγουσιν
972 667 1122 737 αὐτῷ
1151 673 1200 723 οι
1248 672 1346 742 τῆς
1381 675 1670 748 Ἀνατολῆς
1707 681 1820 732 ἐπί-

242 766 436 804 σκοποι
462 753 802 823 ’Τρισάθλιε
822 796 837 820 ,
866 756 968 809 οὐκ
1019 760 1300 831 ἠρκέσθης
1335 767 1393 817 ὲν
1432 765 1511 836 τῷ
1542 768 1819 840 ἀναθεμαι

236 840 441 909 τισμῷ,
465 840 522 894 ὃν
541 842 705 907 ἐδέξω
730 845 786 896 ὲν
811 848 877 915 τῇ
910 847 1168 921 ’Δνατολῇ
1199 854 1349 922 παρὰ
1370 856 1480 908 τῶν
1511 858 1682 925 ἁγίων
1707 861 1817 913 Πα-

238 930 387 1000 τρῶν
413 949 426 963 ·
455 933 592 988 ἀλλὰ
621 937 712 988 καὶ
734 930 837 991 ὧδε
859 942 1243 1010 παραγέγονας
1262 946 1323 998 τὸ
1350 948 1482 1001 αὐτὸ
1505 951 1664 1003 πάλιν
1686 953 1818 1023 κλη-

245 1026 545 1094 ρονομῆσαι
574 1044 588 1092 ;
630 1027 690 1081 '0
713 1029 768 1082 δὲ
792 1031 945 1085 οὐδὲν
970 1033 1157 1096 αὐτοῖς
1185 1038 1488 1109 ἀπεκρίθη.
1536 1042 1819 1096 Ἀπέστει-

240 1110 333 1166 λεν
362 1115 419 1168 δὲ
461 1118 489 1169 6
530 1117 716 1181 πάπας
740 1120 904 1173 αὑτὸν
933 1125 994 1175 ὲν
1014 1126 1081 1194 τῇ
1110 1126 1318 1197 Σπανίᾳ
1349 1128 1444 1181 τοῦ
1474 1130 1617 1185 εἶναι
1653 1135 1817 1187 αὑτὸν

240 1205 323 1266 είς
355 1204 572 1273 ὲξορίαν
596 1207 732 1293 ἐκεῖ.
774 1209 1169 1277 ’Δπολυθέντος
1213 1215 1269 1268 δὲ
1301 1217 1395 1270 τοῦ
1435 1220 1567 1274 λαοῦ
1598 1222 1692 1276 τοῦ
1722 1224 1819 1293 τῆς

254 1288 696 1363 Ἀκραγαντίνων
748 1298 956 1364 πόλεως
1014 1304 1131 1372 αμα
1184 1305 1295 1359 τῶν
1322 1306 1608 1377 διακόνιον,
1641 1312 1690 1364 οἳ
1725 1288 1820 1366 καὶ

241 1385 537 1453 ἀπήγαγον
584 1387 707 1455 μεθ’
733 1390 945 1444 ἑαυτῶν
991 1396 1119 1457 τοὺς
1155 1399 1494 1468 κατηγόρους
1537 1404 1595 1454 ἐν
1630 1405 1696 1473 τῇ
1726 1406 1819 1457 πό-

241 1478 323 1527 λει
364 1477 797 1547 Ἀκραγαντίνων
820 1500 835 1513 ·
872 1484 1086 1552 ἔμεινεν
1114 1490 1143 1541 6
1172 1489 1472 1559 Γρηγόριος
1523 1494 1619 1547 τοῦ
1650 1498 1820 1550 ἀπελ-

242 1564 358 1616 θεῖν
391 1568 450 1618 ὲν
470 1570 535 1636 τῇ
564 1569 715 1621 πόλει
745 1570 862 1640 ἅμα
885 1575 995 1626 τῶν
1025 1579 1367 1647 ἐπισκόπων,
1419 1585 1515 1635 καὶ
1545 1585 1640 1637 τοῦ
1677 1604 1819 1641 σπα-

243 1658 458 1727 θαρίου,
490 1660 584 1712 καὶ
611 1662 703 1713 τοῦ
727 1664 1108 1733 ἀρχιδιακόνου
1130 1670 1225 1722 καὶ
1255 1673 1689 1741 χαρτοφύλακος.
1714 1677 1820 1729 Οὖ-

242 1767 350 1813 τως
379 1752 485 1823 γὰρ
518 1754 920 1828 ἐκελεύσθησαν
950 1760 1055 1813 ὑπὸ
1099 1760 1194 1814 τοῦ
1240 1763 1635 1820 εὐσεϐεστάτου
1662 1768 1815 1837 βασι-

242 1841 378 1904 λέως
413 1844 509 1897 καὶ
534 1845 628 1899 τοῦ
662 1848 1123 1916 ἀρχιεπισκόπου.

318 1935 439 1988 ῐΙΔ’.
480 1937 567 1989 Ἑν
600 1940 698 2008 μιᾷ
724 1939 780 1992 δὲ
812 1940 922 1995 τῶν
947 1944 1176 2014 ἡμερῶν
1209 1947 1537 2014 ἀποστείλας
1566 1951 1595 2003 6
1628 1953 1817 2016 πάπας

248 2026 637 2093 μετεστείλατο
670 2029 759 2083 τὸν
786 2031 941 2099 ἆγιον
990 2033 1291 2104 Γρηγόριον
1348 2039 1472 2092 κατ’
1510 2041 1668 2095 ίδίαν.
1712 2044 1820 2095 Καὶ

245 2117 431 2171 πεσὼν
468 2120 620 2189 παρὰ
661 2123 788 2185 τοὺς
842 2124 1008 2189 πόδας
1042 2127 1137 2180 τοῦ
1186 2130 1343 2183 πάπα
1389 2131 1528 2201 μετὰ
1569 2133 1821 2204 δακρύων

244 2210 367 2279 ᾔτει
401 2214 531 2283 παρ’
558 2213 726 2266 αὑτοῦ
759 2215 1130 2286 συγχώρησιν,
1164 2219 1257 2271 καὶ
1309 2223 1612 2291 παρεκάλει
1660 2224 1822 2277 αὐτὸν

245 2302 504 2371 εὔχεσθαι
535 2307 676 2375 ὑπὲρ
705 2306 893 2361 αὐτοῦ.
942 2310 1000 2361 '0
1023 2308 1079 2361 δὲ
1120 2310 1307 2372 πάπας
1352 2311 1502 2380 λέγει
1527 2312 1675 2383 αὑτῷ
1700 2332 1714 2345 ο
1756 2315 1821 2366 Τί

248 2408 331 2443 σοι
360 2394 771 2463 άνταποδῶμεν,
797 2397 1007 2461 τέκνον,
1044 2402 1172 2467 περὶ
1220 2399 1437 2453 πάντων
1463 2440 1476 2463 ,
1508 2394 1584 2454 ὧν
1612 2403 1823 2455 ἀνταπ-

246 2485 451 2537 έδωκεν
482 2488 612 2555 ἡμῖν
642 2490 670 2540 6
698 2488 832 2553 Θεὸς
855 2489 944 2543 διὰ
976 2490 1099 2555 σοῦς
1132 2491 1447 2559 Γινώσκειε,
1472 2494 1659 2548 τέκνον
1695 2513 1821 2565 μου,

247 2574 332 2625 ὅτι
363 2574 537 2644 ἥμισυ
571 2576 735 2646 μέρος
769 2579 867 2648 τῆς
893 2579 1016 2632 καθ’
1052 2581 1208 2650 ὑμῶν
1237 2583 1447 2646 πόλεως
1476 2587 1574 2638 σὺν
1599 2584 1677 2653 τῷ
1702 2588 1824 2638 ἐπι-

253 2667 492 2736 σκοπείῳ
517 2667 802 2721 ὑπόκειται
831 2670 924 2722 τοῦ
948 2672 1104 2738 ἁγίου
1136 2674 1227 2726 καὶ
1245 2674 1541 2743 κορυφαίου
1568 2674 1824 2729 Ἀποστόο

251 2758 349 2809 λου
400 2758 510 2811 τῶν
564 2760 836 2825 ὲνταῦθας
884 2761 941 2815 '0
972 2763 1030 2816 δὲ
1076 2764 1231 2830 ἆγιος
1284 2765 1585 2836 Γρηγόριος
1635 2767 1821 2835 λέγει·

250 2848 387 2912 Ναὶ,
421 2850 683 2915 δέσποτα,
713 2850 887 2916 οὕτως
918 2853 1051 2923 ἔχει.
1097 2856 1156 2908 Ὀ
1188 2856 1245 2908 δὲ
1278 2857 1468 2920 πάπας
1495 2859 1673 2926 λέγει·
1695 2860 1827 2912 Συν-

253 2939 450 3008 ἐκρινα
480 2944 538 2995 ἐν
574 2943 797 3013 ἐμαυτῷ
825 2944 986 2999 τοῦτο
1016 2946 1309 3001 ἀποδοῦναι
1339 2950 1418 3019 τῷ
1447 2950 1564 3020 Θεῷ
1592 2951 1679 3004 διὰ
1710 2950 1827 3013 σοῦ,

252 3031 459 3101 καὶτῷ
492 3034 599 3086 ὑπὸ
631 3036 725 3087 σοῦ
771 3036 1021 3105 μέλλοντι
1072 3041 1543 3110 άνοικοδομείσθαι
1600 3045 1714 3114 ναῷ
1768 3046 1829 3098 τὸ

252 3124 381 3176 καθ’
406 3127 556 3194 ἡμᾶς
585 3126 824 3196 ἁρμόζον
855 3128 1031 3198 ἥμισυ
1082 3132 1248 3200 μέρος
1272 3131 1375 3201 τῆς
1401 3132 1523 3187 καθ’
1558 3134 1711 3204 ὑμῶν
1736 3137 1829 3189 πό-

252 3212 395 3275 λεως
421 3256 434 3277 ,
468 3214 529 3266 τὸ
567 3215 808 3286 δωρηθὲν
847 3217 925 3287 τῷ
957 3220 1242 3292 κορυφαίῳ
1277 3223 1382 3277 ὑπὸ
1417 3223 1512 3276 τοῦ
1556 3227 1613 3279 ἐν
1654 3227 1830 3294 ἁγίοις

252 3305 352 3355 καὶ
381 3302 501 3375 θείᾳ
540 3308 633 3357 καὶ
681 3307 995 3378 ἁειμνήστῳ
1049 3314 1113 3381 τῇ
1147 3312 1294 3383 λήξει
1336 3318 1629 3386 γενομένου
1676 3319 1831 3388 ἡμῶν

256 3393 525 3462 βασιλέως
563 3398 994 3453 Κωνσταντίνου.
1041 3402 1098 3454 '0
1128 3403 1183 3456 δὲ
1221 3404 1376 3472 ἆγιος
1415 3407 1722 3478 Γρηγόριος
1746 3412 1833 3464 λέ-

254 3501 345 3551 γει
384 3486 533 3556 αὑτῷ
562 3504 573 3514 ·
611 3488 858 3543 Δέσποτα
910 3493 1148 3564 μακάριε
1172 3535 1185 3559 ,
1216 3496 1381 3559 αὐτὸς
1432 3498 1511 3568 τῷ
1537 3500 1656 3569 Θεῷ
1686 3519 1831 3572 παρ.

254 3574 425 3644 έχεις,
461 3579 621 3641 αὐτὸς
651 3582 727 3645 ὠς
768 3582 974 3657 ἀγαθὸς
1022 3586 1115 3637 καὶ
1144 3586 1530 3657 φιλάνθρωπος
1563 3593 1832 3645 ἀποδώσει

256 3669 422 3737 χάριν
446 3670 569 3722 ἀντὶ
608 3672 852 3741 χάριτος.
891 3674 1001 3726 Καὶ
1048 3678 1564 3748 προσκαλεσάμενος
1592 3684 1619 3734 6
1645 3685 1829 3748 πάπας

252 3765 387 3823 τοὺς
415 3762 643 3829 λογάδας
665 3764 767 3833 τῆς
805 3766 1131 3836 Ἐκκλησίας
1164 3770 1259 3822 καὶ
1292 3771 1421 3830 τοὺς
1452 3775 1704 3842 πρώτους
1733 3776 1833 3845 τῆς

258 3854 495 3917 πόλεως,
527 3857 621 3908 καὶ
656 3857 983 3920 καθίσαντες
1012 3858 1262 3929 ἔγραψαν
1288 3864 1454 3929 τόμον
1480 3865 1509 3917 ὃ
1533 3882 1594 3917 τε
1617 3866 1830 3932 πάπας,

258 3948 358 4000 καὶ
380 3947 431 3998 ol.
462 3946 687 4013 λογάδες
719 3947 819 4016 τῆς
861 3948 1209 4020 Ἐκκλησίας,
1242 3954 1335 4004 καὶ
1364 3955 1412 4005 οί
1436 3954 1702 4024 ἄρχοντες
1733 3958 1833 4026 τῆς

338 4058 415 4133 (7)
446 4058 521 4111 De
551 4056 892 4133 litic_Le0itt_ii
917 4060 1037 4115 loco
1066 4061 1169 4133 sibi
1207 4062 1500 4117 admodum
1530 4068 1833 4133 gratulatus

259 4138 346 4183 est
396 4127 595 4200 Lancia
629 4129 796 4200 (Diss.
820 4129 898 4200 de
939 4139 1025 4183 aet.
1062 4129 1223 4200 Greg.
1272 4134 1400 4200 Agr.
1431 4151 1483 4187 n.
1519 4127 1609 4198 39)
1634 4178 1648 4199 ,
1693 4155 1832 4193 unus

264 4198 541 4251 invenisse
594 4199 746 4251 visus
788 4198 930 4263 sibi,
989 4201 1130 4253 unde
1174 4198 1335 4256 vetus
1378 4204 1467 4257 illa
1524 4198 1833 4261 donationis

262 4267 763 4342 Constantiniana
786 4268 972 4342 opigio
1015 4278 1131 4322 Orta
1174 4280 1359 4342 esset:
1410 4290 1570 4341 quam
1607 4276 1719 4342 ipse
1751 4294 1835 4327 re-

264 4338 402 4405 petit
434 4336 842 4390 aCoustantino
878 4335 1178 4405 Pogonato,
1224 4340 1291 4394 de
1344 4335 1453 4408 quo
1503 4344 1592 4397 hic
1624 4335 1833 4398 sei-mo-

266 4422 396 4479 nem
427 4420 548 4459 esse
583 4414 755 4479 putat.
793 4413 1050 4474 tanquam
1074 4409 1193 4475 ejus
1224 4452 1239 4473 ,
1298 4412 1387 4478 qui
1434 4414 1642 4479 primus
1674 4415 1834 4467 dimi-

265 4478 421 4552 dium
459 4475 826 4552 vectigalium,
877 4492 1020 4552 quae
1048 4479 1281 4552 popqus
1315 4475 1611 4552 Romanus
1651 4484 1835 4552 Augu-

268 4545 375 4599 stis
405 4538 676 4619 penderét,
707 4538 1189 4619 ul_tro_re_miseri_t,
1220 4557 1382 4617 atque
1413 4550 1466 4604 in
1512 4538 1832 4619 pontificiim
1867 4538 1911 4592 D

269 4614 638 4667 maximorum
677 4615 810 4667 etin
841 4613 1097 4670 Ecclesiae
1132 4613 1389 4672 Romana:
1423 4613 1709 4675 commoda
1736 4638 1827 4676 ce-

271 4686 404 4755 dere
426 4682 689 4755 voluerit;
733 4698 831 4735 nec
863 4684 1029 4755 vidit,
1084 4688 1389 4755 pontificem
1432 4691 1725 4744 maximum
1772 4693 1841 4747 de

273 4751 827 4827 {I.;_nstantiiio_loqui
862 4751 1298 4827 jam_sideribus
1339 4770 1591 4827 recepto,
1639 4760 1733 4813 τοῦ
1781 4764 1839 4812 ὲν

274 4822 472 4899 άίίρις,
521 4822 669 4890 quod
710 4824 779 4899 de
826 4838 933 4899 uno
979 4822 1338 4899 Constantino
1384 4822 1586 4899 Magno
1610 4830 1837 4899 intelligi

271 4891 493 4965 dii-ique
518 4900 714 4965 potest.
750 4891 937 4965 _Atqui,
964 4896 1204 4959 omissis,
1233 4912 1354 4961 qua).
1387 4891 1498 4965 jam
1534 4899 1735 4963 attulit,
1783 4891 1841 4955 ὖι

273 4962 713 5038 Constantinum
750 4962 1085 5038 Pogonatum
1120 4974 1184 5038 _ct
1226 4962 1593 5020 Justiiiianum
1620 4968 1682 5033 Il,
1718 4981 1839 5038 post

272 5046 450 5084 aevum
470 5029 719 5106 Gregorii
738 5032 908 5106 nostri
940 5034 1286 5106 imperitasse
1303 5038 1641 5091 ostenderem
1664 5029 1681 5101 ἐ
1707 5029 1841 5106 pne-

276 5105 490 5153 claruui
526 5101 667 5154 istud
700 5100 915 5153 Lancize
944 5100 1223 5157 inretitum
1258 5121 1363 5159 una
1399 5108 1631 5160 litterula
1668 5100 1840 5161 totum

276 5170 461 5242 abolet
492 5170 757 5242 planeque
791 5171 947 5224 tollit.
984 5171 1041 5224 In
1074 5182 1306 5242 utroque
1338 5178 1480 5228 enim
1511 5178 1702 5231 codice
1738 5176 1840 5231 Ba-

278 5238 481 5313 siliano
511 5240 913 5313 scriptumcst,
943 5256 1067 5313 non,
1092 5243 1190 5309 τῆς
1218 5238 1363 5296 ”καθ⁹
1418 5245 1574 5313 ἡμῶν
1614 5248 1840 5309 πόλεως,

279 5310 428 5361 urbis
463 5309 803 5381 nostrw,ised
843 5310 945 5377 τῆς
974 5312 1097 5381 καθ’
1123 5313 1278 5381 ὑμῶν
1312 5309 1547 5380 πόλεώς,
1584 5318 1727 5369 urbis
1762 5334 1845 5370 ve-

277 5390 430 5453 strae,
447 5380 771 5453 atque‘adeo
796 5396 900 5453 non
928 5380 1274 5453 deRomaknze
1290 5384 1440 5437 urbis
1471 5386 1840 5453 vectigalibus,

278 5447 864 5523 seddeAgrigentiuis
894 5451 1134 5523 ecclesiae
1178 5450 1438 5507 Romana:
1490 5447 1843 5523 proventibus

282 5518 373 5594 hic
401 5517 607 5594 agitur,
669 5534 809 5587 quos
862 5520 1103 5594 pontife}
1158 5524 1430 5594 maximus
1480 5517 1545 5577 ad
1585 5527 1841 5594 templum

281 5587 1016 5662 Agrigenti_coustruendum
1052 5591 1312 5662 Gregorio
1340 5603 1527 5649 nostro
1562 5587 1844 5650 concesse-

284 5658 396 5711 rit:
426 5673 530 5725 qua
575 5658 627 5709 in
667 5674 723 5712 re
755 5674 913 5713 nemo
954 5658 1247 5716 absurdam
1287 5663 1429 5716 illam
1461 5674 1514 5719 et
1556 5666 1844 5720 incredibi-

286 5727 395 5781 lem
437 5729 805 5802 profusionem
835 5741 1112 5802 agnoscet.
1166 5749 1331 5802 quam
1379 5736 1583 5790 codicis
1638 5735 1841 5789 Messa-

292 5798 481 5851 ncnsis
522 5796 676 5852 lectio
703 5796 968 5854 enuntiat.
1024 5796 1239 5859 Fundos
1291 5815 1469 5859 autem
1502 5807 1642 5876 apud
1690 5809 1845 5875 Λευ-ί-

1922 593 2069 647 cium
2088 593 2273 648 Roma
2306 594 2493 658 latere,
2515 598 2700 651 missis
2725 598 2820 667 qui
2849 597 3126 654 hominem
3153 612 3487 675 quaererent,

1921 687 1974 741 in
2013 686 2257 739 medium
2294 686 2521 755 produci
2563 687 2772 756 jussit:
2840 698 3005 758 atque
3055 690 3205 745 illum
3254 691 3493 748 Orientis

1919 776 2158 844 episcopi
2200 775 2279 829 sic
2311 776 2527 830 allocuti
2590 788 2760 831 sunt:
2806 779 3079 835 Parumne
3137 779 3284 847 fuit,
3328 782 3493 838 homo

1920 865 2314 929 infelicissime,
2347 876 2399 920 te
2430 868 2483 921 in
2513 866 2736 923 Oriente
2759 884 2786 922 a
2826 873 3032 925 sanctis
3073 870 3330 926 Patribus
3356 888 3490 927 ana-

1921 956 2162 1011 themate
2195 957 2507 1027 perculsum
2543 958 2733 1020 fuisse.
2766 968 2826 1013 ut
2858 962 2963 1016 huc
2980 948 3245 1017 etiamad
3275 977 3489 1033 pmnam

1919 1049 2163 1102 eamdem
2201 1050 2401 1102 iterum
2452 1048 2789 1103 subeundam
2828 1052 3189 1120 pervenires?
3239 1053 3334 1108 Ille
3362 1070 3493 1107 vvro

1920 1138 2216 1205 obmutuit,
2242 1153 2342 1192 nec
2372 1139 2585 1193 hiscere
2616 1154 2786 1194 ausus
2814 1150 2916 1195 est.
2943 1145 3012 1195 At
3035 1141 3280 1211 pontifex
3312 1145 3489 1197 maxi-

1921 1243 2044 1282 mus
2096 1229 2150 1281 in
2200 1227 2517 1298 Hispaniam
2543 1270 2557 1293 ,
2594 1237 2654 1284 ut
2699 1230 2812 1284 illic
2838 1232 3115 1285 exsularet
3145 1270 3159 1294 ,
3209 1232 3487 1297 relegavit.

1918 1320 2130 1387 POpulo
2153 1316 2229 1389 [ε]
2257 1326 2435 1372 autem
2475 1317 2832 1389 Agrigentiuo
2860 1335 2983 1373 cum
3011 1321 3259 1376 diaconis
3309 1322 3361 1374 in
3398 1337 3490 1390 pa-

1920 1411 2080 1465 triam
2117 1408 2383 1479 profecto,
2410 1424 2519 1478 quo
2568 1420 2621 1463 et
2652 1420 3001 1465 accusatores
3035 1426 3219 1466 secum
3246 1410 3491 1467 deduxe-

1921 1511 2071 1563 runt,
2127 1500 2330 1554 mansit
2375 1498 2564 1553 Romae
2591 1498 2890 1570 Gregorius
2951 1516 3076 1554 cum
3127 1502 3402 1571 episcopis
3434 1508 3491 1556 et

1922 1593 2199 1661 spathario
2227 1601 2393 1661 atque
2440 1591 2833 1646 archidiacono
2880 1593 3323 1663 chartophylace.
3356 1592 3492 1647 Ilaec

1920 1683 2064 1737 enim
2096 1699 2126 1737 a
2162 1681 2504 1752 pientissimo
2528 1680 2855 1749 imperatore
2883 1693 3048 1753 atque
3078 1684 3147 1738 ab
3186 1684 3487 1754 archiepis-

1921 1789 2058 1844 copo
2089 1772 2345 1827 mandata
2373 1781 2715 1842 acceperant.

1997 1948 2280 2004 LXXXIV.
2309 1948 2476 2005 Paulo
2505 1959 2629 2020 post
2651 1948 2893 2019 pontifex
2929 1949 3206 2004 maximus
3239 1961 3491 2004 sanctum

1922 2042 2246 2113 Gregorium
2279 2042 2531 2112 privatim
2561 2042 2627 2094 ad
2660 2056 2719 2096 se
2754 2042 3015 2097 arcessiri
3061 2041 3246 2111 jussit.
3280 2038 3370 2096 Ille
3404 2042 3492 2095 in-

1921 2152 2145 2206 gressus
2188 2136 2255 2189 ad
2295 2135 2459 2204 pedes
2492 2134 2719 2203 procidit
2760 2135 3069 2204 Iacrymans
3094 2173 3109 2198 ,
3168 2134 3494 2202 veniamque

1921 2228 2095 2297 petiit,
2128 2236 2182 2280 et
2216 2236 2274 2279 ut
2316 2239 2504 2295 preces
2553 2223 2663 2277 Deo
2714 2238 2814 2293 pro
2848 2237 2907 2278 se
2932 2222 3222 2289 funderet,
3260 2223 3491 2293 rogavit.

1922 2314 1991 2369 At
2014 2314 2255 2384 pontifex
2288 2312 2590 2368 maximus:
2628 2311 2768 2378 Quid
2804 2313 2897 2367 tibi
2922 2351 2938 2376 ,
2994 2312 3193 2381 inquit,
3229 2312 3326 2377 fili,
3354 2313 3495 2368 refe-

1923 2421 2109 2460 remus
2148 2421 2247 2476 pro
2310 2405 2395 2459 his
2428 2404 2709 2466 omnibus,
2751 2417 2872 2471 quae
2938 2403 3097 2457 nobis
3138 2401 3281 2455 Deus
3318 2419 3412 2468 per
3444 2412 3496 2458 te

1926 2496 2155 2567 largitus
2209 2495 2341 2550 est?
2389 2492 2651 2560 Nostine,
2693 2493 2764 2548 fili
2798 2494 2909 2559 mi,
2965 2502 3172 2563 partem
3214 2495 3495 2548 dimidiam

1926 2588 2076 2642 urbis
2110 2595 2306 2640 vestra:
2366 2600 2491 2640 cum
2540 2586 2668 2640 sede
2720 2585 2840 2654 ipsa
2903 2585 3204 2654 pontificali
3268 2585 3498 2640 subesse

1926 2688 2118 2733 sancto
2145 2676 2374 2746 principi
2410 2675 2659 2745 apostolo
2687 2675 2813 2731 huic
2850 2686 3045 2729 nostro
3083 2675 3159 2744 (7)
3186 2675 3210 2728 ?
3237 2675 3335 2729 Cui
3367 2690 3499 2729 sau-

1926 2778 2047 2823 ctus
2075 2767 2411 2837 Gregorius:
2457 2764 2717 2827 Omnino,
2754 2764 2967 2835 inquit,
3000 2765 3244 2828 domine,
3277 2765 3353 2818 ita
3394 2773 3498 2819 est.

1927 2860 2245 2921 Enimvero,
2284 2858 2525 2926 suscepit
2575 2857 2703 2920 ille,
2748 2856 3045 2910 deliberari
3094 2870 3307 2909 mecum
3360 2854 3501 2909 hanc

1928 2951 2042 3005 Deo
2075 2964 2297 3019 propter
2328 2958 2379 3003 te
2400 2948 2691 3010 dedicare,
2733 2948 2914 3015 itaque
2946 2946 2999 2999 in
3044 2945 3229 3014 templi
3265 2944 3501 2999 aediﬁca-

1930 3044 2130 3096 tionem
2167 3040 2472 3096 concedere
2512 3038 2796 3093 dimidiam
2828 3053 2950 3107 qua:
2998 3038 3067 3091 ad
3109 3053 3210 3093 nos
3246 3039 3496 3107 pertinet,

1932 3134 2083 3189 urbis
2117 3143 2315 3186 vestra:
2348 3139 2587 3199 partem,
2618 3144 2783 3199 quam
2824 3144 3015 3199 nempe
3044 3137 3234 3183 sancto
3268 3130 3501 3199 principi

1922 3223 2153 3281 ‘donavit
2181 3222 2576 3278 Constantinus
2604 3221 2901 3290 imperator
2927 3229 3135 3285 noster,
3162 3221 3245 3274 vir
3272 3230 3501 3275 sanctus

1935 3332 1999 3371 ac
2029 3316 2211 3369 divina
2247 3324 2557 3382 aeternaque
2582 3311 2726 3381 apud
2759 3325 2860 3365 nos
2913 3312 3282 3367 celebratione
3326 3312 3502 3367 hono-

1936 3405 2161 3459 randus.
2196 3402 2334 3456 Tum
2391 3416 2522 3456 vero
2571 3409 2796 3455 sanctus
2840 3400 3179 3470 Gregorius:
3239 3402 3284 3455 0
3322 3401 3499 3464 beate,

1934 3499 2133 3566 inquit,
2161 3496 2400 3557 domine,
2435 3494 2543 3548 Deo
2573 3505 2629 3547 tu
2659 3494 2774 3547 [nec
2796 3481 3019 3548 exhibes
3044 3510 3060 3559 ;
3090 3496 3204 3564 ipse
3230 3536 3244 3559 ,
3270 3498 3365 3563 qui
3409 3495 3505 3548 bo-

1934 3602 2038 3640 nus
2067 3597 2119 3639 et
2155 3585 2425 3653 benignus
2459 3592 2565 3646 est,
2598 3583 2829 3654 gratiam
2879 3584 3051 3651 gratia
3082 3583 3361 3653 rependet.
3402 3583 3505 3639 Vo-

1933 3679 2078 3733 cavit
2108 3678 2301 3732 deinde
2332 3675 2569 3745 pontifex
2614 3676 2889 3729 maximus
2939 3674 3197 3730 Ecclesia:
3247 3690 3504 3744 proceres

1934 3777 2093 3838 atque
2123 3767 2275 3820 urbis
2304 3767 2613 3836 primores:
2650 3779 2715 3818 ac
2766 3764 2928 3818 simul
2969 3780 3161 3819 omnes
3211 3763 3503 3818 Decretum

1936 3861 2295 3929 scripserunt,
2328 3857 2474 3927 quod
2507 3856 2701 3925 synodi
2726 3857 2967 3925 e;.isc0pi
3001 3857 3360 3923 obsignarunt
3382 3871 3506 3909 cuin

1937 3952 2188 4007 universa
2221 3950 2483 4010 Ecclesia,
2520 3963 2584 4001 ac
2612 3948 2770 4001 beato
2813 3948 2928 4000 viro
2957 3947 3318 4000 tradiderunt.
3351 3945 3505 3999 Post-

1936 4074 2157 4134 gentum
2206 4063 2368 4116 etiam
2430 4060 2632 4123 fuisse,
2678 4060 2770 4134 qui
2826 4060 2891 4113 ad
2946 4059 3199 4134 Ecclesiae
3243 4059 3502 4134 Romana:

1938 4129 2326 4204 patrimonium
2360 4138 2688 4204 spectarent,
2730 4132 2886 4184 dOCct
2927 4144 3025 4204 nos
3070 4130 3366 4204 Gregorius
3398 4129 3507 4183 fila—

1938 4198 2157 4283 gnusnin
2186 4198 2419 4283 epistola
2458 4202 2526 4281 ad
2561 4200 2872 4283 Romanum
2907 4198 3248 4283 defensorem
3280 4201 3501 4283 (libltx,

1941 4268 1994 4327 ἦ.
2034 4273 2159 4341 I8):
2194 4268 2261 4323 Et
2288 4272 2405 4323 ideo
2434 4272 2558 4339 quia
2607 4280 2653 4341 te
2693 4269 2989 4341 lionmnnm
3017 4269 3341 4341 defensorem
3375 4268 3508 4341 [ide-

1937 4345 2039 4396 lem
2088 4339 2474 4408 sollicitumque
2523 4340 2855 4406 probavimus
2894 4340 3199 4402 exstitisse,
3248 4339 3508 4407 patrimo-

1938 4416 2083 4466 nium
2119 4422 2316 4467 sancta:
2348 4409 2600 4461 Romana:
2624 4448 2637 4467 ,
2702 4410 2786 4460 cui
2830 4410 2934 4460 Deo
2968 4409 3247 4461 miserante
3283 4409 3510 4460 deservi-

1941 4499 2078 4545 mus,
2107 4480 2377 4542 Ecclesiae,
2402 4481 2454 4531 in
2478 4478 2715 4548 partibus
2735 4477 3508 4548 Syracusanis,Catinensibus,

1942 4552 2318 4620 Agrigentiuis,
2346 4550 2423 4603 vel
2458 4547 2788 4620 Milensi‘bus’
2812 4549 3152 4620 constitutum
3194 4565 3225 4598 α
3264 4550 3509 4620 praesenti

1940 4609 2171 4674 secunda
2232 4609 2520 4671 indictione
2584 4616 2950 4686 gubernationi
3004 4629 3107 4667 iure
3172 4609 3511 4685 prtcvidimns

1941 4691 2391 4742 committendum.
2444 4687 2581 4740 Cum
2636 4698 2817 4738 autem
2875 4687 3101 4751 epistola
3147 4686 3261 4739 hzec
3302 4689 3509 4753 scripta

1942 4761 2103 4813 fuerit
2152 4758 2527 4826 quinquennio
2592 4768 2714 4824 post
2771 4756 3173 4809 absolutionem
3225 4754 3508 4823 Gregorii,

1943 4842 2088 4883 recte
2112 4831 2237 4897 quis
2275 4836 2479 4880 statuat
2513 4826 3319 4897 ._A_teunplunrAgrigentinum
3384 4837 3513 4878 ante

1944 4893 2314 4968 Septembrem
2366 4894 2647 4968 anni§98,
2695 4895 3090 4968 exwdilicatum
3129 4893 3330 4968 fuisse,
3385 4908 3509 4963 post

1942 4963 2104 5038 quem
2159 4975 2453 5038 proventus
2509 4964 2630 5018 illos
2694 4963 2923 5017 Romani
2986 4963 3292 5019 defensoris
3358 4980 3505 5017 cura:

1943 5036 2269 5091 commissos
2303 5036 2570 5088 videmus.

2018 5109 2240 5159 Iletnum
2282 5106 2333 5157 in
2379 5104 2564 5157 Sicilia
2608 5104 2771 5156 etiam
2823 5103 3020 5157 fundos
3072 5118 3101 5155 a
3153 5102 3511 5157 Constantino

1946 5177 2138 5246 Magno
2168 5175 2727 5246 Ecclr~siae_lionmu:e
2752 5175 3002 5246 donatos,
3052 5173 3509 5246 Iiber'l‘utttilica-

1944 5247 2010 5299 lis
2038 5244 2267 5299 testatur
2310 5246 2386 5311 (in
2424 5244 2686 5296 Silvestro
2711 5282 2725 5305 ,
2774 5259 2827 5295 n.
2862 5244 2988 5310 Ii);
3034 5244 3213 5294 datam
3264 5247 3408 5295 enim
3447 5248 3518 5297 ab

1944 5334 2008 5369 eo
2044 5316 2272 5383 legimus
2320 5313 2555 5367 Massam
2605 5312 2777 5383 Casiis
2832 5314 2887 5363 in
2924 5313 3191 5383 territorio
3235 5311 3516 5365 Catinense

1943 5380 2277 5454 prwstantem
2309 5385 2469 5437 solid.
2504 5383 2666 5433 mille.
2694 5382 2922 5454 Massam
2956 5380 3270 5454 Trapeasjn
3304 5386 3516 5434 territo-

1946 5450 2026 5508 rio
2065 5454 2345 5509 Catinense
2385 5462 2722 5522 pra'slani'cm
2767 5452 2925 5522 soliti.
2971 5452 3170 5522 Ibbtl._
3195 5450 3405 5505 Rursus
3434 5463 3512 5516 (η.

1947 5526 2032 5594 14)
2059 5527 2183 5578 data
2215 5518 2415 5594 dicitur
2458 5522 2634 5594 Massa
2668 5525 2808 5574 intra
2853 5519 3108 5594 Sicilians
3129 5518 3434 5594 Tuu_r_a_nam
3463 5524 3517 5573 in

1947 5587 2212 5648 territorio
2237 5593 2584 5646 Paramnensi
2614 5604 2871 5659 pt'a'slans
2895 5593 3053 5643 soliti.
3079 5590 3203 5644 500.
3232 5587 3374 5642 Nihil
3394 5594 3483 5659 qui
3500 5622 3515 5629 -

1945 5669 2066 5719 dein
2098 5666 2165 5717 de
2215 5663 2399 5716 fundis
2444 5662 2809 5730 Agrigentinis
2862 5662 3120 5714 traditum
3163 5670 3285 5713 est:
3325 5674 3512 5730 verum

1948 5752 2046 5789 nec
2081 5736 2346 5794 otnnium,
2378 5729 2510 5799 quae
2538 5733 2622 5785 ille
2667 5733 2885 5786 donavit
2911 5774 2922 5795 ,
2978 5731 3263 5785 elenchum
3295 5729 3362 5785 ad
3417 5744 3523 5785 nos

1947 5805 2256 5876 pervenisse
2297 5804 2524 5858 scimus.
