4226 6444
710 350 818 415 699

1700 361 1758 419 S.
1805 361 2180 422 GREGORII
2229 361 2742 424 AGRIGENTINI
2784 365 2960 425 VITA

3860 366 3974 429 7'39

715 479 877 532 quam
911 475 1090 519 autem
1157 478 1264 522 tam
1323 467 1633 525 Marcianus
1693 490 1855 542 quam
1912 477 2156 544 epiSCOpi
2191 492 2279 529 res
2310 484 2384 535 Δ⁴

2310 484 2350 535 Α
2382 476 2610 541 πόλεως,
2645 480 2738 532 καὶ
2781 477 3260 549 ὲπεσφραγεσαντο
3293 482 3342 532 οἱ
3391 480 3685 534 ἐπίσκοποι
3710 482 3813 549 τῆς
3840 502 3974 535 συν-

708 566 842 609 snas
865 571 1311 628 composuerunt,
1348 563 1533 631 eisque
1561 566 1805 632 pontifex
1845 569 2118 623 maximus
2158 585 2281 638 quae

710 648 777 699 ad
813 649 914 700 iter
943 651 1248 704 necessaria
1289 665 1491 713 essent.
1535 656 1706 719 dedit,
1738 671 1800 709 ac
1831 657 1929 728 [ei]
1963 660 2100 712 dona
2141 675 2280 727 pra:-

713 749 858 792 terca
888 742 1052 794 multa
1080 755 1132 796 et
1167 745 1437 812 episcopis
1472 756 1526 798 et
1556 746 1829 801 Marciano
1857 791 1871 814 ,
1915 761 1968 803 et
2019 753 2118 820 ipsi
2153 769 2282 806 san-

712 840 800 882 (lo
849 830 1111 900 Gregorio
1169 835 1407 901 adjecit;
1441 853 1596 891 sacra
1645 840 1861 892 (it'lIlUill
1892 843 2038 895 urbis
2081 845 2276 911 templa

711 923 988 986 venerati,
1051 935 1103 977 et
1182 928 1442 981 omnibus
1508 928 1702 1004 olIiciis
1765 934 1906 1000 apud
1972 935 2275 999 pontificem

712 1015 1008 1068 maximum
1065 1015 1381 1084 perfuncti,
1443 1022 1562 1088 ipso
1617 1023 1752 1074 bene
1783 1035 2057 1090 precante,
2106 1026 2275 1081 Roma

703 1106 957 1159 exierunt
1012 1109 1176 1162 simul
1230 1126 1459 1174 omnes,
1516 1114 1756 1184 episcopi
1817 1117 2065 1183 scilicet,
2131 1118 2276 1173 Mar-

709 1196 920 1262 riaeus,
954 1200 1344 1272 chartopliylax
1367 1245 1380 1266 ,
1426 1215 1480 1258 et
1509 1205 1832 1275 Gregorius.
1869 1212 2026 1275 cujus
2053 1212 2279 1280 potissi-

710 1305 856 1341 mum
913 1307 1195 1349 sermones
1226 1297 1280 1348 in
1323 1297 1517 1353 itinere
1569 1303 1828 1356 omnibus
1872 1305 2278 1362 oblectamento

709 1369 946 1436 fuerunt.
981 1383 1221 1439 llabeliat
1252 1403 1381 1441 vero
1403 1390 1494 1444 hic
1523 1408 1709 1447 secum
1739 1408 1791 1448 et
1823 1397 1979 1451 binos
2011 1401 2276 1454 diaconos

709 1466 1122 1542 Philadelphum
1153 1485 1316 1544 atque
1347 1477 1711 1546 Platonicum,
1765 1482 2001 1557 eumque
2029 1490 2114 1544 bis
2146 1507 2276 1559 pue-

707 1574 800 1612 ros
844 1562 983 1616 duos
1037 1563 1350 1622 Secundum
1412 1582 1465 1624 et
1509 1571 1878 1630 Stratonicum
1925 1580 2275 1636 tribunorum

709 1653 870 1716 lilios,
905 1671 1138 1724 quorum
1194 1663 1404 1729 primus
1434 1665 1671 1721 clericus
1702 1679 1852 1735 erat,
1905 1673 2043 1725 alter
2074 1674 2274 1740 laicus,

708 1745 906 1816 liicque
939 1752 1135 1804 notarii
1174 1759 1573 1824 munercapud
1617 1775 1712 1814 eos
1745 1759 2093 1829 fungebatur.

775 2005 1037 2063 LXXXV.
1072 2011 1694 2086 UtConstautinOpolim
1746 2032 2134 2088 pervenerunt,
2174 2025 2275 2078 hu-

705 2104 1061 2159 manissimus
1103 2104 1401 2173 imperator
1431 2147 1446 2170 ,
1494 2109 1728 2164 adventu
1777 2128 1967 2166 eorum
2018 2117 2272 2182 cognito,

707 2195 1060 2262 pur-scripsit,
1102 2207 1162 2250 ut
1189 2208 1414 2253 sanctus
1443 2199 1743 2268 Gregorius
1795 2203 1846 2254 in
1880 2206 2272 2260 monasterium

705 2278 895 2334 Sancti
928 2282 1101 2351 Sergii
1146 2287 1500 2354 concederet,
1561 2289 1613 2342 in
1646 2306 1752 2358 quo
1804 2309 1913 2347 non
1951 2295 2123 2346 multo
2147 2305 2274 2348 ante

708 2371 887 2425 fuerat
914 2390 925 2425 :
951 2375 1270 2443 accepitque
1315 2377 1492 2444 ipsum
1526 2378 1814 2449 praefcuns
1851 2398 2045 2450 magna
2077 2384 2274 2439 l:etiti2e

704 2462 1121 2529 signiﬁcatione.
1161 2465 1328 2519 Biduo
1357 2475 1478 2536 post
1503 2468 1800 2538 imperator
1845 2471 2090 2527 admisso
2133 2473 2273 2527 Mar-

705 2554 880 2618 ciano,
917 2556 1116 2608 rescire
1138 2557 1206 2610 ab
1234 2572 1299 2611 eo
1327 2558 1496 2612 voluit
1538 2600 1552 2624 ,
1610 2562 1738 2630 quid
1769 2565 2012 2631 synodus
2059 2564 2126 2618 de
2158 2567 2273 2618 viro

703 2643 851 2711 justo
876 2647 1177 2700 statuisset.
1228 2647 1411 2717 Itaque
1453 2666 1677 2706 narrare
1730 2653 2051 2719 imperatori
2107 2661 2274 2730 cmpit

702 2730 1015 2790 Marcianus
1045 2739 1287 2808 prodigia
1328 2741 1534 2804 omnia,
1575 2759 1696 2810 quae
1725 2757 1950 2801 sanctus
1979 2749 2062 2800 vir
2094 2762 2274 2816 patra-

703 2834 876 2887 Vetat,
905 2825 961 2877 in
998 2828 1189 2892 primis
1235 2829 1510 2896 singulare
1549 2833 1678 2885 illud
1727 2844 1781 2886 et
1837 2840 2165 2902 stupendum
2206 2842 2274 2895 de

703 2915 880 2980 puella
913 2931 941 2968 a
971 2915 1215 2970 daemone
1244 2931 1495 2990 correpta
1525 2964 1540 2988 ,
1598 2933 1652 2977 et
1707 2927 2027 2981 miraculum
2081 2941 2268 2985 contra

702 3017 1054 3061 accusatores
1099 3008 1255 3076 ejus:
1297 3021 1413 3064 tum
1451 2999 1505 3067 et
1541 3013 1608 3068 de.
1643 3020 1834 3083 prunis
1869 3018 2101 3085 addidit,
2135 3037 2271 3089 quas

704 3090 758 3142 in
788 3094 950 3161 pallio
978 3112 1078 3151 suo
1111 3099 1421 3166 recepisset,
1451 3118 1514 3158 ac
1545 3103 1612 3158 de
1651 3107 1920 3171 trabibus,
1955 3125 2076 3177 qua:
2098 3111 2270 3178 preci-

702 3182 806 3238 bus
836 3185 955 3252 ejus
988 3203 1018 3240 e
1049 3189 1212 3243 ﬂuvio
1246 3193 1453 3247 eductae
1482 3194 1734 3263 fuissent,
1767 3209 1960 3253 etcum
1993 3202 2095 3253 alia
2131 3203 2271 3254 mul-

703 3283 756 3328 ta
790 3276 886 3329 riri
923 3275 1065 3333 facta
1092 3284 1434 3350 admiranda,
1459 3297 1571 3340 tum
1604 3298 1657 3341 et
1688 3292 2194 3354 inausuetndinem,
2218 3305 2272 3348 et

704 3370 1042 3435 comitatem,
1075 3383 1129 3426 et
1163 3379 1528 3432 constantiam
1559 3386 2026 3438 commemoravit.
2052 3384 2184 3450 Quae
2215 3398 2272 3441 ut

703 3459 878 3513 audiit
899 3461 1276 3530 pientissimns
1306 3468 1646 3538 imperator,
1706 3488 1891 3527 secum
1950 3476 2064 3544 ipse
2100 3479 2271 3545 pluri-

705 3567 850 3602 mum
878 3553 1177 3611 admiratus
1209 3574 1436 3629 magnas
1468 3561 1577 3616 Deo
1605 3565 1808 3631 gratias
1839 3567 1968 3634 egit.
2005 3569 2271 3625 Similiter

703 3655 832 3695 vero
865 3645 1108 3715 episcopi
1137 3639 1298 3702 etiam
1327 3659 1381 3704 et
1403 3653 1800 3725 cltart0pltylax
1853 3659 2043 3712 eadem
2091 3662 2273 3715 archi-

701 3731 960 3798 episc0po
995 3747 1384 3803 exposuerunt,
1425 3742 1512 3794 cui
1572 3753 1651 3796 tot
1705 3745 1793 3798 illa
1855 3747 2100 3814 prodigia
2161 3765 2270 3805 non

703 3819 898 3874 minori
933 3824 1282 3881 admirationi
1310 3829 1554 3886 fuerunt.
1584 3834 1651 3888 At
1680 3839 1946 3903 postridie
1976 3840 2272 3908 imperator

703 3913 1108 3970 sanctissirnnm
1147 3920 1615 3992 arebiepiswpum
1661 3936 1715 3980 et
1753 3929 1845 3996 qui
1902 3931 2070 3983 Roma
2108 3947 2273 3987 vene-

701 4013 840 4066 raat,
870 4004 1154 4076 episcopos
1195 4011 1495 4081 ipsumque
1548 4026 1796 4070 sanctum
1847 4017 2166 4088 Gregorium
2201 4025 2268 4078 ad

701 4109 760 4146 se
798 4094 848 4146 in
911 4099 1166 4163 palatium
1208 4105 1393 4158 venire
1426 4106 1617 4174 jussit.
1654 4106 1904 4178 Cumque
1963 4115 2173 4180 primus
2203 4115 2270 4168 ad

701 4201 824 4242 eum
859 4192 1165 4260 arclii.-pi.-'.c
1187 4213 1304 4261 ipus
1341 4199 1624 4266 ingressus
1658 4211 1824 4266 esset,
1861 4213 2022 4272 atque
2055 4207 2264 4261 honore

704 4277 886 4336 habito
924 4285 1292 4347 cettsedisset,
1341 4289 1420 4341 sic
1448 4306 1570 4343 eum
1607 4291 1902 4360 imperator
1935 4307 2020 4348 est
2059 4299 2268 4351 allocu-

703 4383 821 4426 tus:
860 4371 995 4430 Num
1030 4378 1094 4430 de
1125 4381 1420 4448 prodigiis,
1451 4387 1692 4447 domine,
1723 4387 1925 4440 certior
1971 4388 2149 4444 lactus
2185 4407 2264 4455 es,

2382 569 2500 621 ὁδου
2562 571 2655 624 καὶ
2680 572 2833 624 πᾶσα
2861 573 2895 639 ἡ
2937 570 3256 641 Ἐκκλησία,
3289 573 3382 625 καὶ
3421 572 3711 625 ἀπέδωκαν
3747 573 3824 641 τῷ
3854 591 3970 642 μα-

2380 659 2580 728 καρίῳ.
2609 661 2794 714 Πάντα
2816 661 2873 713 δὲ
2912 651 3229 722 τελέσαντες
3257 663 3285 716 ὅ
3314 679 3372 713 τε
3423 662 3742 730 Μαρκιανὸς
3791 665 3892 714 καὶ
3919 663 3972 715 οι

2379 753 2690 816 ἐπίσκοποι,
2717 753 2840 815 δοὺς
2875 753 3057 815 αὐτοῖς
3091 756 3120 806 6
3150 755 3340 815 πάπας
3373 755 3440 807 τὰ
3473 755 3608 823 πρὸς
3634 756 3734 822 τὴν
3770 757 3972 825 χρεέαν

2379 842 2564 908 ἐφόδια
2592 842 2702 911 τῆςι
2725 841 2846 894 ὁδοῦ
2868 883 2882 907 ,
2914 843 3088 895 πολλὰ
3115 860 3175 894 τε
3207 843 3358 912 δῶρα
3400 845 3707 914 παρασχὼν
3738 849 3855 906 τοῖς
3905 861 3970 896 τε
3997 905 4002 907 ἓ

2380 933 2699 996 ἐπισκόποις
2749 934 2842 986 καὶ
2898 932 2975 1001 τῷ
3037 935 3372 1002 Μαρκιανῷ,
3409 935 3598 987 λοιπὸν
3651 936 3708 987 δὲ
3759 938 3858 988 καὶ
3887 936 3970 1004 τῷ

2377 1025 2519 1092 ἁγίῳ
2567 1025 2882 1095 Γρηγορίῳ·
2921 1025 3018 1076 καὶ
3065 1029 3546 1095 προσκυνήσαντες
3579 1027 3732 1088 -τοὺς
3776 1028 3970 1094 ἁγίους

2377 1116 2595 1179 τόπους,
2637 1117 2732 1170 καὶ
2786 1115 3184 1186 συνταξάμενοι
3229 1118 3308 1188 τῷ
3339 1119 3517 1189 πάπᾳ,
3566 1119 3664 1170 καὶ
3696 1119 3970 1180 λαϐόντες

2376 1207 2474 1278 τὴν
2524 1209 2689 1276 εὐχὴν
2732 1210 2860 1279 παρ’
2893 1209 3096 1271 αὐτοῦ,
3123 1209 3348 1278 ἐξῆλθον
3403 1211 3514 1264 ἀπὸ
3553 1209 3776 1279 Ῥώμης
3819 1213 3968 1262 οἵτε

2378 1298 2686 1359 ἐπίσκοποι,
2715 1299 2807 1350 καὶ
2839 1301 2867 1352 6
2893 1301 3230 1368 Μαρκιανὸς,
3268 1300 3364 1353 xui.
3387 1301 3416 1353 6
3444 1299 3818 1371 χαρτοφύλαξ,
3847 1302 3968 1368 ἅμα

2376 1387 2431 1438 δὲ
2462 1388 2642 1440 αὑτῶν
2668 1390 2762 1440 καὶ
2791 1391 2819 1441 6
2870 1390 3192 1460 Γρηγόριος.
3240 1388 3398 1443 Κατὰ
3439 1390 3495 1442 δὲ
3541 1391 3640 1460 τὴν
3664 1390 3786 1443 ὁδὸν
3820 1392 3967 1442 πάνυ

2377 1478 2611 1549 κατετρύ
2622 1495 2798 1546 φησαν
2818 1479 2928 1532 τῶν
2961 1481 3087 1550 παρ’
3109 1480 3278 1534 αὐτοῦ
3302 1481 3690 1548 φθεγγομένων
3712 1483 3966 1549 ἀγαθῶν.

2378 1567 2482 1620 Σὺν
2514 1571 2662 1640 αύτῷ
2689 1570 2745 1623 δὲ
2771 1572 2864 1623 καὶ
2898 1573 2946 1623 οἱ
2969 1572 3063 1624 δύο
3084 1573 3323 1625 διάκονοι
3341 1572 3668 1640 Φιλάδελφος
3701 1575 3800 1625 καὶ
3826 1575 3969 1625 Πλα-

2376 1662 2605 1724 τωνικὸς
2636 1663 2726 1715 καὶ
2755 1662 2849 1715 δύο
2895 1665 3160 1734 παιδάρια
3195 1665 3498 1728 Σεκοῦνδος
3539 1666 3633 1717 καὶ
3660 1666 3970 1734 Στρατόνι-

2377 1766 2473 1810 κος
2494 1767 2507 1779 ·
2536 1745 2680 1804 οὗτοι
2714 1754 2820 1805 υἱοὶ
2849 1754 3099 1823 ὑπῆρχον
3142 1755 3254 1807 τῶν
3297 1755 3600 1826 τριϐούνων
3621 1773 3636 1786 °
3670 1759 3766 1808 καὶ
3803 1759 3833 1808 6
3865 1756 3968 1824 μὲν

2305 1825 2350 1880 Β
2380 1839 2670 1904 Σεκοῦνδος
2697 1843 2956 1913 κλῃρικὸς
2985 1847 3250 1916 ὑπῆρχεν,
3283 1848 3312 1898 6
3344 1847 3402 1899 δὲ
3444 1848 3811 1917 Στρατόνικος
3840 1848 3966 1900 λαξ-

2377 1932 2470 1995 κὸς
2499 1928 2566 2003 ἦν
2591 1936 2844 2000 νοιάριος
2873 1938 3075 1990 αὐτῶν.

2449 2025 2572 2078 HE'.
2619 2027 3054 2083 Καταλασόντων
3091 2030 3148 2084 δὲ
3187 2031 3368 2084 αὐτῶν
3417 2033 3475 2084 ἐν
3508 2033 3968 2109 Κωνσταντινου-

2375 2117 2550 2183 πόλει,
2570 2121 2732 2186 γνοὺς
2752 2124 2778 2174 ὁ
2795 2122 3092 2190 φιλάγαθος
3124 2123 3400 2193 βασιλεὺς.
3438 2125 3520 2178 ὅτι
3564 2126 3964 2192 παρεγένοντο,

2374 2207 2572 2278 ὥρισεν
2601 2211 2689 2264 τὸν
2719 2211 2871 2281 ἅγιον
2900 2215 3218 2286 Γρηγὸριον,
3257 2218 3342 2269 ἵνα
3449 2221 3507 2270 ὲν
3550 2219 3628 2287 τῷ
3678 2237 3965 2288 μοναστη-

2376 2302 2478 2371 ρίῳ
2508 2302 2604 2355 τοῦ
2649 2303 2833 2370 Ἀγίου
2860 2308 3112 2375 Σεργῐου,
3146 2312 3202 2360 ὲν
3223 2303 3269 2377 ᾧ
3298 2312 3391 2362 καὶ
3420 2313 3526 2379 πρὸ
3554 2311 3740 2378 ὀλίγου
3777 2313 3964 2383 ὑπῆρ-

2375 2409 2486 2459 χεν.
2528 2392 2854 2457 ’Υπεδέξατο
2902 2397 2957 2448 δὲ
3001 2398 3163 2450 αὑτὸν
3195 2401 3223 2450 6
3281 2401 3586 2470 ἡγούμενος
3641 2403 3783 2471 μετὰ
3833 2406 3968 2454 πολι

2375 2481 2470 2549 λῆς
2501 2484 2696 2551 χαρᾶς.
2733 2485 2840 2537 Καὶ
2874 2487 3012 2555 μετὰ
3042 2486 3136 2539 δύο
3168 2489 3382 2559 ἡμέρας
3423 2489 3644 2554 ἐδέξατο
3670 2493 3763 2543 τὸν
3797 2493 3958 2560 Μαρ

2377 2572 2562 2623 κιανὸν
2589 2574 2616 2623 6
2647 2573 2919 2642 βασιλεὺς,
2972 2579 3066 2629 καὶ
3123 2578 3408 2648 ἠρώτησεν
3449 2580 3611 2632 αὑτὸν
3645 2581 3672 2631 6
3703 2581 3967 2651 βασιλεὺς

2373 2661 2433 2712 τὸ
2470 2662 2586 2725 πῶς
2642 2663 2946 2733 ὲδιοίκησεν
2975 2669 3007 2735 ἡ
3044 2668 3267 2730 σύνοδος
3313 2671 3383 2722 τὰ
3429 2671 3571 2722 κατά
3601 2670 3691 2722 τὸν
3724 2671 3962 2726 δίκαιον.

2375 2752 2486 2804 Καὶ
2503 2754 2707 2822 ἦρξατο
2727 2758 2753 2808 6
2779 2758 3098 2826 Μαρκιανὸς
3113 2759 3428 2829 ἐξηγεῖσθαι
3443 2760 3520 2830 τῷ
3540 2760 3756 2830 βασιλεῖ
3781 2763 3965 2816 πάντα

2373 2845 2441 2896 τὰ
2474 2847 2623 2916 παρὰ
2661 2848 2752 2900 τοῦ
2800 2850 2957 2916 ἁγίου
2997 2851 3312 2921 πραχθέντα
3348 2855 3574 2921 σημεῖα,
3614 2854 3707 2905 καὶ
3749 2854 3813 2905 τὸ
3855 2871 3962 2906 πα-

2376 2933 2597 3003 ράδοξον
2627 2939 2722 2990 καὶ
2776 2939 3119 3008 ὑπερϐάλλον
3149 2942 3208 2994 τὸ
3268 2943 3412 2994 κατὰ
3455 2943 3554 3013 τὴν
3589 2943 3965 3012 δαιμονιῶσαν

2373 3024 2566 3096 κόρην,
2598 3032 2693 3081 καὶ
2737 3029 2797 3080 τὸ
2832 3029 3015 3098 θαῦμα
3047 3032 3108 3082 τὸ
3133 3033 3426 3101 γενόμενον
3451 3036 3530 3094 εἰς
3559 3035 3685 3094 τοὺς
3712 3051 3964 3101 κατηγο-

2381 3119 2650 3185 ρήσαντας
2682 3119 2868 3185 αὐτὸν,
2901 3120 3085 3173 λοπὸν
3114 3121 3169 3172 δὲ
3217 3122 3311 3172 καὶ
3333 3123 3394 3173 τὸ
3436 3124 3535 3190 τῆς
3560 3123 3866 3191 ἀνθρακιᾶς
3894 3123 3955 3174 τὸ

2375 3210 2490 3269 πῶς
2522 3210 2739 3274 ἐδέξατο
2769 3214 2846 3274 εὶς
2889 3212 2949 3264 τὸ
2984 3213 3139 3279 ἅγιον
3189 3213 3455 3280 φελόνιον,
3492 3214 3583 3265 καὶ
3632 3213 3691 3264 τὸ
3723 3214 3840 3276 πῶς
3873 3213 3966 3265 διὰ

2373 3304 2682 3370 προσευχῆς
2735 3303 2899 3355 αὑτοῦ
2943 3303 3368 3370 ἁνεσπάσθησαν
3422 3306 3492 3357 τὰ
3543 3305 3676 3368 ξύλα
3722 3306 3836 3356 ἀπὸ
3865 3305 3962 3359 τοῦ

2375 3391 2587 3456 ὓδατος,
2621 3395 2714 3446 καὶ
2759 3394 2894 3447 ἄλλα
2925 3395 3095 3448 πολλὰ
3136 3397 3393 3465 θαύματα
3437 3400 3464 3448 ὁ
3499 3397 3807 3467 σπαθὰριος
3831 3398 3964 3467 περὶ

2372 3482 2466 3534 τοῦ
2487 3483 2697 3554 ἀνδρὸς,
2717 3484 2776 3536 τό
2799 3502 2854 3536 τε
2887 3488 3058 3549 πρᾶον
3079 3487 3264 3550 αὐτοῦ,
3305 3487 3399 3538 καὶ
3429 3487 3659 3555 ἥσυχον,
3682 3488 3776 3540 καὶ
3801 3489 3963 3540 ἄσει-

2375 3591 2501 3626 στον
2529 3576 2689 3628 αὑτὸν
2723 3576 3020 3645 διαμένειν.
3060 3577 3243 3629 Ταῦτα
3271 3578 3328 3629 δὲ
3367 3579 3610 3640 ἀκούσας
3659 3583 3688 3630 6
3735 3579 3962 3647 εὐσεβέ-

2375 3683 2569 3729 στατος
2595 3667 2850 3736 βασιλεὺς
2888 3670 3286 3733 Ἰουστινιανὸς,
3317 3669 3534 3738 ἔμεινεν
3567 3671 3870 3736 θαυμάζων
3895 3675 3958 3726 ἐν

2375 3758 2576 3829 ἐαυτῷ,
2607 3759 2726 3828 ἅμα
2747 3761 2804 3812 δὲ
2848 3762 2943 3814 καὶ
2967 3762 3307 3832 εὐχαριστῶν
3341 3762 3417 3829 τῷ
3443 3763 3562 3830 Θεῷ
3603 3765 3732 3832 περὶ
3764 3766 3960 3819 αὐτοῦ.

2390 3849 2620 3920 Ὁμοίως
2667 3852 2723 3903 δὲ
2767 3853 2860 3905 καὶ
2905 3855 2954 3904 οἱ
2991 3853 3282 3905 ἐπίσκοποι
3309 3854 3402 3905 καὶ
3427 3855 3455 3903 6
3491 3856 3850 3924 xapto,;;6}.15
3881 3857 3962 3909 δι-

2375 3942 2650 4010 ηγήσαντο
2703 3943 2768 3993 τὶ
2808 3945 2930 3995 κατ’
2961 3942 3125 3994 αὑτοῦ
3169 3945 3349 3998 πάντα
3400 3947 3477 4014 τῷ
3513 3947 3960 4017 ἀρχιεπισκὸπῳ.

2389 4030 2720 4099 Ἐξέπλαγεν
2771 4033 2829 4085 δὲ
2870 4038 2964 4086 καὶ
3020 4036 3177 4098 αὐτὸς
3235 4039 3329 4091 ἐπὶ
3378 4042 3490 4101 τοῖς
3547 4040 3799 4108 σημείοις
3842 4043 3962 4101 τοῖς

2373 4121 2528 4189 παρὰ
2562 4122 2654 4173 τοῦ
2691 4123 2870 4190 ἁγίου.
2909 4125 2987 4194 Τῇ
3017 4126 3075 4178 δὲ
3106 4127 3372 4196 ἐπαύριον
3425 4130 3710 4181 ἐκέλευσεν
3738 4130 3768 4180 6
3799 4129 3961 4198 βασι-

2373 4211 2498 4275 λεὺς
2533 4213 2849 4282 προσελθεῖν
2874 4216 2931 4266 ἐν
2981 4217 3057 4287 τῷ
3090 4219 3336 4288 παλατίῳ
3369 4220 3458 4272 τὸν
3499 4221 3806 4286 ἁγιώτατον
3850 4221 3960 4289 ἁρ-

2375 4304 2731 4372 χιεπίσκοπον
2771 4306 2865 4356 καὶ
2904 4307 3029 4368 τοὺς
3071 4307 3234 4369 ὄντας
3287 4311 3344 4361 ἐν
3380 4308 3564 4377 Ῥώμῃ
3598 4309 3959 4372 ἐπισκόπους.

2377 4396 2473 4447 σὺν
2507 4395 2692 4456 αὐτοῖς
2723 4396 2816 4446 καὶ
2855 4397 2947 4447 τὸν
2989 4397 3144 4464 ἅγιον
3195 4398 3232 4448 Γ
3237 4383 3516 4469 ῥηγόριον.
3555 4395 3689 4451 Εἶτα
3726 4400 3961 4467 προσελ-

701 4479 826 4531 (ιιταὶ
857 4463 1042 4524 Itonia:
1067 4473 1135 4521 ab
1183 4472 1405 4527 homine
1446 4476 1548 4529 hoc
1587 4477 1740 4545 justo
1784 4479 1926 4531 edita
1968 4483 2137 4534 sunt?
2167 4483 2267 4535 Cui
2307 4498 2344 4548 ι)

2307 4498 2344 4548 ι)
2377 4483 2487 4536 θὼν
2519 4486 2546 4536 ὀ
2573 4486 3012 4554 ἀρχιεπίσκοπος
3040 4463 3262 4557 πρῶτος
3293 4463 3390 4550 εἰς.
3421 4489 3514 4540 τὸν
3565 4489 3793 4556 βασιλέα
3813 4529 3828 4552 ,
3858 4492 3959 4542 καὶ

700 4559 1185 4628 archiepiscopus:
1217 4560 1436 4633 Utique,
1474 4566 1673 4635 inquit,
1706 4569 1926 4624 domine
1977 4572 2270 4640 imperator

702 4650 1310 4718 piissime,audivimus.
1339 4667 1392 4710 et
1424 4660 1584 4726 plane
1611 4661 1776 4715 laetati
1808 4665 2012 4731 gratias
2044 4667 2155 4720 Deo
2180 4677 2271 4720 tua

701 4758 866 4796 causa
920 4746 1130 4814 egimus
1165 4789 1179 4812 ,
1230 4749 1376 4816 quod
1439 4751 1541 4804 sub
1612 4754 2030 4824 religiosissime
2081 4759 2273 4826 piissi-

704 4843 904 4903 quue
988 4835 1295 4907 principatu
1353 4849 1445 4894 tuo
1517 4842 1679 4896 talem
1748 4845 1923 4899 virum
1985 4864 2048 4901 ac
2121 4861 2266 4906 tanta

702 4927 1148 4995 litansnetudinc,
1183 4931 1464 4991 comitate.
1499 4933 1868 5003 prodigiorum
1912 4941 2150 5004 potentia
2183 4957 2274 4994 or-

701 5029 891 5073 natum
926 5021 1247 5075 ostenderit.
1288 5023 1390 5088 Qui
1416 5025 1632 5092 quidem
1666 5025 1749 5079 vir
1784 5029 2077 5095 puritatem
2112 5043 2275 5102 atque

702 5110 960 5178 pietatem
1000 5120 1145 5164 tuam
1182 5115 1584 5183 contemplatus
1619 5127 1669 5170 te
1699 5117 1901 5173 imitari
1939 5123 2152 5176 studuit
2175 5143 2186 5176 :
2209 5123 2274 5180 de

701 5217 811 5268 quo
846 5201 1119 5265 audierat,
1147 5219 1308 5270 quam
1340 5220 1468 5272 erga
1501 5210 1963 5276 egenosliberalis
1995 5215 2270 5284 sis,quam

705 5294 916 5362 patiens
951 5303 1005 5348 et
1033 5297 1206 5349 comis
1248 5313 1374 5368 erga
1410 5315 1600 5354 omnes
1625 5339 1641 5365 ,
1677 5317 1842 5370 quam
1886 5305 2183 5361 immobilis
2219 5308 2271 5360 in

705 5387 1012 5441 orthodoxa
1045 5387 1389 5458 prrd'essioue
1424 5392 1570 5445 lidei.
1624 5397 1801 5462 Atque
1861 5395 1962 5448 bac
2013 5397 2079 5449 de
2109 5414 2275 5452 causa

713 5477 823 5532 ituc
853 5480 917 5531 ad
948 5495 1048 5533 nos
1079 5478 1470 5552 Hierosolymis
1507 5485 1750 5538 divertit.
1785 5488 1913 5539 Post
1942 5490 2057 5541 inec
2109 5489 2279 5558 impe-

711 5581 859 5627 rator
881 5570 1203 5642 Gregorium
1231 5592 1351 5630 cum
1383 5578 1654 5646 episcopis
1703 5580 1914 5649 ingredi
1950 5581 2146 5648 jussit:
2181 5582 2276 5649 qui

715 5662 808 5720 ubi
839 5664 1062 5720 admissi
1103 5679 1253 5730 sunt,
1294 5679 1371 5722 ter
1398 5670 1547 5722 illiilli
1575 5671 1641 5723 ad
1673 5679 1873 5724 terram
1911 5688 2092 5740 usque
2120 5686 2277 5726 vene-

719 5755 835 5818 rati,
877 5755 998 5829 [on]
1047 5773 1229 5814 coram
1265 5765 1647 5818 constiterunt.
1697 5761 1786 5820 Ille
1823 5781 1948 5820 vero
1979 5783 1989 5817 :
2026 5763 2275 5831 l’ulchrc,

2376 4581 2760 4644 προσκυνήσας
2786 4576 2933 4646 αύτῷ
2956 4577 3244 4646 ἐκαθέσθη.
3289 4581 3398 4631 Καὶ
3445 4580 3592 4647 λέγει
3625 4581 3773 4649 αὐτῷ
3795 4584 3821 4633 6
3854 4581 3959 4650 βα-

2376 4671 2556 4731 σιλεύς
2579 4686 2592 4699 ·
2627 4670 2872 4732 Πάντως,
2895 4669 3153 4733 δέσποτα,
3197 4672 3441 4739 ἀκήκοας
3465 4673 3532 4722 τ⁵ο
3562 4674 3834 4740 γενόμενα
3857 4689 3960 4740 ση-

2378 4760 2504 4824 μεῖα
2537 4757 2625 4808 διὰ
2665 4755 2758 4807 τοῦ
2812 4755 3106 4824 ἀνθρώπου
3151 4757 3364 4810 δικαίου
3418 4761 3477 4810 ὲν
3524 4757 3750 4830 Ῥώμης
3800 4761 3860 4814 '0
3897 4760 3957 4812 δὲ

2374 4849 2803 4920 ἀρχιεπίσκοπος
2822 4848 3153 4916 ἀπεκρίνατο
3177 4863 3189 4876 ’
3219 4849 3328 4900 Ναὶ
3349 4889 3363 4911 ,
3405 4849 3639 4901 δέσποτα
3680 4850 3957 4919 αὐτοκρὰ-

2374 4959 2470 5010 τορ
2491 4941 2872 5003 εύσεόέστατε,
2893 4941 3211 5010 ἀκηκόαμεν
3235 4942 3328 4993 καὶ
3361 4941 3502 4993 ’πάνυ
3527 4945 3836 5010 ἐχάρημεν,
3860 4945 3957 4994 καὶ

2375 5031 2450 5099 τῷ
2477 5031 2595 5099 Θεῷ
2646 5033 3121 5100 εύχαριστήσαμεν
3154 5030 3243 5083 διὰ
3295 5032 3410 5093 σοῦ,
3457 5031 3842 5092 εὐσεϐέστατε,
3871 5034 3956 5084 ὅτι

2376 5123 2470 5174 ἐπὶ
2495 5123 2589 5174 τοῦ
2617 5124 2853 5192 κράτους
2890 5122 2987 5192 τῆς
3014 5123 3113 5192 σῆς
3141 5122 3484 5193 θεοκυρὼτου
3509 5123 3766 5182 εὐσεϐοῦς
3797 5125 3956 5193 βασις

2375 5214 2523 5277 λείας
2551 5213 2820 5280 ἀνέδειξεν
2852 5217 2879 5266 6
2909 5214 3041 5275 Θεὸς
3074 5215 3313 5268 τοιοῦτον
3350 5217 3546 5285 πρᾶον,
3584 5215 3678 5267 καὶ
3718 5216 3956 5284 ἥσυχον,

2378 5311 2472 5362 καὶ
2506 5309 2871 5378 σημειοφόρον
2906 5309 3093 5377 ἄνδρα.
3126 5309 3235 5365 Καὶ
3265 5307 3424 5362 τοῦτο
3444 5310 3472 5360 6
3505 5309 3644 5378 ἀνὴρ
3670 5308 3814 5375 ὁρῶν
3859 5325 3956 5360 σου

2378 5402 2435 5452 τὸ
2466 5400 2705 5470 καθαρὸν
2736 5401 2831 5452 καὶ
2854 5400 3126 5468 φιλόθεον,
3158 5399 3433 5470 ἐζήλωσέν
3465 5417 3561 5452 σου
3601 5399 3691 5451 τὸν
3706 5399 3912 5467 τρόπον
3939 5415 3956 5429 ’

2380 5492 2633 5557 ἀκηκοὼς
2661 5493 2767 5558 γάρ
2802 5508 2894 5543 σου
2926 5491 2984 5542 τὸ
3017 5491 3274 5542 ἐπίπονον
3301 5491 3397 5560 τῆς
3432 5490 3825 5562 ὲλεημοσύνης,
3861 5491 3958 5542 καὶ

2383 5585 2440 5635 τὸ
2468 5584 2760 5645 διαπαντὸς
2799 5583 3153 5654 μακρὸθυμον
3183 5583 3275 5635 καὶ
3307 5575 3690 5652 φιλάνθρωπον
3713 5583 3791 5644 εἰς
3819 5583 3961 5634 πάν-

2385 5694 2480 5738 τας
2507 5677 2602 5728 καὶ
2631 5677 2689 5728 τὸ
2729 5675 3062 5744 ἀμετάθετον
3109 5676 3204 5744 τῆς
3253 5676 3333 5737 εἰς
3380 5674 3614 5742 Χριστὸν
3663 5672 3954 5741 ὀρθοδὸξου

2385 5779 2482 5818 σου
2517 5766 2777 5828 πίστεως,
2806 5769 2994 5818 τούτου
3027 5765 3184 5834 χάριν
3226 5764 3557 5834 παρεγένετο
3581 5759 3814 5816 ἐνταῦθα
3845 5760 3954 5814 ἀπὸ
