4226 6444
260 406 356 471 70]

1244 408 1302 467 S.
1345 405 1719 466 GREGORII
1753 401 2265 463 AGRIGENTINI
2305 402 2503 460 VITA.

3400 394 3508 464 7m

272 520 666 591 Ἱεροσολύμων
700 517 837 589 πρὸς
875 520 1043 590 ἡμᾶς.
1082 515 1213 574 Εἶτα
1233 519 1516 571 ἐκέλευσεν
1539 517 1833 569 αὑτὸνείσ-
1866 524 1906 574 Α
1939 531 1941 563 ῖ

1866 524 1906 574 Α
1939 514 2135 582 inquit,
2164 514 2317 573 ades,
2358 513 2544 565 sancte
2565 519 2617 563 et
2647 486 2961 564 venerande
2998 508 3224 577 Gregori
3271 508 3365 563 Dci
3392 523 3506 564 ser-

264 614 440 667 ιλθεῖν
477 614 594 682 ἅμα
621 612 728 665 τῶν
784 613 1124 665 ἐπισκόπων.
1154 612 1261 663 Καὶ
1300 609 1629 671 εἰσελθόντες
1671 625 1837 677 προσ-

262 704 537 775 εκύνησαν
566 704 645 773 τῷ
676 703 890 772 βασιλεῖ
910 704 1093 772 τρίτον
1120 704 1213 755 ἐπὶ
1248 702 1347 771 τὴν
1376 701 1500 768 γῆν.
1547 700 1832 751 ’Λναστάν-

260 813 353 857 τες
383 796 443 847 δὲ
473 794 706 864 ἔστησαν
734 794 1045 864 ἔμπροσθεν
1079 792 1173 845 τοῦ
1228 791 1512 860 βασιλέως,
1558 789 1651 840 καὶ
1690 789 1833 856 λέγει

261 884 289 933 6
327 880 582 949 βασιλεύς
608 897 620 909 ·
655 881 850 944 Καλῶς
882 877 1068 951 ἦλθες,
1101 880 1254 933 δοῦλε
1288 879 1381 931 τοῦ
1410 877 1543 929 Θεοῦ
1581 877 1701 944 ἅγιε
1740 879 1833 930 καὶ

262 974 407 1042 τίμιε
432 973 721 1043 Γρηγόριε,
744 972 926 1033 καλῶς
955 972 1262 1043 παρεγένου
1288 971 1422 1039 πρὸς
1447 970 1614 1038 ἡμᾶς,
1643 972 1670 1020 6
1702 985 1825 1021 τοσ-

262 1063 406 1116 αῦτα
436 1067 636 1133 σημεῖα
667 1066 898 1131 ποιήσας
933 1063 1091 1132 μόνος
1125 1062 1211 1114 διὰ
1236 1062 1332 1129 τῆς
1366 1060 1671 1130 προσευχῆς
1694 1076 1783 1111 σου
1812 1076 1823 1087 ·

261 1152 431 1214 ὅντως
458 1151 567 1221 γὰρ
603 1151 818 1220 ἀληθῶς
867 1151 1117 1220 δεύτερος
1172 1149 1585 1219 θαυματουργὸς
1626 1148 1829 1201 ἀνεδεί-

262 1243 399 1313 χθης
423 1243 511 1295 διὰ
541 1246 797 1305 πίστεως.
831 1242 1014 1295 Ταῦτα
1067 1244 1158 1294 καὶ
1187 1242 1253 1294 τὰ
1296 1240 1518 1292 τοιαῦτα
1551 1242 1578 1291 6
1625 1238 1834 1290 εὐσεϐέ-

263 1348 462 1392 στατος
521 1332 773 1403 βασιλεὺς
812 1331 1193 1401 διαλεγόμενος
1238 1330 1330 1383 ἐπὶ
1380 1328 1633 1391 πλείστας
1663 1329 1835 1396 ὧρας,

262 1425 359 1476 καὶ
394 1425 784 1493 ἀσπασάμενος
813 1403 1010 1484 αὐτοῦς
1050 1422 1125 1491 τῷ
1156 1421 1295 1488 ἁγίῳ
1318 1419 1587 1489 φιλήματι
1634 1419 1835 1472 ἀπόλυ-

264 1530 378 1566 σεν.
432 1514 488 1565 '0
516 1515 570 1566 δὲ
598 1514 1027 1583 ἀρχιεπίσκοπος
1050 1511 1383 1582 παραλαϐὼν
1403 1510 1493 1562 τὸν
1516 1510 1671 1578 ἆγιον
1696 1511 1833 1581 Γρηο

262 1605 467 1673 γὸριον,
498 1604 738 1673 ἀπῆλθεν
770 1605 827 1658 ὲν
860 1604 937 1673 τῷ
968 1603 1333 1669 ὲπισκοπείῳ·
1376 1601 1469 1654 καὶ¹
1500 1602 1704 1669 ἔφαγεν
1735 1600 1833 1669 ἀρ-

1940 620 2023 667 re,
2055 605 2283 672 pulchre
2307 603 2371 655 ad
2400 617 2500 656 nos
2534 601 2851 668 pervenisti,
2889 615 2921 655 0
2951 600 3205 669 precibus
3234 610 3426 667 potens
3452 608 3507 653 et

1936 705 2211 749 tantorum
2256 693 2632 763 prodigiorum
2676 692 2917 747 eﬂ‘ector.
2961 691 3099 745 Vere
3147 692 3293 745 enim
3330 700 3421 744 tua
3453 699 3505 743 te

1935 788 2066 839 lides
2095 785 2562 854 Thaumaturgum
2590 783 2819 837 alterum
2868 784 3127 852 prodi-lit.
3163 783 3289 837 Haec
3340 793 3395 835 et
3426 782 3505 835 si-

1934 877 2082 929 milia
2111 876 2390 945 piissimus
2423 876 2721 943 imperator
2772 873 2959 941 perdiu
2998 873 3271 933 elocutus,
3308 882 3505 925 sancto

1934 979 2211 1033 quemque
2238 964 2429 1017 osculo
2456 962 2715 1016 salutavit
2743 1002 2756 1024 ,
2807 971 2860 1014 et
2900 961 3135 1015 abeundi
3185 970 3505 1030 potestatem

1935 1058 2100 1111 dedit.
2161 1056 2618 1122 Arehiepiscopus
2668 1070 2796 1108 vero
2841 1052 3162 1122 Gregorium
3211 1068 3398 1107 secum
3450 1052 3505 1107 in

1936 1149 2078 1201 :edes
2105 1146 2446 1216 pontificales
2482 1145 2711 1198 deduxit
2736 1162 2749 1197 :
2776 1145 2971 1211 qni‘eo
3020 1153 3251 1213 cogente
3303 1144 3504 1196 ibidem

1936 1239 2118 1292 cibum
2160 1236 2415 1305 sumpsit,
2443 1250 2567 1289 cum
2615 1249 2734 1288 mos
2782 1234 2884 1304 ipsi
2923 1244 3066 1289 esset
3109 1234 3503 1287 hebdomadem

1940 1329 2230 1399 reliquam,
2275 1334 2468 1395 pra-ter
2500 1324 2797 1378 Sabbatum
2840 1325 3094 1393 diemque
3138 1324 3507 1384 Dominicum,

1941 1422 2077 1476 nihil
2102 1420 2371 1490 gustando
2406 1420 2729 1488 transigere.
2763 1418 2964 1471 Eodem
3002 1428 3183 1471 autem
3212 1417 3505 1471 identidem

1942 1528 2048 1565 non
2091 1511 2250 1565 modo
2303 1511 2450 1579 ipse,
2495 1511 2587 1565 sed
2624 1512 2785 1565 etiam
2836 1509 3147 1564 Marcianus
3186 1507 3505 1571 ventitabat,

1939 1612 2000 1657 ut
2042 1602 2322 1655 nocturnis
2356 1618 2479 1655 cum
2514 1617 2579 1655 eo
2614 1601 2865 1670 precibus
2895 1616 3116 1668 operam
3146 1601 3318 1655 daret.

260 1712 353 1749 τον
387 1696 503 1763 μετ’
534 1695 699 1748 αὑτοῦ
730 1696 1175 1764 ἀναγκαζόμενος
1205 1695 1309 1747 ὑπὸ
1352 1693 1444 1746 τοῦ
1520 1694 1955 1763 ἀρχιεπισκόπου
1985 1710 1998 1725 ’
2064 1688 2132 1764 ἦν
2185 1694 2294 1763 γὰρ
2360 1692 2508 1762 αὑτῷ
2543 1694 2662 1755 ἔθος
2709 1693 2808 1762 τὴν
2852 1693 3121 1762 ἑϐδομάδα
3166 1693 3350 1754 ἄσιτος
3397 1693 3508 1746 δια-

260 1790 437 1843 τελεῖν
489 1792 618 1860 ἄνευ
671 1791 954 1845 Σαϐϐάτου
1001 1796 1092 1846 καὶ
1146 1793 1448 1862 Κυριακῆς.
1497 1790 1742 1858 Ἠμέραν
1776 1790 1832 1843 δὲ
1872 1790 1994 1842 καθ’
2025 1790 2243 1859 ἡμέραν
2270 1785 2339 1858 ἦν
2394 1789 2536 1859 μετά
2591 1788 2685 1841 τοῦ
2707 1789 3509 1859 ἀρχιεπισκόπου,καὶόΜαρ-

259 1883 446 1946 κιανὸς
489 1884 585 1935 σὺν
615 1884 762 1953 αὐτῷ
793 1881 862 1956 ἦν
890 1885 1180 1955 ἡσυχάζων
1207 1888 1263 1939 ὲν
1291 1888 1411 1947 ταῖς
1445 1885 1787 1952 νυκτεριναῖς
1826 1880 1987 1933 αὐτοῦ
2033 1881 2244 1949 εὐχαῖς.

332 1980 474 2047 HG".
508 1982 663 2033 Min
715 1981 773 2034 δὲ
821 1980 994 2035 ταῦτα
1048 1980 1334 2032 ἐκέλευσεν
1392 1978 1707 2049 προσελθεῖν
1770 1980 1826 2028 ἐν
1864 1984 1905 2037 Β

1864 1984 1905 2037 Β
2004 1972 2293 2028 LXXXVI.
2326 1973 2452 2028 Post
2506 1975 2619 2028 haec
2654 1973 2706 2026 in
2768 1973 3028 2041 palatium
3081 1974 3329 2027 arcessiti
3380 1983 3506 2030 sunt

258 2071 339 2141 τῷ
364 2072 610 2143 παλατίῳ
634 2073 727 2125 τόν
744 2089 805 2126 τε
828 2072 1259 2143 ἁρχιεπίτκοπον
1277 2071 1371 2125 καὶ
1394 2070 1485 2123 τὸν
1513 2070 1664 2137 ἆγιον
1691 2068 1832 2137 Γρη-

262 2166 471 2232 γόριον,
505 2166 599 2218 καὶ
622 2166 769 2233 λέγει
800 2166 985 2227 αὐτοῖς
1015 2182 1026 2194 ·
1070 2164 1387 2224 ’Δκούσατε.
1420 2163 1633 2232 Πάτρες
1664 2160 1831 2229 ἅγιοι,

263 2254 588 2324 βουλόμεθα,
622 2255 716 2307 ἐὰν
757 2257 785 2307 6
823 2255 1026 2323 Κύριος
1096 2254 1327 2318 κελεύει,
1360 2254 1521 2322 ἡμεῖς
1545 2256 1607 2323 τῇ
1644 2268 1832 2321 συνερ⁶

260 2346 385 2416 γείᾳ
417 2346 507 2399 τοῦ
540 2346 853 2414 Πνεῦματος
916 2346 1009 2399 τοῦ
1068 2345 1247 2414 ἁγίου,
1287 2343 1516 2405 κανόνας
1558 2344 1712 2405 νέους
1744 2345 1833 2395 ὲκ-

258 2434 451 2488 θέσθαι
474 2439 540 2507 τῇ
570 2434 699 2506 ἁγίᾳ
727 2437 820 2489 καὶ
844 2435 1107 2507 καθολικῇ
1154 2436 1364 2509 μεγάλῃ
1400 2438 1495 2490 τοῦ
1525 2436 1660 2489 Θεοῦ
1707 2438 1830 2491 Ἐκ-

258 2526 485 2597 κλησίᾳ,
520 2526 603 2578 ἴνα
630 2526 724 2580 καὶ
751 2529 831 2591 εἰς
868 2528 967 2591 τάς
1012 2528 1307 2597 μετέπειτα
1333 2530 1528 2597 γενεὰς
1554 2529 1704 2581 ἔσται
1737 2532 1831 2584 καὶ

259 2616 420 2669 τοῦτο
454 2619 535 2681 είς
569 2617 844 2687 δικαίωμα
899 2621 965 2690 τῇ
1016 2617 1276 2691 καθολικῇ
1318 2620 1629 2691 Ἐκκλησία.
1670 2621 1829 2673 Ἀπο-

260 2708 540 2778 κριΟέντες
568 2708 623 2761 δὲ
660 2710 689 2761 6
720 2727 775 2763 τε
801 2711 1241 2780 ἀρχιεπίσκοπος
1285 2710 1403 2780 ἅμα
1433 2712 1511 2781 τῷ
1537 2713 1677 2782 ἁγίῳ
1699 2712 1833 2784 Γρη-

256 2795 429 2866 γορίῳ
457 2793 610 2851 εἷπον
638 2798 716 2868 τῷ
749 2799 957 2869 βασιλεῖ
982 2816 995 2828 ·
1026 2801 1250 2864 Πάντως
1277 2800 1571 2866 καὶτοῦτο,
1600 2801 1832 2856 δέσποτα

255 2889 643 2950 εὐσεϐέστατε,
694 2893 757 2945 ἐκ
786 2891 938 2953 θείας
986 2892 1206 2961 χάριτος
1259 2892 1355 2945 τοῦ
1402 2893 1608 2964 Κυρίου
1657 2894 1830 2966 Ἰησοῦ

255 2979 525 3049 Χριστοῦ,
561 2981 656 3034 καὶ
681 2982 830 3042 θείας
857 2982 1177 3053 ὲλλάμψεως
1206 2982 1300 3037 τοῦ
1328 2985 1485 3052 ἁγίου
1520 2985 1831 3051 Πνεύματος

253 3065 329 3140 ἦν
380 3072 902 3141 ἀποκεκαλυμμένον
937 3074 1012 3144 τῷ
1066 3073 1142 3144 σῷ
1178 3074 1391 3145 κράτει.
1430 3076 1578 3145 Πλὴν
1607 3075 1665 3127 τὺ
1701 3078 1832 3147 ἀρε-

258 3160 387 3211 στὸν
418 3162 475 3211 ὲν
502 3159 800 3231 ὀφθαλμοῖς
849 3178 941 3213 σου
984 3162 1071 3215 διὰ
1103 3162 1193 3215 τοῦ
1230 3163 1365 3216 Θεοῦ
1416 3165 1560 3216 ποίει
1590 3182 1602 3195 ο
1631 3165 1831 3233 ἀγαθὸν

254 3253 369 3321 γὰρ
397 3252 457 3304 τὸ
489 3251 641 3321 παρὰ
670 3251 764 3304 σοῦ
786 3253 1100 3321 λεγόμενον,
1132 3255 1227 3307 καὶ
1246 3254 1523 3325 ὠφέλιμον
1546 3257 1686 3311 πάνυ
1718 3261 1830 3321 τοῖς

252 3341 560 3412 ὸρθοδὸξοις
595 3344 963 3413 Χριστιανοῖς.
997 3344 1429 3416 Καταλαϐούσης
1458 3346 1513 3399 δὲ
1536 3348 1633 3417 τῆς
1667 3350 1830 3417 ἁγίας

256 3434 737 3504 Τεσσαρακοστῆς,
769 3434 978 3505 ὥρισαν
1009 3436 1218 3497 ἑαυτοῖς
1251 3436 1308 3489 ἔν
1359 3455 1466 3491 τινι
1506 3440 1656 3508 τόπῳ
1694 3441 1828 3511 i336-

253 3543 357 3595 χῳ,
407 3526 625 3578 κάκεῖσε
654 3528 682 3580 ὁ
728 3526 1117 3591 εὐσεϐέστατος
1152 3528 1408 3597 βασιλεὺς
1464 3530 1678 3594 ἐξέθετο
1705 3533 1829 3595 τοῦς

254 3616 414 3679 νέους
463 3618 555 3670 καὶ
612 3619 789 3688 ίεροὺς
844 3620 1095 3683 κανόνας.
1136 3620 1408 3684 Ὡσαύτως
1461 3622 1556 3674 καὶ
1604 3624 1632 3675 6
1676 3622 1830 3691 ἅγιος

253 3707 301 3760 Γ
307 3708 561 3779 ρηγόριος
592 3710 716 3770 τοὺς
738 3711 867 3779 περὶ
897 3710 1184 3778 δογμάτων
1212 3710 1443 3764 ὑπέθετο
1464 3710 1831 3781 δογματικοὺς

250 3797 422 3851 αὑτοῦ
473 3797 685 3866 λόγους,
734 3800 830 3852 καὶ
873 3800 1367 3871 Τεσσαρακοστῆς,
1398 3802 1492 3855 καὶ
1548 3801 1641 3854 τοῦ
1674 3802 1827 3870 ἁγίου

256 3890 355 3943 καὶ
407 3890 711 3959 κορυφαίου
760 3891 869 3943 τῶν
924 3893 1237 3945 ἀποστόλων
1289 3893 1563 3961 Ἀνδρέου,
1598 3894 1691 3946 καὶ
1714 3894 1830 3947 ἐτέ-

261 3996 393 4048 ρους
424 3980 651 4042 πολλους
681 3980 873 4048 λόγους
900 3981 1112 4047 ἐξέθετο
1132 3983 1189 4033 ὲν
1208 3982 1785 4035 Κωνσταντινουπόλει
1813 4001 1824 4011 ·

253 4070 401 4122 πάνυ
427 4070 484 4123 δὲ
515 4071 832 4141 ἐθαυμάσθη
869 4074 896 4124 6
927 4073 1197 4141 μακάριος
1225 4072 1327 4124 ὑπὸ
1354 4071 1446 4125 τοῦ
1480 4074 1830 4141 φιλευοεόοῦς

252 4162 415 4231 ἡμῶν
445 4162 707 4225 βασιλέως
742 4164 836 4214 καὶ
886 4163 988 4215 ὑπὸ
1020 4164 1236 4216 πάντων
1268 4162 1361 4215 τοῦ
1388 4182 1443 4215 τε
1476 4165 1831 4235 ἁρχιεπισκό-

254 4271 364 4305 που
395 4256 488 4305 7.1".
515 4253 729 4307 πάντων
754 4252 861 4306 τῶν
888 4256 945 4305 ὲν
969 4255 1033 4323 τῇ
1059 4253 1211 4305 πόλει
1240 4254 1409 4305 ὄντων
1442 4253 1619 4321 σοφῶν
1647 4256 1739 4307 ἐπὶ
1765 4258 1828 4325 τῇ

252 4343 527 4415 καρτερίᾳ
561 4345 652 4396 καὶ
692 4345 934 4415 ὑπομονῇ
980 4346 1069 4396 καὶ⁸
1118 4344 1263 4413 ἄκρᾳ
1311 4344 1603 4415 ἐγκρατείᾳ
1641 4346 1827 4400 αὑτοῦ.

336 4475 736 4543 (8)Quanquam
756 4490 862 4529 non
897 4476 1031 4529 bene
1057 4488 1214 4529 antea
1240 4476 1306 4529 de
1320 4474 1561 4530 Ecclesia
1603 4480 1832 4535 meritus

255 4560 388 4600 csse
418 4545 705 4598 Mauritius
734 4548 887 4615 Aug:
923 4546 1075 4615 visus
1115 4557 1252 4607 erat,
1306 4545 1421 4613 lege
1448 4548 1653 4601 scilicet
1704 4550 1829 4615 lata,

254 4631 368 4680 qua
412 4615 796 4682 praecipiebat:
828 4612 909 4667 Ut
942 4614 1139 4673 nullus.
1161 4618 1250 4683 qui
1275 4612 1534 4668 actionem
1567 4612 1827 4684 publicant

252 4685 468 4749 egisset,
500 4685 696 4744 nullus,
727 4686 816 4753 qui
838 4686 978 4752 optio
1009 4685 1085 4737 vel
1110 4701 1267 4738 manu
1302 4685 1558 4754 signatus,
1586 4688 1666 4738 vel
1696 4690 1830 4741 inter

254 4754 453 4807 milites
489 4755 672 4822 fuisset
700 4755 928 4812 habitus,
952 4756 999 4807 ei
1023 4757 1075 4805 in
1106 4756 1421 4807 monasterio
1451 4758 1675 4809 converti
1708 4759 1834 4811 lice-

255 4834 362 4879 ret.
400 4826 498 4877 nisi
527 4825 661 4893 forte
708 4825 752 4875 si
783 4825 973 4876 militia
1019 4824 1133 4891 ejus
1169 4826 1354 4892 fuisset
1407 4828 1615 4893 expleta
1646 4826 1827 4893 (Greg.

256 4893 338 4946 Μ.
378 4895 468 4947 lib.
516 4909 595 4955 ιιι,
646 4895 803 4960 epist.
837 4893 960 4962 (3'6);
1014 4896 1211 4948 multas
1261 4894 1454 4949 deinde
1509 4897 1645 4951 alias
1687 4900 1827 4958 tulit.

254 4980 389 5032 qua:
415 4978 444 5016 a
474 4962 735 5030 Gregorio
770 4962 963 5031 Magno
995 4964 1223 5017 summis
1255 4964 1506 5019 laudibus
1549 4982 1828 5021 commen-

255 5037 435 5088 datae:
470 5048 654 5105 eaque
694 5035 838 5105 circa
881 5036 993 5105 time
1032 5034 1375 5105 potissimum
1412 5046 1654 5104 tempora
1700 5054 1830 5105 pro-

258 5108 520 5172 tttulgalae
552 5102 722 5155 l‘uere.
752 5102 831 5155 Ae
865 5104 1102 5171 primum
1149 5106 1293 5169 leges
1325 5103 1445 5172 ejus
1484 5102 1538 5159 ct
1562 5102 1738 5161 edicta
1765 5109 1831 5161 de

259 5190 399 5243 pace
432 5172 687 5244 Ecclesiae
716 5172 899 5244 laudat
944 5172 1239 5244 Gregorius
1272 5173 1411 5227 libro
1444 5190 1493 5233 ν,
1527 5176 1686 5244 cpist.
1726 5178 1791 5231 19
1818 5195 1829 5230 :

258 5246 642 5307 Quamobrem,
674 5243 866 5309 inquit,
892 5243 1336 5311 providentissime
1368 5243 1640 5309 piissimus
1664 5248 1829 5299 domi-

257 5330 365 5367 nus
396 5315 464 5364 ad
508 5313 902 5377 compescendos
953 5312 1163 5365 bellicos
1210 5324 1379 5365 motus
1424 5331 1605 5382 pacem
1649 5318 1834 5383 quwrit

254 5383 535 5443 Ecclesiae,
567 5394 718 5451 atque
746 5383 814 5433 ad
846 5383 1000 5449 hujus
1033 5398 1327 5450 compagem
1373 5388 1702 5437 sacerdotum
1752 5388 1837 5439 di—

254 5463 463 5524 gnatur
491 5453 649 5505 corda
678 5452 939 5514 reducere,
972 5454 1109 5521 quod
1151 5456 1366 5524 quidem
1395 5470 1487 5523 ego
1512 5466 1651 5523 opto,
1683 5466 1838 5524 atque

256 5523 521 5591 quantum
548 5524 617 5575 ad
646 5538 723 5575 me
751 5525 958 5583 attinet,
983 5524 1321 5575 serenissimis
1341 5523 1669 5590 jussionilms
1707 5523 1828 5578 obe-

254 5595 522 5647 dientiam
571 5593 794 5661 prtebeo.
838 5593 983 5646 idem
1032 5594 1175 5661 leges
1218 5594 1479 5646 adversus
1518 5597 1827 5649 Uonatistas

256 5664 337 5717 ab
360 5664 548 5716 eodem
584 5666 719 5717 latas
760 5663 888 5716 alibi
938 5662 1174 5716 celebrat
1216 5664 1329 5731 (lib.
1365 5663 1453 5725 Vl,
1499 5668 1658 5733 epiSt.
1692 5666 1781 5731 65)
1810 5685 1823 5719 :

258 5734 515 5797 Qualiter
544 5744 718 5785 autem
738 5733 951 5800 pietatis
976 5743 1156 5785 vestrm
1194 5736 1445 5786 serenitas
1486 5750 1665 5787 contra
1718 5736 1825 5789 lto-

255 5808 582 5857 nuttsturunt
622 5803 1089 5872 ﬂagitiosissimam
1116 5806 1421 5869 pravitatem
1451 5807 1826 5861 consideratio—

1935 2065 2378 2134 archiepiscopus
2404 2075 2458 2119 et
2488 2074 2714 2120 sanctus
2738 2064 3067 2134 Gregorius;
3100 2080 3242 2134 quos
3270 2067 3505 2135 impera-

1936 2166 2018 2210 tor
2052 2158 2131 2212 sic
2153 2166 2235 2211 est
2267 2156 2497 2211 atl'atns:
2540 2157 2717 2227 Agite,
2741 2156 2933 2213 Patres
2978 2158 3180 2221 sancti,
3210 2159 3503 2212 consilium

1933 2247 2090 2300 nobis
2120 2261 2243 2300 esse
2286 2245 2517 2310 sciatis,
2568 2246 2613 2300 si
2650 2244 2917 2301 Dominus
2966 2256 3197 2310 annuat,
3227 2256 3282 2301 et
3326 2248 3502 2303 sancti

1935 2337 2173 2405 Spiritus
2205 2338 2474 2391 auxilium
2515 2338 2681 2398 adsit,
2717 2353 2885 2391 novas
2926 2337 3074 2406 leges
3105 2338 3181 2407 (3)
3218 2349 3424 2393 sanctae
3452 2350 3508 2393 et

1931 2426 2213 2481 catholicae
2245 2442 2453 2497 magnze
2478 2426 2569 2482 Dei
2614 2428 2871 2482 Ecclesiae
2916 2444 3053 2498 prop
3076 2446 3243 2493 mere,
3285 2438 3344 2484 ut
3402 2446 3504 2499 po-

1933 2519 2152 2573 steritas
2193 2534 2411 2590 quoque
2451 2521 2649 2575 habeat
2696 2536 2725 2574 a
2781 2521 2978 2584 nobis,
3027 2523 3169 2591 quod
3224 2524 3508 2577 catholica:

1934 2612 2190 2667 Ecclesia:
2218 2614 2607 2668 conservandae
2632 2615 2826 2683 prosit.
2857 2614 2935 2667 Ad
2975 2615 3088 2669 lnec
3135 2616 3509 2685 archiepisco-

1932 2717 2034 2771 pus
2060 2720 2182 2759 cum
2226 2715 2419 2759 sancto
2449 2704 2716 2774 Gregorio
2756 2706 3092 2775 I'CSptmdelIS
3146 2707 3505 2776 imperatori:

1932 2795 2191 2859 Omnino,
2226 2798 2422 2866 inquit,
2457 2812 2490 2850 o
2517 2798 2733 2851 domine
2765 2797 3125 2867 pientissime,
3156 2799 3258 2852 hoc
3288 2814 3509 2867 quoque

1934 2890 2036 2943 sub
2060 2890 2367 2959 principatu
2413 2901 2506 2943 tuo
2529 2891 3022 2945 demonstrandum
3049 2891 3145 2945 tibi
3180 2891 3505 2946 servabatur

1932 2981 2117 3035 divino
2154 2982 2365 3036 Domini
2419 2981 2548 3036 Jesu
2609 2982 2816 3036 Christi
2873 2997 3102 3037 munere
3136 3023 3150 3046 ,
3209 2983 3508 3051 divinaque

1934 3075 2109 3126 sancti
2174 3073 2414 3142 Spiritus
2492 3074 2899 3139 illustratinne;
2968 3092 3138 3146 quare
3195 3075 3341 3145 quod
3410 3076 3507 3131 tibi

1934 3164 2174 3219 maxime
2209 3165 2416 3235 placet,
2455 3164 2563 3221 Deo
2592 3166 2813 3236 auspice
2841 3167 3176 3237 aggredere;
3211 3168 3505 3222 consilium

1934 3257 2079 3309 enim
2114 3256 2217 3311 hoc
2248 3266 2401 3310 tuum
2424 3267 2477 3311 et
2510 3258 2713 3313 bonum
2743 3266 2850 3319 est,
2876 3268 2930 3313 et
2958 3259 3289 3313 Christianis
3320 3259 3509 3313 ortho-

1858 3320 1900 3377 ο
1933 3346 2091 3399 doris
2148 3345 2399 3413 perutile.
2453 3346 2622 3400 Porro
2667 3346 3105 3416 quadragenario
3159 3346 3374 3417 jejunio
3418 3362 3508 3401 re-

1932 3443 2132 3492 deuule
2172 3438 2351 3493 locum
2378 3438 2481 3493 sibi
2516 3438 2803 3507 elegerunt
2831 3456 2860 3493 a
2893 3440 3049 3493 turba
3073 3448 3368 3503 remotum,
3405 3441 3509 3494 ibi-

1932 3544 2037 3597 que
2063 3529 2348 3599 piissimus
2388 3530 2687 3599 imperator
2736 3545 2938 3584 novum
2983 3546 3263 3585 sacrarum
3325 3532 3504 3599 legum

1932 3620 2173 3674 codicem
2202 3621 2514 3689 explicavit.
2548 3623 2618 3675 At
2644 3630 2868 3676 sanctus
2897 3620 3198 3691 Gregorius
3224 3636 3509 3677 sermones

1933 3712 2140 3764 interea
2176 3711 2241 3763 de
2270 3712 2539 3779 dogmatis
2571 3711 2764 3765 habuit
2792 3711 3059 3765 doctrinae
3093 3711 3304 3780 plenos,
3337 3727 3503 3780 quos-

1932 3801 2058 3855 dam
2110 3810 2163 3855 et
2190 3802 2256 3855 de
2288 3802 2729 3871 quadragenario
2769 3811 3046 3872 tempore,
3100 3810 3155 3856 et
3205 3802 3273 3857 de
3316 3813 3508 3858 sancto

1932 3894 2301 3962 apostolorum
2334 3894 2471 3947 duce
2496 3894 2712 3948 Andrea
2736 3894 2833 3964 (9),
2864 3895 3113 3962 aliosque
3138 3894 3340 3947 multos
3361 3892 3507 3965 [cui]

1933 3999 2028 4052 per
2063 3994 2229 4038 totam
2256 3985 2442 4038 urbem
2471 4002 2481 4036 :
2534 3984 2745 4053 fuitque
2792 3986 3140 4039 admirationi
3183 4000 3291 4038 non
3326 3985 3505 4038 solum

1935 4074 2183 4142 piissimo
2226 4074 2538 4144 imperatori
2566 4085 2780 4139 nostro,
2810 4075 2903 4130 sed
2937 4078 3195 4131 omnibus
3228 4078 3391 4131 etiam
3419 4092 3508 4129 ar-

1933 4163 2268 4232 chiepiscopi
2298 4163 2663 4217 familiaribus
2700 4178 2761 4217 ac
2788 4164 2964 4218 doctis
3006 4167 3319 4233 quibusque
3352 4164 3509 4219 urbis

1932 4252 2107 4315 viris,
2175 4253 2268 4321 qui
2351 4253 2517 4305 simul
2577 4256 2832 4306 virtutem
2918 4256 3084 4323 ejus,
3148 4265 3201 4307 et
3294 4255 3509 4323 patien-

1934 4345 2105 4407 tiam,
2159 4353 2213 4398 et
2273 4344 2660 4398 abstinentiam
2720 4344 3083 4399 extollebant.
3143 4345 3348 4405 Exacto
3401 4362 3504 4400 au-

1938 4496 1997 4533 ne
2015 4479 2244 4547 justitia:
2281 4489 2328 4531 et
2367 4478 2738 4531 sincerissimm
2779 4478 3050 4548 religionis
3097 4478 3207 4531 zelo
3236 4488 3511 4533 .commota

1935 4552 2027 4613 sit,
2052 4552 2375 4601 directarum
2402 4550 2726 4601 lucidissime
2749 4558 2896 4601 tenor
2915 4549 3150 4601 insinuat
3176 4549 3505 4616 jussionum.

1936 4619 2080 4673 idem
2112 4619 2397 4672 Mauritius
2427 4633 2587 4685 porro
2617 4632 2807 4671 curam
2856 4633 3076 4687 quoque
3106 4618 3346 4686 suscepit
3391 4620 3511 4687 epi-

1936 4704 2249 4756 scoporum,
2291 4689 2385 4756 qui
2428 4688 2646 4740 sedibus
2703 4688 2819 4740 suis
2852 4703 2881 4739 a
2923 4686 3176 4741 Barbaris
3207 4688 3345 4754 pulsi
3388 4686 3515 4741 lue-

1934 4768 2076 4817 rant.
2115 4772 2321 4827 eosque
2353 4773 2395 4827 a4
2411 4758 2673 4825 proximis
2714 4757 2911 4827 Illyrici
2941 4758 3212 4826 episc0pis
3234 4759 3305 4809 ali
3333 4758 3506 4827 jussit

1936 4829 2140 4899 (Greg._
2156 4826 2225 4881 M.
2257 4825 2422 4899 lib.rl,
2447 4828 2606 4899 epist.
2637 4825 2788 4899 6.5:)._'
2977 4825 3033 4899 ί-
3135 4825 3139 4826 ’
3228 4856 3231 4859 .

2006 4898 2081 4964 (9)
2112 4896 2217 4949 Pro
2253 4898 2461 4951 Andrea
2490 4898 2641 4965 legit,
2671 4895 2966 4963 Cajetanus
2995 4895 3152 4949 Petro
3171 4912 3189 4949 :
3223 4896 3503 4959 mendose,

1935 4969 2163 5035 opinor;
2196 4968 2411 5021 codices
2449 4964 2592 5018 enim
2627 4964 2883 5018 Basiliani
2914 4968 3076 5019 ambo
3098 4964 3367 5019 Andream
3411 4981 3507 5018 ex-

1936 5037 2156 5090 hibent:
2182 5046 2234 5089 et
2265 5046 2380 5089 erat
2409 5036 2639 5089 Andreae
2682 5038 2823 5103 apud
2861 5036 3507 5103 Constantinttpolitanm

1937 5107 2083 5159 clara
2113 5108 2393 5167 memoria,
2422 5106 2755 5172 insignisque
2788 5107 2988 5164 cultus.
3038 5109 3121 5157 cui
3159 5107 3355 5172 templa
3393 5106 3506 5170 jam

1938 5185 2052 5229 tum
2089 5178 2191 5229 tria
2224 5184 2317 5228 aut
2345 5185 2581 5244 quatuor
2616 5177 2951 5238 dicaverant,
2992 5193 3109 5244 quae
3156 5176 3206 5226 in
3242 5175 3506 5228 Constan-

1942 5247 2160 5314 tinopoli
2194 5246 2498 5300 Christiana
2538 5246 2776 5313 Gangius
2803 5255 3087 5299 enumerat
3121 5246 3237 5306 (lib.
3274 5261 3345 5308 Ir,
3382 5260 3503 5312 cap.

1940 5317 1994 5377 5,
2026 5334 2081 5369 ιι.
2115 5317 2191 5377 5).
2222 5317 2363 5381 Quin
2390 5328 2442 5369 et
2464 5317 2649 5383 opinio
2678 5316 2895 5368 demum
2927 5317 3013 5368 illa
3046 5316 3186 5383 apud
3218 5330 3313 5369 eos
3350 5315 3505 5367 inra-

1941 5386 2082 5449 luit,
2127 5386 2492 5439 Christianam
2559 5385 2954 5455 professionem
3018 5383 3270 5455 Byzantii
3322 5386 3509 5455 abeo

1941 5456 2225 5509 exordium
2258 5458 2501 5517 duxisse,
2536 5466 2590 5507 et
2624 5454 2882 5525 Stachym
2932 5453 3163 5523 primum
3213 5455 3281 5506 ab
3315 5453 3507 5525 eodem

1935 5528 2251 5596 episcopqu
2288 5542 2409 5580 esse
2454 5523 2853 5596 constitutum:
2898 5540 3062 5594 quam
3115 5523 3507 5596 tamen‘Cupe—

1937 5592 2027 5649 rus
2049 5592 2263 5665 egregie
2279 5597 2711 5661 rel‘utavit(Hist.
2737 5592 2933 5648 Chron;
2954 5594 3247 5662 patriarch.
3273 5592 3504 5715 Cottslj.

1937 5667 2105 5715 Erant
2133 5667 2331 5715 ibidem
2365 5668 2606 5715 eiusdem
2643 5666 2819 5715 sancti
2864 5666 3099 5715 apostoli
3136 5664 3399 5715 reliauiae.
3477 5677 3504 5715 ε)

1936 5664 2105 5719 Erant
2133 5664 2331 5719 ibidem
2365 5668 2606 5733 ejusdem
2643 5666 2819 5719 sancti
2864 5666 3099 5734 apostoli
3136 5664 3414 5734 reliquiae,
3439 5664 3510 5734 die

1936 5752 2165 5803 quarum
2201 5738 2557 5789 translatione
2577 5750 2644 5788 ex
2674 5734 2878 5788 Achaia
2905 5733 3022 5789 non
3056 5734 3222 5788 semel
3256 5733 3511 5790 meminit

1940 5806 2319 5873 Hieronymus,
2352 5820 2403 5862 et
2443 5806 2821 5874 Martyrologia
2855 5806 3010 5862 tidem
3039 5804 3265 5859 faciunt.
