4226 6444
232 432 343 500 705

1232 426 1292 485 S.
1334 423 1711 485 GREGORII
1752 419 2265 482 AGRIGENTINI
2305 420 2502 482 VlTA.

3377 422 3493 489 106

238 540 342 592 ἐπὸ
370 536 463 591 τοῦ
510 533 605 589 σοῦ
661 536 920 606 κράτους,
965 536 1317 605 κατήντησαν
1352 538 1445 589 καὶ
1468 536 1619 589 αὐτοὶ
1658 538 1714 587 ἐν
1737 538 1802 605 τῇ

1910 533 2092 586 silium
2121 531 2261 600 pulsi
2294 540 2498 597 essent,
2540 528 2638 600 ipsi
2678 544 2899 600 quoque
2925 529 2978 583 in
3024 531 3210 585 urbem
3248 546 3493 592 nostram

239 628 392 681 πόλει
434 625 592 696 ἡμῶν
616 643 631 657 ’
672 627 765 679 καὶ
817 624 1243 693 ἀνακάμψαντες
1282 626 1341 676 ὲν
1370 629 1435 695 τῇ
1468 625 1622 678 πόλει
1651 626 1807 693 ἀφιέ-

240 735 421 789 ρωσαν
468 716 569 787 τὴν
597 714 930 785 ἐκκλησίαν,
962 716 1056 767 καὶ
1091 715 1312 785 ἵδρυσαν
1354 717 1411 768 έν
1456 715 1594 785 αὐτῇ
1621 715 1811 767 θυσια-

240 810 463 879 στήριον
516 808 706 878 ἕτερον
741 807 885 860 κατά
930 806 1031 872 τὴν
1085 810 1415 875 κακότεχνον
1465 807 1643 860 αὐτῶν
1690 808 1812 861 ἐπί·

237 918 385 955 νοιαν
409 901 504 955 καὶ
547 897 762 969 ζοφώδη
790 900 883 952 καὶ
914 883 1307 969 ὲσκοτισμένην
1347 899 1526 954 αὐτῶν
1556 900 1812 954 διδασκα-

236 994 378 1048 λίαν.

312 1086 443 1142 ﬂH’.
487 1086 847 1149 ’Λκούσαντες
868 1086 924 1140 δὲ
953 1085 1127 1140 ταῦτα
1149 1087 1177 1139 ὃ
1205 1102 1264 1139 τε
1294 1085 1684 1148 εὐσεϐέστατος
1718 1085 1812 1153 βα-

241 1173 426 1237 σιλεὺς
452 1175 543 1227 καὶ
573 1175 603 1226 ό
633 1174 1089 1244 ἀρχιεπίσκοπος,
1126 1174 1447 1243 ἐθαύμασαν
1482 1175 1531 1228 εί
1560 1177 1669 1245 ἄρα
1718 1173 1813 1228 οὔ·

241 1283 348 1329 τως
374 1266 599 1334 γέγονεν
623 1282 637 1296 ·
662 1260 730 1337 ἦν
754 1265 863 1336 γὰρ
891 1267 920 1318 ὁ
948 1265 1202 1336 βασιλεὺς
1230 1267 1488 1337 ἀκηκοὼς
1520 1267 1580 1321 τὸ
1596 1267 1814 1337 ἀνίερον

239 1358 334 1411 τοῦ
364 1358 617 1412 Λευκίου.
653 1354 787 1411 Εἶτα
854 1357 1000 1426 λέγει
1038 1357 1125 1429 ,τῷ
1168 1359 1306 1429 ἁγίῳ
1344 1360 1631 1429 Γρηγορίῳ
1657 1377 1671 1390 ·
1705 1361 1815 1413 Καὶ

238 1450 449 1518 ταύτην
477 1467 561 1503 σοι
583 1450 684 1519 τὴν
707 1450 924 1519 αἴτησιν
961 1450 1302 1521 ποιήσωμεν.
1340 1451 1471 1505 Ἰδοὺ
1522 1453 1617 1505 καὶ
1656 1454 1815 1522 ἡμεῖς

176 1527 183 1531 ’
239 1541 456 1610 δίδομεν
486 1540 564 1610 τῷ
592 1540 714 1610 Θεῷ
735 1540 821 1594 διὰ
843 1540 938 1593 σοῦ
962 1540 1021 1593 τὸ
1051 1543 1221 1611 ἥμισυ
1261 1542 1427 1613 μέρος
1462 1545 1561 1613 τῆς
1587 1543 1813 1608 πόλεως,

238 1631 269 1684 ὃ
296 1632 520 1701 κατέχει
551 1632 584 1702 ή
629 1630 858 1701 εὐσεὸὴς
906 1631 1063 1701 ἡμῶν
1106 1632 1354 1702 βασιλεία
1378 1649 1391 1664 ·
1420 1635 1514 1688 καὶ
1551 1635 1820 1689 ἀνοικοδό-

243 1741 422 1794 μησον
451 1725 574 1778 νέον
600 1720 749 1777 οἷκον
774 1724 964 1777 πιστὸν
992 1725 1070 1796 τῷ
1098 1725 1219 1796 Θεῷ
1248 1726 1342 1779 καὶ
1370 1724 1429 1779 τὸ
1446 1728 1814 1792 ὲπισκοπεῖον,

239 1816 269 1868 δ
300 1815 486 1889 βούλῃ.
506 1817 631 1871 Καὶ
654 1816 945 1870 ἐκέλευσεν
970 1820 999 1871 ὁ
1030 1817 1285 1888 βασιλεὺς
1307 1820 1589 1889 γραφῆναι
1626 1820 1815 1890 τόμον,

1912 626 2270 693 devenerunt,
2330 625 2641 694 ibidemque
2672 625 2928 679 diversati
2979 627 3240 694 templum
3294 645 3499 687 conse-

1912 728 2224 781 craverunt,
2272 726 2325 774 et
2373 719 2546 773 altare
2582 719 2634 771 in
2667 734 2732 772 co
2780 721 3011 773 alterum
3056 723 3397 776 constituere
3426 739 3495 779 ex

1912 826 2167 881 perversa
2212 812 2455 880 ipsorum
2508 820 2729 877 mente,
2781 821 2945 881 atque
2997 812 3290 869 obscuram
3337 830 3495 872 suam

1915 904 2375 975 tenebrosamque
2408 904 2712 959 doctrinam
2750 905 2946 968 secuti.

1987 1075 2314 1131 LXXXVIII.
2350 1076 2444 1131 llis
2470 1077 2696 1139 auditis,
2743 1087 2851 1132 tam
2880 1079 3166 1147 piissimus
3200 1079 3497 1147 imperator

1916 1184 2082 1239 quam
2114 1168 2558 1239 archiepiscopus
2586 1170 2787 1224 mirati'
2808 1181 2957 1236 sunt,
2982 1184 3224 1240 quonam
3260 1180 3420 1241 pacto
3441 1172 3493 1226 id

1915 1261 1991 1315 ita
2024 1260 2365 1330 contigisset.
2405 1257 2542 1313 Nam
2592 1260 2659 1314 de
2704 1259 2887 1315 Leucii
2936 1263 3243 1334 sacrilegiis
3288 1264 3495 1334 aliquid

1916 1351 1982 1405 ad
2021 1350 2367 1418 imperatoris
2422 1365 2582 1405 aures
2627 1350 2901 1419 perlatum
2951 1351 3148 1407 fuerat.
3206 1352 3306 1410 Hic
3340 1356 3495 1409 dein-

1916 1458 2044 1512 ceps
2078 1451 2269 1497 sancto
2303 1443 2564 1511 Gregorio
2600 1443 2974 1513 respondens:
3012 1442 3080 1498 Et
3110 1444 3260 1509 huic,
3295 1447 3494 1515 inquit,

1918 1535 2167 1605 petitioni
2208 1547 2314 1589 ture
2339 1534 2770 1590 satisfaciemus.
2823 1536 2966 1589 Ecce
2994 1535 3141 1589 enim
3177 1545 3233 1590 et
3272 1552 3374 1590 nos
3412 1537 3495 1591 al-

1921 1638 2091 1686 teram
2123 1631 2279 1685 urbis
2316 1638 2526 1699 partem
2557 1671 2572 1696 ,
2610 1645 2731 1699 quae
2785 1632 3015 1701 imperio
3059 1640 3248 1686 nostro
3282 1634 3495 1699 subest,

1920 1719 2030 1775 Deo
2058 1728 2281 1791 propter
2314 1730 2367 1775 te
2398 1721 2745 1777 dedicamus:
2780 1722 2870 1777 hic
2900 1738 3101 1777 novum
3150 1725 3501 1794 religiosum-

1921 1830 2029 1884 que
2092 1812 2203 1869 Deo
2260 1816 2517 1885 templum
2574 1831 2639 1871 ac
2697 1810 2923 1870 domum
2985 1817 3391 1887 pontiﬁcalem,
3439 1827 3500 1875 ut

241 1906 339 1960 καὶ
395 1906 616 1976 δοθῆναι
666 1906 745 1977 τῷ
794 1908 1051 1978 μακαρίῳ
1078 1908 1385 1979 Γρηγορίῳ,
1415 1909 1511 1962 καὶ
1562 1912 1818 1980 κτήματα

1894 1907 2025 1969 'vis,
2072 1916 2378 1963 construes.
2437 1908 2619 1977 Atque
2669 1908 2812 1964 idem
2849 1908 3096 1964 chartam
3130 1910 3297 1964 scribi
3336 1911 3503 1980 jussit

242 1998 436 2052 πολλά.
467 1999 625 2052 Μετὰ
652 1998 710 2052 δὲ
740 1998 916 2052 ταῦτα
952 2000 1183 2070 ποιήσας
1213 2002 1271 2053 ὲν
1294 2004 1362 2072 τῇ
1398 2000 1550 2054 πόλει
1592 2001 1696 2065 ἕως
1721 2002 1816 2072 τῆς

243 2091 408 2160 ἁγίας
459 2091 877 2162 Πεντηκοστῆς,
944 2093 1040 2145 καὶ
1092 2092 1212 2164 μεθ’
1248 2094 1462 2164 ἡμέρας
1499 2095 1662 2159 τινὰς·
1690 2113 1821 2166 μετ-

242 2172 530 2237 εστείλατό
554 2185 716 2238 αὐτὸν
745 2186 774 2239 ὁ
808 2183 1064 2255 βασιλεὺς
1104 2188 1162 2239 ὲν
1195 2186 1272 2256 τῷ
1313 2186 1579 2258 παλατίῳ,
1612 2191 1703 2243 καὶ
1727 2189 1819 2241 λέ-

242 2293 332 2345 γει
364 2275 514 2346 αὺτῷ
535 2293 548 2307 ·
583 2276 767 2348 Πάτερ
789 2276 962 2345 τίμιε,
992 2276 1085 2330 ἐπὶ
1128 2277 1289 2331 τοῦτο
1331 2279 1637 2350 παρακαλῶ
1667 2279 1822 2350 elixa-

244 2366 375 2421 σθαι
404 2368 546 2435 ὑπὲρ
575 2368 735 2439 ἡμῶν
778 2371 836 2422 ἐν
867 2373 989 2435 ταῖς
1034 2374 1155 2435 σαῖς
1203 2372 1391 2442 εὐχαῖς
1436 2373 1818 2434 ἀδιαλείπτως.

256 2458 316 2513 Ὀ
346 2460 404 2514 δὲ
432 2459 615 2514 πεσὼν
661 2462 811 2533 παρά
849 2463 975 2525 τοὺς
1029 2463 1198 2527 πόδας
1246 2463 1339 2516 τοῦ
1364 2463 1625 2534 βασιλέως
1652 2481 1821 2535 προσ-

244 2548 520 2621 εκύνησεν
550 2552 733 2621 τρίτον
762 2552 856 2605 ἐπὶ
904 2553 1003 2623 τὴν
1023 2554 1157 2623 γῆν,
1188 2555 1282 2608 καὶ
1318 2555 1465 2622 λέγει
1505 2555 1685 2624 αὐτῷ·
1716 2557 1823 2608 Εὐ-

247 2638 543 2693 σεϐέστατε
577 2641 838 2701 δέσποτα.
857 2641 911 2694 τί
938 2642 1510 2713 ἀνταποδὼσομέννσοι
1528 2644 1657 2715 περὶ
1683 2643 1821 2696 πάν-

243 2747 359 2784 των
384 2725 457 2783 ὧν
482 2731 872 2796 ἀνταπέδωκας
902 2730 1032 2803 ἡμῖν
1055 2733 1311 2801 άγαθῶν;
1346 2736 1440 2789 καὶ
1466 2735 1549 2798 τίς
1571 2734 1687 2803 είμι
1714 2733 1824 2802 ἐγὼ

246 2823 281 2875 ὁ
312 2822 481 2883 τάλας
507 2823 600 2875 καὶ
629 2823 972 2893 ἁμαρτωλὸς,
1005 2826 1088 2877 ὅτι
1115 2825 1371 2888 τοιαύτας
1398 2826 1557 2893 ἀξίας
1599 2827 1692 2879 καὶ
1725 2842 1824 2896 με·

245 2913 426 2981 τάλας
452 2913 659 2983 δωρεὰς
702 2913 903 2983 εἴληφα
939 2914 1091 2986 παρά
1132 2915 1226 2968 τοῦ
1286 2916 1545 2980 εὐσεὸοὖς
1591 2917 1825 2987 κράτους

249 3004 412 3075 ὑμῶν
440 3022 454 3069 ;
486 3005 660 3068 Αὐτὸς
688 3006 716 3058 6
744 3004 1165 3075 συμϐασιλεύων
1211 3022 1293 3060 σοι
1330 3007 1462 3070 Θεὸς
1484 3006 1594 3078 δῴη
1624 3024 1706 3060 σοι
1729 3005 1825 3060 τοῦ

246 3099 342 3152 ἀεὶ
374 3097 566 3149 πατεῖν
595 3096 721 3158 τοὺς
757 3097 1225 3165 ἐπανισταμένους
1269 3115 1352 3151 σοι
1385 3098 1463 3168 τῷ
1513 3098 1689 3169 κυρίῳ
1723 3116 1827 3169 μου

247 3183 332 3252 τῷ
377 3184 606 3254 βασιλεῖ.
655 3187 765 3239 Καὶ
795 3185 966 3240 ταῦτα
1013 3187 1205 3249 εἰπὼν,
1247 3188 1631 3258 ἀσπασάμενος
1665 3190 1827 3244 αὐτὸν

246 3278 281 3328 ὁ
310 3275 581 3345 βασιλεὺς,
615 3277 740 3341 δοὺς
768 3278 915 3348 αὐτῷ
951 3277 1214 3333 τάλαντον
1258 3282 1482 3351 χρυσίου
1515 3282 1594 3343 είς
1619 3284 1825 3352 χεῖρας,

245 3362 411 3420 εἶπεν
480 3369 666 3421 Ἔστω
700 3386 806 3435 σοι,
836 3370 1039 3440 Πάτερ,
1070 3370 1240 3423 ταῦτα
1269 3371 1443 3441 μικρά
1470 3371 1617 3443 δῶρα
1634 3372 1709 3435 ὡς
1735 3389 1832 3442 με·

244 3457 418 3528 γάλα,
452 3460 645 3529 μνείαν
676 3460 995 3531 ποιούμενος
1028 3462 1113 3515 ἀεὶ
1143 3462 1284 3531 ὑπὲρ
1308 3463 1405 3533 τῆς
1429 3463 1705 3533 ἡμετέρας
1740 3481 1831 3535 με·

244 3551 563 3620 τριότητος.
599 3551 714 3605 Καὶ
757 3553 1079 3607 ἀπέστειλεν
1107 3554 1271 3607 αὑτὸν
1300 3554 1631 3620 πορεύεσθαι
1666 3554 1722 3607 ὲν
1752 3556 1831 3608 εί-

250 3643 399 3713 ρήνῃ
459 3644 539 3704 εἰς
602 3642 703 3714 τὴν
758 3634 955 3698 ἑαυτοῦ
1006 3645 1180 3698 πόλιν.
1214 3646 1460 3699 Δέδωκεν
1489 3647 1545 3701 δὲ
1570 3646 1833 3716 αὐτῷκαὶ

246 3733 627 3803 ειᾷσεόεστάτη
659 3734 946 3803 Αὑγούστα
970 3735 1120 3807 δῶρα
1149 3737 1342 3805 πολλὰ,
1366 3738 1589 3809 χρυσίον
1618 3738 1711 3793 καὶ
1731 3740 1832 3806 ἀρ-

245 3825 451 3896 γύριον
484 3826 689 3891 ἱκανὸν,
730 3828 825 3881 ἐπὶ
871 3829 934 3881 τὸ
969 3829 1194 3900 ποιῆσαι
1230 3829 1398 3901 σκεύη
1442 3830 1542 3898 τῆς
1579 3829 1699 3883 κατ’
1733 3830 1832 3883 αὑ-

242 3918 351 3971 τὸν
390 3917 737 3989 Ἐκκλησίας.

333 4095 456 4150 ΠΘ’.
496 4096 746 4166 Ἐξῆλθεν
766 4096 823 4150 δὲ
854 4095 961 4149 ἀπὸ
980 4096 1598 4160 Κωνσταντινουπόλεως
1626 4099 1653 4150 ὁ
1681 4098 1835 4165 ἅγιος

240 4189 584 4258 Γρηγόριος,
619 4190 712 4241 καὶ
748 4188 1048 4242 κατέλαϐεν
1078 4191 1136 4242 ὲν
1177 4188 1367 4260 Ῥώμῃ
1404 4191 1471 4260 τῇ
1506 4188 1680 4242 εἰκάδι
1740 4189 1833 4241 τοῦ

334 4323 632 4395 (lﬁlcum
690 4326 949 4379 talentum
1004 4324 1264 4395 Gregorio
1332 4334 1519 4379 nostro
1595 4339 1623 4377 a
1682 4323 1834 4377 Man-

238 4412 277 4449 r
312 4394 392 4445 tio
449 4394 634 4447 datum
684 4396 877 4449 set-ibit
935 4394 1232 4458 Leontius,
1286 4408 1392 4447 non
1440 4409 1669 4447 aureum
1731 4410 1837 4448 nu-

195 4471 209 4479 ‘
238 4465 456 4517 ntisma
484 4479 677 4533 unum,
700 4465 792 4517 sed
826 4474 904 4517 tot
932 4466 1056 4519 data
1091 4465 1401 4533 signiﬁcare
1434 4465 1706 4532 putandus
1728 4473 1831 4527 cst,
1850 4486 1863 4493 ι

1918 2009 1971 2054 et
2007 2001 2164 2054 beato
2213 1999 2479 2070 Gregorio
2509 2000 2649 2055 tradi
2678 2040 2694 2065 ,
2727 2009 2782 2055 et
2822 2001 3196 2070 possessiones
3238 2012 3502 2072 prteterea

1919 2091 2144 2146 multas.
2218 2089 2419 2144 Mansit
2475 2106 2605 2146 vero
2666 2101 2792 2162 post
2854 2094 2968 2147 haec
3025 2092 3502 2163 Constantinopoli

1922 2198 2097 2252 usque
2149 2183 2213 2236 ad
2266 2194 2468 2237 sanctae
2525 2184 2878 2239 Peutccostes
2939 2186 3244 2239 solemnia:
3302 2188 3503 2257 quibus

1919 2276 2233 2341 transactis,
2263 2275 2317 2330 in
2349 2276 2613 2346 palatium
2647 2291 2840 2332 rursus
2864 2276 2932 2331 ab
2962 2262 3296 2345 imperatore
3316 2294 3501 2335 accer-

1922 2366 2062 2422 situs
2094 2374 2215 2428 est,
2260 2376 2424 2435 atque
2475 2365 2561 2420 his
2592 2356 2776 2420 verbis
2827 2365 3136 2422 salutatus:
3175 2366 3332 2433 Quod
3371 2370 3504 2424 ulti-

1923 2472 2071 2511 mum
2101 2466 2206 2522 est,
2238 2456 2400 2511 Pater
2430 2458 2737 2512 venerande
2764 2496 2779 2521 ,
2830 2457 2936 2513 hoc
2975 2474 3004 2513 a
3039 2467 3091 2513 te
3117 2470 3242 2529 peto
3263 2503 3279 2527 ,
3342 2473 3400 2516 ut
3448 2462 3504 2517 in

1924 2550 2421 2616 obsecrationibus,
2452 2565 2575 2620 qua“:
2603 2565 2632 2604 a
2673 2558 2725 2605 te
2751 2551 2971 2606 assidue
2996 2552 3154 2615 ﬁniit,
3190 2555 3362 2608 nostri
3393 2570 3507 2610 me-

1913 2631 2176 2695 'mincris.
2222 2641 2315 2695 llle
2362 2642 2427 2694 ad
2469 2642 2816 2710 imperatoris
2853 2644 3015 2712 pedes
3058 2646 3382 2714 provolutus
3427 2656 3507 2702 ter

1926 2747 2049 2785 eum
2084 2746 2259 2801 usque
2292 2732 2356 2784 ad
2388 2741 2585 2789 terram
2622 2732 2891 2797 adoravit,
2927 2740 3039 2786 tum
3070 2736 3150 2787 sic
3186 2735 3507 2803 respondit:

1927 2820 2070 2887 Quid
2104 2836 2226 2889 ego,
2265 2820 2513 2889 piissime
2542 2820 2789 2890 Auguste
2814 2862 2827 2885 ,
2870 2837 2972 2891 pro
3020 2823 3177 2878 bonis
3227 2827 3508 2894 omnibus,

1927 2912 2126 2981 quibus
2157 2926 2246 2966 me
2272 2913 2612 2967 cumulatum
2649 2911 2904 2976 dimittis,
2932 2913 3026 2967 tibi
3057 2914 3396 2968 retribuam?
3428 2916 3508 2970 \‘el

1927 3003 2049 3073 quis
2072 3017 2220 3056 eram
2247 3018 2348 3071 ego
2390 3004 2560 3057 miser
2593 3018 2657 3058 ac
2678 3019 2936 3072 nequam,
2959 3014 3073 3059 uta
3106 3014 3212 3060 tam
3251 3007 3340 3076 pio
3368 3010 3511 3077 prin-

1928 3094 2048 3164 cipe
2070 3102 2219 3149 tanta
2240 3103 2460 3163 tamque
2478 3095 2736 3165 praeclara
2758 3111 2983 3150 munera
3007 3098 3351 3167 acciperem?
3372 3099 3511 3155 Deus

1844 3223 1896 3282 QC
1933 3200 2081 3248 vero,
2116 3187 2209 3257 qui
2246 3201 2421 3240 tecum
2463 3188 2751 3256 imperium
2784 3189 3127 3256 moderatur,
3175 3189 3267 3245 det
3293 3192 3413 3253 tibi,
3453 3200 3512 3245 ut

1932 3291 2123 3331 omnes
2169 3292 2386 3347 semper
2424 3277 2863 3335 adversariorum
2893 3292 3074 3335 motus
3126 3282 3304 3336 victor
3357 3299 3513 3337 coer-

1931 3382 2078 3423 ceas.
2116 3365 2243 3422 Hac
2267 3367 2535 3423 dicentem
2557 3368 2853 3438 imperator
2877 3372 3216 3441 complexus,
3248 3374 3510 3428 talentum

1910 3457 2006 3539 illi
2040 3472 2267 3512 aureum
2304 3459 2356 3511 in
2400 3475 2597 3516 manus
2644 3461 2793 3515 dedit
2839 3462 2993 3532 (12):
3042 3460 3210 3525 Habe,
3266 3463 3378 3536 [ον]
3428 3465 3513 3519 in-

1931 3552 2150 3619 quiens,
2187 3548 2361 3616 Pater,
2398 3566 2559 3620 parva
2608 3552 2722 3606 haec
2759 3554 2901 3606 dona
2935 3562 2995 3607 ut
3038 3570 3236 3622 magna
3270 3593 3284 3617 ,
3328 3568 3379 3610 et
3411 3572 3513 3611 no-

1933 3641 2031 3695 stri
2072 3650 2335 3710 perpetuo
2366 3656 2576 3696 memor
2610 3653 2751 3698 esto.
2770 3643 3120 3715 Dimisitque,
3145 3656 3204 3701 ut
3235 3646 3288 3699 in
3324 3648 3513 3702 urbem

1932 3746 2086 3785 suam
2136 3729 2249 3785 Deo
2290 3734 2529 3801 propitio
2564 3734 2798 3799 rediret;
2850 3736 3021 3789 multa
3077 3737 3242 3791 etiam
3295 3738 3437 3791 dona
3479 3753 3510 3793 a

1932 3820 2178 3888 piissime
2204 3823 2450 3889 Augusta
2480 3824 2711 3892 accepit.
2741 3825 2861 3877 auri
2891 3825 2944 3878 in
2982 3827 3175 3894 primis
3209 3836 3263 3879 et
3294 3827 3513 3895 argenti

1932 3922 2197 3983 quantum
2224 3915 2288 3968 ad
2320 3930 2475 3969 sacra
2524 3916 2707 3984 templi
2741 3917 2827 3971 sui
2872 3933 2999 3972 vasa
3044 3918 3388 3973 conﬁcienda
3420 3935 3509 3973 sa-

1932 4004 2001 4059 tis
2037 4014 2183 4057 esset
2213 4005 2350 4073 (l5).

2007 4094 2294 4150 LXXXIX.
2347 4095 2616 4165 Egressus
2631 4094 3104 4166 Constantinopoli
3124 4108 3350 4156 sanctus
3370 4101 3507 4155 Gre—

1933 4190 2120 4261 gorius
2146 4190 2256 4256 (l4)
2290 4188 2519 4243 Romam
2550 4190 2801 4257 pervenit
2822 4206 2921 4243 xm
2951 4190 3069 4244 Kal.
3102 4191 3397 4262 Augustas.
3432 4193 3509 4249 Ibi

1932 4324 2235 4399 Augustam
2271 4325 2653 4399 proderenon
2704 4337 2958 4396 possunt,
3007 4343 3036 4380 a
3071 4345 3177 4399 qua
3213 4329 3509 4393 Gregorius

1934 4397 2075 4449 dona
2122 4396 2417 4469 acceperit.
2470 4394 2812 4469 Theodoram
2860 4400 3006 4451 enim
3039 4394 3286 4462 uiorem,
3339 4400 3506 4469 quam

1936 4481 2102 4518 unam
2137 4464 2347 4527 habuit,
2379 4463 2728 4519 Justinianus
2776 4477 2904 4521 ante
2950 4470 3245 4522 concilium
3282 4485 3311 4520 ν
3358 4463 3509 4524 ircu-

236 4548 387 4603 qua:
423 4532 612 4584 talenti
651 4549 921 4616 summam
961 4532 1260 4616 aequarent:
1306 4534 1435 4587 Erat
1480 4534 1624 4587 enim
1662 4535 1833 4614 talen-
1863 4562 1907 4616 ο
1937 4537 2237 4616 interuentu,
2266 4536 2353 4586 cui
2390 4533 2688 4616 Gregorius
2731 4538 2990 4616 n‘ondttnm.
3017 4539 3310 4616 episcopus
3341 4540 3511 4593 inter-

239 4615 403 4662 tutn,
445 4617 567 4654 cum
600 4602 665 4654 ad
723 4604 1006 4667 pecuniam
1061 4602 1420 4663 referebant,
1474 4618 1581 4655 non
1644 4604 1830 4672 utique

240 4684 323 4726 ut
350 4679 433 4724 est
456 4672 596 4742 apud
633 4672 878 4733 Suidaut,
927 4674 988 4725 τὺ
1036 4674 1290 4742 μέγιστον
1337 4672 1558 4742 χρυσίου
1598 4673 1691 4725 καὶ
1733 4676 1832 4741 ἁρ-

237 4742 459 4811 γυρίου
494 4741 690 4809 μέρος,
731 4743 845 4795 sive
886 4744 1007 4795 (ιιινὶ
1040 4741 1095 4795 κει
1134 4745 1338 4809 argenti
1378 4741 1510 4810 pars
1557 4743 1830 4795 maxima:

235 4826 394 4867 nam
423 4810 612 4863 deerat
651 4825 872 4871 nomen,
902 4827 1013 4880 quo
1062 4813 1323 4881 majorem
1358 4827 1517 4865 unam
1559 4826 1833 4865 summam

235 4881 593 4951 indicarent,
622 4889 701 4943 ut,
734 4895 858 4951 cum
894 4883 1119 4947 pecunia
1161 4894 1464 4951 superaret,
1498 4882 1742 4934 dicerent
1766 4881 1836 4933 δι-

231 4950 549 5021 τάλαντον,
589 4950 963 5021 τριτάλαντον,
989 4951 1170 5021 τρίτον
1212 4950 1619 5021 ἡμιτάλαντον,
1661 4951 1713 5003 id
1754 4960 1839 5005 est

229 5024 371 5074 duo
398 5019 611 5079 talenta,
639 5020 744 5071 tria
774 5021 993 5078 talenta.
1024 5019 1140 5074 ‘trt'a
1190 5019 1386 5074 talenta
1420 5037 1538 5073 cum
1588 5020 1831 5082 dimidio,

232 5101 311 5142 υι
350 5090 568 5141 similia.
606 5087 803 5141 Verum
858 5092 1077 5151 talenti,
1126 5100 1186 5144 ut
1237 5105 1395 5143 nemo
1455 5093 1685 5156 ignorat.
1722 5104 1829 5142 non

236 5174 375 5214 uita
412 5159 573 5228 apud_
596 5172 787 5212 omnes
820 5161 1118 5227 quantitas,
1154 5176 1253 5215 nec
1292 5163 1489 5228 dequo
1518 5161 1604 5212 hic
1630 5159 1832 5212 talento

235 5234 526 5295 tuquatur
556 5226 849 5287 Leontius.
871 5231 1003 5284 satis
1037 5231 1226 5298 liquet.
1249 5230 1352 5295 Qui
1384 5226 1561 5281 tann-n
1596 5229 1832 5281 Atticum

235 5300 529 5369 talentum
555 5299 727 5369 magis
765 5311 952 5369 uotum
997 5309 1049 5352 et
1085 5302 1291 5369 majore
1324 5302 1375 5351 in
1413 5315 1512 5351 usu
1558 5299 1726 5351 fuisse
1763 5301 1831 5351 vi-

228 5372 453 5430 detur,
492 5367 785 5435 signiﬁcari
814 5369 900 5422 hic
933 5367 1200 5423 summam
1226 5380 1354 5438 puto
1378 5369 1650 5421 minarum
1681 5384 1839 5421 sexa-

230 5442 453 5509 ginta,
508 5440 619 5490 sive
675 5446 863 5509 sentos
901 5451 1193 5493 sexcentos
1246 5455 1498 5509 nummos
1546 5449 1837 5491 nostrates.

226 5508 540 5565 Caeterum
571 5508 749 5562 aetatis
779 5508 943 5576 hujus
969 5510 1264 5576 scriptores
1289 5508 1475 5563 talenti
1518 5509 1837 5575 appellatio-

223 5595 331 5635 με
368 5576 752 5647 μεταφορικῶς
784 5586 993 5631 tantum
1031 5581 1106 5631 uti
1139 5580 1331 5642 solent,
1368 5590 1531 5646 atque
1562 5588 1618 5629 ut
1651 5578 1840 5647 mysti-

220 5666 320 5706 ca
359 5646 636 5715 Evangelii
670 5648 868 5700 talenta
892 5648 1005 5701 sive
1028 5650 1153 5703 data
1181 5649 1377 5719 cuique
1408 5648 1670 5703 divinitus
1700 5646 1839 5702 bona

220 5736 263 5775 ς
276 5726 717 5769 uumicmorent.

336 5786 456 5858 (13)
498 5786 913 5841 Constantinam
960 5787 1101 5857 Aug.
1153 5790 1413 5858 intelligo,
1458 5789 1525 5843 dc
1569 5804 1675 5856 qua
1726 5787 1839 5840 dixi

221 5856 550 5929 superius.
590 5860 657 5909 At
701 5859 793 5926 qui
841 5856 1085 5929 Cajctani
1138 5856 1462 5915 sententiam
1515 5868 1839 5927 sequuntur,

1938 4604 2105 4657 fuisse
2133 4605 2357 4674 dicitur,
2412 4605 2703 4658 extulerat.
2758 4603 2867 4658 Nec
2905 4603 3115 4660 felicior
3147 4603 3349 4661 Lancia
3392 4620 3507 4674 est;

1934 4687 2247 4739 quanquam
2287 4673 2333 4725 is
2367 4688 2478 4725 rem
2514 4689 2691 4744 prope,
2714 4675 3088 4729 incredibilem
3128 4686 3301 4744 putat,
3333 4676 3510 4731 Justi-

1936 4745 2156 4795 nianutn
2212 4758 2393 4805 suum,
2437 4743 2487 4795 id
2534 4753 2619 4797 est
2671 4743 3083 4809 Rhiuotmemm,
3121 4757 3229 4799 tam
3282 4762 3407 4801 Sero
3445 4751 3513 4802 de

1937 4812 2291 4885 matrimonio
2317 4811 2611 4885 cogitasse.
2646 4815 2809 4867 Duxit
2839 4815 2930 4869 ille
2958 4831 3183 4869 uxorem
3216 4832 3360 4870 anno
3386 4816 3509 4885 705,

2024 4890 2107 4935 est
2171 4882 2360 4949 viginti
2417 4883 2656 4954 amplius
2714 4900 2923 4944 annos.
2983 4895 3271 4954 postquam
3324 4882 3513 4940 conci-

1937 4951 2068 5004 lium
2099 4968 2146 5003 vi
2172 4952 2571 5005 ωιτυιηρηίουηι
2596 4953 2911 5006 absolutunt
2939 4951 3139 5009 fuerat;
3158 4956 3269 5009 Nec
3293 4970 3421 5008 vero
3443 4956 3509 5009 ad

1939 5036 2156 5073 sorores
2197 5020 2469 5091 Augustas
2499 5023 2800 5091 confugere
2836 5023 2964 5077 licet
3000 5027 3219 5079 :neutri
3250 5026 3395 5077 enim
3445 5040 3512 5079 ex

1940 5092 2047 5143 illis
2089 5088 2303 5142 duobus
2330 5088 2848 5145 Justiniauis'sotor
2889 5093 3008 5147 fuit.

2011 5160 2123 5232 (III)
2163 5163 2509 5232 Atitttts,_quo
2554 5159 2862 5232 Gregorius_
2889 5163 3365 5232 (Iousmminopoli
3397 5165 3513 5216 dis-

1940 5230 2126 5302 cessit,
2158 5229 2418 5302 erat_593
2448 5269 2462 5291 ,
2503 5245 2795 5302 quoanno
2834 5229 3098 5302 Joannem
3142 5229 3513 5302 patrima-ham

1940 5300 2165 5369 obiissg.
2207 5299 2455 5364 Quienus
2487 5315 2554 5352 ex
2585 5299 2876 5367 Nicephori
2920 5299 3193 5356 Chronico
3238 5305 3512 5369 ostendit,

1940 5370 2085 5437 quod
2123 5367 2321 5438 Pagius
2352 5384 2571 5437 quoque
2596 5369 2953 5440 εινϐιιρονιις,
2988 5374 3268 5440 repudiata
3296 5367 3517 5427 llaronii

1942 5440 2234 5497 sententia.
2271 5441 2362 5511 qui
2402 5440 2562 5492 morti
2594 5438 2744 5511 illius
2772 5454 2978 5494 annum
3015 5438 3392 5511 inSt-quentem
3426 5458 3519 5497 as-

1942 5519 2269 5577 signaverat,
2301 5509 2458 5578 plane
2480 5510 2831 5578 statuendum
2858 5509 3278 5578 przesetiserattt.
3307 5512 3360 5565 Id
3390 5528 3520 5567 vero

1944 5575 2076 5631 nihil
2116 5575 2316 5631 turbat.
2368 5575 2505 5632 Nam
2540 5575 2808 5633 Joannem
2853 5575 3156 5636 decessisse
3207 5593 3423 5635 constat
3465 5597 3519 5636 tv

1942 5647 2531 5719 NonasLSeptcmbreis,
2571 5650 2625 5702 id
2658 5658 2743 5704 est
2785 5650 3004 5704 duobus
3046 5663 3168 5719 post
3212 5653 3514 5711 mensibus.

1943 5718 2426 5789 quumGtcgorius
2459 5718 2936 5789 Consrantinopoli
2964 5723 3223 5775 solverat.
3254 5721 3334 5774 Eo
3370 5724 3518 5775 enim

1947 5804 2089 5859 mino
2123 5787 2445 5842 Pentecoste
2476 5798 2596 5859 acta
2624 5804 2675 5841 χι
2707 5787 2841 5841 Κιιιξ
2861 5788 2991 5845 Jun.
3016 5791 3201 5859 Itaque
3230 5802 3375 5846 stant
3397 5805 3522 5858 qum

1947 5858 2205 5912 Leontius
2241 5859 2401 5917 tradit
2434 5875 2462 5911 a
2493 5858 2699 5914 Joanne
2737 5858 3153 5931 archiepiscopo
3186 5861 3326 5920 facta
3373 5875 3520 5919 esse.
