  <div class='ocr_page' id='page_1' title='image "/cluster/home/n/w/nwhite01/storage/ocr_20150623/98/nnc1.0046979697/361.png"; bbox 0 0 4226 6444; ppageno 0'>
   <div class='ocr_carea' id='block_1_1' title="bbox 696 446 803 508">
    <p class='ocr_par' dir='ltr' id='par_1_1' title="bbox 696 446 803 508">
     <span class='ocr_line' id='line_1_1' title="bbox 696 446 803 508; baseline 0 0"><span class='ocrx_word' id='word_1_1' title='bbox 696 446 803 508; x_wconf 81' lang='grc'><strong>70⁸1</strong></span> 
     </span>
    </p>
   </div>
   <div class='ocr_carea' id='block_1_2' title="bbox 1697 396 2978 495">
    <p class='ocr_par' dir='ltr' id='par_1_2' title="bbox 1697 396 2978 495">
     <span class='ocr_line' id='line_1_2' title="bbox 1697 396 2978 495; baseline -0.005 -2"><span class='ocrx_word' id='word_1_2' title='bbox 1697 434 1759 493; x_wconf 91' lang='lat' dir='ltr'><strong>s.</strong></span> <span class='ocrx_word' id='word_1_3' title='bbox 1794 430 2172 495; x_wconf 82' lang='lat' dir='ltr'><strong>GBEGORII</strong></span> <span class='ocrx_word' id='word_1_4' title='bbox 2222 412 2737 487; x_wconf 72' lang='lat' dir='ltr'><strong>AGRIGENTINI</strong></span> <span class='ocrx_word' id='word_1_5' title='bbox 2782 396 2978 488; x_wconf 58' lang='grc' dir='ltr'>τιτι.</span> 
     </span>
    </p>
   </div>
   <div class='ocr_carea' id='block_1_3' title="bbox 3858 418 3966 480">
    <p class='ocr_par' dir='ltr' id='par_1_3' title="bbox 3858 418 3966 480">
     <span class='ocr_line' id='line_1_3' title="bbox 3858 418 3966 480; baseline 0.019 -2"><span class='ocrx_word' id='word_1_6' title='bbox 3858 418 3966 480; x_wconf 63' lang='grc' dir='ltr'><strong>τω</strong></span> 
     </span>
    </p>
   </div>
   <div class='ocr_carea' id='block_1_4' title="bbox 698 542 2349 622">
    <p class='ocr_par' dir='ltr' id='par_1_4' title="bbox 698 544 2345 622">
     <span class='ocr_line' id='line_1_4' title="bbox 698 544 2345 622; baseline -0.009 -9"><span class='ocrx_word' id='word_1_7' title='bbox 698 571 854 613; x_wconf 74' lang='lat' dir='ltr'><strong>sacra</strong></span> <span class='ocrx_word' id='word_1_8' title='bbox 887 553 1084 622; x_wconf 74' lang='lat' dir='ltr'><strong>templa</strong></span> <span class='ocrx_word' id='word_1_9' title='bbox 1128 549 1401 614; x_wconf 77' lang='lat' dir='ltr'><strong>lustravit,</strong></span> <span class='ocrx_word' id='word_1_10' title='bbox 1436 559 1491 604; x_wconf 86' lang='lat' dir='ltr'><strong>et</strong></span> <span class='ocrx_word' id='word_1_11' title='bbox 1532 564 1594 603; x_wconf 88' lang='lat' dir='ltr'><strong>ea</strong></span> <span class='ocrx_word' id='word_1_12' title='bbox 1634 548 1989 603; x_wconf 85' lang='lat' dir='ltr'><strong>sanctissimo</strong></span> <span class='ocrx_word' id='word_1_13' title='bbox 2022 546 2272 615; x_wconf 81' lang='lat' dir='ltr'><strong>pontiﬁce</strong></span> <span class='ocrx_word' id='word_1_14' title='bbox 2304 544 2345 599; x_wconf 81' lang='grc' dir='ltr'><strong>Α</strong></span> 
     </span>
    </p>
   </div>
   <div class='ocr_carea' id='block_1_5' title="bbox 2379 542 3962 622">
    <p class='ocr_par' dir='ltr' id='par_1_5' title="bbox 2388 542 3962 613">
     <span class='ocr_line' id='line_1_5' title="bbox 2388 542 3962 613; baseline 0.001 -18"><span class='ocrx_word' id='word_1_15' title='bbox 2388 544 2608 596; x_wconf 82' lang='grc' dir='ltr'>Ἰουλίου</span> <span class='ocrx_word' id='word_1_16' title='bbox 2683 545 2871 612; x_wconf 84' lang='grc' dir='ltr'>μηνός.</span> <span class='ocrx_word' id='word_1_17' title='bbox 2926 543 3165 594; x_wconf 83' lang='grc' dir='ltr'>Κάκείσε</span> <span class='ocrx_word' id='word_1_18' title='bbox 3224 542 3536 613; x_wconf 84' lang='grc' dir='ltr'>διαδραμὼν</span> <span class='ocrx_word' id='word_1_19' title='bbox 3590 543 3715 605; x_wconf 82' lang='grc' dir='ltr'>τοὺς</span> <span class='ocrx_word' id='word_1_20' title='bbox 3770 544 3962 611; x_wconf 79' lang='grc' dir='ltr'><strong>ἁγίους</strong></span> 
     </span>
    </p>
   </div>
   <div class='ocr_carea' id='block_1_6' title="bbox 697 642 2274 711">
    <p class='ocr_par' dir='ltr' id='par_1_6' title="bbox 697 642 2274 711">
     <span class='ocr_line' id='line_1_6' title="bbox 697 642 2274 711; baseline -0.004 -9"><span class='ocrx_word' id='word_1_21' title='bbox 697 646 938 702; x_wconf 82' lang='lat' dir='ltr'><strong>inaximo</strong></span> <span class='ocrx_word' id='word_1_22' title='bbox 960 644 1155 698; x_wconf 79' lang='lat' dir='ltr'><strong>faustis</strong></span> <span class='ocrx_word' id='word_1_23' title='bbox 1180 642 1458 696; x_wconf 87' lang='lat' dir='ltr'><strong>ominibus</strong></span> <span class='ocrx_word' id='word_1_24' title='bbox 1485 656 1791 711; x_wconf 85' lang='lat' dir='ltr'><strong>magnaque</strong></span> <span class='ocrx_word' id='word_1_25' title='bbox 1813 642 1995 695; x_wconf 73' lang='lat' dir='ltr'><strong>laetitia</strong></span> <span class='ocrx_word' id='word_1_26' title='bbox 2015 650 2274 710; x_wconf 84' lang='lat' dir='ltr'><strong>acceptus</strong></span> 
     </span>
    </p>
   </div>
   <div class='ocr_carea' id='block_1_7' title="bbox 695 735 2272 805">
    <p class='ocr_par' dir='ltr' id='par_1_7' title="bbox 695 735 2272 805">
     <span class='ocr_line' id='line_1_7' title="bbox 695 735 2272 805; baseline -0.003 -11"><span class='ocrx_word' id='word_1_27' title='bbox 695 750 800 794; x_wconf 83' lang='lat' dir='ltr'><strong>est.</strong></span> <span class='ocrx_word' id='word_1_28' title='bbox 836 738 1085 803; x_wconf 84' lang='lat' dir='ltr'><strong>Quocum</strong></span> <span class='ocrx_word' id='word_1_29' title='bbox 1114 736 1305 805; x_wconf 75' lang='lat' dir='ltr'><strong>viginti</strong></span> <span class='ocrx_word' id='word_1_30' title='bbox 1337 735 1455 789; x_wconf 88' lang='lat' dir='ltr'><strong>dies</strong></span> <span class='ocrx_word' id='word_1_31' title='bbox 1484 735 1673 788; x_wconf 68' lang='lat' dir='ltr'><strong>Romae</strong></span> <span class='ocrx_word' id='word_1_32' title='bbox 1705 744 1973 801; x_wconf 86' lang='lat' dir='ltr'><strong>versatus,</strong></span> <span class='ocrx_word' id='word_1_33' title='bbox 2002 745 2126 804; x_wconf 84' lang='lat' dir='ltr'><strong>post</strong></span> <span class='ocrx_word' id='word_1_34' title='bbox 2151 752 2272 789; x_wconf 83' lang='lat' dir='ltr'><strong>mu-</strong></span> 
     </span>
    </p>
   </div>
   <div class='ocr_carea' id='block_1_8' title="bbox 696 825 2277 897">
    <p class='ocr_par' dir='ltr' id='par_1_8' title="bbox 696 825 2277 897">
     <span class='ocr_line' id='line_1_8' title="bbox 696 825 2277 897; baseline -0.005 -11"><span class='ocrx_word' id='word_1_35' title='bbox 696 842 790 886; x_wconf 88' lang='lat' dir='ltr'><strong>tua</strong></span> <span class='ocrx_word' id='word_1_36' title='bbox 821 845 947 897; x_wconf 85' lang='lat' dir='ltr'><strong>erga</strong></span> <span class='ocrx_word' id='word_1_37' title='bbox 982 829 1133 881; x_wconf 92' lang='lat' dir='ltr'><strong>illum</strong></span> <span class='ocrx_word' id='word_1_38' title='bbox 1163 836 1218 881; x_wconf 91' lang='lat' dir='ltr'><strong>et</strong></span> <span class='ocrx_word' id='word_1_39' title='bbox 1254 836 1506 881; x_wconf 87' lang='lat' dir='ltr'><strong>sanctum</strong></span> <span class='ocrx_word' id='word_1_40' title='bbox 1545 825 1788 881; x_wconf 82' lang='lat' dir='ltr'><strong>Marcum</strong></span> <span class='ocrx_word' id='word_1_41' title='bbox 1819 827 2124 895; x_wconf 77' lang='lat' dir='ltr'><strong>fratresque</strong></span> <span class='ocrx_word' id='word_1_42' title='bbox 2164 842 2277 879; x_wconf 89' lang='lat' dir='ltr'><strong>om-</strong></span> 
     </span>
    </p>
   </div>
   <div class='ocr_carea' id='block_1_9' title="bbox 696 919 2275 990">
    <p class='ocr_par' dir='ltr' id='par_1_9' title="bbox 696 919 2275 990">
     <span class='ocr_line' id='line_1_9' title="bbox 696 919 2275 990; baseline -0.001 -16"><span class='ocrx_word' id='word_1_43' title='bbox 696 937 792 975; x_wconf 85' lang='lat' dir='ltr'><strong>nes</strong></span> <span class='ocrx_word' id='word_1_44' title='bbox 841 920 1041 983; x_wconf 85' lang='lat' dir='ltr'><strong>olIicia,</strong></span> <span class='ocrx_word' id='word_1_45' title='bbox 1090 936 1117 971; x_wconf 89' lang='lat' dir='ltr'><strong>a</strong></span> <span class='ocrx_word' id='word_1_46' title='bbox 1156 920 1412 988; x_wconf 83' lang='lat' dir='ltr'><strong>pontiﬁce</strong></span> <span class='ocrx_word' id='word_1_47' title='bbox 1454 920 1696 973; x_wconf 82' lang='lat' dir='ltr'><strong>maximo</strong></span> <span class='ocrx_word' id='word_1_48' title='bbox 1744 921 1976 990; x_wconf 87' lang='lat' dir='ltr'><strong>benigne</strong></span> <span class='ocrx_word' id='word_1_49' title='bbox 2014 919 2275 974; x_wconf 78' lang='lat' dir='ltr'><strong>dimissus</strong></span> 
     </span>
    </p>
   </div>
   <div class='ocr_carea' id='block_1_10' title="bbox 694 1013 2273 1085">
    <p class='ocr_par' dir='ltr' id='par_1_10' title="bbox 694 1013 2273 1085">
     <span class='ocr_line' id='line_1_10' title="bbox 694 1013 2273 1085; baseline -0.001 -17"><span class='ocrx_word' id='word_1_50' title='bbox 694 1024 798 1085; x_wconf 63' lang='lat' dir='ltr'><strong>est,</strong></span> <span class='ocrx_word' id='word_1_51' title='bbox 832 1024 891 1068; x_wconf 88' lang='lat' dir='ltr'><strong>ut</strong></span> <span class='ocrx_word' id='word_1_52' title='bbox 922 1015 986 1067; x_wconf 90' lang='lat' dir='ltr'><strong>ad</strong></span> <span class='ocrx_word' id='word_1_53' title='bbox 1012 1016 1195 1068; x_wconf 87' lang='lat' dir='ltr'><strong>sedem</strong></span> <span class='ocrx_word' id='word_1_54' title='bbox 1230 1030 1385 1069; x_wconf 89' lang='lat' dir='ltr'><strong>suam</strong></span> <span class='ocrx_word' id='word_1_55' title='bbox 1426 1013 1882 1081; x_wconf 83' lang='lat' dir='ltr'><strong>proﬁcisceretur,</strong></span> <span class='ocrx_word' id='word_1_56' title='bbox 1920 1013 2118 1067; x_wconf 88' lang='lat' dir='ltr'><strong>additis</strong></span> <span class='ocrx_word' id='word_1_57' title='bbox 2150 1029 2273 1067; x_wconf 91' lang='lat' dir='ltr'><strong>mu-</strong></span> 
     </span>
    </p>
   </div>
   <div class='ocr_carea' id='block_1_11' title="bbox 696 1103 2271 1174">
    <p class='ocr_par' dir='ltr' id='par_1_11' title="bbox 696 1103 2271 1174">
     <span class='ocr_line' id='line_1_11' title="bbox 696 1103 2271 1174; baseline -0.002 -15"><span class='ocrx_word' id='word_1_58' title='bbox 696 1105 921 1159; x_wconf 76' lang='lat' dir='ltr'><strong>neribus</strong></span> <span class='ocrx_word' id='word_1_59' title='bbox 977 1104 1321 1174; x_wconf 76' lang='lat' dir='ltr'><strong>insignibus,</strong></span> <span class='ocrx_word' id='word_1_60' title='bbox 1380 1112 1434 1158; x_wconf 88' lang='lat' dir='ltr'><strong>et</strong></span> <span class='ocrx_word' id='word_1_61' title='bbox 1486 1103 1625 1158; x_wconf 80' lang='lat' dir='ltr'><strong>facta</strong></span> <span class='ocrx_word' id='word_1_62' title='bbox 1676 1112 1941 1173; x_wconf 84' lang='lat' dir='ltr'><strong>potestate</strong></span> <span class='ocrx_word' id='word_1_63' title='bbox 1993 1105 2271 1157; x_wconf 84' lang='lat' dir='ltr'><strong>evertendi</strong></span> 
     </span>
    </p>
   </div>
   <div class='ocr_carea' id='block_1_12' title="bbox 696 1196 2273 1266">
    <p class='ocr_par' dir='ltr' id='par_1_12' title="bbox 696 1196 2273 1266">
     <span class='ocr_line' id='line_1_12' title="bbox 696 1196 2273 1266; baseline 0 -15"><span class='ocrx_word' id='word_1_64' title='bbox 696 1199 891 1262; x_wconf 70' lang='lat' dir='ltr'><strong>altare,</strong></span> <span class='ocrx_word' id='word_1_65' title='bbox 937 1200 1082 1266; x_wconf 92' lang='lat' dir='ltr'><strong>quod</strong></span> <span class='ocrx_word' id='word_1_66' title='bbox 1126 1196 1360 1251; x_wconf 85' lang='lat' dir='ltr'><strong>Leucius</strong></span> <span class='ocrx_word' id='word_1_67' title='bbox 1409 1199 1699 1251; x_wconf 66' lang='lat' dir='ltr'><strong>haereticus</strong></span> <span class='ocrx_word' id='word_1_68' title='bbox 1738 1197 2036 1251; x_wconf 70' lang='lat' dir='ltr'><strong>aediﬁcarat</strong></span> <span class='ocrx_word' id='word_1_69' title='bbox 2066 1213 2080 1249; x_wconf 89' lang='lat'><strong>:</strong></span> <span class='ocrx_word' id='word_1_70' title='bbox 2115 1197 2273 1266; x_wconf 87' lang='lat' dir='ltr'><strong>cujus</strong></span> 
     </span>
    </p>
   </div>
   <div class='ocr_carea' id='block_1_13' title="bbox 695 1289 2271 1361">
    <p class='ocr_par' dir='ltr' id='par_1_13' title="bbox 695 1289 2271 1361">
     <span class='ocr_line' id='line_1_13' title="bbox 695 1289 2271 1361; baseline -0.001 -17"><span class='ocrx_word' id='word_1_71' title='bbox 695 1305 914 1361; x_wconf 88' lang='lat' dir='ltr'><strong>quoque</strong></span> <span class='ocrx_word' id='word_1_72' title='bbox 958 1289 1147 1343; x_wconf 90' lang='lat' dir='ltr'><strong>tuendi</strong></span> <span class='ocrx_word' id='word_1_73' title='bbox 1194 1305 1365 1359; x_wconf 55' lang='lat' dir='ltr'><strong>ergo,</strong></span> <span class='ocrx_word' id='word_1_74' title='bbox 1395 1290 1681 1359; x_wconf 80' lang='lat' dir='ltr'><strong>ipsiusque</strong></span> <span class='ocrx_word' id='word_1_75' title='bbox 1740 1291 1923 1356; x_wconf 88' lang='lat' dir='ltr'><strong>templi</strong></span> <span class='ocrx_word' id='word_1_76' title='bbox 1970 1289 2271 1344; x_wconf 63' lang='lat' dir='ltr'><strong>aediﬁcandi</strong></span> 
     </span>
    </p>
   </div>
   <div class='ocr_carea' id='block_1_14' title="bbox 697 1381 2271 1450">
    <p class='ocr_par' dir='ltr' id='par_1_14' title="bbox 697 1381 2271 1450">
     <span class='ocr_line' id='line_1_14' title="bbox 697 1381 2271 1450; baseline 0.001 -17"><span class='ocrx_word' id='word_1_77' title='bbox 697 1396 862 1434; x_wconf 87' lang='lat' dir='ltr'><strong>causa</strong></span> <span class='ocrx_word' id='word_1_78' title='bbox 908 1381 1173 1450; x_wconf 81' lang='lat' dir='ltr'><strong>Angelum</strong></span> <span class='ocrx_word' id='word_1_79' title='bbox 1220 1390 1273 1434; x_wconf 88' lang='lat' dir='ltr'><strong>et</strong></span> <span class='ocrx_word' id='word_1_80' title='bbox 1330 1381 1653 1436; x_wconf 85' lang='lat' dir='ltr'><strong>Palumbum</strong></span> <span class='ocrx_word' id='word_1_81' title='bbox 1702 1382 1962 1436; x_wconf 84' lang='lat' dir='ltr'><strong>diaconos</strong></span> <span class='ocrx_word' id='word_1_82' title='bbox 2006 1383 2271 1449; x_wconf 87' lang='lat' dir='ltr'><strong>quosdam</strong></span> 
     </span>
    </p>
   </div>
   <div class='ocr_carea' id='block_1_15' title="bbox 698 1472 2271 1542">
    <p class='ocr_par' dir='ltr' id='par_1_15' title="bbox 698 1472 2271 1542">
     <span class='ocr_line' id='line_1_15' title="bbox 698 1472 2271 1542; baseline 0.001 -17"><span class='ocrx_word' id='word_1_83' title='bbox 698 1472 819 1541; x_wconf 83' lang='lat' dir='ltr'><strong>pios</strong></span> <span class='ocrx_word' id='word_1_84' title='bbox 860 1487 985 1527; x_wconf 94' lang='lat' dir='ltr'><strong>cum</strong></span> <span class='ocrx_word' id='word_1_85' title='bbox 1035 1488 1101 1526; x_wconf 92' lang='lat' dir='ltr'><strong>eo</strong></span> <span class='ocrx_word' id='word_1_86' title='bbox 1134 1473 1301 1527; x_wconf 90' lang='lat' dir='ltr'><strong>misit.</strong></span> <span class='ocrx_word' id='word_1_87' title='bbox 1333 1473 1475 1527; x_wconf 85' lang='lat' dir='ltr'><strong>Urbe</strong></span> <span class='ocrx_word' id='word_1_88' title='bbox 1508 1474 1673 1542; x_wconf 82' lang='lat' dir='ltr'><strong>igitur</strong></span> <span class='ocrx_word' id='word_1_89' title='bbox 1718 1475 1905 1528; x_wconf 88' lang='lat' dir='ltr'><strong>relicta</strong></span> <span class='ocrx_word' id='word_1_90' title='bbox 1946 1474 1997 1526; x_wconf 93' lang='lat' dir='ltr'><strong>in</strong></span> <span class='ocrx_word' id='word_1_91' title='bbox 2030 1473 2271 1527; x_wconf 82' lang='lat' dir='ltr'><strong>Siciliam</strong></span> 
     </span>
    </p>
   </div>
   <div class='ocr_carea' id='block_1_16' title="bbox 699 1550 2273 1634">
    <p class='ocr_par' dir='ltr' id='par_1_16' title="bbox 699 1550 2273 1634">
     <span class='ocr_line' id='line_1_16' title="bbox 699 1550 2273 1634; baseline 0.001 -15"><span class='ocrx_word' id='word_1_92' title='bbox 699 1550 957 1633; x_wconf 76' lang='lat' dir='ltr'><strong>appulsi,</strong></span> <span class='ocrx_word' id='word_1_93' title='bbox 1016 1565 1369 1633; x_wconf 75' lang='lat' dir='ltr'><strong>Agrigentum</strong></span> <span class='ocrx_word' id='word_1_94' title='bbox 1422 1566 1599 1633; x_wconf 91' lang='lat' dir='ltr'><strong>ipsum</strong></span> <span class='ocrx_word' id='word_1_95' title='bbox 1648 1576 2015 1634; x_wconf 88' lang='lat' dir='ltr'><strong>pervenerunt</strong></span> <span class='ocrx_word' id='word_1_96' title='bbox 2050 1581 2101 1618; x_wconf 84' lang='grc' dir='ltr'><strong>ιν</strong></span> <span class='ocrx_word' id='word_1_97' title='bbox 2148 1565 2273 1620; x_wconf 85' lang='lat' dir='ltr'><strong>ldus</strong></span> 
     </span>
    </p>
   </div>
   <div class='ocr_carea' id='block_1_17' title="bbox 700 1653 2276 1726">
    <p class='ocr_par' dir='ltr' id='par_1_17' title="bbox 700 1653 2276 1726">
     <span class='ocr_line' id='line_1_17' title="bbox 700 1653 2276 1726; baseline 0.002 -19"><span class='ocrx_word' id='word_1_98' title='bbox 700 1653 1047 1721; x_wconf 75' lang='lat' dir='ltr'><strong>Septembres</strong></span> <span class='ocrx_word' id='word_1_99' title='bbox 1084 1654 1215 1723; x_wconf 83' lang='lat' dir='ltr'><strong>(l5).</strong></span> <span class='ocrx_word' id='word_1_100' title='bbox 1261 1654 1446 1709; x_wconf 87' lang='lat' dir='ltr'><strong>Voluit</strong></span> <span class='ocrx_word' id='word_1_101' title='bbox 1491 1666 1673 1709; x_wconf 87' lang='lat' dir='ltr'><strong>autem</strong></span> <span class='ocrx_word' id='word_1_102' title='bbox 1720 1655 1885 1719; x_wconf 79' lang='lat' dir='ltr'><strong>Deus,</strong></span> <span class='ocrx_word' id='word_1_103' title='bbox 1917 1657 2012 1726; x_wconf 86' lang='lat' dir='ltr'><strong>qui</strong></span> <span class='ocrx_word' id='word_1_104' title='bbox 2060 1672 2276 1725; x_wconf 82' lang='lat' dir='ltr'><strong>semper</strong></span> 
     </span>
    </p>
   </div>
   <div class='ocr_carea' id='block_1_18' title="bbox 697 1742 2275 1818">
    <p class='ocr_par' dir='ltr' id='par_1_18' title="bbox 697 1742 2275 1818">
     <span class='ocr_line' id='line_1_18' title="bbox 697 1742 2275 1818; baseline 0.003 -19"><span class='ocrx_word' id='word_1_105' title='bbox 697 1744 840 1799; x_wconf 89' lang='lat' dir='ltr'><strong>beati</strong></span> <span class='ocrx_word' id='word_1_106' title='bbox 875 1745 975 1797; x_wconf 90' lang='lat' dir='ltr'><strong>viri</strong></span> <span class='ocrx_word' id='word_1_107' title='bbox 1012 1744 1177 1800; x_wconf 84' lang='lat' dir='ltr'><strong>rebus</strong></span> <span class='ocrx_word' id='word_1_108' title='bbox 1211 1742 1601 1815; x_wconf 75' lang='lat' dir='ltr'><strong>proSpiciebat,</strong></span> <span class='ocrx_word' id='word_1_109' title='bbox 1642 1749 1696 1802; x_wconf 91' lang='lat' dir='ltr'><strong>in</strong></span> <span class='ocrx_word' id='word_1_110' title='bbox 1724 1746 1947 1802; x_wconf 81' lang='lat' dir='ltr'><strong>ﬂuvium</strong></span> <span class='ocrx_word' id='word_1_111' title='bbox 1983 1765 2080 1804; x_wconf 90' lang='lat' dir='ltr'><strong>eos</strong></span> <span class='ocrx_word' id='word_1_112' title='bbox 2111 1763 2275 1818; x_wconf 85' lang='lat' dir='ltr'><strong>atque</strong></span> 
     </span>
    </p>
   </div>
   <div class='ocr_carea' id='block_1_19' title="bbox 699 1836 2270 1908">
    <p class='ocr_par' dir='ltr' id='par_1_19' title="bbox 699 1836 2270 1908">
     <span class='ocr_line' id='line_1_19' title="bbox 699 1836 2270 1908; baseline 0.001 -18"><span class='ocrx_word' id='word_1_113' title='bbox 699 1837 754 1890; x_wconf 92' lang='lat' dir='ltr'><strong>in</strong></span> <span class='ocrx_word' id='word_1_114' title='bbox 780 1836 1130 1901; x_wconf 87' lang='lat' dir='ltr'><strong>suburbium,</strong></span> <span class='ocrx_word' id='word_1_115' title='bbox 1174 1838 1320 1906; x_wconf 89' lang='lat' dir='ltr'><strong>quod</strong></span> <span class='ocrx_word' id='word_1_116' title='bbox 1354 1838 1671 1906; x_wconf 88' lang='lat' dir='ltr'><strong>Emporium</strong></span> <span class='ocrx_word' id='word_1_117' title='bbox 1708 1840 1895 1893; x_wconf 88' lang='lat' dir='ltr'><strong>dicunt</strong></span> <span class='ocrx_word' id='word_1_118' title='bbox 1926 1839 2061 1908; x_wconf 72' lang='lat'><strong>(16),</strong></span> <span class='ocrx_word' id='word_1_119' title='bbox 2091 1841 2270 1898; x_wconf 83' lang='lat' dir='ltr'><strong>invehi</strong></span> 
     </span>
    </p>
   </div>
   <div class='ocr_carea' id='block_1_20' title="bbox 699 1926 2276 1997">
    <p class='ocr_par' dir='ltr' id='par_1_20' title="bbox 699 1926 2276 1997">
     <span class='ocr_line' id='line_1_20' title="bbox 699 1926 2276 1997; baseline 0.003 -17"><span class='ocrx_word' id='word_1_120' title='bbox 699 1928 835 1981; x_wconf 85' lang='lat' dir='ltr'><strong>hora</strong></span> <span class='ocrx_word' id='word_1_121' title='bbox 871 1926 977 1980; x_wconf 86' lang='lat' dir='ltr'><strong>diei</strong></span> <span class='ocrx_word' id='word_1_122' title='bbox 1009 1929 1167 1981; x_wconf 77' lang='lat' dir='ltr'><strong>tertia</strong></span> <span class='ocrx_word' id='word_1_123' title='bbox 1196 1948 1208 1981; x_wconf 92' lang='lat'>:</span> <span class='ocrx_word' id='word_1_124' title='bbox 1242 1930 1332 1997; x_wconf 91' lang='lat' dir='ltr'><strong>qui</strong></span> <span class='ocrx_word' id='word_1_125' title='bbox 1358 1928 1478 1983; x_wconf 90' lang='lat' dir='ltr'><strong>dies</strong></span> <span class='ocrx_word' id='word_1_126' title='bbox 1511 1929 1807 1983; x_wconf 86' lang='lat' dir='ltr'><strong>Sabbatum</strong></span> <span class='ocrx_word' id='word_1_127' title='bbox 1849 1940 1987 1985; x_wconf 82' lang='lat' dir='ltr'><strong>erat.</strong></span> <span class='ocrx_word' id='word_1_128' title='bbox 2020 1929 2183 1985; x_wconf 88' lang='lat' dir='ltr'><strong>Forte</strong></span> <span class='ocrx_word' id='word_1_129' title='bbox 2210 1946 2276 1985; x_wconf 84' lang='lat' dir='ltr'><strong>eo</strong></span> 
     </span>
    </p>
   </div>
   <div class='ocr_carea' id='block_1_21' title="bbox 695 2023 2275 2094">
    <p class='ocr_par' dir='ltr' id='par_1_21' title="bbox 695 2023 2275 2094">
     <span class='ocr_line' id='line_1_21' title="bbox 695 2023 2275 2094; baseline 0.001 -17"><span class='ocrx_word' id='word_1_130' title='bbox 695 2032 924 2078; x_wconf 82' lang='lat' dir='ltr'><strong>venerat</strong></span> <span class='ocrx_word' id='word_1_131' title='bbox 958 2023 1381 2077; x_wconf 76' lang='lat' dir='ltr'><strong>archidiaconus</strong></span> <span class='ocrx_word' id='word_1_132' title='bbox 1424 2024 1630 2094; x_wconf 75' lang='lat' dir='ltr'><strong>negotii</strong></span> <span class='ocrx_word' id='word_1_133' title='bbox 1670 2024 1857 2079; x_wconf 84' lang='lat' dir='ltr'><strong>nescio</strong></span> <span class='ocrx_word' id='word_1_134' title='bbox 1897 2025 2056 2093; x_wconf 78' lang='lat' dir='ltr'><strong>cuius</strong></span> <span class='ocrx_word' id='word_1_135' title='bbox 2087 2040 2275 2087; x_wconf 85' lang='lat' dir='ltr'><strong>causa,</strong></span> 
     </span>
    </p>
   </div>
   <div class='ocr_carea' id='block_1_22' title="bbox 697 2116 2279 2190">
    <p class='ocr_par' dir='ltr' id='par_1_22' title="bbox 697 2116 2279 2190">
     <span class='ocr_line' id='line_1_22' title="bbox 697 2116 2279 2190; baseline 0.001 -19"><span class='ocrx_word' id='word_1_136' title='bbox 697 2125 753 2172; x_wconf 89' lang='lat' dir='ltr'><strong>et</strong></span> <span class='ocrx_word' id='word_1_137' title='bbox 780 2118 833 2183; x_wconf 81' lang='lat' dir='ltr'><strong>in</strong></span> <span class='ocrx_word' id='word_1_138' title='bbox 869 2118 1210 2171; x_wconf 83' lang='lat' dir='ltr'><strong>monasterio</strong></span> <span class='ocrx_word' id='word_1_139' title='bbox 1234 2118 1485 2189; x_wconf 75' lang='lat' dir='ltr'><strong>degebat.</strong></span> <span class='ocrx_word' id='word_1_140' title='bbox 1512 2116 1613 2174; x_wconf 86' lang='lat' dir='ltr'><strong>Hic</strong></span> <span class='ocrx_word' id='word_1_141' title='bbox 1640 2134 1764 2173; x_wconf 89' lang='lat' dir='ltr'><strong>cum</strong></span> <span class='ocrx_word' id='word_1_142' title='bbox 1807 2120 2079 2190; x_wconf 86' lang='lat' dir='ltr'><strong>navigium</strong></span> <span class='ocrx_word' id='word_1_143' title='bbox 2110 2119 2279 2173; x_wconf 82' lang='lat' dir='ltr'><strong>oll&#39;en-</strong></span> 
     </span>
    </p>
   </div>
   <div class='ocr_carea' id='block_1_23' title="bbox 699 2207 2278 2278">
    <p class='ocr_par' dir='ltr' id='par_1_23' title="bbox 699 2207 2278 2278">
     <span class='ocr_line' id='line_1_23' title="bbox 699 2207 2278 2278; baseline 0.002 -18"><span class='ocrx_word' id='word_1_144' title='bbox 699 2208 872 2262; x_wconf 82' lang='lat' dir='ltr'><strong>disset</strong></span> <span class='ocrx_word' id='word_1_145' title='bbox 939 2207 993 2261; x_wconf 92' lang='lat' dir='ltr'><strong>in</strong></span> <span class='ocrx_word' id='word_1_146' title='bbox 1062 2208 1283 2261; x_wconf 82' lang='lat' dir='ltr'><strong>ﬂuvium</strong></span> <span class='ocrx_word' id='word_1_147' title='bbox 1350 2209 1697 2278; x_wconf 79' lang='lat' dir='ltr'><strong>ingrediens,</strong></span> <span class='ocrx_word' id='word_1_148' title='bbox 1758 2209 1975 2263; x_wconf 89' lang='lat' dir='ltr'><strong>obviam</strong></span> <span class='ocrx_word' id='word_1_149' title='bbox 2026 2212 2278 2264; x_wconf 86' lang='lat' dir='ltr'><strong>celeriter</strong></span> 
     </span>
    </p>
   </div>
   <div class='ocr_carea' id='block_1_24' title="bbox 699 2295 2275 2370">
    <p class='ocr_par' dir='ltr' id='par_1_24' title="bbox 699 2295 2275 2370">
     <span class='ocr_line' id='line_1_24' title="bbox 699 2295 2275 2370; baseline 0.001 -18"><span class='ocrx_word' id='word_1_150' title='bbox 699 2313 1025 2370; x_wconf 87' lang='lat' dir='ltr'><strong>progressus</strong></span> <span class='ocrx_word' id='word_1_151' title='bbox 1079 2307 1193 2361; x_wconf 85' lang='lat' dir='ltr'><strong>est,</strong></span> <span class='ocrx_word' id='word_1_152' title='bbox 1246 2308 1306 2353; x_wconf 90' lang='lat' dir='ltr'><strong>ut</strong></span> <span class='ocrx_word' id='word_1_153' title='bbox 1353 2309 1549 2353; x_wconf 85' lang='lat' dir='ltr'><strong>nautas</strong></span> <span class='ocrx_word' id='word_1_154' title='bbox 1597 2300 1972 2369; x_wconf 87' lang='lat' dir='ltr'><strong>interrogaret.</strong></span> <span class='ocrx_word' id='word_1_155' title='bbox 2031 2295 2135 2354; x_wconf 89' lang='lat' dir='ltr'><strong>Sed</strong></span> <span class='ocrx_word' id='word_1_156' title='bbox 2185 2300 2275 2354; x_wconf 89' lang='lat' dir='ltr'><strong>ubi</strong></span> 
     </span>
    </p>
   </div>
   <div class='ocr_carea' id='block_1_25' title="bbox 700 2387 2274 2459">
    <p class='ocr_par' dir='ltr' id='par_1_25' title="bbox 700 2387 2274 2459">
     <span class='ocr_line' id='line_1_25' title="bbox 700 2387 2274 2459; baseline 0.001 -18"><span class='ocrx_word' id='word_1_157' title='bbox 700 2389 926 2459; x_wconf 81' lang='lat' dir='ltr'><strong>propior</strong></span> <span class='ocrx_word' id='word_1_158' title='bbox 968 2387 1112 2453; x_wconf 81' lang='lat' dir='ltr'><strong>fuit,</strong></span> <span class='ocrx_word' id='word_1_159' title='bbox 1155 2387 1305 2442; x_wconf 88' lang='lat' dir='ltr'><strong>videt</strong></span> <span class='ocrx_word' id='word_1_160' title='bbox 1353 2389 1644 2443; x_wconf 88' lang='lat' dir='ltr'><strong>diaconum</strong></span> <span class='ocrx_word' id='word_1_161' title='bbox 1691 2387 2027 2444; x_wconf 82' lang='lat' dir='ltr'><strong>Platonicum</strong></span> <span class='ocrx_word' id='word_1_162' title='bbox 2076 2405 2274 2458; x_wconf 89' lang='lat' dir='ltr'><strong>aquam</strong></span> 
     </span>
    </p>
   </div>
   <div class='ocr_carea' id='block_1_26' title="bbox 701 2467 2276 2546">
    <p class='ocr_par' dir='ltr' id='par_1_26' title="bbox 701 2467 2276 2546">
     <span class='ocr_line' id='line_1_26' title="bbox 701 2467 2276 2546; baseline 0.001 -15"><span class='ocrx_word' id='word_1_163' title='bbox 701 2478 844 2531; x_wconf 85' lang='lat' dir='ltr'><strong>beati</strong></span> <span class='ocrx_word' id='word_1_164' title='bbox 901 2478 1002 2530; x_wconf 91' lang='lat' dir='ltr'><strong>viri</strong></span> <span class='ocrx_word' id='word_1_165' title='bbox 1059 2478 1313 2531; x_wconf 84' lang='lat' dir='ltr'><strong>manibus</strong></span> <span class='ocrx_word' id='word_1_166' title='bbox 1359 2467 1737 2533; x_wconf 82' lang='lat' dir='ltr'><strong>inlundentem</strong></span> <span class='ocrx_word' id='word_1_167' title='bbox 1791 2488 1848 2532; x_wconf 91' lang='lat' dir='ltr'><strong>ut</strong></span> <span class='ocrx_word' id='word_1_168' title='bbox 1895 2479 2100 2533; x_wconf 86' lang='lat' dir='ltr'><strong>lavaret</strong></span> <span class='ocrx_word' id='word_1_169' title='bbox 2136 2498 2148 2534; x_wconf 75' lang='grc' dir='ltr'>ε</span> <span class='ocrx_word' id='word_1_170' title='bbox 2182 2481 2276 2546; x_wconf 87' lang='lat' dir='ltr'><strong>qui</strong></span> 
     </span>
    </p>
   </div>
   <div class='ocr_carea' id='block_1_27' title="bbox 700 2570 2279 2640">
    <p class='ocr_par' dir='ltr' id='par_1_27' title="bbox 700 2570 2279 2640">
     <span class='ocr_line' id='line_1_27' title="bbox 700 2570 2279 2640; baseline 0.002 -17"><span class='ocrx_word' id='word_1_171' title='bbox 700 2570 956 2638; x_wconf 70' lang='lat' dir='ltr'><strong>deinceps</strong></span> <span class='ocrx_word' id='word_1_172' title='bbox 1006 2584 1037 2625; x_wconf 81' lang='grc' dir='ltr'><strong>ο</strong></span> <span class='ocrx_word' id='word_1_173' title='bbox 1089 2570 1212 2624; x_wconf 81' lang='lat' dir='ltr'><strong>navi</strong></span> <span class='ocrx_word' id='word_1_174' title='bbox 1262 2570 1318 2623; x_wconf 90' lang='lat' dir='ltr'><strong>in</strong></span> <span class='ocrx_word' id='word_1_175' title='bbox 1367 2571 1543 2640; x_wconf 86' lang='lat' dir='ltr'><strong>ripam</strong></span> <span class='ocrx_word' id='word_1_176' title='bbox 1594 2586 1720 2626; x_wconf 89' lang='lat' dir='ltr'><strong>cum</strong></span> <span class='ocrx_word' id='word_1_177' title='bbox 1768 2571 1981 2626; x_wconf 75' lang='lat' dir='ltr'><strong>caeteris</strong></span> <span class='ocrx_word' id='word_1_178' title='bbox 2025 2572 2279 2626; x_wconf 86' lang='lat' dir='ltr'><strong>omnibus</strong></span> 
     </span>
    </p>
   </div>
   <div class='ocr_carea' id='block_1_28' title="bbox 700 2661 1000 2716">
    <p class='ocr_par' dir='ltr' id='par_1_28' title="bbox 700 2661 1000 2716">
     <span class='ocr_line' id='line_1_28' title="bbox 700 2661 1000 2716; baseline 0.003 -1"><span class='ocrx_word' id='word_1_179' title='bbox 700 2661 1000 2716; x_wconf 89' lang='lat' dir='ltr'><strong>descendit.</strong></span> 
     </span>
    </p>
   </div>
   <div class='ocr_carea' id='block_1_29' title="bbox 772 2922 2276 2988">
    <p class='ocr_par' dir='ltr' id='par_1_29' title="bbox 772 2922 2276 2988">
     <span class='ocr_line' id='line_1_29' title="bbox 772 2922 2276 2988; baseline 0.001 -9"><span class='ocrx_word' id='word_1_180' title='bbox 772 2922 888 2981; x_wconf 84' lang='lat' dir='ltr'><strong>XC.</strong></span> <span class='ocrx_word' id='word_1_181' title='bbox 946 2924 1199 2979; x_wconf 80' lang='lat' dir='ltr'><strong>Accurrit</strong></span> <span class='ocrx_word' id='word_1_182' title='bbox 1248 2939 1376 2979; x_wconf 90' lang='lat' dir='ltr'><strong>vero</strong></span> <span class='ocrx_word' id='word_1_183' title='bbox 1429 2924 1889 2988; x_wconf 87' lang='lat' dir='ltr'><strong>archidiaconus,</strong></span> <span class='ocrx_word' id='word_1_184' title='bbox 1935 2935 1988 2980; x_wconf 92' lang='lat' dir='ltr'><strong>et</strong></span> <span class='ocrx_word' id='word_1_185' title='bbox 2027 2927 2164 2981; x_wconf 83' lang='lat' dir='ltr'><strong>ﬂens</strong></span> <span class='ocrx_word' id='word_1_186' title='bbox 2211 2927 2276 2980; x_wconf 86' lang='lat' dir='ltr'><strong>ad</strong></span> 
     </span>
    </p>
   </div>
   <div class='ocr_carea' id='block_1_30' title="bbox 703 3017 2277 3088">
    <p class='ocr_par' dir='ltr' id='par_1_30' title="bbox 703 3017 2277 3088">
     <span class='ocr_line' id='line_1_30' title="bbox 703 3017 2277 3088; baseline 0.003 -19"><span class='ocrx_word' id='word_1_187' title='bbox 703 3018 826 3088; x_wconf 72' lang='lat' dir='ltr'><strong>ejus</strong></span> <span class='ocrx_word' id='word_1_188' title='bbox 865 3019 1029 3087; x_wconf 84' lang='lat' dir='ltr'><strong>pedes</strong></span> <span class='ocrx_word' id='word_1_189' title='bbox 1073 3017 1408 3086; x_wconf 90' lang='lat' dir='ltr'><strong>procubuit,</strong></span> <span class='ocrx_word' id='word_1_190' title='bbox 1463 3018 1690 3087; x_wconf 89' lang='lat' dir='ltr'><strong>pulchre</strong></span> <span class='ocrx_word' id='word_1_191' title='bbox 1742 3021 2027 3075; x_wconf 87' lang='lat' dir='ltr'><strong>advenisse</strong></span> <span class='ocrx_word' id='word_1_192' title='bbox 2073 3021 2277 3075; x_wconf 91' lang='lat' dir='ltr'><strong>bonum</strong></span> 
     </span>
    </p>
   </div>
   <div class='ocr_carea' id='block_1_31' title="bbox 708 3108 2277 3181">
    <p class='ocr_par' dir='ltr' id='par_1_31' title="bbox 708 3108 2277 3181">
     <span class='ocr_line' id='line_1_31' title="bbox 708 3108 2277 3181; baseline 0.001 -18"><span class='ocrx_word' id='word_1_193' title='bbox 708 3108 845 3180; x_wconf 79' lang='lat' dir='ltr'><strong>[CVI]</strong></span> <span class='ocrx_word' id='word_1_194' title='bbox 871 3120 1169 3178; x_wconf 85' lang='lat' dir='ltr'><strong>pastorem,</strong></span> <span class='ocrx_word' id='word_1_195' title='bbox 1205 3110 1479 3179; x_wconf 87' lang='lat' dir='ltr'><strong>inquiens,</strong></span> <span class='ocrx_word' id='word_1_196' title='bbox 1509 3110 1602 3181; x_wconf 90' lang='lat' dir='ltr'><strong>qui</strong></span> <span class='ocrx_word' id='word_1_197' title='bbox 1638 3126 1739 3179; x_wconf 90' lang='lat' dir='ltr'><strong>pro</strong></span> <span class='ocrx_word' id='word_1_198' title='bbox 1766 3126 1926 3181; x_wconf 82' lang='lat' dir='ltr'><strong>grege</strong></span> <span class='ocrx_word' id='word_1_199' title='bbox 1967 3127 2071 3166; x_wconf 87' lang='lat' dir='ltr'><strong>suo</strong></span> <span class='ocrx_word' id='word_1_200' title='bbox 2111 3114 2277 3166; x_wconf 80' lang='lat' dir='ltr'><strong>multa</strong></span> 
     </span>
    </p>
   </div>
   <div class='ocr_carea' id='block_1_32' title="bbox 707 3198 2349 3280">
    <p class='ocr_par' dir='ltr' id='par_1_32' title="bbox 707 3198 2349 3280">
     <span class='ocr_line' id='line_1_32' title="bbox 707 3198 2349 3280; baseline 0.003 -28"><span class='ocrx_word' id='word_1_201' title='bbox 707 3216 902 3268; x_wconf 82' lang='lat' dir='ltr'><strong>passus</strong></span> <span class='ocrx_word' id='word_1_202' title='bbox 941 3210 1110 3254; x_wconf 84' lang='lat' dir='ltr'><strong>esset.</strong></span> <span class='ocrx_word' id='word_1_203' title='bbox 1146 3198 1314 3264; x_wconf 79' lang='lat' dir='ltr'><strong>Quem</strong></span> <span class='ocrx_word' id='word_1_204' title='bbox 1351 3201 1440 3255; x_wconf 90' lang='lat' dir='ltr'><strong>ille</strong></span> <span class='ocrx_word' id='word_1_205' title='bbox 1471 3202 1885 3270; x_wconf 79' lang='lat' dir='ltr'><strong>apprehendens</strong></span> <span class='ocrx_word' id='word_1_206' title='bbox 1917 3204 2200 3264; x_wconf 80' lang='lat' dir='ltr'><strong>excitavit,</strong></span> <span class='ocrx_word' id='word_1_207' title='bbox 2228 3212 2281 3257; x_wconf 91' lang='lat' dir='ltr'><strong>et</strong></span> <span class='ocrx_word' id='word_1_208' title='bbox 2306 3221 2349 3280; x_wconf 67' lang='grc' dir='ltr'><em>ε</em></span> 
     </span>
    </p>
   </div>
   <div class='ocr_carea' id='block_1_33' title="bbox 706 3288 2277 3360">
    <p class='ocr_par' dir='ltr' id='par_1_33' title="bbox 706 3288 2277 3360">
     <span class='ocr_line' id='line_1_33' title="bbox 706 3288 2277 3360; baseline 0.004 -20"><span class='ocrx_word' id='word_1_209' title='bbox 706 3288 773 3341; x_wconf 85' lang='lat' dir='ltr'><strong>de</strong></span> <span class='ocrx_word' id='word_1_210' title='bbox 804 3288 956 3341; x_wconf 84' lang='lat' dir='ltr'><strong>urbis</strong></span> <span class='ocrx_word' id='word_1_211' title='bbox 994 3289 1389 3357; x_wconf 85' lang='lat' dir='ltr'><strong>tranquillitate</strong></span> <span class='ocrx_word' id='word_1_212' title='bbox 1414 3290 1788 3360; x_wconf 79' lang='lat' dir='ltr'><strong>interrogavit,</strong></span> <span class='ocrx_word' id='word_1_213' title='bbox 1830 3291 1898 3346; x_wconf 88' lang='lat' dir='ltr'><strong>de</strong></span> <span class='ocrx_word' id='word_1_214' title='bbox 1923 3292 2179 3353; x_wconf 83' lang='lat' dir='ltr'><strong>tribunis.</strong></span> <span class='ocrx_word' id='word_1_215' title='bbox 2211 3291 2277 3346; x_wconf 89' lang='lat' dir='ltr'><strong>de</strong></span> 
     </span>
    </p>
   </div>
   <div class='ocr_carea' id='block_1_34' title="bbox 706 3379 2277 3451">
    <p class='ocr_par' dir='ltr' id='par_1_34' title="bbox 706 3379 2277 3451">
     <span class='ocr_line' id='line_1_34' title="bbox 706 3379 2277 3451; baseline 0.005 -22"><span class='ocrx_word' id='word_1_216' title='bbox 706 3380 931 3449; x_wconf 87' lang='lat' dir='ltr'><strong>populo.</strong></span> <span class='ocrx_word' id='word_1_217' title='bbox 976 3379 1214 3448; x_wconf 87' lang='lat' dir='ltr'><strong>denique</strong></span> <span class='ocrx_word' id='word_1_218' title='bbox 1260 3380 1328 3434; x_wconf 90' lang='lat' dir='ltr'><strong>de</strong></span> <span class='ocrx_word' id='word_1_219' title='bbox 1362 3381 1677 3448; x_wconf 88' lang='lat' dir='ltr'><strong>parentibus</strong></span> <span class='ocrx_word' id='word_1_220' title='bbox 1721 3397 1943 3451; x_wconf 83' lang='lat' dir='ltr'><strong>quoque</strong></span> <span class='ocrx_word' id='word_1_221' title='bbox 1992 3384 2128 3437; x_wconf 89' lang='lat' dir='ltr'><strong>suis.</strong></span> <span class='ocrx_word' id='word_1_222' title='bbox 2172 3385 2277 3437; x_wconf 86' lang='lat' dir='ltr'><strong>Ar-</strong></span> 
     </span>
    </p>
   </div>
   <div class='ocr_carea' id='block_1_35' title="bbox 706 3471 2278 3545">
    <p class='ocr_par' dir='ltr' id='par_1_35' title="bbox 706 3471 2278 3545">
     <span class='ocr_line' id='line_1_35' title="bbox 706 3471 2278 3545; baseline 0.007 -22"><span class='ocrx_word' id='word_1_223' title='bbox 706 3471 1021 3524; x_wconf 71' lang='lat' dir='ltr'><strong>thidiaconi</strong></span> <span class='ocrx_word' id='word_1_224' title='bbox 1067 3483 1247 3525; x_wconf 91' lang='lat' dir='ltr'><strong>autem</strong></span> <span class='ocrx_word' id='word_1_225' title='bbox 1288 3488 1612 3541; x_wconf 84' lang='lat' dir='ltr'><strong>responsum</strong></span> <span class='ocrx_word' id='word_1_226' title='bbox 1652 3473 1774 3539; x_wconf 78' lang='lat' dir='ltr'><strong>iuit,</strong></span> <span class='ocrx_word' id='word_1_227' title='bbox 1818 3476 1987 3529; x_wconf 91' lang='lat' dir='ltr'><strong>Deum</strong></span> <span class='ocrx_word' id='word_1_228' title='bbox 2025 3478 2278 3545; x_wconf 89' lang='lat' dir='ltr'><strong>precibus</strong></span> 
     </span>
    </p>
   </div>
   <div class='ocr_carea' id='block_1_36' title="bbox 705 3562 2276 3636">
    <p class='ocr_par' dir='ltr' id='par_1_36' title="bbox 705 3562 2276 3636">
     <span class='ocr_line' id='line_1_36' title="bbox 705 3562 2276 3636; baseline 0.003 -23"><span class='ocrx_word' id='word_1_229' title='bbox 705 3562 827 3629; x_wconf 78' lang='lat' dir='ltr'><strong>eius</strong></span> <span class='ocrx_word' id='word_1_230' title='bbox 863 3562 1134 3631; x_wconf 85' lang='lat' dir='ltr'><strong>placatum</strong></span> <span class='ocrx_word' id='word_1_231' title='bbox 1180 3576 1368 3630; x_wconf 82' lang='lat' dir='ltr'><strong>pacem</strong></span> <span class='ocrx_word' id='word_1_232' title='bbox 1412 3564 1670 3618; x_wconf 90' lang='lat' dir='ltr'><strong>omnibus</strong></span> <span class='ocrx_word' id='word_1_233' title='bbox 1718 3565 1965 3618; x_wconf 82' lang='lat' dir='ltr'><strong>stabilem</strong></span> <span class='ocrx_word' id='word_1_234' title='bbox 2018 3566 2276 3636; x_wconf 87' lang='lat' dir='ltr'><strong>largitum</strong></span> 
     </span>
    </p>
   </div>
   <div class='ocr_carea' id='block_1_37' title="bbox 704 3647 2277 3722">
    <p class='ocr_par' dir='ltr' id='par_1_37' title="bbox 704 3647 2277 3722">
     <span class='ocr_line' id='line_1_37' title="bbox 704 3647 2277 3722; baseline 0.002 -22"><span class='ocrx_word' id='word_1_235' title='bbox 704 3663 849 3701; x_wconf 88' lang='lat' dir='ltr'><strong>esse.</strong></span> <span class='ocrx_word' id='word_1_236' title='bbox 881 3647 1019 3701; x_wconf 86' lang='lat' dir='ltr'><strong>Tum</strong></span> <span class='ocrx_word' id='word_1_237' title='bbox 1054 3648 1353 3717; x_wconf 85' lang='lat' dir='ltr'><strong>Gregorius</strong></span> <span class='ocrx_word' id='word_1_238' title='bbox 1384 3668 1395 3702; x_wconf 92' lang='lat'>:</span> <span class='ocrx_word' id='word_1_239' title='bbox 1433 3648 1599 3714; x_wconf 80' lang='lat' dir='ltr'><strong>Vade,</strong></span> <span class='ocrx_word' id='word_1_240' title='bbox 1652 3651 1849 3722; x_wconf 76' lang='lat' dir='ltr'><strong>inquit,</strong></span> <span class='ocrx_word' id='word_1_241' title='bbox 1894 3652 1991 3713; x_wconf 77' lang='lat' dir='ltr'><strong>(ili,</strong></span> <span class='ocrx_word' id='word_1_242' title='bbox 2024 3664 2075 3707; x_wconf 89' lang='lat' dir='ltr'><strong>et</strong></span> <span class='ocrx_word' id='word_1_243' title='bbox 2106 3669 2277 3721; x_wconf 83' lang='lat' dir='ltr'><strong>pepu-</strong></span> 
     </span>
    </p>
   </div>
   <div class='ocr_carea' id='block_1_38' title="bbox 708 3738 2280 3798">
    <p class='ocr_par' dir='ltr' id='par_1_38' title="bbox 708 3738 2280 3798">
     <span class='ocr_line' id='line_1_38' title="bbox 708 3738 2280 3798; baseline 0.004 -8"><span class='ocrx_word' id='word_1_244' title='bbox 708 3738 819 3790; x_wconf 91' lang='lat' dir='ltr'><strong>lum</strong></span> <span class='ocrx_word' id='word_1_245' title='bbox 863 3739 1020 3792; x_wconf 90' lang='lat' dir='ltr'><strong>nobis</strong></span> <span class='ocrx_word' id='word_1_246' title='bbox 1055 3739 1442 3792; x_wconf 82' lang='lat' dir='ltr'><strong>charissimum</strong></span> <span class='ocrx_word' id='word_1_247' title='bbox 1476 3742 1544 3793; x_wconf 87' lang='lat' dir='ltr'><strong>de</strong></span> <span class='ocrx_word' id='word_1_248' title='bbox 1569 3741 1808 3794; x_wconf 87' lang='lat' dir='ltr'><strong>adventu</strong></span> <span class='ocrx_word' id='word_1_249' title='bbox 1847 3752 2039 3796; x_wconf 91' lang='lat' dir='ltr'><strong>nostro</strong></span> <span class='ocrx_word' id='word_1_250' title='bbox 2079 3744 2280 3798; x_wconf 90' lang='lat' dir='ltr'><strong>certio-</strong></span> 
     </span>
    </p>
   </div>
   <div class='ocr_carea' id='block_1_39' title="bbox 708 3826 2277 3888">
    <p class='ocr_par' dir='ltr' id='par_1_39' title="bbox 708 3826 2277 3888">
     <span class='ocr_line' id='line_1_39' title="bbox 708 3826 2277 3888; baseline 0.004 -7"><span class='ocrx_word' id='word_1_251' title='bbox 708 3843 824 3881; x_wconf 89' lang='lat' dir='ltr'><strong>rem</strong></span> <span class='ocrx_word' id='word_1_252' title='bbox 857 3826 1044 3882; x_wconf 82' lang='lat' dir='ltr'><strong>facito.</strong></span> <span class='ocrx_word' id='word_1_253' title='bbox 1082 3828 1522 3885; x_wconf 85' lang='lat' dir='ltr'><strong>Archidiacouus</strong></span> <span class='ocrx_word' id='word_1_254' title='bbox 1562 3832 1815 3886; x_wconf 85' lang='lat' dir='ltr'><strong>celeriter</strong></span> <span class='ocrx_word' id='word_1_255' title='bbox 1850 3834 1905 3886; x_wconf 93' lang='lat' dir='ltr'><strong>in</strong></span> <span class='ocrx_word' id='word_1_256' title='bbox 1956 3835 2149 3888; x_wconf 88' lang='lat' dir='ltr'><strong>urbem</strong></span> <span class='ocrx_word' id='word_1_257' title='bbox 2194 3851 2277 3888; x_wconf 89' lang='lat' dir='ltr'><strong>rc-</strong></span> 
     </span>
    </p>
   </div>
   <div class='ocr_carea' id='block_1_40' title="bbox 711 3919 2274 3994">
    <p class='ocr_par' dir='ltr' id='par_1_40' title="bbox 711 3919 2274 3994">
     <span class='ocr_line' id='line_1_40' title="bbox 711 3919 2274 3994; baseline 0.006 -24"><span class='ocrx_word' id='word_1_258' title='bbox 711 3934 908 3973; x_wconf 89' lang='lat' dir='ltr'><strong>versus</strong></span> <span class='ocrx_word' id='word_1_259' title='bbox 944 3920 1220 3973; x_wconf 88' lang='lat' dir='ltr'><strong>nuntiavit</strong></span> <span class='ocrx_word' id='word_1_260' title='bbox 1263 3919 1564 3989; x_wconf 76' lang='lat' dir='ltr'><strong>edixitque,</strong></span> <span class='ocrx_word' id='word_1_261' title='bbox 1594 3923 1875 3977; x_wconf 86' lang='lat' dir='ltr'><strong>dominum</strong></span> <span class='ocrx_word' id='word_1_262' title='bbox 1913 3933 1966 3978; x_wconf 91' lang='lat' dir='ltr'><strong>et</strong></span> <span class='ocrx_word' id='word_1_263' title='bbox 2001 3935 2274 3994; x_wconf 84' lang='lat' dir='ltr'><strong>parentem</strong></span> 
     </span>
    </p>
   </div>
   <div class='ocr_carea' id='block_1_41' title="bbox 707 4010 2274 4081">
    <p class='ocr_par' dir='ltr' id='par_1_41' title="bbox 707 4010 2274 4081">
     <span class='ocr_line' id='line_1_41' title="bbox 707 4010 2274 4081; baseline 0.007 -22"><span class='ocrx_word' id='word_1_264' title='bbox 707 4010 893 4077; x_wconf 77' lang='lat' dir='ltr'><strong>public</strong></span> <span class='ocrx_word' id='word_1_265' title='bbox 920 4026 986 4061; x_wconf 35' lang='lat' dir='ltr'><strong>tm</strong></span> <span class='ocrx_word' id='word_1_266' title='bbox 1028 4011 1340 4077; x_wconf 70' lang='lat' dir='ltr'><strong>advnnisse,</strong></span> <span class='ocrx_word' id='word_1_267' title='bbox 1374 4021 1539 4081; x_wconf 85' lang='lat' dir='ltr'><strong>atque</strong></span> <span class='ocrx_word' id='word_1_268' title='bbox 1579 4014 1633 4067; x_wconf 89' lang='lat' dir='ltr'><strong>in</strong></span> <span class='ocrx_word' id='word_1_269' title='bbox 1671 4016 1933 4069; x_wconf 88' lang='lat' dir='ltr'><strong>suburbio</strong></span> <span class='ocrx_word' id='word_1_270' title='bbox 1974 4032 2114 4071; x_wconf 83' lang='lat' dir='ltr'><strong>esse.</strong></span> <span class='ocrx_word' id='word_1_271' title='bbox 2156 4017 2274 4071; x_wconf 85' lang='lat' dir='ltr'><strong>Jam</strong></span> 
     </span>
    </p>
   </div>
   <div class='ocr_carea' id='block_1_42' title="bbox 707 4104 2272 4175">
    <p class='ocr_par' dir='ltr' id='par_1_42' title="bbox 707 4104 2272 4175">
     <span class='ocr_line' id='line_1_42' title="bbox 707 4104 2272 4175; baseline 0.007 -23"><span class='ocrx_word' id='word_1_272' title='bbox 707 4116 835 4154; x_wconf 79' lang='lat' dir='ltr'><strong>\ero</strong></span> <span class='ocrx_word' id='word_1_273' title='bbox 862 4105 1055 4155; x_wconf 87' lang='lat' dir='ltr'><strong>nuntio</strong></span> <span class='ocrx_word' id='word_1_274' title='bbox 1078 4113 1324 4172; x_wconf 85' lang='lat' dir='ltr'><strong>accepto,</strong></span> <span class='ocrx_word' id='word_1_275' title='bbox 1352 4104 1557 4159; x_wconf 90' lang='lat' dir='ltr'><strong>tribuni</strong></span> <span class='ocrx_word' id='word_1_276' title='bbox 1586 4115 1752 4175; x_wconf 86' lang='lat' dir='ltr'><strong>atque</strong></span> <span class='ocrx_word' id='word_1_277' title='bbox 1781 4109 2074 4163; x_wconf 89' lang='lat' dir='ltr'><strong>archontcs</strong></span> <span class='ocrx_word' id='word_1_278' title='bbox 2102 4111 2272 4172; x_wconf 87' lang='lat' dir='ltr'><strong>urbis,</strong></span> 
     </span>
    </p>
   </div>
   <div class='ocr_carea' id='block_1_43' title="bbox 706 4193 2277 4271">
    <p class='ocr_par' dir='ltr' id='par_1_43' title="bbox 706 4193 2277 4271">
     <span class='ocr_line' id='line_1_43' title="bbox 706 4193 2277 4271; baseline 0.011 -28"><span class='ocrx_word' id='word_1_279' title='bbox 706 4194 806 4247; x_wconf 79' lang='lat' dir='ltr'><strong>viri</strong></span> <span class='ocrx_word' id='word_1_280' title='bbox 844 4205 897 4247; x_wconf 88' lang='lat' dir='ltr'><strong>et</strong></span> <span class='ocrx_word' id='word_1_281' title='bbox 942 4198 1206 4252; x_wconf 87' lang='lat' dir='ltr'><strong>mulieres</strong></span> <span class='ocrx_word' id='word_1_282' title='bbox 1245 4214 1368 4253; x_wconf 89' lang='lat' dir='ltr'><strong>cum</strong></span> <span class='ocrx_word' id='word_1_283' title='bbox 1400 4193 1645 4268; x_wconf 77' lang='lat' dir='ltr'><strong>parvulis</strong></span> <span class='ocrx_word' id='word_1_284' title='bbox 1690 4201 1822 4271; x_wconf 82' lang='lat' dir='ltr'><strong>ipsis</strong></span> <span class='ocrx_word' id='word_1_285' title='bbox 1853 4204 1962 4257; x_wconf 85' lang='lat' dir='ltr'><strong>Deo</strong></span> <span class='ocrx_word' id='word_1_286' title='bbox 2001 4205 2186 4259; x_wconf 74' lang='lat' dir='ltr'><strong>laudes</strong></span> <span class='ocrx_word' id='word_1_287' title='bbox 2223 4216 2277 4259; x_wconf 88' lang='lat' dir='ltr'><strong>et</strong></span> 
     </span>
    </p>
   </div>
   <div class='ocr_carea' id='block_1_44' title="bbox 705 4286 2277 4365">
    <p class='ocr_par' dir='ltr' id='par_1_44' title="bbox 705 4286 2277 4365">
     <span class='ocr_line' id='line_1_44' title="bbox 705 4286 2277 4365; baseline 0.011 -30"><span class='ocrx_word' id='word_1_288' title='bbox 705 4286 907 4351; x_wconf 70' lang='lat' dir='ltr'><strong>gratias</strong></span> <span class='ocrx_word' id='word_1_289' title='bbox 935 4286 1181 4348; x_wconf 86' lang='lat' dir='ltr'><strong>reddere,</strong></span> <span class='ocrx_word' id='word_1_290' title='bbox 1211 4290 1352 4358; x_wconf 89' lang='lat' dir='ltr'><strong>quod</strong></span> <span class='ocrx_word' id='word_1_291' title='bbox 1381 4291 1532 4361; x_wconf 88' lang='lat' dir='ltr'><strong>digni</strong></span> <span class='ocrx_word' id='word_1_292' title='bbox 1558 4292 1626 4345; x_wconf 87' lang='lat' dir='ltr'><strong>ab</strong></span> <span class='ocrx_word' id='word_1_293' title='bbox 1649 4307 1715 4345; x_wconf 90' lang='lat' dir='ltr'><strong>eo</strong></span> <span class='ocrx_word' id='word_1_294' title='bbox 1746 4294 1914 4347; x_wconf 89' lang='lat' dir='ltr'><strong>habiti</strong></span> <span class='ocrx_word' id='word_1_295' title='bbox 1952 4305 2158 4359; x_wconf 85' lang='lat' dir='ltr'><strong>essent,</strong></span> <span class='ocrx_word' id='word_1_296' title='bbox 2182 4298 2277 4365; x_wconf 87' lang='lat' dir='ltr'><strong>qui</strong></span> 
     </span>
    </p>
   </div>
   <div class='ocr_carea' id='block_1_45' title="bbox 704 4377 2270 4455">
    <p class='ocr_par' dir='ltr' id='par_1_45' title="bbox 704 4377 2270 4455">
     <span class='ocr_line' id='line_1_45' title="bbox 704 4377 2270 4455; baseline 0.008 -29"><span class='ocrx_word' id='word_1_297' title='bbox 704 4378 771 4427; x_wconf 71' lang='lat' dir='ltr'><strong>de</strong></span> <span class='ocrx_word' id='word_1_298' title='bbox 803 4377 961 4429; x_wconf 72' lang='lat' dir='ltr'><strong>beato</strong></span> <span class='ocrx_word' id='word_1_299' title='bbox 999 4389 1219 4446; x_wconf 73' lang='lat' dir='ltr'><strong>pastore</strong></span> <span class='ocrx_word' id='word_1_300' title='bbox 1251 4396 1353 4434; x_wconf 85' lang='lat' dir='ltr'><strong>suo</strong></span> <span class='ocrx_word' id='word_1_301' title='bbox 1388 4383 1582 4436; x_wconf 87' lang='lat' dir='ltr'><strong>nuntia</strong></span> <span class='ocrx_word' id='word_1_302' title='bbox 1622 4392 1731 4436; x_wconf 85' lang='lat' dir='ltr'><strong>tam</strong></span> <span class='ocrx_word' id='word_1_303' title='bbox 1767 4385 1903 4437; x_wconf 85' lang='lat' dir='ltr'><strong>bona</strong></span> <span class='ocrx_word' id='word_1_304' title='bbox 1938 4388 2270 4455; x_wconf 85' lang='lat' dir='ltr'><strong>acciperent.</strong></span> 
     </span>
    </p>
   </div>
   <div class='ocr_carea' id='block_1_46' title="bbox 700 4466 2273 4547">
    <p class='ocr_par' dir='ltr' id='par_1_46' title="bbox 700 4466 2273 4547">
     <span class='ocr_line' id='line_1_46' title="bbox 700 4466 2273 4547; baseline 0.01 -29"><span class='ocrx_word' id='word_1_305' title='bbox 700 4466 897 4520; x_wconf 78' lang='lat' dir='ltr'><strong>Clerus</strong></span> <span class='ocrx_word' id='word_1_306' title='bbox 929 4470 1160 4523; x_wconf 83' lang='lat' dir='ltr'><strong>subinde</strong></span> <span class='ocrx_word' id='word_1_307' title='bbox 1191 4472 1369 4525; x_wconf 61' lang='lat' dir='ltr'><strong>(pinnis</strong></span> <span class='ocrx_word' id='word_1_308' title='bbox 1402 4488 1527 4526; x_wconf 91' lang='lat' dir='ltr'><strong>cum</strong></span> <span class='ocrx_word' id='word_1_309' title='bbox 1560 4476 1721 4528; x_wconf 87' lang='lat' dir='ltr'><strong>thure</strong></span> <span class='ocrx_word' id='word_1_310' title='bbox 1762 4486 1818 4530; x_wconf 87' lang='lat' dir='ltr'><strong>et</strong></span> <span class='ocrx_word' id='word_1_311' title='bbox 1855 4480 2051 4542; x_wconf 89' lang='lat' dir='ltr'><strong>cereis,</strong></span> <span class='ocrx_word' id='word_1_312' title='bbox 2077 4489 2133 4532; x_wconf 89' lang='lat' dir='ltr'><strong>et</strong></span> <span class='ocrx_word' id='word_1_313' title='bbox 2178 4494 2273 4547; x_wconf 91' lang='lat' dir='ltr'><strong>po—</strong></span> 
     </span>
    </p>
   </div>
   <div class='ocr_carea' id='block_1_47' title="bbox 2378 630 3961 705">
    <p class='ocr_par' dir='ltr' id='par_1_47' title="bbox 2378 630 3961 705">
     <span class='ocr_line' id='line_1_47' title="bbox 2378 630 3961 705; baseline 0.003 -19"><span class='ocrx_word' id='word_1_314' title='bbox 2378 630 2599 697; x_wconf 83' lang='grc' dir='ltr'>τόπυυς.</span> <span class='ocrx_word' id='word_1_315' title='bbox 2636 636 2731 687; x_wconf 80' lang='grc' dir='ltr'><strong>καὶ</strong></span> <span class='ocrx_word' id='word_1_316' title='bbox 2759 633 3202 703; x_wconf 73' lang='grc' dir='ltr'><strong>προσευξάμενος</strong></span> <span class='ocrx_word' id='word_1_317' title='bbox 3229 635 3378 705; x_wconf 80' lang='grc' dir='ltr'>αὐτῷ</span> <span class='ocrx_word' id='word_1_318' title='bbox 3426 640 3453 689; x_wconf 91' lang='lat'><strong>6</strong></span> <span class='ocrx_word' id='word_1_319' title='bbox 3502 637 3806 703; x_wconf 79' lang='grc' dir='ltr'>ἁγιώτατος</span> <span class='ocrx_word' id='word_1_320' title='bbox 3852 642 3961 691; x_wconf 84' lang='grc' dir='ltr'>πά-</span> 
     </span>
    </p>
   </div>
   <div class='ocr_carea' id='block_1_48' title="bbox 2379 725 3963 801">
    <p class='ocr_par' dir='ltr' id='par_1_48' title="bbox 2379 725 3963 801">
     <span class='ocr_line' id='line_1_48' title="bbox 2379 725 3963 801; baseline 0.001 -23"><span class='ocrx_word' id='word_1_321' title='bbox 2379 743 2488 787; x_wconf 87' lang='grc' dir='ltr'><strong>πας</strong></span> <span class='ocrx_word' id='word_1_322' title='bbox 2520 726 2663 795; x_wconf 90' lang='grc' dir='ltr'><strong>μετά</strong></span> <span class='ocrx_word' id='word_1_323' title='bbox 2689 727 2862 795; x_wconf 83' lang='grc' dir='ltr'>χαρᾶς</span> <span class='ocrx_word' id='word_1_324' title='bbox 2898 725 3163 795; x_wconf 84' lang='grc' dir='ltr'><strong>μεγάλης,</strong></span> <span class='ocrx_word' id='word_1_325' title='bbox 3200 726 3288 778; x_wconf 79' lang='grc' dir='ltr'>καὶ</span> <span class='ocrx_word' id='word_1_326' title='bbox 3336 730 3574 801; x_wconf 54' lang='grc' dir='ltr'><strong>¹ποιήσας</strong></span> <span class='ocrx_word' id='word_1_327' title='bbox 3625 729 3744 797; x_wconf 83' lang='grc' dir='ltr'>μετ’</span> <span class='ocrx_word' id='word_1_328' title='bbox 3796 729 3963 782; x_wconf 75' lang='grc' dir='ltr'>αὐτοῦ</span> 
     </span>
    </p>
   </div>
   <div class='ocr_carea' id='block_1_49' title="bbox 2377 816 3965 888">
    <p class='ocr_par' dir='ltr' id='par_1_49' title="bbox 2377 816 3965 888">
     <span class='ocr_line' id='line_1_49' title="bbox 2377 816 3965 888; baseline 0.001 -19"><span class='ocrx_word' id='word_1_329' title='bbox 2377 818 2436 869; x_wconf 79' lang='grc' dir='ltr'>ὲν</span> <span class='ocrx_word' id='word_1_330' title='bbox 2475 817 2663 888; x_wconf 78' lang='grc' dir='ltr'>Ῥώμῃ</span> <span class='ocrx_word' id='word_1_331' title='bbox 2694 818 2907 887; x_wconf 79' lang='grc' dir='ltr'>ἡμέρας</span> <span class='ocrx_word' id='word_1_332' title='bbox 2957 816 3153 880; x_wconf 77' lang='grc' dir='ltr'>εἴκοσι,</span> <span class='ocrx_word' id='word_1_333' title='bbox 3203 818 3592 887; x_wconf 72' lang='grc' dir='ltr'>ἀσπασάμενος</span> <span class='ocrx_word' id='word_1_334' title='bbox 3643 819 3807 871; x_wconf 81' lang='grc' dir='ltr'>αὐτὸν</span> <span class='ocrx_word' id='word_1_335' title='bbox 3865 821 3965 872; x_wconf 78' lang='grc' dir='ltr'><strong>καὶ</strong></span> 
     </span>
    </p>
   </div>
   <div class='ocr_carea' id='block_1_50' title="bbox 2379 909 3965 980">
    <p class='ocr_par' dir='ltr' id='par_1_50' title="bbox 2379 909 3965 980">
     <span class='ocr_line' id='line_1_50' title="bbox 2379 909 3965 980; baseline 0.001 -19"><span class='ocrx_word' id='word_1_336' title='bbox 2379 910 2588 973; x_wconf 77' lang='grc' dir='ltr'><strong>πάντας</strong></span> <span class='ocrx_word' id='word_1_337' title='bbox 2616 912 2742 973; x_wconf 85' lang='grc' dir='ltr'>τοὺς</span> <span class='ocrx_word' id='word_1_338' title='bbox 2782 910 3044 976; x_wconf 76' lang='grc' dir='ltr'>ἀδελφοὺς</span> <span class='ocrx_word' id='word_1_339' title='bbox 3068 910 3280 961; x_wconf 75' lang='grc' dir='ltr'>καὶτὸν</span> <span class='ocrx_word' id='word_1_340' title='bbox 3320 909 3475 975; x_wconf 80' lang='grc' dir='ltr'>ἆγιον</span> <span class='ocrx_word' id='word_1_341' title='bbox 3531 910 3778 980; x_wconf 84' lang='grc' dir='ltr'>Μάρκον,</span> <span class='ocrx_word' id='word_1_342' title='bbox 3837 911 3965 970; x_wconf 73' lang='grc' dir='ltr'>δοὺς</span> 
     </span>
    </p>
   </div>
   <div class='ocr_carea' id='block_1_51' title="bbox 2377 1000 3963 1070">
    <p class='ocr_par' dir='ltr' id='par_1_51' title="bbox 2377 1000 3963 1070">
     <span class='ocr_line' id='line_1_51' title="bbox 2377 1000 3963 1070; baseline -0.001 -16"><span class='ocrx_word' id='word_1_343' title='bbox 2377 1000 2524 1070; x_wconf 82' lang='grc' dir='ltr'><strong>αὑτῷ</strong></span> <span class='ocrx_word' id='word_1_344' title='bbox 2566 1004 2596 1054; x_wconf 90' lang='lat'><strong>6</strong></span> <span class='ocrx_word' id='word_1_345' title='bbox 2629 1002 2819 1063; x_wconf 87' lang='grc' dir='ltr'>πάπας</span> <span class='ocrx_word' id='word_1_346' title='bbox 2855 1002 3004 1070; x_wconf 83' lang='grc' dir='ltr'>δῶρα</span> <span class='ocrx_word' id='word_1_347' title='bbox 3046 1000 3191 1065; x_wconf 79' lang='grc' dir='ltr'>ἄξια,</span> <span class='ocrx_word' id='word_1_348' title='bbox 3240 1003 3336 1053; x_wconf 75' lang='grc' dir='ltr'><strong>καὶ</strong></span> <span class='ocrx_word' id='word_1_349' title='bbox 3382 1000 3748 1068; x_wconf 75' lang='grc' dir='ltr'>ἐπευξάμενος</span> <span class='ocrx_word' id='word_1_350' title='bbox 3788 1000 3963 1069; x_wconf 79' lang='grc' dir='ltr'>αὐτῷ,</span> 
     </span>
    </p>
   </div>
   <div class='ocr_carea' id='block_1_52' title="bbox 2376 1091 3966 1163">
    <p class='ocr_par' dir='ltr' id='par_1_52' title="bbox 2376 1091 3966 1163">
     <span class='ocr_line' id='line_1_52' title="bbox 2376 1091 3966 1163; baseline -0.003 -16"><span class='ocrx_word' id='word_1_351' title='bbox 2376 1092 2659 1147; x_wconf 74' lang='grc' dir='ltr'><strong>ἀπέλυσεν</strong></span> <span class='ocrx_word' id='word_1_352' title='bbox 2678 1092 2840 1146; x_wconf 77' lang='grc' dir='ltr'>αὑτὸν</span> <span class='ocrx_word' id='word_1_353' title='bbox 2868 1094 2928 1144; x_wconf 84' lang='grc' dir='ltr'>ὲν</span> <span class='ocrx_word' id='word_1_354' title='bbox 2951 1093 3145 1163; x_wconf 72' lang='grc' dir='ltr'>εἰρήνῃ</span> <span class='ocrx_word' id='word_1_355' title='bbox 3178 1091 3509 1161; x_wconf 84' lang='grc' dir='ltr'>πορευθῆναι</span> <span class='ocrx_word' id='word_1_356' title='bbox 3549 1094 3629 1153; x_wconf 84' lang='grc' dir='ltr'>εἰς</span> <span class='ocrx_word' id='word_1_357' title='bbox 3659 1092 3751 1144; x_wconf 74' lang='grc' dir='ltr'><strong>τὸν</strong></span> <span class='ocrx_word' id='word_1_358' title='bbox 3796 1092 3966 1143; x_wconf 82' lang='grc' dir='ltr'>τόπον</span> 
     </span>
    </p>
   </div>
   <div class='ocr_carea' id='block_1_53' title="bbox 2379 1183 3970 1254">
    <p class='ocr_par' dir='ltr' id='par_1_53' title="bbox 2379 1183 3970 1254">
     <span class='ocr_line' id='line_1_53' title="bbox 2379 1183 3970 1254; baseline -0.004 -15"><span class='ocrx_word' id='word_1_359' title='bbox 2379 1186 2565 1251; x_wconf 84' lang='grc' dir='ltr'>αὑτοῦ,</span> <span class='ocrx_word' id='word_1_360' title='bbox 2596 1185 2720 1248; x_wconf 81' lang='grc' dir='ltr'>δοὺς</span> <span class='ocrx_word' id='word_1_361' title='bbox 2751 1184 2900 1254; x_wconf 84' lang='grc' dir='ltr'>αὑτῷ</span> <span class='ocrx_word' id='word_1_362' title='bbox 2949 1184 3201 1248; x_wconf 78' lang='grc' dir='ltr'>ἐξουσίαν</span> <span class='ocrx_word' id='word_1_363' title='bbox 3252 1183 3627 1253; x_wconf 76' lang='grc' dir='ltr'><strong>καταστρέψαι</strong></span> <span class='ocrx_word' id='word_1_364' title='bbox 3678 1184 3740 1236; x_wconf 81' lang='grc' dir='ltr'>τὸ</span> <span class='ocrx_word' id='word_1_365' title='bbox 3781 1184 3970 1235; x_wconf 84' lang='grc' dir='ltr'>θυσια-</span> 
     </span>
    </p>
   </div>
   <div class='ocr_carea' id='block_1_54' title="bbox 2377 1275 3969 1347">
    <p class='ocr_par' dir='ltr' id='par_1_54' title="bbox 2377 1275 3969 1347">
     <span class='ocr_line' id='line_1_54' title="bbox 2377 1275 3969 1347; baseline -0.001 -18"><span class='ocrx_word' id='word_1_366' title='bbox 2377 1278 2626 1347; x_wconf 85' lang='grc' dir='ltr'>στήριον,</span> <span class='ocrx_word' id='word_1_367' title='bbox 2662 1277 2691 1329; x_wconf 81' lang='lat'><strong>6</strong></span> <span class='ocrx_word' id='word_1_368' title='bbox 2717 1276 3073 1346; x_wconf 81' lang='grc' dir='ltr'>ᾠκοδόμησεν</span> <span class='ocrx_word' id='word_1_369' title='bbox 3096 1275 3324 1339; x_wconf 81' lang='grc' dir='ltr'>Λεύκιος</span> <span class='ocrx_word' id='word_1_370' title='bbox 3382 1277 3409 1327; x_wconf 93' lang='lat'><strong>6</strong></span> <span class='ocrx_word' id='word_1_371' title='bbox 3458 1276 3732 1343; x_wconf 79' lang='grc' dir='ltr'>αἱρετικός</span> <span class='ocrx_word' id='word_1_372' title='bbox 3760 1292 3775 1303; x_wconf 90' lang='grc'><strong>·</strong></span> <span class='ocrx_word' id='word_1_373' title='bbox 3840 1275 3969 1337; x_wconf 75' lang='grc' dir='ltr'>δοὺς</span> 
     </span>
    </p>
   </div>
   <div class='ocr_carea' id='block_1_55' title="bbox 2378 1367 3971 1438">
    <p class='ocr_par' dir='ltr' id='par_1_55' title="bbox 2378 1367 3971 1438">
     <span class='ocr_line' id='line_1_55' title="bbox 2378 1367 3971 1438; baseline 0 -19"><span class='ocrx_word' id='word_1_374' title='bbox 2378 1369 2527 1438; x_wconf 77' lang='grc' dir='ltr'><strong>αὑτῷ</strong></span> <span class='ocrx_word' id='word_1_375' title='bbox 2551 1372 2579 1422; x_wconf 98' lang='lat'><strong>6</strong></span> <span class='ocrx_word' id='word_1_376' title='bbox 2605 1371 2794 1432; x_wconf 88' lang='grc' dir='ltr'>πάπας</span> <span class='ocrx_word' id='word_1_377' title='bbox 2846 1367 2940 1421; x_wconf 74' lang='grc' dir='ltr'><strong>επι</strong></span> <span class='ocrx_word' id='word_1_378' title='bbox 2980 1369 3041 1421; x_wconf 83' lang='grc' dir='ltr'><strong>τὸ</strong></span> <span class='ocrx_word' id='word_1_379' title='bbox 3068 1368 3333 1421; x_wconf 83' lang='grc' dir='ltr'>διασῶσαι</span> <span class='ocrx_word' id='word_1_380' title='bbox 3370 1367 3532 1421; x_wconf 77' lang='grc' dir='ltr'>αὐτὸν</span> <span class='ocrx_word' id='word_1_381' title='bbox 3572 1367 3838 1434; x_wconf 64' lang='grc' dir='ltr'>’Ἄγγελον</span> <span class='ocrx_word' id='word_1_382' title='bbox 3871 1368 3971 1420; x_wconf 75' lang='grc' dir='ltr'><strong>καὶ</strong></span> 
     </span>
    </p>
   </div>
   <div class='ocr_carea' id='block_1_56' title="bbox 2381 1454 3968 1528">
    <p class='ocr_par' dir='ltr' id='par_1_56' title="bbox 2381 1454 3968 1528">
     <span class='ocr_line' id='line_1_56' title="bbox 2381 1454 3968 1528; baseline -0.003 -16"><span class='ocrx_word' id='word_1_383' title='bbox 2381 1459 2702 1528; x_wconf 81' lang='grc' dir='ltr'>ΙΙαλοῦμὸον</span> <span class='ocrx_word' id='word_1_384' title='bbox 2730 1460 3011 1519; x_wconf 77' lang='grc' dir='ltr'>διακόνους</span> <span class='ocrx_word' id='word_1_385' title='bbox 3039 1458 3193 1522; x_wconf 81' lang='grc' dir='ltr'>τινάς</span> <span class='ocrx_word' id='word_1_386' title='bbox 3216 1458 3463 1521; x_wconf 77' lang='grc' dir='ltr'>εὐλαϐεῖς</span> <span class='ocrx_word' id='word_1_387' title='bbox 3484 1459 3590 1522; x_wconf 81' lang='grc' dir='ltr'>ἓως</span> <span class='ocrx_word' id='word_1_388' title='bbox 3612 1454 3674 1511; x_wconf 71' lang='grc' dir='ltr'>οὗ</span> <span class='ocrx_word' id='word_1_389' title='bbox 3694 1458 3787 1510; x_wconf 76' lang='grc' dir='ltr'><strong>τὸν</strong></span> <span class='ocrx_word' id='word_1_390' title='bbox 3812 1460 3968 1522; x_wconf 77' lang='grc' dir='ltr'>ναὸν,</span> 
     </span>
    </p>
   </div>
   <div class='ocr_carea' id='block_1_57' title="bbox 2377 1549 3971 1622">
    <p class='ocr_par' dir='ltr' id='par_1_57' title="bbox 2377 1549 3971 1622">
     <span class='ocr_line' id='line_1_57' title="bbox 2377 1549 3971 1622; baseline -0.003 -18"><span class='ocrx_word' id='word_1_391' title='bbox 2377 1551 2435 1604; x_wconf 80' lang='grc' dir='ltr'>ὃν</span> <span class='ocrx_word' id='word_1_392' title='bbox 2488 1551 2712 1622; x_wconf 73' lang='grc' dir='ltr'>ᾔτησεν,</span> <span class='ocrx_word' id='word_1_393' title='bbox 2765 1551 3189 1621; x_wconf 76' lang='grc' dir='ltr'>ἀνοικοδομήσῃ.</span> <span class='ocrx_word' id='word_1_394' title='bbox 3266 1550 3623 1614; x_wconf 75' lang='grc' dir='ltr'>Ἐξελθόντων</span> <span class='ocrx_word' id='word_1_395' title='bbox 3674 1550 3729 1603; x_wconf 87' lang='grc' dir='ltr'>δὲ</span> <span class='ocrx_word' id='word_1_396' title='bbox 3782 1549 3971 1603; x_wconf 77' lang='grc' dir='ltr'>αὺτῶν</span> 
     </span>
    </p>
   </div>
   <div class='ocr_carea' id='block_1_58' title="bbox 2378 1642 3971 1714">
    <p class='ocr_par' dir='ltr' id='par_1_58' title="bbox 2378 1642 3971 1714">
     <span class='ocr_line' id='line_1_58' title="bbox 2378 1642 3971 1714; baseline -0.003 -17"><span class='ocrx_word' id='word_1_397' title='bbox 2378 1644 2488 1697; x_wconf 82' lang='grc' dir='ltr'>ἀπὸ</span> <span class='ocrx_word' id='word_1_398' title='bbox 2536 1645 2776 1714; x_wconf 79' lang='grc' dir='ltr'>Ῥώμης.</span> <span class='ocrx_word' id='word_1_399' title='bbox 2805 1643 3114 1698; x_wconf 77' lang='grc' dir='ltr'>κατέλαϐον</span> <span class='ocrx_word' id='word_1_400' title='bbox 3148 1646 3206 1697; x_wconf 80' lang='grc' dir='ltr'>ὲν</span> <span class='ocrx_word' id='word_1_401' title='bbox 3238 1642 3459 1714; x_wconf 82' lang='grc' dir='ltr'>Σικελίᾳ</span> <span class='ocrx_word' id='word_1_402' title='bbox 3514 1645 3571 1695; x_wconf 82' lang='grc' dir='ltr'>ὲν</span> <span class='ocrx_word' id='word_1_403' title='bbox 3626 1646 3693 1713; x_wconf 78' lang='grc' dir='ltr'>τῇ</span> <span class='ocrx_word' id='word_1_404' title='bbox 3760 1644 3971 1709; x_wconf 79' lang='grc' dir='ltr'>Ἀκρα-</span> 
     </span>
    </p>
   </div>
   <div class='ocr_carea' id='block_1_59' title="bbox 2378 1734 3974 1807">
    <p class='ocr_par' dir='ltr' id='par_1_59' title="bbox 2378 1734 3974 1807">
     <span class='ocr_line' id='line_1_59' title="bbox 2378 1734 3974 1807; baseline -0.001 -19"><span class='ocrx_word' id='word_1_405' title='bbox 2378 1736 2645 1803; x_wconf 89' lang='grc' dir='ltr'>γαντίνων</span> <span class='ocrx_word' id='word_1_406' title='bbox 2685 1736 2838 1788; x_wconf 87' lang='grc' dir='ltr'>πόλει</span> <span class='ocrx_word' id='word_1_407' title='bbox 2867 1739 2932 1807; x_wconf 83' lang='grc' dir='ltr'>τῇ</span> <span class='ocrx_word' id='word_1_408' title='bbox 2968 1735 3168 1806; x_wconf 77' lang='grc' dir='ltr'>δεκάτῃ</span> <span class='ocrx_word' id='word_1_409' title='bbox 3210 1734 3304 1788; x_wconf 81' lang='grc' dir='ltr'>τοῦ</span> <span class='ocrx_word' id='word_1_410' title='bbox 3352 1734 3726 1804; x_wconf 76' lang='grc' dir='ltr'>Σεπτεμϐρίου</span> <span class='ocrx_word' id='word_1_411' title='bbox 3772 1735 3974 1802; x_wconf 78' lang='grc' dir='ltr'>μηνός.</span> 
     </span>
    </p>
   </div>
   <div class='ocr_carea' id='block_1_60' title="bbox 2378 1826 3975 1898">
    <p class='ocr_par' dir='ltr' id='par_1_60' title="bbox 2378 1826 3975 1898">
     <span class='ocr_line' id='line_1_60' title="bbox 2378 1826 3975 1898; baseline -0.003 -17"><span class='ocrx_word' id='word_1_412' title='bbox 2378 1828 2655 1898; x_wconf 83' lang='grc' dir='ltr'>Θελήματι</span> <span class='ocrx_word' id='word_1_413' title='bbox 2698 1828 2755 1881; x_wconf 84' lang='grc' dir='ltr'>δὲ</span> <span class='ocrx_word' id='word_1_414' title='bbox 2815 1826 2915 1879; x_wconf 85' lang='grc' dir='ltr'>τοῦ</span> <span class='ocrx_word' id='word_1_415' title='bbox 2963 1828 3051 1881; x_wconf 77' lang='grc' dir='ltr'><strong>ἀεὶ</strong></span> <span class='ocrx_word' id='word_1_416' title='bbox 3102 1826 3367 1891; x_wconf 79' lang='grc' dir='ltr'>σώζοντος</span> <span class='ocrx_word' id='word_1_417' title='bbox 3422 1828 3516 1879; x_wconf 83' lang='grc' dir='ltr'>καὶ</span> <span class='ocrx_word' id='word_1_418' title='bbox 3570 1827 3975 1895; x_wconf 73' lang='grc' dir='ltr'>συνεργοῦντος</span> 
     </span>
    </p>
   </div>
   <div class='ocr_carea' id='block_1_61' title="bbox 2378 1919 3975 1990">
    <p class='ocr_par' dir='ltr' id='par_1_61' title="bbox 2378 1919 3975 1990">
     <span class='ocr_line' id='line_1_61' title="bbox 2378 1919 3975 1990; baseline -0.001 -18"><span class='ocrx_word' id='word_1_419' title='bbox 2378 1919 2527 1988; x_wconf 78' lang='grc' dir='ltr'>αὑτῷ</span> <span class='ocrx_word' id='word_1_420' title='bbox 2554 1919 2691 1972; x_wconf 83' lang='grc' dir='ltr'>Θεοῦ</span> <span class='ocrx_word' id='word_1_421' title='bbox 2728 1919 2977 1990; x_wconf 81' lang='grc' dir='ltr'>είσῆλθον</span> <span class='ocrx_word' id='word_1_422' title='bbox 3031 1921 3116 1982; x_wconf 90' lang='grc' dir='ltr'><strong>είς</strong></span> <span class='ocrx_word' id='word_1_423' title='bbox 3148 1920 3243 1972; x_wconf 81' lang='grc' dir='ltr'><strong>τὸν</strong></span> <span class='ocrx_word' id='word_1_424' title='bbox 3296 1920 3542 1989; x_wconf 85' lang='grc' dir='ltr'>ποταμὸν</span> <span class='ocrx_word' id='word_1_425' title='bbox 3587 1919 3669 1981; x_wconf 90' lang='grc' dir='ltr'><strong>είς</strong></span> <span class='ocrx_word' id='word_1_426' title='bbox 3721 1919 3782 1970; x_wconf 73' lang='grc' dir='ltr'>τὸ</span> <span class='ocrx_word' id='word_1_427' title='bbox 3835 1919 3975 1986; x_wconf 76' lang='grc' dir='ltr'>περὶ</span> 
     </span>
    </p>
   </div>
   <div class='ocr_carea' id='block_1_62' title="bbox 2379 2011 4013 2083">
    <p class='ocr_par' dir='ltr' id='par_1_62' title="bbox 2379 2011 4013 2083">
     <span class='ocr_line' id='line_1_62' title="bbox 2379 2011 4013 2083; baseline 0.002 -17"><span class='ocrx_word' id='word_1_428' title='bbox 2379 2013 2534 2066; x_wconf 90' lang='grc' dir='ltr'>πόλιν</span> <span class='ocrx_word' id='word_1_429' title='bbox 2586 2014 2650 2065; x_wconf 81' lang='grc' dir='ltr'><strong>τὸ</strong></span> <span class='ocrx_word' id='word_1_430' title='bbox 2695 2013 2988 2081; x_wconf 85' lang='grc' dir='ltr'>λεγόμενον</span> <span class='ocrx_word' id='word_1_431' title='bbox 3061 2012 3357 2083; x_wconf 82' lang='grc' dir='ltr'>Ἐμπόριον</span> <span class='ocrx_word' id='word_1_432' title='bbox 3418 2011 3568 2081; x_wconf 76' lang='grc' dir='ltr'>ὥραν</span> <span class='ocrx_word' id='word_1_433' title='bbox 3615 2012 3809 2082; x_wconf 78' lang='grc' dir='ltr'><strong>τρίτην</strong></span> <span class='ocrx_word' id='word_1_434' title='bbox 3865 2011 4013 2077; x_wconf 31' lang='grc' dir='ltr'><strong>τῆςν</strong></span> 
     </span>
    </p>
   </div>
   <div class='ocr_carea' id='block_1_63' title="bbox 2379 2097 3968 2175">
    <p class='ocr_par' dir='ltr' id='par_1_63' title="bbox 2379 2097 3968 2175">
     <span class='ocr_line' id='line_1_63' title="bbox 2379 2097 3968 2175; baseline -0.004 -18"><span class='ocrx_word' id='word_1_435' title='bbox 2379 2104 2613 2175; x_wconf 78' lang='grc' dir='ltr'>ἡμέρας.</span> <span class='ocrx_word' id='word_1_436' title='bbox 2650 2098 2760 2155; x_wconf 86' lang='grc' dir='ltr'>Ἦν</span> <span class='ocrx_word' id='word_1_437' title='bbox 2812 2103 2869 2155; x_wconf 80' lang='grc' dir='ltr'>δὲ</span> <span class='ocrx_word' id='word_1_438' title='bbox 2926 2101 3211 2156; x_wconf 74' lang='grc' dir='ltr'>Σάϐϐατον</span> <span class='ocrx_word' id='word_1_439' title='bbox 3260 2102 3349 2155; x_wconf 77' lang='grc' dir='ltr'>ὅτε</span> <span class='ocrx_word' id='word_1_440' title='bbox 3397 2102 3579 2152; x_wconf 85' lang='grc' dir='ltr'>ὲκεῖσε</span> <span class='ocrx_word' id='word_1_441' title='bbox 3634 2097 3968 2153; x_wconf 79' lang='grc' dir='ltr'>κατέλαϐον.</span> 
     </span>
    </p>
   </div>
   <div class='ocr_carea' id='block_1_64' title="bbox 2380 2189 3972 2266">
    <p class='ocr_par' dir='ltr' id='par_1_64' title="bbox 2380 2189 3972 2266">
     <span class='ocr_line' id='line_1_64' title="bbox 2380 2189 3972 2266; baseline -0.006 -17"><span class='ocrx_word' id='word_1_442' title='bbox 2380 2196 2534 2249; x_wconf 82' lang='grc' dir='ltr'>Κατά</span> <span class='ocrx_word' id='word_1_443' title='bbox 2556 2195 2860 2266; x_wconf 86' lang='grc' dir='ltr'>συγκυρίαν</span> <span class='ocrx_word' id='word_1_444' title='bbox 2887 2189 2955 2264; x_wconf 80' lang='grc' dir='ltr'>ἦν</span> <span class='ocrx_word' id='word_1_445' title='bbox 2980 2196 3163 2248; x_wconf 77' lang='grc' dir='ltr'>ἐκεῖσε</span> <span class='ocrx_word' id='word_1_446' title='bbox 3183 2197 3213 2247; x_wconf 89' lang='lat'><strong>6</strong></span> <span class='ocrx_word' id='word_1_447' title='bbox 3239 2194 3618 2263; x_wconf 82' lang='grc' dir='ltr'>ἀρχιδιάκονος</span> <span class='ocrx_word' id='word_1_448' title='bbox 3651 2192 3741 2244; x_wconf 75' lang='grc' dir='ltr'>διὰ</span> <span class='ocrx_word' id='word_1_449' title='bbox 3768 2191 3972 2261; x_wconf 79' lang='grc' dir='ltr'>χρείαν</span> 
     </span>
    </p>
   </div>
   <div class='ocr_carea' id='block_1_65' title="bbox 2378 2282 3972 2357">
    <p class='ocr_par' dir='ltr' id='par_1_65' title="bbox 2378 2282 3972 2357">
     <span class='ocr_line' id='line_1_65' title="bbox 2378 2282 3972 2357; baseline -0.004 -18"><span class='ocrx_word' id='word_1_450' title='bbox 2378 2287 2502 2340; x_wconf 82' lang='grc' dir='ltr'>τινὰ</span> <span class='ocrx_word' id='word_1_451' title='bbox 2536 2288 2595 2339; x_wconf 72' lang='grc' dir='ltr'>ἐν</span> <span class='ocrx_word' id='word_1_452' title='bbox 2618 2286 2697 2356; x_wconf 80' lang='grc' dir='ltr'>τῷ</span> <span class='ocrx_word' id='word_1_453' title='bbox 2728 2286 3099 2357; x_wconf 83' lang='grc' dir='ltr'>μοναστηρίῳ.</span> <span class='ocrx_word' id='word_1_454' title='bbox 3131 2287 3241 2339; x_wconf 75' lang='grc' dir='ltr'>Καὶ</span> <span class='ocrx_word' id='word_1_455' title='bbox 3271 2286 3451 2355; x_wconf 84' lang='grc' dir='ltr'>εὑρὼν</span> <span class='ocrx_word' id='word_1_456' title='bbox 3477 2285 3540 2337; x_wconf 76' lang='grc' dir='ltr'><strong>τὸ</strong></span> <span class='ocrx_word' id='word_1_457' title='bbox 3572 2284 3759 2336; x_wconf 81' lang='grc' dir='ltr'>πλοῖον</span> <span class='ocrx_word' id='word_1_458' title='bbox 3786 2282 3972 2335; x_wconf 77' lang='grc' dir='ltr'>είσελο</span> 
     </span>
    </p>
   </div>
   <div class='ocr_carea' id='block_1_66' title="bbox 2378 2375 3972 2448">
    <p class='ocr_par' dir='ltr' id='par_1_66' title="bbox 2378 2375 3972 2448">
     <span class='ocr_line' id='line_1_66' title="bbox 2378 2375 3972 2448; baseline -0.004 -17"><span class='ocrx_word' id='word_1_459' title='bbox 2378 2379 2471 2431; x_wconf 74' lang='grc' dir='ltr'><strong>θὸν</strong></span> <span class='ocrx_word' id='word_1_460' title='bbox 2491 2380 2571 2441; x_wconf 87' lang='grc' dir='ltr'><strong>είς</strong></span> <span class='ocrx_word' id='word_1_461' title='bbox 2598 2378 2688 2430; x_wconf 86' lang='grc' dir='ltr'>τὸν</span> <span class='ocrx_word' id='word_1_462' title='bbox 2713 2378 2981 2446; x_wconf 79' lang='grc' dir='ltr'>ποταμὸν,</span> <span class='ocrx_word' id='word_1_463' title='bbox 3011 2378 3254 2448; x_wconf 81' lang='grc' dir='ltr'>δρομέως</span> <span class='ocrx_word' id='word_1_464' title='bbox 3272 2377 3400 2430; x_wconf 81' lang='grc' dir='ltr'>ἀπιε</span> <span class='ocrx_word' id='word_1_465' title='bbox 3428 2378 3607 2429; x_wconf 75' lang='grc' dir='ltr'>ἐκεῖσε</span> <span class='ocrx_word' id='word_1_466' title='bbox 3636 2375 3972 2445; x_wconf 80' lang='grc' dir='ltr'>βουλόμενος</span> 
     </span>
    </p>
   </div>
   <div class='ocr_carea' id='block_1_67' title="bbox 2378 2465 3970 2539">
    <p class='ocr_par' dir='ltr' id='par_1_67' title="bbox 2378 2465 3970 2539">
     <span class='ocr_line' id='line_1_67' title="bbox 2378 2465 3970 2539; baseline -0.004 -16"><span class='ocrx_word' id='word_1_467' title='bbox 2378 2470 2574 2532; x_wconf 80' lang='grc' dir='ltr'>αὐτοὺς</span> <span class='ocrx_word' id='word_1_468' title='bbox 2595 2470 2965 2539; x_wconf 71' lang='grc' dir='ltr'>ἐπερωτῆσαι.</span> <span class='ocrx_word' id='word_1_469' title='bbox 2986 2468 3220 2539; x_wconf 86' lang='grc' dir='ltr'>Πλησίον</span> <span class='ocrx_word' id='word_1_470' title='bbox 3236 2468 3291 2520; x_wconf 86' lang='grc' dir='ltr'>δὲ</span> <span class='ocrx_word' id='word_1_471' title='bbox 3314 2469 3603 2535; x_wconf 89' lang='grc' dir='ltr'>γενόμενος</span> <span class='ocrx_word' id='word_1_472' title='bbox 3624 2465 3720 2519; x_wconf 84' lang='grc' dir='ltr'>τοῦ</span> <span class='ocrx_word' id='word_1_473' title='bbox 3749 2466 3970 2531; x_wconf 82' lang='grc' dir='ltr'>πλοίου,</span> 
     </span>
    </p>
   </div>
   <div class='ocr_carea' id='block_1_68' title="bbox 2378 2557 3973 2632">
    <p class='ocr_par' dir='ltr' id='par_1_68' title="bbox 2378 2557 3973 2632">
     <span class='ocr_line' id='line_1_68' title="bbox 2378 2557 3973 2632; baseline -0.005 -18"><span class='ocrx_word' id='word_1_474' title='bbox 2378 2560 2479 2632; x_wconf 72' lang='grc' dir='ltr'><strong>ὁρᾷ⁴</strong></span> <span class='ocrx_word' id='word_1_475' title='bbox 2508 2560 2600 2612; x_wconf 82' lang='grc' dir='ltr'><strong>τὸν</strong></span> <span class='ocrx_word' id='word_1_476' title='bbox 2629 2559 2879 2613; x_wconf 86' lang='grc' dir='ltr'>διάκονον</span> <span class='ocrx_word' id='word_1_477' title='bbox 2929 2559 3276 2613; x_wconf 72' lang='grc' dir='ltr'>Πλατωνικὸν</span> <span class='ocrx_word' id='word_1_478' title='bbox 3322 2558 3629 2611; x_wconf 69' lang='grc' dir='ltr'>ἐπιδιδόντα</span> <span class='ocrx_word' id='word_1_479' title='bbox 3691 2557 3839 2625; x_wconf 78' lang='grc' dir='ltr'>ὕδωρ</span> <span class='ocrx_word' id='word_1_480' title='bbox 3886 2557 3973 2618; x_wconf 82' lang='grc' dir='ltr'><strong>είς</strong></span> 
     </span>
    </p>
   </div>
   <div class='ocr_carea' id='block_1_69' title="bbox 2378 2642 3971 2722">
    <p class='ocr_par' dir='ltr' id='par_1_69' title="bbox 2378 2642 3971 2722">
     <span class='ocr_line' id='line_1_69' title="bbox 2378 2642 3971 2722; baseline -0.004 -19"><span class='ocrx_word' id='word_1_481' title='bbox 2378 2654 2478 2715; x_wconf 77' lang='grc' dir='ltr'>τὰς</span> <span class='ocrx_word' id='word_1_482' title='bbox 2502 2653 2691 2722; x_wconf 87' lang='grc' dir='ltr'>χεῖρας</span> <span class='ocrx_word' id='word_1_483' title='bbox 2717 2649 2813 2702; x_wconf 81' lang='grc' dir='ltr'>τοῦ</span> <span class='ocrx_word' id='word_1_484' title='bbox 2848 2650 3124 2719; x_wconf 84' lang='grc' dir='ltr'>μακαρίου</span> <span class='ocrx_word' id='word_1_485' title='bbox 3155 2650 3236 2711; x_wconf 86' lang='grc' dir='ltr'>εἰς</span> <span class='ocrx_word' id='word_1_486' title='bbox 3265 2648 3327 2701; x_wconf 75' lang='grc' dir='ltr'>τὸ</span> <span class='ocrx_word' id='word_1_487' title='bbox 3359 2648 3633 2718; x_wconf 75' lang='grc' dir='ltr'>νίψασθαι.</span> <span class='ocrx_word' id='word_1_488' title='bbox 3674 2642 3809 2699; x_wconf 80' lang='grc' dir='ltr'>Εἶτα</span> <span class='ocrx_word' id='word_1_489' title='bbox 3847 2647 3971 2716; x_wconf 82' lang='grc' dir='ltr'>μετ’</span> 
     </span>
    </p>
   </div>
   <div class='ocr_carea' id='block_1_70' title="bbox 2379 2739 3974 2813">
    <p class='ocr_par' dir='ltr' id='par_1_70' title="bbox 2379 2739 3974 2813">
     <span class='ocr_line' id='line_1_70' title="bbox 2379 2739 3974 2813; baseline -0.003 -17"><span class='ocrx_word' id='word_1_490' title='bbox 2379 2743 2519 2796; x_wconf 81' lang='grc' dir='ltr'>αὑτά</span> <span class='ocrx_word' id='word_1_491' title='bbox 2556 2740 2823 2813; x_wconf 78' lang='grc' dir='ltr'>κατῆλθεν</span> <span class='ocrx_word' id='word_1_492' title='bbox 2853 2742 2917 2793; x_wconf 71' lang='grc' dir='ltr'>ἐκ</span> <span class='ocrx_word' id='word_1_493' title='bbox 2940 2740 3034 2793; x_wconf 81' lang='grc' dir='ltr'>τοῦ</span> <span class='ocrx_word' id='word_1_494' title='bbox 3083 2741 3291 2805; x_wconf 86' lang='grc' dir='ltr'>πλοίου,</span> <span class='ocrx_word' id='word_1_495' title='bbox 3330 2743 3424 2794; x_wconf 82' lang='grc' dir='ltr'><strong>καὶ</strong></span> <span class='ocrx_word' id='word_1_496' title='bbox 3482 2741 3682 2801; x_wconf 83' lang='grc' dir='ltr'>πάντες</span> <span class='ocrx_word' id='word_1_497' title='bbox 3738 2740 3793 2791; x_wconf 83' lang='lat' dir='ltr'><strong>oi.</strong></span> <span class='ocrx_word' id='word_1_498' title='bbox 3846 2739 3974 2807; x_wconf 77' lang='grc' dir='ltr'>μετ’</span> 
     </span>
    </p>
   </div>
   <div class='ocr_carea' id='block_1_71' title="bbox 2376 2834 2566 2888">
    <p class='ocr_par' dir='ltr' id='par_1_71' title="bbox 2376 2834 2566 2888">
     <span class='ocr_line' id='line_1_71' title="bbox 2376 2834 2566 2888; baseline 0 0"><span class='ocrx_word' id='word_1_499' title='bbox 2376 2834 2566 2888; x_wconf 83' lang='grc' dir='ltr'>αὐτοῦ.</span> 
     </span>
    </p>
   </div>
   <div class='ocr_carea' id='block_1_72' title="bbox 2450 2922 3975 2996">
    <p class='ocr_par' dir='ltr' id='par_1_72' title="bbox 2450 2922 3975 2996">
     <span class='ocr_line' id='line_1_72' title="bbox 2450 2922 3975 2996; baseline -0.004 -17"><span class='ocrx_word' id='word_1_500' title='bbox 2450 2931 2522 2992; x_wconf 62' lang='lat' dir='ltr'><strong>Lf.</strong></span> <span class='ocrx_word' id='word_1_501' title='bbox 2575 2925 2810 2996; x_wconf 87' lang='grc' dir='ltr'>Δραμὼν</span> <span class='ocrx_word' id='word_1_502' title='bbox 2854 2925 2913 2977; x_wconf 74' lang='grc' dir='ltr'>δὲ</span> <span class='ocrx_word' id='word_1_503' title='bbox 2942 2927 2971 2978; x_wconf 94' lang='lat'><strong>6</strong></span> <span class='ocrx_word' id='word_1_504' title='bbox 2999 2924 3381 2994; x_wconf 82' lang='grc' dir='ltr'>ἀρχιδιάκονος</span> <span class='ocrx_word' id='word_1_505' title='bbox 3424 2924 3620 2976; x_wconf 72' lang='grc' dir='ltr'>ἔπεσεν</span> <span class='ocrx_word' id='word_1_506' title='bbox 3653 2922 3809 2992; x_wconf 84' lang='grc' dir='ltr'>παρὰ</span> <span class='ocrx_word' id='word_1_507' title='bbox 3838 2923 3975 2984; x_wconf 78' lang='grc' dir='ltr'>τοὺς</span> 
     </span>
    </p>
   </div>
   <div class='ocr_carea' id='block_1_73' title="bbox 2381 3014 3975 3087">
    <p class='ocr_par' dir='ltr' id='par_1_73' title="bbox 2381 3014 3975 3087">
     <span class='ocr_line' id='line_1_73' title="bbox 2381 3014 3975 3087; baseline -0.003 -18"><span class='ocrx_word' id='word_1_508' title='bbox 2381 3016 2551 3081; x_wconf 88' lang='grc' dir='ltr'>πόδας</span> <span class='ocrx_word' id='word_1_509' title='bbox 2603 3016 2698 3070; x_wconf 82' lang='grc' dir='ltr'>τοῦ</span> <span class='ocrx_word' id='word_1_510' title='bbox 2750 3017 3021 3087; x_wconf 88' lang='grc' dir='ltr'>μακαρίου</span> <span class='ocrx_word' id='word_1_511' title='bbox 3079 3015 3279 3069; x_wconf 86' lang='grc' dir='ltr'>κλαίων</span> <span class='ocrx_word' id='word_1_512' title='bbox 3340 3016 3434 3068; x_wconf 61' lang='grc' dir='ltr'><strong>καὶ⁵</strong></span> <span class='ocrx_word' id='word_1_513' title='bbox 3486 3014 3659 3082; x_wconf 82' lang='grc' dir='ltr'>λέγων</span> <span class='ocrx_word' id='word_1_514' title='bbox 3692 3031 3707 3046; x_wconf 88' lang='grc'>·</span> <span class='ocrx_word' id='word_1_515' title='bbox 3771 3015 3975 3075; x_wconf 76' lang='grc' dir='ltr'>Καλῶς</span> 
     </span>
    </p>
   </div>
   <div class='ocr_carea' id='block_1_74' title="bbox 2382 3106 3975 3179">
    <p class='ocr_par' dir='ltr' id='par_1_74' title="bbox 2382 3106 3975 3179">
     <span class='ocr_line' id='line_1_74' title="bbox 2382 3106 3975 3179; baseline -0.003 -18"><span class='ocrx_word' id='word_1_516' title='bbox 2382 3109 2719 3178; x_wconf 83' lang='grc' dir='ltr'>παρεγένετο</span> <span class='ocrx_word' id='word_1_517' title='bbox 2742 3110 2773 3161; x_wconf 88' lang='lat'><strong>6</strong></span> <span class='ocrx_word' id='word_1_518' title='bbox 2800 3108 3003 3179; x_wconf 83' lang='grc' dir='ltr'>ποιμὴν</span> <span class='ocrx_word' id='word_1_519' title='bbox 3030 3111 3057 3161; x_wconf 92' lang='lat'><strong>6</strong></span> <span class='ocrx_word' id='word_1_520' title='bbox 3087 3106 3275 3171; x_wconf 72' lang='grc' dir='ltr'>καλὸς,</span> <span class='ocrx_word' id='word_1_521' title='bbox 3302 3108 3330 3160; x_wconf 90' lang='lat'><strong>6</strong></span> <span class='ocrx_word' id='word_1_522' title='bbox 3360 3106 3530 3159; x_wconf 85' lang='grc' dir='ltr'>πολλά</span> <span class='ocrx_word' id='word_1_523' title='bbox 3560 3106 3801 3175; x_wconf 80' lang='grc' dir='ltr'>ἀθλήσας</span> <span class='ocrx_word' id='word_1_524' title='bbox 3824 3107 3975 3176; x_wconf 81' lang='grc' dir='ltr'>ὑπὲρ</span> 
     </span>
    </p>
   </div>
   <div class='ocr_carea' id='block_1_75' title="bbox 2381 3196 3971 3268">
    <p class='ocr_par' dir='ltr' id='par_1_75' title="bbox 2381 3196 3971 3268">
     <span class='ocr_line' id='line_1_75' title="bbox 2381 3196 3971 3268; baseline -0.003 -17"><span class='ocrx_word' id='word_1_525' title='bbox 2381 3197 2475 3251; x_wconf 84' lang='grc' dir='ltr'>τοῦ</span> <span class='ocrx_word' id='word_1_526' title='bbox 2510 3199 2641 3252; x_wconf 89' lang='grc' dir='ltr'>ίδίου</span> <span class='ocrx_word' id='word_1_527' title='bbox 2672 3199 2949 3268; x_wconf 85' lang='grc' dir='ltr'>ποιμνίου.</span> <span class='ocrx_word' id='word_1_528' title='bbox 2990 3198 3050 3250; x_wconf 83' lang='grc'><strong>’0</strong></span> <span class='ocrx_word' id='word_1_529' title='bbox 3084 3198 3139 3249; x_wconf 88' lang='grc' dir='ltr'>δὲ</span> <span class='ocrx_word' id='word_1_530' title='bbox 3176 3198 3455 3267; x_wconf 84' lang='grc' dir='ltr'>κρατήσας</span> <span class='ocrx_word' id='word_1_531' title='bbox 3499 3197 3721 3265; x_wconf 66' lang='grc' dir='ltr'>ἤγειρεν</span> <span class='ocrx_word' id='word_1_532' title='bbox 3782 3196 3971 3258; x_wconf 80' lang='grc' dir='ltr'>αὐτὸν,</span> 
     </span>
    </p>
   </div>
   <div class='ocr_carea' id='block_1_76' title="bbox 2387 3286 3971 3360">
    <p class='ocr_par' dir='ltr' id='par_1_76' title="bbox 2387 3286 3971 3360">
     <span class='ocr_line' id='line_1_76' title="bbox 2387 3286 3971 3360; baseline 0.004 -17"><span class='ocrx_word' id='word_1_533' title='bbox 2387 3293 2481 3343; x_wconf 70' lang='grc' dir='ltr'><strong>καὶ</strong></span> <span class='ocrx_word' id='word_1_534' title='bbox 2526 3288 2813 3360; x_wconf 75' lang='grc' dir='ltr'>ἠρώτησεν</span> <span class='ocrx_word' id='word_1_535' title='bbox 2857 3288 3020 3343; x_wconf 81' lang='grc' dir='ltr'>αὑτὸν</span> <span class='ocrx_word' id='word_1_536' title='bbox 3056 3288 3125 3341; x_wconf 71' lang='grc' dir='ltr'><strong>τά</strong></span> <span class='ocrx_word' id='word_1_537' title='bbox 3174 3287 3311 3355; x_wconf 80' lang='grc' dir='ltr'>πρὸς</span> <span class='ocrx_word' id='word_1_538' title='bbox 3339 3288 3565 3358; x_wconf 73' lang='grc' dir='ltr'>εἰρήνην</span> <span class='ocrx_word' id='word_1_539' title='bbox 3592 3290 3692 3353; x_wconf 81' lang='grc' dir='ltr'><strong>τῆς</strong></span> <span class='ocrx_word' id='word_1_540' title='bbox 3731 3286 3971 3350; x_wconf 64' lang='grc' dir='ltr'>πόλεως.</span> 
     </span>
    </p>
   </div>
   <div class='ocr_carea' id='block_1_77' title="bbox 2388 3378 3975 3451">
    <p class='ocr_par' dir='ltr' id='par_1_77' title="bbox 2388 3378 3975 3451">
     <span class='ocr_line' id='line_1_77' title="bbox 2388 3378 3975 3451; baseline -0.003 -17"><span class='ocrx_word' id='word_1_541' title='bbox 2388 3383 2481 3434; x_wconf 79' lang='grc' dir='ltr'><strong>καὶ</strong></span> <span class='ocrx_word' id='word_1_542' title='bbox 2515 3381 2641 3451; x_wconf 76' lang='grc' dir='ltr'>περὶ</span> <span class='ocrx_word' id='word_1_543' title='bbox 2672 3382 2784 3433; x_wconf 85' lang='grc' dir='ltr'>τῶν</span> <span class='ocrx_word' id='word_1_544' title='bbox 2814 3380 3130 3451; x_wconf 77' lang='grc' dir='ltr'>τριδούνων,</span> <span class='ocrx_word' id='word_1_545' title='bbox 3169 3380 3264 3433; x_wconf 75' lang='grc' dir='ltr'><strong>καὶ</strong></span> <span class='ocrx_word' id='word_1_546' title='bbox 3296 3380 3423 3448; x_wconf 82' lang='grc' dir='ltr'>περὶ</span> <span class='ocrx_word' id='word_1_547' title='bbox 3451 3380 3543 3431; x_wconf 80' lang='grc' dir='ltr'>τοῦ</span> <span class='ocrx_word' id='word_1_548' title='bbox 3570 3378 3702 3432; x_wconf 79' lang='grc' dir='ltr'>λαοῦ</span> <span class='ocrx_word' id='word_1_549' title='bbox 3738 3394 3752 3407; x_wconf 92' lang='grc'><strong>·</strong></span> <span class='ocrx_word' id='word_1_550' title='bbox 3783 3380 3975 3430; x_wconf 63' lang='grc' dir='ltr'>λοιπον</span> 
     </span>
    </p>
   </div>
   <div class='ocr_carea' id='block_1_78' title="bbox 2384 3468 3975 3541">
    <p class='ocr_par' dir='ltr' id='par_1_78' title="bbox 2384 3468 3975 3541">
     <span class='ocr_line' id='line_1_78' title="bbox 2384 3468 3975 3541; baseline -0.002 -17"><span class='ocrx_word' id='word_1_551' title='bbox 2384 3471 2441 3523; x_wconf 81' lang='grc' dir='ltr'>δὲ</span> <span class='ocrx_word' id='word_1_552' title='bbox 2475 3473 2571 3524; x_wconf 83' lang='grc' dir='ltr'>καὶ</span> <span class='ocrx_word' id='word_1_553' title='bbox 2597 3473 2725 3541; x_wconf 80' lang='grc' dir='ltr'>περὶ</span> <span class='ocrx_word' id='word_1_554' title='bbox 2755 3470 2865 3523; x_wconf 85' lang='grc' dir='ltr'><strong>τῶν</strong></span> <span class='ocrx_word' id='word_1_555' title='bbox 2918 3471 3123 3537; x_wconf 80' lang='grc' dir='ltr'>γονέων</span> <span class='ocrx_word' id='word_1_556' title='bbox 3180 3468 3363 3525; x_wconf 83' lang='grc' dir='ltr'>αὑτοῦ.</span> <span class='ocrx_word' id='word_1_557' title='bbox 3432 3469 3782 3539; x_wconf 74' lang='grc' dir='ltr'>Ἀποκριθεὶς</span> <span class='ocrx_word' id='word_1_558' title='bbox 3833 3468 3894 3523; x_wconf 79' lang='grc' dir='ltr'>δὲ</span> <span class='ocrx_word' id='word_1_559' title='bbox 3944 3472 3975 3521; x_wconf 84' lang='lat'><strong>6</strong></span> 
     </span>
    </p>
   </div>
   <div class='ocr_carea' id='block_1_79' title="bbox 2386 3560 3975 3632">
    <p class='ocr_par' dir='ltr' id='par_1_79' title="bbox 2386 3560 3975 3632">
     <span class='ocr_line' id='line_1_79' title="bbox 2386 3560 3975 3632; baseline -0.001 -18"><span class='ocrx_word' id='word_1_560' title='bbox 2386 3563 2763 3632; x_wconf 83' lang='grc' dir='ltr'>ἀρχιδιάκονος</span> <span class='ocrx_word' id='word_1_561' title='bbox 2789 3561 2936 3627; x_wconf 83' lang='grc' dir='ltr'>λέγει</span> <span class='ocrx_word' id='word_1_562' title='bbox 2965 3560 3119 3629; x_wconf 86' lang='grc' dir='ltr'>αὑτῷ</span> <span class='ocrx_word' id='word_1_563' title='bbox 3146 3580 3158 3591; x_wconf 91' lang='grc'><strong>·</strong></span> <span class='ocrx_word' id='word_1_564' title='bbox 3184 3563 3261 3612; x_wconf 83' lang='grc' dir='ltr'><strong>Δι’</strong></span> <span class='ocrx_word' id='word_1_565' title='bbox 3286 3560 3458 3631; x_wconf 85' lang='grc' dir='ltr'>εὐχῶν</span> <span class='ocrx_word' id='word_1_566' title='bbox 3486 3578 3603 3621; x_wconf 85' lang='grc' dir='ltr'>σου,</span> <span class='ocrx_word' id='word_1_567' title='bbox 3636 3562 3759 3627; x_wconf 77' lang='grc' dir='ltr'>ἆγιε</span> <span class='ocrx_word' id='word_1_568' title='bbox 3786 3560 3975 3631; x_wconf 84' lang='grc' dir='ltr'>Πάτερ</span> 
     </span>
    </p>
   </div>
   <div class='ocr_carea' id='block_1_80' title="bbox 2383 3651 3974 3723">
    <p class='ocr_par' dir='ltr' id='par_1_80' title="bbox 2383 3651 3974 3723">
     <span class='ocr_line' id='line_1_80' title="bbox 2383 3651 3974 3723; baseline -0.002 -17"><span class='ocrx_word' id='word_1_569' title='bbox 2383 3654 2521 3716; x_wconf 86' lang='grc' dir='ltr'>ὄσιε,</span> <span class='ocrx_word' id='word_1_570' title='bbox 2556 3654 2724 3707; x_wconf 80' lang='grc' dir='ltr'>πᾶσιν</span> <span class='ocrx_word' id='word_1_571' title='bbox 2775 3655 2804 3705; x_wconf 93' lang='lat'><strong>6</strong></span> <span class='ocrx_word' id='word_1_572' title='bbox 2852 3652 2983 3713; x_wconf 86' lang='grc' dir='ltr'>Θεδς</span> <span class='ocrx_word' id='word_1_573' title='bbox 3036 3653 3262 3722; x_wconf 84' lang='grc' dir='ltr'>είρήνην</span> <span class='ocrx_word' id='word_1_574' title='bbox 3319 3651 3586 3723; x_wconf 60' lang='grc' dir='ltr'>σταθερὰν</span> <span class='ocrx_word' id='word_1_575' title='bbox 3630 3653 3974 3722; x_wconf 73' lang='grc' dir='ltr'>ἐδωρήσατο,</span> 
     </span>
    </p>
   </div>
   <div class='ocr_carea' id='block_1_81' title="bbox 2386 3740 3976 3813">
    <p class='ocr_par' dir='ltr' id='par_1_81' title="bbox 2386 3740 3976 3813">
     <span class='ocr_line' id='line_1_81' title="bbox 2386 3740 3976 3813; baseline -0.001 -17"><span class='ocrx_word' id='word_1_576' title='bbox 2386 3740 2553 3796; x_wconf 81' lang='grc' dir='ltr'>Εἶπεν</span> <span class='ocrx_word' id='word_1_577' title='bbox 2578 3743 2634 3796; x_wconf 83' lang='grc' dir='ltr'>δὲ</span> <span class='ocrx_word' id='word_1_578' title='bbox 2668 3742 2820 3812; x_wconf 86' lang='grc' dir='ltr'><strong>αὺτῷ</strong></span> <span class='ocrx_word' id='word_1_579' title='bbox 2852 3745 2881 3795; x_wconf 91' lang='grc' dir='ltr'><strong>ό</strong></span> <span class='ocrx_word' id='word_1_580' title='bbox 2909 3743 3209 3813; x_wconf 85' lang='grc' dir='ltr'>Γρηγόριος</span> <span class='ocrx_word' id='word_1_581' title='bbox 3238 3757 3251 3769; x_wconf 76' lang='grc'><strong><em>⁸</em></strong></span> <span class='ocrx_word' id='word_1_582' title='bbox 3290 3741 3545 3805; x_wconf 79' lang='grc' dir='ltr'>Ἀπελθε,</span> <span class='ocrx_word' id='word_1_583' title='bbox 3596 3743 3813 3801; x_wconf 82' lang='grc' dir='ltr'>τέκνον,</span> <span class='ocrx_word' id='word_1_584' title='bbox 3864 3745 3976 3794; x_wconf 76' lang='grc' dir='ltr'>απ-</span> 
     </span>
    </p>
   </div>
   <div class='ocr_carea' id='block_1_82' title="bbox 2384 3831 3976 3902">
    <p class='ocr_par' dir='ltr' id='par_1_82' title="bbox 2384 3831 3976 3902">
     <span class='ocr_line' id='line_1_82' title="bbox 2384 3831 3976 3902; baseline -0.001 -17"><span class='ocrx_word' id='word_1_585' title='bbox 2384 3832 2638 3899; x_wconf 85' lang='grc' dir='ltr'>άγγειλον</span> <span class='ocrx_word' id='word_1_586' title='bbox 2661 3832 2741 3902; x_wconf 82' lang='grc' dir='ltr'>τῷ</span> <span class='ocrx_word' id='word_1_587' title='bbox 2774 3833 3013 3901; x_wconf 80' lang='grc' dir='ltr'>φιλτάτῳ</span> <span class='ocrx_word' id='word_1_588' title='bbox 3048 3831 3202 3901; x_wconf 84' lang='grc' dir='ltr'>ήμῶν</span> <span class='ocrx_word' id='word_1_589' title='bbox 3225 3832 3337 3900; x_wconf 85' lang='grc' dir='ltr'><strong>λαῷ</strong></span> <span class='ocrx_word' id='word_1_590' title='bbox 3359 3832 3457 3901; x_wconf 87' lang='grc' dir='ltr'><strong>τὴν</strong></span> <span class='ocrx_word' id='word_1_591' title='bbox 3508 3833 3610 3902; x_wconf 77' lang='grc' dir='ltr'><strong>τῆς</strong></span> <span class='ocrx_word' id='word_1_592' title='bbox 3660 3833 3821 3901; x_wconf 77' lang='grc' dir='ltr'>ἡμῶν</span> <span class='ocrx_word' id='word_1_593' title='bbox 3874 3851 3976 3900; x_wconf 79' lang='grc' dir='ltr'>με-</span> 
     </span>
    </p>
   </div>
   <div class='ocr_carea' id='block_1_83' title="bbox 2383 3921 3975 3992">
    <p class='ocr_par' dir='ltr' id='par_1_83' title="bbox 2383 3921 3975 3992">
     <span class='ocr_line' id='line_1_83' title="bbox 2383 3921 3975 3992; baseline 0 -19"><span class='ocrx_word' id='word_1_594' title='bbox 2383 3925 2662 3992; x_wconf 84' lang='grc' dir='ltr'>τριότητος</span> <span class='ocrx_word' id='word_1_595' title='bbox 2685 3924 3012 3991; x_wconf 80' lang='grc' dir='ltr'>παρουσίαν.</span> <span class='ocrx_word' id='word_1_596' title='bbox 3055 3922 3310 3991; x_wconf 83' lang='grc' dir='ltr'>Δρομέως</span> <span class='ocrx_word' id='word_1_597' title='bbox 3338 3923 3394 3973; x_wconf 86' lang='grc' dir='ltr'>δὲ</span> <span class='ocrx_word' id='word_1_598' title='bbox 3439 3921 3679 3975; x_wconf 83' lang='grc' dir='ltr'>ἀνελθὼν</span> <span class='ocrx_word' id='word_1_599' title='bbox 3732 3926 3761 3975; x_wconf 90' lang='lat'><strong>6</strong></span> <span class='ocrx_word' id='word_1_600' title='bbox 3808 3924 3975 3991; x_wconf 65' lang='grc' dir='ltr'>ἀρχε-</span> 
     </span>
    </p>
   </div>
   <div class='ocr_carea' id='block_1_84' title="bbox 2382 4012 3971 4082">
    <p class='ocr_par' dir='ltr' id='par_1_84' title="bbox 2382 4012 3971 4082">
     <span class='ocr_line' id='line_1_84' title="bbox 2382 4012 3971 4082; baseline 0.002 -19"><span class='ocrx_word' id='word_1_601' title='bbox 2382 4012 2628 4074; x_wconf 70' lang='grc' dir='ltr'>διάκονος</span> <span class='ocrx_word' id='word_1_602' title='bbox 2656 4012 2990 4081; x_wconf 77' lang='grc' dir='ltr'>ἀπήγγειλεν</span> <span class='ocrx_word' id='word_1_603' title='bbox 3030 4015 3110 4075; x_wconf 82' lang='grc' dir='ltr'>εἰς</span> <span class='ocrx_word' id='word_1_604' title='bbox 3148 4013 3247 4082; x_wconf 77' lang='grc' dir='ltr'><strong>τὴν</strong></span> <span class='ocrx_word' id='word_1_605' title='bbox 3280 4013 3434 4065; x_wconf 88' lang='grc' dir='ltr'>πόλιν</span> <span class='ocrx_word' id='word_1_606' title='bbox 3465 4012 3847 4082; x_wconf 82' lang='grc' dir='ltr'>διηγούμενος,</span> <span class='ocrx_word' id='word_1_607' title='bbox 3888 4017 3971 4066; x_wconf 66' lang='grc' dir='ltr'><strong>ἐτι</strong></span> 
     </span>
    </p>
   </div>
   <div class='ocr_carea' id='block_1_85' title="bbox 2385 4088 3970 4174">
    <p class='ocr_par' dir='ltr' id='par_1_85' title="bbox 2385 4088 3970 4174">
     <span class='ocr_line' id='line_1_85' title="bbox 2385 4088 3970 4174; baseline 0.001 -20"><span class='ocrx_word' id='word_1_608' title='bbox 2385 4102 2548 4157; x_wconf 80' lang='grc' dir='ltr'>Ἤκει</span> <span class='ocrx_word' id='word_1_609' title='bbox 2582 4088 2832 4172; x_wconf 12' lang='grc' dir='ltr'>ὁνκύριος</span> <span class='ocrx_word' id='word_1_610' title='bbox 2867 4104 3023 4173; x_wconf 78' lang='grc' dir='ltr'>ἡμῶν</span> <span class='ocrx_word' id='word_1_611' title='bbox 3052 4105 3147 4155; x_wconf 79' lang='grc' dir='ltr'>καὶ</span> <span class='ocrx_word' id='word_1_612' title='bbox 3186 4104 3361 4166; x_wconf 76' lang='grc' dir='ltr'>κοινὸς</span> <span class='ocrx_word' id='word_1_613' title='bbox 3388 4104 3575 4174; x_wconf 82' lang='grc' dir='ltr'>Πατὴρ</span> <span class='ocrx_word' id='word_1_614' title='bbox 3603 4105 3764 4173; x_wconf 75' lang='grc' dir='ltr'>ἡμῶν</span> <span class='ocrx_word' id='word_1_615' title='bbox 3798 4108 3855 4156; x_wconf 82' lang='grc' dir='ltr'>ἐν</span> <span class='ocrx_word' id='word_1_616' title='bbox 3892 4105 3970 4174; x_wconf 77' lang='grc' dir='ltr'><strong>τῷ</strong></span> 
     </span>
    </p>
   </div>
   <div class='ocr_carea' id='block_1_86' title="bbox 2383 4194 3969 4267">
    <p class='ocr_par' dir='ltr' id='par_1_86' title="bbox 2383 4194 3969 4267">
     <span class='ocr_line' id='line_1_86' title="bbox 2383 4194 3969 4267; baseline 0 -20"><span class='ocrx_word' id='word_1_617' title='bbox 2383 4195 2715 4267; x_wconf 82' lang='grc' dir='ltr'>περιπολέῳ.</span> <span class='ocrx_word' id='word_1_618' title='bbox 2770 4195 3128 4258; x_wconf 84' lang='grc' dir='ltr'>Ἀκούσαντες</span> <span class='ocrx_word' id='word_1_619' title='bbox 3153 4194 3210 4247; x_wconf 81' lang='grc' dir='ltr'>δὲ</span> <span class='ocrx_word' id='word_1_620' title='bbox 3240 4197 3290 4247; x_wconf 81' lang='grc' dir='ltr'>οἱ</span> <span class='ocrx_word' id='word_1_621' title='bbox 3324 4197 3424 4263; x_wconf 75' lang='grc' dir='ltr'>τῆς</span> <span class='ocrx_word' id='word_1_622' title='bbox 3454 4194 3663 4257; x_wconf 82' lang='grc' dir='ltr'>πόλεως</span> <span class='ocrx_word' id='word_1_623' title='bbox 3686 4196 3880 4265; x_wconf 77' lang='grc' dir='ltr'>τριεοῦ</span> <span class='ocrx_word' id='word_1_624' title='bbox 3899 4196 3969 4248; x_wconf 72' lang='grc' dir='ltr'><strong>,οἱ</strong></span> 
     </span>
    </p>
   </div>
   <div class='ocr_carea' id='block_1_87' title="bbox 2382 4287 3969 4359">
    <p class='ocr_par' dir='ltr' id='par_1_87' title="bbox 2382 4287 3969 4359">
     <span class='ocr_line' id='line_1_87' title="bbox 2382 4287 3969 4359; baseline 0.001 -18"><span class='ocrx_word' id='word_1_625' title='bbox 2382 4307 2440 4341; x_wconf 89' lang='grc' dir='ltr'><strong>τε</strong></span> <span class='ocrx_word' id='word_1_626' title='bbox 2474 4290 2567 4341; x_wconf 80' lang='grc' dir='ltr'><strong>καὶ</strong></span> <span class='ocrx_word' id='word_1_627' title='bbox 2593 4288 2872 4359; x_wconf 80' lang='grc' dir='ltr'>ἄρχοντες,</span> <span class='ocrx_word' id='word_1_628' title='bbox 2904 4287 3094 4358; x_wconf 80' lang='grc' dir='ltr'>ἄνδρες</span> <span class='ocrx_word' id='word_1_629' title='bbox 3130 4304 3188 4338; x_wconf 87' lang='grc' dir='ltr'><strong>τε</strong></span> <span class='ocrx_word' id='word_1_630' title='bbox 3249 4290 3343 4340; x_wconf 72' lang='grc' dir='ltr'>καὶ</span> <span class='ocrx_word' id='word_1_631' title='bbox 3404 4291 3662 4355; x_wconf 85' lang='grc' dir='ltr'>γυναῖκες</span> <span class='ocrx_word' id='word_1_632' title='bbox 3706 4291 3805 4341; x_wconf 79' lang='grc' dir='ltr'>καὶ</span> <span class='ocrx_word' id='word_1_633' title='bbox 3858 4291 3969 4352; x_wconf 74' lang='grc' dir='ltr'>ἕως</span> 
     </span>
    </p>
   </div>
   <div class='ocr_carea' id='block_1_88' title="bbox 2388 4377 3969 4451">
    <p class='ocr_par' dir='ltr' id='par_1_88' title="bbox 2388 4377 3969 4451">
     <span class='ocr_line' id='line_1_88' title="bbox 2388 4377 3969 4451; baseline 0 -20"><span class='ocrx_word' id='word_1_634' title='bbox 2388 4378 2587 4451; x_wconf 83' lang='grc' dir='ltr'>μικροῦ</span> <span class='ocrx_word' id='word_1_635' title='bbox 2643 4377 2989 4447; x_wconf 74' lang='grc' dir='ltr'>θηλάζοντος,</span> <span class='ocrx_word' id='word_1_636' title='bbox 3040 4378 3291 4442; x_wconf 74' lang='grc' dir='ltr'>ἐδόξαζον</span> <span class='ocrx_word' id='word_1_637' title='bbox 3345 4378 3439 4431; x_wconf 81' lang='grc' dir='ltr'>καὶ</span> <span class='ocrx_word' id='word_1_638' title='bbox 3484 4380 3846 4449; x_wconf 77' lang='grc' dir='ltr'>εὐχαρίστουν</span> <span class='ocrx_word' id='word_1_639' title='bbox 3890 4381 3969 4448; x_wconf 80' lang='grc' dir='ltr'>τῷ</span> 
     </span>
    </p>
   </div>
   <div class='ocr_carea' id='block_1_89' title="bbox 2384 4470 3967 4541">
    <p class='ocr_par' dir='ltr' id='par_1_89' title="bbox 2384 4470 3967 4541">
     <span class='ocr_line' id='line_1_89' title="bbox 2384 4470 3967 4541; baseline -0.003 -17"><span class='ocrx_word' id='word_1_640' title='bbox 2384 4472 2503 4540; x_wconf 84' lang='grc' dir='ltr'><strong>Θεῷ</strong></span> <span class='ocrx_word' id='word_1_641' title='bbox 2529 4472 2607 4541; x_wconf 84' lang='grc' dir='ltr'>τῷ</span> <span class='ocrx_word' id='word_1_642' title='bbox 2631 4471 2923 4537; x_wconf 79' lang='grc' dir='ltr'>ἀξιώσαντι</span> <span class='ocrx_word' id='word_1_643' title='bbox 2953 4471 3147 4533; x_wconf 77' lang='grc' dir='ltr'>αὐτοὺς</span> <span class='ocrx_word' id='word_1_644' title='bbox 3166 4470 3426 4539; x_wconf 85' lang='grc' dir='ltr'>τοιαύτην</span> <span class='ocrx_word' id='word_1_645' title='bbox 3452 4470 3716 4537; x_wconf 80' lang='grc' dir='ltr'>ἀγγελίαν</span> <span class='ocrx_word' id='word_1_646' title='bbox 3746 4472 3967 4539; x_wconf 66' lang='grc' dir='ltr'>ἀγαθὴ-ι</span> 
     </span>
    </p>
   </div>
   <div class='ocr_carea' id='block_1_90' title="bbox 702 4560 2349 4637">
    <p class='ocr_par' dir='ltr' id='par_1_90' title="bbox 702 4560 2349 4637">
     <span class='ocr_line' id='line_1_90' title="bbox 702 4560 2349 4637; baseline 0.012 -29"><span class='ocrx_word' id='word_1_647' title='bbox 702 4560 869 4627; x_wconf 76' lang='lat' dir='ltr'><strong>putus</strong></span> <span class='ocrx_word' id='word_1_648' title='bbox 903 4561 1213 4623; x_wconf 69' lang='lat' dir='ltr'><strong>universus,</strong></span> <span class='ocrx_word' id='word_1_649' title='bbox 1248 4574 1490 4631; x_wconf 86' lang='lat' dir='ltr'><strong>quantus</strong></span> <span class='ocrx_word' id='word_1_650' title='bbox 1518 4580 1710 4634; x_wconf 89' lang='lat' dir='ltr'><strong>nempe</strong></span> <span class='ocrx_word' id='word_1_651' title='bbox 1742 4568 1793 4619; x_wconf 93' lang='lat' dir='ltr'><strong>in</strong></span> <span class='ocrx_word' id='word_1_652' title='bbox 1829 4577 1939 4621; x_wconf 86' lang='lat' dir='ltr'><strong>tota</strong></span> <span class='ocrx_word' id='word_1_653' title='bbox 1978 4571 2111 4625; x_wconf 90' lang='lat' dir='ltr'><strong>urbe</strong></span> <span class='ocrx_word' id='word_1_654' title='bbox 2134 4584 2271 4637; x_wconf 89' lang='lat' dir='ltr'><strong>erat,</strong></span> <span class='ocrx_word' id='word_1_655' title='bbox 2305 4568 2349 4627; x_wconf 92' lang='lat' dir='ltr'><strong>D</strong></span> 
     </span>
    </p>
   </div>
   <div class='ocr_carea' id='block_1_91' title="bbox 2379 4560 3967 4637">
    <p class='ocr_par' dir='ltr' id='par_1_91' title="bbox 2382 4562 3967 4635">
     <span class='ocr_line' id='line_1_91' title="bbox 2382 4562 3967 4635; baseline -0.001 -18"><span class='ocrx_word' id='word_1_656' title='bbox 2382 4564 2635 4629; x_wconf 78' lang='grc' dir='ltr'>δέξασθαι</span> <span class='ocrx_word' id='word_1_657' title='bbox 2669 4562 2923 4635; x_wconf 76' lang='grc' dir='ltr'>περὶτοῦ</span> <span class='ocrx_word' id='word_1_658' title='bbox 2969 4564 3239 4633; x_wconf 85' lang='grc' dir='ltr'>μακαρίου</span> <span class='ocrx_word' id='word_1_659' title='bbox 3284 4562 3463 4615; x_wconf 85' lang='grc' dir='ltr'>αὐτῶν</span> <span class='ocrx_word' id='word_1_660' title='bbox 3511 4564 3795 4632; x_wconf 82' lang='grc' dir='ltr'>ποιμένος.</span> <span class='ocrx_word' id='word_1_661' title='bbox 3857 4566 3967 4615; x_wconf 53' lang='grc' dir='ltr'><strong>Καὶ</strong></span> 
     </span>
    </p>
   </div>
   <div class='ocr_carea' id='block_1_92' title="bbox 703 4649 2275 4728">
    <p class='ocr_par' dir='ltr' id='par_1_92' title="bbox 703 4649 2275 4728">
     <span class='ocr_line' id='line_1_92' title="bbox 703 4649 2275 4728; baseline 0.009 -27"><span class='ocrx_word' id='word_1_662' title='bbox 703 4649 921 4702; x_wconf 84' lang='lat' dir='ltr'><strong>obviam</strong></span> <span class='ocrx_word' id='word_1_663' title='bbox 955 4663 1146 4704; x_wconf 81' lang='lat' dir='ltr'><strong>sancto</strong></span> <span class='ocrx_word' id='word_1_664' title='bbox 1169 4651 1435 4721; x_wconf 79' lang='lat' dir='ltr'><strong>Gregorio</strong></span> <span class='ocrx_word' id='word_1_665' title='bbox 1470 4656 1746 4721; x_wconf 79' lang='lat' dir='ltr'><strong>exierunt,</strong></span> <span class='ocrx_word' id='word_1_666' title='bbox 1780 4675 1950 4728; x_wconf 91' lang='lat' dir='ltr'><strong>usque</strong></span> <span class='ocrx_word' id='word_1_667' title='bbox 1982 4662 2044 4713; x_wconf 88' lang='lat' dir='ltr'><strong>ad</strong></span> <span class='ocrx_word' id='word_1_668' title='bbox 2084 4678 2275 4715; x_wconf 76' lang='lat' dir='ltr'><strong>mona-</strong></span> 
     </span>
    </p>
   </div>
   <div class='ocr_carea' id='block_1_93' title="bbox 700 4742 2271 4817">
    <p class='ocr_par' dir='ltr' id='par_1_93' title="bbox 700 4742 2271 4817">
     <span class='ocr_line' id='line_1_93' title="bbox 700 4742 2271 4817; baseline 0.01 -27"><span class='ocrx_word' id='word_1_669' title='bbox 700 4742 957 4801; x_wconf 77' lang='lat' dir='ltr'><strong>sterium,</strong></span> <span class='ocrx_word' id='word_1_670' title='bbox 994 4755 1101 4806; x_wconf 84' lang='lat' dir='ltr'><strong>quo</strong></span> <span class='ocrx_word' id='word_1_671' title='bbox 1142 4742 1230 4795; x_wconf 91' lang='lat' dir='ltr'><strong>ille</strong></span> <span class='ocrx_word' id='word_1_672' title='bbox 1268 4743 1462 4796; x_wconf 87' lang='lat' dir='ltr'><strong>relicto</strong></span> <span class='ocrx_word' id='word_1_673' title='bbox 1503 4746 1718 4816; x_wconf 83' lang='lat' dir='ltr'><strong>navigio</strong></span> <span class='ocrx_word' id='word_1_674' title='bbox 1758 4760 2124 4804; x_wconf 79' lang='lat' dir='ltr'><strong>concesserat.</strong></span> <span class='ocrx_word' id='word_1_675' title='bbox 2174 4752 2271 4817; x_wconf 87' lang='lat' dir='ltr'><strong>lbi,</strong></span> 
     </span>
    </p>
   </div>
   <div class='ocr_carea' id='block_1_94' title="bbox 698 4832 2273 4898">
    <p class='ocr_par' dir='ltr' id='par_1_94' title="bbox 698 4832 2273 4898">
     <span class='ocr_line' id='line_1_94' title="bbox 698 4832 2273 4898; baseline 0.01 -16"><span class='ocrx_word' id='word_1_676' title='bbox 698 4846 828 4883; x_wconf 86' lang='lat' dir='ltr'><strong>cum</strong></span> <span class='ocrx_word' id='word_1_677' title='bbox 865 4832 1097 4885; x_wconf 74' lang='lat' dir='ltr'><strong>invicen&#39;.</strong></span> <span class='ocrx_word' id='word_1_678' title='bbox 1140 4835 1535 4898; x_wconf 83' lang='lat' dir='ltr'><strong>occurrissent.</strong></span> <span class='ocrx_word' id='word_1_679' title='bbox 1566 4838 1945 4895; x_wconf 86' lang='lat' dir='ltr'><strong>obsecratione</strong></span> <span class='ocrx_word' id='word_1_680' title='bbox 1976 4842 2116 4897; x_wconf 81' lang='lat' dir='ltr'><strong>facta</strong></span> <span class='ocrx_word' id='word_1_681' title='bbox 2149 4860 2273 4898; x_wconf 87' lang='lat' dir='ltr'><strong>con-</strong></span> 
     </span>
    </p>
   </div>
   <div class='ocr_carea' id='block_1_95' title="bbox 702 4922 981 4979">
    <p class='ocr_par' dir='ltr' id='par_1_95' title="bbox 702 4922 981 4979">
     <span class='ocr_line' id='line_1_95' title="bbox 702 4922 981 4979; baseline -0.004 0"><span class='ocrx_word' id='word_1_682' title='bbox 702 4922 981 4979; x_wconf 72' lang='lat' dir='ltr'><strong>sederunt.</strong></span> 
     </span>
    </p>
   </div>
   <div class='ocr_carea' id='block_1_96' title="bbox 778 5185 2273 5263">
    <p class='ocr_par' dir='ltr' id='par_1_96' title="bbox 778 5185 2273 5263">
     <span class='ocr_line' id='line_1_96' title="bbox 778 5185 2273 5263; baseline 0.009 -22"><span class='ocrx_word' id='word_1_683' title='bbox 778 5185 911 5241; x_wconf 79' lang='lat' dir='ltr'><strong>XCI.</strong></span> <span class='ocrx_word' id='word_1_684' title='bbox 954 5194 1070 5242; x_wconf 78' lang='lat' dir='ltr'><strong>Jam</strong></span> <span class='ocrx_word' id='word_1_685' title='bbox 1122 5204 1254 5243; x_wconf 89' lang='lat' dir='ltr'><strong>vero</strong></span> <span class='ocrx_word' id='word_1_686' title='bbox 1299 5191 1409 5252; x_wconf 80' lang='lat' dir='ltr'><strong>ille.</strong></span> <span class='ocrx_word' id='word_1_687' title='bbox 1443 5192 1619 5246; x_wconf 85' lang='lat' dir='ltr'><strong>salute</strong></span> <span class='ocrx_word' id='word_1_688' title='bbox 1667 5195 1867 5263; x_wconf 83' lang='lat' dir='ltr'><strong>pepqu</strong></span> <span class='ocrx_word' id='word_1_689' title='bbox 1905 5196 2047 5251; x_wconf 86' lang='lat' dir='ltr'><strong>dicta</strong></span> <span class='ocrx_word' id='word_1_690' title='bbox 2092 5199 2273 5262; x_wconf 81' lang='lat' dir='ltr'><strong>parvis</strong></span> 
     </span>
    </p>
   </div>
   <div class='ocr_carea' id='block_1_97' title="bbox 702 5279 2270 5352">
    <p class='ocr_par' dir='ltr' id='par_1_97' title="bbox 702 5279 2270 5352">
     <span class='ocr_line' id='line_1_97' title="bbox 702 5279 2270 5352; baseline 0.006 -20"><span class='ocrx_word' id='word_1_691' title='bbox 702 5279 1049 5349; x_wconf 84' lang='lat' dir='ltr'><strong>magnisque,</strong></span> <span class='ocrx_word' id='word_1_692' title='bbox 1105 5283 1497 5335; x_wconf 82' lang='lat' dir='ltr'><strong>monasterium</strong></span> <span class='ocrx_word' id='word_1_693' title='bbox 1551 5285 1804 5352; x_wconf 85' lang='lat' dir='ltr'><strong>reliquit,</strong></span> <span class='ocrx_word' id='word_1_694' title='bbox 1858 5294 1911 5339; x_wconf 90' lang='lat' dir='ltr'><strong>et</strong></span> <span class='ocrx_word' id='word_1_695' title='bbox 1959 5287 2024 5341; x_wconf 80' lang='lat' dir='ltr'><strong>ad</strong></span> <span class='ocrx_word' id='word_1_696' title='bbox 2081 5288 2270 5342; x_wconf 89' lang='lat' dir='ltr'><strong>urbem</strong></span> 
     </span>
    </p>
   </div>
   <div class='ocr_carea' id='block_1_98' title="bbox 770 5457 2266 5534">
    <p class='ocr_par' dir='ltr' id='par_1_98' title="bbox 770 5457 2266 5534">
     <span class='ocr_line' id='line_1_98' title="bbox 770 5457 2266 5534; baseline 0.006 -21"><span class='ocrx_word' id='word_1_697' title='bbox 770 5457 1100 5534; x_wconf 42' lang='lat' dir='ltr'><strong>(lﬁldﬁihil</strong></span> <span class='ocrx_word' id='word_1_698' title='bbox 1160 5460 1345 5534; x_wconf 66' lang='lat' dir='ltr'><strong>verius</strong></span> <span class='ocrx_word' id='word_1_699' title='bbox 1407 5479 1435 5515; x_wconf 73' lang='grc' dir='ltr'><strong>τι</strong></span> <span class='ocrx_word' id='word_1_700' title='bbox 1506 5461 1732 5517; x_wconf 76' lang='lat' dir='ltr'><strong>Leontio</strong></span> <span class='ocrx_word' id='word_1_701' title='bbox 1791 5466 2054 5534; x_wconf 86' lang='lat' dir='ltr'><strong>scriptum</strong></span> <span class='ocrx_word' id='word_1_702' title='bbox 2120 5479 2202 5522; x_wconf 90' lang='lat' dir='ltr'><strong>est</strong></span> <span class='ocrx_word' id='word_1_703' title='bbox 2255 5487 2266 5522; x_wconf 84' lang='lat'><strong>:</strong></span> 
     </span>
    </p>
   </div>
   <div class='ocr_carea' id='block_1_99' title="bbox 699 5530 2269 5604">
    <p class='ocr_par' dir='ltr' id='par_1_99' title="bbox 699 5530 2269 5604">
     <span class='ocr_line' id='line_1_99' title="bbox 699 5530 2269 5604; baseline 0.004 -19"><span class='ocrx_word' id='word_1_704' title='bbox 699 5546 844 5604; x_wconf 83' lang='lat' dir='ltr'><strong>anno</strong></span> <span class='ocrx_word' id='word_1_705' title='bbox 874 5530 999 5592; x_wconf 74' lang='lat'><strong>595,</strong></span> <span class='ocrx_word' id='word_1_706' title='bbox 1035 5544 1167 5604; x_wconf 79' lang='lat' dir='ltr'><strong>quo</strong></span> <span class='ocrx_word' id='word_1_707' title='bbox 1194 5530 1490 5604; x_wconf 68' lang='lat' dir='ltr'><strong>Gregorius</strong></span> <span class='ocrx_word' id='word_1_708' title='bbox 1543 5530 2117 5604; x_wconf 33' lang='lat' dir='ltr'><strong>Agrigentum—rediit,</strong></span> <span class='ocrx_word' id='word_1_709' title='bbox 2154 5539 2269 5592; x_wconf 61' lang='lat' dir='ltr'><strong>dies</strong></span> 
     </span>
    </p>
   </div>
   <div class='ocr_carea' id='block_1_100' title="bbox 699 5600 2271 5670">
    <p class='ocr_par' dir='ltr' id='par_1_100' title="bbox 699 5600 2271 5670">
     <span class='ocr_line' id='line_1_100' title="bbox 699 5600 2271 5670; baseline 0.006 -18"><span class='ocrx_word' id='word_1_710' title='bbox 699 5603 942 5654; x_wconf 73' lang='lat' dir='ltr'><strong>decimus</strong></span> <span class='ocrx_word' id='word_1_711' title='bbox 996 5601 1201 5655; x_wconf 85' lang='lat' dir='ltr'><strong>mensis</strong></span> <span class='ocrx_word' id='word_1_712' title='bbox 1259 5600 1601 5670; x_wconf 81' lang='lat' dir='ltr'><strong>Septembris</strong></span> <span class='ocrx_word' id='word_1_713' title='bbox 1649 5600 1949 5659; x_wconf 48' lang='lat' dir='ltr'><strong>S&#39;abbatum</strong></span> <span class='ocrx_word' id='word_1_714' title='bbox 1995 5600 2114 5660; x_wconf 74' lang='lat' dir='ltr'><strong>fuit.</strong></span> <span class='ocrx_word' id='word_1_715' title='bbox 2170 5608 2271 5661; x_wconf 78' lang='lat' dir='ltr'><strong>Pa-</strong></span> 
     </span>
    </p>
   </div>
   <div class='ocr_carea' id='block_1_101' title="bbox 700 5670 2264 5739">
    <p class='ocr_par' dir='ltr' id='par_1_101' title="bbox 700 5670 2264 5739">
     <span class='ocr_line' id='line_1_101' title="bbox 700 5670 2264 5739; baseline 0.008 -19"><span class='ocrx_word' id='word_1_716' title='bbox 700 5670 832 5727; x_wconf 70' lang='lat' dir='ltr'><strong>sella</strong></span> <span class='ocrx_word' id='word_1_717' title='bbox 863 5670 1014 5739; x_wconf 72' lang='lat' dir='ltr'><strong>enim</strong></span> <span class='ocrx_word' id='word_1_718' title='bbox 1065 5681 1249 5724; x_wconf 88' lang='lat' dir='ltr'><strong>actum</strong></span> <span class='ocrx_word' id='word_1_719' title='bbox 1289 5687 1343 5727; x_wconf 92' lang='grc' dir='ltr'><strong>ιιι</strong></span> <span class='ocrx_word' id='word_1_720' title='bbox 1395 5674 1537 5727; x_wconf 85' lang='lat' dir='ltr'><strong>Non.</strong></span> <span class='ocrx_word' id='word_1_721' title='bbox 1594 5676 1827 5739; x_wconf 82' lang='lat' dir='ltr'><strong>Apriles,</strong></span> <span class='ocrx_word' id='word_1_722' title='bbox 1864 5677 2182 5731; x_wconf 78' lang='lat' dir='ltr'><strong>Pentecoste</strong></span> <span class='ocrx_word' id='word_1_723' title='bbox 2216 5696 2264 5733; x_wconf 66' lang='grc' dir='ltr'><strong>ιι</strong></span> 
     </span>
    </p>
   </div>
   <div class='ocr_carea' id='block_1_102' title="bbox 2380 4654 3963 4726">
    <p class='ocr_par' dir='ltr' id='par_1_102' title="bbox 2380 4654 3963 4726">
     <span class='ocr_line' id='line_1_102' title="bbox 2380 4654 3963 4726; baseline -0.001 -17"><span class='ocrx_word' id='word_1_724' title='bbox 2380 4655 2601 4725; x_wconf 76' lang='grc' dir='ltr'>ἐξῆλθεν</span> <span class='ocrx_word' id='word_1_725' title='bbox 2635 4657 2741 4717; x_wconf 80' lang='grc' dir='ltr'><strong>πᾶς</strong></span> <span class='ocrx_word' id='word_1_726' title='bbox 2772 4656 2800 4706; x_wconf 89' lang='lat'><strong>6</strong></span> <span class='ocrx_word' id='word_1_727' title='bbox 2839 4654 3041 4724; x_wconf 79' lang='grc' dir='ltr'>κλῆρος</span> <span class='ocrx_word' id='word_1_728' title='bbox 3076 4656 3214 4724; x_wconf 81' lang='grc' dir='ltr'>μετὰ</span> <span class='ocrx_word' id='word_1_729' title='bbox 3238 4655 3597 4725; x_wconf 82' lang='grc' dir='ltr'>θυμιαμάτων</span> <span class='ocrx_word' id='word_1_730' title='bbox 3626 4658 3721 4708; x_wconf 69' lang='grc' dir='ltr'><strong>καὶ</strong></span> <span class='ocrx_word' id='word_1_731' title='bbox 3748 4660 3963 4726; x_wconf 69' lang='grc' dir='ltr'>κηρῶν,</span> 
     </span>
    </p>
   </div>
   <div class='ocr_carea' id='block_1_103' title="bbox 2378 4743 3963 4817">
    <p class='ocr_par' dir='ltr' id='par_1_103' title="bbox 2378 4743 3963 4817">
     <span class='ocr_line' id='line_1_103' title="bbox 2378 4743 3963 4817; baseline 0.002 -19"><span class='ocrx_word' id='word_1_732' title='bbox 2378 4748 2473 4799; x_wconf 79' lang='grc' dir='ltr'>καὶ</span> <span class='ocrx_word' id='word_1_733' title='bbox 2514 4748 2622 4808; x_wconf 78' lang='grc' dir='ltr'>πᾶς</span> <span class='ocrx_word' id='word_1_734' title='bbox 2660 4747 2688 4797; x_wconf 81' lang='lat'><strong>6</strong></span> <span class='ocrx_word' id='word_1_735' title='bbox 2718 4746 2863 4810; x_wconf 83' lang='grc' dir='ltr'>λαὸς,</span> <span class='ocrx_word' id='word_1_736' title='bbox 2906 4746 3108 4813; x_wconf 86' lang='grc' dir='ltr'>πλῆθος</span> <span class='ocrx_word' id='word_1_737' title='bbox 3139 4747 3294 4810; x_wconf 77' lang='grc' dir='ltr'>πολὺ,</span> <span class='ocrx_word' id='word_1_738' title='bbox 3324 4749 3438 4798; x_wconf 81' lang='grc' dir='ltr'>ὅσοι</span> <span class='ocrx_word' id='word_1_739' title='bbox 3467 4743 3605 4817; x_wconf 78' lang='grc' dir='ltr'>ἦσαν</span> <span class='ocrx_word' id='word_1_740' title='bbox 3627 4749 3683 4799; x_wconf 86' lang='grc' dir='ltr'>ὲν</span> <span class='ocrx_word' id='word_1_741' title='bbox 3711 4752 3775 4817; x_wconf 83' lang='grc' dir='ltr'>τῇ</span> <span class='ocrx_word' id='word_1_742' title='bbox 3808 4750 3963 4801; x_wconf 73' lang='grc' dir='ltr'>πόλει</span> 
     </span>
    </p>
   </div>
   <div class='ocr_carea' id='block_1_104' title="bbox 2377 4838 3962 4907">
    <p class='ocr_par' dir='ltr' id='par_1_104' title="bbox 2377 4838 3962 4907">
     <span class='ocr_line' id='line_1_104' title="bbox 2377 4838 3962 4907; baseline 0.002 -17"><span class='ocrx_word' id='word_1_743' title='bbox 2377 4840 2454 4899; x_wconf 79' lang='grc' dir='ltr'>εἰς</span> <span class='ocrx_word' id='word_1_744' title='bbox 2511 4839 2836 4907; x_wconf 84' lang='grc' dir='ltr'>συνάντησιν</span> <span class='ocrx_word' id='word_1_745' title='bbox 2884 4838 3067 4892; x_wconf 82' lang='grc' dir='ltr'>αὑτοῦ.</span> <span class='ocrx_word' id='word_1_746' title='bbox 3116 4838 3289 4901; x_wconf 70' lang='grc' dir='ltr'>Αὐτὸς</span> <span class='ocrx_word' id='word_1_747' title='bbox 3329 4840 3383 4891; x_wconf 85' lang='grc' dir='ltr'>δὲ</span> <span class='ocrx_word' id='word_1_748' title='bbox 3422 4839 3699 4892; x_wconf 85' lang='grc' dir='ltr'>κατελθὼν</span> <span class='ocrx_word' id='word_1_749' title='bbox 3727 4842 3837 4893; x_wconf 78' lang='grc' dir='ltr'>ἀπὸ</span> <span class='ocrx_word' id='word_1_750' title='bbox 3866 4843 3962 4893; x_wconf 61' lang='grc' dir='ltr'>τοῦ</span> 
     </span>
    </p>
   </div>
   <div class='ocr_carea' id='block_1_105' title="bbox 2376 4926 3964 4998">
    <p class='ocr_par' dir='ltr' id='par_1_105' title="bbox 2376 4926 3964 4998">
     <span class='ocr_line' id='line_1_105' title="bbox 2376 4926 3964 4998; baseline 0.001 -19"><span class='ocrx_word' id='word_1_751' title='bbox 2376 4928 2586 4990; x_wconf 73' lang='grc' dir='ltr'>πλοίου,</span> <span class='ocrx_word' id='word_1_752' title='bbox 2608 4928 2735 4980; x_wconf 85' lang='grc' dir='ltr'>ἇπιε</span> <span class='ocrx_word' id='word_1_753' title='bbox 2764 4929 2823 4978; x_wconf 80' lang='grc' dir='ltr'>ἐν</span> <span class='ocrx_word' id='word_1_754' title='bbox 2850 4926 2927 4997; x_wconf 86' lang='grc' dir='ltr'>τῷ</span> <span class='ocrx_word' id='word_1_755' title='bbox 2960 4927 3307 4998; x_wconf 84' lang='grc' dir='ltr'>μοναστηρίῳ</span> <span class='ocrx_word' id='word_1_756' title='bbox 3331 4944 3344 4956; x_wconf 92' lang='grc'>·</span> <span class='ocrx_word' id='word_1_757' title='bbox 3382 4930 3473 4979; x_wconf 75' lang='grc' dir='ltr'><strong>καὶ</strong></span> <span class='ocrx_word' id='word_1_758' title='bbox 3519 4932 3964 4997; x_wconf 77' lang='grc' dir='ltr'>συναντήσαντες</span> 
     </span>
    </p>
   </div>
   <div class='ocr_carea' id='block_1_106' title="bbox 2376 5019 3965 5090">
    <p class='ocr_par' dir='ltr' id='par_1_106' title="bbox 2376 5019 3965 5090">
     <span class='ocr_line' id='line_1_106' title="bbox 2376 5019 3965 5090; baseline 0.001 -17"><span class='ocrx_word' id='word_1_759' title='bbox 2376 5021 2645 5090; x_wconf 81' lang='grc' dir='ltr'>ἀλλήλοις,</span> <span class='ocrx_word' id='word_1_760' title='bbox 2709 5022 2803 5073; x_wconf 77' lang='grc' dir='ltr'>καὶ</span> <span class='ocrx_word' id='word_1_761' title='bbox 2853 5019 3160 5089; x_wconf 79' lang='grc' dir='ltr'>εὐξάμενοι,</span> <span class='ocrx_word' id='word_1_762' title='bbox 3196 5022 3335 5090; x_wconf 83' lang='grc' dir='ltr'><strong>μετά</strong></span> <span class='ocrx_word' id='word_1_763' title='bbox 3387 5023 3488 5090; x_wconf 79' lang='grc' dir='ltr'><strong>τὴν</strong></span> <span class='ocrx_word' id='word_1_764' title='bbox 3547 5021 3715 5090; x_wconf 79' lang='grc' dir='ltr'>εὐχὴν</span> <span class='ocrx_word' id='word_1_765' title='bbox 3762 5025 3965 5075; x_wconf 56' lang='lat' dir='ltr'><strong>exutis-</strong></span> 
     </span>
    </p>
   </div>
   <div class='ocr_carea' id='block_1_107' title="bbox 2377 5113 2599 5182">
    <p class='ocr_par' dir='ltr' id='par_1_107' title="bbox 2377 5113 2599 5182">
     <span class='ocr_line' id='line_1_107' title="bbox 2377 5113 2599 5182; baseline 0.014 -19"><span class='ocrx_word' id='word_1_766' title='bbox 2377 5113 2599 5182; x_wconf 82' lang='grc' dir='ltr'>σθησαν.</span> 
     </span>
    </p>
   </div>
   <div class='ocr_carea' id='block_1_108' title="bbox 2452 5201 3964 5271">
    <p class='ocr_par' dir='ltr' id='par_1_108' title="bbox 2452 5201 3964 5271">
     <span class='ocr_line' id='line_1_108' title="bbox 2452 5201 3964 5271; baseline 0.003 -16"><span class='ocrx_word' id='word_1_767' title='bbox 2452 5204 2570 5268; x_wconf 60' lang='grc' dir='ltr'><strong>μΑν.</strong></span> <span class='ocrx_word' id='word_1_768' title='bbox 2621 5202 2728 5254; x_wconf 79' lang='grc' dir='ltr'>Καὶ</span> <span class='ocrx_word' id='word_1_769' title='bbox 2760 5201 3145 5271; x_wconf 84' lang='grc' dir='ltr'>ἀσπασάμενος</span> <span class='ocrx_word' id='word_1_770' title='bbox 3170 5203 3293 5264; x_wconf 86' lang='grc' dir='ltr'>τοὺς</span> <span class='ocrx_word' id='word_1_771' title='bbox 3323 5202 3568 5265; x_wconf 74' lang='grc' dir='ltr'>ἃπαντας</span> <span class='ocrx_word' id='word_1_772' title='bbox 3595 5205 3806 5257; x_wconf 73' lang='grc' dir='ltr'>καὶτὸν</span> <span class='ocrx_word' id='word_1_773' title='bbox 3834 5206 3964 5259; x_wconf 74' lang='grc' dir='ltr'>λαὸν</span> 
     </span>
    </p>
   </div>
   <div class='ocr_carea' id='block_1_109' title="bbox 2381 5292 3962 5365">
    <p class='ocr_par' dir='ltr' id='par_1_109' title="bbox 2381 5292 3962 5365">
     <span class='ocr_line' id='line_1_109' title="bbox 2381 5292 3962 5365; baseline -0.002 -19"><span class='ocrx_word' id='word_1_774' title='bbox 2381 5295 2614 5364; x_wconf 82' lang='grc' dir='ltr'>μικρούς</span> <span class='ocrx_word' id='word_1_775' title='bbox 2666 5311 2725 5346; x_wconf 91' lang='grc' dir='ltr'><strong>τε</strong></span> <span class='ocrx_word' id='word_1_776' title='bbox 2767 5294 2859 5347; x_wconf 76' lang='grc' dir='ltr'>καὶ</span> <span class='ocrx_word' id='word_1_777' title='bbox 2892 5293 3162 5363; x_wconf 82' lang='grc' dir='ltr'>μεγάλους</span> <span class='ocrx_word' id='word_1_778' title='bbox 3192 5292 3412 5361; x_wconf 78' lang='grc' dir='ltr'>ἐξῆλθεν</span> <span class='ocrx_word' id='word_1_779' title='bbox 3444 5295 3507 5345; x_wconf 78' lang='grc' dir='ltr'>ὲκ</span> <span class='ocrx_word' id='word_1_780' title='bbox 3546 5295 3641 5347; x_wconf 83' lang='grc' dir='ltr'>τοῦ</span> <span class='ocrx_word' id='word_1_781' title='bbox 3676 5313 3962 5365; x_wconf 74' lang='grc' dir='ltr'>μοναστη-</span> 
     </span>
    </p>
   </div>
   <div class='ocr_carea' id='block_1_110' title="bbox 2377 5472 3961 5544">
    <p class='ocr_par' dir='ltr' id='par_1_110' title="bbox 2377 5472 3961 5544">
     <span class='ocr_line' id='line_1_110' title="bbox 2377 5472 3961 5544; baseline 0.001 -15"><span class='ocrx_word' id='word_1_782' title='bbox 2377 5476 2508 5537; x_wconf 78' lang='lat' dir='ltr'><strong>tius,</strong></span> <span class='ocrx_word' id='word_1_783' title='bbox 2544 5474 2845 5544; x_wconf 88' lang='lat' dir='ltr'><strong>inciditque</strong></span> <span class='ocrx_word' id='word_1_784' title='bbox 2872 5475 2925 5528; x_wconf 91' lang='lat' dir='ltr'><strong>in</strong></span> <span class='ocrx_word' id='word_1_785' title='bbox 2966 5475 3105 5529; x_wconf 90' lang='lat' dir='ltr'><strong>diem</strong></span> <span class='ocrx_word' id='word_1_786' title='bbox 3136 5490 3194 5528; x_wconf 89' lang='grc' dir='ltr'><strong>ιιι</strong></span> <span class='ocrx_word' id='word_1_787' title='bbox 3241 5472 3550 5544; x_wconf 26' lang='grc' dir='ltr'>ειιιεᾼΙςΙιιεν</span> <span class='ocrx_word' id='word_1_788' title='bbox 3577 5477 3690 5529; x_wconf 89' lang='lat' dir='ltr'><strong>sive</strong></span> <span class='ocrx_word' id='word_1_789' title='bbox 3724 5479 3961 5531; x_wconf 72' lang='grc' dir='ltr'>υηιΙιφί-</span> 
     </span>
    </p>
   </div>
   <div class='ocr_carea' id='block_1_111' title="bbox 2375 5542 3961 5614">
    <p class='ocr_par' dir='ltr' id='par_1_111' title="bbox 2375 5542 3961 5614">
     <span class='ocr_line' id='line_1_111' title="bbox 2375 5542 3961 5614; baseline 0.003 -15"><span class='ocrx_word' id='word_1_790' title='bbox 2375 5562 2522 5599; x_wconf 91' lang='lat' dir='ltr'><strong>mum</strong></span> <span class='ocrx_word' id='word_1_791' title='bbox 2559 5542 2768 5600; x_wconf 82' lang='lat' dir='ltr'><strong>mensis</strong></span> <span class='ocrx_word' id='word_1_792' title='bbox 2800 5544 3155 5614; x_wconf 87' lang='lat' dir='ltr'><strong>Septembris,</strong></span> <span class='ocrx_word' id='word_1_793' title='bbox 3199 5553 3253 5596; x_wconf 88' lang='lat' dir='ltr'><strong>ut</strong></span> <span class='ocrx_word' id='word_1_794' title='bbox 3284 5558 3349 5597; x_wconf 78' lang='lat' dir='ltr'><strong>ex</strong></span> <span class='ocrx_word' id='word_1_795' title='bbox 3380 5542 3755 5601; x_wconf 79' lang='lat' dir='ltr'><strong>Maurinorum</strong></span> <span class='ocrx_word' id='word_1_796' title='bbox 3792 5552 3961 5603; x_wconf 78' lang='lat' dir='ltr'><strong>tabu-</strong></span> 
     </span>
    </p>
   </div>
   <div class='ocr_carea' id='block_1_112' title="bbox 2374 5617 2711 5670">
    <p class='ocr_par' dir='ltr' id='par_1_112' title="bbox 2374 5617 2711 5670">
     <span class='ocr_line' id='line_1_112' title="bbox 2374 5617 2711 5670; baseline 0 -1"><span class='ocrx_word' id='word_1_797' title='bbox 2374 5617 2439 5670; x_wconf 92' lang='lat' dir='ltr'><strong>lis</strong></span> <span class='ocrx_word' id='word_1_798' title='bbox 2474 5625 2711 5669; x_wconf 85' lang='lat' dir='ltr'><strong>constat.</strong></span> 
     </span>
    </p>
   </div>
   <div class='ocr_carea' id='block_1_113' title="bbox 2443 5683 3961 5764">
    <p class='ocr_par' dir='ltr' id='par_1_113' title="bbox 2443 5683 3961 5764">
     <span class='ocr_line' id='line_1_113' title="bbox 2443 5683 3961 5764; baseline 0.004 -27"><span class='ocrx_word' id='word_1_799' title='bbox 2443 5688 2554 5750; x_wconf 73' lang='lat' dir='ltr'><strong>(lii)</strong></span> <span class='ocrx_word' id='word_1_800' title='bbox 2598 5686 2729 5740; x_wconf 83' lang='lat' dir='ltr'><strong>Cod.</strong></span> <span class='ocrx_word' id='word_1_801' title='bbox 2768 5686 2819 5750; x_wconf 79' lang='grc'>1,</span> <span class='ocrx_word' id='word_1_802' title='bbox 2850 5687 2925 5749; x_wconf 80' lang='grc' dir='ltr'>εἰς</span> <span class='ocrx_word' id='word_1_803' title='bbox 2956 5686 3014 5737; x_wconf 68' lang='grc' dir='ltr'>τὸ</span> <span class='ocrx_word' id='word_1_804' title='bbox 3044 5683 3358 5755; x_wconf 77' lang='grc' dir='ltr'>περιπόλων</span> <span class='ocrx_word' id='word_1_805' title='bbox 3397 5690 3458 5742; x_wconf 73' lang='grc' dir='ltr'>τὸ</span> <span class='ocrx_word' id='word_1_806' title='bbox 3491 5689 3783 5758; x_wconf 79' lang='grc' dir='ltr'>λεγόμενον</span> <span class='ocrx_word' id='word_1_807' title='bbox 3822 5692 3961 5764; x_wconf 74' lang='grc' dir='ltr'><strong>Ἐμ-</strong></span> 
     </span>
    </p>
   </div>
   <div class='ocr_carea' id='block_1_114' title="bbox 698 5737 2577 5827">
    <p class='ocr_par' dir='ltr' id='par_1_114' title="bbox 698 5737 2577 5827">
     <span class='ocr_line' id='line_1_114' title="bbox 698 5737 2577 5827; baseline 0.007 -36"><span class='ocrx_word' id='word_1_808' title='bbox 852 5737 1044 5827; x_wconf 73' lang='lat' dir='ltr'><strong>Jnnias</strong></span> <span class='ocrx_word' id='word_1_809' title='bbox 1079 5759 1092 5792; x_wconf 89' lang='lat'><strong>:</strong></span> <span class='ocrx_word' id='word_1_810' title='bbox 1124 5751 1178 5793; x_wconf 89' lang='lat' dir='ltr'><strong>et</strong></span> <span class='ocrx_word' id='word_1_811' title='bbox 1223 5756 1251 5793; x_wconf 90' lang='lat' dir='ltr'><strong>a</strong></span> <span class='ocrx_word' id='word_1_812' title='bbox 1282 5744 1619 5827; x_wconf 39' lang='lat' dir='ltr'><strong>‘Pentecos-te</strong></span> <span class='ocrx_word' id='word_1_813' title='bbox 1647 5737 1983 5827; x_wconf 25' lang='lat' dir='ltr'><strong>‘Dorninicus</strong></span> <span class='ocrx_word' id='word_1_814' title='bbox 2014 5748 2127 5827; x_wconf 64' lang='lat' dir='ltr'><strong>dies</strong></span> <span class='ocrx_word' id='word_1_815' title='bbox 2177 5766 2263 5802; x_wconf 75' lang='lat' dir='ltr'><strong>vri</strong></span> <span class='ocrx_word' id='word_1_816' title='bbox 2371 5737 2577 5827; x_wconf 43' lang='lat' dir='ltr'><strong>tegam}.</strong></span> 
     </span>
    </p>
   </div>
   <div class='ocr_carea' id='block_1_115' title="bbox 701 5810 2264 5887">
    <p class='ocr_par' dir='ltr' id='par_1_115' title="bbox 701 5810 2264 5887">
     <span class='ocr_line' id='line_1_115' title="bbox 701 5810 2264 5887; baseline 0.006 -23"><span class='ocrx_word' id='word_1_817' title='bbox 701 5810 1000 5865; x_wconf 71' lang='lat' dir='ltr'><strong>Sabbatum</strong></span> <span class='ocrx_word' id='word_1_818' title='bbox 1041 5821 1367 5869; x_wconf 87' lang='lat' dir='ltr'><strong>consecutus</strong></span> <span class='ocrx_word' id='word_1_819' title='bbox 1410 5825 1513 5880; x_wconf 89' lang='lat' dir='ltr'><strong>est,</strong></span> <span class='ocrx_word' id='word_1_820' title='bbox 1548 5816 1613 5869; x_wconf 89' lang='lat' dir='ltr'><strong>de</strong></span> <span class='ocrx_word' id='word_1_821' title='bbox 1651 5832 1759 5887; x_wconf 89' lang='lat' dir='ltr'><strong>quo</strong></span> <span class='ocrx_word' id='word_1_822' title='bbox 1810 5819 2050 5886; x_wconf 86' lang='lat' dir='ltr'><strong>loquitur</strong></span> <span class='ocrx_word' id='word_1_823' title='bbox 2099 5818 2264 5873; x_wconf 81' lang='lat' dir='ltr'><strong>Leon-</strong></span> 
     </span>
    </p>
   </div>
  </div>
