4226 6444
194 420 304 485 713

1144 412 1201 470 S.
1249 410 1628 471 GREGORH
1676 406 2186 469 AGRIGENTINI
2235 405 2437 465 VITA.

3333 384 3448 447 714

197 526 570 584 ἀσθενούντων
607 524 1000 593 ποιησάμενος,
1030 522 1126 576 καὶ
1167 524 1266 592 τὴν
1316 521 1647 591 Ἐκκλησίαν
1683 519 1776 572 τοῦ

1926 516 2165 570 ominum
2239 516 2472 571 salutem
2528 512 2778 567 conferre
2844 518 3087 580 possent.
3159 507 3451 567 Enimvero

195 619 333 672 Θεοῦ
362 618 455 669 ἐπὶ
493 616 779 677 πλείστους
821 614 1045 683 χρόνους
1074 615 1370 682 ποιμάνας,
1429 614 1522 665 καὶ
1576 612 1777 680 ταύτην

197 714 263 762 ἐκ
293 709 393 776 τῆς
431 707 540 760 τῶν
589 706 796 774 νοητῶν
834 704 1016 758 λύκων
1053 705 1257 775 βλάϐης
1303 706 1622 774 ἀπήμαντον
1664 704 1779 756 δια-

197 804 467 873 τηρήσας,
504 801 559 851 ἐν
604 801 796 869 εἰρήνῃ
846 797 1117 869 ἐκοιμήθη
1163 801 1242 861 εἰς
1291 800 1483 867 χεῖρας
1532 794 1667 848 Θεοῦ
1721 794 1780 846 τὸ

200 892 420 961 πνεῦμα
474 891 899 961 παραθέμενος·
955 889 1321 958 ὑπογραμμὸν
1370 888 1470 956 τῆς
1521 888 1780 956 ἐναρέτου

201 985 369 1036 αὑτοῦ
405 983 680 1045 πολιτείας
705 982 1038 1050 καταλείψας
1070 984 1223 1050 ἡμῖν,
1252 982 1377 1041 τοὺς
1396 977 1781 1048 ἐπενεχθέντας

202 1076 352 1146 αὐτῷ
380 1063 721 1145 πειρασμοὺς
754 1074 859 1127 ὑπὸ
888 1072 985 1126 τοῦ
1015 1072 1283 1127 διαϐόλου.

276 1253 391 1316 ιιΔσ.
464 1250 553 1301 Ἐν
600 1248 701 1318 μὲν
749 1249 871 1310 ταῖς
917 1248 976 1299 ἐν
1025 1246 1316 1319 νηπιότητι
1375 1241 1787 1309 ἀποκαλύψεσιν

200 1341 296 1393 τὸν
347 1341 521 1409 μέγαν
563 1338 817 1409 Σαμουὴλ
862 1340 1242 1409 ἀνιστόρησεν.
1296 1338 1383 1389 Ἐν
1409 1336 1463 1390 δὲ
1494 1339 1559 1406 τῇ
1595 1350 1787 1387 ταπει-

204 1430 511 1501 νοφροσύνῃ
542 1430 635 1481 καὶ
673 1430 917 1497 ὑπομονῇ
948 1429 1039 1480 τὸν
1062 1429 1271 1481 δίκαιον
1338 1426 1533 1492 Ἰωσὴφ
1586 1425 1789 1494 ἐμιμή-

207 1539 358 1575 σατο.
414 1522 500 1573 Ἐν
530 1522 585 1573 δὲ
614 1524 679 1590 τῇ
710 1522 977 1591 καρτερίᾳ
1033 1520 1143 1573 τῶν
1197 1519 1429 1589 θλίψεων
1480 1518 1571 1570 τὸν
1630 1515 1791 1568 πολύ⁴

207 1614 374 1665 αθλον
406 1611 523 1664 ’1ὼὸ
554 1612 975 1681 ἐκμιμούμενος.
1027 1612 1185 1665 Ἀλλά
1212 1612 1261 1665 τί
1300 1628 1388 1681 μοι
1421 1609 1790 1680 μακρηγορεῖν

207 1709 323 1767 τοῖς
345 1705 618 1771 θεολόγοις
646 1706 926 1772 Πατράσιν
953 1705 1309 1775 παρεικάζειν
1341 1705 1431 1757 τὸν
1470 1706 1610 1756 θεῖον
1647 1702 1791 1770 Γρη·

207 1797 436 1867 γόριονς
487 1796 667 1848 Ἠλίου
706 1795 803 1865 μὲν
848 1796 938 1849 τὸν
995 1796 1175 1864 ζῆλον,
1231 1796 1534 1850 Ἐλισσαίου
1581 1794 1643 1846 τὸ
1693 1793 1792 1843 ὑπ-

1882 608 2069 659 mnltis
2093 608 2357 677 prodigiis
2387 620 2655 674 aegrorum
2682 604 2852 672 gratia
2888 602 3069 665 editis,
3105 600 3452 669 Ecclesiaque

1883 693 1976 747 Dei
2008 708 2318 763 per'annos
2369 695 2632 763 plurimos
2681 694 2752 746 ita
2802 694 3178 746 administrata
3213 689 3349 759 (Ἡ),
3393 698 3455 742 ut

1882 788 2031 840 nullo
2082 787 2460 841 insidiantium
2512 786 2765 854 luporum
2803 800 2991 838 morsu
3024 785 3313 853 appetitam
3366 796 3456 835 re-

1884 878 2176 947 linqueret,
2224 880 2278 931 in
2310 892 2441 947 pace
2486 877 2838 939 obdormivit,
2877 877 3068 945 spiritu
3106 880 3157 929 in
3196 877 3289 929 Dei
3336 891 3458 927 ma-

1883 986 1987 1024 nus
2024 970 2236 1023 reddito
2256 1010 2270 1033 ,
2302 968 2460 1023 nobis
2488 983 2617 1022 vero
2646 969 2907 1036 praelaro
2938 979 3207 1036 perpetua:
3242 968 3457 1020 virtutis

1885 1078 1994 1115 sua:
2027 1063 2277 1130 exemplo
2303 1062 2517 1124 relicto,
2559 1075 2668 1129 qua
2696 1076 2887 1114 omnes
2935 1060 3138 1114 diaboli
3171 1059 3457 1126 petitiones

1885 1155 2092 1223 rejecit.

1959 1244 2094 1316 [CIX]
2131 1243 2315 1298 XCIV.
2359 1245 2564 1299 Retulit
2592 1245 2682 1299 ille
2713 1244 2765 1297 in
2799 1245 3027 1313 pueritia
3068 1260 3324 1313 magnum
3361 1243 3462 1297 Sa-

1889 1338 2120 1391 muelem
2154 1336 2289 1403 (25),
2325 1338 2603 1407 mysteriis
2641 1338 2744 1391 eia
2782 1336 2893 1390 Deo
2920 1338 3226 1406 patefactis.
3259 1336 3465 1392 Demis-

1890 1432 2046 1485 sione
2094 1438 2277 1483 autem
2328 1432 2498 1483 animi
2550 1441 2606 1484 et
2656 1431 2918 1499 patientia
2968 1429 3261 1497 Josephum
3310 1430 3462 1482 illum

1887 1519 2097 1587 justum
2126 1530 2213 1573 est
2236 1520 2500 1574 imitatus.
2527 1522 2593 1574 At
2625 1521 2676 1573 in
2701 1521 2961 1575 aerumnis
2985 1520 3202 1575 fortiter
3226 1521 3465 1574 subeun-

1891 1609 1975 1662 dis
2003 1607 2202 1661 Jobutn
2258 1617 2337 1661 tot
2386 1611 2748 1663 certaminum
2798 1612 3058 1665 victorem
3094 1611 3364 1679 expressit
3401 1626 3466 1665 ac

1895 1699 2152 1753 reddidit.
2188 1698 2291 1754 Sed
2327 1700 2457 1768 quid
2495 1717 2595 1769 ego
2636 1703 2691 1755 in
2727 1703 2912 1756 divino
2943 1704 3163 1758 homine
3202 1703 3466 1772 Gregorio

1894 1788 2163 1857 theologis
2196 1789 2304 1843 illis
2349 1789 2601 1845 Patribus
2654 1794 3021 1860 comparando
3052 1792 3269 1863 longior
3306 1792 3467 1847 sum?

211 1891 379 1959 ήκοον
407 1890 499 1941 καὶ
526 1890 647 1951 ταῖς
693 1889 1159 1959 θαυματουργίαις
1193 1890 1501 1959 ἰσόρροπον,
1543 1888 1707 1954 ἄμφω
1734 1883 1788 1936 δὲ

1926 1882 1985 1933 ile
2021 1878 2149 1934 Eliae
2178 1882 2438 1947 studium,
2474 1881 2653 1937 Elismi
2689 1884 3052 1938 obedientiam
3097 1896 3150 1939 et
3188 1887 3467 1956 prodigio-

207 1980 337 2041 τοὺς
362 1978 461 2047 τῆς
496 1978 646 2041 θείας
674 1977 899 2048 χάριτος
927 1976 1158 2046 μύστας,
1191 1978 1401 2048 Πέτρου
1448 1978 1545 2047 μὲν
1574 1976 1634 2029 τὸ
1657 1976 1785 2044 θερ-

213 2070 339 2139 μὸν,
372 2069 586 2121 Παύλου
636 2069 693 2121 δὲ
730 2069 791 2122 τὸ
847 2069 1245 2139 εύπερίδρομον
1295 2069 1391 2122 καὶ
1446 2068 1785 2139 ἐμμέριμνον

210 2164 333 2223 ταῖς
365 2160 458 2214 τοῦ
505 2161 639 2213 Θεοῦ
679 2161 1027 2231 Ἐκκλησίαις
1074 2160 1455 2215 διδασκαλικὸν
1505 2163 1786 2230 κήρυγμα,

213 2253 467 2304 Ἰωάννου
493 2252 553 2304 τὸ
576 2250 1032 2319 θεολογικώτατον
1058 2253 1323 2305 συναϊδιόν
1352 2269 1411 2304 τε
1441 2252 1535 2305 καὶ
1564 2250 1791 2321 ὁμόθρο-

211 2362 306 2397 νον
334 2345 428 2396 καὶ
463 2344 718 2413 ὁμόδοξον
749 2345 963 2415 Πατρός
995 2344 1088 2397 καὶ
1115 2344 1242 2397 Υίοῦ
1295 2346 1389 2397 καὶ
1421 2344 1579 2412 ἁγίου
1624 2344 1791 2397 Πνεύ-

218 2455 411 2507 ματος,
456 2439 555 2505 ὅση
597 2436 844 2506 δύναμις,
879 2438 1207 2508 ἐμιμήσατο.
1258 2437 1415 2490 ’Λλλά
1448 2437 1542 2490 καὶ
1584 2437 1791 2505 μάρτυς

214 2530 441 2596 γέγονεν
471 2532 536 2599 τῇ
566 2529 909 2599 προαιρέσει,
940 2529 1062 2582 καθ’
1093 2531 1329 2600 ἑκάστην
1365 2528 1504 2599 ὑπὲρ
1535 2529 1630 2598 τῆς
1661 2528 1793 2597 ἀλη-

217 2622 371 2683 θείας
401 2623 822 2690 ἀγωνιζόμενος,
867 2622 961 2674 καὶ
990 2621 1259 2676 διδάσκων
1304 2622 1395 2675 τὸν
1440 2621 1535 2675 τοῦ
1584 2620 1791 2691 Κυρίου

215 2714 370 2777 λαὸν,
401 2712 726 2782 ἀποτρέπων
752 2729 811 2765 τε
836 2712 963 2776 τοὺς
987 2714 1212 2783 νοητοὺς
1263 2712 1457 2782 θῆρας,
1495 2712 1590 2765 καὶ
1634 2711 1794 2781 ἀσινῆ

218 2808 321 2875 τὴν
374 2806 608 2875 ποίμνην
658 2805 949 2874 διατηρῶν,
1011 2806 1280 2877 ίεραρχῶν
1336 2806 1576 2877 κρηπὶς,
1631 2806 1797 2859 ὁσίων

219 2899 528 2967 ὁμόσκηνος
562 2914 575 2926 ·
645 2898 866 2949 πάντων
929 2898 1036 2967 γὰρ
1088 2900 1185 2959 τὰς
1236 2900 1522 2969 ἐναρέτους
1578 2898 1799 2968 τρίϐους

221 2991 371 3044 κατά
429 2990 490 3043 τὸ
537 2989 761 3043 δυνατὸν
809 2988 978 3060 αὐτῷ,
1037 2989 1222 3061 χάριτι
1252 2991 1457 3060 Κυρίου
1490 2989 1798 3045 διώδευσεν.

224 3085 344 3137 Καὶ
379 3082 745 3153 μαρτυροῦσιν
780 3084 835 3135 αί
877 3083 1047 3146 ἰάσεις
1074 3083 1132 3136 ὲν
1182 3084 1250 3153 τῇ
1280 3081 1399 3153 θείᾳ
1446 3082 1589 3154 σορῷ
1635 3080 1800 3136 αὐτοῦ

225 3172 325 3223 ἐπὶ
347 3170 563 3225 πάντων
588 3171 931 3240 νοσημάτων.

306 3354 422 3418 ιιῐζν,
457 3346 683 3418 Ἀλλ’,ὧ
706 3352 933 3423 Πατρῶν
955 3354 1215 3424 ἀκρότης,
1245 3352 1534 3423 Γρηγόριε,
1586 3352 1807 3424 παρρη-

230 3444 360 3496 σίαν
392 3447 529 3514 ἔχων
558 3443 694 3512 πρὸς
728 3444 820 3494 τὸν
848 3444 938 3496 σὺν
967 3446 1202 3514 ἐραστήν
1241 3462 1298 3497 τε
1340 3445 1434 3497 καὶ
1466 3443 1690 3512 Κύριον,
1733 3443 1808 3506 ὡς

230 3534 333 3589 ἅτε
368 3535 680 3605 περιπολῶν
703 3536 779 3604 τῷ
803 3535 976 3605 θρόνῳ
998 3535 1091 3587 τοῦ
1114 3537 1346 3589 κτίστου
1375 3554 1488 3599 σου,
1524 3536 1597 3605 μὴ
1628 3535 1806 3605 παύσῃ

229 3626 501 3679 δυσωπῶν
556 3626 697 3696 ὺπέρ
743 3626 901 3695 ἡμῶν
940 3625 1296 3688 ἀδιαλείπτως
1333 3626 1410 3695 τῷ
1444 3626 1809 3697 φιλανθρώπῳ

234 3716 487 3786 Δεσπότῃ
512 3716 648 3783 ὑπὲρ
673 3715 783 3767 τῶν
818 3716 925 3768 σῶν
947 3715 1180 3778 ἀναξίως
1214 3716 1508 3770 κινούντων
1542 3716 1676 3787 πρὸς
1707 3717 1807 3769 ἔπ-

233 3810 512 3880 αινοντὴν
564 3808 701 3877 ἀδαῆ
756 3809 850 3861 καὶ
902 3808 1171 3878 ἄναρθρον
1224 3808 1492 3875 γλῶτταν.
1548 3808 1649 3860 Σοῦ
1704 3810 1812 3878 γὰρ

236 3904 497 3969 παρεῖναι
529 3900 633 3952 ἔδει
656 3900 792 3969 πρὸς
823 3901 1098 3968 εὐφημίαν
1140 3900 1201 3952 τὸ
1252 3900 1526 3969 ίερότατον
1559 3900 1810 3968 ὄργανον,

238 3994 374 4052 ἴσως
396 3988 507 4042 τῶν
560 3991 668 4041 σῶν
716 3990 1007 4059 ἐγκωμίων
1062 3992 1227 4057 ἀξίως
1277 3992 1604 4059 ἐκφράσοιτο
1642 3992 1812 4060 πρόσο

236 4083 482 4148 φθεγμα.
522 4080 662 4133 Ἀλλ’
690 4082 837 4149 ὅμως
868 4082 929 4133 τὸ
983 4081 1081 4151 τῆς
1113 4084 1481 4153 προαιρέσεως
1510 4081 1811 4151 γινώσκων,

240 4168 322 4239 μὴ
357 4168 654 4221 ἀπαναίνου
688 4169 787 4238 τῆς
847 4171 982 4239 ἐμῆς
1037 4171 1387 4242 ταλαιπώρου
1454 4171 1690 4233 διανοίας
1748 4173 1816 4224 τὰ

239 4256 487 4327 νηπιώδη
519 4258 881 4328 ψελλίσματα.
922 4260 1137 4313 Παῦσον
1192 4262 1260 4313 τά
1313 4263 1421 4315 τῶν
1477 4262 1816 4330 Ἐκκὶησιῶν

238 4349 691 4419 ἐξαιρετιζὸντων
753 4352 1144 4421 ἐπεγειρόμενα
1212 4354 1504 4416 σκάνδαλα,
1557 4353 1653 4416 τὰς
1708 4354 1816 4405 τῶν

324 4486 437 4553 (24)
488 4487 675 4540 Pirrus
715 4486 780 4560 _in
830 4486 1068 4560 Notitia~
1096 4490 1439 4560 Agrigentina
1490 4506 1634 4545 anno
1677 4490 1814 4557 6l6,

1896 1985 2017 2023 rom
2045 1970 2384 2035 facilitatem,
2430 1987 2460 2025 e
2492 1973 2707 2041 magnis
2737 1974 2863 2027 item
2895 1973 2985 2027 Dei
3018 1976 3283 2043 apostolis
3319 1974 3463 2030 Petri

1895 2061 2172 2116 ardentem
2205 2063 2476 2127 animum,
2509 2060 2662 2115 Pauli
2699 2062 3049 2132 irrequietam
3087 2066 3328 2118 omnium
3363 2066 3465 2117 Ec-

1895 2154 2184 2208 clesiarum
2236 2153 2699 2208 instituendarum
2746 2172 2956 2219 curam,
3001 2154 3228 2211 Joannis
3268 2158 3469 2210 doctri-

1898 2262 2022 2299 nam
2059 2247 2111 2299 in
2140 2255 2341 2300 azterna
2375 2246 2467 2301 illa
2504 2256 2558 2301 et
2596 2248 2791 2317 aequali
2824 2248 2999 2303 Patris
3025 2258 3078 2303 et
3108 2248 3230 2302 Filii
3262 2258 3317 2303 et
3341 2265 3471 2302 san-

1897 2338 1967 2390 cti
1994 2336 2227 2405 Spiritus
2254 2338 2423 2405 gloria
2456 2347 2751 2403 versatam,
2783 2348 3051 2408 quantum
3093 2339 3196 2408 ipsi
3228 2340 3310 2395 fas
3342 2342 3467 2403 fuit.

1901 2428 2191 2482 aemulatus
2238 2437 2339 2482 est.
2371 2427 2514 2494 Quin
2544 2438 2598 2483 et
2643 2431 2925 2485 voluntate
2958 2440 3165 2503 martyr
3194 2432 3312 2496 fuit,
3345 2448 3471 2486 cum

1902 2520 2046 2575 idem
2081 2521 2326 2590 quotidie
2361 2538 2460 2591 pro
2498 2523 2729 2577 veritate
2770 2526 3060 2579 deeertarit
3094 2545 3105 2577 :
3135 2536 3247 2579 tum
3288 2527 3341 2579 in
3386 2541 3473 2595 po-

1903 2613 2032 2683 pulo
2085 2610 2299 2667 Domini
2349 2615 2677 2681 imbuendo,
2732 2617 2785 2669 in
2844 2619 3154 2672 avertendis
3205 2619 3473 2673 malarum

1904 2704 2145 2760 ferarum
2193 2705 2446 2768 insidiis,
2497 2709 2550 2759 in
2596 2708 2775 2778 gregis
2821 2708 3053 2778 denique
3102 2711 3478 2767 incolumitate

1903 2796 2281 2853 conservanda
2317 2812 2637 2867 magnorum
2677 2800 3017 2854 saecrdotmn
3047 2802 3213 2865 basis,
3262 2813 3316 2857 et
3345 2819 3476 2858 san-

1906 2900 2118 2943 ctorum
2166 2890 2408 2942 virorum
2458 2890 2870 2946 contubernalis
2915 2894 3066 2947 visus
3115 2905 3198 2948 est
3229 2914 3243 2949 :
3274 2898 3478 2965 quippe

1908 2981 2003 3051 qui
2055 2996 2247 3036 omnes
2297 2984 2517 3037 virtutis
2563 2985 2700 3050 vias,
2747 2995 3014 3054 quantum
3065 2988 3208 3043 vires
3253 2990 3475 3052 ferrent,

1910 3069 2144 3126 Domino
2190 3071 2405 3127 favente
2438 3074 2611 3128 obivit
2643 3089 2658 3125 :
2686 3076 2832 3144 quod
2873 3086 2927 3131 et
2973 3078 3221 3132 omnium
3262 3082 3481 3135 morbo-

1911 3177 2032 3216 rum
2079 3163 2147 3218 ad
2198 3164 2443 3219 divinum
2498 3167 2808 3234 sepulcrum
2861 3169 2980 3237 ejus
3034 3171 3344 3226 sanationes
3400 3181 3482 3226 te-

1832 3226 1877 3286 C
1907 3261 2146 3311 alantur.

1979 3346 2142 3401 XCV.
2183 3352 2273 3409 At,
2306 3363 2339 3402 ο
2376 3348 2600 3403 Patrum
2637 3362 2845 3415 vertex,
2876 3352 3123 3423 Gregori,
3155 3353 3365 3409 Domini
3408 3358 3485 3411 tui

1909 3440 2275 3495 amantissimi
2322 3442 2610 3511 colloquiis
2642 3444 2850 3512 jamdiu
2885 3445 3123 3514 dignate,
3157 3449 3243 3500 cui
3289 3464 3485 3519 nempe

1911 3532 1978 3585 ad
2017 3532 2328 3586 Conditoris
2376 3534 2452 3586 tui
2499 3534 2759 3586 thronum
2811 3536 2993 3589 aditus
3040 3547 3339 3607 patet;age
3390 3558 3488 3609 pro

1912 3625 2066 3678 nobis
2107 3625 2597 3679 clementissimum
2630 3624 2923 3680 Dominum
2958 3639 3217 3697 perpetuo
3258 3648 3488 3686 exorare

1914 3729 1982 3766 ne
2028 3713 2239 3778 desine,
2280 3729 2378 3782 pro
2427 3714 2605 3777 nobis,
2637 3717 2882 3783 inquam,
2916 3719 3011 3786 qui
3054 3720 3131 3771 tui
3172 3736 3382 3788 smnus,
3436 3734 3492 3778 et

1914 3804 2186 3857 indoctam
2228 3804 2571 3873 debilemque
2620 3805 2857 3873 linguam
2914 3808 2966 3859 in
3018 3818 3140 3864 tuas
3186 3812 3391 3875 tan-les,
3437 3826 3494 3868 at

1916 3913 2023 3949 non
2072 3912 2172 3963 pro
2223 3898 2433 3950 meritis
2471 3898 2579 3951 tuis
2620 3899 2907 3951 solvimus.
2945 3899 3081 3953 Nam
3134 3904 3198 3954 ad
3247 3915 3297 3957 te
3346 3909 3489 3959 cele-

1917 3988 2185 4040 brandutn
2231 3987 2374 4041 sacri
2425 3986 2537 4039 oris
2569 3988 2646 4040 tui
2688 3988 2945 4042 facundia
2977 4006 3115 4057 opus
3165 3993 3327 4059 foret,
3370 4014 3493 4065 qua:

1917 4080 2054 4139 sola,
2100 4078 2319 4146 opinor,
2353 4079 2575 4132 laudum
2618 4087 2835 4133 tuarum
2872 4084 3145 4149 praeconio
3182 4102 3276 4152 par
3324 4100 3489 4143 esset.

1920 4171 2021 4225 Sed
2053 4181 2232 4224 tamen
2275 4187 2399 4224 cum
2444 4173 2684 4223 animum
2719 4187 2936 4238 noscas,
2988 4175 3151 4228 hosce
3185 4194 3337 4233 meos
3373 4198 3495 4249 per-

1918 4265 2133 4333 exigua:
2165 4263 2366 4316 mentis
2391 4278 2454 4317 ac
2482 4274 2737 4330 tanquam
2770 4264 2921 4331 pueri
2946 4265 3298 4322 lialbutientis
3325 4286 3494 4323 cona-

1921 4365 2007 4408 tus
2061 4369 2127 4406 ne
2186 4354 2439 4421 repudies
2488 4354 2623 4423 (26).
2683 4352 2763 4406 Tu
2818 4370 2946 4409 vero
3004 4357 3373 4414 Ecclesiarum
3442 4364 3494 4415 in

1921 4490 2151 4557 ἀνδρῶν,
2178 4490 2256 4541 ὅτι
2288 4488 2553 4563 διὲτινας
2594 4490 2784 4563 χρείας
2803 4490 3149 4563 Αψυχωςρελεῖς
3184 4500 3495 4563 παραγενό-

244 4561 570 4629 episcopum
599 4556 1012 4629 Agrigentinum
1047 4556 1175 4614 facit
1207 4556 1493 4614 Liberium.
1536 4561 1585 4612 ld
1620 4562 1664 4613 si
1692 4577 1789 4614 eon

1929 4556 2085 4627 μενος
2114 4563 2140 4611 ὁ
2175 4561 2321 4629 ὅσιος
2353 4556 2753 4629 Πατὴρηῆίμών
2803 4556 3101 4629 Γρηγόριος
3158 4566 3215 4614 ἐν
3266 4556 3494 4629 Σπανίᾳ,

246 4640 442 4689 staret,
472 4626 770 4692 Gregorius
801 4637 983 4679 noster
1012 4630 1316 4684 decessisse
1363 4631 1628 4684 dicendus
1671 4642 1816 4684 esset

246 4706 381 4749 ante
414 4712 615 4769 annum
645 4698 827 4769 gelatis
856 4697 1367 4769 quinquagesimum
1403 4702 1719 4769 septimum,
1765 4703 1813 4752 id

244 4776 335 4837 est
368 4766 535 4819 multo
564 4766 749 4837 citius,
782 4782 943 4832 quam
971 4766 1229 4823 Leontius
1252 4766 1589 4837 significat-it.
1618 4768 1815 4823 Verum

246 4835 440 4909 Pirrns
474 4851 579 4909 non
612 4836 967 4909 aliagatldncit
1013 4835 1344 4901 testimonia,
1384 4856 1546 4909 quam
1583 4839 1819 4893 Tabulas

248 4906 660 4976 Agrigentinas,
683 4906 776 4976 _de
822 4922 1050 4973 quarnin
1084 4906 1412 4976 antiquitate
1464 4921 1554 4963 aut
1590 4912 1823 4963 auctori-

248 4984 373 5047 tate
408 4975 538 5025 nihil
573 4973 797 5047 profert.
833 4976 1048 5047 Scimus
1083 4973 1287 5038 autem,
1318 4979 1604 5032 Saracenis
1637 4991 1822 5047 postea

246 5046 529 5117 Agrigenti
561 5044 994 5117 dominantibus,
1029 5049 1389 5117 interruptam
1438 5044 1820 5117 episcoporum

248 5114 449 5167 seriem
498 5114 667 5166 fuisse
707 5114 867 5167 annis
917 5114 1024 5168 200
1050 5156 1075 5187 ,ν
1105 5133 1215 5184 quo
1244 5114 1506 5187 tempore
1555 5118 1825 5186 quidquid

249 5194 495 5236 veterum
528 5194 1009 5237 monumentorum
1048 5186 1155 5238 illic
1184 5200 1324 5249 erat,
1363 5186 1643 5241 int-ensum
1678 5188 1827 5239 delc-

250 5264 477 5320 tnmqne
500 5268 642 5316 esse,
676 5252 800 5323 quis
838 5270 940 5306 non
976 5257 1161 5323 putet?
1198 5268 1387 5310 contra
1430 5258 1653 5310 Leontio
1685 5257 1827 5310 favet

255 5324 622 5385 Menologiuin
671 5320 850 5375 Sirieti
911 5320 1203 5378 cardinalis
1253 5343 1281 5379 a
1343 5328 1563 5379 Canisio
1621 5328 1827 5379 editum

253 5403 319 5459 (t.
360 5391 443 5449 Ill.
478 5396 563 5445 ed.
602 5392 787 5457 Basn.)
829 5393 880 5444 in
910 5409 1021 5461 quo
1053 5396 1163 5448 lnec
1198 5396 1426 5462 legimus
1458 5416 1470 5449 :
1502 5397 1691 5449 Multis
1716 5398 1830 5448 edi-

253 5464 329 5540 tis
356 5462 657 5523 miraculis,
704 5462 756 5512 iu
796 5478 1003 5517 summa
1038 5476 1300 5518 senectute
1335 5468 1583 5535 migravit
1628 5466 1696 5518 ad
1724 5466 1832 5519 Do-

253 5548 481 5585 mtuum.

333 5601 627 5653 Enimvero
666 5601 945 5671 Agrigenti
985 5604 1307 5672 Gregorium
1342 5607 1563 5667 oliiisse,
1606 5608 1835 5661 minime

254 5672 581 5725 addubitare
632 5672 843 5725 videtur
893 5674 1171 5727 Leontius.
1231 5676 1298 5727 At
1341 5678 1391 5728 in
1436 5679 1624 5729 codice
1680 5679 1835 5732 Basi—

265 5742 418 5793 liano
448 5740 483 5792 2
523 5741 637 5793 hate
676 5755 795 5815 post
848 5741 981 5815 Vitae
1021 5756 1339 5797 contextum
1372 5749 1609 5815 ascripta
1645 5751 1835 5801 cadent

260 5824 432 5866 manu
462 5820 615 5864 erant
643 5829 653 5863 :
693 5814 860 5864 Φασὶν
892 5810 984 5865 οὖν
1025 5832 1167 5877 τινες
1201 5815 1308 5866 τών
1344 5818 1447 5886 πρὸ
1489 5810 1643 5887 ἡμῶν
1677 5820 1837 5872 ὁσίων

616 5933 883 5993 ΙἈτιιοι..
932 5935 1026 5993 Gn
1086 5934 1365 5995 XCVIII.

1924 4625 2100 4682 ἐκεῖσε
2139 4630 2201 4680 τὸ
2234 4628 2327 4679 τοῦ
2359 4625 2658 4695 βίου’τέλος
2702 4625 2940 4691 ἐδέξατο.
2986 4625 3040 4683 id
3092 4641 3174 4684 est
3213 4652 3227 4686 :
3267 4625 3497 4698 Quidum

1920 4715 2074 4765 porro
2112 4714 2138 4750 e
2181 4700 2375 4770 sanctis
2421 4699 2570 4759 viris,
2604 4699 2843 4770 quintae
2869 4716 2962 4751 nos
3010 4703 3277 4765 exstitere,
3321 4710 3495 4770 «riunt,

1921 4772 2130 4822 beatum
2172 4768 2385 4841 Patrem
2418 4777 2659 4841 nostrum
2695 4767 3008 4841 Gregorium
3056 4775 3235 4824 nescio
3259 4792 3392 4841 quas
3437 4767 3497 4828 ιι)

1920 4856 2133 4898 causas,
2167 4854 2282 4905 qua:
2313 4836 2381 4887 ad
2421 4838 2717 4889 animorum
2756 4840 3045 4891 utilitatem
3087 4836 3413 4907 spectabunt,
3444 4847 3499 4897 iu

1925 4909 2242 4973 Hispaniain
2283 4907 2601 4973 profectum,
2636 4906 2829 4959 ibidem
2876 4912 2983 4961 vita
3004 4906 3325 4975 'del‘unctum
3368 4932 3495 4968 esse.

1998 4980 2109 5048 (:5)
2154 4978 2413 5051 Iitiitatus
2454 4976 2555 5028 hoc
2590 4977 2707 5051 loco
2748 4978 2971 5051 videtur
3017 4978 3299 5042 Leontius,
3352 4987 3501 5051 quod

1924 5045 2215 5103 desancto
2252 5046 2456 5098 Basilio
2496 5047 2715 5168 scri‘psit
2748 5045 3066 5113 Ephrannus
3112 5052 3163 5101 iii
3213 5068 3273 5104 ea
3315 5045 3503 5106 lauda-

1926 5122 2108 5168 tione.
2168 5132 2330 5168 ollam
2376 5117 2545 5168 edidit
2622 5116 2920 5168 .otelerins.
2978 5116 3145 5168 (Men.
3205 5120 3349 5168 Eccl.
3406 5123 3497 5168 (ἰν-

1926 5122 2108 5177 tione,
2168 5132 2330 5182 quam
2376 5117 2545 5169 edidit
2596 5116 2920 5169 Cotelerins.
2978 5116 3145 5179 (Men.
3204 5120 3349 5173 Eccl.
3406 5123 3523 5183 Cr..

1929 5200 1967 5243 ι.
1998 5188 2082 5242 ΙΙΙ,
2118 5186 2299 5253 ι).54.)
2332 5186 2544 5237 Similia
2567 5188 2711 5237 enim
2748 5187 2799 5237 in
2839 5188 2942 5237 fine
2969 5188 3057 5239 ille
3088 5189 3244 5242 habet
3286 5188 3386 5244 εὮ
3417 5212 3506 5245 πι-

1930 5259 2020 5309 στὲ
2054 5256 2323 5309 Βασίλειε.
2366 5255 2439 5315 ὼς
2485 5255 2651 5305 ’Λϐελ
2688 5256 3080 5324 προσεδέχθης.
3125 5258 3201 5319 ώς
3247 5262 3368 5312 Νῶε
3421 5263 3503 5313 δι-

1931 5327 2159 5392 εσώθης,
2180 5326 2259 5395 ,ὡς
2298 5324 2549 5395 ’ᾼϐραὰμ
2580 5325 2729 5388 φίλος
2762 5326 2895 5375 Θεοῦ
2926 5326 3185 5395 ἐκλήθης,
3214 5330 3289 5391 ὡς
3321 5332 3506 5382 Ἰσαάκ

1932 5366 2159 5392 --.νην
2186 5366 2255 5383 w,
2315 5366 2549 5392 .--ρ-,π
2583 5366 2728 5388 γυη,
2765 5366 2893 5375 ν---
2926 5366 3113 5395 ...ηημ
3137 5366 3185 5389 ς,
3214 5366 3286 5391 υι,
3339 5366 3506 5382 ινα-..

1932 5394 2196 5467 θυσίαγτῴ
2227 5394 2347 5467 θεῷ
2378 5395 2778 5463 προσηνέχθης,
2818 5395 2896 5467 ὡς
2936 5366 3131 5446 Ἰακὼέ
3166 5403 3507 5467 πειρασ;).οὺ;

1933 5466 2196 5537 γενναίως
2243 5464 2563 5532 ὑπέμεινας,
2616 5470 2711 5515 καί
2767 5464 2950 5527 καθὼς
3005 5466 3201 5536 Ἰωσὴφ
3254 5464 3507 5537 μεγάλως

1935 5535 2248 5600 ἐδοξάσθης,
2282 5545 2336 5586 et
2362 5550 2483 5600 qua:
2514 5544 2835 5600 sequuntur.

2010 5606 2121 5671 (τῦ)
2188 5603 2438 5656 Historiae
2496 5619 2609 5655 sua:
2681 5604 2842 5656 finem
2913 5604 3147 5673 imponit
3206 5605 3508 5667 Leontius,

1939 5691 2139 5733 agrum,
2182 5688 2291 5742 quo
2345 5675 2460 5741 ipse
2492 5675 2645 5734 \‘ixil,
2687 5673 2902 5725 indiciis
2939 5676 3173 5742 prodens
3215 5680 3347 5731 satis
3395 5694 3513 5730 lita-

1941 5745 2176 5808 Itil3'slis,
2231 5754 2289 5795 ut
2334 5754 2575 5815 esti-cina
2631 5744 2739 5815 illa
2772 5743 2954 5795 διεριιὶι
3008 5746 3221 5811 septimi
3270 5756 3514 5815 tempora

1944 5818 2101 5869 fat-ile
2133 5829 2419 5883 agnoscas.
2464 5812 2595 5866 Nam
2641 5814 2692 5866 in
2732 5814 2817 5876 iis,
2861 5828 3001 5881 quos
3039 5827 3323 5882 memorat,
3357 5812 3519 5871 dissi-

3128 5926 3202 5986 23
