4226 6444
732 402 853 466 Ἷ15

1841 402 1905 462 S.
1954 397 2333 461 GREGORII
2386 397 2897 459 AGRIGENTINI

3888 410 4004 474 716

747 521 923 565 sectas
967 508 1282 564 abeuntium
1316 506 1515 563 oblatis
1565 507 1965 564 offensionibus
2002 508 2167 563 tinem
2208 506 2315 561 im-

2419 505 2722 590 Βαρόαρων
2750 506 2976 576 ἐφόδους
3007 508 3085 579 τῷ
3116 511 3510 585 Χριστοκλήτῳ
3543 516 3655 585 λαῷ
3690 519 3870 587 μάτην
3899 522 4007 571 ἐπ-

746 602 978 671 ponito;
1037 612 1089 656 tu
1144 601 1509 655 Barbarorum
1563 600 1952 666 incursiones,
2001 614 2072 654 ne
2116 599 2320 668 populo

747 694 1063 747 Christiano
1096 693 1324 747 exitium
1355 691 1606 757 afferant,
1639 692 1749 747 tuis
1773 692 2030 759 precibus
2057 691 2317 756 avertito;

746 793 800 837 tu
842 799 955 837 rem
993 783 1266 853 publicam
1310 784 1492 838 stabili
1540 797 1674 853 pace
1711 782 1969 850 ﬁrmato;
2020 791 2077 837 tu
2128 796 2321 835 mona-

743 875 972 927 chorum
1004 874 1270 942 praesides
1305 890 1340 927 a
1374 870 1656 928 latentium
1687 873 1907 927 leonum
1938 872 2321 940 malorumque

742 966 1053 1020 ilaeiiionum
1086 967 1287 1036 impetu
1317 966 1431 1038 [cx]
1467 967 1575 1021 tuis
1614 967 1759 1037 apud
1789 966 1959 1020 Deum
1983 965 2318 1021 obsecratio-

744 1058 907 1111 nibus
933 1058 1210 1112 defendito
1244 1078 1257 1111 :
1286 1067 1342 1112 tu
1375 1060 1613 1128 denique
1642 1073 1931 1126 corporum
1981 1058 2320 1111 animorum-

741 1164 849 1217 qtte
877 1156 1190 1202 nostrorum
1224 1150 1433 1204 morbis
1459 1150 1711 1219 praesenti
1741 1149 1830 1202 illa
1860 1149 2187 1218 precationis
2213 1156 2319 1202 tuae

744 1239 1011 1292 medicina
1044 1242 1324 1307 medetor;
1364 1252 1526 1310 atque
1558 1242 1611 1295 in
1658 1240 1762 1295 hac
1789 1241 2011 1310 quidem
2046 1241 2157 1295 vita
2189 1254 2317 1309 pre-

742 1345 869 1383 cum
911 1339 1131 1384 tuarum
1162 1346 1266 1401 ope
1296 1349 1361 1386 ex
1404 1333 1761 1387 invisibilium
1796 1347 1895 1387 nos
1929 1341 2095 1402 atque
2126 1332 2315 1386 visibi-

745 1423 875 1475 lium
917 1422 1156 1477 hostiqu
1206 1426 1458 1479 manibus
1504 1425 1689 1493 eripe;
1740 1425 1795 1478 in
1824 1424 2009 1479 futura
2052 1438 2181 1478 vero
2208 1422 2313 1488 fac,

742 1511 1030 1564 audiamus
1078 1511 1291 1563 beatam
1328 1511 1473 1563 illam
1517 1525 1707 1564 vocem
1754 1509 1823 1563 ad
1869 1510 2114 1563 dextram
2153 1520 2316 1577 atque

739 1601 1014 1654 caelestem
1062 1602 1114 1653 in
1166 1602 1468 1656 thalamum
1509 1616 1607 1655 eos
1651 1608 1971 1665 vocantem,
2022 1599 2117 1670 qui
2169 1609 2315 1655 recte

741 1689 997 1752 vixerint,
1026 1703 1091 1743 ac
1115 1688 1329 1743 Domini
1354 1698 1620 1759 praecepta
1647 1689 1805 1744 dictis
1828 1689 2097 1758 factisque
2126 1699 2315 1745 sancte

721 1780 1085 1835 .servaverint
1118 1796 1269 1852 :quo
1304 1781 1587 1850 pervenire
1641 1796 1744 1835 nos
1792 1795 1983 1835 omnes
2039 1781 2316 1850 contingat

741 1873 916 1942 gratia
954 1880 1009 1927 et
1040 1872 1418 1927 misericordia
1456 1872 1671 1926 Domini
1717 1872 1889 1927 nostri
1930 1870 2060 1927 Iesu
2091 1872 2313 1939 Christi,

740 1966 832 2021 cui
862 1965 1033 2035 gloria
1058 1975 1111 2019 et
1139 1966 1426 2035 imperium
1450 1981 1597 2021 nunc
1621 1974 1676 2021 et
1708 1980 1924 2037 semper
1952 1968 2086 2022 et°in
2118 1968 2314 2023 saecula

739 2059 1093 2115 saeculorum.
1132 2059 1302 2114 Amen
1335 2059 1469 2131 (27).

739 2193 988 2247 dentium
1028 2193 1394 2249 Ecclesiarum
1439 2194 1836 2249 offensionibus
1865 2195 2180 2248 Graecorum
2217 2210 2315 2247 no-

738 2264 938 2334 vitates
964 2264 1300 2333 significalas
1327 2266 1580 2331 dixerim,
1615 2280 1752 2330 quas
1783 2263 2027 2334 synodus
2058 2263 2312 2319 Trullana

740 2333 947 2386 invexit
986 2348 1197 2388 canone
1236 2336 1290 2400 ὅ,
1333 2335 1389 2399 4,
1444 2335 1533 2397 15,
1589 2335 1679 2397 67,
1729 2333 1826 2399 82,
1865 2350 1949 2390 ca.
2004 2345 2060 2388 ut
2108 2334 2315 2389 Natalis

739 2402 1105 2458 Alexandrius
1130 2405 1431 2468 contendit,
1459 2414 1580 2461 acta
1610 2412 1695 2459 est
1719 2419 1864 2459 anno
1887 2404 2012 2457 688.
2044 2404 2313 2459 Barbaros

739 2480 948 2542 autem,
984 2488 1220 2542 quorum
1271 2476 1681 2529 incursionibus
1706 2475 2005 2528 Christiani
2037 2476 2311 2528 vexaban-

743 2552 854 2613 tur,
884 2539 1193 2597 Saracenos
1225 2544 1393 2613 fuisse
1424 2547 1650 2605 scimus,
1690 2544 1780 2611 qui
1811 2558 1906 2611 per
1941 2560 2002 2597 ea
2040 2553 2307 2613 tempora,

736 2612 961 2665 Oriente
985 2624 1271 2682 occupato,
1304 2611 1584 2668 Occidenti
1619 2628 1837 2682 quoque
1868 2611 2169 2667 inhiabant.
2204 2616 2311 2668 lies

739 2683 961 2735 demum
1016 2681 1230 2749 publica
1286 2684 1572 2737 verissime
1617 2684 1819 2737 dicitur
1866 2698 1999 2751 pace
2045 2685 2311 2749 caruisse,

739 2765 866 2804 cum
899 2752 1134 2822 partium
1169 2753 1364 2805 studiis
1392 2762 1607 2822 nutaret
1635 2754 1948 2822 imperium,
1981 2753 2313 2807 Justiniano.

736 2834 846 2886 que
874 2835 905 2874 e
926 2822 1067 2875 solio
1105 2820 1416 2883 deturbate,
1448 2820 1729 2886 Leontius,
1760 2821 1957 2875 deinde
1990 2824 2312 2876 Absimarus

739 2903 847 2942 non
894 2890 1017 2945 sine
1065 2890 1361 2946 multorum
1401 2892 1638 2946 caedibus
1695 2906 1921 2960 regnum
1976 2893 2078 2946 sibi
2134 2893 2312 2945 vindi-

756 3109 1980 3137 _______.____._____~___

1985 3113 2392 3129 ἠ

2418 598 2724 668 ερχομὲνας
2770 602 2893 663 ταῖς
2942 604 3065 665 σαῖς
3108 605 3437 674 πρεσϐείαις
3481 609 3829 679 ἀπόστρεψον
3863 628 3875 640 ·
3933 616 4005 681 τῇ

2420 691 2666 763 πολιτείᾳ
2698 694 2923 763 εἰρήνην
2955 696 3227 765 σταθερὰν
3280 697 3630 769 διευθέτησον
3658 718 3671 731 ·
3725 704 4008 764 τοὺςιτῶν

2423 781 2707 849 μοναστῶν
2750 781 2989 849 λογάδας
3040 786 3105 837 ἐκ
3134 784 3236 854 τῆς
3268 785 3378 838 τῶν
3412 786 3618 855 νοητῶν
3649 786 3881 839 λεόντων
3907 790 4008 841 καὶ

2418 872 2516 941 τῆς
2546 872 2654 925 τῶν
2692 873 2947 943 πονηρῶν
2978 875 3306 943 πνευμάτων
3336 877 3518 945 ὁρμῆς
3543 880 3664 938 ταῖς
3696 879 3833 947 πρὸς
3869 879 4007 931 Θεόν

2421 978 2513 1015 σου
2542 961 2791 1032 δεήσεσιν
2817 962 3181 1034 ὲλευθέρωσον
3209 982 3224 998 ο
3254 966 3353 1029 τὰς
3380 967 3490 1018 τῶν
3511 966 3701 1035 ψυχῶν
3745 969 3841 1019 καὶ
3900 985 4006 1020 σω-

2422 1052 2606 1121 μάτων
2628 1054 2783 1121 ήμῶν
2806 1053 2994 1116 νόσους
3030 1054 3110 1124 τῷ
3137 1056 3413 1126 δραστικῷ
3460 1061 3560 1128 τῆς
3608 1058 3849 1127 δεήσεῶς
3905 1075 4005 1110 σου

2419 1143 2696 1213 φαρμάκῳ
2725 1144 3009 1214 ἰάτρευσον
3042 1163 3057 1177 ⁸
3086 1149 3179 1199 καὶ⁵
3203 1150 3269 1216 ὲν,
3298 1149 3397 1217 μὲν
3429 1147 3508 1217 τῷ
3557 1149 3788 1217 παρόντι
3841 1149 4006 1202 αἰῶνι

2417 1238 2537 1297 ταῖς
2565 1235 2987 1305 ἀντιληπτικαῖς
3024 1238 3213 1306 εὐχαῖς
3245 1255 3339 1291 σου
3370 1238 3431 1303 ἐξ
3462 1240 3712 1308 ἀοράτων
3737 1243 3835 1292 καὶ
3867 1243 4003 1309 ὀρα-

2418 1326 2525 1378 τῶν
2555 1327 2701 1397 ἡμᾶς
2730 1328 2945 1397 ἐχθρῶν
2979 1329 3291 1401 ὲξάρπασον
3326 1347 3341 1362 ·
3396 1333 3453 1382 ὲν
3499 1331 3555 1383 δὲ
3596 1331 3672 1400 τῷ
3723 1331 4001 1399 μέλλοντι,

2418 1417 2517 1485 τῆς
2546 1419 2824 1488 μακαρίας
2855 1420 3143 1473 ἀκουτίσαι
3182 1420 3367 1489 φωνῆς
3397 1422 3491 1473 καὶ
3523 1422 3621 1489 τῆς
3674 1422 3740 1473 ὲκ
3803 1420 4003 1483 δεξιῶν

2418 1510 2908 1580 προσκαλουμένης
2937 1511 2996 1563 ὲν
3020 1511 3101 1581 τῷ
3128 1512 3367 1580 οὐρανίῳ
3400 1512 3651 1582 νυμφῶνι
3679 1516 3791 1574 τοῖς
3818 1514 4001 1583 ὀρθῶς

2419 1600 2704 1667 βεϐιωκόσι
2757 1603 2851 1655 καὶ
2898 1605 3023 1666 ταῖς
3055 1604 3299 1667 ἐντολαῖς
3326 1604 3421 1656 τοῦ
3452 1605 3658 1675 Κυρίου
3685 1606 4001 1674 ἀμέμπτως

2415 1691 2505 1744 διά
2533 1708 2593 1743 τε
2620 1691 2765 1760 λόγῳ
2783 1697 2876 1746 καὶ
2899 1693 3046 1765 ἔργῳ
3073 1692 3380 1763 τηρήσασιν
3403 1711 3418 1725 ’
3456 1689 3524 1764 ἦς
3553 1696 3763 1762 γένοιτο
3786 1696 4001 1755 πάντας

2415 1785 2562 1854 ἡμᾶς
2581 1786 2856 1854 ἐπιτυχεῖν
2879 1786 3064 1857 χάριτι
3095 1787 3188 1838 καὶ
3214 1786 3595 1857 φιλανθρωπίᾳ
3637 1786 3732 1838 τοῦ
3785 1787 4002 1854 Κυρίου

2418 1877 2571 1946 ἡμῶν
2634 1876 2810 1948 Ἰησοῦ
2856 1878 3120 1947 Χριστοῦ,
3176 1873 3219 1946 ᾧ
3260 1881 3294 1950 ἡ
3330 1878 3458 1944 δόξα
3518 1878 3614 1932 καὶ
3673 1878 3733 1931 τὸ
3795 1881 4002 1945 κράτος

2413 1968 2508 2021 νῦν
2568 1971 2663 2022 καὶ
2714 1968 2804 2023 ἀεὶ
2864 1971 2959 2022 καὶ
3014 1972 3094 2034 εἰς
3150 1972 3277 2034 τοὺς
3329 1970 3536 2033 αἰῶνας
3595 1970 3704 2023 τῶν
3755 1969 4000 2021 αἰώνων.

2426 2062 2618 2131 Ἀμήν.

2411 2206 2649 2247 cassent.

2490 2263 2658 2317 Porro
2681 2279 2803 2330 quae
2828 2264 3094 2320 hactenus
3117 2266 3168 2319 in
3200 2265 3427 2319 Leontio
3450 2280 3479 2317 a
3510 2265 3668 2319 nobis
3694 2265 3775 2318 vel
3801 2279 4000 2318 emen-

2421 2334 2545 2387 data
2581 2334 2662 2387 vel
2695 2335 2964 2388 illustrata
2990 2346 3135 2391 sunt.
3165 2338 3286 2403 plus
3320 2336 3527 2403 aliquid
3569 2339 3707 2389 lucis
3751 2338 3996 2387 allatura

2421 2420 2708 2473 Spe-ramus
2745 2406 2809 2457 ad
2845 2415 3010 2457 totatn
3043 2406 3285 2475 Gregorii
3326 2407 3607 2459 historiam
3652 2421 3998 2473 cugnosren-

2420 2480 2540 2527 datn
2579 2490 2783 2543 :quam
2833 2478 3018 2543 utique
3064 2477 3248 2529 multis
3296 2476 3707 2529 dillicultatiluts
3758 2475 3998 2539 impedi-

2414 2554 2522 2597 tam
2576 2546 2907 2613 accrpimus.
2969 2546 3107 2598 Ante
3158 2561 3256 2598 nos
3302 2554 3450 2598 certe
3505 2563 3678 2615 neque
3732 2544 3999 2597 Bailletus

2414 2615 2712 2681 quidquam
2748 2615 3093 2667 enucleatum
3125 2618 3387 2676 ediderat,
3428 2633 3602 2684 neque
3639 2629 3820 2669 czetert
3849 2618 3997 2667 vita-

2416 2700 2535 2735 ι·ιιιιι
2570 2695 2663 2735 aut
2693 2686 2996 2751 elogiorum
3032 2686 3327 2753 scriptores
3375 2687 3480 2737 nisi
3526 2686 3861 2747 communia,
3896 2698 3996 2738 ea-

2417 2771 2521 2822 que
2551 2754 2737 2805 leviter
2767 2753 3090 2808 deliltarant.

2488 2823 2599 2891 (27)
2639 2823 2773 2875 Gud.
2805 2822 2859 2893 2,
2892 2826 2920 2875 ό
2976 2822 3103 2886 λαὸς
3153 2822 3234 2887 τὸ,
3296 2825 3489 2893 Ἀμήν.
3540 2825 3716 2889 Δὶδου,
3757 2823 3993 2892 Χριστὲ,

2415 2895 2525 2954 τοῖς
2559 2894 2714 2961 ἐμοῖς
2750 2892 2930 2955 πόνοις
2958 2893 3138 2964 χάριν.

2402 3112 3953 3142 W

1445 3254 1521 3317 .S.
1556 3253 1943 3316 GREGORII
1975 3254 2054 3329 ll,
2089 3254 2534 3316 PONTIFICIS
2585 3256 3315 3320 AGRIGENTINORUM

816 3816 1037 3890 [exn].
1064 3816 1292 3899 Evum
1327 3827 1456 3891 quo
1485 3813 1833 3899 Gregorius
1856 3818 2080 3899 noster
2106 3810 2284 3899 vixit,
2325 3810 2407 3870 ita
2438 3809 2689 3899 anonbis
2721 3811 3277 3899 circumscriptum
3303 3822 3421 3887 est,
3455 3822 3524 3875 ut
3555 3833 3769 3899 neque
3801 3820 3988 3899 Caje-

740 3888 884 3953 lano
905 3888 1511 3968 assentirentur,qui
1534 3888 1680 3949 enin
1707 3888 2190 3971 sublustiniani
2217 3890 2239 3971 ᾖ
2268 3890 2549 3971 imperio
2570 3890 2866 3971 ﬂoruisse
2896 3889 3308 3968 censuit(28),
3334 3910 3541 3971 neque
3568 3888 3982 3959 illi'Lanciam

734 3970 1227 4060 anteferendum
1264 3966 1673 4060 duceremus,
1725 3966 1835 4055 qui
1881 3968 2177 4060 eumdem
2206 3966 3613 4060 .lnstiniani‘ll'mtati.‘supparemfecit—(29).
3659 3974 3981 4060 Nimirum

738 4058 806 4109 ut
838 4048 1115 4129 cajetani
1146 4046 1527 4129 sententiam
1564 4045 1803 4129 Lancia
1824 4045 2040 4129 multis
2073 4044 2474 4129 argumentis
2502 4043 2918 4129 labefactavit,
2964 4043 3057 4105 sic
3090 4046 3338 4107 Lancim
3376 4043 3751 4125 opiniOnem
3790 4055 3983 4113 ratio-

739 4142 852 4186 nes
884 4120 1201 4185 intirmare
1238 4127 1561 4195 videntur,
1596 4140 1755 4200 quas
1783 4123 1911 4198 jam
1962 4122 2025 4180 in
2059 4120 2581 4202 adnotationibus
2624 4124 3091 4202 exposuimus;
3129 4120 3496 4202 quanquam
3547 4128 3731 4186 nobis
3767 4132 3864 4189 vel
3914 4132 3980 4191 in

740 4204 858 4262 hoc
893 4218 1020 4262 uno
1044 4204 1197 4263 satis
1229 4218 1436 4261 causae
1466 4198 1847 4260 esse'visum
1880 4208 1998 4271 est,
2029 4198 2248 4277 curab
2274 4205 2551 4277 utroque
2570 4201 3039 4271 recederemus,
3074 4198 3243 4277 quod
3281 4198 3506 4264 neuter
3536 4206 3978 4267 auctoritatem

738 4279 931 4340 ullam
970 4280 1310 4358 protulerit
1348 4295 1571 4339 eorum
1606 4286 1993 4359 temporum,_
2022 4275 2267 4359 quibus
2293 4276 2673 4359 Gregorium
2710 4278 2946 4359 vixisse
2985 4275 3343 4359 contendit.
3369 4282 3437 4359 1d
3470 4283 3715 4359 quippe
3754 4302 3980 4345 neces-

734 4354 1453 4438 sarium—omninoerat,
1476 4364 1665 4438 atque
1696 4371 1948 4438 omnem
1977 4355 2043 4413 in
2068 4356 2129 4413 id
2155 4354 2650 4438 diligentiamae
2680 4354 3283 4438 st_ud_ium_conferre
3312 4354 3658 4429 debebant;
3683 4365 3982 4438 quando—

782 4436 997 4495 uidem
1057 4434 1305 4495 Leontii
1360 4431 1623 4512 historia
1674 4433 1863 4492 certis
1913 4448 1984 4512 ae
2034 4432 2394 4512 perspicuis
2448 4431 2875 4512 teviuindiciis
2932 4432 3115 4508 plane
3172 4444 3385 4506 caret,
3427 4431 3976 4512 quemadmodum

784 4516 1005 4573 iversm
1035 4514 1319 4589 ipsorum
1342 4511 1683 4591 Opinioncs
1714 4510 2174 4591 sententiaeque
2214 4508 2721 4591 d_ecla_rant.Uter
2744 4525 2964 4570 eorum
2992 4508 3804 4591 testimonitim—scriptoris
3835 4518 3980 4575 illo-

736 4608 874 4651 rum
920 4586 1277 4667 temporum
1305 4586 1569 4666 aequalis
1602 4588 1995 4665 protulisset,
2032 4586 2109 4647 ab
2139 4602 2215 4647 co
2247 4587 2324 4647 lis
2354 4586 2664 4664 dirempta
2697 4596 2890 4661 esset,
2926 4605 3043 4650 nec
3065 4588 3203 4666 'jatn
3236 4589 3577 4651 dubitandi
3601 4586 3814 4654 causa
3850 4595 3981 4657 ulla

732 4686 1073 4744 superesse
1111 4668 1459 4728 videretur.

813 4741 1125 4823 Sepositis
1160 4745 1357 4823 igitur
1397 4744 1622 4804 horum
1673 4742 2221 4823 contentionibus,
2278 4744 2444 4802 unde
2478 4741 2638 4823 nihil
2691 4752 3091 4823 compertum
3128 4746 3533 4819 haberemus,
3566 4747 3729 4807 illud
3785 4751 3977 4809 unice

730 4821 1149 4903 quaarendum
1179 4821 1638 4903 judicavimus,
1673 4838 1826 4903 nu_t_n
1878 4822 2045 4897 apud
2081 4829 2365 4903 veterum
2398 4821 2779 4903 scriptorum
2821 4822 3101 4903 aliquem
3153 4826 3503 4903 aliquando
3544 4830 3625 4885 de
3661 4829 3979 4902 Gregorio

736 4899 956 4963 nostro
989 4899 1220 4979 injecta
1252 4900 1493 4980 mentio
1524 4910 1715 4980 esset.
1758 4900 1845 4959 Ne
1881 4915 2027 4957 vero
2077 4899 2141 4980 in
2181 4899 2554 4980 antiquitate
2593 4899 3356 4980 scrutanda’latiusjusto
3394 4899 3975 4977 vagandum'foret,

731 4981 939 5040 cdocti
974 4996 1007 5039 a
1046 4976 1329 5049 Leontio,
1364 4979 1747 5055 Gregorium
1801 4994 1924 5057 non
1969 4976 2168 5057 multo
2198 4986 2341 5057 ante
2377 4976 2588 5053 ipsum
2633 4979 3001 5057 exstitisse;
3040 4976 3315 5057 primum
3347 4984 3425 5040 de
3472 4976 3682 5057 ipsius
3721 4986 3978 5042 Leontii

726 5075 867 5119 aevo
893 5058 1415 5135 investigandum
1445 5056 2002 5136 censuimusﬂoc
2032 5056 2202 5136 enim
2227 5055 2499 5136 detecto,
2528 5071 2657 5136 non
2684 5056 2847 5117 ultra
2872 5055 3088 5119 seaculi
3121 5055 3537 5136 praecedentis
3562 5061 3719 5119 ﬁnes
3747 5079 3980 5120 excur-

734 5139 1001 5196 rendqu
1042 5130 1196 5206 erat,
1236 5143 1305 5214 ut
1336 5134 1628 5212 Gregorii
1664 5135 1863 5214 nostri
1902 5132 2173 5214 vestigia
2197 5130 2907 5214 aliquainveniremus.
2951 5130 3172 5213 Neque
3209 5154 3356 5197 vero
3387 5149 3645 5214 operam
3682 5139 3743 5197 in
3780 5156 3851 5198 ea
3887 5140 3979 5197 in—

730 5216 962 5292 dagine
1008 5212 1430 5292 perdidimus,
1463 5210 1553 5292 fac
1593 5212 1939 5292 Leontium
1986 5210 2220 5271 saeculo
2265 5211 2559 5292 septimo,
2601 5220 2671 5271 ut
2708 5211 2840 5290 jam
2895 5210 3351 5292 recognoscere
3400 5210 3567 5286 licet,
3606 5215 3977 5291 prmfeetura

734 5288 1101 5354 monasterii
1136 5292 1341 5353 Sancti
1379 5290 1553 5351 Sabaa
1582 5288 1868 5351 functum
1912 5292 2123 5350 [inmte
2157 5304 2295 5349 esse
2329 5288 2901 5366 deprehendimus.

810 5373 1094 5450 ILGum
1128 5372 1324 5447 igitur
1366 5386 1443 5430 ex
1477 5367 1726 5450 Leontii
1774 5367 1945 5428 dicto
1990 5366 2344 5444 Gregorius
2380 5375 2596 5450 noster
2629 5369 2737 5450 vix
2786 5369 3022 5430 smeuln
3053 5382 3382 5450 antiquior
3420 5389 3563 5432 esse
3614 5381 3853 5449 posset,
3911 5373 3975 5433 in

729 5448 948 5511 steculi
1003 5446 1177 5510 sexti
1202 5448 1674 5529 monumentis,
1717 5462 1862 5529 qua)
1896 5446 2574 5529 exstant_,_r_n_emo_riam
2624 5448 2763 5529 ejus
2806 5464 3175 5529 nomenque
3211 5446 3972 5529 perquirero'cmpimus.

735 5534 889 5592 iit-ce
921 5537 1134 5590 autem
1172 5526 1291 5589 tibi
1318 5528 1383 5588 in
1417 5524 1709 5605 epistolis
1738 5525 1859 5605 (30)
1892 5523 2185 5602 Gregorii
2215 5524 2423 5602 Magni
2458 5523 2875 5605 semelatque
2923 5523 3156 5590 iterum
3193 5523 3543 5606 Gregorius
3577 5523 3839 5607 quidam
3870 5545 3982 5593 oc-

803 5715 917 5785 (‘18)
973 5713 1077 5768 Vit.
1130 5712 1233 5767 SS.
1282 5712 1394 5785 Sic.
1428 5721 1570 5785 tom.
1603 5710 1644 5785 l,
1697 5712 1749 5785 in
1799 5710 2038 5785 animad.
2075 5725 2127 5778 p.
2175 5707 2295 5785 iniit).
2480 5708 2591 5779 (30)
2637 5708 2753 5766 Lib.
2786 5728 2822 5777 ι,
2856 5714 3017 5783 epist.
3059 5712 3157 5778 72;
3189 5714 3281 5769 lib.
3320 5731 3396 5779 ιιι,
3430 5716 3591 5785 epist.
3623 5716 3709 5772 12.

805 5784 921 5853 (29)
963 5786 1188 5841 Diss.de
1216 5794 1302 5839 aet.
1330 5782 1387 5837 Β.
1413 5776 1573 5853 Greg.
1597 5782 1775 5853 Agrig.
1799 5792 1834 5837 ι.
1870 5779 1933 5834 l\'
1956 5776 2158 5849 Opu'sc.
2186 5778 2294 5833 Sic.
