4226 6444
260 370 367 437 717
1727 371 1926 433 ANNA

1855 371 2076 430 (ΛΜΞ.
3419 367 3524 432 718

268 488 468 548 currit
498 487 840 564 episeolius
872 486 1354 565 Agrigentinus.
1409 485 1636 543 Arrisit
1669 484 1786 544 hoc
1818 485 2026 565 plane.
2069 475 2455 565 'l‘emporuin
2500 486 2672 565 enim
2723 486 3001 545 rationes
3039 484 3331 560 praeclare
3365 502 3525 544 ron-

271 563 662 626 veniebant:
701 566 758 624 id
805 563 1253 625 tamen-unum
1296 565 1450 624 satis
1502 580 1642 622 esse
1693 580 1817 622 non
1855 564 2209 636 videbatur,
2262 573 2328 623 ut
2382 563 2562 623 illum
2615 564 2825 637 ipsum
2873 580 3015 623 esse
3063 571 3518 637 statueremus,

263 644 454 721 cujus
489 645 678 704 vitam
710 644 1017 705 Leontius
1055 643 1406 718 posteritati
1442 641 1830 701 tradidisset.
1867 642 2172 717 Epistolis
2205 643 2333 702 illis
2369 641 2690 721 perlectis,
2737 651 3102 702 accusatum
3136 643 3515 719 Gregorium

262 720 758 800 Agrigentinum
789 721 956 798 apud
993 721 1357 800 pontiﬁcem
1392 721 1864 800 maximum,_ut
1903 720 2209 800 Leontius
2249 731 2477 793 narrat,
2515 720 2702 800 clare
2748 728 2936 800 atque
2975 721 3312 800 perspicue
3353 722 3522 780 didi-

262 797 468 860 cimus
506 822 519 860 :
556 801 616 861 id
652 817 803 861 vero
834 797 1186 860 alacriores
1219 799 1388 867 fecit,
1444 808 1506 858 et
1549 800 1623 857 ad
1673 797 1923 874 reliqua
1955 799 2396 874 investiganda
2433 797 2879 860 vehementius
2917 798 3222 858 incitavit.
3261 800 3521 859 Inveni-

267 895 411 938 mus
441 887 678 946 autem,
712 879 1255 953 quemadmodum
1287 894 1318 936 a
1354 876 1620 937 Leontio
1654 877 1952 936 traditum
1985 885 2102 945 est,
2139 878 2399 937 Romam
2433 894 2578 935 eum
2612 879 2685 937 ad
2725 892 2979 936 Causam
3008 877 3343 938 dicendam
3377 894 3522 954 pro-

261 957 498 1016 fectum
535 974 677 1036 esse
711 955 856 1036 (3t),
896 957 1020 1019 huc
1049 957 1281 1017 accitos
1328 973 1361 1015 e
1397 954 1615 1016 Sicilia
1643 961 2044 1016 accusatores
2083 955 2232 1034 (32),
2274 963 2335 1014 et
2367 955 2614 1031 judicio
2655 964 2926 1033 peracto,
2967 955 3046 1015 ad
3081 957 3297 1016 sedem
3330 956 3518 1017 illum

261 1052 445 1095 suam
482 1034 749 1094 rediisse
781 1034 928 1112 (33).

342 1117 540 1172 Porro
579 1113 710 1172 hzee
745 1111 1106 1191 rem’prope
1137 1111 1618 1191 conficerervisa
1667 1120 1839 1181 sunt,
1877 1118 1944 1171 ut
1974 1127 2097 1172 non
2149 1112 2346 1171 alium
2371 1111 2499 1188 jam
2541 1112 2924 1191 Gregorium
2971 1127 3001 1169 a
3041 1111 3307 1171 Leontio
3340 1114 3516 1174 desi-

262 1191 444 1267 gnari
496 1189 932 1252 censeremus.
984 1194 1137 1252 Nam
1173 1208 1324 1250 casu
1362 1190 1626 1268 quidem
1681 1191 2053 1267 contingere
2087 1191 2192 1250 vix
2242 1192 2433 1266 "posse
2491 1189 2891 1267 putabamus,
2944 1197 3009 1249 ut
3067 1191 3351 1268 episcopi
3388 1192 3519 1252 duo

260 1269 558 1346 ejusdem
593 1271 800 1342 urbis,
837 1272 1062 1330 eodem
1093 1269 1280 1330 ambo
1329 1268 1589 1330 nomine
1631 1268 2053 1338 exstitissent,
2108 1268 2221 1346 qui
2274 1282 2332 1328 et
2371 1269 2644 1329 accusati
2688 1275 2749 1328 et
2798 1268 3060 1327 Romam
3107 1270 3172 1328 in
3198 1270 3519 1347 judicium

265 1347 468 1407 vocati
501 1359 738 1419 essent,
780 1359 838 1408 et
874 1349 938 1408 in
972 1349 1194 1408 urbem
1227 1365 1406 1408 suam
1449 1347 1850 1421 postliminio
1883 1347 2254 1408 rediissent.

344 1426 455 1486 Ill.
504 1427 797 1486 Restabat
841 1440 1074 1497 tamen,
1109 1436 1176 1485 ut
1211 1443 1284 1486 ea
1338 1427 1907 1502 perpemleremus,
1959 1442 2102 1503 quae
2145 1425 2318 1486 aliud
2359 1443 2590 1498 aevum,
2619 1424 2738 1484 alia
2778 1423 3045 1503 omnino
3085 1433 3366 1501 tempora
3422 1429 3518 1488 si-

258 1521 458 1578 gnare
490 1505 813 1577 videntur,
845 1521 1034 1582 quam
1070 1523 1164 1572 ea,
1201 1505 1442 1582 quibus
1477 1520 1591 1564 nos
1624 1502 2090 1582 totamiLeontii
2122 1504 2451 1565 historiam
2484 1502 3094 1582 circumscribimus.
3122 1507 3300 1581 [exn]
3326 1504 3516 1582 Ejus-

263 1582 438 1642 modi
477 1594 627 1642 sunt
675 1581 1022 1659 appellatio
1072 1581 1328 1645 Macarii
1381 1581 1844 1658 archiepiscopi
1899 1581 2523 1659 Hierosolymorum,
2578 1581 2690 1659 qui
2739 1583 2897 1640 ultra
2953 1600 3188 1641 annum
3232 1581 3518 1647 5757mm

262 1661 462 1732 vixit;
496 1662 810 1721 Eustathii
850 1660 1318 1738 archiepiscOpi
1355 1659 1880 1739 Antiochim,qui
1915 1676 2156 1739 annum
2219 1661 2336 1720 338
2365 1661 2650 1739 attigisse
2686 1676 2812 1719 non
2847 1669 3135 1735 putatur;
3169 1663 3512 1724 Iustiniani

263 1743 430 1815 Aug.
477 1740 588 1816 qui
623 1739 900 1800 decessit
948 1737 1116 1799 anno
1161 1741 1313 1812 565;
1349 1737 1580 1816 Sergii,
1615 1737 2005 1816 Cyri,’Panli
2056 1737 2523 1811 hmreticoruni,
2566 1755 2842 1817 quorum
2883 1739 3126 1812 primus
3177 1742 3384 1800 dictus
3421 1752 3517 1803 est

261 1817 792 1894 archiepiscOpus
841 1818 1591 1894 ConstantinOpolitanus
1640 1832 1810 1878 anno
1858 1817 1998 1876 610.
2032 1818 2188 1876 Inde
2240 1819 2410 1878 enim
2464 1827 2627 1878 natm
2668 1821 3125 1878 controversim
3172 1819 3296 1880 illae
3341 1832 3513 1894 sunt,

261 1911 426 1973 quas
455 1895 764 1969 diximus,
797 1905 858 1977 et
890 1895 1136 1977 gemina
1170 1906 1306 1977 orta
1335 1897 1414 1956 de
1445 1895 1739 1977 Gregorii
1771 1904 1951 1977 (etate
1976 1896 2314 1977 sententia.
2350 1898 2505 1977 Cum
2535 1897 2665 1956 ι)ωο
2695 1904 2906 1977 autem
2940 1896 3106 1956 inter
3130 1915 3198 1956 se
3233 1916 3514 1977 pugnare

261 1983 602 2044 constaret,
638 1976 809 2050 quod
845 1973 1128 2053 aequales
1155 1976 1404 2046 ﬁerent,
1437 1975 1547 2053 qui
1585 1975 1772 2052 longe
1802 1973 2078 2034 diversis
2112 1976 2510 2053 temporibus
2543 1975 2961 2042 exstiterunt;
2997 1973 3367 2053 suspicandi
3403 1998 3519 2040 an-

258 2068 395 2112 sam
427 2055 775 2129 praebuere,
803 2052 1110 2115 mendosa
1133 2073 1273 2115 esse
1295 2052 1709 2130 exemplaria,
1740 2070 1884 2131 quae
1909 2055 1983 2114 ad
2014 2069 2128 2113 nos
2160 2052 2614 2130 pervenerunt,
2639 2070 2766 2114 non
2799 2053 3042 2114 Leontii
3067 2052 3372 2128 auctoris,
3401 2061 3517 2120 sed

261 2133 490 2194 scribae
525 2133 756 2212 veteris
808 2134 1000 2193 stulta
1045 2135 1317 2212 quadam
1366 2132 1711 2210 imperitia,
1761 2135 1875 2212 qui
1930 2133 2188 2192 nomina
2234 2133 2554 2212 addiderit
2591 2150 2838 2212 eorum,
2885 2149 3048 2211 quos
3099 2134 3362 2212 quidem
3401 2139 3520 2199 ali-

261 2211 739 2286 quandofuisse
768 2213 982 2282 sciret,
1017 2222 1078 2272 at
1107 2230 1382 2291 quorum
1413 2228 1617 2272 aevum
1648 2211 1829 2291 plane
1860 2211 2206 2291 ignoraret.
2243 2211 2436 2271 Auxit
2462 2211 3216 2289 suspicionemmodex’ho
3245 2214 3514 2277 Basilia-

263 2303 524 2358 norum,
557 2291 624 2349 in
657 2307 947 2372 quo,pro
975 2289 1368 2362 Justiniano,
1393 2292 1725 2372 Iustinum
1747 2289 1910 2372 cieri
1936 2289 2218 2372 vidimus
2251 2308 2265 2350 :
2299 2291 2478 2372 auxit
2503 2300 2563 2352 et
2593 2291 3366 2372 Simeonitietapbrastes,
3401 2298 3512 2372 qui

262 2383 630 2446 quanquam
683 2386 783 2428 res
815 2367 847 2428 a
883 2371 1151 2431 Leontio
1191 2378 1472 2431 narratas
1521 2369 1760 2446 recepit
1804 2367 2119 2447 singulas,
2171 2371 2432 2431 nomina
2467 2380 2676 2431 tamen
2708 2369 3055 2429 Justiniani
3105 2378 3166 2430 et
3202 2367 3514 2437 Eustatbii

260 2461 392 2508 non
425 2447 611 2508 habet
647 2469 662 2506 :
697 2458 829 2507 tum
866 2466 944 2508 ne
988 2449 1148 2509 illud
1183 2449 1447 2527 quidem
1482 2463 1705 2523 parum
1740 2447 1950 2509 valere
1993 2448 2322 2520 duximus,
2366 2450 2541 2527 quod
2585 2449 2650 2510 in
2685 2447 2985 2527 omnibus
3035 2451 3513 2527 exemplaribus

261 2532 324 2583 et
356 2527 641 2605 episcOpi
668 2527 1212 2601 Carthaginiensis
1237 2541 1297 2587 et
1325 2526 1795 2605 archiepiscopi
1829 2526 2516 2605 ConstantinOpolitani
2549 2536 2613 2589 et
2648 2526 2962 2605 pontilicis
2991 2526 3246 2588 maximi
3279 2548 3514 2596 nomen

264 2547 324 2583 et
356 2547 641 2602 episcopi
668 2547 1212 2601 cartnagimensrs
1237 2547 1297 2587 et
1325 2547 1795 2605 arcmepiscopi
1829 2547 2244 2589 LOliSlﬂlllan
2278 2547 2516 2587 lOlllalii
2549 2547 2613 2589 et
2648 2547 2962 2605 ponttuCls
2991 2547 3246 2588 maxum
3279 2548 3512 2596 nomen

264 2604 668 2685 reticeretur,
709 2607 935 2685 inuno
968 2615 1179 2669 autem
1217 2624 1294 2666 ne
1332 2622 1565 2666 nomen
1594 2605 1853 2685 quidem
1887 2613 2162 2665 exstaret
2199 2547 2519 2666 'l‘i'ieodori
2554 2606 2757 2674 illius,
2798 2606 2908 2684 qui
2953 2606 3244 2685 Gregorii
3285 2611 3512 2673 deces—

263 2697 372 2741 sor
421 2682 627 2762 fuisse
674 2684 929 2746 dicitur.
970 2689 1096 2750 Cur
1137 2686 1312 2746 enim
1352 2685 1485 2744 haec
1534 2682 1768 2760 potius,
1812 2700 2003 2760 quam
2048 2685 2156 2743 illa
2209 2685 2717 2761 prmtermisisset
2769 2682 3119 2744 Leontius?
3164 2691 3512 2762 praesertim

261 2777 408 2818 eum
444 2761 672 2839 incolas
701 2764 985 2826 Romano
1018 2782 1252 2826 nomen
1292 2763 1514 2823 saltem
1571 2762 1886 2838 pontiticis
1930 2762 2185 2822 maximi
2223 2763 2514 2839 ignotum
2562 2779 2704 2822 esse
2741 2766 2868 2821 no’n
2926 2761 3364 2838 pesset.Nihil
3410 2771 3516 2831 de-

236 2855 438 2921 mum
474 2837 745 2921 alienam
793 2859 1051 2904 manum
1092 2845 1267 2902 olere
1301 2842 1502 2918 magis
1535 2837 1744 2921 visum
1792 2847 1909 2912 est,
1946 2857 2134 2917 quam
2166 2837 2388 2921 trium,
2419 2844 2530 2918 qui
2565 2837 3020 2921 memorantur,
3069 2840 3513 2908 haereticorum

214 2919 521 3001 "nomina
563 2939 578 2978 :
613 2920 854 3001 quippe
885 2923 999 3001 qui
1040 2937 1117 2983 eo
1150 2917 1435 3001 tempore
1470 2917 1748 3001 damnati
1801 2929 1978 3001 sunt,
2009 2935 2140 2997 quo
2171 2917 2480 3001 Leontius
2512 2921 2732 3001 Roma;
2764 2919 3158 3001 versabatur,
3194 2940 3310 2984 nec
3354 2927 3515 2986 Con-

257 2996 964 3082 stantinopolisomm,
1013 3001 1123 3082 sed
1171 2996 1388 3082 Roma)
1437 2999 1616 3082 prius
1662 2997 1938 3058 damnati
1984 2996 2314 3058 a’centum
2353 2997 2577 3076 viginti
2624 2997 2917 3076 quinque
2961 2999 3310 3078 episcopis,
3348 3022 3512 3082 quos

255 3073 506 3150 Agatho
538 3073 826 3152 pontifex
873 3073 1187 3140 maximus
1222 3078 1286 3137 in
1318 3073 1662 3138 consilium
1698 3083 2048 3136 vocaverat.

343 3155 486 3235 Haec
516 3157 727 3214 omnia
768 3173 962 3235 prepe
999 3159 1122 3216 vim
1153 3156 1530 3225 adhibuere,
1570 3172 1686 3215 nec
1728 3154 1965 3235 invitos
1998 3154 2061 3214 in
2094 3172 2232 3215 eam
2265 3153 2650 3235 sententiam
2685 3155 3114 3228 adduxerunt,
3155 3166 3222 3215 ut
3253 3161 3514 3223 nomina

257 3231 518 3306 prepria
557 3249 592 3292 a
627 3231 1180 3314 Leontio'singula
1232 3235 1650 3314 prietermissa
1687 3233 2005 3314 consulto,
2039 3251 2109 3292 ac
2143 3235 2495 3314 legentium
2533 3233 3059 3314 interpretationi
3107 3235 3324 3298 relicta
3365 3257 3515 3301 cen-

255 3325 551 3390 seremus
587 3333 602 3370 :
637 3329 781 3372 eum
821 3323 990 3376 esset
1027 3311 1213 3374 etiam
1251 3312 1495 3373 silentii
1530 3311 1726 3390 hujus
1771 3312 1925 3371 satis
1965 3329 2037 3371 ea
2071 3311 2421 3389 probabilis
2463 3330 2677 3383 causa,
2721 3328 2801 3372 ne
2837 3313 3100 3388 prolatis
3137 3325 3514 3378 czeterorum

256 3387 660 3470 nominibus,
693 3406 926 3452 nomen
973 3395 1122 3454 item
1156 3392 1383 3452 etl'erre
1432 3387 1706 3470 deberet
1739 3391 2029 3466 Gregorii
2064 3387 2301 3467 Magni,
2346 3391 2534 3470 cujus
2585 3387 2928 3470 memoriae,
2973 3409 3162 3468 quam
3199 3395 3334 3470 ipse
3368 3395 3513 3456 cha-

257 3481 394 3546 ijam
434 3466 717 3542 haberet,
756 3472 968 3532 minus
994 3472 1207 3531 favere
1241 3469 1506 3530 historia
1547 3468 1902 3530 videbatur.
1948 3466 2908 3546 Itaque’pronuntiandum'jam
2939 3466 3269 3545 duximus,
3326 3491 3510 3534 men-

255 3545 456 3603 dosos
502 3563 646 3606 esse
697 3549 976 3623 codices,
1019 3559 1080 3610 et
1119 3549 1449 3609 historiam
1488 3548 1704 3626 ascitis
1747 3545 2119 3606 nominibus
2169 3545 2581 3626 deformatam
2615 3567 2630 3605 :
2663 3545 2903 3624 quibus
2945 3565 3176 3626 nempe
3216 3550 3511 3626 sublatis,

254 3631 486 3684 caetera
517 3634 832 3699 constare,
873 3638 933 3688 et
973 3639 1257 3690 veterum
1293 3625 1724 3686 monumentis
1758 3627 2146 3702 respondere
2173 3624 2532 3684 videantur.

342 3703 446 3762 ιν.
491 3707 832 3765 Accessere
864 3719 1076 3767 autem
1108 3725 1186 3766 ex
1220 3707 1360 3781 ipso
1395 3703 1690 3780 Gregorii
1716 3705 1914 3763 nostri
1951 3704 2420 3782 Commentario
2450 3709 2822 3782 argumenta
2855 3720 2982 3764 non
3017 3708 3511 3782 contemnenda,

253 3796 408 3860 quae
431 3798 638 3842 aavum
678 3784 816 3860 ejus
848 3787 928 3844 ad
950 3785 1169 3846 saeculi
1206 3779 1264 3842 vi
1313 3779 1629 3858 postrema
1670 3790 1953 3860 tempora
1994 3791 2054 3839 et
2104 3781 2181 3840 ad
2218 3780 2474 3840 initium
2511 3799 2595 3841 vn
2632 3779 3044 3860 referendum
3083 3800 3207 3844 non
3256 3779 3516 3849 minori-

253 3859 384 3917 bus
433 3859 1072 3924 indiciis’deelarent.
1113 3863 1397 3922 Primum
1452 3859 1623 3919 enim
1677 3859 1958 3919 Mauritii
1996 3861 2158 3934 Aug.
2211 3867 2453 3918 (etatem
2487 3867 2784 3936 tanquam
2823 3859 2949 3920 sibi
2979 3863 3333 3935 proximam
3383 3882 3512 3927 non

255 3937 533 3998 obscure
564 3952 1038 4013 commemorat,
1063 3941 1228 4000 tristi
1257 3939 1395 4014 ejus
1420 3938 1600 3997 exitu
1632 3954 1744 4015 per
1771 3937 2069 4014 ambages
2101 3936 2381 3997 iudicato
2407 3936 2554 4015 (34).
2595 3940 2720 3998 Nec
2761 3938 2976 3997 minus
3010 3946 3309 4016 tanquam
3344 3950 3510 4002 tem-

260 4024 490 4090 porum
542 4033 812 4098 suorum
866 4019 1165 4098 Eutychii
1224 4016 1512 4078 haeresim
1562 4015 1642 4098 de
1692 4016 2162 4098 resurrectione
2208 4031 2552 4098 corporum
2598 4017 2935 4098 designare
2986 4015 3266 4098 videtur,
3321 4037 3512 4096 quam

259 4111 500 4175 nempe
527 4096 877 4175 Gregorius
919 4094 1189 4174 Magnus
1245 4094 1646 4175 compressit,
1679 4111 1824 4175 cum
1869 4094 2782 4175 diaconusConstantinopon
2827 4094 3315 4175 apocrisiarium
3344 4094 3510 4175 age-

260 4180 356 4230 ret
390 4172 534 4248 (35).
575 4171 721 4233 Alio
754 4174 821 4234 in
860 4175 999 4235 loco
1021 4171 1310 4236 arcanam
1354 4171 1642 4253 Procopii
1680 4171 2011 4253 historiam
2045 4171 2511 4253 quadamtenus
2542 4171 2854 4247 attingere
2892 4171 3134 4253 dixeris
3167 4173 3289 4250 (36)
3327 4197 3341 4234 :
3371 4171 3516 4253 q'uaa

259 4270 276 4323 ι
308 4261 408 4308 est
437 4253 786 4312 Justiniani
818 4270 1179 4320 excessum,
1217 4253 1311 4313 vel
1344 4251 1554 4328 potius
1584 4250 1821 4310 Justini
1853 4251 2164 4321 Junioris,
2200 4266 2395 4326 quem
2427 4250 2538 4310 ille
2563 4265 3007 4328 successorem
3037 4251 3281 4325 habuit,
3315 4250 3513 4316 morte

256 4331 327 4386 in
371 4328 577 4389 lucem
619 4331 853 4392 emissa
888 4342 1008 4392 est.
1044 4334 1226 4410 Idem,
1254 4327 1398 4410 cum
1452 4345 1580 4388 non
1613 4329 1811 4410 semel
1845 4329 2163 4410 variarum
2189 4333 2521 4410 sectarum
2560 4327 2893 4388 haaretieos
2924 4329 3276 4410 detestatur
3324 4341 3514 4410 atque

257 4416 584 4484 coarguat,
619 4426 950 4487 nunquam
982 4409 1558 4470 Monotheletarum
1586 4407 1974 4487 mentionem
2014 4405 2256 4484 injecit,
2279 4408 2392 4482 qui
2426 4424 2653 4480 nempe
2677 4422 2710 4465 a
2737 4414 2916 4466 sexta
2957 4408 3209 4487 synodo
3236 4418 3374 4484 post
3403 4405 3519 4470 aii--

259 4504 418 4544 num
458 4489 574 4547 680
604 4486 884 4547 damnati
919 4499 1091 4548 sunt.
1126 4490 1204 4547 At
1233 4486 1768 4564 contracivitates
1804 4494 2181 4546 autonomas
2212 4488 2500 4560 agnoscit
2534 4487 2680 4564 (37),
2715 4501 3066 4561 earumque
3099 4486 3408 4547 clamores
3445 4488 3512 4549 in

256 4566 628 4642 exemplum
669 4567 953 4639 adducit,
1007 4583 1168 4643 quas
1195 4573 1402 4625 tamen
1451 4563 1515 4623 in
1567 4564 1806 4635 Sicilia,
1854 4565 2088 4624 saeculo
2121 4581 2206 4623 vn
2250 4563 2555 4643 vertente,
2594 4564 3054 4643 Saracenorum
3103 4579 3275 4624 arma
3312 4565 3516 4643 Asileru

255 4641 634 4717 coegerunt.
687 4646 924 4705 Caetera
970 4641 1253 4713 (lenium,
1288 4659 1692 4720 quascunque
1736 4643 2086 4719 Gregorius
2126 4652 2343 4700 noster
2382 4641 2658 4718 attingit,
2691 4641 3005 4720 indicium
3040 4657 3170 4718 prae
3199 4661 3268 4703 se
3301 4641 3516 4706 ferunt

259 4723 542 4791 nullum,
577 4741 708 4799 quo
739 4726 886 4800 quis
918 4723 992 4781 ad
1042 4740 1188 4782 eum
1227 4738 1273 4800 ei
1298 4719 1457 4788 loco,
1492 4737 1686 4797 quem
1721 4721 2091 4800 tribuimus,
2123 4721 2559 4800 amovendum
2584 4719 2768 4800 abuti
2795 4719 3018 4800 possit.

345 4800 414 4857 V.
462 4796 804 4878 Hisigitur
852 4799 1338 4870 animadversis,
1378 4815 1488 4876 pro
1517 4796 1842 4873 comperto
1891 4798 2224 4867 habemus,
2263 4797 2511 4878 Leontii
2545 4796 2879 4878 historiam
2929 4797 3006 4878 ad
3041 4798 3260 4858 seaculi
3295 4817 3354 4859 v1
3397 4817 3514 4860 ex-

257 4887 484 4956 trema,
526 4886 585 4938 et
616 4875 834 4939 seaculi
867 4897 947 4939 vn
981 4879 1161 4938 initia
1189 4875 1534 4956 pertinere,
1573 4879 1634 4936 in
1665 4894 1867 4954 eaque
1903 4879 2092 4935 vitam
2132 4876 2311 4956 prodi
2346 4877 2639 4951 Gregorii
2675 4875 2877 4956 illius,
2905 4876 2983 4956 de
3008 4894 3146 4956 quo
3181 4878 3243 4936 in
3278 4879 3517 4955 episto-

254 4955 340 5014 lis
371 4958 665 5033 Gregorii
698 4960 909 5036 Magni
947 4951 1332 5036 mentio-est.
1369 4954 1434 5036 lu
1467 4973 1591 5033 qua
1620 4951 1882 5036 quidem
1905 4951 2238 5036 sententia
2280 4955 2588 5036 Baronius
2627 4955 2816 5014 etiam
2842 4951 2963 5036 fuit
2997 4954 3146 5036 (38),
3181 4951 3520 5036 auctorita-

254 5045 387 5092 tem
429 5031 691 5096 secutus
737 5031 1151 5112 epistolarum
1200 5031 1501 5112 ejusdem
1534 5031 1823 5109 Gregorii
1862 5035 2098 5112 Magni.
2139 5035 2362 5112 [exui],
2390 5032 2701 5112 Caeterum
2752 5031 2978 5107 opinio
3008 5031 3335 5111 ’ejusjure
3382 5039 3511 5095 veri

257 5112 428 5171 baud
461 5113 697 5191 similis
739 5109 1074 5174 videbatur
1106 5109 1405 5191 Cajetano
1431 5123 1498 5191 et
1530 5113 1730 5172 Pirro.
1777 5115 1928 5172 Nam
1964 5111 2098 5180 ille,
2134 5127 2277 5168 cum
2313 5109 2808 5191 itletaphrasten,
2841 5127 3034 5186 quem
3060 5109 3269 5191 unum
3304 5115 3382 5172 de
3421 5113 3517 5171 his

256 5189 643 5260 consuleret,
682 5210 806 5252 non
839 5188 1256 5263 excussisset,
1293 5208 1394 5249 res
1425 5190 1588 5249 inter
1618 5210 1688 5248 se
1725 5208 1915 5266 prope
1952 5197 2302 5265 pugnantes
2335 5188 2679 5248 conciliare
2725 5188 3046 5248 nitebatur
3079 5211 3093 5247 :
3126 5189 3367 5267 quippe
3405 5210 3515 5267 qui

254 5270 641 5345 Gregorium
692 5280 979 5330 uestrum
1031 5277 1093 5330 et
1123 5269 1373 5346 synodo
1411 5271 1654 5344 quintae
1697 5268 2066 5328 interfuisse
2118 5275 2415 5342 poneret,
2470 5274 2529 5324 et
2581 5267 2747 5346 apud
2796 5267 3178 5346 Gregorium
3215 5269 3516 5344 Magnum

257 5357 628 5407 accusatum
663 5365 802 5409 esse
839 5345 1299 5408 contenderet:
1337 5363 1481 5422 quae
1509 5346 1562 5405 si
1600 5355 1861 5420 starent,
1904 5361 2122 5405 senem
2163 5345 2729 5419 septuagenarium
2776 5345 2982 5419 stupri
3012 5345 3294 5407 delatum
3333 5346 3515 5406 fateri

258 5436 607 5501 Oporteret.
651 5431 729 5487 At
754 5426 1072 5506 ejusmodi
1103 5423 1471 5485 dillicultate
1505 5442 1908 5503 nei'piaquam
1947 5440 2062 5482 nos
2097 5422 2471 5498 premimur,
2509 5439 2654 5482 cum
2685 5438 2762 5481 ex
2796 5430 3008 5482 nostra
3041 5426 3516 5501 computatione

330 5593 447 5678 (ξε)
490 5595 611 5678 μμ.
651 5613 691 5662 ι,
720 5599 877 5678 epist.
915 5603 1015 5678 72;
1047 5607 1144 5662 lib.
1175 5622 1227 5673 ν,
1261 5606 1420 5678 epist.
1457 5609 1544 5662 te.
2014 5605 2128 5678 (ἓδ)
2170 5605 2287 5678 μιν·
2331 5622 2384 5664 κν
2417 5605 2563 5678 55.1.4-

489 5665 610 5745 _Li_b.
641 5685 722 5729 tu,
753 5665 911 5738 epist.
955 5665 1042 5731 19.
1214 5665 1225 5673 ⁷
1297 5665 1313 5678 “
2013 5665 2124 5742 (56)
2156 5675 2284 5728 ‘Lib.
2321 5665 2468 5744 III,"§
2504 5674 2593 5727 26.

327 5735 443 5814 (se)
487 5735 602 5814 Litt.
640 5754 756 5798 rm.
788 5735 952 5814 epist.
986 5750 1075 5804 :23.
2014 5735 2286 5813 (δη-ιη).
2329 5735 2402 5807 ix,
2434 5735 2546 5814 ξε.

331 5809 447 5878 (34)
487 5806 603 5862 Lib.
640 5826 685 5870 ν,
729 5806 838 5878 ςξλξ

2013 5806 2123 5886 (53)
2177 5816 2228 5869 ln
2256 5806 2533 5870 :ulnotrad
2559 5815 2783 5885 Μανίαν,
2814 5815 2962 5870 Item.
2995 5834 3066 5872 vn
3098 5817 3189 5870 lini
3238 5819 3323 5870 lin
3346 5818 3517 5871 rmhr.
