  <div class='ocr_page' id='page_1' title='image "/cluster/home/n/w/nwhite01/storage/ocr_20150623/98/nnc1.0046979697/379.png"; bbox 0 0 4226 6444; ppageno 0'>
   <div class='ocr_carea' id='block_1_1' title="bbox 728 371 845 434">
    <p class='ocr_par' dir='ltr' id='par_1_1' title="bbox 728 371 845 434">
     <span class='ocr_line' id='line_1_1' title="bbox 728 371 845 434; baseline -0.009 0"><span class='ocrx_word' id='word_1_1' title='bbox 728 371 845 434; x_wconf 74' lang='grc' dir='ltr'><strong>7Δ3</strong></span> 
     </span>
    </p>
   </div>
   <div class='ocr_carea' id='block_1_2' title="bbox 1870 379 2894 444">
    <p class='ocr_par' dir='ltr' id='par_1_2' title="bbox 1870 379 2894 444">
     <span class='ocr_line' id='line_1_2' title="bbox 1870 379 2894 444; baseline -0.001 -3"><span class='ocrx_word' id='word_1_2' title='bbox 1870 382 1927 442; x_wconf 93' lang='lat' dir='ltr'><strong>S.</strong></span> <span class='ocrx_word' id='word_1_3' title='bbox 1966 381 2352 444; x_wconf 78' lang='lat' dir='ltr'><strong>GREGORII</strong></span> <span class='ocrx_word' id='word_1_4' title='bbox 2378 379 2894 442; x_wconf 81' lang='lat' dir='ltr'><strong>AGRIGENTINI</strong></span> 
     </span>
    </p>
   </div>
   <div class='ocr_carea' id='block_1_3' title="bbox 3896 374 4010 442">
    <p class='ocr_par' dir='ltr' id='par_1_3' title="bbox 3896 374 4010 442">
     <span class='ocr_line' id='line_1_3' title="bbox 3896 374 4010 442; baseline -0.018 0"><span class='ocrx_word' id='word_1_5' title='bbox 3896 374 4010 442; x_wconf 64' lang='grc'><strong>’144</strong></span> 
     </span>
    </p>
   </div>
   <div class='ocr_carea' id='block_1_4' title="bbox 736 489 2405 567">
    <p class='ocr_par' dir='ltr' id='par_1_4' title="bbox 736 491 2376 567">
     <span class='ocr_line' id='line_1_4' title="bbox 736 491 2376 567; baseline -0.003 -16"><span class='ocrx_word' id='word_1_6' title='bbox 736 509 794 552; x_wconf 91' lang='lat' dir='ltr'><strong>ut</strong></span> <span class='ocrx_word' id='word_1_7' title='bbox 818 512 913 567; x_wconf 89' lang='lat' dir='ltr'><strong>par</strong></span> <span class='ocrx_word' id='word_1_8' title='bbox 941 506 1081 561; x_wconf 79' lang='lat' dir='ltr'><strong>erat,</strong></span> <span class='ocrx_word' id='word_1_9' title='bbox 1141 492 1381 549; x_wconf 81' lang='lat' dir='ltr'><strong>meditati</strong></span> <span class='ocrx_word' id='word_1_10' title='bbox 1426 532 1441 558; x_wconf 86' lang='lat'><strong>,</strong></span> <span class='ocrx_word' id='word_1_11' title='bbox 1487 506 1593 562; x_wconf 88' lang='lat' dir='ltr'><strong>qua</strong></span> <span class='ocrx_word' id='word_1_12' title='bbox 1619 504 1811 561; x_wconf 85' lang='lat' dir='ltr'><strong>nempe</strong></span> <span class='ocrx_word' id='word_1_13' title='bbox 1833 492 2047 546; x_wconf 84' lang='lat' dir='ltr'><strong>divinas</strong></span> <span class='ocrx_word' id='word_1_14' title='bbox 2070 491 2305 546; x_wconf 89' lang='lat' dir='ltr'><strong>Litteras</strong></span> <span class='ocrx_word' id='word_1_15' title='bbox 2335 498 2376 551; x_wconf 78' lang='grc' dir='ltr'><strong>Α</strong></span> 
     </span>
    </p>
   </div>
   <div class='ocr_carea' id='block_1_5' title="bbox 2341 489 4010 567">
    <p class='ocr_par' dir='ltr' id='par_1_5' title="bbox 2341 489 4010 562">
     <span class='ocr_line' id='line_1_5' title="bbox 2341 489 4010 562; baseline -0.002 -17"><span class='ocrx_word' id='word_1_16' title='bbox 2341 498 2376 551; x_wconf 77' lang='grc' dir='ltr'><strong>Α</strong></span> <span class='ocrx_word' id='word_1_17' title='bbox 2405 492 2775 562; x_wconf 65' lang='grc' dir='ltr'><strong>ἐξειληφότες,</strong></span> <span class='ocrx_word' id='word_1_18' title='bbox 2798 492 2875 555; x_wconf 87' lang='grc' dir='ltr'><strong>ὼς</strong></span> <span class='ocrx_word' id='word_1_19' title='bbox 2901 490 3310 561; x_wconf 78' lang='grc' dir='ltr'><strong>ὑπειλήφαμεν,</strong></span> <span class='ocrx_word' id='word_1_20' title='bbox 3332 489 3848 559; x_wconf 76' lang='grc' dir='ltr'><strong>παρακελευόμενον</strong></span> <span class='ocrx_word' id='word_1_21' title='bbox 3869 492 4010 556; x_wconf 74' lang='grc' dir='ltr'>ἡμῖν</span> 
     </span>
    </p>
   </div>
   <div class='ocr_carea' id='block_1_6' title="bbox 732 583 2306 657">
    <p class='ocr_par' dir='ltr' id='par_1_6' title="bbox 732 583 2306 657">
     <span class='ocr_line' id='line_1_6' title="bbox 732 583 2306 657; baseline -0.005 -16"><span class='ocrx_word' id='word_1_22' title='bbox 732 588 891 657; x_wconf 75' lang='lat' dir='ltr'><strong>quasi</strong></span> <span class='ocrx_word' id='word_1_23' title='bbox 925 587 1009 641; x_wconf 88' lang='lat' dir='ltr'><strong>lac</strong></span> <span class='ocrx_word' id='word_1_24' title='bbox 1033 585 1326 653; x_wconf 81' lang='lat' dir='ltr'><strong>emulgere,</strong></span> <span class='ocrx_word' id='word_1_25' title='bbox 1364 594 1527 653; x_wconf 82' lang='lat' dir='ltr'><strong>atque.</strong></span> <span class='ocrx_word' id='word_1_26' title='bbox 1551 583 1743 635; x_wconf 82' lang='lat' dir='ltr'><strong>idonea</strong></span> <span class='ocrx_word' id='word_1_27' title='bbox 1785 583 2016 644; x_wconf 92' lang='lat' dir='ltr'><strong>ratione,</strong></span> <span class='ocrx_word' id='word_1_28' title='bbox 2045 591 2306 649; x_wconf 87' lang='lat' dir='ltr'><strong>tanquam</strong></span> 
     </span>
    </p>
   </div>
   <div class='ocr_carea' id='block_1_7' title="bbox 733 676 2310 748">
    <p class='ocr_par' dir='ltr' id='par_1_7' title="bbox 733 676 2310 748">
     <span class='ocr_line' id='line_1_7' title="bbox 733 676 2310 748; baseline -0.004 -16"><span class='ocrx_word' id='word_1_29' title='bbox 733 680 800 735; x_wconf 85' lang='lat' dir='ltr'><strong>ad</strong></span> <span class='ocrx_word' id='word_1_30' title='bbox 834 679 1009 748; x_wconf 84' lang='lat' dir='ltr'><strong>butyri</strong></span> <span class='ocrx_word' id='word_1_31' title='bbox 1046 678 1424 732; x_wconf 88' lang='lat' dir='ltr'><strong>densationetn</strong></span> <span class='ocrx_word' id='word_1_32' title='bbox 1469 676 2035 743; x_wconf 87' lang='lat' dir='ltr'><strong>innnutationemque,</strong></span> <span class='ocrx_word' id='word_1_33' title='bbox 2082 689 2310 744; x_wconf 84' lang='lat' dir='ltr'><strong>perpen-</strong></span> 
     </span>
    </p>
   </div>
   <div class='ocr_carea' id='block_1_8' title="bbox 732 764 2312 837">
    <p class='ocr_par' dir='ltr' id='par_1_8' title="bbox 732 764 2312 837">
     <span class='ocr_line' id='line_1_8' title="bbox 732 764 2312 837; baseline -0.003 -16"><span class='ocrx_word' id='word_1_34' title='bbox 732 771 1178 837; x_wconf 86' lang='lat' dir='ltr'><strong>derejubemur;</strong></span> <span class='ocrx_word' id='word_1_35' title='bbox 1221 783 1399 836; x_wconf 77' lang='lat' dir='ltr'><strong>opera:</strong></span> <span class='ocrx_word' id='word_1_36' title='bbox 1433 768 1666 835; x_wconf 90' lang='lat' dir='ltr'><strong>pretium</strong></span> <span class='ocrx_word' id='word_1_37' title='bbox 1712 766 1970 819; x_wconf 84' lang='lat' dir='ltr'><strong>duximus</strong></span> <span class='ocrx_word' id='word_1_38' title='bbox 2015 765 2068 818; x_wconf 92' lang='lat' dir='ltr'><strong>in</strong></span> <span class='ocrx_word' id='word_1_39' title='bbox 2126 764 2312 817; x_wconf 73' lang='lat' dir='ltr'><strong>Eccle-</strong></span> 
     </span>
    </p>
   </div>
   <div class='ocr_carea' id='block_1_9' title="bbox 736 855 2307 929">
    <p class='ocr_par' dir='ltr' id='par_1_9' title="bbox 736 855 2307 929">
     <span class='ocr_line' id='line_1_9' title="bbox 736 855 2307 929; baseline -0.005 -14"><span class='ocrx_word' id='word_1_40' title='bbox 736 866 905 915; x_wconf 76' lang='lat' dir='ltr'><strong>siaste</strong></span> <span class='ocrx_word' id='word_1_41' title='bbox 953 860 1278 929; x_wconf 77' lang='lat' dir='ltr'><strong>exponendo</strong></span> <span class='ocrx_word' id='word_1_42' title='bbox 1325 859 1461 912; x_wconf 84' lang='lat' dir='ltr'><strong>nihil</strong></span> <span class='ocrx_word' id='word_1_43' title='bbox 1504 874 1533 911; x_wconf 90' lang='lat' dir='ltr'><strong>a</strong></span> <span class='ocrx_word' id='word_1_44' title='bbox 1578 865 1846 927; x_wconf 58' lang='lat' dir='ltr'><strong>praecepto</strong></span> <span class='ocrx_word' id='word_1_45' title='bbox 1879 856 1971 910; x_wconf 90' lang='lat' dir='ltr'><strong>illo</strong></span> <span class='ocrx_word' id='word_1_46' title='bbox 2009 855 2307 908; x_wconf 86' lang='lat' dir='ltr'><strong>discedere.</strong></span> 
     </span>
    </p>
   </div>
   <div class='ocr_carea' id='block_1_10' title="bbox 732 950 2312 1023">
    <p class='ocr_par' dir='ltr' id='par_1_10' title="bbox 732 950 2312 1023">
     <span class='ocr_line' id='line_1_10' title="bbox 732 950 2312 1023; baseline -0.004 -18"><span class='ocrx_word' id='word_1_47' title='bbox 732 956 849 1018; x_wconf 75' lang='lat' dir='ltr'><strong>Qua</strong></span> <span class='ocrx_word' id='word_1_48' title='bbox 878 953 1099 1023; x_wconf 74' lang='lat' dir='ltr'><strong>quidem</strong></span> <span class='ocrx_word' id='word_1_49' title='bbox 1160 952 1215 1005; x_wconf 92' lang='lat' dir='ltr'><strong>in</strong></span> <span class='ocrx_word' id='word_1_50' title='bbox 1273 966 1333 1005; x_wconf 88' lang='lat' dir='ltr'><strong>re</strong></span> <span class='ocrx_word' id='word_1_51' title='bbox 1394 966 1501 1003; x_wconf 91' lang='lat' dir='ltr'><strong>non</strong></span> <span class='ocrx_word' id='word_1_52' title='bbox 1555 950 1837 1017; x_wconf 70' lang='lat' dir='ltr'><strong>sapientia:</strong></span> <span class='ocrx_word' id='word_1_53' title='bbox 1889 959 2127 1013; x_wconf 60' lang='lat' dir='ltr'><strong>nostra},</strong></span> <span class='ocrx_word' id='word_1_54' title='bbox 2191 960 2312 1015; x_wconf 73' lang='lat' dir='ltr'><strong>qua:</strong></span> 
     </span>
    </p>
   </div>
   <div class='ocr_carea' id='block_1_11' title="bbox 734 1038 2314 1108">
    <p class='ocr_par' dir='ltr' id='par_1_11' title="bbox 734 1038 2314 1108">
     <span class='ocr_line' id='line_1_11' title="bbox 734 1038 2314 1108; baseline -0.003 -12"><span class='ocrx_word' id='word_1_55' title='bbox 734 1045 880 1097; x_wconf 86' lang='lat' dir='ltr'><strong>nulla</strong></span> <span class='ocrx_word' id='word_1_56' title='bbox 910 1048 1012 1105; x_wconf 86' lang='lat' dir='ltr'><strong>est,</strong></span> <span class='ocrx_word' id='word_1_57' title='bbox 1045 1041 1311 1095; x_wconf 89' lang='lat' dir='ltr'><strong>rationem</strong></span> <span class='ocrx_word' id='word_1_58' title='bbox 1347 1041 1634 1103; x_wconf 81' lang='lat' dir='ltr'><strong>habemus,</strong></span> <span class='ocrx_word' id='word_1_59' title='bbox 1672 1038 1767 1092; x_wconf 84' lang='lat' dir='ltr'><strong>sed</strong></span> <span class='ocrx_word' id='word_1_60' title='bbox 1811 1039 2078 1108; x_wconf 82' lang='lat' dir='ltr'><strong>promissa</strong></span> <span class='ocrx_word' id='word_1_61' title='bbox 2106 1038 2225 1105; x_wconf 84' lang='lat' dir='ltr'><strong>ejus</strong></span> <span class='ocrx_word' id='word_1_62' title='bbox 2260 1048 2314 1092; x_wconf 93' lang='lat' dir='ltr'><strong>ct</strong></span> 
     </span>
    </p>
   </div>
   <div class='ocr_carea' id='block_1_12' title="bbox 732 1129 2313 1201">
    <p class='ocr_par' dir='ltr' id='par_1_12' title="bbox 732 1129 2313 1201">
     <span class='ocr_line' id='line_1_12' title="bbox 732 1129 2313 1201; baseline -0.003 -16"><span class='ocrx_word' id='word_1_63' title='bbox 732 1132 891 1187; x_wconf 77' lang='lat' dir='ltr'><strong>ﬁdem</strong></span> <span class='ocrx_word' id='word_1_64' title='bbox 951 1140 1282 1201; x_wconf 93' lang='lat' dir='ltr'><strong>spectamus,</strong></span> <span class='ocrx_word' id='word_1_65' title='bbox 1331 1130 1424 1200; x_wconf 87' lang='lat' dir='ltr'><strong>qui</strong></span> <span class='ocrx_word' id='word_1_66' title='bbox 1479 1130 1638 1195; x_wconf 76' lang='lat' dir='ltr'><strong>dixit,</strong></span> <span class='ocrx_word' id='word_1_67' title='bbox 1683 1148 1700 1180; x_wconf 88' lang='grc' dir='ltr'>ι</span> <span class='ocrx_word' id='word_1_68' title='bbox 1738 1129 1901 1197; x_wconf 81' lang='lat' dir='ltr'><strong>Aperi</strong></span> <span class='ocrx_word' id='word_1_69' title='bbox 1932 1145 1993 1183; x_wconf 91' lang='lat' dir='ltr'><strong>os</strong></span> <span class='ocrx_word' id='word_1_70' title='bbox 2032 1139 2210 1193; x_wconf 91' lang='lat' dir='ltr'><strong>tuum,</strong></span> <span class='ocrx_word' id='word_1_71' title='bbox 2258 1138 2313 1182; x_wconf 89' lang='lat' dir='ltr'><strong>et</strong></span> 
     </span>
    </p>
   </div>
   <div class='ocr_carea' id='block_1_13' title="bbox 733 1222 2309 1295">
    <p class='ocr_par' dir='ltr' id='par_1_13' title="bbox 733 1222 2309 1295">
     <span class='ocr_line' id='line_1_13' title="bbox 733 1222 2309 1295; baseline -0.003 -16"><span class='ocrx_word' id='word_1_72' title='bbox 733 1226 968 1294; x_wconf 81' lang='lat' dir='ltr'><strong>implebo</strong></span> <span class='ocrx_word' id='word_1_73' title='bbox 997 1225 1128 1279; x_wconf 81' lang='lat' dir='ltr'><strong>illud</strong></span> <span class='ocrx_word' id='word_1_74' title='bbox 1167 1223 1319 1295; x_wconf 60' lang='lat'><strong>(5*);</strong></span> <span class='ocrx_word' id='word_1_75' title='bbox 1366 1243 1383 1275; x_wconf 72' lang='grc' dir='ltr'>ι</span> <span class='ocrx_word' id='word_1_76' title='bbox 1419 1233 1473 1276; x_wconf 88' lang='lat' dir='ltr'><strong>et</strong></span> <span class='ocrx_word' id='word_1_77' title='bbox 1496 1238 1712 1277; x_wconf 89' lang='lat' dir='ltr'><strong>rursum</strong></span> <span class='ocrx_word' id='word_1_78' title='bbox 1744 1222 1859 1293; x_wconf 69' lang='lat'><strong>(4):</strong></span> <span class='ocrx_word' id='word_1_79' title='bbox 1917 1242 1935 1274; x_wconf 83' lang='grc' dir='ltr'>ι</span> <span class='ocrx_word' id='word_1_80' title='bbox 1994 1222 2101 1275; x_wconf 88' lang='lat' dir='ltr'><strong>Cor</strong></span> <span class='ocrx_word' id='word_1_81' title='bbox 2146 1223 2309 1277; x_wconf 81' lang='lat' dir='ltr'><strong>homo</strong></span> 
     </span>
    </p>
   </div>
   <div class='ocr_carea' id='block_1_14' title="bbox 732 1315 2307 1388">
    <p class='ocr_par' dir='ltr' id='par_1_14' title="bbox 732 1315 2307 1388">
     <span class='ocr_line' id='line_1_14' title="bbox 732 1315 2307 1388; baseline -0.001 -18"><span class='ocrx_word' id='word_1_82' title='bbox 732 1328 1018 1388; x_wconf 67' lang='lat' dir='ltr'><strong>praeparet,</strong></span> <span class='ocrx_word' id='word_1_83' title='bbox 1073 1318 1271 1383; x_wconf 64' lang='lat' dir='ltr'><strong>linguae</strong></span> <span class='ocrx_word' id='word_1_84' title='bbox 1344 1315 1606 1369; x_wconf 85' lang='lat' dir='ltr'><strong>Dominus</strong></span> <span class='ocrx_word' id='word_1_85' title='bbox 1679 1331 1939 1385; x_wconf 86' lang='lat' dir='ltr'><strong>responsa</strong></span> <span class='ocrx_word' id='word_1_86' title='bbox 1994 1317 2307 1385; x_wconf 87' lang='lat' dir='ltr'><strong>suppedita-</strong></span> 
     </span>
    </p>
   </div>
   <div class='ocr_carea' id='block_1_15' title="bbox 731 1407 2097 1482">
    <p class='ocr_par' dir='ltr' id='par_1_15' title="bbox 731 1407 2097 1482">
     <span class='ocr_line' id='line_1_15' title="bbox 731 1407 2097 1482; baseline -0.004 -18"><span class='ocrx_word' id='word_1_87' title='bbox 731 1413 809 1464; x_wconf 87' lang='lat' dir='ltr'><strong>bit</strong></span> <span class='ocrx_word' id='word_1_88' title='bbox 843 1409 1156 1482; x_wconf 66' lang='lat' dir='ltr'><strong>(5).»l’orro</strong></span> <span class='ocrx_word' id='word_1_89' title='bbox 1181 1408 1464 1463; x_wconf 80' lang='lat' dir='ltr'><strong>exordium</strong></span> <span class='ocrx_word' id='word_1_90' title='bbox 1498 1409 1565 1462; x_wconf 85' lang='lat' dir='ltr'><strong>ab</strong></span> <span class='ocrx_word' id='word_1_91' title='bbox 1593 1408 1679 1462; x_wconf 87' lang='lat' dir='ltr'><strong>bis</strong></span> <span class='ocrx_word' id='word_1_92' title='bbox 1708 1408 1852 1476; x_wconf 88' lang='lat' dir='ltr'><strong>capit</strong></span> <span class='ocrx_word' id='word_1_93' title='bbox 1878 1407 2097 1462; x_wconf 76' lang='lat' dir='ltr'><strong>Verbis:</strong></span> 
     </span>
    </p>
   </div>
   <div class='ocr_carea' id='block_1_16' title="bbox 2410 576 4010 655">
    <p class='ocr_par' dir='ltr' id='par_1_16' title="bbox 2410 576 4010 655">
     <span class='ocr_line' id='line_1_16' title="bbox 2410 576 4010 655; baseline -0.004 -18"><span class='ocrx_word' id='word_1_94' title='bbox 2410 584 2511 655; x_wconf 81' lang='grc' dir='ltr'>τὴν</span> <span class='ocrx_word' id='word_1_95' title='bbox 2536 584 2686 637; x_wconf 82' lang='grc' dir='ltr'>θείαν</span> <span class='ocrx_word' id='word_1_96' title='bbox 2715 582 2941 654; x_wconf 81' lang='grc' dir='ltr'>Γραφὴν</span> <span class='ocrx_word' id='word_1_97' title='bbox 2972 582 3236 652; x_wconf 80' lang='grc' dir='ltr'><strong>ἀμέλγειν</strong></span> <span class='ocrx_word' id='word_1_98' title='bbox 3266 576 3377 633; x_wconf 74' lang='grc' dir='ltr'>οἷόν</span> <span class='ocrx_word' id='word_1_99' title='bbox 3423 599 3478 633; x_wconf 89' lang='grc' dir='ltr'><strong>τι</strong></span> <span class='ocrx_word' id='word_1_100' title='bbox 3522 581 3689 648; x_wconf 86' lang='grc' dir='ltr'>γάλα,</span> <span class='ocrx_word' id='word_1_101' title='bbox 3721 582 3819 633; x_wconf 83' lang='grc' dir='ltr'>καὶ</span> <span class='ocrx_word' id='word_1_102' title='bbox 3860 596 4010 649; x_wconf 79' lang='grc' dir='ltr'>παρ-</span> 
     </span>
    </p>
   </div>
   <div class='ocr_carea' id='block_1_17' title="bbox 2414 672 4010 743">
    <p class='ocr_par' dir='ltr' id='par_1_17' title="bbox 2414 672 4010 743">
     <span class='ocr_line' id='line_1_17' title="bbox 2414 672 4010 743; baseline -0.005 -15"><span class='ocrx_word' id='word_1_103' title='bbox 2414 674 2692 738; x_wconf 78' lang='grc' dir='ltr'>εξετάζειν</span> <span class='ocrx_word' id='word_1_104' title='bbox 2728 674 3047 742; x_wconf 78' lang='grc' dir='ltr'><strong>πρεπόντως</strong></span> <span class='ocrx_word' id='word_1_105' title='bbox 3082 672 3221 742; x_wconf 83' lang='grc' dir='ltr'>πρὸς</span> <span class='ocrx_word' id='word_1_106' title='bbox 3253 672 3521 743; x_wconf 76' lang='grc' dir='ltr'>βουτύρου</span> <span class='ocrx_word' id='word_1_107' title='bbox 3568 673 3734 741; x_wconf 58' lang='grc' dir='ltr'>τὴξιν</span> <span class='ocrx_word' id='word_1_108' title='bbox 3777 672 3876 722; x_wconf 77' lang='grc' dir='ltr'><strong>καὶ</strong></span> <span class='ocrx_word' id='word_1_109' title='bbox 3911 686 4010 737; x_wconf 69' lang='grc' dir='ltr'>μευ</span> 
     </span>
    </p>
   </div>
   <div class='ocr_carea' id='block_1_18' title="bbox 2414 760 4006 835">
    <p class='ocr_par' dir='ltr' id='par_1_18' title="bbox 2414 760 4006 835">
     <span class='ocr_line' id='line_1_18' title="bbox 2414 760 4006 835; baseline -0.004 -16"><span class='ocrx_word' id='word_1_110' title='bbox 2414 767 2727 835; x_wconf 86' lang='grc' dir='ltr'>ταποίησιν,</span> <span class='ocrx_word' id='word_1_111' title='bbox 2754 767 2846 818; x_wconf 71' lang='grc' dir='ltr'>ἐπὶ</span> <span class='ocrx_word' id='word_1_112' title='bbox 2862 765 2941 832; x_wconf 82' lang='grc' dir='ltr'><strong>τῷ</strong></span> <span class='ocrx_word' id='word_1_113' title='bbox 2982 765 3389 835; x_wconf 80' lang='grc' dir='ltr'>Ἐκκλησιαστῇ</span> <span class='ocrx_word' id='word_1_114' title='bbox 3426 764 3621 834; x_wconf 80' lang='grc' dir='ltr'>χρῆναι</span> <span class='ocrx_word' id='word_1_115' title='bbox 3666 761 3848 822; x_wconf 84' lang='grc' dir='ltr'>καλῶς</span> <span class='ocrx_word' id='word_1_116' title='bbox 3888 760 4006 830; x_wconf 77' lang='grc' dir='ltr'><strong>ᾠή-</strong></span> 
     </span>
    </p>
   </div>
   <div class='ocr_carea' id='block_1_19' title="bbox 2415 848 4009 926">
    <p class='ocr_par' dir='ltr' id='par_1_19' title="bbox 2415 848 4009 926">
     <span class='ocr_line' id='line_1_19' title="bbox 2415 848 4009 926; baseline -0.007 -18"><span class='ocrx_word' id='word_1_117' title='bbox 2415 856 2591 925; x_wconf 84' lang='grc' dir='ltr'>θημεν</span> <span class='ocrx_word' id='word_1_118' title='bbox 2609 854 3007 923; x_wconf 75' lang='grc' dir='ltr'><strong>ἀποπληρῶσαι</strong></span> <span class='ocrx_word' id='word_1_119' title='bbox 3034 855 3134 925; x_wconf 82' lang='grc' dir='ltr'><strong>τὴν</strong></span> <span class='ocrx_word' id='word_1_120' title='bbox 3164 854 3591 926; x_wconf 78' lang='grc' dir='ltr'><strong>παρακέλευσιν·</strong></span> <span class='ocrx_word' id='word_1_121' title='bbox 3625 852 3724 903; x_wconf 83' lang='grc' dir='ltr'><strong>οὑκ</strong></span> <span class='ocrx_word' id='word_1_122' title='bbox 3754 851 3837 912; x_wconf 82' lang='grc' dir='ltr'>εἰς</span> <span class='ocrx_word' id='word_1_123' title='bbox 3862 848 4009 916; x_wconf 74' lang='grc' dir='ltr'>πλῆ-</span> 
     </span>
    </p>
   </div>
   <div class='ocr_carea' id='block_1_20' title="bbox 2417 940 4006 1018">
    <p class='ocr_par' dir='ltr' id='par_1_20' title="bbox 2417 940 4006 1018">
     <span class='ocr_line' id='line_1_20' title="bbox 2417 940 4006 1018; baseline -0.008 -16"><span class='ocrx_word' id='word_1_124' title='bbox 2417 949 2510 1011; x_wconf 80' lang='grc' dir='ltr'><strong>θος</strong></span> <span class='ocrx_word' id='word_1_125' title='bbox 2538 947 2850 1018; x_wconf 83' lang='grc' dir='ltr'><strong>ἀφορῶντες</strong></span> <span class='ocrx_word' id='word_1_126' title='bbox 2872 947 2973 1016; x_wconf 78' lang='grc' dir='ltr'><strong>τῆς</strong></span> <span class='ocrx_word' id='word_1_127' title='bbox 3018 947 3155 1009; x_wconf 88' lang='grc' dir='ltr'>ίδίας</span> <span class='ocrx_word' id='word_1_128' title='bbox 3199 945 3391 1013; x_wconf 85' lang='grc' dir='ltr'>σοφίας</span> <span class='ocrx_word' id='word_1_129' title='bbox 3423 944 3598 1014; x_wconf 80' lang='grc' dir='ltr'>(οὐδὲν</span> <span class='ocrx_word' id='word_1_130' title='bbox 3626 942 3733 1011; x_wconf 81' lang='grc' dir='ltr'><strong>γάρ</strong></span> <span class='ocrx_word' id='word_1_131' title='bbox 3757 940 4006 993; x_wconf 76' lang='grc' dir='ltr'>τοιοῦτον</span> 
     </span>
    </p>
   </div>
   <div class='ocr_carea' id='block_1_21' title="bbox 2417 1030 4006 1109">
    <p class='ocr_par' dir='ltr' id='par_1_21' title="bbox 2417 1030 4006 1109">
     <span class='ocr_line' id='line_1_21' title="bbox 2417 1030 4006 1109; baseline -0.008 -17"><span class='ocrx_word' id='word_1_132' title='bbox 2417 1041 2549 1109; x_wconf 81' lang='grc' dir='ltr'>ἡμῖν</span> <span class='ocrx_word' id='word_1_133' title='bbox 2587 1039 2924 1108; x_wconf 89' lang='grc' dir='ltr'>πρόσεστιν),</span> <span class='ocrx_word' id='word_1_134' title='bbox 2965 1037 3081 1090; x_wconf 78' lang='grc' dir='ltr'><strong>ἀλλ’</strong></span> <span class='ocrx_word' id='word_1_135' title='bbox 3110 1037 3189 1099; x_wconf 88' lang='grc' dir='ltr'>είς</span> <span class='ocrx_word' id='word_1_136' title='bbox 3245 1038 3344 1097; x_wconf 86' lang='grc' dir='ltr'>τὰς</span> <span class='ocrx_word' id='word_1_137' title='bbox 3391 1034 3644 1103; x_wconf 82' lang='grc' dir='ltr'>ἀψευδεῖς</span> <span class='ocrx_word' id='word_1_138' title='bbox 3704 1032 3798 1084; x_wconf 73' lang='grc' dir='ltr'><strong>καὶ</strong></span> <span class='ocrx_word' id='word_1_139' title='bbox 3848 1030 4006 1090; x_wconf 81' lang='grc' dir='ltr'>θείας</span> 
     </span>
    </p>
   </div>
   <div class='ocr_carea' id='block_1_22' title="bbox 2415 1128 4003 1202">
    <p class='ocr_par' dir='ltr' id='par_1_22' title="bbox 2415 1128 4003 1202">
     <span class='ocr_line' id='line_1_22' title="bbox 2415 1128 4003 1202; baseline -0.007 -19"><span class='ocrx_word' id='word_1_140' title='bbox 2415 1130 2747 1199; x_wconf 76' lang='grc' dir='ltr'><strong>ἐπαγγελίας</strong></span> <span class='ocrx_word' id='word_1_141' title='bbox 2770 1131 2861 1183; x_wconf 84' lang='grc' dir='ltr'><strong>τοῦ</strong></span> <span class='ocrx_word' id='word_1_142' title='bbox 2891 1132 3181 1202; x_wconf 83' lang='grc' dir='ltr'>φήσαντος·</span> <span class='ocrx_word' id='word_1_143' title='bbox 3208 1149 3227 1181; x_wconf 84' lang='grc' dir='ltr'>ι</span> <span class='ocrx_word' id='word_1_144' title='bbox 3274 1129 3519 1193; x_wconf 79' lang='grc' dir='ltr'>Ἀνοιξον</span> <span class='ocrx_word' id='word_1_145' title='bbox 3565 1128 3627 1179; x_wconf 80' lang='grc' dir='ltr'>τὸ</span> <span class='ocrx_word' id='word_1_146' title='bbox 3670 1128 3851 1192; x_wconf 71' lang='grc' dir='ltr'>στόμα</span> <span class='ocrx_word' id='word_1_147' title='bbox 3878 1138 4003 1181; x_wconf 87' lang='grc' dir='ltr'>σου,</span> 
     </span>
    </p>
   </div>
   <div class='ocr_carea' id='block_1_23' title="bbox 2415 1214 4003 1295">
    <p class='ocr_par' dir='ltr' id='par_1_23' title="bbox 2415 1214 4003 1295">
     <span class='ocr_line' id='line_1_23' title="bbox 2415 1214 4003 1295; baseline -0.008 -19"><span class='ocrx_word' id='word_1_148' title='bbox 2415 1226 2508 1276; x_wconf 77' lang='grc' dir='ltr'>καὶ</span> <span class='ocrx_word' id='word_1_149' title='bbox 2558 1221 2831 1295; x_wconf 81' lang='grc' dir='ltr'>πληρὼσω</span> <span class='ocrx_word' id='word_1_150' title='bbox 2885 1224 3036 1275; x_wconf 80' lang='grc' dir='ltr'>αὐτό·</span> <span class='ocrx_word' id='word_1_151' title='bbox 3072 1242 3090 1274; x_wconf 75' lang='grc' dir='ltr'>ι</span> <span class='ocrx_word' id='word_1_152' title='bbox 3148 1223 3241 1274; x_wconf 68' lang='grc' dir='ltr'>καὶ</span> <span class='ocrx_word' id='word_1_153' title='bbox 3275 1222 3469 1286; x_wconf 78' lang='grc' dir='ltr'>πάλιν,</span> <span class='ocrx_word' id='word_1_154' title='bbox 3520 1240 3537 1270; x_wconf 80' lang='grc' dir='ltr'>ι</span> <span class='ocrx_word' id='word_1_155' title='bbox 3580 1219 3671 1288; x_wconf 83' lang='grc' dir='ltr'><strong>Τῷ</strong></span> <span class='ocrx_word' id='word_1_156' title='bbox 3719 1214 4003 1285; x_wconf 74' lang='grc' dir='ltr'>ἀνθρώπῳ</span> 
     </span>
    </p>
   </div>
   <div class='ocr_carea' id='block_1_24' title="bbox 2413 1305 4004 1385">
    <p class='ocr_par' dir='ltr' id='par_1_24' title="bbox 2413 1305 4004 1385">
     <span class='ocr_line' id='line_1_24' title="bbox 2413 1305 4004 1385; baseline -0.006 -18"><span class='ocrx_word' id='word_1_157' title='bbox 2413 1316 2671 1385; x_wconf 75' lang='grc' dir='ltr'><strong>πρόθεσις</strong></span> <span class='ocrx_word' id='word_1_158' title='bbox 2698 1314 2949 1385; x_wconf 82' lang='grc' dir='ltr'>καρδίας,</span> <span class='ocrx_word' id='word_1_159' title='bbox 2968 1316 3063 1368; x_wconf 71' lang='grc' dir='ltr'><strong>καὶ</strong></span> <span class='ocrx_word' id='word_1_160' title='bbox 3091 1314 3242 1383; x_wconf 71' lang='grc' dir='ltr'>παρὰ</span> <span class='ocrx_word' id='word_1_161' title='bbox 3272 1313 3477 1383; x_wconf 82' lang='grc' dir='ltr'><strong>Κυρίου</strong></span> <span class='ocrx_word' id='word_1_162' title='bbox 3500 1312 3795 1378; x_wconf 80' lang='grc' dir='ltr'>ἀπόκρισις</span> <span class='ocrx_word' id='word_1_163' title='bbox 3821 1305 4004 1374; x_wconf 78' lang='grc' dir='ltr'>γλώτ-</span> 
     </span>
    </p>
   </div>
   <div class='ocr_carea' id='block_1_25' title="bbox 2417 1407 3443 1479">
    <p class='ocr_par' dir='ltr' id='par_1_25' title="bbox 2417 1407 3443 1479">
     <span class='ocr_line' id='line_1_25' title="bbox 2417 1407 3443 1479; baseline -0.004 -19"><span class='ocrx_word' id='word_1_164' title='bbox 2417 1426 2538 1478; x_wconf 80' lang='grc' dir='ltr'>της.</span> <span class='ocrx_word' id='word_1_165' title='bbox 2571 1427 2589 1461; x_wconf 75' lang='grc' dir='ltr'>ι</span> <span class='ocrx_word' id='word_1_166' title='bbox 2628 1410 2889 1479; x_wconf 77' lang='grc' dir='ltr'>Ἀρχεται</span> <span class='ocrx_word' id='word_1_167' title='bbox 2922 1408 3123 1471; x_wconf 80' lang='grc' dir='ltr'>τοίνυν,</span> <span class='ocrx_word' id='word_1_168' title='bbox 3155 1407 3248 1460; x_wconf 86' lang='grc' dir='ltr'><strong>καί</strong></span> <span class='ocrx_word' id='word_1_169' title='bbox 3278 1420 3443 1476; x_wconf 75' lang='grc' dir='ltr'>φησιο</span> 
     </span>
    </p>
   </div>
   <div class='ocr_carea' id='block_1_26' title="bbox 2296 1520 2418 1594">
    <p class='ocr_par' dir='ltr' id='par_1_26' title="bbox 2296 1520 2418 1594">
     <span class='ocr_line' id='line_1_26' title="bbox 2296 1520 2418 1594; baseline 0.033 -19"><span class='ocrx_word' id='word_1_170' title='bbox 2296 1520 2418 1594; x_wconf 64' lang='grc' dir='ltr'><strong>ει.</strong></span> 
     </span>
    </p>
   </div>
   <div class='ocr_carea' id='block_1_27' title="bbox 814 1637 2373 1710">
    <p class='ocr_par' dir='ltr' id='par_1_27' title="bbox 814 1637 2373 1710">
     <span class='ocr_line' id='line_1_27' title="bbox 814 1637 2373 1710; baseline 0.002 -18"><span class='ocrx_word' id='word_1_171' title='bbox 814 1639 982 1695; x_wconf 75' lang='lat' dir='ltr'><strong>Vens.</strong></span> <span class='ocrx_word' id='word_1_172' title='bbox 1020 1641 1070 1693; x_wconf 78' lang='grc'><strong>1.</strong></span> <span class='ocrx_word' id='word_1_173' title='bbox 1110 1638 1270 1693; x_wconf 84' lang='lat' dir='ltr'><strong>Verba</strong></span> <span class='ocrx_word' id='word_1_174' title='bbox 1302 1637 1641 1693; x_wconf 74' lang='lat' dir='ltr'><strong>Ecclesiastw</strong></span> <span class='ocrx_word' id='word_1_175' title='bbox 1677 1638 1776 1708; x_wconf 83' lang='lat' dir='ltr'><strong>ﬁlii</strong></span> <span class='ocrx_word' id='word_1_176' title='bbox 1810 1638 1981 1693; x_wconf 81' lang='lat' dir='ltr'><strong>David</strong></span> <span class='ocrx_word' id='word_1_177' title='bbox 2041 1641 2173 1710; x_wconf 79' lang='lat' dir='ltr'><strong>regis</strong></span> <span class='ocrx_word' id='word_1_178' title='bbox 2208 1640 2299 1695; x_wconf 83' lang='lat' dir='ltr'><strong>Je-</strong></span> <span class='ocrx_word' id='word_1_179' title='bbox 2330 1653 2373 1708; x_wconf 78' lang='grc' dir='ltr'><strong>Β</strong></span> 
     </span>
    </p>
   </div>
   <div class='ocr_carea' id='block_1_28' title="bbox 729 1731 1092 1800">
    <p class='ocr_par' dir='ltr' id='par_1_28' title="bbox 729 1731 1092 1800">
     <span class='ocr_line' id='line_1_28' title="bbox 729 1731 1092 1800; baseline 0 -15"><span class='ocrx_word' id='word_1_180' title='bbox 729 1736 958 1786; x_wconf 73' lang='grc' dir='ltr'><strong>ναεαιεηι</strong></span> <span class='ocrx_word' id='word_1_181' title='bbox 994 1731 1092 1800; x_wconf 85' lang='grc'><strong>(6).</strong></span> 
     </span>
    </p>
   </div>
   <div class='ocr_carea' id='block_1_29' title="bbox 800 1821 2308 1889">
    <p class='ocr_par' dir='ltr' id='par_1_29' title="bbox 800 1821 2308 1889">
     <span class='ocr_line' id='line_1_29' title="bbox 800 1821 2308 1889; baseline -0.001 -12"><span class='ocrx_word' id='word_1_182' title='bbox 800 1824 943 1879; x_wconf 84' lang='lat' dir='ltr'><strong>Bene</strong></span> <span class='ocrx_word' id='word_1_183' title='bbox 981 1823 1276 1878; x_wconf 82' lang='lat' dir='ltr'><strong>admodum</strong></span> <span class='ocrx_word' id='word_1_184' title='bbox 1323 1821 1692 1889; x_wconf 86' lang='lat' dir='ltr'><strong>distincteque</strong></span> <span class='ocrx_word' id='word_1_185' title='bbox 1744 1821 1900 1875; x_wconf 71' lang='lat' dir='ltr'><strong>verba</strong></span> <span class='ocrx_word' id='word_1_186' title='bbox 1946 1821 2077 1874; x_wconf 79' lang='lat' dir='ltr'><strong>dixit</strong></span> <span class='ocrx_word' id='word_1_187' title='bbox 2111 1837 2308 1885; x_wconf 87' lang='lat' dir='ltr'><strong>;scusa</strong></span> 
     </span>
    </p>
   </div>
   <div class='ocr_carea' id='block_1_30' title="bbox 730 1915 2310 1987">
    <p class='ocr_par' dir='ltr' id='par_1_30' title="bbox 730 1915 2310 1987">
     <span class='ocr_line' id='line_1_30' title="bbox 730 1915 2310 1987; baseline -0.004 -15"><span class='ocrx_word' id='word_1_188' title='bbox 730 1921 899 1980; x_wconf 89' lang='lat' dir='ltr'><strong>enim,</strong></span> <span class='ocrx_word' id='word_1_189' title='bbox 932 1917 1259 1987; x_wconf 72' lang='lat' dir='ltr'><strong>quaelingua</strong></span> <span class='ocrx_word' id='word_1_190' title='bbox 1289 1916 1471 1970; x_wconf 81' lang='lat' dir='ltr'><strong>verbis</strong></span> <span class='ocrx_word' id='word_1_191' title='bbox 1522 1915 1900 1983; x_wconf 84' lang='lat' dir='ltr'><strong>signiﬁcabat,</strong></span> <span class='ocrx_word' id='word_1_192' title='bbox 1955 1931 1985 1968; x_wconf 88' lang='lat' dir='ltr'><strong>a</strong></span> <span class='ocrx_word' id='word_1_193' title='bbox 2030 1915 2120 1967; x_wconf 86' lang='lat' dir='ltr'><strong>Dei</strong></span> <span class='ocrx_word' id='word_1_194' title='bbox 2160 1916 2310 1968; x_wconf 87' lang='lat' dir='ltr'><strong>beni-</strong></span> 
     </span>
    </p>
   </div>
   <div class='ocr_carea' id='block_1_31' title="bbox 729 2005 2309 2080">
    <p class='ocr_par' dir='ltr' id='par_1_31' title="bbox 729 2005 2309 2080">
     <span class='ocr_line' id='line_1_31' title="bbox 729 2005 2309 2080; baseline -0.004 -16"><span class='ocrx_word' id='word_1_195' title='bbox 729 2013 934 2080; x_wconf 75' lang='lat' dir='ltr'><strong>gnitate</strong></span> <span class='ocrx_word' id='word_1_196' title='bbox 968 2010 1194 2063; x_wconf 89' lang='lat' dir='ltr'><strong>omnino</strong></span> <span class='ocrx_word' id='word_1_197' title='bbox 1219 2018 1378 2062; x_wconf 89' lang='lat' dir='ltr'><strong>erant</strong></span> <span class='ocrx_word' id='word_1_198' title='bbox 1406 2025 1418 2062; x_wconf 88' lang='lat'><strong>:</strong></span> <span class='ocrx_word' id='word_1_199' title='bbox 1453 2007 1547 2077; x_wconf 89' lang='lat' dir='ltr'><strong>qui</strong></span> <span class='ocrx_word' id='word_1_200' title='bbox 1578 2006 1911 2070; x_wconf 86' lang='lat' dir='ltr'><strong>Salomonis,</strong></span> <span class='ocrx_word' id='word_1_201' title='bbox 1966 2005 2124 2075; x_wconf 87' lang='lat' dir='ltr'><strong>quasi</strong></span> <span class='ocrx_word' id='word_1_202' title='bbox 2162 2006 2309 2059; x_wconf 79' lang='lat' dir='ltr'><strong>cala-</strong></span> 
     </span>
    </p>
   </div>
   <div class='ocr_carea' id='block_1_32' title="bbox 730 2098 2297 2171">
    <p class='ocr_par' dir='ltr' id='par_1_32' title="bbox 730 2098 2297 2171">
     <span class='ocr_line' id='line_1_32' title="bbox 730 2098 2297 2171; baseline -0.004 -13"><span class='ocrx_word' id='word_1_203' title='bbox 730 2118 842 2166; x_wconf 89' lang='lat' dir='ltr'><strong>mo,</strong></span> <span class='ocrx_word' id='word_1_204' title='bbox 876 2103 1057 2171; x_wconf 84' lang='lat' dir='ltr'><strong>lingua</strong></span> <span class='ocrx_word' id='word_1_205' title='bbox 1088 2116 1245 2167; x_wconf 89' lang='lat' dir='ltr'><strong>usus,</strong></span> <span class='ocrx_word' id='word_1_206' title='bbox 1282 2101 1384 2154; x_wconf 85' lang='lat' dir='ltr'><strong>hac</strong></span> <span class='ocrx_word' id='word_1_207' title='bbox 1422 2115 1605 2154; x_wconf 86' lang='lat' dir='ltr'><strong>rerum</strong></span> <span class='ocrx_word' id='word_1_208' title='bbox 1640 2108 1895 2153; x_wconf 87' lang='lat' dir='ltr'><strong>naturam</strong></span> <span class='ocrx_word' id='word_1_209' title='bbox 1949 2098 2297 2165; x_wconf 87' lang='lat' dir='ltr'><strong>enuntiavit;</strong></span> 
     </span>
    </p>
   </div>
   <div class='ocr_carea' id='block_1_33' title="bbox 732 2192 2309 2261">
    <p class='ocr_par' dir='ltr' id='par_1_33' title="bbox 732 2192 2309 2261">
     <span class='ocr_line' id='line_1_33' title="bbox 732 2192 2309 2261; baseline -0.002 -13"><span class='ocrx_word' id='word_1_210' title='bbox 732 2211 785 2248; x_wconf 91' lang='lat' dir='ltr'><strong>nt</strong></span> <span class='ocrx_word' id='word_1_211' title='bbox 819 2197 1107 2250; x_wconf 83' lang='lat' dir='ltr'><strong>verborum</strong></span> <span class='ocrx_word' id='word_1_212' title='bbox 1158 2195 1374 2247; x_wconf 91' lang='lat' dir='ltr'><strong>illorum</strong></span> <span class='ocrx_word' id='word_1_213' title='bbox 1416 2192 1660 2247; x_wconf 69' lang='lat' dir='ltr'><strong>eﬂ‘ectrix</strong></span> <span class='ocrx_word' id='word_1_214' title='bbox 1692 2192 1910 2261; x_wconf 89' lang='lat' dir='ltr'><strong>quidem</strong></span> <span class='ocrx_word' id='word_1_215' title='bbox 1955 2207 2120 2246; x_wconf 89' lang='lat' dir='ltr'><strong>causa</strong></span> <span class='ocrx_word' id='word_1_216' title='bbox 2168 2192 2309 2245; x_wconf 89' lang='lat' dir='ltr'><strong>divi-</strong></span> 
     </span>
    </p>
   </div>
   <div class='ocr_carea' id='block_1_34' title="bbox 732 2284 2306 2353">
    <p class='ocr_par' dir='ltr' id='par_1_34' title="bbox 732 2284 2306 2353">
     <span class='ocr_line' id='line_1_34' title="bbox 732 2284 2306 2353; baseline -0.003 -13"><span class='ocrx_word' id='word_1_217' title='bbox 732 2289 880 2340; x_wconf 90' lang='lat' dir='ltr'><strong>nitus</strong></span> <span class='ocrx_word' id='word_1_218' title='bbox 910 2286 1196 2345; x_wconf 70' lang='lat' dir='ltr'><strong>exstiterit,</strong></span> <span class='ocrx_word' id='word_1_219' title='bbox 1230 2295 1282 2338; x_wconf 91' lang='lat' dir='ltr'><strong>at</strong></span> <span class='ocrx_word' id='word_1_220' title='bbox 1327 2284 1638 2338; x_wconf 83' lang='lat' dir='ltr'><strong>Salomonis</strong></span> <span class='ocrx_word' id='word_1_221' title='bbox 1690 2284 1873 2353; x_wconf 85' lang='lat' dir='ltr'><strong>lingua</strong></span> <span class='ocrx_word' id='word_1_222' title='bbox 1922 2292 2179 2353; x_wconf 82' lang='lat' dir='ltr'><strong>tanquam</strong></span> <span class='ocrx_word' id='word_1_223' title='bbox 2207 2285 2306 2339; x_wconf 91' lang='lat' dir='ltr'><strong>ad-</strong></span> 
     </span>
    </p>
   </div>
   <div class='ocr_carea' id='block_1_35' title="bbox 732 2375 2302 2445">
    <p class='ocr_par' dir='ltr' id='par_1_35' title="bbox 732 2375 2302 2445">
     <span class='ocr_line' id='line_1_35' title="bbox 732 2375 2302 2445; baseline 0 -14"><span class='ocrx_word' id='word_1_224' title='bbox 732 2382 979 2433; x_wconf 87' lang='lat' dir='ltr'><strong>tninislra</strong></span> <span class='ocrx_word' id='word_1_225' title='bbox 1017 2378 1265 2432; x_wconf 87' lang='lat' dir='ltr'><strong>habenda</strong></span> <span class='ocrx_word' id='word_1_226' title='bbox 1317 2378 1408 2431; x_wconf 91' lang='lat' dir='ltr'><strong>sit.</strong></span> <span class='ocrx_word' id='word_1_227' title='bbox 1460 2378 1634 2445; x_wconf 83' lang='lat' dir='ltr'><strong>Atque</strong></span> <span class='ocrx_word' id='word_1_228' title='bbox 1675 2375 1729 2429; x_wconf 92' lang='lat' dir='ltr'><strong>in</strong></span> <span class='ocrx_word' id='word_1_229' title='bbox 1785 2375 1928 2429; x_wconf 89' lang='lat' dir='ltr'><strong>hanc</strong></span> <span class='ocrx_word' id='word_1_230' title='bbox 1976 2376 2302 2431; x_wconf 83' lang='lat' dir='ltr'><strong>sententiam</strong></span> 
     </span>
    </p>
   </div>
   <div class='ocr_carea' id='block_1_36' title="bbox 732 2464 2303 2535">
    <p class='ocr_par' dir='ltr' id='par_1_36' title="bbox 732 2464 2303 2535">
     <span class='ocr_line' id='line_1_36' title="bbox 732 2464 2303 2535; baseline -0.001 -12"><span class='ocrx_word' id='word_1_231' title='bbox 732 2471 847 2523; x_wconf 67' lang='lat' dir='ltr'><strong>haec</strong></span> <span class='ocrx_word' id='word_1_232' title='bbox 875 2470 963 2523; x_wconf 90' lang='lat' dir='ltr'><strong>ille</strong></span> <span class='ocrx_word' id='word_1_233' title='bbox 994 2469 1158 2523; x_wconf 83' lang='lat' dir='ltr'><strong>verba</strong></span> <span class='ocrx_word' id='word_1_234' title='bbox 1206 2483 1307 2521; x_wconf 86' lang='lat' dir='ltr'><strong>sua</strong></span> <span class='ocrx_word' id='word_1_235' title='bbox 1353 2482 1474 2521; x_wconf 86' lang='lat' dir='ltr'><strong>esse</strong></span> <span class='ocrx_word' id='word_1_236' title='bbox 1520 2467 1610 2521; x_wconf 85' lang='lat' dir='ltr'><strong>hic</strong></span> <span class='ocrx_word' id='word_1_237' title='bbox 1661 2464 1986 2532; x_wconf 83' lang='lat' dir='ltr'><strong>aﬂirmavit;</strong></span> <span class='ocrx_word' id='word_1_238' title='bbox 2040 2466 2303 2535; x_wconf 85' lang='lat' dir='ltr'><strong>quemad-</strong></span> 
     </span>
    </p>
   </div>
   <div class='ocr_carea' id='block_1_37' title="bbox 732 2557 2303 2627">
    <p class='ocr_par' dir='ltr' id='par_1_37' title="bbox 732 2557 2303 2627">
     <span class='ocr_line' id='line_1_37' title="bbox 732 2557 2303 2627; baseline -0.001 -12"><span class='ocrx_word' id='word_1_239' title='bbox 732 2562 954 2615; x_wconf 81' lang='lat' dir='ltr'><strong>modum</strong></span> <span class='ocrx_word' id='word_1_240' title='bbox 1011 2562 1150 2614; x_wconf 89' lang='lat' dir='ltr'><strong>idem</strong></span> <span class='ocrx_word' id='word_1_241' title='bbox 1212 2559 1446 2627; x_wconf 88' lang='lat' dir='ltr'><strong>prioretu</strong></span> <span class='ocrx_word' id='word_1_242' title='bbox 1497 2572 1718 2627; x_wconf 88' lang='lat' dir='ltr'><strong>quoque</strong></span> <span class='ocrx_word' id='word_1_243' title='bbox 1750 2557 2208 2627; x_wconf 76' lang='lat' dir='ltr'><strong>significationem</strong></span> <span class='ocrx_word' id='word_1_244' title='bbox 2247 2560 2303 2613; x_wconf 88' lang='lat' dir='ltr'><strong>in</strong></span> 
     </span>
    </p>
   </div>
   <div class='ocr_carea' id='block_1_38' title="bbox 730 2647 2305 2719">
    <p class='ocr_par' dir='ltr' id='par_1_38' title="bbox 730 2647 2305 2719">
     <span class='ocr_line' id='line_1_38' title="bbox 730 2647 2305 2719; baseline -0.003 -12"><span class='ocrx_word' id='word_1_245' title='bbox 730 2652 1149 2707; x_wconf 71' lang='lat' dir='ltr'><strong>Proverliiorum</strong></span> <span class='ocrx_word' id='word_1_246' title='bbox 1184 2650 1452 2719; x_wconf 80' lang='lat' dir='ltr'><strong>expressit</strong></span> <span class='ocrx_word' id='word_1_247' title='bbox 1496 2648 1658 2715; x_wconf 85' lang='lat' dir='ltr'><strong>libro,</strong></span> <span class='ocrx_word' id='word_1_248' title='bbox 1684 2663 1806 2703; x_wconf 91' lang='lat' dir='ltr'><strong>cum</strong></span> <span class='ocrx_word' id='word_1_249' title='bbox 1840 2647 1954 2702; x_wconf 86' lang='lat' dir='ltr'><strong>ait:</strong></span> <span class='ocrx_word' id='word_1_250' title='bbox 2005 2667 2024 2700; x_wconf 82' lang='lat'><strong>(</strong></span> <span class='ocrx_word' id='word_1_251' title='bbox 2063 2648 2165 2703; x_wconf 83' lang='lat' dir='ltr'><strong>Mei</strong></span> <span class='ocrx_word' id='word_1_252' title='bbox 2191 2664 2305 2702; x_wconf 84' lang='lat' dir='ltr'><strong>ser-</strong></span> 
     </span>
    </p>
   </div>
   <div class='ocr_carea' id='block_1_39' title="bbox 730 2742 2300 2814">
    <p class='ocr_par' dir='ltr' id='par_1_39' title="bbox 730 2742 2300 2814">
     <span class='ocr_line' id='line_1_39' title="bbox 730 2742 2300 2814; baseline -0.003 -13"><span class='ocrx_word' id='word_1_253' title='bbox 730 2762 921 2801; x_wconf 88' lang='lat' dir='ltr'><strong>mones</strong></span> <span class='ocrx_word' id='word_1_254' title='bbox 959 2745 1149 2814; x_wconf 84' lang='lat' dir='ltr'><strong>prolati</strong></span> <span class='ocrx_word' id='word_1_255' title='bbox 1180 2753 1307 2799; x_wconf 87' lang='lat' dir='ltr'><strong>sunt</strong></span> <span class='ocrx_word' id='word_1_256' title='bbox 1336 2761 1365 2797; x_wconf 89' lang='lat' dir='ltr'><strong>a</strong></span> <span class='ocrx_word' id='word_1_257' title='bbox 1399 2742 1507 2797; x_wconf 86' lang='lat' dir='ltr'><strong>Deo</strong></span> <span class='ocrx_word' id='word_1_258' title='bbox 1537 2744 1635 2811; x_wconf 86' lang='lat'><strong>(7).</strong></span> <span class='ocrx_word' id='word_1_259' title='bbox 1682 2762 1700 2795; x_wconf 72' lang='grc' dir='ltr'>ι</span> <span class='ocrx_word' id='word_1_260' title='bbox 1734 2743 1809 2798; x_wconf 89' lang='lat' dir='ltr'><strong>lbi</strong></span> <span class='ocrx_word' id='word_1_261' title='bbox 1843 2745 1989 2798; x_wconf 88' lang='lat' dir='ltr'><strong>enim</strong></span> <span class='ocrx_word' id='word_1_262' title='bbox 2027 2754 2080 2800; x_wconf 91' lang='lat' dir='ltr'><strong>et</strong></span> <span class='ocrx_word' id='word_1_263' title='bbox 2115 2745 2300 2813; x_wconf 74' lang='lat' dir='ltr'><strong>proxi-</strong></span> 
     </span>
    </p>
   </div>
   <div class='ocr_carea' id='block_1_40' title="bbox 732 2836 2304 2905">
    <p class='ocr_par' dir='ltr' id='par_1_40' title="bbox 732 2836 2304 2905">
     <span class='ocr_line' id='line_1_40' title="bbox 732 2836 2304 2905; baseline -0.001 -12"><span class='ocrx_word' id='word_1_264' title='bbox 732 2855 875 2893; x_wconf 85' lang='lat' dir='ltr'><strong>mam</strong></span> <span class='ocrx_word' id='word_1_265' title='bbox 930 2838 1343 2904; x_wconf 84' lang='lat' dir='ltr'><strong>tuiuistramque</strong></span> <span class='ocrx_word' id='word_1_266' title='bbox 1386 2850 1607 2889; x_wconf 89' lang='lat' dir='ltr'><strong>causam</strong></span> <span class='ocrx_word' id='word_1_267' title='bbox 1635 2875 1649 2899; x_wconf 94' lang='lat'><strong>,</strong></span> <span class='ocrx_word' id='word_1_268' title='bbox 1689 2844 1743 2888; x_wconf 86' lang='lat' dir='ltr'><strong>et</strong></span> <span class='ocrx_word' id='word_1_269' title='bbox 1803 2836 2143 2905; x_wconf 86' lang='lat' dir='ltr'><strong>superiorem</strong></span> <span class='ocrx_word' id='word_1_270' title='bbox 2191 2838 2304 2891; x_wconf 75' lang='lat' dir='ltr'><strong>sive</strong></span> 
     </span>
    </p>
   </div>
   <div class='ocr_carea' id='block_1_41' title="bbox 730 2926 2299 2997">
    <p class='ocr_par' dir='ltr' id='par_1_41' title="bbox 730 2926 2299 2997">
     <span class='ocr_line' id='line_1_41' title="bbox 730 2926 2299 2997; baseline -0.003 -12"><span class='ocrx_word' id='word_1_271' title='bbox 730 2931 1081 2991; x_wconf 75' lang='lat' dir='ltr'><strong>eﬂ‘eetricem,</strong></span> <span class='ocrx_word' id='word_1_272' title='bbox 1121 2945 1241 2996; x_wconf 74' lang='lat' dir='ltr'><strong>qua:</strong></span> <span class='ocrx_word' id='word_1_273' title='bbox 1276 2929 1446 2981; x_wconf 90' lang='lat' dir='ltr'><strong>multo</strong></span> <span class='ocrx_word' id='word_1_274' title='bbox 1479 2926 1755 2995; x_wconf 88' lang='lat' dir='ltr'><strong>potentior</strong></span> <span class='ocrx_word' id='word_1_275' title='bbox 1783 2937 1867 2981; x_wconf 83' lang='lat' dir='ltr'><strong>est</strong></span> <span class='ocrx_word' id='word_1_276' title='bbox 1891 2966 1906 2991; x_wconf 86' lang='lat'><strong>,</strong></span> <span class='ocrx_word' id='word_1_277' title='bbox 1953 2928 2299 2997; x_wconf 81' lang='lat' dir='ltr'><strong>designavit:</strong></span> 
     </span>
    </p>
   </div>
   <div class='ocr_carea' id='block_1_42' title="bbox 2486 1634 4004 1710">
    <p class='ocr_par' dir='ltr' id='par_1_42' title="bbox 2486 1634 4004 1710">
     <span class='ocr_line' id='line_1_42' title="bbox 2486 1634 4004 1710; baseline -0.009 -13"><span class='ocrx_word' id='word_1_278' title='bbox 2486 1642 2743 1710; x_wconf 81' lang='grc' dir='ltr'><strong>Ῥήματα</strong></span> <span class='ocrx_word' id='word_1_279' title='bbox 2781 1639 3266 1707; x_wconf 78' lang='grc' dir='ltr'>Ἐκκλησιαστοῦ</span> <span class='ocrx_word' id='word_1_280' title='bbox 3302 1636 3439 1692; x_wconf 88' lang='grc' dir='ltr'>Υἱοῦ</span> <span class='ocrx_word' id='word_1_281' title='bbox 3468 1634 3647 1690; x_wconf 81' lang='grc' dir='ltr'><strong>Δαόὶό</strong></span> <span class='ocrx_word' id='word_1_282' title='bbox 3672 1634 4004 1698; x_wconf 66' lang='grc' dir='ltr'>,βασιλεύει</span> 
     </span>
    </p>
   </div>
   <div class='ocr_carea' id='block_1_43' title="bbox 2413 1731 3002 1802">
    <p class='ocr_par' dir='ltr' id='par_1_43' title="bbox 2413 1731 3002 1802">
     <span class='ocr_line' id='line_1_43' title="bbox 2413 1731 3002 1802; baseline 0.002 -17"><span class='ocrx_word' id='word_1_283' title='bbox 2413 1733 2511 1786; x_wconf 78' lang='grc' dir='ltr'><strong>ἐπὶ</strong></span> <span class='ocrx_word' id='word_1_284' title='bbox 2573 1731 3002 1802; x_wconf 75' lang='grc' dir='ltr'>Ἰερουσαλήμ.</span> 
     </span>
    </p>
   </div>
   <div class='ocr_carea' id='block_1_44' title="bbox 2486 1815 4001 1893">
    <p class='ocr_par' dir='ltr' id='par_1_44' title="bbox 2486 1815 4001 1893">
     <span class='ocr_line' id='line_1_44' title="bbox 2486 1815 4001 1893; baseline -0.007 -16"><span class='ocrx_word' id='word_1_285' title='bbox 2486 1824 2682 1884; x_wconf 83' lang='grc' dir='ltr'>Καλῶς</span> <span class='ocrx_word' id='word_1_286' title='bbox 2706 1826 2846 1892; x_wconf 80' lang='grc' dir='ltr'>ἄγαν</span> <span class='ocrx_word' id='word_1_287' title='bbox 2874 1823 3015 1893; x_wconf 84' lang='grc' dir='ltr'>μετὰ</span> <span class='ocrx_word' id='word_1_288' title='bbox 3051 1822 3337 1890; x_wconf 79' lang='grc' dir='ltr'><strong>διαστολῆς</strong></span> <span class='ocrx_word' id='word_1_289' title='bbox 3380 1821 3575 1891; x_wconf 77' lang='grc' dir='ltr'>ἔφησε,</span> <span class='ocrx_word' id='word_1_290' title='bbox 3612 1818 3880 1886; x_wconf 76' lang='grc' dir='ltr'>ῥήματα·</span> <span class='ocrx_word' id='word_1_291' title='bbox 3930 1815 4001 1867; x_wconf 80' lang='grc' dir='ltr'><strong>τά</strong></span> 
     </span>
    </p>
   </div>
   <div class='ocr_carea' id='block_1_45' title="bbox 2412 1907 4003 1987">
    <p class='ocr_par' dir='ltr' id='par_1_45' title="bbox 2412 1907 4003 1987">
     <span class='ocr_line' id='line_1_45' title="bbox 2412 1907 4003 1987; baseline -0.008 -16"><span class='ocrx_word' id='word_1_292' title='bbox 2412 1919 2520 1987; x_wconf 77' lang='grc' dir='ltr'><strong>γὰρ</strong></span> <span class='ocrx_word' id='word_1_293' title='bbox 2577 1918 2825 1987; x_wconf 85' lang='grc' dir='ltr'><strong>νοήματα</strong></span> <span class='ocrx_word' id='word_1_294' title='bbox 2875 1914 3254 1983; x_wconf 86' lang='grc' dir='ltr'><strong>σημαινόμενα</strong></span> <span class='ocrx_word' id='word_1_295' title='bbox 3294 1911 3385 1965; x_wconf 80' lang='grc' dir='ltr'>διὰ</span> <span class='ocrx_word' id='word_1_296' title='bbox 3440 1912 3549 1964; x_wconf 89' lang='grc' dir='ltr'><strong>τῶν</strong></span> <span class='ocrx_word' id='word_1_297' title='bbox 3599 1910 3698 1979; x_wconf 79' lang='grc' dir='ltr'><strong>τῆς</strong></span> <span class='ocrx_word' id='word_1_298' title='bbox 3746 1907 4003 1976; x_wconf 80' lang='grc' dir='ltr'><strong>γλώττης</strong></span> 
     </span>
    </p>
   </div>
   <div class='ocr_carea' id='block_1_46' title="bbox 2413 1999 4001 2081">
    <p class='ocr_par' dir='ltr' id='par_1_46' title="bbox 2413 1999 4001 2081">
     <span class='ocr_line' id='line_1_46' title="bbox 2413 1999 4001 2081; baseline -0.008 -18"><span class='ocrx_word' id='word_1_299' title='bbox 2413 2010 2675 2081; x_wconf 74' lang='grc' dir='ltr'>ῥημάτων</span> <span class='ocrx_word' id='word_1_300' title='bbox 2707 2012 2807 2080; x_wconf 82' lang='grc' dir='ltr'><strong>τῆς</strong></span> <span class='ocrx_word' id='word_1_301' title='bbox 2852 2008 3002 2071; x_wconf 84' lang='grc' dir='ltr'>θείας</span> <span class='ocrx_word' id='word_1_302' title='bbox 3037 2008 3255 2070; x_wconf 89' lang='grc' dir='ltr'>πάντως</span> <span class='ocrx_word' id='word_1_303' title='bbox 3292 2007 3516 2076; x_wconf 83' lang='grc' dir='ltr'>χάριτος</span> <span class='ocrx_word' id='word_1_304' title='bbox 3561 1999 3738 2074; x_wconf 77' lang='grc' dir='ltr'>ἦσαν·</span> <span class='ocrx_word' id='word_1_305' title='bbox 3780 2015 4001 2070; x_wconf 77' lang='grc' dir='ltr'>χρησα-</span> 
     </span>
    </p>
   </div>
   <div class='ocr_carea' id='block_1_47' title="bbox 2413 2093 4002 2173">
    <p class='ocr_par' dir='ltr' id='par_1_47' title="bbox 2413 2093 4002 2173">
     <span class='ocr_line' id='line_1_47' title="bbox 2413 2093 4002 2173; baseline -0.006 -19"><span class='ocrx_word' id='word_1_306' title='bbox 2413 2103 2552 2173; x_wconf 79' lang='grc' dir='ltr'>μένη</span> <span class='ocrx_word' id='word_1_307' title='bbox 2584 2101 2678 2154; x_wconf 91' lang='grc' dir='ltr'><strong>τοῦ</strong></span> <span class='ocrx_word' id='word_1_308' title='bbox 2716 2101 3065 2169; x_wconf 82' lang='grc' dir='ltr'>Σολομῶντος</span> <span class='ocrx_word' id='word_1_309' title='bbox 3112 2100 3188 2163; x_wconf 85' lang='grc' dir='ltr'>ὡς</span> <span class='ocrx_word' id='word_1_310' title='bbox 3221 2099 3455 2168; x_wconf 85' lang='grc' dir='ltr'>καλάμῳ</span> <span class='ocrx_word' id='word_1_311' title='bbox 3507 2099 3576 2167; x_wconf 73' lang='grc' dir='ltr'>τῇ</span> <span class='ocrx_word' id='word_1_312' title='bbox 3626 2094 3849 2166; x_wconf 82' lang='grc' dir='ltr'><strong>γλώττῃ</strong></span> <span class='ocrx_word' id='word_1_313' title='bbox 3873 2136 3890 2159; x_wconf 91' lang='grc'><strong>,</strong></span> <span class='ocrx_word' id='word_1_314' title='bbox 3932 2093 4002 2144; x_wconf 83' lang='grc' dir='ltr'>δι’</span> 
     </span>
    </p>
   </div>
   <div class='ocr_carea' id='block_1_48' title="bbox 2410 2182 4000 2263">
    <p class='ocr_par' dir='ltr' id='par_1_48' title="bbox 2410 2182 4000 2263">
     <span class='ocr_line' id='line_1_48' title="bbox 2410 2182 4000 2263; baseline -0.006 -17"><span class='ocrx_word' id='word_1_315' title='bbox 2410 2194 2580 2263; x_wconf 78' lang='grc' dir='ltr'>αὐτῆς</span> <span class='ocrx_word' id='word_1_316' title='bbox 2608 2193 2707 2263; x_wconf 83' lang='grc' dir='ltr'>τὴν</span> <span class='ocrx_word' id='word_1_317' title='bbox 2740 2192 2903 2262; x_wconf 78' lang='grc' dir='ltr'>φύσιν</span> <span class='ocrx_word' id='word_1_318' title='bbox 2940 2191 3051 2244; x_wconf 88' lang='grc' dir='ltr'><strong>τῶν</strong></span> <span class='ocrx_word' id='word_1_319' title='bbox 3092 2191 3438 2262; x_wconf 74' lang='grc' dir='ltr'>πραγμάτιον</span> <span class='ocrx_word' id='word_1_320' title='bbox 3476 2189 3707 2255; x_wconf 68' lang='grc' dir='ltr'><strong>ἐξεῖπεν*</strong></span> <span class='ocrx_word' id='word_1_321' title='bbox 3736 2186 3816 2249; x_wconf 86' lang='grc' dir='ltr'><strong>ὼς</strong></span> <span class='ocrx_word' id='word_1_322' title='bbox 3854 2182 4000 2237; x_wconf 71' lang='grc' dir='ltr'>εἶναι</span> 
     </span>
    </p>
   </div>
   <div class='ocr_carea' id='block_1_49' title="bbox 2411 2277 4001 2354">
    <p class='ocr_par' dir='ltr' id='par_1_49' title="bbox 2411 2277 4001 2354">
     <span class='ocr_line' id='line_1_49' title="bbox 2411 2277 4001 2354; baseline -0.004 -18"><span class='ocrx_word' id='word_1_323' title='bbox 2411 2285 2511 2354; x_wconf 85' lang='grc' dir='ltr'>μὲν</span> <span class='ocrx_word' id='word_1_324' title='bbox 2567 2284 2852 2354; x_wconf 74' lang='grc' dir='ltr'>ποιητικὸν</span> <span class='ocrx_word' id='word_1_325' title='bbox 2897 2285 3070 2337; x_wconf 82' lang='grc' dir='ltr'>αἴτιον</span> <span class='ocrx_word' id='word_1_326' title='bbox 3104 2284 3215 2337; x_wconf 90' lang='grc' dir='ltr'><strong>τῶν</strong></span> <span class='ocrx_word' id='word_1_327' title='bbox 3268 2282 3526 2336; x_wconf 76' lang='grc' dir='ltr'>τοιούτων</span> <span class='ocrx_word' id='word_1_328' title='bbox 3572 2281 3840 2352; x_wconf 77' lang='grc' dir='ltr'>ῥημάτων</span> <span class='ocrx_word' id='word_1_329' title='bbox 3899 2277 4001 2347; x_wconf 76' lang='grc' dir='ltr'>τὴν</span> 
     </span>
    </p>
   </div>
   <div class='ocr_carea' id='block_1_50' title="bbox 2408 2373 4001 2449">
    <p class='ocr_par' dir='ltr' id='par_1_50' title="bbox 2408 2373 4001 2449">
     <span class='ocr_line' id='line_1_50' title="bbox 2408 2373 4001 2449; baseline -0.004 -20"><span class='ocrx_word' id='word_1_330' title='bbox 2408 2376 2617 2430; x_wconf 78' lang='grc' dir='ltr'>ἄνωθεν</span> <span class='ocrx_word' id='word_1_331' title='bbox 2656 2378 2851 2449; x_wconf 84' lang='grc' dir='ltr'>χάριν,</span> <span class='ocrx_word' id='word_1_332' title='bbox 2902 2377 3195 2449; x_wconf 78' lang='grc' dir='ltr'>ὀργανικὸν</span> <span class='ocrx_word' id='word_1_333' title='bbox 3230 2376 3293 2429; x_wconf 79' lang='grc' dir='ltr'>δὲ</span> <span class='ocrx_word' id='word_1_334' title='bbox 3347 2375 3442 2429; x_wconf 84' lang='grc' dir='ltr'><strong>τοῦ</strong></span> <span class='ocrx_word' id='word_1_335' title='bbox 3501 2373 3849 2444; x_wconf 79' lang='grc' dir='ltr'>Σολομῶντος</span> <span class='ocrx_word' id='word_1_336' title='bbox 3896 2373 4001 2441; x_wconf 75' lang='grc' dir='ltr'><strong>τὴν</strong></span> 
     </span>
    </p>
   </div>
   <div class='ocr_carea' id='block_1_51' title="bbox 2406 2462 4002 2541">
    <p class='ocr_par' dir='ltr' id='par_1_51' title="bbox 2406 2462 4002 2541">
     <span class='ocr_line' id='line_1_51' title="bbox 2406 2462 4002 2541; baseline -0.002 -19"><span class='ocrx_word' id='word_1_337' title='bbox 2406 2470 2673 2539; x_wconf 88' lang='grc' dir='ltr'>γλῶτταν.</span> <span class='ocrx_word' id='word_1_338' title='bbox 2715 2471 2854 2524; x_wconf 80' lang='grc' dir='ltr'>Καθ’</span> <span class='ocrx_word' id='word_1_339' title='bbox 2882 2471 2912 2523; x_wconf 80' lang='grc' dir='ltr'><strong>δ</strong></span> <span class='ocrx_word' id='word_1_340' title='bbox 2965 2462 3365 2541; x_wconf 83' lang='grc' dir='ltr'>σημαινόμενον</span> <span class='ocrx_word' id='word_1_341' title='bbox 3433 2466 3542 2522; x_wconf 74' lang='grc' dir='ltr'>ἴδια</span> <span class='ocrx_word' id='word_1_342' title='bbox 3595 2466 3799 2537; x_wconf 73' lang='grc' dir='ltr'>ἔφησεν</span> <span class='ocrx_word' id='word_1_343' title='bbox 3850 2462 4002 2519; x_wconf 73' lang='grc' dir='ltr'>εἶναι</span> 
     </span>
    </p>
   </div>
   <div class='ocr_carea' id='block_1_52' title="bbox 2404 2557 4000 2633">
    <p class='ocr_par' dir='ltr' id='par_1_52' title="bbox 2404 2557 4000 2633">
     <span class='ocr_line' id='line_1_52' title="bbox 2404 2557 4000 2633; baseline -0.004 -19"><span class='ocrx_word' id='word_1_344' title='bbox 2404 2560 2579 2616; x_wconf 89' lang='grc' dir='ltr'>ταῦτα</span> <span class='ocrx_word' id='word_1_345' title='bbox 2595 2561 2665 2615; x_wconf 84' lang='grc' dir='ltr'><strong>τά</strong></span> <span class='ocrx_word' id='word_1_346' title='bbox 2692 2563 2933 2633; x_wconf 78' lang='grc' dir='ltr'>ῥήματα·</span> <span class='ocrx_word' id='word_1_347' title='bbox 2960 2562 3101 2615; x_wconf 86' lang='grc' dir='ltr'>κατὰ</span> <span class='ocrx_word' id='word_1_348' title='bbox 3126 2561 3182 2613; x_wconf 79' lang='grc' dir='ltr'>δὲ</span> <span class='ocrx_word' id='word_1_349' title='bbox 3204 2561 3265 2614; x_wconf 84' lang='grc' dir='ltr'>τὸ</span> <span class='ocrx_word' id='word_1_350' title='bbox 3290 2560 3553 2631; x_wconf 85' lang='grc' dir='ltr'>πρότερον</span> <span class='ocrx_word' id='word_1_351' title='bbox 3584 2557 4000 2629; x_wconf 81' lang='grc' dir='ltr'>σημαινόμενον</span> 
     </span>
    </p>
   </div>
   <div class='ocr_carea' id='block_1_53' title="bbox 2406 2650 4000 2725">
    <p class='ocr_par' dir='ltr' id='par_1_53' title="bbox 2406 2650 4000 2725">
     <span class='ocr_line' id='line_1_53' title="bbox 2406 2650 4000 2725; baseline -0.001 -20"><span class='ocrx_word' id='word_1_352' title='bbox 2406 2654 2465 2705; x_wconf 79' lang='grc' dir='ltr'>ἑν</span> <span class='ocrx_word' id='word_1_353' title='bbox 2510 2657 2575 2725; x_wconf 82' lang='grc' dir='ltr'><strong>τῇ</strong></span> <span class='ocrx_word' id='word_1_354' title='bbox 2614 2652 2780 2724; x_wconf 83' lang='grc' dir='ltr'>βίϐλῳ</span> <span class='ocrx_word' id='word_1_355' title='bbox 2815 2654 2924 2707; x_wconf 88' lang='grc' dir='ltr'><strong>τῶν</strong></span> <span class='ocrx_word' id='word_1_356' title='bbox 2970 2652 3291 2724; x_wconf 86' lang='grc' dir='ltr'>Παροιμιῶν</span> <span class='ocrx_word' id='word_1_357' title='bbox 3324 2652 3466 2706; x_wconf 82' lang='grc' dir='ltr'>οὓτω</span> <span class='ocrx_word' id='word_1_358' title='bbox 3499 2652 3671 2721; x_wconf 78' lang='grc' dir='ltr'>φησί’</span> <span class='ocrx_word' id='word_1_359' title='bbox 3716 2669 3735 2701; x_wconf 81' lang='grc' dir='ltr'>ι</span> <span class='ocrx_word' id='word_1_360' title='bbox 3772 2650 3835 2703; x_wconf 89' lang='grc' dir='ltr'>Οί</span> <span class='ocrx_word' id='word_1_361' title='bbox 3868 2650 4000 2718; x_wconf 70' lang='grc' dir='ltr'>ἐμοὶ</span> 
     </span>
    </p>
   </div>
   <div class='ocr_carea' id='block_1_54' title="bbox 2405 2741 3999 2816">
    <p class='ocr_par' dir='ltr' id='par_1_54' title="bbox 2405 2741 3999 2816">
     <span class='ocr_line' id='line_1_54' title="bbox 2405 2741 3999 2816; baseline -0.003 -20"><span class='ocrx_word' id='word_1_362' title='bbox 2405 2743 2554 2813; x_wconf 91' lang='grc' dir='ltr'>λόγοι</span> <span class='ocrx_word' id='word_1_363' title='bbox 2583 2746 2831 2816; x_wconf 80' lang='grc' dir='ltr'>εἴρηνται</span> <span class='ocrx_word' id='word_1_364' title='bbox 2866 2746 2971 2799; x_wconf 85' lang='grc' dir='ltr'><strong>ὑπὸ</strong></span> <span class='ocrx_word' id='word_1_365' title='bbox 3000 2744 3161 2799; x_wconf 82' lang='grc' dir='ltr'>Θεοῦ.</span> <span class='ocrx_word' id='word_1_366' title='bbox 3194 2763 3213 2796; x_wconf 69' lang='grc' dir='ltr'>ι</span> <span class='ocrx_word' id='word_1_367' title='bbox 3244 2744 3359 2797; x_wconf 90' lang='grc' dir='ltr'>Νῦν</span> <span class='ocrx_word' id='word_1_368' title='bbox 3390 2744 3500 2815; x_wconf 79' lang='grc' dir='ltr'><strong>γὰρ</strong></span> <span class='ocrx_word' id='word_1_369' title='bbox 3521 2744 3615 2796; x_wconf 79' lang='grc' dir='ltr'><strong>καὶ</strong></span> <span class='ocrx_word' id='word_1_370' title='bbox 3634 2741 3696 2794; x_wconf 70' lang='grc' dir='ltr'><strong>τὸ</strong></span> <span class='ocrx_word' id='word_1_371' title='bbox 3721 2741 3999 2811; x_wconf 78' lang='grc' dir='ltr'>προσεχὲς</span> 
     </span>
    </p>
   </div>
   <div class='ocr_carea' id='block_1_55' title="bbox 2409 2831 4000 2906">
    <p class='ocr_par' dir='ltr' id='par_1_55' title="bbox 2409 2831 4000 2906">
     <span class='ocr_line' id='line_1_55' title="bbox 2409 2831 4000 2906; baseline -0.003 -19"><span class='ocrx_word' id='word_1_372' title='bbox 2409 2836 2607 2898; x_wconf 81' lang='grc' dir='ltr'>αἴτιον,</span> <span class='ocrx_word' id='word_1_373' title='bbox 2636 2836 2807 2905; x_wconf 77' lang='grc' dir='ltr'>ἦγουν</span> <span class='ocrx_word' id='word_1_374' title='bbox 2824 2838 2886 2888; x_wconf 83' lang='grc' dir='ltr'>τὸ</span> <span class='ocrx_word' id='word_1_375' title='bbox 2918 2837 3229 2906; x_wconf 84' lang='grc' dir='ltr'>ὀργανικὸν,</span> <span class='ocrx_word' id='word_1_376' title='bbox 3264 2835 3359 2889; x_wconf 70' lang='grc' dir='ltr'><strong>καὶ</strong></span> <span class='ocrx_word' id='word_1_377' title='bbox 3380 2835 3441 2887; x_wconf 69' lang='grc' dir='ltr'><strong>τὸ</strong></span> <span class='ocrx_word' id='word_1_378' title='bbox 3466 2835 3676 2904; x_wconf 75' lang='grc' dir='ltr'>πόρρω.</span> <span class='ocrx_word' id='word_1_379' title='bbox 3707 2831 3857 2885; x_wconf 75' lang='grc' dir='ltr'>τοῦτ’</span> <span class='ocrx_word' id='word_1_380' title='bbox 3877 2832 4000 2884; x_wconf 73' lang='grc' dir='ltr'>ἔστι</span> 
     </span>
    </p>
   </div>
   <div class='ocr_carea' id='block_1_56' title="bbox 2403 2927 4000 3000">
    <p class='ocr_par' dir='ltr' id='par_1_56' title="bbox 2403 2927 4000 3000">
     <span class='ocr_line' id='line_1_56' title="bbox 2403 2927 4000 3000; baseline -0.001 -21"><span class='ocrx_word' id='word_1_381' title='bbox 2403 2929 2465 2980; x_wconf 80' lang='grc' dir='ltr'>τὸ</span> <span class='ocrx_word' id='word_1_382' title='bbox 2490 2928 2794 2998; x_wconf 85' lang='grc' dir='ltr'>ποιητικὸν,</span> <span class='ocrx_word' id='word_1_383' title='bbox 2826 2930 3219 3000; x_wconf 81' lang='grc' dir='ltr'>ἐναργέστερον</span> <span class='ocrx_word' id='word_1_384' title='bbox 3243 2931 3497 2997; x_wconf 78' lang='grc' dir='ltr'>ἀνέφηνε·</span> <span class='ocrx_word' id='word_1_385' title='bbox 3535 2929 3628 2981; x_wconf 77' lang='grc' dir='ltr'><strong>καὶ</strong></span> <span class='ocrx_word' id='word_1_386' title='bbox 3658 2927 3856 2994; x_wconf 87' lang='grc' dir='ltr'>λόγους</span> <span class='ocrx_word' id='word_1_387' title='bbox 3891 2927 4000 2979; x_wconf 83' lang='grc' dir='ltr'>αὑ-</span> 
     </span>
    </p>
   </div>
   <div class='ocr_carea' id='block_1_57' title="bbox 730 2997 2399 3091">
    <p class='ocr_par' dir='ltr' id='par_1_57' title="bbox 730 2997 2374 3091">
     <span class='ocr_line' id='line_1_57' title="bbox 730 2997 2374 3091; baseline -0.002 -14"><span class='ocrx_word' id='word_1_388' title='bbox 730 3023 937 3077; x_wconf 81' lang='lat' dir='ltr'><strong>diserte</strong></span> <span class='ocrx_word' id='word_1_389' title='bbox 974 3031 1265 3091; x_wconf 85' lang='lat' dir='ltr'><strong>utrumque</strong></span> <span class='ocrx_word' id='word_1_390' title='bbox 1295 3017 1607 3088; x_wconf 77' lang='lat' dir='ltr'><strong>professus,</strong></span> <span class='ocrx_word' id='word_1_391' title='bbox 1632 3034 1913 3073; x_wconf 90' lang='lat' dir='ltr'><strong>sermones</strong></span> <span class='ocrx_word' id='word_1_392' title='bbox 1945 3019 2152 3073; x_wconf 90' lang='lat' dir='ltr'><strong>scilicet</strong></span> <span class='ocrx_word' id='word_1_393' title='bbox 2180 3020 2304 3074; x_wconf 91' lang='lat' dir='ltr'><strong>illos</strong></span> <span class='ocrx_word' id='word_1_394' title='bbox 2333 2997 2374 3052; x_wconf 66' lang='grc' dir='ltr'>ο</span> 
     </span>
    </p>
   </div>
   <div class='ocr_carea' id='block_1_58' title="bbox 2328 2997 3997 3091">
    <p class='ocr_par' dir='ltr' id='par_1_58' title="bbox 2333 2997 3997 3091">
     <span class='ocr_line' id='line_1_58' title="bbox 2333 2997 3997 3091; baseline 0.001 -21"><span class='ocrx_word' id='word_1_395' title='bbox 2333 2997 2374 3052; x_wconf 75' lang='lat' dir='ltr'>c</span> <span class='ocrx_word' id='word_1_396' title='bbox 2404 3019 2499 3072; x_wconf 84' lang='grc' dir='ltr'><strong>τοῦ</strong></span> <span class='ocrx_word' id='word_1_397' title='bbox 2531 2997 3221 3089; x_wconf 26' lang='grc' dir='ltr'>τάλελεγμένανκαλέσάς,</span> <span class='ocrx_word' id='word_1_398' title='bbox 3258 3020 3354 3074; x_wconf 61' lang='grc' dir='ltr'><strong>καὶ¹</strong></span> <span class='ocrx_word' id='word_1_399' title='bbox 3405 3019 3654 3091; x_wconf 75' lang='grc' dir='ltr'>εἰρῆσθαι</span> <span class='ocrx_word' id='word_1_400' title='bbox 3699 3020 3857 3089; x_wconf 76' lang='grc' dir='ltr'><strong>παρὰ</strong></span> <span class='ocrx_word' id='word_1_401' title='bbox 3896 3019 3997 3072; x_wconf 70' lang='grc' dir='ltr'><strong>τοῦ</strong></span> 
     </span>
    </p>
   </div>
   <div class='ocr_carea' id='block_1_59' title="bbox 731 3110 2301 3178">
    <p class='ocr_par' dir='ltr' id='par_1_59' title="bbox 731 3110 2301 3178">
     <span class='ocr_line' id='line_1_59' title="bbox 731 3110 2301 3178; baseline -0.004 -9"><span class='ocrx_word' id='word_1_402' title='bbox 731 3124 786 3169; x_wconf 88' lang='lat' dir='ltr'><strong>et</strong></span> <span class='ocrx_word' id='word_1_403' title='bbox 812 3128 946 3168; x_wconf 85' lang='lat' dir='ltr'><strong>suos</strong></span> <span class='ocrx_word' id='word_1_404' title='bbox 990 3128 1111 3166; x_wconf 81' lang='lat' dir='ltr'><strong>esse</strong></span> <span class='ocrx_word' id='word_1_405' title='bbox 1156 3120 1209 3165; x_wconf 84' lang='lat' dir='ltr'><strong>et</strong></span> <span class='ocrx_word' id='word_1_406' title='bbox 1245 3128 1272 3163; x_wconf 84' lang='lat' dir='ltr'><strong>a</strong></span> <span class='ocrx_word' id='word_1_407' title='bbox 1311 3110 1403 3163; x_wconf 85' lang='lat' dir='ltr'><strong>Dei</strong></span> <span class='ocrx_word' id='word_1_408' title='bbox 1456 3126 1551 3165; x_wconf 89' lang='lat' dir='ltr'><strong>ore</strong></span> <span class='ocrx_word' id='word_1_409' title='bbox 1597 3110 1882 3178; x_wconf 85' lang='lat' dir='ltr'><strong>prodiisse.</strong></span> <span class='ocrx_word' id='word_1_410' title='bbox 1934 3110 2301 3175; x_wconf 78' lang='lat' dir='ltr'><strong>Quamobrem</strong></span> 
     </span>
    </p>
   </div>
   <div class='ocr_carea' id='block_1_60' title="bbox 733 3200 2306 3270">
    <p class='ocr_par' dir='ltr' id='par_1_60' title="bbox 733 3200 2306 3270">
     <span class='ocr_line' id='line_1_60' title="bbox 733 3200 2306 3270; baseline -0.001 -12"><span class='ocrx_word' id='word_1_411' title='bbox 733 3220 843 3259; x_wconf 92' lang='lat' dir='ltr'><strong>non</strong></span> <span class='ocrx_word' id='word_1_412' title='bbox 876 3204 989 3257; x_wconf 75' lang='lat' dir='ltr'><strong>haec</strong></span> <span class='ocrx_word' id='word_1_413' title='bbox 1017 3203 1173 3270; x_wconf 87' lang='lat' dir='ltr'><strong>quasi</strong></span> <span class='ocrx_word' id='word_1_414' title='bbox 1206 3200 1514 3255; x_wconf 87' lang='lat' dir='ltr'><strong>Salomonis</strong></span> <span class='ocrx_word' id='word_1_415' title='bbox 1541 3200 1704 3255; x_wconf 89' lang='lat' dir='ltr'><strong>unius</strong></span> <span class='ocrx_word' id='word_1_416' title='bbox 1734 3200 1934 3265; x_wconf 76' lang='lat' dir='ltr'><strong>verba,</strong></span> <span class='ocrx_word' id='word_1_417' title='bbox 1989 3202 2084 3255; x_wconf 89' lang='lat' dir='ltr'><strong>sed</strong></span> <span class='ocrx_word' id='word_1_418' title='bbox 2131 3203 2306 3257; x_wconf 91' lang='lat' dir='ltr'><strong>multo</strong></span> 
     </span>
    </p>
   </div>
   <div class='ocr_carea' id='block_1_61' title="bbox 731 3292 2304 3366">
    <p class='ocr_par' dir='ltr' id='par_1_61' title="bbox 731 3292 2304 3366">
     <span class='ocr_line' id='line_1_61' title="bbox 731 3292 2304 3366; baseline -0.002 -15"><span class='ocrx_word' id='word_1_419' title='bbox 731 3298 915 3366; x_wconf 85' lang='lat' dir='ltr'><strong>potius</strong></span> <span class='ocrx_word' id='word_1_420' title='bbox 942 3295 1106 3348; x_wconf 70' lang='lat' dir='ltr'><strong>veluti</strong></span> <span class='ocrx_word' id='word_1_421' title='bbox 1139 3295 1230 3346; x_wconf 88' lang='lat' dir='ltr'><strong>Dei</strong></span> <span class='ocrx_word' id='word_1_422' title='bbox 1268 3294 1441 3361; x_wconf 87' lang='lat' dir='ltr'><strong>ipsius</strong></span> <span class='ocrx_word' id='word_1_423' title='bbox 1465 3293 1684 3346; x_wconf 80' lang='lat' dir='ltr'><strong>oracula</strong></span> <span class='ocrx_word' id='word_1_424' title='bbox 1728 3292 1974 3360; x_wconf 82' lang='lat' dir='ltr'><strong>accipere</strong></span> <span class='ocrx_word' id='word_1_425' title='bbox 2019 3293 2304 3361; x_wconf 79' lang='lat' dir='ltr'><strong>debemus,</strong></span> 
     </span>
    </p>
   </div>
   <div class='ocr_carea' id='block_1_62' title="bbox 733 3382 2305 3458">
    <p class='ocr_par' dir='ltr' id='par_1_62' title="bbox 733 3382 2305 3458">
     <span class='ocr_line' id='line_1_62' title="bbox 733 3382 2305 3458; baseline -0.001 -17"><span class='ocrx_word' id='word_1_426' title='bbox 733 3390 824 3458; x_wconf 85' lang='lat' dir='ltr'><strong>qui</strong></span> <span class='ocrx_word' id='word_1_427' title='bbox 863 3404 956 3456; x_wconf 85' lang='lat' dir='ltr'><strong>per</strong></span> <span class='ocrx_word' id='word_1_428' title='bbox 982 3403 1106 3440; x_wconf 88' lang='lat' dir='ltr'><strong>eum</strong></span> <span class='ocrx_word' id='word_1_429' title='bbox 1144 3386 1359 3439; x_wconf 83' lang='lat' dir='ltr'><strong>locutus</strong></span> <span class='ocrx_word' id='word_1_430' title='bbox 1398 3394 1483 3438; x_wconf 86' lang='lat' dir='ltr'><strong>est</strong></span> <span class='ocrx_word' id='word_1_431' title='bbox 1510 3384 1606 3451; x_wconf 81' lang='lat'><strong>(8).</strong></span> <span class='ocrx_word' id='word_1_432' title='bbox 1638 3384 1802 3437; x_wconf 84' lang='lat' dir='ltr'><strong>Addit</strong></span> <span class='ocrx_word' id='word_1_433' title='bbox 1838 3382 2093 3450; x_wconf 80' lang='lat' dir='ltr'><strong>subinde,</strong></span> <span class='ocrx_word' id='word_1_434' title='bbox 2121 3383 2305 3440; x_wconf 63' lang='lat' dir='ltr'><strong>Eccleo</strong></span> 
     </span>
    </p>
   </div>
   <div class='ocr_carea' id='block_1_63' title="bbox 733 3483 935 3535">
    <p class='ocr_par' dir='ltr' id='par_1_63' title="bbox 733 3483 935 3535">
     <span class='ocr_line' id='line_1_63' title="bbox 733 3483 935 3535; baseline -0.01 0"><span class='ocrx_word' id='word_1_435' title='bbox 733 3483 935 3535; x_wconf 74' lang='lat' dir='ltr'><strong>siasltr&#39;.</strong></span> 
     </span>
    </p>
   </div>
   <div class='ocr_carea' id='block_1_64' title="bbox 801 3585 2304 3662">
    <p class='ocr_par' dir='ltr' id='par_1_64' title="bbox 801 3585 2304 3662">
     <span class='ocr_line' id='line_1_64' title="bbox 801 3585 2304 3662; baseline -0.002 -18"><span class='ocrx_word' id='word_1_436' title='bbox 801 3592 854 3662; x_wconf 81' lang='lat'><strong>3</strong></span> <span class='ocrx_word' id='word_1_437' title='bbox 884 3592 1121 3644; x_wconf 81' lang='lat' dir='ltr'><strong>Actnrus</strong></span> <span class='ocrx_word' id='word_1_438' title='bbox 1149 3589 1214 3641; x_wconf 90' lang='lat' dir='ltr'><strong>de</strong></span> <span class='ocrx_word' id='word_1_439' title='bbox 1251 3602 1430 3640; x_wconf 87' lang='lat' dir='ltr'><strong>rerum</strong></span> <span class='ocrx_word' id='word_1_440' title='bbox 1469 3585 1639 3639; x_wconf 80' lang='lat' dir='ltr'><strong>ferme</strong></span> <span class='ocrx_word' id='word_1_441' title='bbox 1688 3588 1932 3639; x_wconf 91' lang='lat' dir='ltr'><strong>omnium</strong></span> <span class='ocrx_word' id='word_1_442' title='bbox 1958 3626 1971 3649; x_wconf 93' lang='lat'><strong>,</strong></span> <span class='ocrx_word' id='word_1_443' title='bbox 2005 3602 2124 3656; x_wconf 68' lang='lat' dir='ltr'><strong>quae</strong></span> <span class='ocrx_word' id='word_1_444' title='bbox 2154 3597 2304 3652; x_wconf 89' lang='lat' dir='ltr'><strong>sunt,</strong></span> 
     </span>
    </p>
   </div>
   <div class='ocr_carea' id='block_1_65' title="bbox 734 3680 2304 3754">
    <p class='ocr_par' dir='ltr' id='par_1_65' title="bbox 734 3680 2304 3754">
     <span class='ocr_line' id='line_1_65' title="bbox 734 3680 2304 3754; baseline -0.004 -16"><span class='ocrx_word' id='word_1_445' title='bbox 734 3698 964 3754; x_wconf 83' lang='lat' dir='ltr'><strong>qua-que</strong></span> <span class='ocrx_word' id='word_1_446' title='bbox 1000 3683 1270 3737; x_wconf 74' lang='lat' dir='ltr'><strong>visuntur,</strong></span> <span class='ocrx_word' id='word_1_447' title='bbox 1301 3680 1535 3731; x_wconf 82' lang='lat' dir='ltr'><strong>naturali</strong></span> <span class='ocrx_word' id='word_1_448' title='bbox 1567 3688 1754 3731; x_wconf 91' lang='lat' dir='ltr'><strong>tenore</strong></span> <span class='ocrx_word' id='word_1_449' title='bbox 1781 3687 1944 3746; x_wconf 68' lang='lat' dir='ltr'><strong>atque</strong></span> <span class='ocrx_word' id='word_1_450' title='bbox 1976 3688 2143 3743; x_wconf 90' lang='lat' dir='ltr'><strong>statu,</strong></span> <span class='ocrx_word' id='word_1_451' title='bbox 2178 3680 2304 3733; x_wconf 89' lang='lat' dir='ltr'><strong>item</strong></span> 
     </span>
    </p>
   </div>
   <div class='ocr_carea' id='block_1_66' title="bbox 734 3768 2307 3836">
    <p class='ocr_par' dir='ltr' id='par_1_66' title="bbox 734 3768 2307 3836">
     <span class='ocr_line' id='line_1_66' title="bbox 734 3768 2307 3836; baseline -0.006 -7"><span class='ocrx_word' id='word_1_452' title='bbox 734 3778 800 3829; x_wconf 85' lang='lat' dir='ltr'><strong>de</strong></span> <span class='ocrx_word' id='word_1_453' title='bbox 832 3773 1135 3826; x_wconf 79' lang='lat' dir='ltr'><strong>voluntaria</strong></span> <span class='ocrx_word' id='word_1_454' title='bbox 1165 3770 1446 3822; x_wconf 87' lang='lat' dir='ltr'><strong>hominum</strong></span> <span class='ocrx_word' id='word_1_455' title='bbox 1481 3769 1676 3820; x_wconf 70' lang='lat' dir='ltr'><strong>virtute</strong></span> <span class='ocrx_word' id='word_1_456' title='bbox 1724 3776 1889 3836; x_wconf 90' lang='lat' dir='ltr'><strong>atque</strong></span> <span class='ocrx_word' id='word_1_457' title='bbox 1926 3768 2170 3832; x_wconf 87' lang='lat' dir='ltr'><strong>malitia;</strong></span> <span class='ocrx_word' id='word_1_458' title='bbox 2205 3782 2307 3820; x_wconf 84' lang='lat' dir='ltr'><strong>no-</strong></span> 
     </span>
    </p>
   </div>
   <div class='ocr_carea' id='block_1_67' title="bbox 738 3859 2306 3925">
    <p class='ocr_par' dir='ltr' id='par_1_67' title="bbox 738 3859 2306 3925">
     <span class='ocr_line' id='line_1_67' title="bbox 738 3859 2306 3925; baseline -0.005 -6"><span class='ocrx_word' id='word_1_459' title='bbox 738 3868 881 3919; x_wconf 87' lang='lat' dir='ltr'><strong>mine</strong></span> <span class='ocrx_word' id='word_1_460' title='bbox 915 3863 1248 3917; x_wconf 77' lang='lat' dir='ltr'><strong>Ecclesiastw</strong></span> <span class='ocrx_word' id='word_1_461' title='bbox 1276 3861 1466 3922; x_wconf 84' lang='lat' dir='ltr'><strong>ascito,</strong></span> <span class='ocrx_word' id='word_1_462' title='bbox 1497 3859 1829 3913; x_wconf 84' lang='lat' dir='ltr'><strong>audientiam</strong></span> <span class='ocrx_word' id='word_1_463' title='bbox 1863 3860 1966 3915; x_wconf 86' lang='lat' dir='ltr'><strong>sibi</strong></span> <span class='ocrx_word' id='word_1_464' title='bbox 2015 3859 2158 3925; x_wconf 90' lang='lat' dir='ltr'><strong>apud</strong></span> <span class='ocrx_word' id='word_1_465' title='bbox 2184 3874 2306 3913; x_wconf 86' lang='lat' dir='ltr'><strong>ont-</strong></span> 
     </span>
    </p>
   </div>
   <div class='ocr_carea' id='block_1_68' title="bbox 738 3951 2305 4020">
    <p class='ocr_par' dir='ltr' id='par_1_68' title="bbox 738 3951 2305 4020">
     <span class='ocr_line' id='line_1_68' title="bbox 738 3951 2305 4020; baseline -0.005 -9"><span class='ocrx_word' id='word_1_466' title='bbox 738 3976 833 4011; x_wconf 81' lang='lat' dir='ltr'><strong>nes</strong></span> <span class='ocrx_word' id='word_1_467' title='bbox 867 3959 1123 4010; x_wconf 79' lang='lat' dir='ltr'><strong>mortales</strong></span> <span class='ocrx_word' id='word_1_468' title='bbox 1155 3956 1299 4007; x_wconf 78' lang='lat' dir='ltr'><strong>facit.</strong></span> <span class='ocrx_word' id='word_1_469' title='bbox 1334 3951 1447 4006; x_wconf 85' lang='lat' dir='ltr'><strong>llac</strong></span> <span class='ocrx_word' id='word_1_470' title='bbox 1477 3968 1671 4020; x_wconf 92' lang='lat' dir='ltr'><strong>nempe</strong></span> <span class='ocrx_word' id='word_1_471' title='bbox 1696 3992 1711 4015; x_wconf 94' lang='lat'><strong>,</strong></span> <span class='ocrx_word' id='word_1_472' title='bbox 1764 3967 1925 4020; x_wconf 89' lang='lat' dir='ltr'><strong>quam</strong></span> <span class='ocrx_word' id='word_1_473' title='bbox 1957 3967 2066 4019; x_wconf 71' lang='lat' dir='ltr'><strong>pra‘</strong></span> <span class='ocrx_word' id='word_1_474' title='bbox 2095 3968 2153 4005; x_wconf 85' lang='lat' dir='ltr'><strong>se</strong></span> <span class='ocrx_word' id='word_1_475' title='bbox 2181 3951 2305 4015; x_wconf 79' lang='lat' dir='ltr'><strong>fert,</strong></span> 
     </span>
    </p>
   </div>
   <div class='ocr_carea' id='block_1_69' title="bbox 736 4045 2303 4120">
    <p class='ocr_par' dir='ltr' id='par_1_69' title="bbox 736 4045 2303 4120">
     <span class='ocr_line' id='line_1_69' title="bbox 736 4045 2303 4120; baseline -0.003 -18"><span class='ocrx_word' id='word_1_476' title='bbox 736 4050 1135 4120; x_wconf 78' lang='lat' dir='ltr'><strong>appellatione,</strong></span> <span class='ocrx_word' id='word_1_477' title='bbox 1185 4056 1442 4115; x_wconf 86' lang='lat' dir='ltr'><strong>tanquam</strong></span> <span class='ocrx_word' id='word_1_478' title='bbox 1507 4047 1635 4098; x_wconf 87' lang='lat' dir='ltr'><strong>tuba</strong></span> <span class='ocrx_word' id='word_1_479' title='bbox 1688 4045 1869 4114; x_wconf 85' lang='lat' dir='ltr'><strong>aliqua</strong></span> <span class='ocrx_word' id='word_1_480' title='bbox 1924 4045 2303 4111; x_wconf 84' lang='lat' dir='ltr'><strong>vocalissima,</strong></span> 
     </span>
    </p>
   </div>
   <div class='ocr_carea' id='block_1_70' title="bbox 811 4196 2316 4269">
    <p class='ocr_par' dir='ltr' id='par_1_70' title="bbox 811 4196 2316 4269">
     <span class='ocr_line' id='line_1_70' title="bbox 811 4196 2316 4269; baseline -0.005 -16"><span class='ocrx_word' id='word_1_481' title='bbox 811 4201 909 4269; x_wconf 61' lang='grc' dir='ltr'><strong>(ΞΥ)</strong></span> <span class='ocrx_word' id='word_1_482' title='bbox 945 4198 1144 4252; x_wconf 83' lang='lat' dir='ltr'><strong>Psalm.</strong></span> <span class='ocrx_word' id='word_1_483' title='bbox 1186 4215 1349 4261; x_wconf 73' lang='lat' dir='ltr'><strong>Lux,</strong></span> <span class='ocrx_word' id='word_1_484' title='bbox 1375 4198 1541 4262; x_wconf 82' lang='lat' dir='ltr'><strong>ll;at</strong></span> <span class='ocrx_word' id='word_1_485' title='bbox 1566 4196 1707 4252; x_wconf 72' lang='lat' dir='ltr'><strong>LXX</strong></span> <span class='ocrx_word' id='word_1_486' title='bbox 1730 4198 2057 4269; x_wconf 81' lang='lat' dir='ltr'><strong>interpretes</strong></span> <span class='ocrx_word' id='word_1_487' title='bbox 2085 4200 2316 4265; x_wconf 62' lang='lat' dir='ltr'><strong>habent,.</strong></span> 
     </span>
    </p>
   </div>
   <div class='ocr_carea' id='block_1_71' title="bbox 738 4268 2309 4337">
    <p class='ocr_par' dir='ltr' id='par_1_71' title="bbox 738 4268 2309 4337">
     <span class='ocr_line' id='line_1_71' title="bbox 738 4268 2309 4337; baseline 0 -13"><span class='ocrx_word' id='word_1_488' title='bbox 738 4268 1014 4324; x_wconf 71' lang='grc' dir='ltr'>Πλὰτυνον</span> <span class='ocrx_word' id='word_1_489' title='bbox 1044 4272 1104 4320; x_wconf 80' lang='grc' dir='ltr'>τὺ</span> <span class='ocrx_word' id='word_1_490' title='bbox 1142 4276 1338 4337; x_wconf 77' lang='grc' dir='ltr'>στόμα..</span> <span class='ocrx_word' id='word_1_491' title='bbox 1394 4273 1448 4319; x_wconf 94' lang='lat' dir='ltr'><strong>In</strong></span> <span class='ocrx_word' id='word_1_492' title='bbox 1500 4269 1699 4321; x_wconf 83' lang='lat' dir='ltr'><strong>nostris</strong></span> <span class='ocrx_word' id='word_1_493' title='bbox 1722 4268 1910 4322; x_wconf 83' lang='lat' dir='ltr'><strong>Bibliis</strong></span> <span class='ocrx_word' id='word_1_494' title='bbox 1963 4270 2204 4336; x_wconf 86' lang='lat' dir='ltr'><strong>psalmus</strong></span> <span class='ocrx_word' id='word_1_495' title='bbox 2225 4280 2309 4323; x_wconf 89' lang='lat' dir='ltr'><strong>est</strong></span> 
     </span>
    </p>
   </div>
   <div class='ocr_carea' id='block_1_72' title="bbox 738 4356 900 4394">
    <p class='ocr_par' dir='ltr' id='par_1_72' title="bbox 738 4356 900 4394">
     <span class='ocr_line' id='line_1_72' title="bbox 738 4356 900 4394; baseline -0.006 0"><span class='ocrx_word' id='word_1_496' title='bbox 738 4356 900 4394; x_wconf 72' lang='lat' dir='ltr'><strong>Lx\x.</strong></span> 
     </span>
    </p>
   </div>
   <div class='ocr_carea' id='block_1_73' title="bbox 809 4406 2303 4477">
    <p class='ocr_par' dir='ltr' id='par_1_73' title="bbox 809 4406 2303 4477">
     <span class='ocr_line' id='line_1_73' title="bbox 809 4406 2303 4477; baseline 0 -16"><span class='ocrx_word' id='word_1_497' title='bbox 809 4410 883 4477; x_wconf 74' lang='grc'><strong>(4)</strong></span> <span class='ocrx_word' id='word_1_498' title='bbox 910 4408 1021 4461; x_wconf 87' lang='lat' dir='ltr'><strong>lloe</strong></span> <span class='ocrx_word' id='word_1_499' title='bbox 1045 4409 1220 4474; x_wconf 89' lang='lat' dir='ltr'><strong>ipsum</strong></span> <span class='ocrx_word' id='word_1_500' title='bbox 1251 4407 1472 4461; x_wconf 69' lang='lat' dir='ltr'><strong>eﬂ‘atum</strong></span> <span class='ocrx_word' id='word_1_501' title='bbox 1504 4416 1780 4475; x_wconf 82' lang='lat' dir='ltr'><strong>spectasse</strong></span> <span class='ocrx_word' id='word_1_502' title='bbox 1798 4406 1931 4477; x_wconf 81' lang='lat' dir='ltr'><strong>milii</strong></span> <span class='ocrx_word' id='word_1_503' title='bbox 1967 4408 2175 4461; x_wconf 79' lang='lat' dir='ltr'><strong>videtur</strong></span> <span class='ocrx_word' id='word_1_504' title='bbox 2201 4408 2303 4461; x_wconf 90' lang='lat' dir='ltr'><strong>Ba-</strong></span> 
     </span>
    </p>
   </div>
   <div class='ocr_carea' id='block_1_74' title="bbox 738 4476 2306 4547">
    <p class='ocr_par' dir='ltr' id='par_1_74' title="bbox 738 4476 2306 4547">
     <span class='ocr_line' id='line_1_74' title="bbox 738 4476 2306 4547; baseline -0.003 -14"><span class='ocrx_word' id='word_1_505' title='bbox 738 4476 900 4534; x_wconf 79' lang='lat' dir='ltr'><strong>silius</strong></span> <span class='ocrx_word' id='word_1_506' title='bbox 918 4479 1302 4541; x_wconf 75' lang='lat' dir='ltr'><strong>Selettcieusis,</strong></span> <span class='ocrx_word' id='word_1_507' title='bbox 1337 4493 1460 4529; x_wconf 91' lang='lat' dir='ltr'><strong>cum</strong></span> <span class='ocrx_word' id='word_1_508' title='bbox 1496 4486 1572 4529; x_wconf 87' lang='lat' dir='ltr'><strong>att</strong></span> <span class='ocrx_word' id='word_1_509' title='bbox 1600 4496 1611 4529; x_wconf 85' lang='lat'><strong>:</strong></span> <span class='ocrx_word' id='word_1_510' title='bbox 1652 4478 1823 4529; x_wconf 76' lang='grc' dir='ltr'>Ὅταν</span> <span class='ocrx_word' id='word_1_511' title='bbox 1848 4476 1981 4547; x_wconf 73' lang='grc' dir='ltr'>εὕρῃ</span> <span class='ocrx_word' id='word_1_512' title='bbox 2012 4480 2112 4545; x_wconf 77' lang='grc' dir='ltr'><strong>τῆς</strong></span> <span class='ocrx_word' id='word_1_513' title='bbox 2136 4480 2306 4545; x_wconf 80' lang='grc' dir='ltr'>άκοῆς</span> 
     </span>
    </p>
   </div>
   <div class='ocr_carea' id='block_1_75' title="bbox 737 4546 2306 4619">
    <p class='ocr_par' dir='ltr' id='par_1_75' title="bbox 737 4546 2306 4619">
     <span class='ocr_line' id='line_1_75' title="bbox 737 4546 2306 4619; baseline 0 -19"><span class='ocrx_word' id='word_1_514' title='bbox 737 4550 1093 4619; x_wconf 74' lang='grc' dir='ltr'>προθυμέανὴ</span> <span class='ocrx_word' id='word_1_515' title='bbox 1129 4550 1309 4619; x_wconf 74' lang='grc' dir='ltr'>χάριε,</span> <span class='ocrx_word' id='word_1_516' title='bbox 1332 4548 1453 4598; x_wconf 81' lang='grc' dir='ltr'>τότε</span> <span class='ocrx_word' id='word_1_517' title='bbox 1473 4549 1565 4619; x_wconf 76' lang='grc' dir='ltr'>καὶ</span> <span class='ocrx_word' id='word_1_518' title='bbox 1588 4546 1796 4619; x_wconf 70' lang='grc' dir='ltr'>γλώττῃ</span> <span class='ocrx_word' id='word_1_519' title='bbox 1814 4546 1979 4619; x_wconf 71' lang='grc' dir='ltr'>λόγον</span> <span class='ocrx_word' id='word_1_520' title='bbox 2002 4548 2306 4619; x_wconf 73' lang='grc' dir='ltr'>χαρίζεται,</span> 
     </span>
    </p>
   </div>
   <div class='ocr_carea' id='block_1_76' title="bbox 738 4615 2309 4687">
    <p class='ocr_par' dir='ltr' id='par_1_76' title="bbox 738 4615 2309 4687">
     <span class='ocr_line' id='line_1_76' title="bbox 738 4615 2309 4687; baseline -0.003 -15"><span class='ocrx_word' id='word_1_521' title='bbox 738 4615 833 4672; x_wconf 77' lang='grc' dir='ltr'><strong>καὶ</strong></span> <span class='ocrx_word' id='word_1_522' title='bbox 862 4619 938 4687; x_wconf 78' lang='grc' dir='ltr'><strong>τῷ</strong></span> <span class='ocrx_word' id='word_1_523' title='bbox 966 4615 1176 4684; x_wconf 73' lang='grc' dir='ltr'>λέγοντι</span> <span class='ocrx_word' id='word_1_524' title='bbox 1205 4615 1454 4685; x_wconf 73' lang='grc' dir='ltr'>δύναμιν.</span> <span class='ocrx_word' id='word_1_525' title='bbox 1491 4617 1542 4670; x_wconf 89' lang='lat' dir='ltr'><strong>Id</strong></span> <span class='ocrx_word' id='word_1_526' title='bbox 1570 4630 1651 4670; x_wconf 69' lang='lat' dir='ltr'><strong>est</strong></span> <span class='ocrx_word' id='word_1_527' title='bbox 1682 4636 1691 4668; x_wconf 92' lang='lat'>:</span> <span class='ocrx_word' id='word_1_528' title='bbox 1720 4615 1851 4669; x_wconf 85' lang='lat' dir='ltr'><strong>Cum</strong></span> <span class='ocrx_word' id='word_1_529' title='bbox 1892 4617 1985 4669; x_wconf 84' lang='lat' dir='ltr'><strong>Dei</strong></span> <span class='ocrx_word' id='word_1_530' title='bbox 2008 4615 2183 4685; x_wconf 66' lang='lat' dir='ltr'><strong>gratia</strong></span> <span class='ocrx_word' id='word_1_531' title='bbox 2211 4635 2309 4670; x_wconf 88' lang='lat' dir='ltr'><strong>au-</strong></span> 
     </span>
    </p>
   </div>
   <div class='ocr_carea' id='block_1_77' title="bbox 737 4688 2311 4756">
    <p class='ocr_par' dir='ltr' id='par_1_77' title="bbox 737 4688 2311 4756">
     <span class='ocr_line' id='line_1_77' title="bbox 737 4688 2311 4756; baseline 0 -17"><span class='ocrx_word' id='word_1_532' title='bbox 737 4689 915 4740; x_wconf 80' lang='lat' dir='ltr'><strong>diendi</strong></span> <span class='ocrx_word' id='word_1_533' title='bbox 958 4688 1195 4739; x_wconf 71' lang='lat' dir='ltr'><strong>studium</strong></span> <span class='ocrx_word' id='word_1_534' title='bbox 1238 4688 1512 4747; x_wconf 76' lang='lat' dir='ltr'><strong>invenerit,</strong></span> <span class='ocrx_word' id='word_1_535' title='bbox 1571 4700 1680 4738; x_wconf 85' lang='lat' dir='ltr'><strong>tum</strong></span> <span class='ocrx_word' id='word_1_536' title='bbox 1707 4697 1754 4737; x_wconf 78' lang='lat' dir='ltr'><strong>et</strong></span> <span class='ocrx_word' id='word_1_537' title='bbox 1798 4703 2085 4738; x_wconf 84' lang='lat' dir='ltr'><strong>sermonem</strong></span> <span class='ocrx_word' id='word_1_538' title='bbox 2116 4688 2311 4756; x_wconf 77' lang='lat' dir='ltr'><strong>lingua:</strong></span> 
     </span>
    </p>
   </div>
   <div class='ocr_carea' id='block_1_78' title="bbox 738 4756 2311 4827">
    <p class='ocr_par' dir='ltr' id='par_1_78' title="bbox 738 4756 2311 4827">
     <span class='ocr_line' id='line_1_78' title="bbox 738 4756 2311 4827; baseline 0.001 -17"><span class='ocrx_word' id='word_1_539' title='bbox 738 4768 784 4811; x_wconf 82' lang='lat' dir='ltr'><strong>et</strong></span> <span class='ocrx_word' id='word_1_540' title='bbox 819 4758 1136 4827; x_wconf 51' lang='lat' dir='ltr'><strong>t‘itltilitﬁt‘ﬂli</strong></span> <span class='ocrx_word' id='word_1_541' title='bbox 1164 4756 1414 4826; x_wconf 82' lang='lat' dir='ltr'><strong>largitur.</strong></span> <span class='ocrx_word' id='word_1_542' title='bbox 1450 4756 1632 4827; x_wconf 75' lang='lat' dir='ltr'><strong>(Initio</strong></span> <span class='ocrx_word' id='word_1_543' title='bbox 1654 4766 1793 4809; x_wconf 82' lang='lat' dir='ltr'><strong>orat.</strong></span> <span class='ocrx_word' id='word_1_544' title='bbox 1828 4757 1917 4819; x_wconf 78' lang='grc'><strong>15,</strong></span> <span class='ocrx_word' id='word_1_545' title='bbox 1950 4772 2070 4826; x_wconf 70' lang='lat' dir='ltr'><strong>qua:</strong></span> <span class='ocrx_word' id='word_1_546' title='bbox 2096 4773 2160 4811; x_wconf 77' lang='lat' dir='ltr'><strong>ex</strong></span> <span class='ocrx_word' id='word_1_547' title='bbox 2202 4769 2311 4811; x_wconf 83' lang='lat' dir='ltr'><strong>ter-</strong></span> 
     </span>
    </p>
   </div>
   <div class='ocr_carea' id='block_1_79' title="bbox 740 4826 1231 4888">
    <p class='ocr_par' dir='ltr' id='par_1_79' title="bbox 740 4826 1231 4888">
     <span class='ocr_line' id='line_1_79' title="bbox 740 4826 1231 4888; baseline -0.008 -7"><span class='ocrx_word' id='word_1_548' title='bbox 740 4831 812 4881; x_wconf 74' lang='lat' dir='ltr'><strong>tia</strong></span> <span class='ocrx_word' id='word_1_549' title='bbox 851 4831 901 4881; x_wconf 74' lang='grc' dir='ltr'>ιιι</span> <span class='ocrx_word' id='word_1_550' title='bbox 931 4826 1231 4888; x_wconf 55' lang='lat' dir='ltr'><strong>Datim-tn.)</strong></span> 
     </span>
    </p>
   </div>
   <div class='ocr_carea' id='block_1_80' title="bbox 811 4893 2314 4965">
    <p class='ocr_par' dir='ltr' id='par_1_80' title="bbox 811 4893 2314 4965">
     <span class='ocr_line' id='line_1_80' title="bbox 811 4893 2314 4965; baseline 0.001 -16"><span class='ocrx_word' id='word_1_551' title='bbox 923 4901 1253 4965; x_wconf 67' lang='lat' dir='ltr'><strong>Sententtatn</strong></span> <span class='ocrx_word' id='word_1_552' title='bbox 1307 4895 1466 4947; x_wconf 85' lang='lat' dir='ltr'><strong>istam</strong></span> <span class='ocrx_word' id='word_1_553' title='bbox 1504 4893 1644 4948; x_wconf 74' lang='lat' dir='ltr'><strong>LXX</strong></span> <span class='ocrx_word' id='word_1_554' title='bbox 1695 4896 2025 4965; x_wconf 72' lang='lat' dir='ltr'><strong>interpretes.</strong></span> <span class='ocrx_word' id='word_1_555' title='bbox 2071 4897 2123 4949; x_wconf 87' lang='lat' dir='ltr'><strong>in</strong></span> <span class='ocrx_word' id='word_1_556' title='bbox 2156 4897 2314 4965; x_wconf 17' lang='lat' dir='ltr'><strong>,Pro-</strong></span> 
     </span>
    </p>
   </div>
   <div class='ocr_carea' id='block_1_81' title="bbox 742 4964 2313 5033">
    <p class='ocr_par' dir='ltr' id='par_1_81' title="bbox 742 4964 2313 5033">
     <span class='ocr_line' id='line_1_81' title="bbox 742 4964 2313 5033; baseline 0.001 -15"><span class='ocrx_word' id='word_1_557' title='bbox 742 4971 942 5019; x_wconf 75' lang='lat' dir='ltr'><strong>verbiis</strong></span> <span class='ocrx_word' id='word_1_558' title='bbox 981 4984 1084 5017; x_wconf 88' lang='lat' dir='ltr'><strong>non</strong></span> <span class='ocrx_word' id='word_1_559' title='bbox 1126 4964 1425 5026; x_wconf 74' lang='lat' dir='ltr'><strong>reddnlere,</strong></span> <span class='ocrx_word' id='word_1_560' title='bbox 1458 4983 1577 5032; x_wconf 73' lang='grc' dir='ltr'>ιιιιίυ</span> <span class='ocrx_word' id='word_1_561' title='bbox 1610 4971 1661 5019; x_wconf 83' lang='grc' dir='ltr'>ιιι</span> <span class='ocrx_word' id='word_1_562' title='bbox 1694 4964 1939 5033; x_wconf 72' lang='lat' dir='ltr'><strong>Vulgalis</strong></span> <span class='ocrx_word' id='word_1_563' title='bbox 1974 4968 2052 5019; x_wconf 79' lang='lat' dir='ltr'><strong>sic</strong></span> <span class='ocrx_word' id='word_1_564' title='bbox 2093 4964 2313 5020; x_wconf 70' lang='lat' dir='ltr'><strong>t‘mﬂ&#39;llll&#39;</strong></span> 
     </span>
    </p>
   </div>
   <div class='ocr_carea' id='block_1_82' title="bbox 741 5033 2311 5103">
    <p class='ocr_par' dir='ltr' id='par_1_82' title="bbox 741 5033 2311 5103">
     <span class='ocr_line' id='line_1_82' title="bbox 741 5033 2311 5103; baseline 0.001 -15"><span class='ocrx_word' id='word_1_565' title='bbox 741 5054 786 5089; x_wconf 90' lang='lat' dir='ltr'><strong>c.</strong></span> <span class='ocrx_word' id='word_1_566' title='bbox 813 5053 922 5099; x_wconf 74' lang='lat' dir='ltr'><strong>xrt,</strong></span> <span class='ocrx_word' id='word_1_567' title='bbox 955 5051 1004 5087; x_wconf 77' lang='grc' dir='ltr'>ιι</span> <span class='ocrx_word' id='word_1_568' title='bbox 1030 5033 1271 5086; x_wconf 74' lang='grc' dir='ltr'><strong>Ηοηιὶηἱε</strong></span> <span class='ocrx_word' id='word_1_569' title='bbox 1302 5044 1375 5087; x_wconf 78' lang='lat' dir='ltr'><strong>cst</strong></span> <span class='ocrx_word' id='word_1_570' title='bbox 1400 5038 1630 5087; x_wconf 85' lang='lat' dir='ltr'><strong>animam</strong></span> <span class='ocrx_word' id='word_1_571' title='bbox 1667 5050 1999 5103; x_wconf 64' lang='lat' dir='ltr'><strong>praeparare:</strong></span> <span class='ocrx_word' id='word_1_572' title='bbox 2022 5045 2069 5087; x_wconf 89' lang='lat' dir='ltr'><strong>et</strong></span> <span class='ocrx_word' id='word_1_573' title='bbox 2103 5037 2311 5090; x_wconf 82' lang='lat' dir='ltr'><strong>Domini</strong></span> 
     </span>
    </p>
   </div>
   <div class='ocr_carea' id='block_1_83' title="bbox 736 5105 2313 5173">
    <p class='ocr_par' dir='ltr' id='par_1_83' title="bbox 736 5105 2313 5173">
     <span class='ocr_line' id='line_1_83' title="bbox 736 5105 2313 5173; baseline 0.001 -16"><span class='ocrx_word' id='word_1_574' title='bbox 736 5108 1031 5173; x_wconf 76' lang='lat' dir='ltr'><strong>gubernare</strong></span> <span class='ocrx_word' id='word_1_575' title='bbox 1072 5106 1329 5172; x_wconf 83' lang='lat' dir='ltr'><strong>linguam.</strong></span> <span class='ocrx_word' id='word_1_576' title='bbox 1382 5105 1474 5157; x_wconf 79' lang='lat' dir='ltr'><strong>Est</strong></span> <span class='ocrx_word' id='word_1_577' title='bbox 1524 5116 1701 5158; x_wconf 87' lang='lat' dir='ltr'><strong>tamen</strong></span> <span class='ocrx_word' id='word_1_578' title='bbox 1745 5106 1796 5158; x_wconf 90' lang='lat' dir='ltr'><strong>itt</strong></span> <span class='ocrx_word' id='word_1_579' title='bbox 1845 5108 2028 5158; x_wconf 82' lang='lat' dir='ltr'><strong>codice</strong></span> <span class='ocrx_word' id='word_1_580' title='bbox 2078 5106 2313 5159; x_wconf 60' lang='lat' dir='ltr'><strong>Alexan-</strong></span> 
     </span>
    </p>
   </div>
   <div class='ocr_carea' id='block_1_84' title="bbox 740 5174 2313 5244">
    <p class='ocr_par' dir='ltr' id='par_1_84' title="bbox 740 5174 2313 5244">
     <span class='ocr_line' id='line_1_84' title="bbox 740 5174 2313 5244; baseline 0.001 -18"><span class='ocrx_word' id='word_1_581' title='bbox 740 5179 897 5227; x_wconf 84' lang='lat' dir='ltr'><strong>drino</strong></span> <span class='ocrx_word' id='word_1_582' title='bbox 928 5192 955 5228; x_wconf 86' lang='lat' dir='ltr'><strong>a</strong></span> <span class='ocrx_word' id='word_1_583' title='bbox 980 5174 1156 5227; x_wconf 71' lang='lat' dir='ltr'><strong>Gralie</strong></span> <span class='ocrx_word' id='word_1_584' title='bbox 1186 5174 1351 5244; x_wconf 84' lang='lat' dir='ltr'><strong>edito,</strong></span> <span class='ocrx_word' id='word_1_585' title='bbox 1409 5175 1533 5228; x_wconf 83' lang='lat' dir='ltr'><strong>item</strong></span> <span class='ocrx_word' id='word_1_586' title='bbox 1572 5175 1622 5228; x_wconf 87' lang='lat' dir='ltr'><strong>itt</strong></span> <span class='ocrx_word' id='word_1_587' title='bbox 1653 5175 1841 5230; x_wconf 85' lang='lat' dir='ltr'><strong>codice</strong></span> <span class='ocrx_word' id='word_1_588' title='bbox 1872 5176 2066 5244; x_wconf 81' lang='lat' dir='ltr'><strong>insigni</strong></span> <span class='ocrx_word' id='word_1_589' title='bbox 2122 5177 2313 5230; x_wconf 81' lang='lat' dir='ltr'><strong>biblio-</strong></span> 
     </span>
    </p>
   </div>
   <div class='ocr_carea' id='block_1_85' title="bbox 743 5243 2313 5315">
    <p class='ocr_par' dir='ltr' id='par_1_85' title="bbox 743 5243 2313 5315">
     <span class='ocr_line' id='line_1_85' title="bbox 743 5243 2313 5315; baseline 0.002 -18"><span class='ocrx_word' id='word_1_590' title='bbox 743 5250 912 5297; x_wconf 70' lang='lat' dir='ltr'><strong>tlterm</strong></span> <span class='ocrx_word' id='word_1_591' title='bbox 963 5245 1252 5297; x_wconf 71' lang='lat' dir='ltr'><strong>Muretana:</strong></span> <span class='ocrx_word' id='word_1_592' title='bbox 1295 5243 1552 5305; x_wconf 72' lang='lat' dir='ltr'><strong>Venetiis,</strong></span> <span class='ocrx_word' id='word_1_593' title='bbox 1613 5249 1707 5297; x_wconf 91' lang='lat' dir='ltr'><strong>sed</strong></span> <span class='ocrx_word' id='word_1_594' title='bbox 1748 5245 1830 5297; x_wconf 88' lang='lat' dir='ltr'><strong>bis</strong></span> <span class='ocrx_word' id='word_1_595' title='bbox 1866 5243 2076 5315; x_wconf 73' lang='lat' dir='ltr'><strong>verbis,</strong></span> <span class='ocrx_word' id='word_1_596' title='bbox 2109 5244 2188 5315; x_wconf 84' lang='grc' dir='ltr'><strong>τῷ</strong></span> <span class='ocrx_word' id='word_1_597' title='bbox 2217 5250 2313 5300; x_wconf 83' lang='grc' dir='ltr'>ἁν-</span> 
     </span>
    </p>
   </div>
   <div class='ocr_carea' id='block_1_86' title="bbox 740 5314 2316 5384">
    <p class='ocr_par' dir='ltr' id='par_1_86' title="bbox 740 5314 2316 5384">
     <span class='ocr_line' id='line_1_86' title="bbox 740 5314 2316 5384; baseline 0.002 -17"><span class='ocrx_word' id='word_1_598' title='bbox 740 5315 946 5384; x_wconf 77' lang='grc' dir='ltr'>οριὺπῳ</span> <span class='ocrx_word' id='word_1_599' title='bbox 979 5314 1329 5380; x_wconf 77' lang='grc' dir='ltr'>διατάγματα</span> <span class='ocrx_word' id='word_1_600' title='bbox 1375 5315 1603 5384; x_wconf 81' lang='grc' dir='ltr'>καρδίας</span> <span class='ocrx_word' id='word_1_601' title='bbox 1623 5330 1635 5341; x_wconf 89' lang='grc'><strong>·</strong></span> <span class='ocrx_word' id='word_1_602' title='bbox 1665 5316 1817 5383; x_wconf 82' lang='grc' dir='ltr'>παρὰ</span> <span class='ocrx_word' id='word_1_603' title='bbox 1842 5314 1936 5367; x_wconf 88' lang='grc' dir='ltr'><strong>τοῦ</strong></span> <span class='ocrx_word' id='word_1_604' title='bbox 1984 5314 2216 5367; x_wconf 84' lang='grc' dir='ltr'>ὀντωτοῦ</span> <span class='ocrx_word' id='word_1_605' title='bbox 2259 5318 2316 5371; x_wconf 81' lang='grc' dir='ltr'>δὲ</span> 
     </span>
    </p>
   </div>
   <div class='ocr_carea' id='block_1_87' title="bbox 740 5385 2317 5454">
    <p class='ocr_par' dir='ltr' id='par_1_87' title="bbox 740 5385 2317 5454">
     <span class='ocr_line' id='line_1_87' title="bbox 740 5385 2317 5454; baseline 0.002 -18"><span class='ocrx_word' id='word_1_606' title='bbox 740 5386 1032 5454; x_wconf 63' lang='grc' dir='ltr'>ἀπόκρισις</span> <span class='ocrx_word' id='word_1_607' title='bbox 1072 5385 1334 5451; x_wconf 71' lang='grc' dir='ltr'>γλώττης.</span> <span class='ocrx_word' id='word_1_608' title='bbox 1370 5387 1622 5439; x_wconf 77' lang='lat' dir='ltr'><strong>Continet</strong></span> <span class='ocrx_word' id='word_1_609' title='bbox 1647 5396 1824 5436; x_wconf 79' lang='lat' dir='ltr'><strong>autem</strong></span> <span class='ocrx_word' id='word_1_610' title='bbox 1859 5386 1944 5438; x_wconf 83' lang='lat' dir='ltr'><strong>ille</strong></span> <span class='ocrx_word' id='word_1_611' title='bbox 1978 5389 2143 5438; x_wconf 64' lang='lat' dir='ltr'><strong>codex</strong></span> <span class='ocrx_word' id='word_1_612' title='bbox 2180 5388 2317 5441; x_wconf 77' lang='lat' dir='ltr'><strong>Pen-</strong></span> 
     </span>
    </p>
   </div>
   <div class='ocr_carea' id='block_1_88' title="bbox 741 5454 2319 5520">
    <p class='ocr_par' dir='ltr' id='par_1_88' title="bbox 741 5454 2319 5520">
     <span class='ocr_line' id='line_1_88' title="bbox 741 5454 2319 5520; baseline 0.001 -14"><span class='ocrx_word' id='word_1_613' title='bbox 741 5457 1081 5516; x_wconf 83' lang='lat' dir='ltr'><strong>tateurbum,</strong></span> <span class='ocrx_word' id='word_1_614' title='bbox 1124 5455 1440 5515; x_wconf 74' lang='lat' dir='ltr'><strong>l&#39;ruverbia,</strong></span> <span class='ocrx_word' id='word_1_615' title='bbox 1487 5454 1631 5506; x_wconf 79' lang='lat' dir='ltr'><strong>llutlt</strong></span> <span class='ocrx_word' id='word_1_616' title='bbox 1659 5492 1672 5512; x_wconf 87' lang='lat'><strong>,</strong></span> <span class='ocrx_word' id='word_1_617' title='bbox 1726 5456 1986 5520; x_wconf 71' lang='lat' dir='ltr'><strong>Cantica,</strong></span> <span class='ocrx_word' id='word_1_618' title='bbox 2045 5454 2319 5510; x_wconf 72' lang='lat' dir='ltr'><strong>Eet&#39;lesia-</strong></span> 
     </span>
    </p>
   </div>
   <div class='ocr_carea' id='block_1_89' title="bbox 740 5523 1776 5586">
    <p class='ocr_par' dir='ltr' id='par_1_89' title="bbox 740 5523 1776 5586">
     <span class='ocr_line' id='line_1_89' title="bbox 740 5523 1776 5586; baseline -0.003 -6"><span class='ocrx_word' id='word_1_619' title='bbox 740 5536 880 5585; x_wconf 78' lang='lat' dir='ltr'><strong>Steti,</strong></span> <span class='ocrx_word' id='word_1_620' title='bbox 908 5525 939 5577; x_wconf 80' lang='grc' dir='ltr'><strong>Ἰ</strong></span> <span class='ocrx_word' id='word_1_621' title='bbox 959 5530 1151 5576; x_wconf 65' lang='lat' dir='ltr'><strong>lireuos</strong></span> <span class='ocrx_word' id='word_1_622' title='bbox 1181 5523 1446 5586; x_wconf 69' lang='lat' dir='ltr'><strong>Jerembc,</strong></span> <span class='ocrx_word' id='word_1_623' title='bbox 1481 5524 1776 5577; x_wconf 58' lang='lat' dir='ltr'><strong>Danielem.</strong></span> 
     </span>
    </p>
   </div>
   <div class='ocr_carea' id='block_1_90' title="bbox 813 5595 2311 5664">
    <p class='ocr_par' dir='ltr' id='par_1_90' title="bbox 813 5595 2311 5664">
     <span class='ocr_line' id='line_1_90' title="bbox 813 5595 2311 5664; baseline 0.003 -17"><span class='ocrx_word' id='word_1_624' title='bbox 813 5596 888 5664; x_wconf 75' lang='lat'><strong>(6)</strong></span> <span class='ocrx_word' id='word_1_625' title='bbox 933 5595 1139 5647; x_wconf 61' lang='lat' dir='ltr'><strong>I‘ltit&#39;les.</strong></span> <span class='ocrx_word' id='word_1_626' title='bbox 1187 5612 1235 5648; x_wconf 83' lang='lat' dir='ltr'><strong>t‘.</strong></span> <span class='ocrx_word' id='word_1_627' title='bbox 1278 5612 1333 5657; x_wconf 84' lang='grc' dir='ltr'>ι,</span> <span class='ocrx_word' id='word_1_628' title='bbox 1378 5598 1429 5653; x_wconf 83' lang='grc' dir='ltr'><strong>ι.</strong></span> <span class='ocrx_word' id='word_1_629' title='bbox 1471 5595 1644 5647; x_wconf 67' lang='lat' dir='ltr'><strong>variat</strong></span> <span class='ocrx_word' id='word_1_630' title='bbox 1697 5595 1905 5648; x_wconf 88' lang='lat' dir='ltr'><strong>initium</strong></span> <span class='ocrx_word' id='word_1_631' title='bbox 1956 5598 2096 5664; x_wconf 81' lang='lat' dir='ltr'><strong>apud</strong></span> <span class='ocrx_word' id='word_1_632' title='bbox 2141 5595 2311 5651; x_wconf 70' lang='grc' dir='ltr'><strong>ιΧΧ·</strong></span> 
     </span>
    </p>
   </div>
   <div class='ocr_carea' id='block_1_91' title="bbox 736 5664 2155 5738">
    <p class='ocr_par' dir='ltr' id='par_1_91' title="bbox 736 5664 2155 5738">
     <span class='ocr_line' id='line_1_91' title="bbox 736 5664 2155 5738; baseline -0.001 -20"><span class='ocrx_word' id='word_1_633' title='bbox 736 5666 884 5738; x_wconf 72' lang='lat' dir='ltr'><strong>leges</strong></span> <span class='ocrx_word' id='word_1_634' title='bbox 922 5668 1087 5738; x_wconf 63' lang='lat' dir='ltr'><strong>enim,</strong></span> <span class='ocrx_word' id='word_1_635' title='bbox 1120 5665 1383 5735; x_wconf 68' lang='grc' dir='ltr'>βασιλέως</span> <span class='ocrx_word' id='word_1_636' title='bbox 1427 5664 1733 5738; x_wconf 39' lang='grc' dir='ltr'>Ἰσραὴλ-ὲν</span> <span class='ocrx_word' id='word_1_637' title='bbox 1778 5666 2155 5738; x_wconf 56' lang='grc' dir='ltr'><strong>Ἰερουσαλήμτ</strong></span> 
     </span>
    </p>
   </div>
   <div class='ocr_carea' id='block_1_92' title="bbox 811 5734 2305 5805">
    <p class='ocr_par' dir='ltr' id='par_1_92' title="bbox 811 5734 2305 5805">
     <span class='ocr_line' id='line_1_92' title="bbox 811 5734 2305 5805; baseline 0.001 -17"><span class='ocrx_word' id='word_1_638' title='bbox 811 5737 887 5805; x_wconf 80' lang='grc'><strong>(7)</strong></span> <span class='ocrx_word' id='word_1_639' title='bbox 936 5734 1318 5789; x_wconf 70' lang='grc' dir='ltr'><strong>1)υείι1ιτι·ιιτ;ιιιι·</strong></span> <span class='ocrx_word' id='word_1_640' title='bbox 1364 5738 1476 5789; x_wconf 71' lang='lat' dir='ltr'><strong>Itaze</strong></span> <span class='ocrx_word' id='word_1_641' title='bbox 1528 5754 1576 5787; x_wconf 88' lang='lat' dir='ltr'><strong>nt</strong></span> <span class='ocrx_word' id='word_1_642' title='bbox 1625 5734 1909 5804; x_wconf 72' lang='lat' dir='ltr'><strong>Vulgatis:</strong></span> <span class='ocrx_word' id='word_1_643' title='bbox 1960 5734 2108 5805; x_wconf 71' lang='lat' dir='ltr'><strong>apud</strong></span> <span class='ocrx_word' id='word_1_644' title='bbox 2144 5736 2305 5801; x_wconf 76' lang='lat' dir='ltr'><strong>LXX,</strong></span> 
     </span>
    </p>
   </div>
   <div class='ocr_carea' id='block_1_93' title="bbox 737 5805 2308 5874">
    <p class='ocr_par' dir='ltr' id='par_1_93' title="bbox 737 5805 2308 5874">
     <span class='ocr_line' id='line_1_93' title="bbox 737 5805 2308 5874; baseline 0.002 -16"><span class='ocrx_word' id='word_1_645' title='bbox 737 5819 841 5863; x_wconf 77' lang='lat' dir='ltr'><strong>non</strong></span> <span class='ocrx_word' id='word_1_646' title='bbox 872 5815 1020 5870; x_wconf 81' lang='lat' dir='ltr'><strong>Item,</strong></span> <span class='ocrx_word' id='word_1_647' title='bbox 1050 5821 1170 5874; x_wconf 79' lang='lat' dir='ltr'><strong>qua:</strong></span> <span class='ocrx_word' id='word_1_648' title='bbox 1210 5808 1454 5861; x_wconf 68' lang='lat' dir='ltr'><strong>iltYCItlL‘S</strong></span> <span class='ocrx_word' id='word_1_649' title='bbox 1484 5824 1532 5859; x_wconf 85' lang='lat' dir='ltr'><strong>r.</strong></span> <span class='ocrx_word' id='word_1_650' title='bbox 1568 5822 1712 5873; x_wconf 71' lang='lat' dir='ltr'><strong>xxxi,</strong></span> <span class='ocrx_word' id='word_1_651' title='bbox 1746 5822 1779 5861; x_wconf 93' lang='lat' dir='ltr'><strong>I.</strong></span> <span class='ocrx_word' id='word_1_652' title='bbox 1810 5805 1975 5862; x_wconf 72' lang='lat' dir='ltr'><strong>Nemo</strong></span> <span class='ocrx_word' id='word_1_653' title='bbox 2000 5818 2175 5862; x_wconf 85' lang='lat' dir='ltr'><strong>autem</strong></span> <span class='ocrx_word' id='word_1_654' title='bbox 2210 5812 2308 5862; x_wconf 86' lang='lat' dir='ltr'><strong>tui-</strong></span> 
     </span>
    </p>
   </div>
   <div class='ocr_carea' id='block_1_94' title="bbox 2406 3110 3998 3186">
    <p class='ocr_par' dir='ltr' id='par_1_94' title="bbox 2406 3110 3998 3186">
     <span class='ocr_line' id='line_1_94' title="bbox 2406 3110 3998 3186; baseline 0.002 -24"><span class='ocrx_word' id='word_1_655' title='bbox 2406 3110 2541 3164; x_wconf 84' lang='grc' dir='ltr'><strong>Θεοῦ</strong></span> <span class='ocrx_word' id='word_1_656' title='bbox 2575 3114 2857 3186; x_wconf 82' lang='grc' dir='ltr'>προδήλως</span> <span class='ocrx_word' id='word_1_657' title='bbox 2894 3116 3340 3185; x_wconf 82' lang='grc' dir='ltr'>ἀποφηνάμενος.</span> <span class='ocrx_word' id='word_1_658' title='bbox 3381 3114 3592 3167; x_wconf 83' lang='grc' dir='ltr'>Οὐκοῦν</span> <span class='ocrx_word' id='word_1_659' title='bbox 3632 3114 3734 3182; x_wconf 81' lang='grc' dir='ltr'>οὐχ</span> <span class='ocrx_word' id='word_1_660' title='bbox 3768 3112 3849 3176; x_wconf 85' lang='grc' dir='ltr'>ὡς</span> <span class='ocrx_word' id='word_1_661' title='bbox 3897 3113 3998 3165; x_wconf 71' lang='grc' dir='ltr'><strong>τσῦ</strong></span> 
     </span>
    </p>
   </div>
   <div class='ocr_carea' id='block_1_95' title="bbox 2407 3204 4000 3276">
    <p class='ocr_par' dir='ltr' id='par_1_95' title="bbox 2407 3204 4000 3276">
     <span class='ocr_line' id='line_1_95' title="bbox 2407 3204 4000 3276; baseline 0.003 -21"><span class='ocrx_word' id='word_1_662' title='bbox 2407 3204 2754 3274; x_wconf 81' lang='grc' dir='ltr'>Σολομῶντος</span> <span class='ocrx_word' id='word_1_663' title='bbox 2769 3206 2958 3268; x_wconf 84' lang='grc' dir='ltr'>ἁπλῶς</span> <span class='ocrx_word' id='word_1_664' title='bbox 2984 3208 3193 3276; x_wconf 60' lang='grc' dir='ltr'>ῥήματι</span> <span class='ocrx_word' id='word_1_665' title='bbox 3218 3207 3510 3276; x_wconf 81' lang='grc' dir='ltr'>προσέχειν</span> <span class='ocrx_word' id='word_1_666' title='bbox 3529 3206 3848 3275; x_wconf 72' lang='grc' dir='ltr'>ὀφείλομεν,</span> <span class='ocrx_word' id='word_1_667' title='bbox 3875 3208 4000 3259; x_wconf 82' lang='grc' dir='ltr'><strong>ἀλλ’</strong></span> 
     </span>
    </p>
   </div>
   <div class='ocr_carea' id='block_1_96' title="bbox 2405 3296 4001 3367">
    <p class='ocr_par' dir='ltr' id='par_1_96' title="bbox 2405 3296 4001 3367">
     <span class='ocr_line' id='line_1_96' title="bbox 2405 3296 4001 3367; baseline 0.003 -20"><span class='ocrx_word' id='word_1_668' title='bbox 2405 3296 2482 3359; x_wconf 84' lang='grc' dir='ltr'>ὡς</span> <span class='ocrx_word' id='word_1_669' title='bbox 2510 3296 2606 3349; x_wconf 73' lang='grc' dir='ltr'>καὶ</span> <span class='ocrx_word' id='word_1_670' title='bbox 2637 3296 2731 3349; x_wconf 90' lang='grc' dir='ltr'><strong>τοῦ</strong></span> <span class='ocrx_word' id='word_1_671' title='bbox 2766 3297 2899 3350; x_wconf 83' lang='grc' dir='ltr'><strong>Θεοῦ</strong></span> <span class='ocrx_word' id='word_1_672' title='bbox 2932 3297 3117 3367; x_wconf 82' lang='grc' dir='ltr'>πολλῷ</span> <span class='ocrx_word' id='word_1_673' title='bbox 3146 3298 3367 3367; x_wconf 80' lang='grc' dir='ltr'>μᾶλλον,</span> <span class='ocrx_word' id='word_1_674' title='bbox 3405 3299 3499 3351; x_wconf 87' lang='grc' dir='ltr'><strong>τοῦ</strong></span> <span class='ocrx_word' id='word_1_675' title='bbox 3525 3300 3592 3351; x_wconf 79' lang='grc' dir='ltr'>δι’</span> <span class='ocrx_word' id='word_1_676' title='bbox 3616 3299 3831 3351; x_wconf 77' lang='grc' dir='ltr'>ἐκείνου</span> <span class='ocrx_word' id='word_1_677' title='bbox 3862 3300 4001 3351; x_wconf 60' lang='lat' dir='ltr'><strong>tani-</strong></span> 
     </span>
    </p>
   </div>
   <div class='ocr_carea' id='block_1_97' title="bbox 2406 3384 3810 3460">
    <p class='ocr_par' dir='ltr' id='par_1_97' title="bbox 2406 3384 3810 3460">
     <span class='ocr_line' id='line_1_97' title="bbox 2406 3384 3810 3460; baseline 0.006 -23"><span class='ocrx_word' id='word_1_678' title='bbox 2406 3403 2474 3438; x_wconf 89' lang='grc' dir='ltr'>τα</span> <span class='ocrx_word' id='word_1_679' title='bbox 2504 3386 2856 3457; x_wconf 79' lang='grc' dir='ltr'>λαλήσαντος.</span> <span class='ocrx_word' id='word_1_680' title='bbox 2896 3384 3031 3441; x_wconf 75' lang='grc' dir='ltr'><strong>Εἶτά</strong></span> <span class='ocrx_word' id='word_1_681' title='bbox 3066 3406 3252 3460; x_wconf 86' lang='grc' dir='ltr'>φησιν,</span> <span class='ocrx_word' id='word_1_682' title='bbox 3299 3391 3810 3457; x_wconf 75' lang='grc' dir='ltr'>Ἑκκλησιαστοῦ.</span> 
     </span>
    </p>
   </div>
   <div class='ocr_carea' id='block_1_98' title="bbox 2480 3563 3999 3636">
    <p class='ocr_par' dir='ltr' id='par_1_98' title="bbox 2480 3563 3999 3636">
     <span class='ocr_line' id='line_1_98' title="bbox 2480 3563 3999 3636; baseline 0.004 -21"><span class='ocrx_word' id='word_1_683' title='bbox 2480 3563 2616 3634; x_wconf 73' lang='grc' dir='ltr'>Περὶ</span> <span class='ocrx_word' id='word_1_684' title='bbox 2649 3564 2745 3631; x_wconf 79' lang='grc' dir='ltr'><strong>τῆς</strong></span> <span class='ocrx_word' id='word_1_685' title='bbox 2776 3563 2994 3616; x_wconf 85' lang='grc' dir='ltr'>πάντων</span> <span class='ocrx_word' id='word_1_686' title='bbox 3029 3566 3214 3634; x_wconf 66' lang='grc' dir='ltr'>σχεδον</span> <span class='ocrx_word' id='word_1_687' title='bbox 3241 3567 3349 3618; x_wconf 85' lang='grc' dir='ltr'><strong>τῶν</strong></span> <span class='ocrx_word' id='word_1_688' title='bbox 3385 3567 3556 3619; x_wconf 76' lang='grc' dir='ltr'>ὅντων</span> <span class='ocrx_word' id='word_1_689' title='bbox 3597 3567 3693 3619; x_wconf 69' lang='grc' dir='ltr'>καὶ</span> <span class='ocrx_word' id='word_1_690' title='bbox 3721 3570 3999 3636; x_wconf 74' lang='grc' dir='ltr'>φαινομέ-</span> 
     </span>
    </p>
   </div>
   <div class='ocr_carea' id='block_1_99' title="bbox 2407 3654 4001 3726">
    <p class='ocr_par' dir='ltr' id='par_1_99' title="bbox 2407 3654 4001 3726">
     <span class='ocr_line' id='line_1_99' title="bbox 2407 3654 4001 3726; baseline 0.006 -23"><span class='ocrx_word' id='word_1_691' title='bbox 2407 3669 2513 3703; x_wconf 86' lang='grc' dir='ltr'><strong>νων</strong></span> <span class='ocrx_word' id='word_1_692' title='bbox 2558 3657 2795 3723; x_wconf 77' lang='grc' dir='ltr'>φυσικῆς</span> <span class='ocrx_word' id='word_1_693' title='bbox 2844 3654 3168 3718; x_wconf 79' lang='grc' dir='ltr'>ἀκολουθίας</span> <span class='ocrx_word' id='word_1_694' title='bbox 3207 3656 3304 3709; x_wconf 82' lang='grc' dir='ltr'><strong>καὶ</strong></span> <span class='ocrx_word' id='word_1_695' title='bbox 3358 3660 3749 3721; x_wconf 79' lang='grc' dir='ltr'>καταστάσεως</span> <span class='ocrx_word' id='word_1_696' title='bbox 3779 3661 4001 3726; x_wconf 73' lang='grc' dir='ltr'>μέλλων</span> 
     </span>
    </p>
   </div>
   <div class='ocr_carea' id='block_1_100' title="bbox 2407 3740 4002 3818">
    <p class='ocr_par' dir='ltr' id='par_1_100' title="bbox 2407 3740 4002 3818">
     <span class='ocr_line' id='line_1_100' title="bbox 2407 3740 4002 3818; baseline 0.007 -25"><span class='ocrx_word' id='word_1_697' title='bbox 2407 3742 2829 3811; x_wconf 72' lang='grc' dir='ltr'>διαλαμϐάνειν·</span> <span class='ocrx_word' id='word_1_698' title='bbox 2859 3740 2979 3797; x_wconf 79' lang='grc' dir='ltr'>εἶτα</span> <span class='ocrx_word' id='word_1_699' title='bbox 3011 3747 3105 3798; x_wconf 70' lang='grc' dir='ltr'><strong>καλ⁸</strong></span> <span class='ocrx_word' id='word_1_700' title='bbox 3148 3748 3247 3816; x_wconf 78' lang='grc' dir='ltr'><strong>τῆς</strong></span> <span class='ocrx_word' id='word_1_701' title='bbox 3290 3749 3691 3818; x_wconf 79' lang='grc' dir='ltr'>προαιρετικῆς</span> <span class='ocrx_word' id='word_1_702' title='bbox 3742 3752 3857 3803; x_wconf 81' lang='grc' dir='ltr'><strong>τῶν</strong></span> <span class='ocrx_word' id='word_1_703' title='bbox 3902 3754 4002 3804; x_wconf 84' lang='grc' dir='ltr'>ἁν-</span> 
     </span>
    </p>
   </div>
   <div class='ocr_carea' id='block_1_101' title="bbox 2411 3836 4001 3913">
    <p class='ocr_par' dir='ltr' id='par_1_101' title="bbox 2411 3836 4001 3913">
     <span class='ocr_line' id='line_1_101' title="bbox 2411 3836 4001 3913; baseline 0.007 -26"><span class='ocrx_word' id='word_1_704' title='bbox 2411 3836 2646 3905; x_wconf 83' lang='grc' dir='ltr'>θρώπων</span> <span class='ocrx_word' id='word_1_705' title='bbox 2700 3839 2903 3908; x_wconf 81' lang='grc' dir='ltr'>ἀρετῆς</span> <span class='ocrx_word' id='word_1_706' title='bbox 2960 3842 3055 3893; x_wconf 76' lang='grc' dir='ltr'>καὶ</span> <span class='ocrx_word' id='word_1_707' title='bbox 3107 3843 3346 3905; x_wconf 79' lang='grc' dir='ltr'>κακίας,</span> <span class='ocrx_word' id='word_1_708' title='bbox 3400 3846 3610 3904; x_wconf 79' lang='grc' dir='ltr'>πάντας</span> <span class='ocrx_word' id='word_1_709' title='bbox 3663 3846 4001 3913; x_wconf 74' lang='grc' dir='ltr'>ἀνθρώπους</span> 
     </span>
    </p>
   </div>
   <div class='ocr_carea' id='block_1_102' title="bbox 2407 3929 3990 4005">
    <p class='ocr_par' dir='ltr' id='par_1_102' title="bbox 2407 3929 3990 4005">
     <span class='ocr_line' id='line_1_102' title="bbox 2407 3929 3990 4005; baseline -0.006 -10"><span class='ocrx_word' id='word_1_710' title='bbox 2407 3929 2620 3997; x_wconf 82' lang='grc' dir='ltr'>ἀγείρει</span> <span class='ocrx_word' id='word_1_711' title='bbox 2648 3929 2787 3999; x_wconf 72' lang='grc' dir='ltr'>πρὸς</span> <span class='ocrx_word' id='word_1_712' title='bbox 2813 3930 2910 3999; x_wconf 82' lang='grc' dir='ltr'>τὴν</span> <span class='ocrx_word' id='word_1_713' title='bbox 2941 3932 3205 4001; x_wconf 79' lang='grc' dir='ltr'>ἀκρόασιν</span> <span class='ocrx_word' id='word_1_714' title='bbox 3232 3935 3323 3986; x_wconf 72' lang='grc' dir='ltr'><strong>διὰ</strong></span> <span class='ocrx_word' id='word_1_715' title='bbox 3351 3936 3451 4002; x_wconf 67' lang='grc' dir='ltr'><strong>τῆς</strong></span> <span class='ocrx_word' id='word_1_716' title='bbox 3479 3937 3860 4005; x_wconf 76' lang='grc' dir='ltr'>προσηγορίας</span> <span class='ocrx_word' id='word_1_717' title='bbox 3892 3939 3990 3989; x_wconf 80' lang='grc' dir='ltr'><strong>τοῦ</strong></span> 
     </span>
    </p>
   </div>
   <div class='ocr_carea' id='block_1_103' title="bbox 2424 4021 3999 4097">
    <p class='ocr_par' dir='ltr' id='par_1_103' title="bbox 2424 4021 3999 4097">
     <span class='ocr_line' id='line_1_103' title="bbox 2424 4021 3999 4097; baseline 0.005 -25"><span class='ocrx_word' id='word_1_718' title='bbox 2424 4021 2921 4087; x_wconf 80' lang='grc' dir='ltr'>Ἐκκλησιαστοῦ.</span> <span class='ocrx_word' id='word_1_719' title='bbox 2956 4024 3030 4075; x_wconf 84' lang='grc' dir='ltr'>Τὸ</span> <span class='ocrx_word' id='word_1_720' title='bbox 3073 4025 3181 4093; x_wconf 80' lang='grc' dir='ltr'><strong>γὰρ</strong></span> <span class='ocrx_word' id='word_1_721' title='bbox 3216 4026 3388 4094; x_wconf 77' lang='grc' dir='ltr'>ὄνομα</span> <span class='ocrx_word' id='word_1_722' title='bbox 3419 4026 3577 4079; x_wconf 87' lang='grc' dir='ltr'>τοῦτο</span> <span class='ocrx_word' id='word_1_723' title='bbox 3611 4028 3999 4097; x_wconf 69' lang='grc' dir='ltr'>προϐαλλόμεο</span> 
     </span>
    </p>
   </div>
   <div class='ocr_carea' id='block_1_104' title="bbox 2410 4197 3997 4262">
    <p class='ocr_par' dir='ltr' id='par_1_104' title="bbox 2410 4197 3997 4262">
     <span class='ocr_line' id='line_1_104' title="bbox 2410 4197 3997 4262; baseline 0.005 -15"><span class='ocrx_word' id='word_1_724' title='bbox 2410 4206 2559 4249; x_wconf 75' lang='lat' dir='ltr'><strong>retur</strong></span> <span class='ocrx_word' id='word_1_725' title='bbox 2589 4207 2684 4250; x_wconf 91' lang='lat' dir='ltr'><strong>aut</strong></span> <span class='ocrx_word' id='word_1_726' title='bbox 2726 4197 2858 4250; x_wconf 84' lang='lat' dir='ltr'><strong>vitio</strong></span> <span class='ocrx_word' id='word_1_727' title='bbox 2904 4207 3121 4262; x_wconf 72' lang='lat' dir='ltr'><strong>vertat,</strong></span> <span class='ocrx_word' id='word_1_728' title='bbox 3166 4200 3208 4251; x_wconf 93' lang='lat' dir='ltr'><strong>si</strong></span> <span class='ocrx_word' id='word_1_729' title='bbox 3240 4198 3446 4252; x_wconf 65' lang='lat' dir='ltr'><strong>Graecis</strong></span> <span class='ocrx_word' id='word_1_730' title='bbox 3493 4200 3745 4255; x_wconf 83' lang='lat' dir='ltr'><strong>articulis</strong></span> <span class='ocrx_word' id='word_1_731' title='bbox 3792 4202 3908 4254; x_wconf 85' lang='grc' dir='ltr'><strong>τῶν</strong></span> <span class='ocrx_word' id='word_1_732' title='bbox 3941 4207 3997 4255; x_wconf 82' lang='lat'><strong>0&#39;</strong></span> 
     </span>
    </p>
   </div>
   <div class='ocr_carea' id='block_1_105' title="bbox 2410 4265 3999 4338">
    <p class='ocr_par' dir='ltr' id='par_1_105' title="bbox 2410 4265 3999 4338">
     <span class='ocr_line' id='line_1_105' title="bbox 2410 4265 3999 4338; baseline 0.003 -20"><span class='ocrx_word' id='word_1_733' title='bbox 2410 4265 2634 4320; x_wconf 86' lang='lat' dir='ltr'><strong>Latinos</strong></span> <span class='ocrx_word' id='word_1_734' title='bbox 2667 4283 2697 4319; x_wconf 90' lang='lat' dir='ltr'><strong>e</strong></span> <span class='ocrx_word' id='word_1_735' title='bbox 2732 4265 2975 4337; x_wconf 81' lang='lat' dir='ltr'><strong>Vulgatis</strong></span> <span class='ocrx_word' id='word_1_736' title='bbox 3002 4271 3201 4322; x_wconf 82' lang='lat' dir='ltr'><strong>nostris</strong></span> <span class='ocrx_word' id='word_1_737' title='bbox 3237 4286 3341 4322; x_wconf 92' lang='lat' dir='ltr'><strong>non</strong></span> <span class='ocrx_word' id='word_1_738' title='bbox 3376 4271 3724 4338; x_wconf 82' lang='lat' dir='ltr'><strong>apponitnus,</strong></span> <span class='ocrx_word' id='word_1_739' title='bbox 3755 4278 3851 4324; x_wconf 88' lang='lat' dir='ltr'><strong>sed</strong></span> <span class='ocrx_word' id='word_1_740' title='bbox 3881 4274 3999 4325; x_wconf 82' lang='lat' dir='ltr'><strong>sin-</strong></span> 
     </span>
    </p>
   </div>
   <div class='ocr_carea' id='block_1_106' title="bbox 2410 4337 3999 4405">
    <p class='ocr_par' dir='ltr' id='par_1_106' title="bbox 2410 4337 3999 4405">
     <span class='ocr_line' id='line_1_106' title="bbox 2410 4337 3999 4405; baseline 0.006 -18"><span class='ocrx_word' id='word_1_741' title='bbox 2410 4339 2562 4405; x_wconf 68' lang='lat' dir='ltr'><strong>gulos</strong></span> <span class='ocrx_word' id='word_1_742' title='bbox 2595 4337 2792 4403; x_wconf 90' lang='lat' dir='ltr'><strong>potius,</strong></span> <span class='ocrx_word' id='word_1_743' title='bbox 2845 4348 2900 4388; x_wconf 87' lang='grc' dir='ltr'>ιιι</span> <span class='ocrx_word' id='word_1_744' title='bbox 2950 4349 3185 4403; x_wconf 84' lang='lat' dir='ltr'><strong>sonant,</strong></span> <span class='ocrx_word' id='word_1_745' title='bbox 3250 4337 3525 4392; x_wconf 82' lang='lat' dir='ltr'><strong>reddimus</strong></span> <span class='ocrx_word' id='word_1_746' title='bbox 3564 4381 3577 4402; x_wconf 93' lang='lat'><strong>,</strong></span> <span class='ocrx_word' id='word_1_747' title='bbox 3640 4357 3764 4392; x_wconf 81' lang='lat' dir='ltr'><strong>cum</strong></span> <span class='ocrx_word' id='word_1_748' title='bbox 3846 4345 3999 4397; x_wconf 83' lang='lat' dir='ltr'><strong>enim</strong></span> 
     </span>
    </p>
   </div>
   <div class='ocr_carea' id='block_1_107' title="bbox 2411 4407 3997 4479">
    <p class='ocr_par' dir='ltr' id='par_1_107' title="bbox 2411 4407 3997 4479">
     <span class='ocr_line' id='line_1_107' title="bbox 2411 4407 3997 4479; baseline 0.003 -19"><span class='ocrx_word' id='word_1_749' title='bbox 2411 4407 2704 4479; x_wconf 83' lang='lat' dir='ltr'><strong>Gregorius</strong></span> <span class='ocrx_word' id='word_1_750' title='bbox 2741 4409 2902 4459; x_wconf 74' lang='lat' dir='ltr'><strong>verba</strong></span> <span class='ocrx_word' id='word_1_751' title='bbox 2930 4407 3081 4479; x_wconf 79' lang='lat' dir='ltr'><strong>LXX</strong></span> <span class='ocrx_word' id='word_1_752' title='bbox 3116 4407 3477 4473; x_wconf 84' lang='lat' dir='ltr'><strong>lutcrpretum</strong></span> <span class='ocrx_word' id='word_1_753' title='bbox 3542 4408 3655 4462; x_wconf 80' lang='lat' dir='ltr'><strong>fere</strong></span> <span class='ocrx_word' id='word_1_754' title='bbox 3700 4422 3997 4479; x_wconf 82' lang='lat' dir='ltr'><strong>sequatur,</strong></span> 
     </span>
    </p>
   </div>
   <div class='ocr_carea' id='block_1_108' title="bbox 2410 4476 3995 4545">
    <p class='ocr_par' dir='ltr' id='par_1_108' title="bbox 2410 4476 3995 4545">
     <span class='ocr_line' id='line_1_108' title="bbox 2410 4476 3995 4545; baseline 0.004 -17"><span class='ocrx_word' id='word_1_755' title='bbox 2410 4491 2471 4528; x_wconf 89' lang='lat' dir='ltr'><strong>ca</strong></span> <span class='ocrx_word' id='word_1_756' title='bbox 2505 4478 2618 4543; x_wconf 89' lang='lat' dir='ltr'><strong>ipsa</strong></span> <span class='ocrx_word' id='word_1_757' title='bbox 2665 4476 2715 4527; x_wconf 89' lang='lat' dir='ltr'><strong>in</strong></span> <span class='ocrx_word' id='word_1_758' title='bbox 2768 4478 3125 4531; x_wconf 83' lang='lat' dir='ltr'><strong>translatione</strong></span> <span class='ocrx_word' id='word_1_759' title='bbox 3165 4489 3556 4545; x_wconf 67' lang='lat' dir='ltr'><strong>repriesentare</strong></span> <span class='ocrx_word' id='word_1_760' title='bbox 3592 4476 3820 4533; x_wconf 77' lang='lat' dir='ltr'><strong>necesse</strong></span> <span class='ocrx_word' id='word_1_761' title='bbox 3868 4476 3995 4544; x_wconf 76' lang='lat' dir='ltr'><strong>fuit,</strong></span> 
     </span>
    </p>
   </div>
   <div class='ocr_carea' id='block_1_109' title="bbox 2411 4546 3999 4665">
    <p class='ocr_par' dir='ltr' id='par_1_109' title="bbox 2411 4546 3999 4665">
     <span class='ocr_line' id='line_1_109' title="bbox 2411 4546 3999 4665; baseline 0.004 -66"><span class='ocrx_word' id='word_1_762' title='bbox 2411 4546 2809 4665; x_wconf 66' lang='lat' dir='ltr'><strong>ne&#39;idenlidem</strong></span> <span class='ocrx_word' id='word_1_763' title='bbox 2844 4550 3274 4601; x_wconf 84' lang='lat' dir='ltr'><strong>commentarius</strong></span> <span class='ocrx_word' id='word_1_764' title='bbox 3307 4550 3414 4601; x_wconf 84' lang='lat' dir='ltr'><strong>illis</strong></span> <span class='ocrx_word' id='word_1_765' title='bbox 3444 4552 3626 4603; x_wconf 86' lang='lat' dir='ltr'><strong>minus</strong></span> <span class='ocrx_word' id='word_1_766' title='bbox 3651 4553 3999 4618; x_wconf 66' lang='lat' dir='ltr'><strong>trespontlere</strong></span> 
     </span>
     <span class='ocr_line' id='line_1_110' title="bbox 2414 4626 2705 4665; baseline 0 0"><span class='ocrx_word' id='word_1_767' title='bbox 2414 4631 2481 4665; x_wconf 74' lang='lat' dir='ltr'><strong>vn</strong></span> <span class='ocrx_word' id='word_1_768' title='bbox 2505 4626 2705 4665; x_wconf 74' lang='lat' dir='ltr'><strong>eretur.</strong></span> 
     </span>
    </p>
   </div>
   <div class='ocr_carea' id='block_1_110' title="bbox 2414 4626 2705 4668">
    <p class='ocr_par' dir='ltr' id='par_1_110' title="bbox 2414 4626 2705 4668">
     <span class='ocr_line' id='line_1_111' title="bbox 2414 4626 2705 4668; baseline 0.003 -2"><span class='ocrx_word' id='word_1_769' title='bbox 2414 4626 2705 4668; x_wconf 68' lang='lat' dir='ltr'><strong>\‘Idet&#39;tttur.</strong></span> 
     </span>
    </p>
   </div>
   <div class='ocr_carea' id='block_1_111' title="bbox 2485 4684 3999 4754">
    <p class='ocr_par' dir='ltr' id='par_1_111' title="bbox 2485 4684 3999 4754">
     <span class='ocr_line' id='line_1_112' title="bbox 2485 4684 3999 4754; baseline 0.005 -17"><span class='ocrx_word' id='word_1_770' title='bbox 2485 4686 2561 4753; x_wconf 88' lang='lat'><strong>(8)</strong></span> <span class='ocrx_word' id='word_1_771' title='bbox 2612 4684 2851 4751; x_wconf 71' lang='lat' dir='ltr'><strong>Negabat</strong></span> <span class='ocrx_word' id='word_1_772' title='bbox 2905 4685 3007 4738; x_wconf 86' lang='lat' dir='ltr'><strong>ltoc</strong></span> <span class='ocrx_word' id='word_1_773' title='bbox 3058 4686 3378 4739; x_wconf 82' lang='lat' dir='ltr'><strong>Theodorus</strong></span> <span class='ocrx_word' id='word_1_774' title='bbox 3429 4686 3855 4754; x_wconf 81' lang='lat' dir='ltr'><strong>Mopsuestcnns</strong></span> <span class='ocrx_word' id='word_1_775' title='bbox 3887 4730 3905 4751; x_wconf 86' lang='lat'><strong><em>.</em></strong></span> <span class='ocrx_word' id='word_1_776' title='bbox 3968 4706 3999 4745; x_wconf 85' lang='lat' dir='ltr'><strong>e</strong></span> 
     </span>
    </p>
   </div>
   <div class='ocr_carea' id='block_1_112' title="bbox 2413 4755 3996 4824">
    <p class='ocr_par' dir='ltr' id='par_1_112' title="bbox 2413 4755 3996 4824">
     <span class='ocr_line' id='line_1_113' title="bbox 2413 4755 3996 4824; baseline 0.002 -16"><span class='ocrx_word' id='word_1_777' title='bbox 2413 4757 2568 4821; x_wconf 82' lang='lat' dir='ltr'><strong>(&#39;ttjus</strong></span> <span class='ocrx_word' id='word_1_778' title='bbox 2614 4758 2835 4822; x_wconf 81' lang='lat' dir='ltr'><strong>scriptis</strong></span> <span class='ocrx_word' id='word_1_779' title='bbox 2867 4755 2918 4806; x_wconf 95' lang='lat' dir='ltr'><strong>in</strong></span> <span class='ocrx_word' id='word_1_780' title='bbox 2973 4757 3205 4809; x_wconf 79' lang='lat' dir='ltr'><strong>concilio</strong></span> <span class='ocrx_word' id='word_1_781' title='bbox 3262 4773 3299 4809; x_wconf 91' lang='grc' dir='ltr'>ιι</span> <span class='ocrx_word' id='word_1_782' title='bbox 3348 4757 3996 4824; x_wconf 65' lang='lat' dir='ltr'><strong>Constantinopolimno,</strong></span> 
     </span>
    </p>
   </div>
   <div class='ocr_carea' id='block_1_113' title="bbox 2415 4825 3998 4895">
    <p class='ocr_par' dir='ltr' id='par_1_113' title="bbox 2415 4825 3998 4895">
     <span class='ocr_line' id='line_1_114' title="bbox 2415 4825 3998 4895; baseline 0.001 -17"><span class='ocrx_word' id='word_1_783' title='bbox 2415 4841 2535 4878; x_wconf 82' lang='lat' dir='ltr'><strong>Clllll</strong></span> <span class='ocrx_word' id='word_1_784' title='bbox 2566 4826 2672 4878; x_wconf 73' lang='lat' dir='ltr'><strong>alia</strong></span> <span class='ocrx_word' id='word_1_785' title='bbox 2713 4825 2905 4889; x_wconf 87' lang='lat' dir='ltr'><strong>multa,</strong></span> <span class='ocrx_word' id='word_1_786' title='bbox 2934 4834 2989 4878; x_wconf 89' lang='lat' dir='ltr'><strong>et</strong></span> <span class='ocrx_word' id='word_1_787' title='bbox 3030 4826 3162 4878; x_wconf 76' lang='lat' dir='ltr'><strong>falsa</strong></span> <span class='ocrx_word' id='word_1_788' title='bbox 3200 4836 3253 4878; x_wconf 91' lang='lat' dir='ltr'><strong>et</strong></span> <span class='ocrx_word' id='word_1_789' title='bbox 3296 4828 3480 4892; x_wconf 87' lang='lat' dir='ltr'><strong>impia,</strong></span> <span class='ocrx_word' id='word_1_790' title='bbox 3520 4837 3779 4893; x_wconf 74' lang='lat' dir='ltr'><strong>excerpta</strong></span> <span class='ocrx_word' id='word_1_791' title='bbox 3814 4833 3998 4895; x_wconf 74' lang='lat' dir='ltr'><strong>prola-</strong></span> 
     </span>
    </p>
   </div>
   <div class='ocr_carea' id='block_1_114' title="bbox 2418 4896 3996 4964">
    <p class='ocr_par' dir='ltr' id='par_1_114' title="bbox 2418 4896 3996 4964">
     <span class='ocr_line' id='line_1_115' title="bbox 2418 4896 3996 4964; baseline 0.003 -19"><span class='ocrx_word' id='word_1_792' title='bbox 2418 4907 2579 4962; x_wconf 87' lang='lat' dir='ltr'><strong>taque</strong></span> <span class='ocrx_word' id='word_1_793' title='bbox 2608 4905 2892 4957; x_wconf 88' lang='lat' dir='ltr'><strong>sunt,tntu</strong></span> <span class='ocrx_word' id='word_1_794' title='bbox 2929 4898 3042 4949; x_wconf 70' lang='lat' dir='ltr'><strong>haec</strong></span> <span class='ocrx_word' id='word_1_795' title='bbox 3077 4912 3327 4964; x_wconf 84' lang='lat' dir='ltr'><strong>quoque:</strong></span> <span class='ocrx_word' id='word_1_796' title='bbox 3380 4900 3479 4948; x_wconf 83' lang='lat' dir='ltr'><strong>etsi</strong></span> <span class='ocrx_word' id='word_1_797' title='bbox 3523 4896 3714 4948; x_wconf 79' lang='lat' dir='ltr'><strong>Latina</strong></span> <span class='ocrx_word' id='word_1_798' title='bbox 3778 4905 3996 4950; x_wconf 84' lang='lat' dir='ltr'><strong>tantum</strong></span> 
     </span>
    </p>
   </div>
   <div class='ocr_carea' id='block_1_115' title="bbox 2416 4966 3997 5033">
    <p class='ocr_par' dir='ltr' id='par_1_115' title="bbox 2416 4966 3997 5033">
     <span class='ocr_line' id='line_1_116' title="bbox 2416 4966 3997 5033; baseline 0.001 -20"><span class='ocrx_word' id='word_1_799' title='bbox 2416 4973 2481 5017; x_wconf 85' lang='lat' dir='ltr'><strong>ad</strong></span> <span class='ocrx_word' id='word_1_800' title='bbox 2521 4981 2617 5018; x_wconf 84' lang='lat' dir='ltr'><strong>nos</strong></span> <span class='ocrx_word' id='word_1_801' title='bbox 2654 4981 2966 5033; x_wconf 81' lang='lat' dir='ltr'><strong>pervenere.</strong></span> <span class='ocrx_word' id='word_1_802' title='bbox 3005 4985 3020 5014; x_wconf 87' lang='grc' dir='ltr'>ι</span> <span class='ocrx_word' id='word_1_803' title='bbox 3057 4968 3175 5029; x_wconf 81' lang='lat' dir='ltr'><strong>llis,</strong></span> <span class='ocrx_word' id='word_1_804' title='bbox 3220 4984 3237 5015; x_wconf 73' lang='grc' dir='ltr'>ι</span> <span class='ocrx_word' id='word_1_805' title='bbox 3279 4966 3459 5017; x_wconf 70' lang='lat' dir='ltr'><strong>aiebat</strong></span> <span class='ocrx_word' id='word_1_806' title='bbox 3516 4966 3633 5028; x_wconf 87' lang='lat' dir='ltr'><strong>ille,</strong></span> <span class='ocrx_word' id='word_1_807' title='bbox 3672 4985 3689 5015; x_wconf 78' lang='grc' dir='ltr'>ι</span> <span class='ocrx_word' id='word_1_808' title='bbox 3722 4986 3846 5032; x_wconf 62' lang='lat' dir='ltr'><strong>qua!</strong></span> <span class='ocrx_word' id='word_1_809' title='bbox 3900 4984 3997 5029; x_wconf 80' lang='lat' dir='ltr'><strong>pro</strong></span> 
     </span>
    </p>
   </div>
   <div class='ocr_carea' id='block_1_116' title="bbox 2415 5036 3995 5103">
    <p class='ocr_par' dir='ltr' id='par_1_116' title="bbox 2415 5036 3995 5103">
     <span class='ocr_line' id='line_1_117' title="bbox 2415 5036 3995 5103; baseline 0.001 -15"><span class='ocrx_word' id='word_1_810' title='bbox 2415 5037 2663 5088; x_wconf 82' lang='lat' dir='ltr'><strong>doctrina</strong></span> <span class='ocrx_word' id='word_1_811' title='bbox 2703 5036 2981 5088; x_wconf 85' lang='lat' dir='ltr'><strong>hominum</strong></span> <span class='ocrx_word' id='word_1_812' title='bbox 3013 5038 3213 5103; x_wconf 86' lang='lat' dir='ltr'><strong>scripta</strong></span> <span class='ocrx_word' id='word_1_813' title='bbox 3249 5047 3396 5096; x_wconf 80' lang='lat' dir='ltr'><strong>sunt,</strong></span> <span class='ocrx_word' id='word_1_814' title='bbox 3423 5048 3477 5089; x_wconf 90' lang='lat' dir='ltr'><strong>et</strong></span> <span class='ocrx_word' id='word_1_815' title='bbox 3510 5036 3827 5088; x_wconf 73' lang='lat' dir='ltr'><strong>Salomonis</strong></span> <span class='ocrx_word' id='word_1_816' title='bbox 3869 5038 3995 5091; x_wconf 80' lang='lat' dir='ltr'><strong>libri</strong></span> 
     </span>
    </p>
   </div>
   <div class='ocr_carea' id='block_1_117' title="bbox 2417 5104 3994 5171">
    <p class='ocr_par' dir='ltr' id='par_1_117' title="bbox 2417 5104 3994 5171">
     <span class='ocr_line' id='line_1_118' title="bbox 2417 5104 3994 5171; baseline 0.001 -14"><span class='ocrx_word' id='word_1_817' title='bbox 2417 5106 2843 5159; x_wconf 73' lang='lat' dir='ltr'><strong>connumertuidi</strong></span> <span class='ocrx_word' id='word_1_818' title='bbox 2866 5119 3010 5171; x_wconf 76' lang='lat' dir='ltr'><strong>sunt,</strong></span> <span class='ocrx_word' id='word_1_819' title='bbox 3043 5107 3091 5158; x_wconf 88' lang='lat' dir='ltr'><strong>id</strong></span> <span class='ocrx_word' id='word_1_820' title='bbox 3118 5115 3199 5158; x_wconf 87' lang='lat' dir='ltr'><strong>est</strong></span> <span class='ocrx_word' id='word_1_821' title='bbox 3225 5104 3517 5158; x_wconf 75' lang='lat' dir='ltr'><strong>Proverbia</strong></span> <span class='ocrx_word' id='word_1_822' title='bbox 3549 5116 3602 5158; x_wconf 87' lang='lat' dir='ltr'><strong>et</strong></span> <span class='ocrx_word' id='word_1_823' title='bbox 3632 5106 3994 5171; x_wconf 65' lang='lat' dir='ltr'><strong>Etclt&#39;aiJSla,</strong></span> 
     </span>
    </p>
   </div>
   <div class='ocr_carea' id='block_1_118' title="bbox 2419 5176 3995 5245">
    <p class='ocr_par' dir='ltr' id='par_1_118' title="bbox 2419 5176 3995 5245">
     <span class='ocr_line' id='line_1_119' title="bbox 2419 5176 3995 5245; baseline 0.002 -20"><span class='ocrx_word' id='word_1_824' title='bbox 2419 5189 2541 5241; x_wconf 64' lang='lat' dir='ltr'><strong>qua:</strong></span> <span class='ocrx_word' id='word_1_825' title='bbox 2581 5176 2694 5241; x_wconf 86' lang='lat' dir='ltr'><strong>ipse</strong></span> <span class='ocrx_word' id='word_1_826' title='bbox 2725 5190 2789 5228; x_wconf 80' lang='lat' dir='ltr'><strong>ex</strong></span> <span class='ocrx_word' id='word_1_827' title='bbox 2831 5190 2927 5228; x_wconf 86' lang='lat' dir='ltr'><strong>sua</strong></span> <span class='ocrx_word' id='word_1_828' title='bbox 2978 5192 3213 5245; x_wconf 84' lang='lat' dir='ltr'><strong>persona</strong></span> <span class='ocrx_word' id='word_1_829' title='bbox 3271 5178 3337 5227; x_wconf 86' lang='lat' dir='ltr'><strong>ad</strong></span> <span class='ocrx_word' id='word_1_830' title='bbox 3398 5177 3627 5227; x_wconf 78' lang='lat' dir='ltr'><strong>aliorum</strong></span> <span class='ocrx_word' id='word_1_831' title='bbox 3694 5179 3995 5231; x_wconf 76' lang='lat' dir='ltr'><strong>utilitatem</strong></span> 
     </span>
    </p>
   </div>
   <div class='ocr_carea' id='block_1_119' title="bbox 2418 5246 3993 5315">
    <p class='ocr_par' dir='ltr' id='par_1_119' title="bbox 2418 5246 3993 5315">
     <span class='ocr_line' id='line_1_120' title="bbox 2418 5246 3993 5315; baseline -0.001 -17"><span class='ocrx_word' id='word_1_832' title='bbox 2418 5247 2746 5311; x_wconf 81' lang='lat' dir='ltr'><strong>composuit,</strong></span> <span class='ocrx_word' id='word_1_833' title='bbox 2797 5261 2919 5298; x_wconf 88' lang='lat' dir='ltr'><strong>cum</strong></span> <span class='ocrx_word' id='word_1_834' title='bbox 2961 5248 3259 5315; x_wconf 71' lang='lat' dir='ltr'><strong>prophetia:</strong></span> <span class='ocrx_word' id='word_1_835' title='bbox 3321 5246 3538 5313; x_wconf 89' lang='lat' dir='ltr'><strong>quidem</strong></span> <span class='ocrx_word' id='word_1_836' title='bbox 3594 5247 3829 5313; x_wconf 74' lang='lat' dir='ltr'><strong>gratiam</strong></span> <span class='ocrx_word' id='word_1_837' title='bbox 3886 5266 3993 5299; x_wconf 89' lang='lat' dir='ltr'><strong>non</strong></span> 
     </span>
    </p>
   </div>
   <div class='ocr_carea' id='block_1_120' title="bbox 2419 5314 3995 5385">
    <p class='ocr_par' dir='ltr' id='par_1_120' title="bbox 2419 5314 3995 5385">
     <span class='ocr_line' id='line_1_121' title="bbox 2419 5314 3995 5385; baseline -0.001 -16"><span class='ocrx_word' id='word_1_838' title='bbox 2419 5315 2742 5383; x_wconf 87' lang='lat' dir='ltr'><strong>accepisset,</strong></span> <span class='ocrx_word' id='word_1_839' title='bbox 2771 5314 3075 5385; x_wconf 74' lang='lat' dir='ltr'><strong>prudentiae</strong></span> <span class='ocrx_word' id='word_1_840' title='bbox 3106 5330 3232 5368; x_wconf 78' lang='lat' dir='ltr'><strong>vero</strong></span> <span class='ocrx_word' id='word_1_841' title='bbox 3270 5317 3527 5383; x_wconf 72' lang='lat' dir='ltr'><strong>gratiam,</strong></span> <span class='ocrx_word' id='word_1_842' title='bbox 3558 5331 3681 5384; x_wconf 66' lang='lat' dir='ltr'><strong>quae</strong></span> <span class='ocrx_word' id='word_1_843' title='bbox 3709 5316 3995 5368; x_wconf 74' lang='lat' dir='ltr'><strong>evidenter</strong></span> 
     </span>
    </p>
   </div>
   <div class='ocr_carea' id='block_1_121' title="bbox 2419 5386 3995 5452">
    <p class='ocr_par' dir='ltr' id='par_1_121' title="bbox 2419 5386 3995 5452">
     <span class='ocr_line' id='line_1_122' title="bbox 2419 5386 3995 5452; baseline -0.001 -15"><span class='ocrx_word' id='word_1_844' title='bbox 2419 5386 2592 5439; x_wconf 84' lang='lat' dir='ltr'><strong>altera</strong></span> <span class='ocrx_word' id='word_1_845' title='bbox 2619 5397 2704 5439; x_wconf 82' lang='lat' dir='ltr'><strong>est</strong></span> <span class='ocrx_word' id='word_1_846' title='bbox 2750 5395 2943 5452; x_wconf 57' lang='lat' dir='ltr'><strong>praeter</strong></span> <span class='ocrx_word' id='word_1_847' title='bbox 2973 5386 3117 5439; x_wconf 86' lang='lat' dir='ltr'><strong>illam</strong></span> <span class='ocrx_word' id='word_1_848' title='bbox 3146 5424 3162 5449; x_wconf 92' lang='lat'><strong>,</strong></span> <span class='ocrx_word' id='word_1_849' title='bbox 3203 5387 3498 5438; x_wconf 77' lang='lat' dir='ltr'><strong>seettndtnn</strong></span> <span class='ocrx_word' id='word_1_850' title='bbox 3545 5386 3689 5439; x_wconf 86' lang='lat' dir='ltr'><strong>beati</strong></span> <span class='ocrx_word' id='word_1_851' title='bbox 3740 5388 3995 5452; x_wconf 80' lang='lat' dir='ltr'><strong>ApOstoli</strong></span> 
     </span>
    </p>
   </div>
   <div class='ocr_carea' id='block_1_122' title="bbox 2420 5454 3999 5525">
    <p class='ocr_par' dir='ltr' id='par_1_122' title="bbox 2420 5454 3999 5525">
     <span class='ocr_line' id='line_1_123' title="bbox 2420 5454 3999 5525; baseline 0.001 -20"><span class='ocrx_word' id='word_1_852' title='bbox 2420 5470 2630 5509; x_wconf 79' lang='lat' dir='ltr'><strong>vocem.</strong></span> <span class='ocrx_word' id='word_1_853' title='bbox 2670 5472 2689 5505; x_wconf 75' lang='grc' dir='ltr'>ι</span> <span class='ocrx_word' id='word_1_854' title='bbox 2722 5455 2932 5521; x_wconf 82' lang='lat' dir='ltr'><strong>(Collat.</strong></span> <span class='ocrx_word' id='word_1_855' title='bbox 2971 5471 3046 5518; x_wconf 87' lang='lat' dir='ltr'><strong>tv,</strong></span> <span class='ocrx_word' id='word_1_856' title='bbox 3084 5473 3139 5509; x_wconf 91' lang='grc' dir='ltr'><strong>ιι.</strong></span> <span class='ocrx_word' id='word_1_857' title='bbox 3174 5455 3287 5525; x_wconf 77' lang='grc'><strong>65).</strong></span> <span class='ocrx_word' id='word_1_858' title='bbox 3317 5454 3501 5520; x_wconf 63' lang='lat' dir='ltr'><strong>Quaen</strong></span> <span class='ocrx_word' id='word_1_859' title='bbox 3549 5455 3803 5508; x_wconf 81' lang='lat' dir='ltr'><strong>Patribus</strong></span> <span class='ocrx_word' id='word_1_860' title='bbox 3842 5472 3999 5507; x_wconf 53' lang='lat' dir='ltr'><strong>conn</strong></span> 
     </span>
    </p>
   </div>
   <div class='ocr_carea' id='block_1_123' title="bbox 2422 5526 3998 5594">
    <p class='ocr_par' dir='ltr' id='par_1_123' title="bbox 2422 5526 3998 5594">
     <span class='ocr_line' id='line_1_124' title="bbox 2422 5526 3998 5594; baseline -0.001 -17"><span class='ocrx_word' id='word_1_861' title='bbox 2422 5528 2566 5578; x_wconf 83' lang='lat' dir='ltr'><strong>muni</strong></span> <span class='ocrx_word' id='word_1_862' title='bbox 2608 5539 2871 5579; x_wconf 81' lang='lat' dir='ltr'><strong>censensu</strong></span> <span class='ocrx_word' id='word_1_863' title='bbox 2916 5526 3120 5593; x_wconf 74' lang='lat' dir='ltr'><strong>reiecta</strong></span> <span class='ocrx_word' id='word_1_864' title='bbox 3156 5527 3519 5594; x_wconf 81' lang='lat' dir='ltr'><strong>datnnataquc</strong></span> <span class='ocrx_word' id='word_1_865' title='bbox 3567 5538 3719 5580; x_wconf 89' lang='lat' dir='ltr'><strong>sunt.</strong></span> <span class='ocrx_word' id='word_1_866' title='bbox 3748 5529 3821 5577; x_wconf 83' lang='lat' dir='ltr'><strong>At</strong></span> <span class='ocrx_word' id='word_1_867' title='bbox 3865 5539 3998 5577; x_wconf 80' lang='lat' dir='ltr'><strong>\eru</strong></span> 
     </span>
    </p>
   </div>
   <div class='ocr_carea' id='block_1_124' title="bbox 2422 5593 3999 5658">
    <p class='ocr_par' dir='ltr' id='par_1_124' title="bbox 2422 5593 3999 5658">
     <span class='ocr_line' id='line_1_125' title="bbox 2422 5593 3999 5658; baseline 0.001 -11"><span class='ocrx_word' id='word_1_868' title='bbox 2422 5593 2645 5650; x_wconf 74' lang='lat' dir='ltr'><strong>Gratius</strong></span> <span class='ocrx_word' id='word_1_869' title='bbox 2672 5596 2833 5648; x_wconf 86' lang='lat' dir='ltr'><strong>aliam</strong></span> <span class='ocrx_word' id='word_1_870' title='bbox 2856 5596 3015 5648; x_wconf 75' lang='lat' dir='ltr'><strong>iuivrt</strong></span> <span class='ocrx_word' id='word_1_871' title='bbox 3042 5598 3204 5648; x_wconf 69' lang='lat' dir='ltr'><strong>tiam.</strong></span> <span class='ocrx_word' id='word_1_872' title='bbox 3237 5596 3306 5658; x_wconf 84' lang='lat' dir='ltr'><strong>is,</strong></span> <span class='ocrx_word' id='word_1_873' title='bbox 3344 5593 3465 5649; x_wconf 81' lang='lat' dir='ltr'><strong>cum</strong></span> <span class='ocrx_word' id='word_1_874' title='bbox 3497 5598 3618 5649; x_wconf 90' lang='lat' dir='ltr'><strong>llbri</strong></span> <span class='ocrx_word' id='word_1_875' title='bbox 3642 5594 3999 5649; x_wconf 64' lang='lat' dir='ltr'><strong>Ecclesiaste</strong></span> 
     </span>
    </p>
   </div>
   <div class='ocr_carea' id='block_1_125' title="bbox 2420 5665 4000 5735">
    <p class='ocr_par' dir='ltr' id='par_1_125' title="bbox 2420 5665 4000 5735">
     <span class='ocr_line' id='line_1_126' title="bbox 2420 5665 4000 5735; baseline -0.001 -16"><span class='ocrx_word' id='word_1_876' title='bbox 2420 5676 2805 5735; x_wconf 79' lang='lat' dir='ltr'><strong>argumentum</strong></span> <span class='ocrx_word' id='word_1_877' title='bbox 2840 5670 3204 5734; x_wconf 78' lang='lat' dir='ltr'><strong>exposuisset,</strong></span> <span class='ocrx_word' id='word_1_878' title='bbox 3232 5668 3422 5733; x_wconf 66' lang='lat' dir='ltr'><strong>adjecit</strong></span> <span class='ocrx_word' id='word_1_879' title='bbox 3447 5685 3458 5719; x_wconf 93' lang='lat'>:</span> <span class='ocrx_word' id='word_1_880' title='bbox 3486 5685 3503 5717; x_wconf 82' lang='grc' dir='ltr'>ι</span> <span class='ocrx_word' id='word_1_881' title='bbox 3539 5667 3650 5735; x_wconf 72' lang='lat' dir='ltr'><strong>Ego</strong></span> <span class='ocrx_word' id='word_1_882' title='bbox 3676 5680 3857 5719; x_wconf 85' lang='lat' dir='ltr'><strong>tamen</strong></span> <span class='ocrx_word' id='word_1_883' title='bbox 3891 5665 4000 5717; x_wconf 78' lang='lat' dir='ltr'><strong>So-</strong></span> 
     </span>
    </p>
   </div>
   <div class='ocr_carea' id='block_1_126' title="bbox 2418 5737 4000 5807">
    <p class='ocr_par' dir='ltr' id='par_1_126' title="bbox 2418 5737 4000 5807">
     <span class='ocr_line' id='line_1_127' title="bbox 2418 5737 4000 5807; baseline -0.001 -17"><span class='ocrx_word' id='word_1_884' title='bbox 2418 5738 2651 5790; x_wconf 84' lang='lat' dir='ltr'><strong>lomonis</strong></span> <span class='ocrx_word' id='word_1_885' title='bbox 2674 5751 2796 5790; x_wconf 83' lang='lat' dir='ltr'><strong>esse</strong></span> <span class='ocrx_word' id='word_1_886' title='bbox 2843 5753 2948 5789; x_wconf 91' lang='lat' dir='ltr'><strong>non</strong></span> <span class='ocrx_word' id='word_1_887' title='bbox 3004 5749 3167 5804; x_wconf 90' lang='lat' dir='ltr'><strong>puto,</strong></span> <span class='ocrx_word' id='word_1_888' title='bbox 3222 5745 3314 5788; x_wconf 82' lang='lat' dir='ltr'><strong>sed</strong></span> <span class='ocrx_word' id='word_1_889' title='bbox 3356 5741 3616 5807; x_wconf 72' lang='lat' dir='ltr'><strong>scriptum</strong></span> <span class='ocrx_word' id='word_1_890' title='bbox 3670 5738 3853 5791; x_wconf 88' lang='lat' dir='ltr'><strong>serius</strong></span> <span class='ocrx_word' id='word_1_891' title='bbox 3891 5737 4000 5790; x_wconf 79' lang='lat' dir='ltr'><strong>sub</strong></span> 
     </span>
    </p>
   </div>
   <div class='ocr_carea' id='block_1_127' title="bbox 2420 5808 3997 5877">
    <p class='ocr_par' dir='ltr' id='par_1_127' title="bbox 2420 5808 3997 5877">
     <span class='ocr_line' id='line_1_128' title="bbox 2420 5808 3997 5877; baseline 0.001 -17"><span class='ocrx_word' id='word_1_892' title='bbox 2420 5808 2565 5862; x_wconf 87' lang='lat' dir='ltr'><strong>illius</strong></span> <span class='ocrx_word' id='word_1_893' title='bbox 2619 5808 2759 5877; x_wconf 79' lang='lat' dir='ltr'><strong>regis</strong></span> <span class='ocrx_word' id='word_1_894' title='bbox 2804 5816 3059 5877; x_wconf 82' lang='lat' dir='ltr'><strong>tanquam</strong></span> <span class='ocrx_word' id='word_1_895' title='bbox 3114 5811 3431 5877; x_wconf 72' lang='lat' dir='ltr'><strong>pwnitentu</strong></span> <span class='ocrx_word' id='word_1_896' title='bbox 3476 5810 3627 5863; x_wconf 72' lang='lat' dir='ltr'><strong>ducti</strong></span> <span class='ocrx_word' id='word_1_897' title='bbox 3687 5820 3934 5863; x_wconf 60' lang='lat' dir='ltr'><strong>nomine.</strong></span> <span class='ocrx_word' id='word_1_898' title='bbox 3973 5822 3997 5856; x_wconf 76' lang='grc' dir='ltr'><strong><em>ι</em></strong></span> 
     </span>
    </p>
   </div>
  </div>
