4226 6444
742 391 847 460 ’163

1857 396 1918 455 S.
1960 393 2347 455 οιιεοοιιιι
2388 394 2904 456 AGRIGENTINI

3922 386 4035 454 761

745 509 905 563 valde
937 509 1164 579 pulchra
1187 518 1398 580 reperta
1432 525 1574 577 esse,
1601 511 1790 567 divino
1818 513 2132 568 testimonio
2165 511 2328 566 doce-

2455 512 2637 572 νονὸτα,
2660 513 2840 566 πάντα
2869 513 3011 564 καλὰ
3052 512 3171 564 λίαν
3203 511 3672 584 ἐμαρτυρήθησαν
3695 525 3710 538 ⁸
3741 506 3848 562 καὶ
3902 507 4036 560 οὔτε

747 615 890 653 mur.
916 598 1098 670 Neque
1124 616 1254 655 vero
1283 611 1379 656 aut
1404 603 1712 658 divinarum
1737 603 2064 658 Litterarum
2109 611 2332 658 senten-

747 696 837 749 tia:
875 695 1150 749 adversari
1175 693 1258 750 fas
1287 708 1389 759 est,
1423 705 1520 751 aut
1552 697 1826 766 cognitam
1869 694 2331 764 manifestamque

747 785 1038 840 utilitatem
1064 797 1120 841 et
1152 786 1617 855 pulchritudinem
1649 799 1703 841 et
1735 788 1985 841 ordinem
2020 787 2198 856 ipsum
2229 800 2323 838 ua-

749 887 883 932 tum:
910 878 964 931 in
1003 879 1088 942 iis,
1112 894 1232 948 qua:
1261 889 1390 933 sunt
1419 895 1650 950 quaeque
1696 880 1971 943 visuntur,
2023 878 2333 949 quomodo-

747 986 964 1041 cunque
1004 973 1253 1040 redargui
1282 987 1382 1042 par
1411 984 1547 1026 crat.
1578 973 1720 1038 Quin
1763 982 1817 1027 et
1844 972 2092 1027 homines
2123 971 2331 1041 priscos

768 1073 1142 1131 recentesque,
1184 1065 1275 1132 qui
1303 1065 1377 1118 rei
1405 1065 1623 1118 rustica:
1652 1065 1820 1119 dediti
1873 1074 2034 1118 terra;
2067 1063 2329 1128 cultores,

748 1167 1086 1222 operumque
1117 1153 1348 1207 studiosi
1377 1153 1619 1216 fuerunt,
1643 1154 1816 1209 sacris
1853 1155 1908 1208 in
1946 1153 2167 1207 Litteris
2191 1168 2332 1208 cont-

748 1243 996 1298 mendari
1049 1243 1319 1308 videmus,
1375 1254 1676 1314 contraque
1735 1245 1828 1314 qui
1883 1245 2218 1316 negligentes
2280 1253 2336 1299 et

750 1336 932 1404 ignavi
963 1345 1017 1390 et
1045 1335 1262 1391 desides
1296 1335 1428 1398 sint,
1467 1337 1652 1390 multis
1671 1337 1994 1405 reprehendi
2039 1355 2053 1391 :
2083 1338 2333 1407 quande-

751 1429 970 1498 quidem
999 1437 1054 1482 et
1084 1428 1264 1494 initio,
1297 1445 1422 1484 cum
1449 1431 1590 1484 Deus
1623 1431 1840 1498 generis
1901 1431 2070 1485 nostri
2125 1432 2333 1500 princi-

753 1533 873 1587 pem
911 1519 1091 1584 tinxit,
1126 1520 1178 1573 in
1217 1522 1470 1589 paradiso
1498 1522 1818 1576 collocavit:
1851 1540 1870 1572 t
1913 1520 1982 1576 Ut
2011 1533 2335 1592 operaretur

751 1623 805 1664 et
832 1612 1137 1666 custodiret
1162 1612 1313 1666 illum
1344 1613 1406 1664 ".
1451 1632 1469 1665 ι
1501 1613 1565 1667 Et
1593 1615 1660 1668 de
1696 1615 1880 1668 lsaaco
1911 1615 2176 1684 scriptum
2209 1626 2330 1670 est:

757 1722 778 1749 ι
810 1701 962 1758 Sevit
992 1704 1045 1757 in
1087 1713 1230 1758 terra
1258 1705 1368 1768 illa,
1399 1714 1453 1761 et
1500 1722 1642 1760 anno
1666 1707 1856 1761 eodem
1890 1707 2152 1762 hordeum
2183 1709 2335 1762 iuve-

755 1796 834 1849 ttit
856 1797 1224 1866 centuplicato
1248 1797 1384 1867 (:28).
1419 1818 1437 1848 ι
1472 1798 1720 1868 Longum
1745 1815 1872 1854 vero
1890 1812 2037 1854 esset
2065 1810 2118 1854 ct
2147 1817 2331 1869 grave,

2434 601 2512 672 τῷ
2539 602 2682 673 λόγῳ
2713 605 2814 674 τῆς
2837 604 2989 668 θείας
3014 606 3240 677 Γραφῆς
3267 599 3379 656 οἷόν
3403 606 3462 658 τὲ
3489 605 3609 656 ἐστι
3639 603 4035 670 ἁντιφάσκειν,

2433 697 2557 752 οὔτε
2582 696 2686 770 τὴν
2709 700 3124 769 διεγνωσμένην
3155 699 3248 753 καὶ
3276 696 3736 766 κατειλημμένην
3752 691 4036 763 χρησιμό·

2433 803 2574 854 τητα
2608 789 2704 840 καὶ
2736 789 3004 859 καλλονὴν
3030 789 3126 841 καὶ
3156 789 3313 853 τάξιν
3341 787 3444 857 τῆς
3467 785 3687 854 φύσεως
3713 784 3825 836 τῶν
3857 782 4035 834 ὅντων

2436 890 2532 932 καὶ
2591 882 2937 949 φαινομένων
2987 881 3241 935 ὁπωσοῦν
3289 878 3660 933 ἐνδιαϐάλλειν
3718 877 4027 955 προσῆκεν.

2448 971 2608 1023 Ἀλλὰ
2639 974 2732 1025 καὶ
2783 974 2910 1035 τοὺς
2938 974 3036 1036 τὰς
3070 972 3385 1044 γεωργικὰς
3422 969 3746 1042 ἐπιμελείας
3787 969 3884 1020 καὶ
3921 983 4025 1033 γη·

2437 1064 2636 1125 πονίας
2693 1065 2791 1116 καὶ
2849 1065 3135 1132 φιλεργίας
3177 1064 3479 1132 ἐσχηκότας
3531 1059 3859 1130 ἀνθρώπους
3923 1072 4035 1106 πα-

2435 1156 2619 1218 λαιούς
2681 1173 2742 1209 τε
2795 1159 2890 1211 καὶ
2942 1158 3095 1220 νέους
3122 1154 3711 1224 κατασεμνυνομένους
3765 1149 4034 1216 εὑρξσκο-

2441 1265 2539 1317 μεν
2572 1247 2676 1301 ὑπὸ
2704 1248 2806 1314 τῆς
2838 1249 2992 1312 Θείας
3025 1248 3253 1319 Γραφῆς
3279 1265 3293 1277 ·
3325 1247 3400 1308 ὡς
3453 1243 3692 1314 ἔμπαλιν
3715 1242 3845 1300 τοὺς
3893 1240 4037 1304 ἀμες-

2433 1339 2546 1401 λεῑς
2573 1339 2666 1391 καὶ
2695 1339 2901 1408 ἀργοὺς
2931 1340 3027 1394 καὶ
3059 1337 3339 1409 ῥᾳθύμους
3365 1334 3606 1406 pustulam
3638 1329 3871 1392 πολλαῖς
3898 1327 4038 1380 καθ’

2433 1428 2929 1499 υποὸεόλημένους.
2979 1430 3197 1498 Ἐπειδὴ
3230 1429 3322 1480 καὶ
3353 1429 3474 1479 κατ’
3506 1426 3679 1495 ἀρχᾶς
3699 1422 3884 1492 ’ἡνίκα
3948 1420 4040 1470 τὸν

2436 1524 2739 1595 γεννάρχην
2785 1524 3016 1576 ἔπλασεν
3037 1527 3064 1576 ὁ
3086 1524 3242 1586 Θεὸς,
3272 1523 3333 1574 ἐν
3364 1520 3442 1590 τῷ
3499 1519 3824 1589 παραδείσῳ
3859 1514 4034 1577 ἔθετο,

2443 1634 2460 1665 ε
2497 1616 3044 1685 Ἐργὰζεσθαιαύτδν
3101 1616 3198 1666 καὶ
3263 1614 3588 1682 φυλάσσειν.
3627 1630 3644 1661 ι
3710 1609 4040 1678 Γέγραπται

2436 1707 2492 1760 δὲ
2523 1709 2620 1761 καὶ
2655 1709 2906 1778 περὶτοῦ
2951 1708 3158 1768 Ἰσαὰκ,
3213 1706 3288 1770 ὡς
3332 1727 3350 1756 ι
3403 1707 3704 1773 Ἐσπειρεν
3737 1704 3793 1754 ἐν
3851 1705 3916 1766 τῇ
3972 1701 4039 1767 γῆ

2437 1801 2641 1873 ἐκείνῃ,
2670 1803 2764 1856 καὶ
2794 1796 2916 1872 εὗρε
2938 1803 3016 1871 τῷ
3054 1801 3285 1869 ἐνιαυτῷ
3311 1799 3504 1867 ἐκείνῳ
3531 1794 4040 1850 ἐκαστοστεύοι-σαν

753 1907 877 1960 qua:
924 1893 990 1946 de
1031 1892 1116 1946 his
1151 1903 1372 1946 exstant
1413 1893 1746 1956 testimonia,
1802 1894 1883 1946 vel
1936 1893 2188 1946 evolvere
2256 1894 2338 1946 vel

2455 1892 2640 1962 κριθὴν
2664 1907 2678 1922 ·
2711 1909 2729 1942 ι
2767 1890 2862 1944 καὶ
2905 1889 3116 1960 μακρῖιν
3164 1889 3229 1941 ἂν
3252 1889 3338 1958 εἴη
3374 1888 3469 1940 καὶ
3497 1885 3755 1957 φορτικὸν
3777 1885 3884 1946 τὰς
3916 1882 4044 1950 περὶ

758 1981 980 2036 referre.
1014 1980 1226 2037 Novere
1249 1985 1394 2038 enim
1437 1998 1628 2037 omnes
1650 2000 1712 2036 ea
1753 1985 1938 2046 etiam,
1962 1999 2084 2052 quae
2124 1999 2156 2038 e
2207 1999 2339 2038 con-

757 2075 927 2128 trario
980 2074 1049 2128 ad
1093 2075 1576 2145 reprehensionem
1625 2076 1929 2132 otiosorum
1981 2086 2035 2130 ct
2088 2079 2338 2146 segnium

758 2159 965 2236 prolata
987 2178 1138 2234 sunt,
1173 2185 1402 2236 quorum
1433 2186 1593 2224 causa
1628 2170 1853 2232 dicitur,
1891 2188 1907 2220 t
1933 2167 2048 2223 Vite
2080 2171 2340 2224 inertium

757 2270 942 2316 strata:
971 2262 1144 2331 spinis
1176 2262 1314 2333 (‘29).
1357 2281 1376 2313 ι
1409 2263 1486 2316 Ac
1512 2279 1729 2317 rursum
1776 2282 1788 2316 :
1822 2280 1840 2313 ι
1882 2261 2031 2316 Vade
2058 2263 2124 2318 ad
2157 2263 2341 2318 formi-

756 2370 901 2414 cam,
944 2369 978 2408 o
1004 2354 1172 2424 piger,
1205 2363 1370 2422 atque
1391 2354 1650 2426 simulare
1679 2355 1800 2408 vias
1848 2356 1992 2423 ejus,
2021 2365 2076 2409 et
2100 2366 2220 2410 esto
2250 2357 2343 2411 illa

760 2445 1101 2514 sapientior;
1133 2461 1257 2500 nam
1286 2460 1408 2498 cum
1439 2446 1486 2499 ei
1533 2444 1637 2498 i'ton
1671 2447 1745 2502 sit
1775 2447 2007 2516 agellus,
2038 2463 2214 2516 neque
2237 2447 2346 2501 .ha-

765 2540 886 2591 heat
911 2537 1002 2607 qui
1032 2546 1212 2606 cogat,
1249 2554 1426 2608 neque
1456 2538 1560 2592 sub
1586 2539 1810 2592 domino
1841 2540 1932 2602 sit,
1964 2549 2119 2608 parat
2160 2549 2347 2606 testate

767 2631 1087 2683 alimentum
1127 2638 1182 2682 et
1210 2631 1529 2697 tttultamin
1559 2644 1737 2685 messe
1766 2631 1895 2684 l'acit
1921 2632 2342 2686 acerrationem.

767 2725 870 2776 Ant
899 2721 1032 2775 vade
1057 2721 1124 2775 ad
1159 2737 1338 2791 apem,
1367 2732 1418 2776 et
1455 2723 1626 2788 disce,
1655 2723 1934 2792 quomodo
1957 2725 2208 2793 operaria
2239 2733 2345 2790 est,

767 2823 931 2882 atque
954 2829 1092 2883 opus
1114 2830 1276 2869 suum
1310 2829 1476 2883 quam
1510 2816 1820 2883 speciosum
1853 2815 2002 2877 facit,
2058 2816 2217 2885 cujus
2265 2816 2348 2869 la-

766 2907 993 2960 boribus
1021 2921 1173 2976 reges
1192 2907 1498 2976 privatique
1511 2908 1577 2961 ad
1601 2908 1890 2962 sanitatem
1915 2918 2152 2964 utuntur
2175 2909 2344 2980 (50).»

795 2999 993 3068 lagntts
1023 3013 1152 3053 vero
1205 2997 1436 3065 Paulus,
1476 3016 1540 3052 os
1585 3001 1715 3054 illud
1775 3016 2028 3067 aureum,
2065 3017 2134 3057 ne
2170 3003 2222 3055 in
2247 3017 2350 3056 esu

768 3092 987 3160 quidem
1009 3109 1227 3147 cessare
1261 3109 1592 3162 quemquam
1629 3104 1682 3147 ct
1712 3093 1949 3147 otiosum
1981 3109 2104 3148 esse
2135 3097 2353 3162 permit-

768 3185 835 3237 tit
861 3185 926 3237 ".
959 3184 1246 3250 Quomodo
1273 3185 1441 3254 igitur
1473 3184 1714 3255 cogitare
1761 3186 1865 3255 16
1897 3186 2074 3250 liccat,
2128 3202 2249 3254 qua:
2296 3186 2349 3240 itt

2445 1983 2553 2037 τῶν
2599 1983 2858 2036 τοιούτων
2909 1982 3217 2053 μαρτυρίας
3275 1982 3576 2034 ἀνελίττειν
3634 1979 3727 2030 καὶ
3781 1979 4040 2048 φάσκειν.

2445 2077 2615 2145 Δῆλον
2644 2077 2752 2147 γάρ
2797 2079 2912 2128 ἐστι
2961 2077 3096 2128 πᾶσι
3152 2074 3245 2126 καὶ⁹
3297 2073 3367 2126 τὰ
3407 2073 3533 2125 κατ’
3585 2070 3914 2134 ἐναντίωσιν
3967 2068 4042 2129 εἰς

2450 2170 2660 2241 μέμψιν
2701 2169 2970 2239 εἰρημένα
2998 2167 3120 2221 τῶν
3165 2167 3384 2236 ἁέργων
3416 2164 3514 2217 καὶ
3543 2163 3818 2233 ὀκνηρὼν,
3844 2160 3916 2213 δι’
3967 2152 4041 2211 ὧν

2452 2277 2585 2330 φησι
2613 2276 2626 2288 °
2675 2278 2694 2311 ι
2745 2259 2886 2314 Ὀδοὶ
2917 2258 3136 2330 ἀέργων
3170 2256 3518 2326 ἐστρωμέναι
3546 2251 3813 2314 ἀκάνθαις
3842 2268 3869 2328 ο.
3903 2268 3923 2302 ι
3953 2250 4044 2302 καὶ

2449 2351 2630 2415 πάλιν,
2673 2369 2693 2403 ι
2729 2352 2832 2405 Ἴθι
2891 2351 3029 2420 πρὸς
3083 2349 3178 2402 τὸν
3237 2347 3530 2418 μύρμηκα,
3585 2339 3630 2398 ὦ
3667 2343 3898 2415 ὀκνηρὲ,
3959 2343 4049 2395 καὶ

2450 2445 2694 2515 ζὴλωσον
2723 2444 2821 2508 τὰς
2843 2443 2998 2506 ὁδοὺς
3026 2439 3218 2503 αὐτοῦ,
3262 2440 3357 2493 καὶ
3390 2439 3553 2508 γενοῦ
3609 2438 3825 2492 ἐκείνου
3872 2438 4049 2505 σοφώ-

2451 2553 2609 2608 τερος
2639 2553 2652 2566 ο
2689 2536 2883 2607 ἐκείνῳ
2912 2533 3019 2604 γὰρ
3051 2530 3329 2601 γεωργῑου
3366 2529 3440 2602 μή
3471 2532 3838 2603 ὑπάρχοντος,
3920 2529 4051 2600 μηδὲ

2449 2629 2542 2683 τὸν
2569 2625 2951 2696 ἀναγκάζοντα
2983 2625 3149 2696 ἔχων,
3187 2623 3293 2678 ὑπὸ
3321 2623 3593 2693 δεσπότην
3622 2623 3720 2683 ὢν,
3755 2622 4053 2692 ἑτοιμάζε-

2451 2738 2536 2775 ται
2571 2722 2765 2791 θέρους
2803 2722 2905 2792 τὴν
2943 2724 3148 2792 τροφὴν
3182 2766 3195 2788 ,
3255 2719 3459 2791 πολλὴν
3511 2717 3566 2769 δὲ
3602 2717 3660 2768 ἐν
3715 2715 3797 2786 τῷ
3853 2713 4054 2785 ἀμητῷ

2454 2818 2688 2867 ποιεῖται
2738 2815 2838 2884 τὴν
2897 2815 3226 2884 παράθεσιν.
3276 2813 3348 2865 Ἤ
3421 2809 3718 2880 πορεύθητι
3757 2808 3904 2879 πρὸς
3960 2807 4056 2877 τὴν

2459 2907 2751 2978 μέλισσαν,
2784 2907 2880 2959 καὶ
2914 2906 3053 2977 μάθε
3085 2906 3161 2969 ὡς
3191 2905 3418 2975 ἐργάτις
3447 2902 3587 2967 ἐστί,
3636 2901 3738 2969 τήν
3791 2897 3852 2950 τέ
3891 2901 4058 2968 ἐργα-

2459 3000 2583 3052 σίαν
2621 2999 2698 3062 ὡς
2730 3000 2938 3070 σεμνὴν
2966 3001 3223 3062 ποιεῖται,
3256 2992 3325 3068 ἦς
3359 2993 3490 3056 τοὺς
3552 2993 3748 3053 πόνους
3808 2989 4057 3060 βασιλεῖς

2455 3093 2550 3145 καὶ
2577 3091 2786 3145 ἰδιῶται
2813 3091 2948 3163 πρὸς
2973 3091 3165 3156 ὑγείαν
3183 3087 3608 3162 προσφέρονται.
3647 3104 3666 3137 ι
3703 3083 3764 3136 Ὀ
3792 3084 3849 3137 δὲ
3874 3084 4058 3154 μέγας

2459 3183 2555 3237 καὶ
2611 3183 2987 3254 χρυσόστομος
3017 3180 3228 3243 Παῦλος
3280 3176 3740 3249 παρακελεύεται,
3805 3175 3953 3243 μηδὲ
4004 3176 4060 3226 τει

767 3292 950 3330 rerum
973 3286 1163 3330 natura
1179 3277 1442 3343 videmus,
1463 3293 1524 3331 ca
1554 3279 1848 3332 vanitatem
1875 3294 1998 3333 esse
2027 3279 2353 3332 vanitatum?

2461 3274 2683 3328 σύνολον
2727 3275 2856 3337 τοὺς
2881 3274 3084 3344 ἀργοὺς
3111 3274 3204 3324 καὶ
3231 3271 3512 3342 ῥᾳθύμους
3543 3267 3769 3320 ἐσθίειν.
3804 3267 3941 3328 Πῶς
3969 3262 4060 3319 οὖν

774 3377 864 3422 aut
892 3369 1218 3422 sententiam
1255 3369 1558 3439 illam,qu:e
1578 3371 1804 3424 adducta
1829 3382 1929 3432 est,
1972 3389 1989 3420 t
2019 3371 2158 3436 Quid
2197 3371 2356 3425 habet

774 3458 1007 3524 amplius
1037 3459 1201 3511 homo
1241 3459 1307 3512 de
1341 3459 1599 3513 universo
1632 3460 1820 3513 labore
1849 3475 1971 3524 suo,
2011 3476 2118 3528 quo
2149 3460 2358 3514 laborat

774 3549 876 3600 sub
899 3548 1059 3602 sole?
1093 3567 1112 3600 ι
1151 3537 1322 3604 teme.
1355 3566 1519 3621 opera
1551 3551 1910 3620 significare?
1961 3551 2192 3620 Propter
2233 3567 2356 3618 qua:

775 3640 953 3708 potius
990 3641 1256 3694 honestus
1287 3651 1339 3693 et
1381 3641 1688 3696 industrius
1718 3649 1770 3693 et
1803 3639 1911 3691 Deo
1957 3639 2156 3692 Charus
2193 3640 2357 3692 homo

778 3731 848 3780 sit
888 3730 1161 3794 inventus,
1194 3729 1324 3783 illud
1357 3730 1564 3784 scilicet
1595 3745 1726 3781 cura
1757 3727 2030 3796 ejusmodi
2065 3737 2119 3781 et
2144 3728 2349 3782 laboris

773 3820 1096 3874 :tsslduitate
1127 3831 1477 3885 consecutus,
1511 3829 1568 3873 ttt
1593 3829 1642 3874 ct
1667 3835 1872 3890 egenos
1903 3821 2092 3885 aleret,
2155 3831 2208 3874 et
2258 3822 2350 3874 Ιιυ-

779 3914 958 3981 spites
995 3913 1228 3982 benigne
1248 3913 1545 3983 acciperet,
1577 3923 1631 3967 et
1660 3913 1763 3966 alia
1795 3911 1905 3966 Deo
1927 3912 2166 3981 jucunda
2215 3914 2356 3968 face-

851 4188 983 4244 Natn
1012 4191 1113 4244 nisi
1139 4191 1230 4256 sit,
1262 4191 1355 4261 qui
1387 4184 1684 4245 sudoribus
1714 4189 1832 4244 suis
1866 4198 1922 4243 et
1948 4188 2230 4245 laboribus
2267 4203 2358 4244 co-

776 4281 920 4351 piam
945 4281 1046 4335 sibi
1082 4293 1253 4349 paret,
1280 4289 1336 4334 ttt
1358 4289 1412 4334 et
1451 4281 1564 4349 ipse
1585 4280 1848 4343 abundet,
1901 4288 1956 4333 et
1986 4278 2358 4348 indigentibus

776 4374 1126 4428 eontmndare
1149 4373 1340 4439 possit,
1375 4373 1466 4442 qui
1495 4373 1960 4442 cotnpt-ohabitur,
1990 4380 2086 4425 aut
2113 4371 2178 4424 ad
2196 4387 2356 4441 quem

779 4466 1053 4534 pertinere
1094 4467 1410 4534 putabimus
1430 4465 1636 4519 dictum
1668 4464 1798 4519 illud
1840 4483 1852 4518 :
1885 4483 1904 4516 ι
1948 4463 2233 4534 Dispersit,
2266 4464 2360 4518 de—

777 4560 1208 4627 ditpauperihus
1252 4559 1515 4629 :justitia
1573 4559 1694 4628 ejus
1754 4567 1942 4612 manet
1989 4558 2042 4611 in
2099 4559 2358 4613 sarculum

778 4654 963 4708 szrculi
987 4655 1066 4706 "‘l
1098 4673 1116 4704 ι
1157 4654 1337 4720 Quare
1366 4653 1500 4706 nihil
1523 4653 1796 4722 ejusmodi
1832 4652 2154 4722 designabat
2180 4651 2362 4707 Eccle-

779 4746 1000 4810 siastes,
1035 4747 1128 4801 sed
1181 4746 1312 4799 illud
1368 4747 1420 4799 in
1474 4747 1658 4800 animo
1697 4745 1955 4799 habuisse
2001 4744 2240 4810 videtur,
2280 4753 2362 4798 -ut

777 4835 928 4890 clare
993 4837 1335 4904 praeciperet,
1379 4851 1445 4889 ne
1479 4835 1604 4904 quis
1657 4849 1901 4901 unquam
1962 4833 2028 4888 iis
2058 4833 2364 4888 exuberare

779 4929 1039 4997 operibus
1072 4927 1252 4991 vellet,
1285 4942 1409 4994 quae
1443 4925 1497 4979 in
1536 4925 1808 4979 detestata
1846 4925 2149 4993 voluptate,
2202 4933 2365 4991 atque

781 5020 836 5072 iu
869 5018 1311 5086 eort-ttptelarum
1345 5018 1624 5072 illecebris
1642 5024 1695 5071 et
1719 5019 1771 5071 in
1807 5017 2087 5072 obscmnis
2112 5017 2364 5084 corporis

781 5111 1105 5165 libidinibus
1138 5123 1431 5165 versantur
1476 5129 1489 5164 :
1526 5118 1622 5162 attt
1678 5111 1729 5162 ιιι
1771 5111 2174 5179 cupiditatibus
2207 5109 2274 5163 iis
2312 5119 2368 5163 et

782 5205 933 5259 curis
965 5212 1017 5257 et
1039 5205 1303 5258 servitute
1333 5213 1384 5257 et
1435 5204 1719 5264 aerumnis,
1756 5220 1895 5273 quas
1928 5205 2182 5258 homines
2216 5203 2364 5256 inani

784 5299 974 5366 gloria:
1005 5299 1192 5353 studio
1226 5300 1501 5359 tulerant;
1534 5313 1599 5352 ex
1633 5299 1839 5368 quibus
1879 5314 1988 5352 non
2047 5298 2214 5352 modo
2245 5297 2370 5351 nul-

784 5391 895 5444 lum
930 5392 1157 5445 omnino
1190 5406 1383 5460 cepere
1429 5391 1689 5458 fructum,
1731 5391 1825 5445 Sed
1865 5405 2030 5459 smne,
2079 5389 2368 5458 ingruente

785 5484 1104 5539 morborum
1148 5487 1402 5547 cohorte,
1434 5494 1645 5540 natura:
1677 5500 1901 5556 quoque
1963 5485 2107 5537 vit-cs
2160 5482 2364 5536 amise-

857 5597 901 5629 ²¹
931 5596 1066 5652 Gen.
1091 5614 1152 5663 tt,
1188 5598 1275 5664 15,
1352 5599 1396 5628 ³⁸
1431 5598 1448 5652 l
1483 5599 1608 5652 (Ior.
1643 5616 1694 5662 χ,
1725 5601 1813 5653 51.
1891 5600 1936 5631 ²³
1975 5597 2119 5653 Psal.
2151 5611 2261 5662 cxt,
2294 5595 2350 5649 9.

861 5692 1140 5813 ςὲῗὶϐριι.
1179 5710 1333 5758 nrt,
1366 5695 1451 5747 li.
1503 5694 1694 5750 Latina
1737 5704 1921 5749 nostra
1978 5711 2086 5748 non
2133 5693 2369 5747 reddunt

787 5777 1006 5832 κριυην.
2111 5808 2128 5815 -

863 5833 982 5907 (29)
1014 5834 1171 5892 Prov.
1214 5855 1302 5904 xv,
1338 5839 1420 5895 l9.
1455 5839 1508 5892 ln
1558 5837 1768 5894 Latinis
1813 5839 1891 5893 sic
1926 5836 2168 5895 redditur
2200 5854 2210 5890 :
2259 5833 2368 5888 Iter

769 6065 1070 6167 ﬁ

2459 3367 2743 3438 δυνάμεθα
2764 3369 2904 3419 νοεῖν
2933 3366 2967 3437 ἢ
3009 3366 3077 3418 τὰ
3104 3366 3160 3417 ἐν
3189 3367 3301 3429 τοῖς
3327 3359 3450 3416 οὖσι
3480 3361 3788 3434 φαινόμενα
3818 3360 4057 3428 ματαιό-

2462 3477 2601 3531 τητα
2635 3459 3036 3530 ματαιοτήτων,
3063 3457 3096 3528 ἥ
3128 3457 3189 3510 τὸ
3220 3455 3566 3523 ἐπαγόμενον
3596 3453 3761 3522 ῥητὸν
3825 3451 3926 3503 καὶ
3961 3450 4054 3519 φά-

2465 3569 2614 3614 σκον,
2648 3569 2665 3602 ι
2706 3551 2802 3614 Τίς
2833 3550 3122 3621 περίσσεια
3171 3547 3247 3618 τῷ
3273 3545 3553 3618 ἀνθρώπῳ
3586 3547 3642 3596 ἐν
3676 3545 3844 3595 παντὶ
3872 3543 4060 3611 μόχθῳ

2465 3643 2654 3709 αὑτοῦ,
2690 3637 2734 3710 ᾧ
2769 3641 2960 3713 μοχθεῖ
2988 3641 3094 3695 ὑπὸ
3158 3642 3251 3692 τὴν
3305 3641 3458 3709 ἥλιον
3483 3681 3497 3704 ,
3534 3657 3552 3689 ι
3598 3635 3697 3697 τὰς
3757 3636 3894 3705 περὶ
3964 3634 4063 3705 τὴν

2466 3739 2567 3804 γῆν
2601 3735 2866 3804 ἐργασίας
2897 3732 3094 3804 δηλοῦν
3125 3752 3139 3799 ;
3171 3734 3228 3799 ἐξ
3269 3725 3346 3786 ὧν
3377 3732 3609 3802 εὓρηται
3649 3728 3856 3798 μῦλον
3919 3730 3948 3779 ὁ

2465 3825 2691 3886 λόκαλος
2731 3826 2823 3878 καὶ
2862 3825 3150 3886 σπουδαῖος
3181 3826 3274 3876 καὶ
3310 3822 3564 3891 θεοφιλὴς
3620 3820 3916 3889 ἄνθρωπος
3979 3820 4067 3872 δια

2464 3918 2565 3987 τῆς
2597 3915 2857 3986 τοιαύτης
2881 3915 3209 3986 ἐπιμελείας
3247 3917 3345 3969 καὶ
3381 3913 3719 3984 φιλοπονίας,
3751 3913 3850 3964 καὶ
3912 3927 4061 3963 πτω-

2469 4011 2590 4078 κους
2624 4007 2956 4076 διατρέφων.
2992 4009 3087 4060 καὶ
3132 4008 3318 4072 ξένους
3381 4003 3910 4075 φιλοφρονούμενπςι
3973 4003 4058 4053 κι²

2468 4099 2535 4153 τὰ
2564 4099 2700 4153 ἄλλα
2735 4098 2802 4149 τὰ
2841 4099 3136 4152 ἁνδάνοντα
3171 4097 3250 4166 τῷ
3284 4097 3404 4166 Θεῷ
3440 4097 3605 4167 δρῶν.

2539 4193 2600 4245 El
2632 4191 2740 4261 γὰρ
2782 4191 2856 4261 μὴ
2877 4189 2964 4242 διὰ
2989 4189 3097 4242 τῶν
3118 4188 3262 4241 ἰδίων
3277 4187 3519 4260 ἱδρώτων
3546 4189 3639 4240 καὶ
3658 4186 3882 4257 μόχθων
3905 4191 4061 4261 Rep-f-

2470 4285 2621 4339 σοιτό
2648 4301 2733 4347 τις
2751 4282 2929 4352 ἐαυτῷ
2948 4282 3048 4352 τὴν
3077 4281 3432 4351 αὐτάρκειαν,
3462 4281 3537 4342 ὼς
3569 4282 3831 4351 εὐπορεῖν
3844 4283 3942 4334 καὶ
3957 4286 4065 4344 τοῖς

2468 4377 2670 4430 ἐνδεὲσι
2733 4377 2953 4446 κιχρᾷν,
3011 4373 3116 4426 ποῦ
3151 4371 3598 4444 πληρωθήσεται,
3636 4372 3733 4426 καὶ
3770 4376 4064 4442 περὶτενο,

2471 4469 2768 4540 ῥηθήσεται
2784 4467 3067 4537 τδφέισκον
3093 4466 3256 4537 ῥητὸν
3278 4507 3292 4530 ,
3315 4486 3333 4517 ι
3365 4466 3748 4536 Ἐσκόρπισεν,
3766 4466 3942 4519 ἔδωκε
3964 4471 4066 4527 τοῖς

2471 4561 2697 4629 πένησιν
2725 4575 2737 4589 ·
2775 4560 2808 4628 ὴ
2832 4557 3146 4627 δικαιοσύνη
3177 4557 3343 4610 αὐτοῦ
3377 4556 3530 4626 μένει
3564 4557 3750 4620 εἰςτὶιν
3769 4557 3951 4611 αἰῶνα
3980 4561 4067 4612 τοῦ

2469 4653 2693 4717 αἰιτ.νος;
2731 4671 2748 4702 ι
2775 4651 3079 4722 Τοιγαροῦν
3101 4651 3256 4704 οῦδὲν
3287 4650 3364 4720 τῷ
3401 4650 3808 4722 Ἐκκλησιαστῇ
3847 4653 4060 4721 πρόκει-

2470 4761 2557 4797 ται
2575 4744 2816 4796 τοιοῦτον
2851 4745 3028 4796 ειπεῖν
3058 4760 3071 4771 ·
3091 4743 3226 4798 ἀλλὰ
3256 4742 3528 4812 μηδεμίαν
3562 4742 3896 4810 περίσσειαν
3930 4746 4067 4816 ἔχειν

2472 4835 2562 4888 τὸν
2595 4835 2883 4905 ἄνθρωπον
2937 4833 3116 4902 λέγειν
3145 4835 3334 4902 σαφῶς
3367 4833 3711 4899 ὑποληπτέον
3746 4837 3844 4888 ἐπὶ
3869 4840 4066 4901 πάσαις

2469 4929 2591 4990 ταῖς
2603 4927 2722 4979 καθ’
2741 4927 2936 4997 ἡδονὴν
2956 4924 3390 4996 διαϐεϐλημένην
3416 4924 3669 4994 πράξεσι,
3690 4925 3789 4977 καὶ
3825 4934 4062 4996 σωματι-

2473 5019 2574 5088 κὴν
2602 5022 2697 5072 καὶ
2735 5018 3004 5089 σαρκικὴν
3029 5019 3326 5072 εὐπάθειαν
3365 5018 3456 5071 καὶ
3500 5016 3757 5088 πονηρὰν
3822 5020 4063 5074 ἀπόλαυ.

2474 5128 2576 5173 σιν,
2610 5113 2704 5164 καὶ
2730 5112 2826 5173 τὰς
2859 5113 2949 5164 ἐπὶ
2977 5114 3097 5175 ταῖς
3145 5111 3524 5182 ἀνθρωπίναις
3554 5110 3647 5164 καὶ
3709 5116 4072 5182 παρερχομέ-

2475 5221 2591 5265 ναις
2631 5202 2812 5266 δόξαις
2854 5203 3176 5272 ἐπιθυμίας,
3215 5202 3311 5254 καὶ
3353 5202 3628 5271 μερίμνας
3686 5203 3788 5253 καὶ
3846 5201 4068 5270 Θητείςς

2473 5297 2934 5368 καὶκακουχίαςο
2990 5289 3065 5347 ὧν
3124 5297 3184 5347 ού
3255 5294 3416 5364 μόνον
3477 5292 3631 5344 οὐδὲν
3673 5291 3982 5346 ἀπώναντο
4021 5294 4071 5344 τέ

2473 5389 2759 5460 παράπαν,
2799 5388 2935 5443 ἀλλὰ
2965 5388 3227 5450 πολλάκις
3259 5387 3353 5440 καὶ
3379 5385 3709 5457 νοσημάτων
3751 5385 3955 5455 ἐσμὸν,
3983 5399 4068 5441 κει

2474 5481 2713 5551 φυσικῆς
2753 5479 2927 5550 ἀλκῆς
2975 5480 3232 5552 στέρησιν
3293 5473 3455 5549 εὗρον
3485 5495 3497 5506 ·
3539 5477 3630 5531 καὶ
3695 5477 3836 5549 πρῶ
3901 5481 4068 5550 πέρας

2476 5693 2746 5761 pigrorum
2771 5690 2926 5759 quasi
2951 5689 3414 5761 sepesspitmrttttt:

2551 5762 2661 5829 (δυ)
2698 5757 2860 5815 Prov.
2893 5777 2962 5821 ιι,
3002 5760 3054 5811 6.
3091 5757 3362 5829 Sedapud
3402 5757 3538 5813 LXX
3577 5761 3796 5829 legitur.
3834 5759 3955 5814 Καὶ
3979 5759 4064 5828 ἰή·

2479 5833 2649 5887 λωσον
2681 5831 2802 5884 ἰδὼν
2839 5832 2935 5894 τὰς
2966 5830 3118 5893 ὀδοὺς
3163 5828 3347 5882 αὑτοῦ.
