4226 6444
185 387 298 455 7Ῐ3

1294 381 1374 441 ΙΝ
1442 378 2024 440 ECCLESIASTEN.
2055 404 2122 413 -
2146 378 2296 439 LIB.
2338 383 2384 440 Ι.

3360 388 3465 450 774

187 526 278 562 ται
305 501 614 558 διακεῖσθαι
645 500 737 552 καὶ
766 497 1122 552 συνίστασθαι
1144 495 1322 549 πάντα
1361 496 1511 548 ττῖνῐε
1543 498 1766 566 κύαμον

1895 496 2158 549 :onditum
2194 511 2256 551 ae
2291 498 2653 574 constitutum
2684 511 2828 562 esse,
2859 496 3079 566 sapiens
3108 496 3469 554 Ecclesiastes

189 603 238 652 εἰ
269 601 400 668 γάρ,
427 617 444 648 ι
475 595 642 648 Γενεὰ
677 591 994 662 πορεύεται,
1023 591 1116 643 καὶ
1144 590 1308 658 γενεά
1335 589 1574 660 ἔρχεται,
1619 611 1634 639 ι
1668 589 1776 642 τῶν

189 688 493 761 ἀνθρώπων
525 685 857 738 ἐπανιόντων
892 682 1034 736 κατά
1062 681 1255 748 γενεὰν
1297 682 1393 733 καὶ
1439 682 1631 748 γενεὰν
1697 683 1776 743 εἰς

189 783 280 836 τὸν
307 782 469 835 αὑτὸν
501 778 656 849 χοῦν,
692 776 750 840 ἐξ
782 770 953 844 οὗπερ
985 774 1299 844 ἐλήφθησαν
1327 790 1338 800 .
1371 773 1659 842 ,πρόδηλθῶ
1697 773 1778 824 δη

191 876 220 926 ὁ
253 874 360 928 ἀπό
405 887 551 934 τινος
581 869 813 939 κέντρου
844 866 935 919 τοῦ
997 867 1226 936 σημείου
1287 866 1488 926 κύκλος
1545 881 1777 935 περιηγ-

197 966 380 1035 μένος,
415 964 549 1032 πρὸς
579 961 676 1032 τὴν
711 961 800 1012 ἐπ’
833 960 1008 1029 ἀρχὴν
1042 958 1298 1010 ἐπάνεισι
1333 959 1582 1024 κίνησιν·
1638 955 1780 1008 οὕτω

195 1060 288 1110 καὶ
302 1059 409 1118 πᾶς
436 1054 530 1109 ἄνθ
542 1069 721 1124 ρωπος
742 1052 878 1122 μετά
894 1050 1089 1104 πολλὰς
1122 1069 1187 1103 πε
1196 1068 1317 1121 ριστ
1327 1051 1493 1119 ροφάς
1518 1051 1610 1102 καὶ
1626 1067 1690 1101 πε
1698 1067 1780 1118 ρι-

193 1150 348 1209 όδους
378 1143 530 1208 αὖθις
564 1141 1010 1213 ἐπαναλύειπρὸς
1038 1143 1102 1195 τά
1132 1141 1192 1206 ἐξ
1211 1135 1284 1195 ὧν
1321 1141 1579 1209 συνετέθη
1633 1157 1780 1192 στοι-

194 1245 317 1311 χεία
349 1241 442 1293 καὶ
469 1239 570 1308 τὴν
604 1237 817 1305 γένεσιν
840 1235 1018 1305 ἔσχεν.
1063 1235 1222 1286 Ἀλλά
1253 1234 1347 1286 καὶ
1378 1236 1408 1303 ἡ
1440 1237 1533 1302 γῆ,
1555 1233 1657 1285 κᾶν
1699 1234 1778 1291 εἰς

195 1335 288 1386 τὸν
315 1332 485 1384 αἰῶνα
532 1330 754 1400 ἔστηκε,
790 1328 927 1398 πλὴν
958 1326 1093 1380 ἀλλὰ
1127 1327 1234 1397 γάρ
1265 1326 1354 1378 διὰ
1399 1325 1495 1394 τῆς
1545 1324 1782 1392 φθίσεως

199 1425 293 1478 καὶ
310 1425 408 1492 τῆς
441 1424 496 1475 ἐν
524 1422 601 1492 τῷ
627 1420 826 1491 κρυμῷ
844 1419 934 1472 τοῦ
951 1420 1218 1490 χειμῶνος
1241 1419 1443 1488 τρόπον
1459 1417 1580 1470 τινὰ
1616 1434 1784 1487 προσ-

199 1516 492 1585 γινομένης
520 1515 658 1584 αύτῇ
701 1513 938 1584 θνήξεως
961 1512 1055 1564 καὶ
1087 1511 1250 1563 πάλιν
1279 1509 1624 1571 ἀναϐιώσεως
1659 1511 1783 1578 ἐτη-

200 1607 315 1659 σίου
337 1603 604 1673 κυκλικὴν
621 1603 850 1673 ἔχειτὴν
881 1601 1160 1655 σύστασιν.
1186 1599 1463 1661 Ὡσαύτως
1477 1617 1539 1668 γε
1558 1600 1661 1670 μὴν
1691 1599 1783 1652 καὶ

194 1698 224 1748 ὸ
257 1697 407 1764 ἣλιος
443 1693 749 1747 ἀνατέλλων
781 1695 859 1754 εἰς
884 1691 944 1742 τὸ
974 1691 1106 1742 αὐτὸ
1134 1688 1229 1742 τοῦ
1251 1689 1525 1760 ὁρίζοντος
1555 1691 1782 1759 σημεῖον

199 1791 294 1840 καὶ
325 1786 461 1857 πρὸς
496 1785 588 1838 τὸν
622 1782 841 1836 δυτικδν
867 1781 1125 1852 ὁρίζοντα
1157 1780 1480 1850 διαστείχων
1505 1799 1517 1812 ο
1557 1781 1649 1832 καὶ
1677 1783 1784 1832 πά-

1887 604 1986 642 nos
2021 588 2271 642 addocet.
2294 587 2428 641 Nam
2467 588 2512 642 si
2551 606 2568 638 ι
2606 587 2896 642 Generatio
2934 592 3192 658 praeterit,
3229 600 3282 644 et
3317 608 3473 660 genu.

1885 680 2020 732 ratio
2047 677 2283 743 advenit,
2318 699 2335 728 ι
2373 679 2733 747 hominesque
2760 695 2856 747 per
2878 680 3291 750 generationum
3325 682 3473 735 vices

1885 772 1990 841 22
2026 772 2078 824 in
2115 788 2240 825 cum
2295 773 2523 826 redeunt
2575 772 2880 841 pulverem,
2917 774 3061 826 unde
3107 775 3470 837 exstiterunt;

1887 865 2238 920 manifestum
2271 878 2375 931 est,
2424 869 2490 920 ab
2523 869 2710 937 aliquo
2782 878 2985 936 puncto
3048 869 3188 937 signi
3236 870 3473 922 circum-

1888 969 2070 1012 actum
2093 960 2281 1014 orbem
2311 961 2376 1013 ad
2412 970 2596 1014 motus
2622 963 2703 1014 sui
2728 961 3014 1013 exordium
3038 961 3258 1024 reverti,
3289 963 3475 1030 itaque

1888 1067 2107 1106 onmem
2162 1054 2439 1107 hominem
2477 1061 2596 1120 post
2639 1054 2836 1107 multas
2874 1054 3261 1128 conversiones
3309 1066 3474 1121 atque

1886 1145 2152 1202 circuitus
2202 1148 2255 1199 in
2312 1162 2373 1200 ea
2427 1147 2624 1198 iterum
2667 1146 2935 1200 elementa
2981 1148 3200 1209 resolvi,
3237 1163 3300 1199 ex
3351 1148 3474 1214 qni-

1890 1239 1990 1292 bus
2022 1239 2364 1306 compositus
2395 1246 2501 1301 est,
2555 1253 2836 1306 genusque
2885 1240 3068 1292 duxit.
3120 1239 3228 1292 hec
3293 1241 3474 1293 minus

1889 1341 2053 1392 terra,
2083 1346 2401 1400 quanquam
2453 1330 2506 1383 in
2556 1341 2822 1384 aeternum
2856 1340 2982 1393 stat,
3016 1348 3083 1384 ex
3119 1331 3476 1399 corruptione

1889 1433 2070 1476 tamen
2121 1412 2392 1491 quasique
2421 1433 2598 1476 morte
2649 1438 2743 1491 per
2803 1423 2999 1475 hiemis
3033 1421 3233 1488 frigora
3284 1436 3477 1490 super-

1891 1516 2160 1579 veniente,
2223 1527 2388 1585 atque
2434 1533 2500 1569 ex
2535 1517 2726 1570 iterata
2785 1515 3083 1584 quotannis
3134 1515 3244 1568 vita
3302 1516 3460 1583 perio

1890 1609 2066 1662 dicam
2119 1609 2280 1662 habet
2318 1609 2792 1662 constitutionem.
2845 1607 3137 1662 Enimvero
3199 1615 3253 1660 et
3305 1607 3476 1660 solem

1891 1700 2006 1769 pari
2057 1701 2243 1763 modo,
2300 1715 2426 1752 eum
2487 1700 2556 1752 ab
2643 1699 2834 1752 eodem
2895 1699 3197 1753 horizontis
3251 1708 3479 1754 exortus

1892 1793 2048 1861 signo
2077 1792 2129 1844 in
2164 1793 2497 1846 occidentem
2531 1791 2806 1860 procedat,
2842 1800 2955 1844 tum
2985 1805 3232 1844 remeans
3258 1805 3479 1844 rursum

197 1879 283 1930 λιν
310 1881 389 1940 εἰς
421 1877 479 1928 τὸ
514 1876 646 1929 αὐτὸ
703 1877 929 1946 σημεῖον
983 1872 1079 1926 τοῦ
1131 1873 1452 1926 ἀνατολικοῦ
1508 1874 1781 1944 ὁρίζοντος

1895 1879 2120 1952 orientis
2151 1888 2205 1932 et
2235 1875 2536 1933 occidentis
2563 1880 2751 1934 eadem
2806 1889 3093 1947 percurrat
3141 1879 3318 1949 signa,
3349 1895 3478 1933 cur-

200 1969 591 2041 εύρισκόμενος
616 1967 714 2020 καὶ
743 1967 837 2019 τοῦ
865 1965 1142 2030 δύνοντος,
1209 1966 1478 2037 κυκλικὴν
1534 1965 1787 2034 κατείλη-

199 2079 334 2115 πται
375 2059 746 2131 πεποιημένος
775 2060 874 2128 τὴν
913 2059 1152 2127 κίνησιν.

277 2155 349 2206 To
379 2155 511 2206 αὐτὸ
547 2153 603 2205 δέ
638 2152 793 2205 τοῦτο
828 2151 1066 2220 πάσχειν
1094 2150 1325 2204 καὶτῶν
1385 2149 1604 2219 ἀνέμων
1657 2149 1786 2201 ’ἐκα-

203 2267 329 2302 στον
383 2248 683 2318 παρίστησι
748 2246 843 2298 νῦν
890 2245 1161 2313 φάσκων·
1226 2262 1245 2294 ι
1283 2243 1492 2296 Κυκλοί
1547 2241 1785 2307 κυκλῶν,

202 2341 498 2412 πορεύεται
529 2339 589 2392 τὸ
619 2336 860 2409 πνεῦμα,
903 2340 998 2390 καὶ
1031 2335 1124 2388 ἐπὶ
1153 2335 1388 2398 κύκλους
1445 2334 1611 2388 αὐτοῦ
1669 2337 1788 2388 ἐπι-

205 2438 426 2502 στρέφει
462 2430 523 2482 τὸ
557 2429 794 2498 πνεῦμα.
829 2448 847 2480 ›
884 2427 1163 2498 Πρόδηλον
1211 2426 1320 2498 γάρ
1345 2465 1358 2488 ,
1417 2427 1491 2488 ὼς
1541 2427 1787 2495 ὅπουπερ

204 2524 273 2578 ἂν
310 2525 338 2574 ὁ
376 2523 576 2594 βορρᾶς
608 2521 816 2590 πνεύσῃ
845 2521 940 2574 καὶ
967 2519 1138 2582 νύτος,
1165 2521 1244 2582 εἰς
1306 2519 1399 2571 τὸν
1440 2519 1570 2570 ἴδιον
1624 2519 1787 2570 τόπον

205 2613 638 2680 αὖθιςέιτάνεισι
685 2613 980 2675 κυκλικῶς,
1030 2611 1089 2678 ἐξ
1143 2603 1205 2664 οὗ
1269 2612 1361 2664 καὶ
1413 2611 1514 2680 τὴν
1573 2610 1787 2678 γένεσιν

207 2706 354 2776 ἔσχε,
403 2706 586 2773 ποίαν¹
620 2706 754 2775 ἡμῖν
807 2701 1056 2756 ἐντεῦθεν
1114 2704 1509 2772 προμνώμενος
1565 2701 1782 2772 bimam;

207 2802 398 2850 πεῖσαι
439 2797 689 2867 βούλεται
717 2795 1042 2865 πολυμερῶς
1068 2796 1164 2848 καὶ
1214 2795 1574 2864 πολυτρόπως
1615 2796 1784 2863 ἡμᾶς,

206 2889 285 2952 ὡς
316 2889 468 2940 οὐδὲν
503 2889 610 2940 τῶν
641 2891 699 2940 ἐν
739 2886 1050 2956 ἀνθρώποις
1081 2885 1471 2953 διοικουμένων
1505 2887 1597 2938 καὶ
1630 2885 1784 2938 πολι-

205 2978 518 3046 τευομένων
548 2977 607 3029 τὸ
642 2977 907 3046 στάσιμον
940 2977 1060 3046 ἔχει
1091 2976 1186 3029 καὶ
1221 2974 1437 3045 βέϐαιον
1472 2992 1486 3006 °
1521 2977 1655 3029 ἀλλὰ
1694 2979 1787 3030 καὶ

207 3075 348 3127 αὐτά
380 3073 446 3124 τὰ
477 3073 576 3141 τὴν
606 3072 868 3141 διαμονὴν
908 3071 1102 3140 ἔχοντα
1159 3071 1252 3121 καὶ
1286 3073 1386 3137 τῖςν
1418 3071 1607 3122 στάσιν
1648 3072 1788 3141 ἀκήά

211 3182 395 3236 ριτον,
423 3165 548 3233 ἄχρι
583 3163 683 3232 τῆς
711 3163 1023 3232 ὁρισθείσης
1063 3162 1361 3225 παντελοῦς
1410 3163 1785 3232 ἀποπερατώ-

209 3271 350 3313 σεως
377 3253 466 3308 διὰ
510 3255 612 3322 τῆς
661 3256 895 3323 τοπικῆς
930 3253 1234 3321 μεταϐολῆς
1273 3253 1362 3304 καὶ
1401 3253 1668 3322 κυκλικῆς
1698 3253 1792 3306 ἀλ-

209 3344 483 3407 λοιώσεως
513 3345 606 3396 καὶ
635 3346 904 3413 κινήσεως
945 3343 1044 3412 τὴν
1071 3343 1339 3412 διαμονὴν
1393 3347 1488 3395 καὶ
1541 3344 1639 3411 τὴν
1694 3344 1789 3396 σύ-

212 3455 407 3491 στασιν
435 3437 647 3507 ἔχουσιν
681 3453 693 3464 ·
723 3436 818 3488 ἆτε
847 3435 910 3504 δὴ
928 3434 1336 3504 πειθαρχοῦντα
1367 3435 1463 3488 καὶ
1493 3435 1793 3503 θητεύοντα

209 3534 326 3594 τοῖς
355 3533 501 3599 ὅροις
535 3531 630 3582 καὶ
672 3528 859 3598 νόμοις
913 3527 1009 3580 τοῦ
1050 3528 1352 3589 κτίσαντος
1394 3529 1488 3580 καὶ
1531 3527 1792 3593 τάξαντος

212 3624 311 3676 καὶ
341 3623 514 3693 ταύτῃ
547 3619 940 3690 συντηροῦντος
971 3619 1063 3672 καὶ
1089 3617 1356 3683 σώζοντος
1384 3636 1396 3648 ·
1434 3620 1521 3671 ἴνα
1567 3619 1792 3672 κάντεῦ-

214 3717 308 3769 θεν
340 3717 502 3785 ἡμεῖς
529 3714 628 3783 τὴν
650 3713 788 3784 πρὸς
816 3711 879 3764 τὸ
910 3710 1044 3763 αὐτὸ
1063 3710 1162 3779 τῆς
1190 3709 1459 3776 γενέσεως
1490 3711 1647 3780 ἡμῶν
1671 3713 1792 3764 κέν-

213 3825 344 3878 τρον
402 3805 658 3858 ἐπάνοδον
691 3805 799 3868 ,καὶ
854 3802 1288 3874 παλινδρόμησιν
1324 3803 1410 3854 ἀεὶ
1449 3802 1796 3871 προσδοκῶν-

213 3915 309 3960 τες
351 3896 743 3964 σπουδάσωμεν
769 3893 1029 3962 ἐμμένειν
1058 3894 1172 3953 τοῖς
1200 3891 1388 3961 νόμοις
1417 3891 1513 3943 τοῦ
1551 3890 1792 3942 Κτίσαν-

214 4008 330 4053 τος,
386 3992 498 4052 τοῖς
527 3989 758 4056 ἀψύχοις
794 3983 1199 4054 παραπλησίως
1228 3998 1242 4013 ·
1309 3983 1406 4035 καὶ¹
1454 3983 1528 4053 μὴ
1579 3982 1795 4052 χείρους

217 4079 538 4151 εὑρεθῶμεν
568 4077 814 4137 ἐκείνων,
847 4074 1169 4138 ἀθετοῦντες
1205 4076 1300 4127 καὶ
1359 4074 1797 4144 παραϐαίνοντες

216 4176 323 4245 τὴν
356 4172 611 4242 βούλησιν
635 4169 730 4222 τοῦ
754 4169 1108 4238 Ποιήσαντος,
1157 4185 1175 4218 ι
1223 4168 1319 4230 Ὃς
1352 4165 1536 4234 ἐξάγει
1557 4168 1651 4219 καὶ
1673 4167 1798 4229 τοὺς

221 4267 460 4333 ἀνέμους
505 4267 569 4316 ἐκ
632 4261 928 4331 θησαυρῶν
970 4259 1159 4324 αὐτοῦ,
1196 4277 1216 4311 ι
1273 4259 1367 4312 καὶ
1415 4258 1798 4328 παλινδρομεῖν

220 4353 379 4418 αὖθις
423 4350 825 4415 κατασκευάζει
853 4350 1130 4412 κυκλικῶς
1164 4352 1395 4402 ἕκαστον
1447 4351 1527 4411 είς
1554 4347 1645 4399 τὸν
1671 4348 1800 4400 ἴδιον

216 4450 406 4509 τόπον,
434 4445 680 4506 καὶτοὺς
707 4441 1030 4512 ἀνθρώπους
1064 4443 1142 4504 εἰς
1175 4441 1235 4494 τὸ
1269 4441 1362 4493 τοῦ
1389 4440 1653 4506 παρόντος
1684 4438 1799 4508 βίου

1889 1969 2122 2024 riculum
2159 1985 2316 2023 suum
2371 1970 2442 2024 ad
2489 1971 2680 2025 circuli
2730 1972 2998 2027 rationem
3052 1971 3338 2027 absolvere
3383 1972 3480 2027 de-

1889 2062 2296 2131 prehendimus.

1957 2154 2077 2209 Jam
2109 2164 2162 2208 et
2197 2165 2488 2208 ventorum
2526 2155 2826 2222 quemlibet
2857 2153 3046 2208 eodem
3080 2164 3238 2224 pacto
3269 2157 3478 2211 moveri

1888 2263 2036 2301 nunc
2093 2247 2317 2308 indicat,
2358 2248 2486 2300 dum
2517 2247 2594 2300 ait
2621 2267 2634 2300 :
2673 2265 2690 2296 ι
2731 2245 2898 2318 Gyrat
2929 2263 3153 2316 gyrans,
3185 2247 3334 2302 vadit
3365 2250 3478 2318 spi-

1891 2350 2048 2402 ritus,
2114 2347 2168 2392 et
2225 2339 2279 2392 in
2347 2338 2586 2392 circulos
2643 2353 2774 2392 suos
2825 2339 3115 2392 revertitur
3173 2339 3420 2408 spiritus.
3457 2359 3476 2391 ι

1890 2428 2245 2498 Perspicuum
2316 2430 2464 2482 enim
2521 2438 2629 2491 est,
2686 2429 3130 2499 quandocunqne
3179 2430 3364 2498 aquilo
3428 2442 3482 2485 et

1891 2534 2058 2576 notus
2087 2522 2397 2591 spiraverit,
2452 2522 2643 2575 eodem
2692 2537 2886 2575 rursus
2920 2536 3016 2590 per
3071 2521 3342 2575 circulum
3396 2539 3481 2576 re-

1887 2615 2024 2681 dire,
2059 2616 2111 2668 in
2152 2631 2275 2668 eum
2304 2614 2515 2669 scilicet
2542 2614 2721 2668 locum
2745 2614 2887 2667 unde
2911 2625 3093 2668 ortum
3121 2613 3314 2669 habuit
3342 2615 3477 2686 (49.).

1886 2707 1953 2760 At
1987 2722 2149 2776 quam
2188 2707 2274 2759 ille
2319 2707 2479 2760 nobis
2532 2709 2822 2759 utilitatem
2860 2706 2989 2760 hinc
3020 2707 3215 2760 aﬂ‘erre
3259 2709 3483 2762 studet?

1889 2812 2084 2864 nempe
2135 2797 2323 2851 multis
2375 2798 2464 2851 ille
2513 2807 2568 2850 et
2614 2799 2784 2851 variis
2838 2800 3171 2867 persuadere
3211 2805 3481 2871 exemplis

1889 2890 2004 2942 vult
2058 2905 2273 2950 eorum.
2336 2907 2459 2957 qua:
2521 2891 2662 2944 inter
2723 2890 2975 2946 homines
3020 2905 3286 2964 geruntur
3317 2906 3484 2966 atque

1889 2983 2366 3044 administrantur,
2414 2983 2551 3036 nihil
2599 2999 2722 3038 esse
2775 2984 3012 3051 firmum,
3065 2987 3201 3040 nihil
3251 2990 3480 3044 stabile:

1888 3075 2021 3142 quin
2056 3090 2118 3126 ea
2150 3073 2284 3141 ipsa,
2311 3089 2434 3142 qute
2471 3073 2786 3127 lirmitatem
2813 3086 2866 3128 et
2897 3076 3250 3131 stabilitatem
3279 3079 3486 3135 habent

1895 3166 2283 3230 immortalem,
2317 3166 2457 3218 intra
2497 3168 2850 3234 praescriptos
2898 3169 3035 3222 lines
3067 3169 3141 3223 ita
3173 3180 3320 3226 stare
3361 3188 3485 3242 pcr-

1895 3267 2056 3327 petuo
2085 3265 2248 3324 atque
2274 3257 2598 3320 consistere,
2631 3265 2689 3310 ut
2718 3266 2771 3310 et
2819 3257 3000 3311 locum
3039 3269 3217 3314 tamen
3250 3255 3481 3329 mutent,

1893 3358 1945 3402 et
1969 3349 2154 3402 orbem
2184 3363 2341 3401 suum
2394 3349 2607 3403 vicibus
2640 3358 2920 3417 peragant,
2955 3351 3208 3407 deﬁnitos
3238 3353 3486 3423 profecto

1894 3444 2094 3498 limites
2124 3445 2421 3507 servantia,
2457 3454 2510 3497 et
2559 3445 2875 3502 Conditoris
2913 3464 3007 3517 per
3063 3465 3224 3518 quem
3261 3468 3487 3506 conscr-

1896 3544 2092 3588 vantur
2124 3549 2187 3587 ac
2219 3534 2418 3602 vigent,
2458 3534 2668 3604 legibus
2722 3537 3116 3606 obsequentia:
3151 3540 3353 3607 quibus
3387 3558 3489 3596 nos

1895 3625 2292 3679 animadversis
2341 3627 2420 3679 sic
2468 3627 2703 3680 reditum
2758 3628 2910 3681 illum
2966 3646 3364 3701 recursumque
3412 3639 3482 3688 all

1897 3718 2035 3770 idem
2070 3718 2435 3785 generationis
2465 3728 2663 3772 nostra:
2697 3729 2958 3787 punctum
3003 3737 3223 3792 semper
3253 3736 3488 3792 praesto-

1897 3809 2094 3869 lcmur,
2129 3817 2186 3860 ut
2215 3809 2280 3860 ad
2315 3808 2740 3863 inanimatorum
2775 3827 3025 3864 normam
3065 3823 3276 3868 natura:
3305 3818 3490 3870 terrui-

1899 3901 1983 3953 nis
2019 3909 2071 3952 et
2111 3899 2424 3954 Conditoris
2478 3901 2811 3969 prmseriptis
2856 3903 3102 3956 studiose
3150 3904 3488 3973 insistentes,

1900 3992 1952 4045 in
1991 3992 2264 4045 deteriora
2301 3991 2436 4059 lapsi
2485 4008 2552 4043 ne
2609 3991 2913 4057 vidi-amur,
2967 3994 3228 4064 abrogata
3283 4000 3493 4053 scilicet

1899 4083 2218 4151 violataque
2253 4082 2508 4135 Auctoris
2547 4083 2719 4136 nostri
2755 4083 3054 4151 voluntate,
3094 4105 3112 4136 ι
3150 4086 3252 4152 Qui
3288 4090 3493 4157 produ-

1900 4180 1974 4230 cit
2021 4176 2088 4229 de
2133 4175 2406 4228 thesauris
2464 4175 2579 4228 suis
2624 4183 2677 4227 et
2725 4186 2915 4230 ventos
2957 4179 3089 4247 (4'5),
3125 4197 3144 4229 ι
3180 4179 3288 4249 23
3329 4192 3493 4250 atque

1901 4284 1995 4337 per
2041 4266 2306 4320 circulum
2341 4283 2536 4321 rursus
2585 4266 2765 4320 redire
2797 4268 3046 4337 singulos
3077 4271 3231 4324 docet
3271 4273 3323 4324 in
3361 4289 3491 4341 pro-

1901 4361 2080 4430 prium
2125 4359 2304 4414 locum
2333 4375 2346 4423 ;
2378 4359 2632 4428 idemque
2669 4360 2920 4414 homines
2952 4361 3006 4414 in
3058 4365 3340 4430 praesentis
3372 4366 3494 4422 \itar

1905 4455 2143 4506 stadium
2197 4452 2409 4506 inducit
2453 4466 2518 4505 ac
2553 4453 2737 4512 mittit,
2773 4462 2938 4522 atque
2990 4454 3189 4508 iterum
3241 4458 3491 4522 eductos,

222 4538 440 4590 στάδιον
470 4535 682 4600 εἰσάγει
712 4534 803 4585 καὶ
839 4531 1020 4600 τίθησι
1046 4547 1062 4563 ·
1094 4531 1188 4582 καὶ
1231 4531 1392 4581 πάλιν
1420 4529 1605 4594 ἐξάγει
1662 4527 1781 4596 μετέ

1907 4546 2096 4615 elapso
2129 4546 2272 4614 quod
2305 4546 2502 4612 cuique
2541 4544 2787 4598 deﬁnivit
2852 4548 2974 4600 vita:
3005 4547 3202 4616 spatio,
3236 4549 3302 4601 ad
3342 4563 3499 4602 eam--

217 4631 321 4700 τὴν
344 4626 768 4697 ἀποπεράτωσιν
795 4624 893 4693 τῆς
906 4621 1218 4691 ὁρισθείσης
1239 4617 1797 4695 ἑκάστῳδιαϐιώσεως

220 4722 321 4775 καὶ
353 4720 486 4792 πρὸς
514 4719 612 4788 τὴν
640 4714 808 4786 αὐτὴν
838 4714 1052 4783 τιθηνὸν
1102 4711 1442 4782 ἐπιστρέφει,

295 4813 449 4880 Τάχα
476 4811 533 4863 δέ.
565 4827 686 4862 τινα
712 4809 807 4860 καὶ⁵
835 4807 1252 4876 μυστικωτέραν
1296 4804 1532 4873 θεωρίαν
1591 4805 1650 4855 ἐν
1678 4805 1802 4857 τού-

220 4923 339 4969 τοις
412 4906 542 4974 ἡμῖν
604 4897 992 4970 προϐάλλεται,
1053 4896 1192 4948 πάνυ
1239 4893 1602 4946 συντελοῦσαν
1665 4896 1803 4964 πρῖς

300 5065 412 5136 (42)
450 5064 584 5118 Mira
620 5062 742 5136 haec
768 5062 1015 5136 omnino,
1042 5075 1164 5128 qua:
1190 5059 1257 5114 de
1278 5058 1557 5136 _Aquilo_ne
1586 5065 1638 5109 et
1667 5054 1805 5136 Noto

225 5130 540 5195 traduntur,
571 5147 671 5187 nee
694 5132 937 5202 physicis
967 5140 1096 5184 nota
1121 5130 1356 5202 nostris:
1395 5133 1486 5196 qui
1523 5136 1726 5185 tamen.
1751 5130 1804 5202 si

224 5211 295 5264 de
348 5194 645 5261 subsolano
694 5194 1025 5265 dicerentur,
1065 5200 1246 5254 minus
1306 5194 1692 5268 repugnarent.
1749 5194 1798 5249 Is

226 5278 374 5334 enim
431 5283 623 5328 ventus
657 5272 711 5325 in
758 5271 976 5324 Oceano
1007 5267 1386 5338 navigantibus
1433 5268 1564 5322 solis
1585 5267 1805 5338 plagam

228 5360 415 5402 tenere
471 5345 703 5404 videtur,
760 5351 921 5409 atque
956 5340 1090 5393 adeo
1117 5337 1500 5409 circulumsic
1543 5337 1714 5409 obire,
1748 5345 1809 5388 ut

230 5426 518 5488 postquam
571 5428 696 5488 cum
745 5407 859 5464 sole
905 5411 963 5488 in_
1015 5411 1368 5488 occidentem
1392 5408 1621 5470 ﬂaverit,
1665 5407 1806 5485 idem

227 5476 823 5555 quodammodo_cu_m
848 5550 858 5555 _
886 5481 999 5533 sole
1057 5494 1273 5555 rursum
1322 5482 1420 5555 ah_
1444 5488 1582 5555 ortu-
1617 5476 1805 5555 spiret.

229 5545 500 5614 Cancrum
531 5569 595 5607 ea
656 5550 997 5605 Ecclesiasta:
1026 5549 1192 5602 verba
1239 5549 1306 5601 de
1342 5547 1534 5614 spiritu
1571 5545 1809 5598 hominis

231 5628 512 5712 Nyssenus
529 5620 1025 5712 accepitiaitenim:
1041 5619 1248 5703 Ιςυκλοῖ
1261 5617 1387 5695 γὰρ,
1405 5614 1807 5712 φηρ“ι,ξιυ›ξλῶειο

230 5685 378 5752 οῦτω
395 5695 572 5747 τοίνυν
599 5685 691 5744 καὶ
720 5694 778 5744 τὸ
796 5693 884 5741 σον
917 5689 1204 5758 πορεύεται
1231 5685 1362 5740 πνεῦ
1373 5703 1466 5758 μα·
1484 5686 1592 5738 ἀπὸ
1613 5685 1811 5758 μέρους

234 5769 380 5821 ἆπαν
412 5761 692 5833 ὀνομάζων
718 5761 776 5813 τὸ
792 5754 1128 5833 ἀνθρώπινον
1146 5754 1390 5826 πνεῦμαλ
1406 5757 1505 5833 τὴν
1528 5754 1810 5833 ἐγκύκλιον

234 5837 441 5903 ταύτην
503 5824 606 5904 τὴν.
648 5832 733 5883 διὰ
779 5824 906 5882 τῶν
943 5829 1143 5898 ὁμοίων
1195 5824 1535 5897 περιτρέχων
1594 5824 1805 5896 φοράν

1909 4639 2030 4692 dem
2061 4637 2329 4691 nutricem
2362 4645 2600 4689 revocat.

1983 4791 2238 4845 Fortasse
2271 4803 2402 4842 vero
2431 4797 2487 4842 ct
2531 4787 2696 4841 aliam
2745 4788 2798 4840 in
2850 4787 2937 4840 his
2985 4790 3159 4856 magis
3209 4789 3497 4858 mysticam

1910 4885 2251 4941 notationem
2293 4883 2453 4936 nobis
2486 4882 2558 4935 ob
2592 4881 2783 4936 oculos
2810 4882 3001 4949 ponit:
3043 4896 3165 4950 qua:
3197 4882 3494 4950 plurimum

1911 5044 2210 5114 Πορεύεται
2241 5041 2349 5112 γάρ
2376 5082 2390 5104 ,
2433 5041 2596 5114 φησὶ,
2633 5039 2695 5114 τέ)
2735 5038 2953 5114 πνεῦμα
2977 5081 2991 5101 ,
3026 5039 3117 5114 καὶ.
3145 5039 3237 5091 ἐπὶ
3264 5037 3498 5114 κύκλους

1914 5059 2210 5114 ιιορευεται
2241 5059 2349 5112 γάρ
2376 5082 2390 5104 ,
2433 5059 2596 5162 (piat,
2633 5059 2695 5091 το
2735 5059 2953 5108 πνευμα
2977 5081 2991 5101 ,
3026 5059 3117 5090 και
3145 5059 3237 5091 επι
3264 5059 3496 5104 κύκλους

1914 5114 2079 5172 αὑτοῦ
2107 5115 2428 5184 ἐπιστρέφει
2461 5129 2489 5163 τ
2552 5109 2789 5176 πνεῦμα.
2834 5111 2886 5161 Id
2918 5121 3002 5184 est
3029 5127 3040 5161 :
3071 5108 3261 5184 Cyrat,
3304 5110 3496 5184 inquit,

1915 5192 1967 5242 in
2004 5185 2200 5238 orbem.
2226 5179 2314 5236 Sic
2351 5183 2516 5251 igitur
2548 5189 2668 5232 tuus
2693 5195 2894 5247 quoque
2922 5179 3219 5251 ingreditur
3251 5180 3498 5251 spiritus,

1916 5277 1948 5310 a
1981 5263 2132 5324 parte
2177 5263 2347 5306 totum
2377 5250 2672 5324 nominans
2701 5251 2948 5316 spiritum
2989 5250 3240 5324 Ιιιρηίηξδ,
3279 5250 3500 5324 [tumin

1916 5317 2090 5381 orbem
2124 5334 2323 5376 motum
2367 5340 2458 5390 per
2484 5321 2682 5375 similia
2713 5335 2986 5390 peragens.
3025 5317 3206 5389 Pergit
3240 5320 3398 5390 enim.
3421 5321 3502 5372 ir:-

1917 5399 2051 5463 quit,
2088 5395 2333 5462 spiritus,
2367 5388 2423 5445 'et
2457 5393 2524 5444 ad
2558 5389 2785 5463 circulos
2832 5388 3500 5463 suosAret-ertituratlbul.)

1919 5458 2084 5520 Recte
2117 5458 2311 5517 autem
2369 5463 2639 5533 Nyssenus
2699 5459 3026 5533 prima_ilia_
3082 5460 3244 5533 verba
3298 5458 3504 5512 Κυκλοί

1919 5534 2134 5592 κυκλῶν
2167 5535 2232 5586 ad
2270 5528 2438 5588 solem
2474 5531 2676 5592 refert;
2713 5545 2835 5580 nam
2869 5528 2914 5581 si
2962 5530 3027 5581 ad
3082 5529 3303 5599 Πνεῦμα
3336 5533 3505 5598 perti-

1921 5613 2128 5662 nerent.
2158 5603 2506 5657 scribendum
2539 5608 2683 5653 esset
2717 5599 2923 5651 Κυκλοῖ
2958 5598 3216 5651 κυκλοῦν.

1993 5677 2103 5746 (45)
2136 5672 2282 5746 Psal.
2317 5689 2515 5746 cxsxv,
2546 5672 2597 5746 7.
2653 5670 2720 5721 At
2754 5669 3100 5746 sententiam
3155 5669 3298 5746 apud
3361 5667 3505 5746 LXX

1920 5766 1948 5801 ιι
1979 5748 2056 5801 sic
2087 5737 2356 5797 redditam
2393 5744 2670 5795 invenies:
2754 5739 2809 5790 ’0
2877 5737 3087 5805 ἐξάγων
3153 5740 3389 5807 ἀνέμους
3442 5741 3506 5789 ἐκ

1921 5813 2211 5889 θησαυρῶν
2240 5813 2425 5866 αὑτοῦ.
