4226 6444
174 404 282 472 ἹἹἹ

1267 403 1345 462 1N
1406 404 1987 464 ECCLESHSTEN-
2045 432 2110 440 —
2159 403 2303 463 LIB.
2346 401 2396 463 Ι.

3359 401 3465 465 778

186 521 326 590 peti
365 519 476 573 τῶν
501 521 742 593 ἀρχῆθεν
805 521 940 591 αὐτῇ
1001 522 1638 593 προαποκληρωθέντιυν,
1677 525 1770 578 καὶ

1882 524 2038 578 initio
2075 523 2307 591 accepit,
2345 532 2394 574 et
2431 537 2566 590 -qua-
2618 521 2834 574 aliunde
2876 532 3139 590 perpetuo
3185 525 3464 576 conlinunt

181 613 293 662 τῶν
335 611 538 677 ἔξωθεν
564 611 806 673 ἀεννὰως
865 610 1416 683 παρεισκεκριμένων
1466 613 1776 682 ἀναριθμή-

181 720 314 766 των,
348 701 440 755 καὶ
476 703 594 754 κατ’
637 702 895 773 οὐδεμίαν
923 702 1207 772 αὐξήσεως
1238 702 1482 772 ἔμφασιν
1543 703 1775 775 εὕρηται

183 795 602 866 πλημμυροῦσα
628 797 724 850 καὶ
753 797 852 866 τὴν
882 796 1124 866 ἀμμώδη
1153 796 1248 849 καὶ
1303 797 1521 864 γείτονα
1577 800 1774 867 χέρσον

184 891 578 960 τ.αρερχομένη
611 891 677 944 ἂν
709 892 845 962 πρὸς
883 893 1098 961 μικρόν.
1141 890 1315 945 Τοῦτο
1343 891 1432 962 ἄρ’
1462 893 1772 960 αἰνιττόμε-

183 996 297 1043 νος,
342 981 544 1050 μᾶλλον
571 981 625 1034 δὲ
669 983 1071 1050 παρεμφαίνων
1104 985 1196 1034 καὶ
1223 986 1250 1036 ὁ
1284 985 1570 1052 προφήτης
1604 983 1771 1036 Aufr-.6

185 1071 343 1138 ἔλεγε
373 1071 508 1141 πρὸς
556 1073 646 1124 τὸν
678 1072 786 1124 τῶν
833 1073 972 1126 ὅλων
1006 1073 1162 1137 Θεὸν,
1205 1092 1222 1125 ι
1262 1073 1452 1144 Ὅριον
1485 1073 1660 1126 ἔθουρό
1709 1074 1768 1125 οὐ

184 1162 776 1231 παρελεύσονται,οὑδὲ
794 1164 1439 1235 ὲπιστρέψουσικαλύψαι
1465 1166 1564 1236 τὴν
1592 1165 1714 1236 γῆν.
1747 1183 1764 1214 ι

186 1253 323 1312 Εἷτά
352 1274 488 1330 φησι
508 1270 526 1288 ⁶

259 1471 362 1534 Εἷς
405 1470 617 1534 τόπον,
650 1463 722 1523 οὗ
759 1471 811 1523 οὶ
857 1468 1162 1540 χείμαῤῥοι
1220 1455 1600 1537 πορεῖἇωται,
1646 1467 1774 1520 ἐκεῖ

185 1560 356 1614 αὐτοὶ
389 1559 825 1629 ἐπιστρέφουσι
860 1561 968 1614 τοῦ
1010 1561 1398 1628 πορευθῆναι.

258 1653 368 1704 Καὶ
401 1651 499 1703 νῦν
531 1647 688 1714 αὖθις
723 1653 910 1720 ἕτερον
947 1651 1134 1721 Οαῦμα
1170 1653 1522 1721 παρίστησιν,
1570 1652 1598 1704 ὂ
1644 1651 1770 1703 λαν-

1878 617 2349 680 innumerabiles;
2402 631 2501 669 nec
2551 626 2732 669 tamen
2785 617 2894 668 ullo
2928 615 3207 685 augmenti
3262 617 3467 670 indicio

1874 708 2161 774 redundet;
2214 717 2308 762 aut
2360 708 2497 762 ultra
2549 722 2746 763 arenas
2795 709 2993 762 littoris
3022 718 3076 762 et
3117 709 3466 764 continentes

1874 809 2048 855 terras
2082 801 2166 855 vel
2201 801 2488 854 minimum
2523 811 2804 856 excurrat.
2853 802 3008 868 Quod
3041 812 3094 858 ct
3138 803 3304 857 David
3340 818 3470 872 pro-

1873 894 2035 963 pheta
2085 894 2288 965 attigit.
2327 894 2408 947 vel
2464 895 2644 963 potius
2691 897 2951 959 ostendit,
3007 912 3131 951 cum
3184 907 3465 950 auctorem

1881 1001 2062 1039 rerum
2112 986 2358 1040 omnium
2406 987 2488 1041 sic
2546 1000 2632 1042 est
2699 989 3014 1044 allocutus:
3071 1007 3090 1042 ι
3145 991 3465 1043 Terminum

1882 1078 2138 1144 posuisti,
2185 1094 2345 1148 quem
2386 1095 2493 1133 non
2529 1083 3023 1150 transgredicntur,
3070 1097 3250 1152 neque
3281 1097 3464 1136 rever-

1880 1180 2064 1225 tentur
2099 1174 2314 1242 Operirc
2348 1184 2550 1228 terram
2577 1176 2646 1228 ¹⁶.
2688 1193 2706 1225 ι
2753 1175 2890 1230 Tum
2928 1178 3036 1232 ait:

1745 1291 1944 1422 ξηιλ

1955 1467 2036 1518 Ad
2067 1467 2262 1532 locum,
2301 1486 2402 1539 quo
2445 1481 2703 1524 torrentes
2731 1479 2876 1534 eunt,
2906 1471 3035 1524 illuc
3068 1469 3170 1538 ipsi
3205 1479 3470 1523 revertun-

1881 1568 1968 1610 tur
1995 1561 2065 1612 ad
2101 1563 2333 1613 eundum
2359 1563 2491 1632 (Π).

1950 1649 2018 1704 Ει
2060 1667 2206 1706 nune
2256 1653 2404 1705 aliud
2457 1670 2650 1707 rursus
2709 1654 3040 1708 miraculum
3087 1661 3465 1724 repraesentat,

186 1742 342 1796 Οάνει
373 1743 471 1812 μὲν
497 1744 622 1806 τοὺς
655 1744 883 1807 πολλοὺς
915 1744 1026 1796 τῶν
1057 1743 1394 1815 ἀνθρώπων·
1422 1745 1483 1796 οὑ
1517 1743 1625 1812 γὰρ
1657 1742 1770 1794 ἴσα-

1877 1744 2024 1812 quod
2061 1744 2284 1813 quidem
2324 1746 2614 1814 plerosque
2641 1746 2748 1816 25
2780 1747 3064 1800 hominum
3098 1747 3469 1816 latetzqnippe

187 1855 274 1888 σιν
340 1837 474 1889 αὐτὸ
526 1837 775 1900 πάντες’
841 1838 1026 1906 μόνοις
1048 1837 1106 1891 δὲ
1159 1841 1272 1900 τοῖς
1331 1836 1772 1904 ναυτιλλομένοις

184 1927 506 1994 διέγνωσται
535 1931 651 1992 τοῖς
678 1930 744 1982 τὰ
778 1931 1011 2000 μέγιστα
1045 1930 1258 2000 πελάγη
1320 1929 1431 1983 τῶν
1483 1928 1773 1983 Θαλασσῶν

183 2021 531 2075 διαπλέουσιν
553 2037 566 2051 ·
602 2022 680 2075 ἔτι
714 2022 771 2075 δὲ
803 2024 898 2076 καὶ
929 2027 1042 2086 τοῖς
1069 2023 1168 2094 τὴν
1201 2023 1350 2076 οείαν
1400 2023 1774 2095 μεμνημένοις

183 2113 408 2184 Γραφὴν
442 2116 536 2168 καὶ
567 2113 659 2167 τοῦ
687 2115 968 2186 προφήτου
1025 2114 1280 2183 λέγοντος
1338 2115 1564 2186 Ἀμμὼς
1590 2133 1604 2148 ο
1647 2135 1664 2166 ι
1717 2115 1775 2168 ’0

183 2206 661 2277 προσκαλούμενος
694 2209 753 2260 τὸ
779 2207 923 2277 ὕδωρ
953 2210 1054 2279 τῆς
1083 2208 1385 2278 θαλάσσης,
1424 2209 1520 2262 καὶ
1554 2209 1766 2278 ἐκχέων

182 2301 320 2354 αὐτὸ
341 2301 434 2353 ἐπὶ
456 2302 752 2371 πρόσωπον
771 2301 953 2371 πάσης
983 2302 1086 2370 τῆς
1113 2302 1237 2371 γῆς,
1270 2321 1286 2353 ι
1319 2300 1669 2371 σημαίνοντος
1690 2301 1775 2354 διὰ

178 2392 294 2445 τῶν
344 2393 648 2462 εἰρημένων
682 2393 782 2462 τὴν
813 2392 922 2446 ἀπὸ
943 2393 1051 2446 τῶν
1079 2392 1379 2448 Θαλαττίων
1427 2392 1635 2446 ὑδάτων
1695 2393 1776 2464 τῷ

183 2485 582 2554 παντοδυνάμῳ
614 2484 920 2556 βουλήματι
946 2484 1044 2538 τοῦ
1080 2484 1218 2539 Θεοῦ
1259 2485 1555 2555 γινομένην
1589 2485 1776 2539 ἄνοδον

181 2580 322 2651 πρὸς
333 2580 430 2642 τὰς
440 2580 670 2648 νεφέλας
691 2579 970 2642 πολλάκις.
985 2579 1098 2648 Τὴν
1118 2577 1374 2651 τοιαύτην
1389 2573 1480 2632 οὖν
1506 2576 1774 2648 μετάκλη-

183 2689 272 2725 σιν
305 2673 412 2725 τῶν
440 2673 742 2725 θαλαττίων
755 2672 963 2726 ὑδάτων
992 2673 1370 2742 αἰνιττόμενος
1424 2673 1521 2725 καὶ
1547 2674 1574 2724 ὁ
1608 2671 1774 2738 σοφὸς

196 2765 632 2836 Ἐκκλησιαστὴς
663 2766 863 2833 ἔφησεν
884 2783 897 2797 ·
943 2787 961 2818 ‹
988 2767 1082 2830 Εἰς
1117 2767 1282 2820 τόπον
1299 2761 1368 2824 ,οὗ
1397 2767 1446 2820 οἱ
1484 2765 1774 2837 χείμαρροι

185 2855 536 2926 πορεύονται,
556 2859 672 2909 ἐκεῖ
689 2858 846 2910 αὐτοὶ
866 2857 1255 2926 ἐπιστρέφουσι
1273 2855 1366 2908 τοῦ
1383 2855 1735 2924 πορευθῆναι.
1750 2872 1769 2905 ι

183 2947 518 3018 Πορεύονται
546 2948 644 3017 μὲν
663 2951 771 3018 γὰρ
796 2951 843 3001 οἱ
865 2949 1155 3019 χείμαρροι
1191 2951 1285 3001 καὶ
1316 2948 1514 3010 πάντες
1541 2947 1592 2999 0i.
1616 2963 1778 3001 ποτα·

187 3041 304 3110 μοι,
324 3041 418 3092 καὶ
435 3041 759 3111 συρρέουσιν
781 3042 858 3101 εἰς
876 3041 973 3111 τὴν
996 3041 1298 3094 Θάλασσανο
1331 3044 1398 3093 ἐκ
1419 3039 1478 3092 δὲ
1509 3039 1772 3108 τῶνάμυ-

184 3132 478 3201 οήτωντῆς
507 3132 780 3202 Θαλάσσης
801 3133 1032 3194 ὑδάτων,
1050 3135 1138 3188 διὰ
1159 3137 1254 3202 τῆς
1286 3135 1579 3206 εἰρημένης
1605 3150 1773 3204 προσ-

181 3221 435 3291 κλήσεως
487 3222 690 3285 αὐτῶν,
744 3223 1038 3291 οὐρανόθεν
1075 3225 1178 3292 πλη
1195 3244 1216 3272 ’λ
1234 3223 1464 3292 μυροῦτι
1497 3226 1614 3283 ταῖς
1649 3223 1772 3292 βρο-

181 3316 315 3387 χαῖς
330 3317 421 3367 καὶ
442 3316 554 3376 τοῖς
571 3313 677 3382 6μό
687 3333 818 3384 ροις,
841 3315 939 3367 καὶ
965 3315 1126 3367 πάλιν
1144 3315 1564 3386 ἐπιστρέφουσιν
1587 3316 1662 3375 εἰς
1675 3313 1771 3383 τὴν

185 3408 464 3459 θάλασσαν
481 3412 542 3458 το
574 3405 855 3475 ληφθὲνέξ
887 3407 1068 3460 αὐτῶν
1090 3407 1258 3478 ὕδωρ.
1293 3395 1402 3460 Καὶ
1429 3405 1590 3459 τοῦτό
1624 3409 1770 3458 ἐστιν

179 3498 294 3564 ἄρα
322 3496 508 3564 σαφῶς
554 3498 583 3549 ὃ
609 3514 772 3568 φησιν
809 3501 838 3552 ὁ
897 3499 1062 3566 σοφὸς
1113 3498 1550 3566 Ἐκκλησιαστής
1581 3513 1594 3526 °
1633 3517 1650 3548 ‹
1680 3499 1771 3561 Εἰς

178 3587 372 3650 τόπον,
413 3582 474 3640 οὗ
508 3588 558 3639 οἱ
594 3589 887 3659 χείμαρροι
913 3588 1261 3658 πορεύονται,
1293 3591 1412 3642 ἐκεῖ
1439 3591 1596 3642 αὐτοὶ
1643 3592 1768 3640 ἐπι-

182 3679 482 3748 στρέφουσι
512 3679 607 3738 τοῆ
636 3681 975 3750 πορευθῆναι
1010 3698 1024 3711 ·
1071 3700 1090 3732 ι
1123 3679 1227 3734 κᾶν
1267 3679 1398 3750 δοκῇ
1452 3697 1569 3742 πως
1623 3680 1769 3748 ἔχειν

177 3769 540 3836 ταυτολογίαν
567 3786 579 3798 ·
619 3772 784 3838 φάναι
815 3771 922 3842 γὰρ
955 3771 1122 3842 ἐχρῆν
1159 3787 1172 3801 ·
1208 3788 1226 3821 ι
1262 3771 1353 3832 Εἰς
1406 3770 1594 3846 τόπον,
1646 3770 1768 3822 ὅθεν

175 3863 230 3914 οἱ
261 3862 556 3932 χείμαρροι
588 3863 861 3932 δέχονται,
895 3865 1014 3916 ἐκεῖ
1041 3863 1198 3917 αὐτοὶ
1230 3862 1621 3934 ἐπιστρέφουσι
1671 3861 1766 3914 τοῦ

178 3952 521 4022 πορευθῆναι
553 3969 567 3984 ·
601 3972 618 4003 ι
658 3954 883 4008 τοιῶσδε
916 3955 1026 4024 γὰρ
1052 3954 1350 4026 εἰρημένον
1411 3953 1767 4024 ἐκδηλότερον

175 4047 247 4099 ἂν
278 4049 370 4098 καὶ
399 4046 738 4117 σαφέστερον
767 4041 882 4117 εἶχε
915 4048 1009 4099 τοῦ
1038 4047 1206 4117 ῥητοῦ
1236 4047 1329 4100 τὸν
1363 4048 1491 4099 νοῦν
1539 4047 1678 4100 κατὰ
1706 4047 1767 4098 τὸ

173 4138 497 4193 ἀκόλουθον.
543 4139 678 4192 Ἀπὸ
703 4141 812 4209 γὰρ
837 4143 937 4210 τῆς
979 4138 1256 4209 Θαλάσσης
1313 4138 1767 4208 προσλαμϐάνουο

174 4248 268 4283 σιν
305 4231 362 4283 αἱ
402 4231 623 4298 νεφέλαι
650 4232 710 4283 τὸ
738 4230 883 4302 ὕδωρ
914 4249 926 4262 ·
959 4231 1114 4285 ὖουσι
1175 4231 1221 4284 δ’
1273 4231 1457 4294 αὐτοῖς
1499 4234 1766 4300 ποταμοῖς

174 4322 276 4375 καὶ
311 4324 667 4393 χειμάρροις*
697 4317 849 4376 οὗτοι
884 4322 940 4374 δὲ
962 4321 1420 4394 παλινδρομοῦσιν
1447 4321 1598 4374 αὐτοὶ
1628 4320 1764 4390 πρὸς

1877 1835 2090 1889 creteris
2124 1835 2526 1905 ignorantibus,
2559 1838 2593 1891 ii
2628 1839 2804 1891 solum
2843 1849 3068 1901 norunt,
3100 1838 3190 1907 qui
3231 1838 3466 1892 innxium

1877 1926 2079 1983 Oceani
2111 1946 2332 2000 aequora
2375 1933 2687 2001 navigando
2728 1942 3030 2001 permeant,
3064 1943 3117 1987 et
3153 1933 3245 2003 qui
3277 1949 3468 1988 sacra-

1881 2037 2001 2074 rum
2057 2020 2390 2076 Litterarum
2435 2023 2733 2076 incinincre
2773 2033 2936 2093 atque
2982 2025 3150 2077 Amos
3187 2022 3467 2091 propheta:

1879 2111 2155 2167 dicentis:
2209 2132 2226 2164 ι
2271 2112 2374 2178 Qui
2435 2123 2591 2167 vorat
2637 2129 2838 2183 aquam
2898 2113 3086 2176 maris,
3136 2122 3192 2167 et
3237 2113 3469 2168 edundit

1877 2219 1997 2258 eam
2031 2219 2195 2275 super
2226 2205 2419 2260 faciem
2450 2207 2886 2261 terraetotius'”
2906 2205 3019 2275 (48)
3047 2223 3060 2272 ;
3089 2227 3107 2258 ι
3131 2207 3331 2277 quibus
3365 2207 3467 2260 boe

1879 2297 2064 2351 verbis
2097 2296 2434 2367 frequentem
2478 2315 2747 2368 aquarum
2783 2317 2812 2354 e
2845 2301 2983 2354 mari
3016 2299 3082 2354 ad
3120 2300 3292 2354 nubes
3325 2301 3466 2355 redi-

1881 2401 1996 2442 tum
2024 2390 2350 2459 designavit,
2377 2393 2442 2446 ad
2465 2409 2607 2461 quas
2640 2392 2734 2448 Dei
2759 2393 3156 2463 omnipotentis
3187 2394 3466 2448 voluntate

1879 2483 2205 2538 ascendunt.
2247 2485 2396 2539 Hane
2434 2503 2600 2556 porro
2641 2503 2907 2556 aquarum
2944 2487 3286 2541 marinartnn
3328 2501 3464 2540 con-

1880 2576 2224 2630 vocationem
2257 2578 2368 2647 ipsc
2390 2579 2552 2632 etiam
2585 2579 2835 2634 indicans
2859 2581 3077 2649 sapiens
3102 2579 3466 2635 Ecclesiastes

1874 2671 2059 2725 dixit:
2099 2691 2118 2723 ι
2165 2673 2244 2726 Ad
2279 2673 2484 2734 locum.
2515 2689 2626 2742 quo
2659 2684 2930 2730 torrentes
2984 2685 3136 2737 eunt.
3187 2676 3313 2729 iliue
3363 2675 3466 2744 ipsi

1879 2774 2231 2818 revertuntur
2257 2765 2323 2819 ad
2348 2767 2626 2820 eumdem.
2669 2786 2688 2818 ι
2728 2767 2862 2822 Nam
2914 2778 3147 2838 pergunt
3178 2784 3310 2824 sane
3350 2779 3466 2824 tor-

1881 2865 2067 2912 rentes
2124 2872 2424 2927 amncsque
2463 2874 2682 2924 onmcs,
2731 2871 2784 2914 et
2834 2862 2886 2914 in
2941 2877 3091 2915 mare
3145 2861 3463 2918 conﬂuunt:

1881 2959 1995 3005 tum
2031 2967 2164 3005 vero
2203 2967 2234 3006 e
2263 2953 2424 3017 coelo,
2463 2968 2573 3022 quo
2603 2953 2710 3006 vim
2747 2954 2894 3008 illam
2932 2970 3202 3024 aquarum
3233 2957 3466 3026 incxpli-
3526 2980 3532 2985 ·

1879 3044 2112 3096 cabilem
2167 3045 2460 3098 convocari
2515 3045 2652 3105 dixi.
2711 3045 2993 3102 exundant
3045 3048 3243 3116 pluviis
3300 3058 3466 3118 atque

1879 3135 2170 3202 imbribus,
2209 3137 2460 3208 marique
2491 3137 2711 3204 itermn,
2747 3155 2886 3209 quas
2918 3140 2986 3194 ab
3016 3156 3079 3195 co
3107 3153 3459 3212 acceperunt,

1875 3243 2047 3296 aquas
2077 3231 2394 3284 refundunt.
2413 3230 2590 3300 Atque
2618 3232 2720 3286 hoc
2753 3233 2931 3302 ipsum
2952 3234 3066 3288 sine
3085 3239 3461 3292 controversia

1873 3331 1980 3383 est,
2017 3320 2163 3386 quod
2204 3324 2426 3390 sapiens
2459 3321 2824 3379 Ecclesiastes
2863 3328 3152 3380 enuntiat:
3206 3345 3225 3380 ι
3262 3328 3342 3383 Ad
3375 3329 3461 3383 lo-

1873 3426 2023 3476 cum,
2064 3429 2179 3482 quo
2208 3421 2478 3470 torrentes
2519 3427 2672 3480 eunt,
2703 3419 2832 3472 illuc
2875 3420 2974 3486 ipsi
3012 3431 3364 3478 revertuntur
3394 3424 3461 3477 ad

1873 3505 2158 3569 eundum;
2202 3525 2218 3557 ι
2261 3522 2580 3575 quanquam
2619 3510 2672 3562 in
2711 3510 2796 3562 bis
2822 3513 3004 3567 verbis
3029 3529 3139 3566 rem
3176 3514 3266 3568 ille
3303 3531 3459 3570 eam-

1871 3593 1994 3646 dem
2034 3594 2232 3650 iterare
2264 3601 2673 3664 quodammodo
2719 3601 2951 3656 videtur.
2985 3606 3282 3673 Oportebat
3311 3608 3458 3662 cnim

1871 3688 2098 3742 dicere:
2147 3709 2166 3740 ι
2223 3690 2304 3742 Ad
2350 3691 2554 3756 locum,
2595 3695 2741 3748 unde
2799 3704 3069 3754 torrentes
3117 3699 3456 3762 dcrivantur.

1870 3782 2060 3836 eodem
2108 3781 2212 3850 ipsi
2256 3783 2493 3838 redeunt
2540 3798 2597 3840 ut
2631 3788 2815 3841 denuo
2850 3791 3062 3856 ﬂuant;
3100 3813 3117 3840 ο
3159 3808 3283 3847 nam
3327 3795 3458 3850 dicti

1871 3876 2202 3929 sententiam
2236 3877 2342 3932 hoc
2365 3887 2526 3946 pacto
2555 3880 2985 3938 manifestiorem
3010 3884 3268 3956 deinceps
3295 3897 3459 3958 atque

1870 3969 2162 4024 clariorem
2223 3971 2567 4026 reddidisset.
2625 3973 2669 4025 Α
2731 3975 2870 4028 mari
2923 3975 3196 4045 siquidem
3254 3995 3454 4049 aquam

1871 4063 2046 4116 nubes
2091 4063 2387 4128 hauriunt,
2435 4063 2788 4134 ezedetnque,
2840 4083 2966 4123 cum
3027 4071 3200 4137 pluit,
3239 4079 3455 4127 torren-

1869 4153 2018 4208 tibus
2051 4170 2170 4208 eam
2225 4170 2291 4209 ac
2346 4153 2528 4212 ﬂuviis
2569 4159 2846 4214 reddunt:
2903 4161 2957 4215 bi
3005 4161 3225 4218 demum
3263 4164 3459 4220 iterato

1869 4245 2018 4300 illam
2076 4262 2304 4302 recursu
2361 4249 2427 4302 ad
2479 4264 2628 4304 mare
2661 4251 2932 4306 deferunt.
2981 4253 3087 4308 Sed
3138 4257 3240 4310 hoc
3277 4259 3460 4312 minus

1868 4344 2054 4404 aperte
2093 4337 2231 4392 dixit
2269 4338 2657 4408 Ecclesiastes,
2711 4354 2764 4396 et
2825 4355 3106 4413 poetarum
3163 4365 3314 4404 more
3365 4366 3462 4420 per

170 4416 278 4486 τὴν
298 4416 595 4469 θάλασσαν.
643 4417 778 4468 Ἀλλ’
814 4419 910 4485 οὐχ
937 4415 1109 4478 οὕτως
1141 4415 1274 4468 αὐτὸ
1318 4415 1504 4482 σαφῶς
1555 4417 1584 4466 ὁ
1638 4413 1762 4465 Ἐκ·

1874 4423 2298 4482 intellectionem
2327 4430 2561 4485 alterum
2607 4435 2780 4489 altero
2815 4437 3130 4506 significare
3160 4441 3362 4507 voluit,
3403 4459 3463 4498 ut

174 4508 520 4576 κλησιαστὴς
545 4504 698 4559 εἶπεν
726 4525 738 4538 ·
776 4506 914 4560 ἀλλὰ
950 4507 1026 4576 τῷ
1059 4505 1331 4576 ποιητικῴ
1386 4505 1575 4576 τρόπῳ
1624 4505 1766 4556 κατὰ

174 4603 514 4671 συνεκδοχὴν
547 4599 824 4670 ἠϐουλήθη
859 4602 928 4653 δι’
959 4601 1152 4669 ἑτέρου
1189 4601 1434 4668 σημᾶναι
1460 4597 1522 4650 τὸ
1556 4596 1763 4666 ἕτερον,

173 4699 268 4748 ἵνα
301 4694 418 4746 ἐστὶ
462 4694 523 4744 τδ
558 4692 853 4762 εἰρημένον
879 4690 1145 4749 τοιοῦτον,
1173 4690 1248 4750 ὡς
1277 4689 1527 4759 ἕφθημεν
1585 4687 1766 4740 εἰπόν-

170 4805 271 4850 τες
303 4804 315 4816 °
355 4805 373 4837 ι
411 4787 503 4848 Εἰς
538 4786 628 4836 τὸν
662 4784 846 4847 τόπον,
877 4783 1000 4836 ὅθεν
1039 4785 1087 4835 οἱ
1121 4782 1416 4853 χείμαρροι
1465 4779 1766 4850 κιχρῶνται

175 4883 275 4933 καὶ
295 4881 545 4948 δέχονται
579 4877 667 4929 διὰ
698 4875 805 4928 τῶν
830 4875 1070 4943 νεφελῶν
1105 4875 1167 4927 τὸ
1221 4873 1386 4943 ὓδωρ,
1429 4874 1526 4926 καὶ
1578 4873 1766 4943 πλημ-

178 4970 468 5039 μυροῦσιν,
489 4971 603 5021 ἐκεῖ
627 4969 781 5020 αὐτοὶ
812 4969 1198 5037 ἐπιστρέφουσι
1227 4965 1322 5018 τοῦ
1348 4965 1705 5034 πορευθῆναι.
1742 4982 1759 5014 ι

173 5061 431 5114 Δεεκνυσι
463 5062 571 5130 γὰρ
610 5059 783 5122 οὕτως
808 5058 1325 5126 ἀναγινωσκόμενον
1351 5057 1412 5110 τὸ
1439 5057 1626 5126 ῥητὸν,
1689 5057 1765 5119 ὡς

173 5157 225 5209 οἱ
280 5155 374 5223 μὲν
411 5153 700 5224 χείμαρροι
743 5152 836 5204 καὶ
867 5154 916 5204 οἱ
962 5151 1198 5218 ποταμοὶ
1229 5150 1321 5202 διὰ
1374 5149 1485 5200 τῶν
1521 5147 1766 5214 νεφελῶν

176 5252 241 5301 et:
276 5249 372 5317 τῆς
408 5245 980 5314 θαλάσσηςδεχόμενοι
1004 5242 1171 5312 ὕδωρ,
1202 5240 1565 5305 αὖξονταικαὶ
1583 5241 1766 5310 πλημ-

178 5335 448 5406 μυροῦσιν
471 5349 483 5362 ⁸
523 5336 948 5406 ἁντ.παρέχουτι
987 5333 1043 5386 δὲ
1080 5334 1240 5386 πάλιν
1271 5335 1335 5401 τῇ
1362 5333 1659 5403 δανεισόισῃ
1705 5331 1766 5382 τὸ

249 5473 296 5506 ⁸⁸
327 5472 475 5530 Psal.
512 5488 627 5539 cur,
662 5473 714 5528 9.
803 5475 864 5506 ’θ’
894 5474 1060 5526 Amos
1093 5489 1146 5526 v.
1224 5471 1256 5524 8
1317 5481 1368 5524 et
1404 5486 1477 5529 is,
1511 5469 1562 5522 6.

252 5586 368 5654 (47)
427 5587 580 5653 Apud
643 5585 784 5640 LXX
838 5589 1103 5653 scriptum
1156 5586 1232 5645 εἰς
1292 5585 1382 5654 τὸν
1427 5585 1591 5634 τόπον
1629 5623 1643 5635 .
1687 5623 1698 5635 .
1746 5625 1757 5638 .

179 5653 358 5711 tatam
395 5669 574 5709 autem
621 5660 945 5710 δι-ιιιοιιιιὶςιιιι
985 5658 1064 5710 sic.
1101 5654 1332 5706 reddidit
1355 5653 1758 5720 Syuunacbus:

182 5731 278 5791 Εἰς
321 5729 412 5779 τον
457 5729 638 5783 τόπον.
694 5729 786 5792 ἀφ’
833 5723 893 5780 οὗ
927 5729 975 5778 οἱ
1018 5726 1252 5794 ποταμοὶ
1274 5722 1590 5792 πορεύονται
1619 5765 1630 5783 ,
1670 5726 1763 5776 καὶ

182 5802 301 5851 ἐκεῖ
330 5799 480 5850 αὐτοὶ
515 5800 946 5868 ἀναστρέφουσιν
986 5814 1001 5828 ο
1038 5813 1158 5864 qum
1199 5797 1401 5863 optime
1434 5799 1767 5868 respondent

187 5869 367 5924 terbis
420 5863 734 5921 Latinorum
771 5863 1206 5935 reveniplarium,
1242 5881 1362 5934 qua:
1397 5863 1524 5916 \‘idit
1576 5863 1767 5918 Hirro-

521 5962 789 6020 i‘A’rzch.
837 5962 948 6020 Gn.
998 5959 1271 6026 τίεινίυ.

803 5475 864 5506 ’θ’
894 5474 932 5526 Λ
945 5487 1060 5526 mos
1093 5489 1146 5526 v.

1871 4532 1934 4570 ea
1970 4517 2021 4570 in
2063 4518 2244 4572 verbis
2281 4525 2549 4576 sententia
2596 4523 2746 4589 insit,
2792 4542 2956 4594 quam
2993 4530 3155 4582 modo
3200 4535 3459 4600 exposui-

1873 4621 2036 4660 mus:
2081 4624 2100 4656 ι
2138 4607 2214 4660 Ad
2255 4610 2434 4663 locum
2470 4627 2671 4683 nempe,
2711 4619 2852 4668 unde
2891 4627 3160 4672 torrentes
3200 4635 3462 4676 mutuan-

1873 4709 1965 4754 tur
1994 4702 2404 4773 desumuntque
2453 4722 2549 4775 per
2593 4711 2766 4763 nubes
2812 4728 3037 4780 aquam,
3083 4723 3250 4786 atque
3280 4733 3461 4772 exun-

1871 4791 2039 4854 dant,
2071 4807 2138 4846 eo
2187 4793 2352 4848 iidem
2408 4807 2800 4861 revertuntur.
2847 4809 2904 4854 ut
2959 4803 3156 4857 iterum
3199 4803 3389 4859 ﬂuant.
3439 4828 3456 4858 ι

1873 4882 1964 4939 Sic
1992 4887 2137 4939 enim
2165 4888 2338 4957 accipi
2377 4891 2584 4945 dictum
2611 4895 2870 4956 ostendit,
2899 4904 2958 4949 ut
2987 4907 3259 4953 torrentes
3280 4899 3463 4955 ﬂuvii-

1871 4995 2000 5048 que,
2044 4995 2184 5050 aqua
2234 4997 2263 5036 a
2318 4984 2457 5037 mari
2508 5001 2602 5054 per
2654 4987 2828 5041 nubes
2881 4990 3098 5055 hausta,
3151 5004 3462 5064 augeantur

1871 5084 2035 5141 atque
2096 5074 2448 5142 redundent;
2504 5093 2568 5132 ac
2624 5079 2863 5134 debitum
2932 5083 3200 5139 l'eneranti
3264 5103 3462 5142 rursus

1871 5166 2218 5220 retribuant:
2283 5184 2391 5222 non
2457 5171 2602 5237 quod
2669 5173 3030 5242 omnipotenti
3100 5175 3336 5231 Domino
3393 5180 3461 5231 ad

1872 5267 2072 5312 terram
2117 5259 2446 5331 irrigandam
2483 5264 2604 5316 alia:
2648 5265 2759 5318 sint
2807 5281 2944 5334 Opus
2983 5283 3179 5336 aqua};
3223 5271 3316 5324 Sed
3348 5286 3462 5340 quo

1871 5351 2198 5406 ineﬂabilem
2256 5356 2308 5406 in
2354 5355 2455 5410 boc
2491 5373 2712 5426 quoque
2751 5361 3051 5427 potentiam
3112 5363 3458 5418 demonstret

1871 5594 2284 5659 nymns;p_s_unt
2327 5587 2471 5640 enim
2515 5587 2829 5653 huiusmodi
2879 5609 2890 5642 :
2931 5589 3002 5642 De
3047 5606 3147 5659 quo
3202 5599 3458 5642 torrentes

1871 5664 2082 5719 exeunt,
2115 5655 2245 5709 illuc
2272 5659 2371 5725 ipsi
2414 5669 2770 5722 revertuntur,
2797 5669 2852 5712 ut
2883 5655 3167 5714 introeant.

1946 5726 2238 5799 (48)Anlos
2263 5744 2315 5790 v,
2341 5729 2395 5783 8.
2424 5731 2574 5796 Apud
2596 5729 2731 5783 LXX
2755 5732 2904 5784 deest
2926 5732 3126 5799 πάσης.
3154 5747 3251 5783 nec
3275 5731 3458 5786 minus

1877 5797 2016 5864 apud
2050 5797 2541 5868 Olympiodorum,
2591 5803 2680 5870 qui
2729 5803 2918 5854 eodem
2985 5797 3157 5855 utitur
3214 5811 3457 5857 testimo-

1880 5883 1989 5920 1110.

2890 5963 2960 6026 23
