4192 6436
144 430 226 497 781

1202 420 1284 483 IN
1315 413 1892 482 ECCLESIASTEN.
1927 436 1994 448 ·-
2026 410 2175 472 LIB.
2219 410 2267 470 Ι.

3267 404 3373 470 782

145 548 229 618 τὴν
253 545 573 616 κατάλληλον
621 546 873 607 ἀφίκοιτο
903 542 1081 610 δόξαν·
1127 541 1240 596 ἀλλ’
1275 540 1563 608 ἰλιγγιάσει
1594 538 1687 593 καὶ
1719 558 1731 597 Α

1820 532 1915 602 quis
1952 529 2223 618 proferat;
2262 524 2487 583 minime
2541 536 2723 582 tamen
2756 521 3012 595 opinione
3060 537 3159 579 sua
3192 538 3370 579 rerum

146 641 478 694 κατοκλάσει’
526 640 701 708 λέγων
737 640 835 705 μὲν
882 638 1162 699 πολλάκις,
1201 636 1300 688 οὑκ
1330 632 1595 702 ὲξισχὺων
1633 630 1688 684 δὲ

145 735 234 803 τὴν
273 733 500 801 παντελῆ
542 734 635 784 καὶ
678 732 891 783 τελείαν
921 729 1210 794 διάγνωσιν
1248 727 1340 778 καὶ
1385 722 1691 792 κατάληψιν

146 825 380 887 ἐξειπεῖν·
414 825 519 877 κᾶν
574 825 652 885 εἰς
714 823 773 874 τὸ
796 823 1095 890 ἀκρότατον
1141 818 1343 885 ἔφθασε
1377 815 1475 885 τῆς
1501 813 1691 880 σοφίας

145 919 230 970 καὶ
268 916 361 985 τῆς
426 916 701 984 γνώσεως,
767 915 859 966 καὶ
908 914 1008 982 τῆς
1064 911 1323 982 ἀνδρικῆς
1374 905 1693 977 ὑπολήψεως

146 1009 336 1077 πλήρης
360 1008 524 1062 ἐστίν.
550 1009 661 1060 υὺκ
688 1006 1133 1076 ἐμπλησθήσεται
1169 1004 1266 1071 μὲν
1299 1002 1403 1069 γὰρ
1437 1002 1465 1053 ὁ
1492 996 1696 1067 ὀφθαλ-

147 1099 238 1168 μὸς
279 1098 368 1151 τοῦ
418 1100 552 1168 όρᾷν
586 1098 652 1150 τὰ
700 1097 871 1166 κάλλη
915 1097 1008 1149 καὶ
1040 1094 1141 1157 τὰς
1177 1091 1548 1161 τερπνότητας
1587 1088 1696 1141 τῶν

147 1191 382 1260 μεγάλων
425 1190 718 1259 Θαυμάτων
764 1189 872 1242 τῶν
925 1189 1045 1240 κατ’
1083 1185 1310 1256 οὐρανὸν
1349 1182 1699 1255 βλεπομένων

144 1282 231 1333 καὶ
260 1283 352 1350 τὴν
384 1280 487 1349 γῆν
534 1281 624 1333 καὶ
656 1279 753 1351 τὴν
784 1280 1059 1333 Θάλασσαν
1081 1296 1094 1309 ·
1127 1277 1249 1330 οὑδὲ⁹
1275 1273 1698 1345 πληρωθήσεται

144 1372 233 1434 οὖς
268 1373 367 1424 ἀπὸ
399 1373 717 1440 ἀκροάσεως
748 1370 856 1422 τῶν
901 1370 1031 1440 περὶ
1059 1369 1128 1421 τά
1155 1366 1378 1421 τοιαῦτα
1408 1362 1701 1434 διηγουμέ-

147 1473 261 1516 νων.
294 1464 495 1525 Πάντες
526 1462 624 1531 μὲν
654 1465 761 1532 γάρ
793 1463 841 1514 οί
870 1458 1158 1528 φιλόκαλον
1197 1457 1409 1528 ἔχοντες
1434 1455 1526 1508 καὶ
1554 1452 1702 1521 φιλο-

146 1556 369 1626 θεάμονα
403 1558 647 1625 γνώμην,
680 1555 779 1614 τὰς
808 1552 1079 1623 ἐρωτικὰς
1106 1549 1373 1610 διαθέσεις
1403 1547 1498 1599 καὶ
1540 1544 1701 1598 δυνά-

149 1666 263 1718 μεις
292 1649 380 1702 τοῦ
413 1648 560 1710 ἐντὸς
593 1647 689 1700 καλ⁹
717 1646 807 1699 τοῦ
841 1645 997 1708 ἐκτὸς
1023 1642 1310 1714 ἀνθρώπου
1338 1637 1703 1707 κεκινημένας

146 1739 238 1794 καὶ
265 1738 789 1810 παρασκευασμένας
811 1735 990 1803 ἕξουσι
1016 1735 1151 1804 πρὸς
1176 1732 1440 1802 ἀκρόασιν
1467 1728 1577 1782 τῶν
1601 1745 1704 1797 κη-

150 1833 440 1904 ρυττόντων
477 1832 577 1901 τὴν
615 1833 854 1902 ἄρρητον
888 1826 1262 1899 μεγαλοσὺνην
1299 1824 1398 1892 τῆς
1432 1821 1582 1883 θείας
1611 1818 1705 1872 καὶ

1798 598 2227 691 tiiagnuudinem
2261 626 2632 687 assequetur:
2674 616 2804 686 quin
2863 614 3133 685 vertigine
3176 617 3376 669 attoni-

1799 730 1883 771 tus
1936 713 2287 778 succumbet;
2340 726 2439 766 nec
2488 724 2630 779 saepe
2680 708 2911 764 dicendo
2942 706 3249 763 absolutam
3284 709 3378 761 lia-

1799 825 1920 865 rum
1952 807 2359 878 perfectamque
2390 804 2761 875 cognitionem
2793 801 3375 872 comprehensionem-

1801 918 1905 973 que
1926 901 2200 970 explicare
2230 914 2472 969 unquam
2522 896 2716 966 poterit
2753 914 2765 949 :
2798 905 2936 961 esto,
2988 895 3054 949 ad
3099 909 3376 949 summum

1804 997 1850 1051 is
1879 994 2162 1064 sapientia:
2191 989 2673 1061 intelligentique
2712 987 2992 1056 fastigium
3046 989 3374 1057 pervenerit,

1803 1096 1856 1141 et
1881 1084 2134 1141 acerrimi
2167 1084 2369 1152 ingenii
2417 1083 2467 1136 vi
2504 1082 2722 1151 polleat.
2764 1079 2952 1149 Neque
2977 1079 3123 1133 enim
3154 1089 3378 1133 exsatu-

1805 1184 1959 1229 retur
2001 1172 2219 1235 oculus,
2253 1171 2686 1242 pulchritudines
2732 1169 3215 1242 jucunditatesque
3248 1168 3377 1241 dum

1805 1265 1951 1320 videt
1982 1279 2304 1334 magnorum
2351 1262 2763 1328 miraculorum,
2803 1277 2924 1332 quae
2953 1261 3115 1323 caalo,
3151 1276 3383 1330 qutrquc

1808 1368 1951 1411 terra
1978 1366 2030 1411 et
2059 1356 2197 1410 mari
2228 1363 2523 1409 cernuntttr
2555 1373 2567 1406 :
2600 1369 2775 1422 neque
2801 1353 2950 1407 auris
2979 1352 3288 1422 impleatur,
3316 1352 3383 1405 de

1809 1450 1959 1505 hisce
2011 1450 2342 1509 disserentes
2372 1448 2500 1502 dum
2536 1446 2711 1501 audit.
2748 1444 2882 1499 Nam
2937 1446 3250 1515 quicunque
3283 1444 3385 1498 ho-

1811 1550 1964 1595 nesto
2016 1549 2145 1593 sunt
2194 1541 2378 1593 animo
2426 1548 2479 1593 et
2526 1539 2805 1605 spectandi
2835 1538 3054 1608 cupido,
3113 1537 3147 1591 ii
3200 1537 3385 1606 utique

1809 1647 2019 1703 semper
2047 1632 2230 1687 studio
2254 1630 2561 1700 aﬂ‘ectuque
2580 1631 2727 1685 omni
2751 1640 2806 1685 et
2829 1631 3030 1685 mentis
3055 1640 3109 1684 et
3132 1630 3385 1699 corporis

1814 1723 2059 1779 ferantur
2095 1726 2506 1791 comparatique
2548 1724 2656 1775 sint
2693 1723 2759 1775 ad
2796 1737 2891 1777 eos
2935 1722 3256 1788 audiendos,
3291 1723 3383 1791 qui

1813 1814 2139 1869 inelTabilem
2200 1816 2397 1869 divinm
2431 1814 2752 1883 imictaeque
2798 1814 3053 1883 potentiae
3098 1828 3260 1883 atque
3293 1829 3384 1869 sa-

147 1898 446 1988 παναλκοῦς
496 1898 800 1992 δυνάμεως,
827 1898 921 1973 καὶ
966 1918 1159 1987 σοφίας
1185 1915 1286 1985 τῆς
1325 1914 1446 1967 τόδε
1489 1911 1550 1964 τὸ
1596 1911 1705 1963 πᾶν

1820 1906 2028 1977 ρίθηιὶεε
2048 1905 2384 1974 majestatem
2415 1905 2732 1974 praedicant,
2755 1905 2915 1974 cuius
2946 1905 3130 1959 omnia
3159 1906 3386 1959 numine

147 2018 619 2086 ὑποστησαμένης.
640 2015 733 2066 καὶ
765 2011 1146 2080 διεξαγοὺσης,
1175 2007 1269 2060 καὶ
1295 2002 1665 2075 ωντηροὺσης
1690 2017 1704 2031 ο

146 2110 237 2161 καὶ
263 2109 321 2161 τὸ
354 2108 614 2177 παράπαν
641 2106 701 2159 οὑ
722 2103 981 2174 λήψονται
1022 2101 1183 2170 κόρον
1209 2099 1423 2152 ἐπαΐειν
1448 2095 1554 2149 τῶν
1585 2110 1648 2145 πε
1660 2094 1712 2163 ρὶ

145 2203 215 2255 τὰ
260 2202 481 2254 τοιαῦτα
538 2199 734 2269 λόγων.
778 2197 917 2252 Ἀλλ’
960 2197 989 2249 ὁ
1045 2193 1317 2264 ἐξηγητὴς
1358 2186 1713 2257 συντετάχθαι

144 2296 211 2365 τῇ
254 2291 544 2363 παραδόξῳ
584 2288 873 2361 συμφωνίᾳ
917 2287 1011 2340 καὶ
1036 2285 1187 2350 τάξει
1208 2283 1315 2337 τῶν
1340 2279 1715 2348 ὑποκειμένων

148 2385 484 2457 πραγμάτων
511 2383 610 2452 οὑχ
636 2377 747 2443 οἷός
774 2396 835 2432 τε
870 2378 969 2439 ὢν,
996 2376 1088 2430 τοῦ
1118 2375 1300 2429 λαλεῖν
1334 2372 1530 2443 μᾶλλον
1561 2374 1713 2441 αἱρε-

145 2477 376 2547 τώτερον
407 2476 654 2547 ἡγήσατο
683 2474 744 2527 τὸ
772 2475 947 2544 σιγᾷν.
967 2467 1101 2525 Εἷτά
1127 2485 1289 2539 φησιν
1319 2469 1348 2519 ὁ
1395 2464 1716 2534 Ἐκκλησια-

147 2580 314 2639 στηςο

1805 2010 1857 2053 ct
1908 1999 2127 2053 condita
2188 2010 2316 2053 sunt
2368 2007 2419 2051 et
2488 2006 2753 2065 reguntur
2810 2012 2873 2051 ac
2934 2009 3382 2051 conservantur:

1810 2091 2082 2160 iidemque
2144 2106 2421 2157 nunquam
2477 2088 2729 2143 audiendi
2793 2089 3047 2144 satietate
3106 2105 3389 2144 scrn‘iones

1813 2183 1978 2237 tantis
2007 2182 2075 2235 de
2107 2181 2270 2235 rebus
2312 2181 2611 2236 fastidiant.
2642 2180 2912 2235 Caeterum
2942 2182 3229 2252 interpres,
3263 2199 3386 2237 cum

1814 2275 2150 2332 admiranda:
2175 2274 2252 2327 illi
2290 2291 2470 2328 rerum
2503 2274 2846 2329 subditarum
2882 2275 3189 2331 concordia:
3223 2286 3390 2347 atque

1814 2367 1989 2421 ordini
2024 2383 2119 2436 par
2151 2383 2271 2423 esse
2303 2381 2408 2419 non
2464 2376 2669 2435 posset,
2722 2366 2991 2420 silendum
3033 2365 3138 2420 sibi
3187 2368 3388 2437 potius,

1818 2472 1981 2527 quam
2042 2457 2374 2528 loquendum
2438 2457 2789 2511 existimavit.
2842 2456 2959 2510 Jam
3009 2459 3156 2512 addit
3208 2459 3393 2513 Eccle—

1820 2551 2015 2603 siastes
2050 2568 2060 2600 :

1690 2689 1838 2760 §Xl.

222 2822 286 2878 Τί
311 2822 380 2876 τὸ
420 2824 705 2892 τετονόςῖ
750 2823 896 2876 αὐτὸ
939 2823 1006 2875 τὸ
1041 2821 1474 2889 γενησόμενον.
1519 2818 1625 2871 Καὶ
1660 2817 1716 2869 τί

260 2913 666 2982 πεποιημένον
681 2929 703 2977 ;
750 2913 898 2967 αὐτὸ
938 2914 1003 2967 τὸ
1046 2911 1552 2979 ποιηθησόμενον.
1608 2908 1716 2963 Καὶ

144 3008 260 3058 οὐκ
305 3006 438 3057 ἔστι
483 3004 606 3057 πᾶν
665 3007 1019 3073 πρόσφατον
1065 3002 1186 3058 ὑπὸ
1238 3003 1343 3056 τὸν
1391 3002 1588 3069 ἥλιον.
1621 3003 1719 3065 Ὃς

143 3097 412 3160 λαλήσει
461 3098 558 3149 καὶ
606 3096 757 3162 ἐρεῖ·
824 3096 970 3148 Ἰδοὺ
1016 3096 1194 3149 τοῦτο
1251 3096 1462 3148 καινόν
1504 3094 1718 3157 ἐστινς

1895 2807 2120 2870 \’ens.9,
2150 2806 2236 2860 10.
2272 2805 2412 2869 Quid
2444 2814 2519 2858 est
2547 2806 2684 2874 quod
2710 2804 2852 2874 fuit?
2875 2806 3046 2873 ipsum
3080 2804 3219 2873 quod
3246 2805 3395 2873 {utu-

1822 2912 1938 2951 rum
1986 2907 2084 2949 est.
2122 2893 2191 2948 Et
2230 2896 2356 2965 quid
2386 2895 2623 2964 estquod
2653 2896 2849 2964 factum
2880 2906 2956 2949 est
2979 2896 3005 2948 ?
3033 2895 3206 2964 ipsum
3256 2894 3394 2965 quod

1820 2987 2123 3055 faciendum
2146 2996 2246 3041 est.
2285 2985 2354 3039 Et
2380 3003 2482 3039 non
2502 2996 2574 3039 est
2613 3003 2763 3040 omne
2798 3002 2974 3040 recens
2996 2987 3090 3041 sub
3108 2987 3238 3042 sole.
3262 2987 3394 3052 Quis

1825 3078 2069 3148 loquetur
2092 3093 2153 3130 ac
2192 3077 2538 3131 dicet:Ecce
2563 3077 2660 3131 hoc
2714 3094 2902 3132 novum
2955 3088 3076 3145 est;
3120 3079 3240 3149 jam
3290 3080 3392 3150 fuit

143 3185 267 3251 ἤδη
315 3188 562 3256 γέγονεν
604 3188 675 3239 ἐν
721 3186 845 3252 τοῖς
906 3185 1079 3239 αὶῶσι
1117 3185 1243 3252 τοῖς
1305 3186 1723 3256 γεγενημένοις

1825 3170 1879 3222 in
1910 3167 2143 3231 seculis,
2176 3184 2295 3238 quw
2334 3168 2547 3237 fuerunt
2606 3178 2725 3222 ante
2760 3185 2853 3223 nos
2887 3167 3022 3241 (51).

144 3277 272 3329 ἀπὸ
301 3279 665 3345 ἔμπροσθεν.

220 3368 435 3439 Προϊὼν
475 3369 504 3419 ὁ
547 3368 707 3435 σοφὸς
763 3367 1191 3437 Ἑκκλησιαστὴς
1232 3366 1384 3432 αὑξει
1438 3367 1529 3419 καὶ
1590 3366 1723 3436 πρὸς

142 3459 625 3528 ὲπιτατικωτέραν
673 3458 980 3529 ὑπόληψιν,
1033 3458 1126 3511 καὶ
1176 3458 1276 3528 τὴν
1333 3456 1721 3526 μεγαλωσύνην

142 3553 389 3623 προάγει
426 3551 525 3619 τῆς
579 3551 810 3617 ἀπείρου
863 3549 1054 3618 σοφίας
1088 3549 1180 3601 καὶ
1225 3547 1374 3609 θείας
1404 3548 1720 3616 δυνάμεως,

142 3644 247 3695 καὶ
296 3644 394 3711 τὴν
446 3641 556 3694 τῶν
620 3641 937 3709 κτισμάτων
994 3638 1272 3707 ὑποταγὴν
1321 3639 1415 3690 καὶ
1473 3637 1720 3708 θητείαν·

141 3733 457 3804 παρίστησι
490 3726 600 3803 γάρ
627 3732 717 3785 διὰ
762 3730 869 3784 τῶν
913 3730 1007 3782 νῦν
1051 3730 1461 3799 προκειμένων,
1504 3728 1576 3790 ὡς
1607 3727 1726 3797 οὑχὶ

142 3823 322 3893 μόνον
367 3821 474 3874 τῶν
514 3821 814 3889 γεγονότων
848 3822 940 3873 καὶ
977 3820 1317 3886 φαινομένων
1364 3819 1591 3871 ’ἑκαστον
1630 3818 1729 3888 τὴν

138 3912 409 3983 δουλικὴν
439 3910 736 3980 ὀνομασίαν
767 3911 858 3963 καὶ
886 3910 1069 3980 σχέσιν
1103 3910 1196 3962 καὶ
1220 3908 1441 3978 θητείαν
1474 3909 1607 3980 πρὸς
1635 3908 1727 3961 τὸν

140 4004 287 4058 ἴδιον
313 4004 543 4074 ποιητὴν
572 4002 936 4056 ἐπιδείκνυσιν
956 4019 972 4033 ο
991 4000 1127 4054 ἀλλά
1163 4001 1253 4054 καὶ
1282 4000 1351 4052 τὰ
1378 4000 1546 4069 μήπω
1573 3984 1747 4067 γεγοί

138 4094 307 4153 νότα,
345 4092 683 4159 γενησόμενα
710 4090 883 4142 δὲκαὶ
914 4088 1322 4159 ποιηθησόμενα
1367 4093 1477 4151 τοῖς
1515 4092 1730 4158 προὺπ-

136 4182 391 4253 ἁρξασιν
432 4180 691 4251 ἐφέψεται
748 4183 841 4234 καὶ
897 4182 1459 4251 συμπαρομαρτήσει,
1517 4180 1611 4233 καὶ
1654 4180 1732 4251 τῷ

137 4275 303 4344 λόγῳ
324 4274 421 4341 τῆς
468 4274 669 4336 τάξεως
694 4314 707 4337 ,
738 4276 832 4325 καὶ
862 4273 1041 4341 μέντοι
1079 4275 1172 4327 καὶ
1195 4274 1296 4339 τῆς
1330 4274 1605 4342 ὑποταγῆς
1632 4274 1733 4342 τῆς

137 4365 296 4435 πρὸς
333 4366 424 4416 τὸν
452 4365 580 4418 ἴδιον
610 4366 846 4436 Ποιητὴν
872 4370 964 4418 καὶ
997 4366 1276 4437 Δεσπότην
1331 4367 1406 4429 ὡς
1439 4366 1603 4435 μηδὲν
1627 4366 1733 4418 τῶν

135 4457 542 4523 γενησομένων
581 4458 673 4510 καὶ
717 4457 1170 4527 ποιηθησομένων
1203 4457 1412 4509 ἀλλοῖον
1442 4456 1733 4526 εὑρεθῆναι

1895 3356 2250 3428 Progreditur
2278 3360 2498 3430 sapiens
2520 3360 2878 3416 Ecclesiastes
2900 3364 3109 3430 majore
3138 3367 3305 3435 gradu
3329 3368 3397 3423 ad

1826 3452 2145 3520 ampliorem
2186 3468 2403 3521 quoque
2435 3454 3018 3522 comprehensionem;
3070 3458 3236 3512 simul
3277 3459 3402 3513 inli-

1829 3541 1956 3594 uita:
1977 3542 2260 3610 sapientiae
2289 3545 2653 3611 potentiaeque
2695 3544 2893 3597 divinae
2941 3544 3304 3614 majestatem,
3336 3564 3400 3604 ac

1828 3647 2008 3686 rerum
2052 3632 2398 3687 conditarum
2434 3634 2757 3703 obsequium
2810 3644 2864 3689 et
2914 3635 3235 3692 famulatum
3276 3654 3403 3709 pro-

1829 3725 1999 3779 ducit.
2051 3723 2184 3778 Nam
2242 3725 2347 3789 liis,
2404 3741 2526 3795 qua:
2580 3726 2747 3780 modo
2782 3730 3086 3799 proposuit,
3139 3730 3401 3801 declarat,

1830 3834 1936 3870 non
1972 3824 2147 3872 solum
2179 3834 2264 3883 ca,
2294 3819 2547 3889 quaajam
2584 3820 2695 3890 28
2726 3830 2852 3875 sunt
2895 3832 2948 3876 et
2983 3822 3257 3889 visuntur,
3292 3823 3403 3877 sin-

1829 3911 1954 3980 gula
1994 3909 2244 3964 servilem
2283 3911 2704 3979 appellationem
2730 3922 2783 3967 et
2816 3911 3059 3966 habitum
3089 3922 3143 3968 et
3175 3913 3406 3969 famula-

1832 4009 1945 4053 tum
1976 4016 2101 4069 erga
2135 4012 2415 4055 auctorem
2470 4017 2629 4056 suum
2676 4018 2787 4072 prae
2838 4018 2897 4058 se
2944 4003 3124 4070 ferre;
3176 4007 3270 4060 sed
3318 4006 3406 4060 illa

1831 4088 2016 4152 etiam,
2048 4104 2169 4159 quae
2225 4089 2467 4143 nondum
2523 4090 2695 4157 fuere,
2727 4108 2961 4161 quaeque
3012 4092 3196 4146 futura
3240 4102 3294 4147 et
3327 4093 3410 4149 fa-

1833 4177 2024 4231 cienda
2074 4185 2223 4240 sunt,
2284 4180 2371 4242 iis,
2412 4194 2532 4247 quas
2578 4179 2687 4247 jam
2738 4183 3085 4245 exstiterunt,
3120 4198 3409 4237 accessura

1833 4286 1954 4325 esse
1974 4271 2334 4339 eamdemque
2362 4271 2563 4326 initura
2596 4273 2765 4336 viam,
2795 4290 2917 4326 cum
2948 4275 3155 4328 ratione
3178 4277 3410 4338 ordinis.

1828 4350 1949 4417 ’tum
1973 4377 2101 4417 vero
2123 4363 2436 4417 Conditoris
2467 4373 2519 4417 ιιι
2549 4364 2763 4417 Domini
2792 4368 2872 4418 sui
2905 4381 3091 4430 causa,
3113 4368 3198 4421 cui
3224 4383 3414 4436 parere

1836 4456 2087 4509 debent:
2149 4456 2332 4523 itaque
2384 4456 2649 4524 quidquid
2700 4455 2948 4510 futurum
2997 4466 3051 4511 et
3101 4455 3411 4512 faciendum

136 4548 250 4599 καὶ
278 4548 464 4613 ἕτερον
487 4549 625 4616 πρὸς
650 4548 719 4600 τὰ
745 4549 1186 4617 προγενεστέρως
1218 4546 1554 4617 ὑπάρξαντα.
1578 4546 1731 4601 Κατά

1837 4551 1941 4608 est,
1982 4542 2129 4596 nulla
2158 4557 2220 4595 ex
2252 4551 2407 4611 parte
2440 4544 2707 4599 dissimile
2734 4545 3038 4599 alterumve
3070 4548 3138 4600 ab
3171 4547 3239 4601 iis
3272 4546 3407 4611 fore,

130 4638 203 4691 δὲ
241 4637 346 4707 τὴν
373 4639 695 4691 ἀκολουθίαν
747 4639 845 4709 τὴν
891 4638 1274 4708 ὲντεθειμένην
1301 4642 1415 4701 τοῖς
1442 4639 1732 4708 προτέροις

130 4729 317 4796 παρά
351 4732 449 4797 τῆς
485 4730 774 4799 ποιητικῆς
802 4731 910 4783 τῶν
947 4729 1083 4784 ὅλων
1123 4731 1218 4783 καὶ
1256 4732 1617 4802 προνοητικῆς
1647 4729 1734 4795 ἐξ·

127 4822 493 4883 θυσίας·καὶ
518 4823 858 4888 δεσποτείας,
890 4823 1031 4875 οὑτω
1060 4826 1151 4877 καὶ
1180 4824 1277 4891 τὴν
1306 4825 1520 4892 γένεσιν
1552 4824 1735 4888 ἕξουσι

129 4912 251 4964 καὶ
288 4913 391 4982 τὴν
419 4907 632 4981 κίνησιν
674 4913 769 4965 καὶ
816 4914 1143 4982 συντήρησιν
1177 4914 1337 4983 μέχρι
1369 4914 1466 4981 τῆς
1500 4912 1737 4982 ὁρισθείο

131 5018 258 5069 σης
288 5003 587 5065 παντελοῦς
614 5005 1106 5071 ἀποπερατὼσεως.
1136 5005 1242 5055 Καὶ
1270 5004 1329 5055 τὸ
1354 5005 1613 5072 παράπαν
1642 5004 1735 5056 οὑ-

123 5094 244 5146 δὲν
288 5094 646 5162 εὑρεθήσεται
700 5096 894 5162 ἑτέραν
941 5096 1154 5161 γένεσιν
1187 5095 1407 5165 ἕχον,ἢ
1455 5095 1607 5158 τάξιν
1643 5095 1738 5147 καὶ

124 5185 416 5251 κίνησιν·
450 5186 525 5247 ὡς
560 5186 744 5239 λαϐεῖν
779 5206 895 5239 τινα
942 5190 1219 5255 πρόφασιν
1261 5188 1488 5256 λαλῆσαι
1523 5188 1615 5239 καὶ
1658 5189 1737 5240 εί-

126 5278 285 5326 στεῖν
305 5292 321 5305 ο
377 5275 472 5326 Ἰδὲ
508 5277 665 5329 τοῦτο
693 5277 874 5329 καινόν
910 5280 1076 5330 ἐστιν.
1118 5278 1183 5329 Εἴ
1208 5296 1259 5329 τι
1288 5279 1395 5347 γὰρ
1429 5280 1545 5330 κατ’
1573 5279 1739 5348 οὐρα-

1841 4650 1961 4703 qute
1993 4644 2149 4687 aetate
2180 4636 2452 4703 majorum
2483 4639 2760 4691 exstitere.
2793 4637 2970 4707 Atque
3002 4640 3165 4692 etiam
3199 4641 3263 4693 ad
3285 4655 3408 4693 eum

1842 4734 2105 4792 tenorem,
2134 4726 2227 4795 qui
2259 4728 2472 4780 cazteris
2498 4727 2680 4793 rebus,
2712 4730 2961 4798 quaejam
2994 4743 3409 4799 prmcesserunt,

1842 4816 1911 4870 ab
1933 4816 2318 4872 universorum
2338 4819 2593 4873 eilectorc
2613 4829 2666 4874 et
2689 4818 2919 4874 Domino
2936 4820 3413 4891 p'rovidentissimo

1843 4909 2201 4977 praescriptus
2228 4922 2332 4972 est,
2366 4911 2632 4980 originem
2669 4913 2881 4982 singula
2914 4914 3161 4968 eamdem
3192 4925 3248 4969 et
3296 4933 3411 4970 mo-

1844 5008 1958 5054 tum
1991 5010 2044 5053 et
2075 5012 2272 5056 statum
2310 5004 2494 5056 tandiu
2530 5004 2825 5068 habebunt,
2854 5006 2981 5059 dum
3018 5006 3271 5063 delinitos
3315 5012 3417 5064 sibi
3460 4999 3462 5003 ’

1846 5090 2111 5145 terminos
2140 5093 2428 5161 attingant.
2462 5092 2606 5149 Nihil
2660 5111 2854 5167 nempe
2903 5098 3136 5153 inveniri
3188 5114 3419 5167 usquam

1846 5184 2062 5252 poterit,
2095 5184 2182 5236 cui
2215 5187 2317 5238 alia
2352 5187 2525 5255 origo,
2566 5186 2705 5241 alius
2739 5192 2893 5251 ordo,
2931 5192 3072 5245 alius
3102 5191 3173 5245 sit
3204 5201 3417 5254 motus;

1847 5274 2103 5343 nullaque
2152 5292 2211 5329 se
2253 5278 2506 5345 cuiquam
2548 5282 2767 5334 occasio
2816 5282 3005 5336 olli-ret
3040 5266 3307 5351 loquendi
3336 5284 3415 5337 di-

124 5366 246 5418 νὸν
288 5364 560 5433 Οεωρήσει
610 5385 689 5428 τις
744 5369 1045 5437 παράδοξον
1089 5371 1179 5420 καὶ
1211 5369 1356 5432 ξένον
1392 5371 1449 5419 ἐν
1480 5373 1600 5429 ταῖς
1633 5368 1741 5420 τῶν

127 5460 427 5530 μεγάλων
455 5460 757 5527 φωστήρων
790 5461 1074 5522 ἀνατολαῖς
1103 5462 1195 5512 καὶ
1225 5461 1455 5528 δυσμαῖς
1502 5462 1595 5512 καὶ
1623 5464 1743 5523 ταῖς

122 5550 501 5619 ἐκλείψεσιν,
532 5554 564 5622 ἦ
600 5552 707 5605 τῶν
735 5554 910 5606 ἄλλων
934 5553 1181 5623 ἀστέρων
1207 5552 1314 5603 τῶν
1353 5552 1608 5604 ἀπλανῶν
1651 5553 1746 5603 καὶ

1845 5368 2110 5433 cendiun
2136 5384 2147 5417 :
2176 5365 2312 5420 Ecce
2339 5369 2439 5421 hoc
2465 5385 2654 5425 recens
2680 5382 2783 5426 cst.
2813 5371 2949 5427 Nam
2974 5375 3019 5427 si
3051 5374 3177 5443 quid
3204 5376 3256 5427 in
3283 5387 3422 5427 coam

1847 5458 1970 5525 quis
2024 5458 2218 5511 viderit
2258 5461 2597 5529 inopinatum
2655 5482 2717 5519 ac
2759 5484 2959 5520 novum
2998 5469 3050 5520 in
3095 5483 3420 5537 magnorum

1852 5550 2116 5601 luminum
2151 5562 2245 5606 aut
2293 5555 2347 5608 in
2382 5571 2702 5613 camerarum
2736 5560 3037 5625 stellarum,
3075 5568 3130 5614 et
3159 5577 3280 5631 qua:
3308 5561 3426 5613 lini

225 5759 355 5824 (5|)
381 5758 539 5833 apud
559 5755 720 5833 ΙλξΧ,
747 5766 830 5809 est
857 5757 961 5833 Ἴδε
986 5757 1146 5812 τοῦτο
1210 5754 1394 5833 καινόν
1457 5757 1625 5833 ἐστιν.
1691 5756 1731 5810 Ο

1820 5765 2110 5829 Ilpiodmus
2172 5764 2299 5833 legit
2349 5766 2406 5816 ὲν
2449 5766 2561 5825 τοῖς
2616 5763 2774 5815 αίῶσι
2816 5766 2921 5826 τοῖς
2961 5765 3276 5833 γενομένοις
3321 5764 3429 5818 ἀπὸ

119 5828 486 5901 ἔμπροσθεν
519 5828 696 5896 ἡμῶν,
732 5838 789 5879 ut
829 5835 913 5881 est
945 5828 999 5880 in
1026 5831 1260 5895 exempl.
1297 5825 1426 5878 cdtt.
1465 5824 1637 5879 Vatit'.
