4192 6436
735 372 841 437 823

1875 374 1931 435 S.
1960 378 2341 440 GREGORII
2394 378 2905 440 AGRIGENTLNI

3908 373 4005 438 824

736 484 991 547 ισθοιιισ,
1025 481 1080 536 in
1118 483 1326 553 peccati
1360 483 1592 555 caligine
1623 486 1861 541 insanit?
1898 488 2191 543 Enimvero
2230 505 2319 544 εα-

2450 491 2725 559 ιμαρτίαςς
2752 491 2893 554 τοὺς
2914 468 3206 554 τοιούτους
3226 489 3323 545 οὖν
3350 487 3649 559 λογισμοὺς
3688 486 3786 561 καὶ
3816 486 4004 553 λόγους

737 576 896 641 piens
936 574 1330 638 Ecclesiastes,
1381 592 1493 645 quo
1541 579 1817 634 maturius
1865 582 2317 637 ratiocinationes

737 683 927 725 eorum
984 683 1383 737 sermonesque
1446 670 1725 727 inhiberet
1784 683 1948 742 atque
2004 674 2314 738 refelleret,

739 774 903 826 quos,
943 770 1004 815 ut
1051 760 1168 832 ipse
1202 760 1258 819 in
1290 771 1467 817 semet
1498 765 1793 831 expressit,
1836 764 1964 818 talia
1996 766 2320 833 opiuaturos

744 852 983 917 videbat,
1013 853 1180 907 verba
1232 851 1324 908 illa
1375 865 1751 923 usurpantes:
1796 872 1815 905 (
1855 854 1923 909 Et
1964 855 2078 908 dixi
2124 869 2227 924 ego
2263 857 2318 909 in

740 941 906 995 corde
930 955 1087 996 meo:
1114 940 1273 998 Sicut
1293 951 1522 997 eventus
1544 942 1698 997 stulti
1732 942 1805 997 ita
1829 952 1884 997 et
1906 944 2039 997 mihi
2068 945 2317 999 eveniet:

741 1041 796 1087 et
834 1041 895 1087 ut
940 1033 1073 1102 quid
1124 1036 1341 1102 sapiens
1394 1032 1575 1089 factus
1624 1048 1749 1089 sum
1787 1034 1989 1102 ego?»
2052 1034 2217 1090 simul
2263 1041 2325 1089 ut

742 1134 932 1192 aperte
962 1125 1298 1189 ostenderet,
1339 1139 1399 1181 se
1450 1136 1643 1179 contra
1677 1124 1763 1179 fas
1808 1140 1874 1179 ac
1908 1134 2115 1179 temere
2162 1126 2322 1180 locu-

742 1225 884 1282 tum,
920 1216 1123 1287 adjecit
1158 1217 1414 1287 protinus
1445 1232 1459 1268 :
1491 1235 1511 1268 s
1547 1215 1701 1271 Tunc
1732 1216 2077 1271 abundanter
2105 1217 2324 1273 locutus

746 1323 869 1362 sum
909 1323 1012 1377 ego
1058 1309 1113 1363 in
1145 1310 1311 1365 corde
1341 1324 1485 1364 meo.
1524 1306 1759 1374 r'l‘unc,
1805 1309 2025 1380 inquit;
2073 1310 2325 1380 quando-

746 1399 913 1454 nam?
935 1399 1016 1453 Eo
1040 1416 1239 1470 nempe
1272 1409 1538 1471 tempore,
1564 1414 1677 1470 quo
1712 1400 1850 1455 tales
1877 1400 1934 1453 in
1962 1401 2326 1470 cogitationes

746 1492 992 1558 devenit,
1028 1492 1277 1547 interiori
1326 1507 1583 1548 sermone
1624 1491 1919 1562 superﬂua,
1950 1506 2112 1556 vana,
2157 1508 2189 1547 a
2231 1508 2327 1548 ve-

749 1587 917 1641 ritate
947 1586 1127 1640 aliena
1173 1570 1360 1641 secum
1408 1587 1525 1657 ipse
1558 1586 1856 1643 meditatus
1887 1594 2052 1656 atque
2085 1586 2325 1642 locutus.

748 1674 816 1729 Et
846 1691 958 1745 quo
997 1676 1317 1744 hujusmodi
1360 1676 1729 1746 cogitationes
1768 1676 2046 1748 insignius
2090 1685 2323 1740 notaret,

2420 584 2871 654 προαναστέλλων
2897 585 2993 635 καὶ
3012 581 3514 653 προανασκευάζων
3530 583 3561 633 6
3580 583 3748 648 σοφὸς
3779 576 4005 645 Ἑκκλη·

2421 676 2649 747 σιαστὴς
2705 676 2767 740 ἐξ
2814 674 2982 729 αὐτοῦ
3030 672 3325 747 προσώπου
3364 674 3474 727 τῶν
3510 672 3579 726 τὰ
3615 669 3849 723 τοιαῦτα
3883 668 4007 738 μελε

2420 766 2620 818 λόντων
2653 765 3063 835 ὑπολαμϐάνειν
3109 764 3206 819 καὶ
3240 764 3423 832 λέγειν
3450 778 3467 793 ο
3505 780 3524 814 s
3570 761 3680 814 Καὶ
3705 755 3868 813 εἷπον
3900 756 4002 825 ἐγὼ

2421 859 2479 910 ἐν
2504 857 2702 927 καρδία
2750 874 2876 927 μου,
2921 857 3010 919 Ὦς
3040 856 3362 925 συνάντημα
3389 853 3484 907 τοῦ
3529 852 3791 921 ἄφρονος,
3822 850 3918 904 καί
3945 867 4004 917 γε

2422 949 2547 1018 ἐμοὶ
2600 950 3031 1019 συναντήσει-αι·
3072 947 3169 1000 καὶ
3199 947 3289 1000 ἶνα
3318 946 3373 998 τί
3416 943 3763 1013 ἐσοφισάμην
3807 942 3948 1009 syth;
3980 960 3998 993 s

2424 1040 2519 1093 καὶ
2558 1038 2775 1102 δεικνὺς
2813 1037 3084 1108 ἐναργῶς,
3122 1037 3197 1101 ὡς
3225 1037 3431 1099 άδεκως
3456 1035 3559 1105 ἐφη
3588 1033 3751 1087 τοῦτο
3784 1032 3882 1086 καὶ
3908 1048 4004 1084 πα·

2428 1130 2695 1202 ραλὸγως,
2718 1130 2940 1201 άμέσως
2971 1130 3243 1200 ἐπήγαγε·
3272 1146 3292 1181 ι
3315 1128 3448 1181 Τότε
3480 1126 3744 1198 περισσὸν
3775 1123 4006 1192 ἐλάλησα

2425 1218 2538 1289 ἐγὼ
2568 1222 2628 1274 ἐν
2666 1219 2866 1291 καρδία
2901 1235 3029 1290 μου.
3070 1238 3089 1271 s
3120 1218 3279 1282 Τότε,
3304 1217 3467 1282 sedse;
3494 1213 3750 1287 Δηλονότι
3793 1214 3916 1265 καθ’
3953 1212 4006 1276 ὃν

2428 1309 2621 1380 καιρὸν
2641 1309 2719 1371 εις
2744 1308 2844 1372 τὰς
2865 1307 3123 1370 τοιαύτας
3145 1301 3279 1377 ἦλθε
3305 1304 3711 1377 διενθυμήσεις,
3729 1302 3815 1371 τῷ
3837 1301 4006 1354 ἐνδια-

2428 1401 2569 1471 θέτῳ
2609 1400 2753 1469 λόγῳ
2804 1401 2874 1453 τά
2932 1399 3167 1470 περιττὰ
3212 1398 3311 1452 καὶ
3363 1397 3590 1467 μάταια,
3616 1396 3714 1448 καί
3741 1392 4005 1463 μηδεμίαν

2428 1494 2690 1563 ἀληθείας
2748 1492 2943 1562 ἔχοντα
2974 1492 3206 1561 δύναμιν
3251 1487 3585 1559 ἐνθυμηθεὶς
3624 1486 3723 1539 καὶ
3750 1485 4005 1553 λαλήσας.

2442 1583 2943 1654 Ἐκφαντικώτερον
2968 1583 3026 1637 δὲ
3048 1580 3321 1637 καθιστῶν
3344 1580 3438 1633 τδν
3458 1579 3624 1649 ψόγον
3638 1576 3749 1629 τῶν
3764 1574 4010 1628 τοιούτων

2431 1676 2860 1747 ἐνθυμημάτων,
2890 1674 3115 1744 ἀμέσως
3151 1675 3403 1744 ἐπήγαγε
3425 1688 3438 1701 ·
3483 1689 3501 1723 ι
3541 1671 3689 1723 Διότι
3720 1668 3915 1737 ἄφρων
3954 1668 4011 1718 ἐκ

730 1766 986 1853 subjecit
1015 1768 1201 1823 statim
1234 1786 1248 1819 :
1286 1786 1305 1819 (
1344 1767 1614 1835 Quoniam
1648 1768 1852 1825 stultus
1888 1783 1955 1823 ex
1990 1768 2329 1825 abundantia

2450 1766 2867 1839 περισσεύματος
2896 1765 3051 1820 λαλεῖ
3075 1784 3087 1799 -
3116 1766 3209 1820 καί
3238 1783 3303 1835 γε
3328 1762 3491 1817 τοῦτο
3521 1762 3853 1832 ματαιότης.
3893 1775 3911 1807 ι

749 1856 1029 1923 loquitur;
1071 1865 1125 1911 et
1161 1858 1267 1913 hoc
1296 1856 1427 1912 item
1460 1858 1676 1913 vanitas
1708 1855 1845 1927 (84).
1880 1875 1899 1907 ι

820 1947 881 2002 Si
915 1963 1047 2019 ergo
1075 1949 1305 2004 stultum
1335 1965 1460 2006 esse
1490 1948 1836 2019 pronuntiat,
1864 1948 1960 2019 qui
1984 1947 2115 2003 talia
2145 1948 2330 2003 animo

748 2039 956 2105 volvat,
992 2048 1049 2095 et
1085 2042 1384 2096 vanitatem
1414 2051 1579 2099 vocat
1620 2040 1730 2112 56
1776 2040 2130 2097 temerarium
2165 2040 2331 2094 istum

750 2136 1114 2204 cogitatarttm
1170 2152 1355 2191 rerum
1405 2144 1641 2202 mutum,
1704 2137 1878 2206 liquet
1930 2135 2067 2204 jam,
2100 2149 2168 2190 eo
2217 2135 2335 2191 hac

752 2226 941 2282 animo
973 2228 1043 2282 ab
1073 2243 1140 2284 eo
1185 2230 1423 2299 prolata,
1459 2234 1519 2283 ut
1544 2228 1798 2299 vulgares
1845 2228 1968 2282 illas
2010 2238 2065 2282 et
2111 2228 2334 2283 insanas

756 2318 1147 2389 plerorumque
1194 2320 1476 2374 hominum
1516 2318 1905 2374 altercationes
1938 2324 2333 2386 compesceret.

758 2407 1271 2479 Interpretatiouem
1330 2427 1461 2466 vero
1523 2420 1770 2466 nostram
1832 2410 1903 2464 iis
1957 2408 2154 2473 etiam,
2218 2423 2339 2478 qua:

759 2503 1011 2570 prosime
1036 2514 1363 2574 sequuntur,
1396 2503 1709 2566 conﬁrmat,
1741 2516 1869 2557 cum
1905 2499 2086 2555 dicat:

2503 1949 2567 2001 Ei
2598 1946 2781 2001 τοίνυν
2820 1947 3034 2019 ἄφρονα
3074 1945 3168 2000 τὸν
3218 1941 3655 2013 διενθυμηθὲντα
3689 1939 3761 1992 τὰ
3796 1934 4017 1990 τοιαῦτα

2434 2038 2858 2111 προσαγορεύει,
2905 2039 3002 2093 καὶ
3047 2038 3388 2109 ματαιότητα
3432 2035 3589 2088 καλεῖ
3624 2032 3724 2102 τὴν
3754 2032 3870 2083 τῶν
3903 2045 4020 2097 von-

2434 2132 2636 2187 θέντων
2666 2131 2980 2203 παράλογον
3008 2131 3244 2201 κίνησιν,
3271 2126 3560 2199 πρόδηλον,
3587 2124 3663 2188 ὠς
3691 2137 4019 2193 προανασει-

2440 2224 2620 2296 ράζων
2657 2224 2766 2277 τῶν
2820 2222 3029 2276 πολλῶν
3071 2222 3167 2276 καὶ
3219 2220 3455 2291 χυδαίων
3499 2219 3594 2271 καὶ
3647 2215 4023 2285 παραπὶήγων

2444 2314 2749 2385 ἀνθρώπων
2778 2315 2878 2378 τὰς
2911 2312 3263 2385 ἀντιρρήσεις
3294 2311 3470 2366 ταῦτα
3500 2310 3750 2376 προεῖπε.
3799 2303 4023 2357 Πιστοῦ-

2445 2424 2534 2460 ται
2582 2407 2641 2460 δὲ
2688 2407 2791 2459 κάν
2839 2408 2952 2469 τοῖς
2983 2407 3204 2477 άμὲσως
3266 2404 3553 2471 ἑπομένοις
3598 2400 3701 2471 τὴν
3753 2397 4026 2467 ἡμετέραν

2448 2499 2678 2569 ἐκδοχὴν
2706 2498 2848 2551 οὕτω
2870 2499 3065 2567 φάσκω
3078 2516 3128 2554 ν.

2310 2614 2337 2684 §
2370 2611 2481 2667 vu.

719 2762 724 2766 -
834 2729 999 2784 Vens.
1040 2729 1127 2784 16.
1170 2731 1311 2795 Quia
1340 2748 1443 2785 non
1488 2741 1565 2786 est
1616 2730 1872 2785 memoria
1927 2730 2183 2800 sapientis
2226 2746 2345 2782 cum

762 2819 926 2871 stulto
960 2820 1013 2871 in
1053 2829 1329 2886 (sternam,
1379 2837 1439 2874 eo
1495 2822 1633 2890 quod
1676 2822 1832 2889 jam,
1895 2820 2075 2873 diebus
2114 2836 2349 2887 superve-

766 2911 1051 2973 nientibus,
1094 2912 1275 2964 omnia
1317 2912 1509 2966 oblivio
1553 2913 1804 2982 operuit:
1834 2922 1884 2966 et
1930 2912 2190 2982 quomodo
2238 2929 2349 2966 ino-

768 3005 938 3055 rietur
966 3004 1176 3072 sapiens
1208 3018 1325 3056 cum
1364 3003 1531 3057 stulto
1564 3003 1717 3073 (85)?

2518 2730 2648 2783 Ὀτι
2672 2731 2784 2783 οὐκ
2808 2730 2938 2784 ἔστι
2955 2707 3164 2799 μνήμη
3192 2729 3298 2783 τοῦ
3322 2726 3521 2796 σοροῦ
3538 2724 3690 2795 μετὰ
3722 2723 3834 2776 τοῦ
3864 2721 4036 2789 {igpo-

2444 2841 2552 2890 νος
2580 2827 2667 2890 εὶς
2705 2824 2814 2876 τὸν
2844 2822 3052 2885 αἰῶνα,
3082 2824 3285 2876 καθότι
3309 2820 3427 2889 ἤδη
3462 2819 3591 2883 ταῖς
3620 2817 3881 2885 ἡμέραις
3920 2812 4034 2877 ταῖς

2445 2915 2875 2983 ἐπερχομέναις
2896 2914 2967 2966 τὰ
2986 2914 3183 2968 πάντα
3208 2912 3520 2977 summa»;
3546 2926 3558 2937 ο
3591 2909 3689 2961 καὶ
3729 2904 3865 2971 πῶς
3895 2906 4037 2958 ἀπο-

2448 3005 2712 3062 θανεῖται
2750 3008 2784 3058 δ
2813 3005 3006 3073 σοφὸς
3030 3005 3182 3085 μετὰ
3213 3003 3321 3057 τοῦ
3358 2998 3651 3071 ἀρρυθοςξ

840 3095 969 3147 Hmc
997 3094 1144 3148 enim
1182 3094 1237 3147 in
1270 3094 1457 3149 verbis
1492 3093 1765 3149 sententia
1794 3094 1971 3149 latet:
2005 3092 2149 3147 Bene
2178 3107 2346 3163 appo-

2520 3098 2823 3166 Movovouxi.
2871 3098 2981 3167 γάρ
3022 3111 3191 3165 φησι·
3247 3094 3444 3157 Καλῶς
3500 3093 3595 3147 καὶ
3646 3092 4043 3162 προσηκόντως

770 3184 988 3251 siteque
1047 3182 1159 3236 dixi
1196 3200 1210 3236 :
1250 3201 1269 3233 (
1309 3181 1583 3249 Quoniam
1640 3183 1844 3237 stultus
1898 3197 1965 3236 es
2012 3182 2346 3236 abundantia

2450 3185 2621 3242 εἷπον·
2651 3209 2668 3240 ι
2706 3189 2851 3242 Διότι
2882 3190 3070 3259 ἄφρων
3095 3190 3160 3241 ἐκ
3176 3187 3612 3257 περισσεύματος
3644 3183 3827 3244 λαλεῖ,
3852 3184 3936 3234 ὅτι
3961 3181 4046 3233 ni

774 3273 1040 3341 loquitur,
1072 3282 1128 3327 et
1154 3272 1260 3327 boe
1289 3273 1417 3326 item
1450 3266 1699 3339 vanitas;
1744 3292 1763 3324 ι
1805 3282 2010 3327 temere
2048 3271 2195 3326 enim
2236 3287 2353 3327 om-

774 3365 904 3419 nino
956 3374 1119 3434 atque
1170 3366 1498 3440 insipienter
1551 3366 1605 3419 in
1658 3365 1927 3435 ejusmodi
1989 3364 2353 3435 cogitationes

775 3456 909 3518 abit,
947 3455 1116 3511 falsas
1140 3467 1193 3510 et
1225 3455 1517 3519 absurdas,
1540 3464 1603 3509 ut
1634 3471 1804 3509 unum
1836 3456 2203 3525 eumdemque
2233 3471 2356 3510 esse

777 3558 988 3601 statuat
1018 3549 1283 3618 sapientis
1314 3556 1368 3602 et
1399 3548 1551 3603 stulti
1586 3557 1871 3603 eventum.
1910 3548 2190 3619 Sapientis
2221 3563 2355 3603 sane

779 3640 1045 3694 memoria
1088 3656 1214 3695 cum
1255 3642 1397 3710 apud
1428 3641 1668 3711 aequales
1696 3641 1820 3712 jure
1847 3641 2088 3710 quodam
2139 3642 2357 3696 virtutis

778 3730 1161 3800 bonorumque
1213 3732 1522 3787 studiorum
1573 3732 1794 3802 proprio
1848 3732 2186 3787 immortalis
2235 3741 2354 3794 est,

777 3832 892 3876 tum
926 3838 1055 3878 vero
1092 3832 1347 3878 aeternam
1395 3824 1539 3890 apud
1584 3820 1833 3892 pesteros
1878 3823 2123 3877 nominis
2188 3822 2360 3877 clari-

780 3924 945 3969 tatem
982 3915 1162 3970 habet.
1194 3914 1328 3970 Nam
1362 3935 1379 3964 σ
1404 3914 1666 3970 Memoria
1695 3914 1831 3983 justi
1864 3929 1992 3969 cum
2019 3913 2297 3977 laudibus,
2334 3931 2354 3965 s

784 4006 1181 4074 sapientissimi
1216 4006 1428 4060 oraculi
1462 4005 1669 4059 dictqu
1700 4013 1779 4060 est
1814 4004 1967 4076 (86);
2026 4014 2087 4059 ut
2118 4005 2249 4058 illud
2284 4005 2362 4058 al—

786 4108 962 4150 terum
1002 4114 1014 4149 :
1052 4114 1070 4147 (
1107 4095 1251 4151 Justi
1289 4098 1342 4150 in
1378 4107 1651 4159 aeternum
1682 4097 1893 4160 vivunt,
1926 4105 1981 4150 et
2026 4097 2079 4150 in
2130 4095 2361 4150 Domino

785 4201 997 4242 merces
1052 4203 1242 4242 eorum
1276 4187 1358 4255 “;
1396 4207 1414 4240 ι
1468 4189 1597 4243 item
1644 4186 1786 4242 illud
1839 4207 1851 4242 :
1911 4206 1928 4238 (
1990 4186 2047 4241 In
2095 4188 2362 4242 memoria

784 4290 987 4333 asterna
1019 4281 1124 4333 erit
1146 4280 1333 4349 justus
1358 4280 1434 4347 ³⁸;
1473 4300 1490 4333 ι
1528 4280 1707 4334 ethoc
1742 4295 1963 4350 quoque
1998 4299 2010 4334 :
2046 4300 2064 4331 (
2098 4280 2282 4335 Gloria
2311 4289 2366 4336 et

783 4374 991 4426 divitia:
1025 4374 1081 4426 in
1113 4375 1279 4427 domo
1329 4376 1483 4442 ejus,
1540 4384 1595 4427 et
1632 4374 1847 4441 justitia
1905 4373 2028 4443 ejus
2076 4382 2262 4427 manet
2310 4375 2363 4427 in

788 4465 1052 4518 szeculum
1088 4466 1275 4521 seaculi
1304 4465 1383 4529 ³⁶;
1426 4485 1443 4514 ι
1480 4465 1611 4519 item
1648 4466 1753 4519 hoc
1787 4483 1801 4519 :
1834 4484 1852 4515 ι
1886 4466 2177 4533 Dispersit,
2216 4465 2366 4519 dedit

2453 3298 2517 3350 ys
2545 3281 2702 3333 τοῦτο
2731 3280 3031 3349 ματαιότης
3055 3296 3067 3309 ·
3100 3299 3118 3332 ι
3151 3280 3229 3350 τῷ
3256 3279 3371 3330 ὄντι
3393 3278 3500 3346 γὰρ
3529 3276 3710 3345 μάτην
3739 3276 3843 3326 καὶ
3876 3292 4049 3344 παρα-

2455 3375 2665 3441 φρόνως
2697 3367 2829 3442 ἦλθε
2871 3370 3007 3440 πρὸς
3044 3370 3143 3432 τὰς
3175 3370 3433 3430 τοιαύτας
3470 3366 3806 3435 ἐνθυμήσεις
3834 3364 4049 3433 ψευδεῖς

2455 3464 2551 3515 καὶ
2580 3462 2926 3529 παραλόγους
2958 3460 3057 3520 τὰς
3086 3458 3375 3526 λεγούσας,
3394 3456 3470 3518 ὡς
3497 3456 3557 3507 ἐν
3597 3457 3715 3507 ἐστι
3744 3451 3846 3504 τοῦ
3888 3450 4050 3517 σοςςοῦ

2455 3554 2517 3606 τὸ
2554 3554 2868 3622 συνάντημα
2903 3554 2998 3605 καὶ
3024 3550 3118 3603 τοῦ
3143 3550 3395 3620 ἄφρονος.
3423 3548 3533 3600 Καὶ
3559 3547 3666 3616 μὴν
3684 3546 3721 3613 ἡ
3753 3543 3856 3595 τοῦ
3886 3542 4049 3610 σοςοῦ

2461 3647 2649 3717 μνήμη
2694 3644 2785 3696 διὰ
2820 3644 2928 3696 τῶν
2959 3643 3394 3713 προτερημάτων
3433 3640 3527 3707 τῆς
3559 3636 3771 3707 ἀρετῆς
3801 3639 3907 3687 καὶ
3951 3634 4053 3686 τῶν

2459 3735 2679 3805 ἀγαθῶν
2712 3735 3166 3803 σπουδασμάτων,
3205 3731 3298 3784 ἐπί
3324 3748 3384 3782 τε
3417 3732 3529 3791 τοῖς
3552 3728 3636 3794 ἐφ’
3668 3728 3807 3795 ἡμῖν
3845 3724 4054 3777 ἀθάνα-

2458 3828 2550 3891 τός
2604 3830 2755 3890 ἐστι,
2810 3827 2905 3878 καὶ⁵
2970 3823 3383 3888 διαιωνέζουσαν
3442 3820 3559 3889 ἔχει
3612 3818 3713 3887 τὴν
3772 3815 4053 3868 εὔκλειαν.

2467 3936 2485 3968 ι
2542 3917 2752 3987 Μνήμη
2813 3917 2921 3986 γὰρ
2978 3915 3190 3968 δικαίου
3252 3912 3370 3983 μετ’
3447 3909 3781 3977 ἐγκωμῑου,
3839 3926 3860 3957 s
3926 3904 4059 3973 φησί

2463 4028 2565 4063 που
2594 4010 2656 4062 τὸ
2688 4008 2999 4078 σοφώτατον
3042 4008 3254 4074 λόγιον·
3298 4004 3393 4058 καὶ
3432 4003 3628 4056 πάλιν·
3674 4018 3692 4050 ι
3729 4002 3955 4052 Δίκαιον.
3985 3998 4060 4058 si;

2462 4102 2553 4155 τὸν
2577 4102 2749 4156 αἰῶνα
2770 4102 2928 4164 ζῶσι,
2960 4102 3055 4153 καὶ
3088 4101 3145 4151 ἐν
3176 4099 3366 4168 Κυρίῳ
3386 4097 3415 4148 ὁ
3438 4095 3632 4165 μισθὸς
3654 4092 3844 4145 αὐτῶν
3870 4109 3884 4121 ο
3918 4110 3938 4141 ι
3972 4092 4063 4141 καὶ

2469 4195 2631 4248 πάλιν
2664 4209 2677 4222 ο
2724 4212 2742 4245 ι
2784 4195 2880 4256 Εἰς
2920 4192 3267 4263 μνημόσυνον
3292 4189 3511 4242 αἰώνιον
3560 4184 3715 4238 ἔσται
3742 4184 3997 4244 δίκαιοςο
4042 4200 4058 4229 ι

2466 4286 2560 4340 καὶ
2593 4285 2774 4350 πάλιν,
2800 4304 2829 4337 ,(
2859 4285 2997 4350 Δόξα
3025 4283 3119 4337 καὶ
3148 4281 3375 4343 πλοῦτος
3408 4282 3466 4332 ἐν
3490 4280 3569 4348 τῷ
3592 4278 3732 4346 οἴκῳ
3757 4276 3957 4337 αὐτοῦ,
3978 4276 4067 4327 καὶ

2465 4380 2498 4447 ὴ
2530 4376 2848 4446 δικαιοσύνη
2863 4374 3029 4428 αὐτοῦ
3060 4374 3212 4445 μένει
3240 4375 3321 4436 εἰς
3338 4373 3429 4425 τὸν
3451 4371 3629 4424 αἰῶνα
3646 4369 3744 4421 τοῦ
3774 4368 3985 4430 αἰῶνος
4003 4384 4017 4397 ’
4044 4385 4063 4416 ι

2469 4466 2566 4520 καὶ
2587 4465 2769 4529 πάλιν,
2809 4484 2828 4515 (
2888 4463 3249 4533 Ἐσκόρπισεν
3267 4502 3284 4526 ,
3323 4461 3491 4514 ἔδωκε
3514 4462 3628 4522 τοῖς
3652 4457 3924 4527 πένησιν,
3944 4458 3979 4526 ἡ
3995 4456 4069 4510 ει.

788 4558 1150 4625 pauperibus,
1186 4557 1407 4628 justitia
1448 4556 1566 4628 ejus
1599 4567 1782 4611 manet
1824 4559 1875 4612 in
1911 4560 2172 4613 saeculum
2200 4559 2267 4612 ³⁷.
2306 4577 2325 4609 ›

2468 4558 2729 4630 καιοσύνη
2752 4557 2919 4611 αὐτοῦ
2952 4558 3107 4627 μένει
3135 4557 3216 4618 εἰς
3249 4555 3341 4607 τὸν
3378 4552 3573 4606 αἰῶνα.
3600 4568 3622 4601 s

896 4767 942 4799 ’δ
983 4770 1115 4837 Sap.
1154 4782 1210 4831 v,
1258 4731 1365 4822 16..
1458 4767 1502 4798 ³³
1540 4765 1683 4820 Psal.
1728 4779 1816 4818 cxt
1848 4806 1864 4828 .
1901 4767 1957 4825 7.

862 4888 977 4959 (84)
1008 4887 1180 4966 Multa
1205 4884 1393 4966 multis
1421 4885 1474 4938 in
1507 4882 1658 4966 locis
1679 4884 1749 4937 ab
1776 4882 2107 4966 Ecclesiaste
2122 4881 2363 4966 proferri

790 4953 1124 5028 ex'persona
1157 4956 1451 5028 hominum
1492 4953 1853 5028 perditorum,
1885 4953 1979 5028 qui
2014 4953 2149 5004 uilu’i
2186 4954 2253 5005 de
2282 4953 2366 5007 fu-

796 5023 918 5083 tura
949 5029 1055 5082 vita
1098 5027 1368 5085 laborant,
1410 5023 1658 5093 apposite
1703 5023 1997 5077 admodum
2038 5030 2090 5074 et
2139 5038 2369 5089 magnus

793 5099 1092 5168 Gregorius
1123 5095 1403 5168 adnotavit
1432 5112 1445 5148 :
1474 5093 1822 5168 cujus‘verba
1847 5094 2373 5168 semclascripsisse

797 5162 942 5225 haud
983 5168 1179 5221 inmile
1210 5164 1373 5218 fuerit
1410 5182 1423 5217 :
1462 5183 1481 5215 ι
1518 5163 1616 5216 llic
1648 5164 1817 5231 igitur
1857 5162 1993 5215 liber
2021 5164 2244 5225 idcirco,
2288 5164 2373 5214 in-

798 5242 939 5308 quit,
962 5238 1333 5293 Coucionator
1355 5236 1573 5297 dicitur.
1597 5235 1727 5308 quia
1757 5232 2013 5285 Salomon
2045 5233 2099 5286 in
2126 5251 2193 5285 eo
2218 5232 2373 5308 quasi

798 5301 1185 5363 tumultuantis
1222 5308 1393 5359 turbae
1422 5305 1665 5372 suscepit
1705 5317 1954 5363 sensum,
1984 5312 2043 5355 ut
2069 5317 2133 5355 ea
2163 5318 2259 5371 per
2286 5301 2368 5354 in-

796 5378 1156 5451 quisitionem
1210 5376 1377 5439 dicat,
1399 5391 1569 5451 qua-1.
1586 5374 1820 5428 fortasse
1871 5388 1966 5441 per
1990 5375 2368 5451 tentationetn

798 5441 1240 5519 imperitantem
1271 5441 1492 5500 sentiat.
1525 5442 1661 5497 Nam
1708 5452 1845 5519 quot
1880 5441 2181 5519 sententias
2215 5442 2373 5509 quasi

798 5513 899 5590 per
933 5517 1347 5590 inquisitionem
1373 5523 1583 5590 movet,
1612 5514 1788 5590 quasi
1809 5522 1888 5567 tot
1921 5513 1976 5565 in
2010 5527 2068 5565 se
2111 5526 2373 5590 personas

800 5583 1143 5645 diversorum
1179 5587 1429 5653 suscipit.
1481 5584 1585 5639 Sed
1634 5583 1992 5653 coucionator
2028 5596 2191 5634 verax
2228 5583 2375 5653 velut

801 5669 1027 5714 extensa
1062 5672 1225 5712 manu
1254 5652 1499 5710 omnium
1538 5658 1804 5707 tumultus
1840 5652 2022 5712 sedat,
2072 5666 2276 5720 eosque
2304 5652 2371 5706 ad

802 5744 972 5783 unam
1026 5726 1350 5783 sententiam
1390 5735 1631 5785 revocat,
1677 5740 1801 5778 cum
1853 5724 1905 5777 in
1957 5721 2204 5791 ejusdem
2247 5722 2371 5776 libri

801 5801 1039 5856 termino
1071 5798 1187 5856 ait:
1218 5794 1403 5855 Finem
1436 5794 1681 5871 loquendi
1721 5809 1897 5848 omnes
1935 5792 2139 5865 pariter
2176 5793 2372 5846 audia-

2086 4765 2132 4794 “
2170 4763 2301 4817 ibid.
2342 4765 2394 4819 3.

2508 4764 2551 4796 ⁸⁷
2593 4764 2727 4819 ibid.
2767 4764 2820 4818 9.

2474 4900 2590 4938 mus
2620 4900 2638 4938 :
2675 4883 2843 4937 Deum
2876 4884 3023 4947 time,
3057 4890 3104 4935 et
3134 4879 3390 4933 mandata
3426 4877 3543 4945 ejus
3577 4872 3827 4947 observa,
3862 4874 3973 4929 hoc
4000 4884 4074 4947 est

2474 4956 2613 5009 enim
2645 4956 2814 5008 omnis
2844 4944 3029 5015 homo.
3058 4952 3114 5006 Si
3163 4951 3308 5005 enim
3359 4948 3412 5001 in
3451 4944 3591 5000 libro
3618 4945 3823 4998 eodem
3863 4960 3971 5013 per
4000 4944 4077 4999 lo.

2476 5026 2751 5079 cntionem
2782 5037 2940 5076 suam
2968 5023 3261 5076 multorum
3289 5031 3555 5087 personas
3581 5030 3690 5069 non
3719 5027 4075 5087 susceperaL

2476 5111 2575 5149 cur
2620 5094 2688 5149 ad
2731 5092 3062 5147 audiendum
3111 5086 3369 5158 loquendi
3416 5086 3817 5158 ﬁnetn‘secum
3869 5086 4080 5158 pariter

2478 5181 2672 5241 omnes
2706 5162 3077 5241 admonebat_?_
3105 5154 3208 5227 Qui
3262 5158 3534 5241 igiturﬂin
3583 5154 3707 5241 line
3744 5156 3878 5241 libri
3924 5158 4079 5235 dicit.

2484 5234 2675 5290 Omnes
2706 5236 2909 5302 pariter
2948 5226 3257 5294 audiamus,
3290 5226 3408 5298 ipse
3437 5226 3533 5302 tibi
3582 5226 3743 5277 testis
3791 5234 3908 5302 est,
3959 5232 4084 5302 quia

2480 5308 2535 5359 in
2572 5322 2633 5361 se
2669 5297 2967 5365 multorum
3005 5316 3271 5371 personas
3314 5297 3879 5371 Suscipiens_,‘quasi
3934 5299 4087 5350 solus

2478 5376 2695 5432 locutus
2727 5390 2835 5428 non
2876 5382 2979 5427 est.
3008 5366 3035 5423 ἰ
3073 5372 3249 5432 (Dial.
3285 5371 3381 5422 lib.
3422 5383 3494 5425 Iv.
3530 5381 3580 5418 c.
3612 5366 3695 5427 4.)

2549 5448 2663 5514 (85)
2697 5445 2867 5513 Leges
2901 5444 3043 5511 apud
3076 5435 3248 5514 LXX:
3282 5438 3475 5493 καθότι
3508 5436 3608 5506 ήδη
3647 5435 3707 5486 αἱ
3742 5435 3977 5506 ἡμέραι
4003 5439 4092 5506 ἐρ.

2475 5510 2798 5587 χόμεναι-τᾶ
2822 5510 3000 5567 πάντα
3020 5510 3413 5587 meum”...

2548 5576 2965 5658 '(86)7Prov.‘c.‘
2986 5587 3041 5645 κζ
3083 5600 3138 5637 n.
3176 5576 3424 5658 '7..Apud
3644 5577 3933 5658 Sr‘riptum
3986 5591 4089 5658 est:

2476 5647 2758 5712 ut‘ad'lib.
2794 5672 2833 5722 I,
2870 5653 2898 5725 §
2935 5652 2969 5709 6
3008 5647 3414 5715 anni-lavimus,
3444 5649 3653 5718 Μνήμη
3690 5647 3939 5703 δικαίων
3970 5647 4091 5719 μετ’

2476 5725 2789 5799 ἐγκωμίων.
