4192 6436
198 383 304 449 825

1290 388 1370 447 IN
1402 388 1977 451 ECCI.ES[ASTEN.
2003 417 2071 428 -
2104 394 2252 457 LIB.
2294 395 2376 455 II.

3364 388 3474 457 εεδ

273 495 406 561 Περὶ
463 491 522 545 δὲ
577 492 670 549 τοῦ
709 492 943 563 ἄφρονος
998 494 1230 548 ἄκουσον
1282 490 1441 554 αὖθις
1476 495 1525 545 τί
1564 511 1730 569 φησιν
1763 496 1790 546 ὁ

1961 495 2081 550 Jun
2120 513 2247 552 vero
2280 502 2348 554 de
2378 501 2546 556 stulto
2576 500 2704 555 audi
2735 514 2951 567 rursus,
2980 499 3115 572 quid
3155 501 3304 556 dicat
3331 500 3481 559 Pro--

204 588 530 656 Προφήτης*
573 604 592 635 1
658 588 766 637 Kal
822 585 903 637 ἔτι
961 587 1166 653 ὀλίγον,
1205 587 1299 638 ml
1357 584 1432 656 μὴ
1480 587 1712 656 ὑπάρξει
1761 588 1790 639 ὀ

203 679 256 743 α’
284 677 544 745 αρτωλδς.
576 678 668 730 καὶ
694 677 953 748 ζητήσεις
975 679 1072 729 τὴν
1094 677 1257 731 τόπον
1282 676 1472 740 αὑτοῦ,
1498 680 1592 730 καὶ
1618 680 1679 730 οὐ
1713 677 1790 750 μὴ

202 769 407 839 εὒρῃς⁶
456 786 476 820 1
506 768 599 821 ml
634 769 817 830 πάλιν.
894 788 913 820 1
953 766 1107 823 Εἶδον
1148 770 1239 823 τὸν
1262 770 1433 840 ἀσεϐῆ
1478 770 1791 840 ὑπερυψού-

205 878 369 931 μενον
399 862 494 914 καὶ
530 862 895 931 ἐπαιρόμενον
924 862 999 924 ὡς
1029 863 1127 926 τάς
1149 863 1375 933 κέδρους
1403 862 1498 915 τοῦ
1518 862 1751 917 Λιϐάνου
1772 879 1787 893 ο

204 955 299 1005 καὶ
343 952 648 1023 παρῆλθον,
682 953 777 1005 ml
808 952 917 1006 ίδοὺ
949 954 1051 1006 οὐκ
1070 948 1168 1022 ἦν·
1204 951 1301 1006 καὶ
1332 952 1577 1022 ἐζήτησα
1603 951 1789 1017 αὐτὸν,

206 1045 299 1095 ml
324 1045 427 1113 οὐχ
455 1043 654 1117 εὑρέθη
677 1046 705 1097 ὁ
726 1044 890 1108 τόπος
938 1042 1106 1099 αὐτοῦ
1132 1060 1146 1075 ο
1186 1062 1205 1095 1
1233 1042 1329 1096 ml
1358 1044 1524 1096 πάλιν
1544 1084 1559 1107 ,
1602 1063 1621 1095 1
1663 1044 1794 1097 Ἀπ-

204 1130 377 1186 ablue
407 1132 470 1186 τὸ
506 1132 858 1203 μνημόσυνον
889 1131 1055 1185 αὑτοῦ
1095 1135 1211 1203 μετ’
1228 1134 1361 1203 ἤχου
1383 1150 1397 1164 ·
1429 1134 1521 1186 ml
1542 1135 1571 1186 δ
1592 1132 1797 1204 Κύριος

206 1226 287 1286 εἰς
316 1224 409 1277 τὸν
449 1223 623 1278 αῖῶνα
652 1223 825 1294 μένει.
868 1243 886 1275 1
931 1224 1043 1295 Τὴν
1065 1220 1159 1277 οῦν
1186 1223 1462 1292 τοσαύτην
1494 1223 1590 1277 τοῦ
1627 1221 1793 1292 σοφοῦ

210 1316 343 1385 11,06;
364 1315 455 1369 τὸν
480 1314 692 1386 ἄφρονα
717 1315 984 1385 διαφορὰν
1010 1316 1296 1384 γινώσκων
1318 1317 1347 1368 ὁ
1377 1316 1538 1384 σοφὸς
1567 1315 1798 1385 Ἐκκλη-

209 1407 452 1479 σιαστὴς,
500 1405 825 1459 διατεινεται
866 1405 1136 1477 μηδαμῶς
1183 1400 1324 1458 εἶναι
1357 1405 1452 1458 τοῦ
1486 1404 1654 1475 σοφοῦ
1694 1406 1796 1476 τὴν

210 1497 435 1566 μνήμην
474 1494 615 1565 μετά
674 1494 769 1549 τοῦ
807 1496 1041 1565 ἄφρονος
1078 1512 1094 1527 ο
1134 1514 1154 1548 1
1192 1495 1432 1560 Καθότι,
1480 1497 1635 1565 φησὶ,
1692 1495 1795 1567 ήδη

208 1588 329 1651 ταῖς
379 1587 619 1658 ἡμέραις
667 1589 790 1651 ταῖς
823 1586 1229 1659 ἐπερχομέναις
1269 1586 1340 1640 τά
1388 1586 1568 1640 πάντα
1594 1586 1798 1655 ἐπελή-

212 1682 337 1749 σθη,
376 1698 395 1731 1
434 1680 638 1752 δηλαδὴ
675 1680 745 1735 τά
780 1679 878 1733 τοῦ
919 1680 1156 1751 ἄφρονος
1180 1695 1195 1711 ο
1253 1680 1348 1733 ml
1396 1679 1590 1733 τούτου
1634 1680 1797 1749 χάριν

210 1772 464 1842 ἐπήγαγε
492 1789 530 1805 ·-
551 1792 569 1824 1
606 1772 719 1828 Kal
750 1772 869 1836 πῶς
899 1772 1257 1827 ἀποθανεῖται
1282 1772 1310 1823 ὁ
1342 1771 1505 1839 σοφὸς
1542 1772 1680 1841 μετά
1700 1769 1796 1822 τοῦ

208 1865 479 1936 ἄφρονος
519 1882 537 1916 1
566 1864 627 1917 τὸ
668 1882 688 1916 1
730 1864 1093 1919 ἀποθανεῖται
1128 1882 1147 1915 1
1177 1864 1359 1934 φήσας
1386 1863 1510 1916 ἀντὶ
1531 1861 1653 1926 τοῦ,
1679 1861 1795 1926 πῶς
1830 1862 1869 1919 Β

209 1960 637 2032 έπιλησθήσεται
661 1961 754 2014 ml
782 1962 811 2014 δ
835 1959 1001 2028 σοφὸς
1024 1958 1099 2022 ὡς
1121 1958 1336 2027 ἄφρων,
1358 1958 1634 2028 μηδεμιᾶς
1656 1974 1797 2028 παρ-

208 2052 615 2140 ακολουθούσης
661 2052 808 2124 αὐτῷ
844 2052 1072 2124 μνήμης
1107 2052 1195 2105 ἐπ’
1227 2050 1455 2123 εὐκλείᾳ
1500 2052 1595 2104 ml
1644 2051 1792 2123 δόξῃ.

212 2150 398 2213 καθὼς
424 2149 547 2204 οὐδὲ
574 2147 653 2221 τῷ
685 2149 881 2218 ἄφρονι
905 2147 1311 2221 παρακολουθεῖ
1324 2147 1385 2199 τὸ
1417 2147 1698 2217 παράπαν.
1740 2147 1797 2199 ’0

215 2240 316 2309 μὲν
350 2238 459 2311 γάρ
490 2239 675 2307 σοφὸς,
710 2258 730 2291 1
763 2239 856 2301 Είς
882 2238 1231 2309 μνημόσυνον
1254 2235 1492 2298 αἰώνιον,
1525 2256 1543 2286 1
1573 2238 1716 2290 κατά
1737 2236 1798 2289 τὸ

212 2330 601 2403 γεγραμμένον
650 2347 671 2384 1
706 2331 883 2394 ἐστὶν,
921 2330 1005 2383 ὅτι
1051 2328 1201 2381 ἐστιν
1244 2327 1671 2398 ἐγκατάλειμμα
1699 2329 1796 2381 ἀν-

213 2424 420 2494 θρώπῳ
446 2422 708 2494 είρηνικῷ
723 2439 738 2456 ο
762 2424 831 2477 τά
852 2422 910 2476 δὲ
933 2421 1269 2491 ὲγκαταλείμ
1279 2439 1425 2492 ματα
1448 2420 1558 2473 τῶν
1583 2420 1799 2475 ἀσεϐῶν

214 2515 785 2588 ὲξολοθρευθήσονται,
817 2535 837 2564 1
865 2514 1048 2578 καθώς
1077 2531 1244 2584 φησιν
1272 2515 1300 2566 ὁ
1338 2514 1656 2585 Προφήτης.
1689 2514 1800 2566 Kal

216 2611 401 2673 πάλιν,
459 2611 615 2663 «Ὅτι
653 2606 914 2677 γινώσκει
961 2608 1166 2679 Κύριος
1218 2608 1335 2659 ὁδὸν
1384 2607 1650 2660 δικαίωνι
1704 2605 1801 2658 ml

216 2702 335 2765 ὁδὸς
381 2700 598 2755 ἀσεϐῶν
653 2700 960 2755 ἀπολεῖται.
1004 2719 1023 2752 1
1077 2701 1190 2763 Τάς
1242 2700 1352 2770 γάρ
1408 2698 1639 2769 πράξεις
1690 2697 1801 2751 τῶν

219 2792 531 2845 σπουδαίων
567 2794 634 2863 τῇ
676 2790 1057 2862 διαιωνιζούσῃ
1085 2790 1288 2859 γνώσει
1318 2789 1411 2843 τοῦ
1447 2788 1584 2842 Θεοῦ
1614 2790 1800 2859 σαφῶς

219 2885 529 2956 ἀνατίθησι,
581 2886 682 2950 τὰς
723 2884 780 2938 δὲ
818 2884 928 2937 τῶν
959 2883 1253 2956 μοχθηρῶν
1287 2882 1382 2936 ml
1412 2880 1635 2952 φαύλων
1663 2882 1801 2953 πρὸς

222 2977 499 3031 ἀπώλειαν
529 2977 919 3048 παραπέμπει.

296 3070 597 3140 Τοιγαροῦν
634 3067 1026 3140 μεγαλωσύνην
1057 3069 1152 3122 ml
1181 3066 1602 3132 διαιωνίζουσαν
1643 3065 1804 3133 δόξαν

1896 588 2057 655 pheta
2092 611 2104 642 :
2149 609 2168 641 1
2206 590 2265 643 Et
2300 593 2479 647 adhuc
2511 593 2815 655 modicum,
2839 600 2893 645 et
2917 606 3027 645 non
3054 591 3161 646 erit
3188 600 3470 662 peccator,

1893 687 1948 729 et
1986 680 2233 748 inquires
2269 680 2451 737 locum
2482 682 2630 749 ejus,
2668 691 2724 735 et
2758 696 2866 735 non
2901 680 3149 735 invenies
3181 680 3317 751 (81).
3356 699 3375 732 1
3412 681 3476 735 Et

1896 769 2091 824 itemm
2127 790 2140 826 :
2176 791 2195 823 1
2237 771 2358 826 Vidi
2412 774 2641 842 impium
2696 773 3165 844 superesaltatum
3204 782 3259 826 et
3296 774 3477 828 eleva-

1895 869 2011 913 turn
2046 864 2190 916 sicut
2213 863 2413 918 cedros
2440 856 2676 932 Libani;
2724 875 2777 919 et
2810 862 3065 930 transivi,
3118 872 3173 917 et
3201 877 3330 918 ecce
3362 878 3473 918 non

1893 964 2015 1009 erat
2044 973 2059 1009 :
2087 966 2140 1009 et
2163 956 2392 1025 quaesivi
2425 956 2628 1026 ipsum,
2660 963 2716 1009 et
2749 970 2856 1008 non
2889 954 3145 1008 inventus
3190 961 3277 1006 est
3320 954 3477 1007 locus

1894 1047 2016 1117 ejus
2044 1046 2111 1100 ⁸⁸.
2152 1067 2171 1099 1
2219 1051 2284 1103 Et
2323 1064 2545 1103 rursum
2578 1065 2591 1100 :
2628 1066 2647 1099 1
2681 1044 2854 1100 Periit
2882 1046 3149 1103 memoria
3194 1044 3317 1114 ejus
3347 1059 3483 1097 cum

1896 1141 2113 1205 sonitu;
2165 1149 2220 1193 ct
2264 1139 2530 1195 Dominus
2566 1138 2620 1192 in
2650 1145 2919 1192 mternum
2968 1144 3155 1190 manet
3183 1138 3250 1189 ³⁸.
3284 1154 3302 1186 1
3334 1134 3473 1188 Cum

1897 1232 2066 1302 igitur
2094 1242 2307 1287 tantum
2340 1246 2463 1286 esse
2495 1231 2792 1286 discrimen
2821 1228 3141 1300 cognoverit
3169 1227 3486 1296 sapientem

1897 1323 2041 1377 inter
2088 1333 2141 1377 et
2188 1322 2456 1388 stultum,
2512 1322 2617 1375 hoc
2661 1321 2884 1390 sapiens
2944 1320 3302 1375 Ecclesiastes
3340 1332 3475 1372 con-

1897 1414 2093 1473 tendit.
2125 1414 2448 1469 memoriam
2478 1412 2745 1483 sapientis
2773 1412 3001 1467 minime
3027 1426 3152 1466 cum
3181 1410 3334 1465 stulti
3362 1423 3478 1463 me-

1898 1505 2074 1560 moria
2112 1506 2317 1560 sociari
2349 1523 2363 1559 :
2396 1523 2415 1557 1
2448 1503 2527 1560 Eo
2558 1506 2729 1575 quod,
2762 1504 2963 1577 inquit.
2996 1502 3109 1573 jam
3146 1501 3252 1572 57
3283 1500 3479 1555 diebus

1898 1598 2420 1667 supervenientibus
2478 1598 2685 1653 oblivio
2730 1596 2918 1651 omnia
2970 1594 3209 1664 operuit,
3250 1611 3269 1643 1
3323 1592 3477 1645 stulti

1900 1691 2141 1754 scilicet;
2198 1692 2383 1760 itaque
2433 1690 2636 1761 adjecit
2675 1707 2689 1743 :
2728 1708 2749 1741 1
2784 1686 2850 1742 Et
2888 1685 3172 1758 quomodo
3214 1683 3481 1738 morietur

1901 1783 2124 1853 sapiens
2162 1798 2288 1837 cum
2322 1783 2532 1838 stulto?
2560 1800 2579 1834 1
2616 1778 2923 1847 Quomodo,
2970 1776 3171 1847 inquit,
3201 1775 3480 1836 morietur,

1900 1876 1954 1931 id
1987 1885 2094 1941 est,
2124 1875 2404 1945 quomodo
2435 1866 2781 1945 ignorabitur
2807 1870 3049 1942 sapiens.
3082 1868 3230 1924 sicut
3256 1866 3479 1928 stultus,

1898 1966 2077 2036 quasi,
2113 1981 2220 2021 non
2252 1979 2415 2021 secus
2456 1978 2523 2019 ac
2566 1962 2823 2029 stultum,
2878 1959 3028 2015 nulla
3081 1973 3208 2012 eum
3259 1970 3489 2026 quoque

1900 2058 2190 2122 memoria,
2233 2057 2386 2111 nulla
2440 2056 2684 2110 nominis
2738 2053 2882 2109 fama
2932 2050 3290 2123 sequeretur?
3344 2045 3480 2101 Nam

1899 2150 2120 2220 sapiens
2147 2150 2396 2220 quidem,
2424 2147 2893 2219 quemadmodum
2924 2158 3100 2201 saera:
3127 2142 3332 2197 habent
3370 2139 3483 2193 Lit—

1902 2252 2077 2297 terae:
2119 2260 2137 2294 1
2190 2240 2247 2295 In
2306 2243 2566 2296 memoria
2626 2248 2830 2294 eterna
2879 2246 2992 2303 est;
3058 2235 3317 2308 quoniam
3354 2241 3484 2286 sunt

1898 2332 2145 2402 reliquiae
2205 2330 2413 2384 homini
2471 2327 2741 2399 paeiiico;
2800 2325 3046 2395 reliquiae
3104 2338 3234 2378 vero
3288 2322 3483 2390 impio-

1899 2440 2021 2479 rum
2085 2420 2634 2485 exterminabuntur,
2686 2437 2706 2470 1
2774 2417 2850 2471 uti
2916 2415 3189 2484 Propheta
3266 2412 3481 2466 denun-

1901 2514 2057 2568 tiavit
2091 2512 2160 2565 δ’.
2203 2512 2268 2564 Et
2318 2511 2516 2564 iterum
2555 2526 2569 2562 :
2622 2525 2641 2559 1
2690 2505 2830 2572 Quia
2883 2502 3166 2573 cognoscit
3222 2498 3487 2552 Dominus

1902 2584 2046 2658 viam
2086 2603 2399 2673 iustorum;
2434 2608 2489 2655 et
2517 2599 2603 2653 via
2635 2597 2931 2667 impiorum
2968 2593 3263 2664 peribit“.
3297 2610 3315 2639 1
3351 2591 3486 2641 Pro-

1902 2694 2099 2749 borum
2134 2691 2337 2762 quippe
2371 2688 2658 2743 hominum
2710 2685 2853 2739 l'acta
2896 2694 3111 2737 acterna:
3156 2679 3249 2733 Dei
3297 2678 3489 2746 cogni-

1902 2785 2040 2840 tioni
2072 2782 2278 2837 diserte
2312 2780 2581 2848 assignat,
2614 2774 2991 2845 improborum
3030 2777 3223 2826 contra
3254 2780 3307 2822 et
3336 2766 3492 2839 "agi:

1902 2879 2171 2934 tiosorum
2202 2872 2443 2928 destinat
2476 2868 2665 2923 morti.

1975 3072 2119 3143 Ergo
2162 3068 2579 3141 amplitudinem
2630 3042 2794 3134 atque
2842 3058 3210 3118 immortalem
3259 3055 3489 3127 gloriam

221 3163 303 3233 τῷ
352 3162 501 3232 σοφῷ
548 3162 1077 3233 προσμαρτυρήσας,
1110 3159 1188 3231 τῷ
1229 3160 1287 3215 δὲ
1330 3159 1527 3228 ἄφρονι
1571 3158 1659 3213 διὰ
1704 3159 1803 3228 τῆς

1908 3164 2139 3235 sapienti
2171 3162 2411 3217 futuram
2443 3173 2568 3216 esse
2591 3165 2847 3219 testatus,
2880 3152 3049 3207 stulto
3077 3158 3259 3205 autem
3296 3145 3493 3201 mortis

222 3254 521 3323 ὀνομασίας
542 3253 637 3306 τοῦ
667 3253 900 3307 θανάτου
930 3254 1031 3322 τὴν
1065 3250 1402 3320 ἀνυπαρξίαν
1429 3250 1521 3303 ml
1547 3248 1638 3302 τὸν
1663 3250 1803 3319 ἀφαο

1905 3258 2164 3317 nomine.
2212 3263 2479 3318 quantum
2541 3250 2609 3305 ad
2681 3246 2962 3304 memoriae
3030 3242 3230 3297 attinet
3301 3240 3491 3302 decus,

226 3347 443 3416 νισμδν,
493 3348 617 3400 ὅσον
660 3342 797 3419 ἧκεν
840 3347 920 3409 είς
951 3343 1107 3407 κλέος
1158 3343 1399 3413 μνήμης,
1439 3341 1808 3413 ὲμφιλοχωρεῖ

226 3442 296 3511 τῇ
333 3438 503 3510 στήλῃ
546 3436 656 3489 τῶν
694 3436 969 3507 ἀφρόνων,
1001 3434 1096 3488 ml
1135 3430 1537 3496 κατασκευάζει
1566 3432 1660 3485 καὶ
1698 3430 1807 3484 δει-

228 3547 418 3583 κνυσιν
467 3527 649 3581 αὐτῶν
703 3526 802 3598 τήν
850 3526 995 3596 ζωὴν
1057 3522 1331 3595 στυγητὴν
1379 3524 1475 3577 καὶ
1528 3525 1805 3594 φευκτήν’

229 3623 367 3691 φησι
400 3620 509 3690 γάρ
530 3636 546 3653 ·

1907 3347 2193 3404 interitum
2233 3354 2289 3401 et
2313 3358 2600 3400 excessum
2626 3358 2641 3406 ;
2668 3333 2840 3411 pergit
2877 3334 3222 3409 proscribere
3256 3331 3455 3386 stultos
3477 3368 3493 3392 .

1908 3442 2185 3509 vitamque
2227 3452 2420 3492 eorum
2461 3435 2799 3506 depingens,
2843 3431 2971 3487 odio
2990 3437 3046 3485 et
3097 3424 3223 3493 fuga
3276 3422 3495 3492 dignam

1908 3530 2225 3594 ostendere;
2254 3529 2331 3583 ait
2358 3528 2502 3583 enim
2533 3545 2547 3582 :

1756 3714 1785 3785 ς
1814 3714 1951 3771 Vill.

304 3810 413 3866 Kal
474 3809 742 3880 ἐμίσησα
799 3809 923 3865 σὺν
981 3808 1096 3877 τὴν
1146 3808 1335 3877 ζωὴν,
1392 3808 1481 3862 ὅτι
1543 3808 1812 3878 πονηρόν

228 3902 326 3957 ἐπ’
375 3902 481 3972 ἐμὲ
534 3902 601 3956 τὸ
670 3902 898 3971 ποίημα
947 3900 1014 3955 τὸ
1058 3899 1467 3968 πεποιημένον
1526 3899 1646 3954 ὑπὸ
1705 3900 1815 3953 τὸν

239 3995 441 4063 ἣλιον*
475 3994 563 4046 ὅτι
604 3994 675 4047 τὰ
721 3992 921 4046 πάντα
961 3993 1291 4061 ματαιότης
1321 3990 1420 4044 καὶ
1468 3990 1817 4059 προαίρεσις

232 4088 592 4155 πνεύματος.
634 4086 743 4140 Kal
772 4086 1040 4154 ἐμίσησα
1065 4084 1180 4153 ἐγὼ
1215 4084 1543 4151 σύμπαντα
1574 4082 1681 4136 τὸν
1710 4082 1817 4152 μό-

234 4184 386 4250 χθον
400 4198 541 4249 μου,
579 4178 651 4232 ὃν
680 4176 794 4248 ἐγὼ
815 4175 1022 4247 μοχθῶ
1041 4176 1161 4232 ὑπὸ
1185 4176 1292 4229 τόν
1322 4174 1525 4242 ἥλιον·
1556 4173 1645 4227 ὅτι
1663 4173 1820 4243 ἀφιω

234 4274 425 4326 αὑτὸν
465 4270 546 4335 τῷ
577 4269 868 4337 ἀνθρώπῳ
912 4267 995 4333 τῷ
1026 4267 1329 4337 γενομένῳ
1365 4268 1491 4335 μετ’
1534 4265 1671 4335 ἐμέ·
1718 4264 1821 4319 καὶ

236 4366 332 4430 τίς
361 4360 547 4427 οἶδεν,
585 4364 637 4415 εὶ
669 4361 862 4429 σοφὸς
896 4360 1071 4413 ἔσται
1096 4358 1135 4427 ἢ
1170 4360 1406 4428 ἄφρων-ς
1442 4357 1542 4411 καὶ
1570 4359 1622 4410 εί
1646 4355 1819 4421 ἐξου-

240 4455 516 4509 σιάσεται
557 4454 625 4507 ἐν
661 4452 841 4506 παντί
862 4451 1066 4519 μόχθῳ
1103 4454 1244 4517 μου,
1265 4443 1313 4515 ᾧ
1345 4448 1676 4517 ἐμόχθησα,
1716 4444 1819 4500 καὶ

236 4545 623 4615 ἐσοφισὰμην
663 4543 783 4599 ὑπὸ
831 4542 939 4596 τὸν
983 4541 1197 4610 ἦλιον;
1234 4540 1335 4595 καί
1374 4557 1444 4609 τε
1490 4538 1666 4593 τοῦτο
1701 4554 1819 4608 μα-

238 4638 503 4703 ταιότης.

312 4730 416 4782 Τὸν
451 4726 617 4780 πολὺν
649 4726 935 4796 ἄνθρωπον
969 4722 1251 4777 κάνταῦθα
1285 4722 1709 4794 χαρακτηρίζων
1753 4721 1823 4776 τά

1987 3812 2153 3868 Vens.
2192 3812 2377 3866 17-19.
2430 3810 2499 3863 Et
2542 3808 2683 3862 odivi
2726 3808 2917 3867 vitam,
2951 3802 3064 3872 (88)
3118 3802 3245 3871 quia
3294 3795 3499 3851 malum

1916 3920 2072 3973 super
2102 3918 2183 3956 me
2206 3916 2355 3968 opus,
2378 3900 2516 3970 quod
2539 3897 2740 3967 factum
2760 3904 2838 3949 est
2868 3893 2964 3946 sub
2995 3891 3104 3945 sole
3126 3906 3143 3943 :
3164 3890 3291 3960 quia
3319 3885 3499 3939 omnia

1916 3997 2123 4050 vanitas
2156 4004 2205 4049 et
2247 3992 2588 4063 prazsumplio
2618 3988 2860 4056 spiritus.
2893 3982 2960 4036 Et
3004 3982 3145 4035 adiri
3170 3997 3263 4050 eqo
3294 3992 3499 4031 omnem

1920 4085 2153 4138 laborem
2178 4099 2385 4147 meum,
2416 4097 2567 4150 quem
2604 4096 2699 4149 ego
2728 4076 2914 4131 laboro
2942 4075 3038 4129 sub
3066 4073 3175 4126 sole
3204 4088 3222 4125 :
3258 4071 3384 4141 quia
3416 4069 3501 4122 di-

1922 4178 2074 4230 mitte
2095 4175 2246 4229 illum
2270 4174 2493 4237 homini,
2514 4172 2603 4240 qui
2624 4171 2797 4240 factus
2821 4176 2935 4235 post
2964 4182 3064 4219 me.
3098 4162 3165 4217 Et
3187 4163 3305 4233 quis
3335 4161 3498 4221 novit,

1921 4278 2105 4322 utrum
2136 4268 2344 4335 sapiens
2374 4264 2574 4333 fuerit,
2611 4279 2680 4316 an
2718 4260 2914 4315 stultus
2940 4260 2966 4313 ?
3004 4265 3053 4312 et
3092 4272 3163 4309 au
3189 4262 3503 4324 potestatem

1921 4358 2167 4413 habuerit
2194 4359 2251 4410 in
2281 4357 2427 4409 omni
2473 4355 2654 4408 labore
2699 4368 2836 4414 meo,
2880 4365 2983 4419 quo
3017 4347 3301 4409 laboravi;
3348 4354 3506 4412 atque

1922 4453 2130 4521 sapiens
2184 4450 2357 4520 {actus
2417 4464 2532 4501 sum
2590 4446 2684 4500 sub
2749 4443 2910 4499 sole?
2967 4443 3132 4495 etiam
3198 4436 3293 4492 hoc
3351 4437 3504 4491 uani-

1924 4556 2008 4599 tas
2038 4544 2174 4614 (89).

1992 4723 2291 4791 Plerosque
2332 4719 2613 4775 hominum
2658 4716 2745 4771 hic
2780 4728 3038 4785 quoque,
3089 4710 3233 4765 dicta
3267 4709 3510 4773 iterans,

240 4817 545 4888 λελεγμένα
578 4816 732 4887 φησί.
774 4836 792 4868 1
830 4816 1074 4886 Πονηρόν
1123 4832 1188 4883 γε
1239 4815 1324 4867 ἐπ’
1362 4814 1460 4885 ἐμὲ
1506 4814 1569 4867 τὸ
1610 4815 1803 4884 ποίημι

1922 4816 2235 4872 (Ιοεοτίϋίι.‹
2264 4812 2463 4867 Malum
2515 4810 2684 4873 enim,
2726 4807 2924 4877 inquit,
2972 4817 3137 4872 super
3190 4815 3277 4855 me
3334 4813 3511 4869 opus,

241 4913 305 4966 τὸ
338 4911 709 4981 πεποιημένον
745 4909 851 4963 ὑπὸ
893 4908 984 4963 τὸν
1031 4908 1183 4979 ἥλιον
1230 4925 1248 4958 1
1285 4906 1523 4975 ἔφησεν·
1558 4907 1681 4977 οὐχὶ
1725 4907 1803 4979 τὴε

1924 4909 2070 4978 quod
2101 4908 2304 4962 factum
2339 4916 2421 4960 cst
2450 4903 2554 4957 sub
2583 4902 2737 4956 sole:
2776 4919 2794 4952 1
2829 4913 2951 4969 quae
2981 4911 3094 4949 non
3117 4908 3184 4949 eo
3217 4890 3514 4962 pertinent,

243 5006 348 5059 ὑπὸ
374 5002 511 5057 Θεοῦ
534 4980 923 5072 γεγενημένην
948 5001 1126 5054 κτίσιν
1158 4998 1541 5059 ἐνδιαϐάλλων,
1565 4999 1701 5052 ἀλλὰ
1726 4999 1803 5070 τήε

1928 5009 1989 5055 ut
2012 5014 2151 5069 opus
2173 5014 2202 5052 a
2233 4996 2341 5051 Deo
2371 4995 2673 5056 conlitum,
2699 4991 2792 5045 sed
2822 5000 2881 5043 ut
2912 4986 3159 5056 improba
3191 4982 3341 5039 stulti
3371 4980 3513 5035 facta

248 5096 532 5169 μοχθηρὰν
562 5069 772 5165 ⁷*πρᾶξιν
795 5069 889 5146 τοῦ
931 5093 1165 5163 ἄφρονος
1191 5090 1285 5144 τοῦ
1324 5089 1705 5153 κατοικοῦντος
1732 5069 1801 5143 ἐπ

1928 5092 2236 5161 redarguat,
2252 5090 2565 5159 quicunque
2603 5084 2918 5137 universam
2939 5079 3050 5149 58
3066 5077 3229 5134 hanc.
3249 5087 3413 5143 quam
3434 5069 3519 5125 sol

245 5165 442 5244 ’πᾶσαν⁷
475 5188 576 5259 τὴν
608 5187 716 5256 γῆν
747 5183 1008 5238 τελοῦσαν
1057 5185 1163 5236 ὑπὸ
1199 5183 1284 5235 τὸν
1317 5183 1498 5252 ﬁlim“
1527 5182 1616 5235 διὰ
1646 5182 1705 5234 τὸ
1749 5183 1803 5252 με]

1931 5182 2139 5245 ambit,
2170 5192 2371 5251 terram
2404 5179 2613 5233 habitat
2640 5197 2652 5230 :
2683 5174 2886 5244 quippe
2914 5172 3009 5242 qui
3043 5183 3220 5238 neque
3257 5165 3519 5220 volunta-

359 5304 404 5335 ⁸⁸
444 5301 589 5356 Psal.
628 5315 793 5355 xuvr
825 5340 839 5364 ,
875 5300 949 5356 35
1082 5297 1124 5329 ³⁹
1166 5295 1312 5350 Psal.
1357 5313 1435 5357 ts.
1470 5298 1533 5350 7.
1640 5295 1684 5326 “
1716 5293 1803 5349 Ps:

1903 5308 2064 5347 xxxvr
2096 5289 2237 5370 “58.
2313 5291 2355 5321 “
2398 5288 2549 5343 Psal.
2581 5303 2621 5353 ι,
2655 5286 2709 5339 6.

326 5417 440 5481 (87)
482 5415 625 5468 Psal.
662 5429 868 5475 xxxvii,
924 5409 1004 5464 l0.
1045 5408 1186 5462 LXX
1242 5411 1446 5463 habent
1497 5409 1588 5461 ml
1634 5408 1699 5461 οὐ
1757 5425 1803 5478 μ·

1939 5406 2235 5459 editionem
2277 5403 2393 5481 ’τῶν
2443 5405 2498 5451 (γ
2530 5391 2831 5478 ἰςΙθιιιίιίοῐη
2867 5392 3109 5475 irrepsit.
3148 5390 3351 5481 Verttm
3387 5388 3520 5481 quia

252 5468 471 5556 ὖπάρέῃ
518 5468 932 5556 ἀμαρτωλδςί...
971 5551 982 5556 _
1065 5550 1089 5556 μ
1144 5551 1154 5556 _
1279 5550 1289 5556 _
1356 5549 1368 5556 _
1469 5549 1501 5556 η
1757 5468 1769 5478 ’

1938 5485 2102 5530 vacat
2139 5474 2419 5553 omnino,
2459 5487 2559 5525 nec
2596 5468 2927 5556 sententiam
3177 5469 3283 5556 aut.
3316 5468 3521 5556 Luget,

326 5528 1033 5627 ὦέἶ²⁸ιιῇἶῖιίξῦἷὲιέἶιὲ’τὴν
1059 5550 1203 5621 ζωήν
1242 5550 1311 5603 ab
1344 5549 1538 5619 Aquila
1565 5559 1699 5627 est,
1737 5549 1829 5617 qui
1936 5528 2115 5607 recte.
2145 5528 2461 5627 opinion-riu
2491 5539 2851 5622 translatione
2881 5528 3191 5588 omittitur:
3228 5540 3289 5586 ut
3320 5528 3517 5584 Hiero-

254 5612 578 5698 particulzun
630 5623 947 5698 llchrait'urn
989 5612 1083 5681 rm—
1121 5612 1303 5698 uotam
1333 5612 1633 5698 accusativi
1667 5612 1830 5673 Casus
1934 5612 2558 5698 nym‘o‘etiatnpla’c‘uit.
2770 5678 2835 5698 Ἀ
2919 5675 2939 5698 ι
2995 5672 3007 5687 ἱ
3221 5668 3245 5682 ,⁸

256 5667 337 5751 ξὶε
365 5700 653 5764 designare
688 5710 751 5745 ne
791 5693 1015 5747 reddere
1043 5692 1301 5764 solt-bat:
1336 5692 1480 5751 haec,
1513 5704 1803 5757 quauqunu

1934 5667 1993 5764 ζῖ
2006 5667 2122 5754 (89)
2154 5684 2308 5764 Αριιά
2334 5667 2485 5764 ’μκξ
2520 5684 2734 5763 ’νιτυε-οε
2770 5678 2891 5764 Ὃν,
2912 5672 3029 5764 it???
3079 5667 3517 5764 *2?‘E’..‘T’_’E’f.£’i‘

253 5738 523 5836 t-lrigcnel;
558 5766 819 5819 asterisco
847 5802 860 5823 ,
903 5763 1121 5836 quoties
1146 5738 1502 5819 occurreret:
1533 5738 1803 5813 Iindic'ave

1929 5738 2172 5824 ἥλιονλ..
2205 5738 2333 5836 item
2377 5738 2648 5818 ἁνθμὺπνρ
2670 5748 2746 5817 τῷ
2782 5738 3054 5815 γινομένῳ
3077 5785 3092 5811 ,
3123 5750 3178 5797 ct
3206 5738 3516 5806 ἐξουσιάζε-

260 5816 1056 5903 νέισέεςιιιεέηιηυε,ἰηίιιριι
1110 5831 1163 5884 in
1211 5816 1558 5890 communem
1605 5843 1803 5899 quoqtu

1928 5816 2035 5893 τάι,
2072 5835 2127 5879 et
2157 5825 2251 5876 ml
2270 5816 2316 5891 ᾧ
2346 5816 2754 5890 ἐσοφισάμηνᾼ.
