4192 6436
218 376 309 444 841
1273 381 1355 442 ΙΝ
1397 382 1975 446 ECCIESIAS’I‘EN-
2008 412 2073 423 —
2102 386 2248 447 LIB.
2288 385 2403 446 III.

3366 395 3472 464 M2

214 486 527 558 ἁξιωθῶμεν
557 485 614 540 ἐν
639 485 787 557 αύτῷ
809 484 1030 558 Χριστῷ
1052 484 1130 557 τῷ
1146 485 1338 558 Κυρίῳ
1365 488 1544 558 ἡμῶν,
1574 481 1618 556 ᾧ
1649 490 1680 558 ἡ
1707 489 1790 541 δό-

1894 505 2110 544 mantus
2139 509 2151 544 :
2186 505 2296 560 quo
2324 488 2678 546 etemlorum
2721 505 2950 563 regnum
2983 509 3079 564 per
3106 497 3281 566 ipsum
3313 501 3470 556 Chri-

213 582 276 645 ξα
311 578 402 632 καὶ
449 578 508 631 τὸ
558 577 760 647 κράτος
804 579 903 631 σὺν
933 577 1010 648 τῷ
1046 579 1446 648 παντοκράτορι
1482 581 1659 650 Ιιατρί
1695 582 1787 633 καὶ

211 668 284 738 τῷ
317 669 570 737 παναγίῳ
598 670 692 722 καὶ
725 668 914 739 ἀγαθῷ
958 669 1052 721 καὶ
1081 666 1334 740 ζωοποιῷ
1373 669 1650 738 Πνεύματι
1695 670 1786 724 νῦν

213 763 299 815 καὶ
325 763 410 817 ἀεὶ
443 763 535 815 καὶ
565 763 643 827 εἰς
672 763 802 828 τοὺς
835 761 1038 826 αἰῶνας
1066 761 1183 832 τῶν
1204 761 1437 818 αἰώνων.
1482 764 1676 834 Ἀμήν.

1896 592 2044 638 stum
2095 581 2388 637 Dominum
2424 589 2671 636 nostrum
2719 583 3114 652 adipiscamur.
3161 586 3262 643 Cui
3301 591 3472 660 gloria

1893 684 1947 728 et
1999 673 2288 742 imperium
2345 687 2472 727 cum
2533 671 2693 726 Patre
2747 672 3125 743 omnipotente
3178 685 3233 731 et
3283 691 3476 732 sancto

1896 759 2151 829 bonoque
2194 775 2260 813 ac
2295 759 2418 814 vita:
2459 768 2686 842 auctore
2738 759 2948 830 Spiritu
2981 779 3126 821 nunc
3163 774 3219 822 et
3261 780 3478 839 semper

1894 859 1945 900 et
1976 849 2029 900 in
2061 849 2263 903 saecula
2297 850 2645 905 seculorum.
2682 851 2875 905 Amen.

1439 1219 1806 1304 ΛΟΓΟΣ
1843 1219 2262 1304 ΤΡΙΤΟΣ.

1338 1575 1683 1660 LIBER
1785 1574 2145 1665 TERTI
2175 1579 2346 1667 US.

1797 1817 1862 1831 ﬂ

1776 1930 1883 2000 ξι.

288 2043 415 2108 Τοῖς
465 2041 655 2097 πᾶσιν
698 2046 730 2096 ό
784 2042 1028 2111 χρόνος,
1067 2043 1163 2095 καί
1215 2042 1419 2109 καιρὸς
1481 2039 1558 2105 τῷ
1616 2043 1791 2095 παν·τί

1969 2037 2081 2109 68
2117 2035 2244 2092 CAP.
2291 2036 2388 2097 ΙΙΙ,
2427 2034 2588 2090 Vens.
2645 2037 2691 2089 l.
2739 2036 2991 2090 Omnibus
3031 2048 3236 2108 tempus
3285 2051 3381 2106 est,
3431 2053 3480 2094 et

216 2137 507 2204 πράγματι
533 2138 652 2191 ὑπὸ
679 2137 786 2188 τὸν
807 2138 1087 2204 οὐρανόν.

284 2229 362 2281 Τά
389 2230 516 2297 περὶ
544 2228 643 2296 τῆς
673 2227 891 2295 φύσεως
918 2229 1027 2281 τῶν
1061 2229 1228 2283 όντων
1254 2229 1328 2292 ὠς
1351 2230 1461 2283 ἀπὸ
1495 2230 1694 2301 μέρους
1718 2230 1790 2284 6t.-

213 2319 465 2385 ιξελθὼν,
495 2315 607 2372 οἷον
642 2320 772 2388 περὶ
815 2320 926 2390 τῆς,
960 2321 1249 2392 ἀνθρώπου
1287 2321 1670 2392 παρελεύσεως
1702 2325 1795 2376 καὶ

215 2413 488 2481 γνώσεως,
520 2412 646 2481 περὶ
671 2413 770 2482 τῆς
791 2412 1201 2484 διαιωνιζούσης
1223 2414 1494 2485 ἐδραστῆς
1514 2415 1640 2485 γῆς,
1665 2415 1794 2485 περὶ

212 2506 308 2574 τῆς
328 2505 559 2575 ἡλιακῆς
580 2506 751 2572 φορᾶς
769 2504 861 2557 καὶ
884 2505 1174 2576 κινήσεως,
1205 2506 1333 2576 περὶ
1359 2508 1679 2578 χειμάρρων
1701 2509 1795 2560 καὶ

211 2594 472 2665 ποταμῶν
507 2595 601 2647 καὶ
634 2592 1057 2663 θαλάσσης,“ιιαὶ
1085 2595 1400 2664 διαγγείλας
1443 2598 1542 2668 τὴν
1591 2597 1793 2651 ὑποτα-

208 2685 314 2756 γὴν
342 2685 434 2738 καὶ
465 2684 689 2755 θητείαν
724 2683 832 2736 τῶν
871 2686 1187 2752 κτισμάτων
1227 2684 1364 2755 πρὸς
1393 2685 1483 2740 τὸν
1516 2685 1648 2739 ίδιον
1678 2689 1793 2741 κτί-

211 2795 344 2846 στην
365 2778 458 2830 καὶ
479 2777 707 2847 ποιητὴν
730 2777 1120 2847 ἀπαραιτήτως
1140 2778 1538 2849 ἐνεργουμένην
1561 2779 1792 2836 πάντοτε

207 2871 303 2922 καὶ
333 2871 472 2924 κατά
507 2870 690 2938 φύσιν,
719 2871 811 2923 καὶ
854 2871 1038 2941 μέντοι
1072 2870 1168 2923 καὶ
1199 2872 1338 2924 κατά
1371 2874 1606 2944 φυσικὴν
1639 2875 1796 2928 ἔναν-

203 2959 397 3011 Ιτίουσιν
415 2972 429 2987 ⁶
459 2953 580 3010 εἶτα
602 2957 927 3028 διαλαλήσας
956 2976 1020 3011 πε
1032 2958 1084 3028 pi.
1108 2957 1213 3010 τῶν
1241 2961 1794 3030 παρακολουθούντων

208 3050 306 3103 καὶ
356 3050 763 3119 συμϐαινόντων
804 3052 917 3112 τοῖς
957 3050 1263 3120 φιληδόνοις
1312 3051 1645 3122 ἀνθρώποις,
1698 3055 1794 3106 καὶ

206 3143 615 3212 περισπασμῶν
653 3141 944 3212 μοχθηρῶν
974 3141 1031 3208 ἐξ
1062 3142 1341 3206 ἀϐουλίας,
1374 3145 1469 3196 καί
1513 3145 1621 3198 τῶν
1657 3163 1794 3214 φαυ-

203 3234 449 3303 λοτὴτων
473 3235 568 3287 καί
599 3233 1018 3303 κακοπραγιῶν,
1053 3235 1182 3304 περί
1205 3229 1280 3288 ὧν
1310 3236 1403 3288 καί
1429 3231 1576 3300 εἷπε,
1617 3254 1637 3289 ι
1671 3239 1794 3290 Μα-

200 3326 428 3394 ταιότης
469 3326 870 3395 ματαιοτήτων,
917 3325 987 3377 τά
1035 3326 1212 3380 πάντα
1265 3329 1599 3398 ματαιότης·
1634 3349 1652 3380 ι
1701 3330 1795 3382 καὶ

202 3420 516 3486 καταγνοὺς
549 3418 643 3469 καὶ
679 3416 1191 3487 καταμεμψάμενος
1233 3419 1338 3470 τῶν
1383 3420 1441 3470 ἐν
1480 3421 1791 3490 εὐφροσύνῃ

201 3511 304 3563 καὶ
333 3509 527 3575 γέλωτι
559 3507 655 3577 ζῇν
682 3507 780 3578 τὴν
818 3507 954 3560 ἰδίαν
993 3508 1260 3576 ἀφιέντων
1291 3511 1540 3581 καρδίαν,
1572 3513 1665 3565 καὶ
1693 3513 1790 3566 τοῦ

201 3600 692 3672 συναθροισθέντος
723 3599 908 3661 αὐτοῖς
931 3599 1163 3652 πλούτου
1193 3600 1262 3652 τὰ
1294 3603 1410 3669 εἴδη
1443 3601 1657 3664 καὶτὰς
1685 3603 1793 3655 ὀνο-

203 3693 412 3763 μασίας
446 3693 635 3756 εἰπὼν,
662 3693 755 3744 καὶ
780 3691 1137 3761 στηλιτεύσας
1171 3693 1265 3744 καὶ
1299 3693 1674 3762 θριαμϐεύσας
1700 3695 1792 3747 καί

198 3784 380 3837 ταῦτα
441 3784 620 3836 πάντα
669 3785 1011 3854 ματαιότητα
1055 3783 1289 3847 καλέσας
1339 3786 1432 3839 καὶ
1467 3786 1792 3855 προαίρεσιν

199 3875 546 3944 πνεύματος,
587 3875 678 3928 καὶ
728 3874 816 3928 διά
859 3874 1016 3927 τοῦτο
1047 3874 1248 3943 μᾶλλον
1287 3873 1547 3944 ὑπερθεὶς
1576 3875 1674 3946 τὴν
1710 3892 1793 3929 σο-

199 3967 339 4034 φίαν
369 3970 464 4036 τῆς
488 3965 803 4037 ἀφροσύνης
828 3967 926 4020 οὐκ
947 3967 1295 4035 ἀσυγκρίτως
1317 3963 1483 4020 οὖσαν
1505 3967 1791 4036 κρείττονα

200 4059 303 4112 καὶ
334 4059 572 4112 νικῶσαν
597 4058 828 4128 ἔχουσαν
856 4060 1036 4129 ψῆφον
1063 4059 1156 4112 ἐπὶ
1177 4061 1311 4112 πᾶσι
1339 4062 1450 4122 τοῖς
1477 4059 1791 4130 κρατίστοις

195 4151 408 4220 δηλαδὴ
465 4149 562 4203 καὶ⁸
613 4150 930 4220 βελτίστοις,
972 4152 1105 4219 ὅσην
1142 4150 1255 4220 ἔχει
1295 4151 1356 4204 τὸ
1401 4151 1517 4219 φῶς
1557 4153 1693 4222 πρὸς
1731 4153 1794 4206 τὸ

199 4241 440 4302 σκότος’
499 4241 796 4294 κάντεῦθεν
848 4241 946 4312 τὴν
979 4241 1132 4294 ’ἰδίαν
1181 4241 1408 4309 καρδίαν
1455 4241 1792 4311 ἐπιστρέψας

201 4334 347 4403 πρὸς
404 4332 474 4385 τὰ
525 4333 741 4402 βελτίω,
795 4333 890 4386 καὶ
954 4333 1148 4395 πείσας
1206 4332 1579 4399 ἀποτάξασθαι
1628 4333 1793 4386 παντὶ⁵

204 4426 472 4498 μοχθηρῷ
507 4427 693 4497 μόχθῳ
724 4426 817 4482 καὶ
847 4429 912 4496 τῇ
946 4426 1098 4496 φιλίᾳ
1129 4426 1223 4479 τοῦ
1259 4427 1466 4496 κόσμου
1489 4444 1500 4456 ο
1538 4426 1631 4478 νῦν
1674 4427 1787 4478 δια-

196 4517 472 4585 λαμϐάνει
521 4518 652 4587 περὶ¹
694 4518 786 4570 τοῦ
832 4518 1026 4588 χρόνον
1071 4517 1167 4570 τοῦ
1222 4516 1396 4571 ταῦτα
1434 4518 1610 4570 πάντα
1643 4534 1792 4585 περι-

198 4611 422 4678 έχοντος
467 4609 561 4662 καὶ
608 4609 947 4678 συνέχοντος,
986 4609 1080 4662 καί
1126 4627 1280 4678 φησι,
1324 4628 1341 4659 ι
1381 4610 1504 4672 Τοῖς
1551 4611 1716 4662 πᾶσιν
1764 4611 1791 4661 ό

195 4704 398 4774 χρόνος
438 4705 532 4756 κα)⁵
577 4705 771 4771 καιρὸς
813 4704 891 4774 τῷ
925 4706 1086 4758 παντί
1115 4706 1402 4776 πράγματι
1441 4705 1544 4759 ὑπὸ
1576 4705 1666 4758 τὸν
1701 4705 1790 4757 ού-

197 4795 387 4862 ρανόν.
415 4814 434 4846 ο

289 4887 449 4939 Ἀλλά
479 4887 568 4939 τὸν
616 4887 714 4955 μὲν
747 4887 939 4956 χρόνον
975 4887 1051 4950 ὡς
1089 4888 1453 4955 γενικώτατον
1503 4896 1595 4944 καὶ
1631 4911 1784 4963 περι-

193 4977 572 5031 εκτικώτατον
605 4978 700 5030 καὶ
737 4977 847 5029 τῶν
890 4977 1136 5046 φυσικῶν
1175 4981 1519 5050 πραγμάτων
1549 4983 1644 5034 καὶ
1676 4984 1785 5036 τῶν

193 5071 347 5124 κατά
375 5070 646 5138 σύμϐασιν
674 5071 1098 5139 συμπιπτόντων
1123 5086 1135 5099 ·
1169 5071 1262 5122 καὶ
1313 5071 1495 5139 μέντοι
1534 5074 1630 5126 καί⁹
1677 5074 1786 5126 τῶν

194 5162 432 5232 καιρῶν,
457 5157 538 5224 οἷς
561 5161 656 5215 καὶ
679 5162 755 5224 ὡς
782 5161 947 5214 εἴδεσι
975 5160 1068 5215 τοῦ
1096 5161 1288 5233 χρόνου
1322 5161 1582 5233 δευτέραν
1611 5164 1782 5229 τάξιν,

193 5252 348 5305 κατὰ
374 5253 472 5322 τὴν
500 5251 651 5304 θέσιν
676 5251 784 5304 τῶν
807 5250 1088 5322 ὀνομάτων
1111 5251 1396 5321 ἀπένειμε,
1433 5251 1510 5321 τῷ
1545 5253 1688 5321 λόγῳ
1712 5252 1790 5304 διο

196 5344 391 5396 έλαϐε.
425 5343 491 5393 Εἴ
515 5359 566 5395 τι
594 5342 694 5413 μὲν
725 5343 833 5412 γὰρ
863 5342 1074 5413 καιρὸς,
1102 5341 1261 5394 τοῦτο
1289 5342 1382 5394 καὶ
1424 5342 1614 5411 χρόνος
1642 5358 1652 5370 °
1686 5340 1794 5394 ῶσ-

1902 2129 2276 2198 tempeativitas
2308 2130 2449 2182 omni
2479 2130 2551 2181 rei
2583 2128 2676 2180 sub
2709 2131 2835 2181 cmlo
2863 2130 2958 2197 (ιι).

1969 2223 2269 2290 Postquam
2318 2221 2385 2273 de
2445 2235 2628 2272 rerum
2683 2231 2873 2274 natura
2935 2223 3089 2292 quasi
3152 2240 3250 2294 per
3298 2240 3479 2295 paruis

1897 2315 2182 2376 disseruit,
2230 2315 2490 2367 nimirum
2536 2313 2603 2368 de
2645 2312 2884 2368 hominis
2919 2315 3150 2370 transitu
3195 2327 3249 2370 et
3289 2322 3478 2389 cogni-

1899 2406 2068 2470 tione,
2104 2405 2171 2459 de
2212 2413 2472 2474 perpetua
2517 2415 2676 2459 terra:
2707 2404 3030 2470 stabilitate,
3054 2406 3121 2461 de
3150 2411 3312 2462 so'ari
3349 2428 3480 2481 gyro

1898 2507 2062 2568 atque
2117 2507 2288 2562 motu,
2342 2497 2410 2552 de
2453 2498 2795 2553 torrentibus
2840 2506 2896 2553 et
2945 2497 3130 2556 ﬂuviis
3178 2512 3232 2556 et
3286 2506 3423 2559 mari
3465 2524 3478 2560 :

1900 2601 2014 2646 tum
2053 2605 2235 2646 rerum
2269 2589 2621 2645 conditarum
2664 2591 2992 2661 obsequium
3041 2593 3170 2647 illud
3214 2603 3267 2648 et
3304 2595 3481 2652 famu-

1899 2681 2069 2737 latum
2105 2683 2434 2748 enuntiavit,
2477 2699 2637 2752 quem
2684 2684 2896 2737 auctori
2947 2700 3012 2739 ac
3054 2687 3327 2742 conditori
3378 2708 3482 2745 suo

1897 2775 2347 2831 constantissime
2397 2784 2451 2830 et
2499 2777 2564 2830 ad
2634 2785 2845 2830 natura:
2897 2779 3116 2832 modum
3178 2790 3232 2833 et
3286 2793 3482 2851 praeter

1899 2867 2073 2934 ipsam
2103 2883 2326 2936 quoque
2357 2879 2611 2921 naturam
2644 2882 2862 2937 semper
2893 2870 3152 2926 exhibent
3182 2890 3194 2925 :
3234 2888 3296 2927 ac
3327 2887 3468 2943 βοει-

1899 2975 2063 3029 quam
2092 2959 2256 3013 verba
2287 2959 2354 3012 de
2389 2959 2456 3012 iis
2492 2958 2644 3020 fecit,
2691 2974 2812 3027 qua:
2855 2960 3197 3030 voluptarios
3230 2963 3481 3019 homines

1899 3052 2239 3106 comitantur
2288 3065 2351 3104 ac
2403 3060 2854 3119 consequuntur.
2909 3031 3088 3122 deque
3137 3055 3400 3124 improbis
3429 3075 3482 3113 et

1901 3152 2106 3215 temere
2137 3144 2407 3211 susceptis
2441 3142 2898 3198 contentionibus
2933 3159 2996 3198 ac
3031 3145 3320 3216 flagitiosis
3356 3167 3480 3218 pra-

1897 3237 2092 3306 visque
2115 3235 2298 3300 factis,
2336 3236 2402 3290 de
2420 3235 2621 3305 quibus
2657 3235 2821 3289 etiam
2853 3236 2988 3289 dixit
3022 3251 3034 3288 :
3072 3256 3088 3288 ι
3129 3236 3357 3294 Vauitas
3390 3257 3480 3294 va-

1899 3328 2131 3382 nitatum
2165 3337 2221 3382 et
2252 3327 2437 3380 omnia
2472 3327 2718 3393 vanitas;
2759 3345 2777 3378 ι
2814 3342 2877 3381 ac
2905 3327 3101 3382 deinde
3130 3345 3225 3383 eos
3253 3331 3481 3384 damnu—

1820 3403 1864 3462 C
1898 3419 1974 3473 vit
2013 3429 2066 3472 et
2098 3417 2464 3488 reprehendit,
2511 3417 2605 3487 qui
2654 3418 2898 3471 animum
2949 3418 3014 3472 ad
3065 3421 3229 3472 vitam
3293 3424 3478 3476 laetitia

1895 3509 2124 3578 risuque
2179 3509 2477 3578 jucundam
2541 3510 2990 3576 transtulerunt;
3063 3512 3481 3582 designatisqun

1897 3603 2252 3666 divitiarum,
2310 3617 2449 3671 quas
2509 3601 2585 3654 illi
2653 3617 3020 3672 congessere,
3078 3608 3370 3673 generibus
3414 3627 3478 3659 zu:

1895 3695 2236 3760 nominibus,
2274 3710 2431 3749 suam
2461 3694 2664 3763 cuique
2697 3695 2772 3748 rei
2806 3704 2988 3749 notam
3033 3697 3255 3761 inussit,
3290 3707 3474 3770 quasi-

1894 3801 2000 3855 que
2036 3786 2382 3856 triumphans
2429 3785 2728 3840 vanitatem
2771 3785 2954 3840 omnia
2985 3795 3038 3841 ct
3069 3790 3294 3858 spiritus
3338 3808 3476 3860 prm-

1894 3876 2270 3945 sumptionem
2323 3875 2655 3944 appellavit:
2691 3875 2949 3944 idemque
2977 3877 3303 3946 sapientiam
3344 3896 3473 3950 pro-

1894 3978 2078 4037 pterea
2141 3967 2587 4038 magniﬁcentius
2643 3967 2873 4028 extulit,
2933 3982 3165 4038 eamque
3231 3972 3475 4025 stultitim

1894 4059 2298 4130 quodammodo
2349 4067 2725 4128 comparatam
2782 4056 2941 4128 longe
2971 4059 3259 4124 excellere,
3312 4071 3477 4129 atque

1896 4150 1949 4203 in
2011 4149 2101 4216 iis,
2157 4164 2282 4219 qua:
2335 4148 2761 4218 praeclarissima
2811 4157 2865 4202 et
2917 4148 3124 4216 optima
3181 4149 3474 4215 habentur,

1895 4242 2037 4296 lucis
2068 4244 2244 4295 instar
2273 4256 2382 4310 pra:
2413 4239 2651 4295 tenebris
2683 4238 2868 4293 omnia
2905 4253 3168 4307 superare
3194 4242 3434 4296 ostendit
3464 4267 3472 4295 :

1894 4348 1957 4387 ac
2008 4332 2247 4401 denique
2306 4333 2491 4385 animo
2547 4329 2615 4383 ad
2662 4329 2889 4383 meliora
2944 4344 3233 4394 converso,
3285 4345 3477 4384 omnes

1893 4424 2146 4479 hortatus
2185 4432 2288 4487 est,
2322 4431 2382 4476 ut
2418 4421 2592 4476 labori
2627 4423 2826 4490 cuique
2867 4431 3202 4491 praepostero
3232 4433 3287 4478 et
3315 4440 3475 4479 mun-

1893 4517 2050 4570 dana:
2107 4515 2366 4569 amicitiae
2419 4513 2764 4577 renuntient;
2813 4514 2880 4565 de
2915 4521 3158 4582 tempore
3197 4515 3308 4583 jam
3361 4531 3469 4572 ser-

1895 4622 2117 4662 monem
2149 4607 2408 4667 instituit,
2451 4620 2561 4676 quo
2598 4605 2714 4657 haec
2757 4605 2942 4657 omnia
2975 4607 3260 4675 complexa
3299 4610 3476 4663 conti-

1895 4708 2119 4762 nentur,
2177 4709 2339 4767 atquo
2392 4698 2469 4751 ait
2526 4715 2538 4750 :
2602 4714 2620 4747 ι
2661 4695 2930 4750 Omnibus
2976 4705 3193 4766 tempus
3249 4707 3369 4763 est,
3424 4713 3478 4752 et

1896 4792 2294 4862 tempestivitas
2325 4790 2474 4845 omni
2509 4790 2584 4844 rei
2618 4789 2720 4844 sub
2753 4790 2917 4844 crelo.
2958 4808 2976 4841 ι

1967 4885 2079 4954 69
2103 4886 2171 4938 At
2197 4893 2415 4952 tempus
2445 4883 2516 4936 ita
2549 4882 2715 4936 verbo
2752 4881 3004 4934 distinxit
3032 4883 3190 4950 quasi
3225 4883 3299 4944 id,
3329 4887 3474 4952 quod

1893 4977 2196 5048 generatim
2246 4963 2464 5043 lateque
2515 4988 2603 5028 res
2648 4987 2842 5027 omnes
2879 4973 3312 5042 comprehendit,
3365 4983 3474 5029 tam

1894 5085 1990 5123 eas
2015 5083 2136 5137 quae
2183 5075 2376 5120 natura
2412 5066 2568 5131 ﬁunt,
2602 5079 2766 5134 quam
2810 5079 2906 5119 eas
2945 5080 3069 5134 qua:
3099 5076 3298 5121 eventu
3345 5082 3476 5124 can-

1897 5161 2162 5228 tiugunt:
2205 5167 2369 5227 atque
2407 5157 2547 5212 adeo
2597 5157 2744 5225 ipsas
2787 5157 2953 5209 etiam
2997 5157 3472 5224 tempestivilates.

1898 5251 2099 5320 quibus
2152 5259 2228 5314 et,
2277 5255 2538 5316 tanquam
2596 5243 2788 5299 formis
2842 5245 3014 5314 ipsius
3064 5248 3360 5316 temporis,
3414 5260 3475 5301 ut

1894 5358 1956 5396 ex
1988 5342 2276 5395 nominum
2315 5339 2681 5394 collocatione
2711 5349 2957 5407 apparet,
2995 5338 3244 5394 ordinem
3278 5354 3476 5394 secun-

196 5451 314 5505 περ
363 5435 417 5486 εἰ
458 5452 508 5487 τι
556 5434 653 5502 μὲν
681 5432 989 5503 ἄνθρωπος,
1050 5433 1209 5486 τοῦτο
1255 5435 1350 5486 καὶ
1393 5433 1529 5498 ζῶον
1556 5451 1569 5466 ·
1614 5427 1714 5486 οὐκ
1747 5437 1791 5486 εἰ

1899 5433 2025 5485 dum
2060 5431 2331 5485 attribuit.
2366 5431 2500 5484 Nam
2527 5430 2670 5498 quod
2703 5428 3101 5497 tempestivitas
3131 5429 3220 5488 sit,
3261 5439 3478 5500 tempus

192 5544 254 5579 τι
306 5525 362 5576 δὲ
421 5524 634 5594 χρόνος,
681 5524 842 5577 τοῦτο
887 5525 984 5577 καὶ
1027 5525 1250 5596 καιρός·
1289 5523 1478 5594 ῶσπερ
1510 5525 1620 5576 οὐδ’
1661 5526 1711 5576 εί
1743 5543 1791 5577 τι

1895 5526 2056 5578 etiam
2114 5534 2217 5587 est,
2273 5524 2736 5593 quemadmodum
2793 5523 2935 5589 quod
2991 5523 3173 5581 homo,
3228 5522 3368 5574 idem
3416 5533 3479 5574 et

195 5618 368 5684 ζῶον,
413 5617 572 5670 τοῦτο
613 5618 706 5670 καὶ
739 5616 1048 5687 ἄνθρωπος.
1082 5617 1286 5688 Χρόνος
1320 5617 1417 5687 μὲν
1451 5617 1558 5687 γάρ
1588 5618 1705 5669 ἐστι
1739 5617 1791 5668 τὴ

1900 5615 2099 5668 animal
2137 5634 2148 5667 :
2196 5623 2246 5666 at
2281 5630 2389 5668 non
2419 5613 2564 5680 quod
2615 5614 2680 5666 sit
2730 5622 2961 5680 tempus,
3004 5611 3142 5664 idem
3174 5619 3230 5664 et
3267 5619 3477 5680 tempe-

279 5793 358 5857 (ἰ)
392 5790 600 5861 Olymp.
633 5791 739 5844 ὑπὸ
777 5793 866 5844 τὸν
895 5792 1064 5862 ἥλιον.

537 5887 803 5942 Parum.
855 5880 1265 5943 CILYCVIH.
3074 5870 3151 5932 27
