4192 6436
212 417 319 480 845

1289 414 1366 475 IN
1396 408 1971 476 ECCLESIASTEN-
2000 433 2064 443 --·
2095 404 2244 468 LIB.
2282 402 2398 465 III.

3367 398 3473 467 διδ

213 526 322 599 μὴν
363 529 457 581 καὶ
503 531 599 600 τῆς
649 528 875 598 φυτείας
918 529 951 599 ἠ
990 530 1256 599 ὀνομασία
1293 529 1385 580 καὶ
1418 526 1519 596 τῆς
1552 526 1791 593 ἐκκοπῆς

1904 516 2355 590 quemadmodum
2377 515 2479 586 71
2505 514 2618 583 ipsa
2638 514 2800 569 etiam
2832 512 3189 582 plantationis
3212 526 3471 582 usurpata

212 618 400 689 αὐτῆς,
434 620 525 670 καὶ
553 618 654 687 τῆς
687 618 995 688 καταϐολῆς
1028 619 1260 672 ἑκάστου
1307 617 1473 687 φυτοῦ
1518 616 1593 685 τῷ
1626 630 1791 683 προσ-

212 710 363 781 φόρῳ
387 709 564 781 καιρῷ
597 710 799 781 δηλαδὴ
830 712 1142 782 γινομένης.
1179 711 1287 764 Καὶ
1338 711 1497 764 πάλιν
1539 712 1571 778 ἡ
1608 707 1695 760 διὰ
1732 706 1791 758 τὸ

212 803 588 873 παλαιωθῆναι
619 806 713 856 καὶ
756 806 1162 874 καταγηράσαι,
1193 804 1287 857 καὶ
1322 803 1489 873 μηδὲν
1518 816 1790 871 καρπογο-

209 897 343 959 νεῖν,
376 894 409 963 ἦ
437 895 576 964 τάχα
610 896 705 948 καὶ
733 896 818 948 διὰ
850 896 909 948 τὸ
937 896 1208 965 μηδέποτε
1244 896 1517 966 χρήσιμον
1560 892 1791 962 εύρεθῆ-

210 1003 293 1039 ναι
314 986 373 1039 τὸ
392 988 577 1057 φυτὸν,
591 987 727 1040 ἀλλὰ
746 988 906 1058 μόνον
926 990 1017 1041 καὶ
1039 990 1139 1060 τὴν
1156 989 1260 1059 γῆν
1277 989 1597 1056 καταργείν,
1614 984 1794 1038 εὐκαί-

216 1096 323 1151 ρως
345 1079 681 1134 ὲκτίλλεσθαι
710 1084 963 1151 σημαίνει
999 1083 1148 1153 παρὰ
1171 1082 1277 1134 τῶν
1306 1080 1625 1150 φυτοκόμων
1652 1095 1665 1108 ο
1698 1078 1793 1130 τά-

213 1174 297 1240 ξιν
318 1171 411 1224 τοῦ
434 1172 590 1240 λόγου
615 1173 923 1237 δεικνύντος
946 1174 1003 1226 ὲν
1033 1176 1145 1237 τοῖς
1168 1169 1288 1226 οὖσι
1318 1172 1411 1225 καὶ
1434 1171 1669 1241 φυσικὴν
1698 1170 1793 1222 καὶ

214 1262 625 1333 προαιρετικὴν,
647 1262 763 1314 ἀλλ’
784 1264 843 1316 οὐ
876 1262 1296 1333 συγκεχυμένως
1313 1262 1407 1315 καὶ
1429 1262 1792 1331 πεφυρμένως

212 1354 281 1406 τὰ
302 1354 508 1420 φυσικὰ
532 1355 833 1424 πράγματα
858 1356 952 1407 καὶ
979 1356 1049 1407 τά
1077 1354 1334 1425 γνωμικὰ
1358 1354 1465 1407 τῶν
1492 1352 1617 1406 νοῦν
1643 1353 1794 1421 ἐχόν-

212 1463 317 1498 των
340 1446 745 1517 ἐπιτηδεύματα
768 1447 1033 1518 δεχόμενα
1057 1447 1156 1515 τὴν
1187 1447 1477 1515 διοίκησιν,
1498 1446 1632 1498 ἀλλὰ
1654 1445 1792 1497 κατὰ

211 1538 311 1606 τὴν
336 1539 657 1591 ἀκολουθίαν
682 1540 775 1591 καὶ
803 1539 901 1609 τὴν
925 1538 1263 1609 κατάλληλον
1290 1539 1386 1591 καὶ
1409 1537 1794 1608 συμφέρουσαν

211 1623 398 1687 τάξιν·
438 1625 524 1678 ἵνα
556 1626 853 1680 κάντεῦθεν
888 1626 1147 1697 ἐξελέγξῃ
1178 1630 1305 1682 τοὺς
1339 1628 1427 1680 ἀεὶ
1460 1627 1551 1678 τὸν
1580 1626 1797 1695 ιριλήδο⁴

213 1734 300 1768 νον
350 1717 463 1786 βίον
506 1719 923 1789 προελομένους,
960 1720 1055 1773 καὶ
1084 1720 1152 1773 τὰ
1187 1719 1369 1788 φαῦλα
1416 1720 1507 1772 καὶ
1544 1718 1795 1788 μοχθηρὰ

215 1807 314 1877 ζῇν
376 1809 791 1878 ἐπιτηδεύοντας
849 1812 943 1863 καὶ¹
994 1811 1415 1875 σπουδάζοντας,
1478 1810 1590 1864 ἀλλ’
1649 1810 1790 1879 οὐχὶ,

215 1901 355 1952 κατὰ
390 1901 622 1971 μίμησιν
649 1902 759 1954 τῶν
795 1902 1038 1969 φυσικῶν
1078 1902 1424 1972 πραγμάτων
1456 1901 1487 1971 ἢ
1518 1900 1627 1954 τῶν
1653 1918 1793 1967 γνω-
1827 1879 1867 1932 Β

219 1990 393 2059 μικῶν
440 1991 911 2063 ἐπιτηδευμάτων,
948 1995 1006 2046 ὲν
1037 1995 1200 2047 πᾶσιν
1244 1993 1425 2055 ἄλλοις
1466 1991 1655 2062 καιρὸν
1684 1993 1791 2059 ἁφ-

213 2080 496 2151 ορὶζοντας
563 2084 693 2136 ῐδιον
748 2085 867 2145 ταῖς
922 2086 1213 2155 σαρκικαῖς
1258 2085 1468 2154 ἡδοναῖς
1536 2084 1629 2136 κα)⁸
1676 2086 1793 2146 ταῖς

213 2173 594 2240 ἡδυπαθείαις,
648 2177 742 2229 καὶ
804 2176 968 2229 πάλιν
1032 2176 1139 2229 τῶν
1193 2177 1451 2229 τοιούτων
1516 2176 1792 2245 ἀπεχομέ-

215 2282 361 2327 νους.

286 2368 510 2437 Μήποτε
565 2368 620 2421 δὲ
674 2369 741 2422 τὰ
791 2367 1017 2422 τοιαῦτα
1062 2371 1202 2440 πρὸς
1231 2371 1389 2439 μόνον
1423 2370 1513 2422 τὸν
1549 2369 1791 2439 ἔμψυχον

213 2459 508 2527 ἀνδριάντα
550 2460 641 2511 τὸν
676 2458 960 2529 ἄνθρωπον
998 2460 1237 2525 διέξεισι,
1271 2461 1791 2531 δυσωπιγτικώτερον

212 2554 313 2615 τὰς
344 2553 581 2622 φυσικάς
612 2553 913 2623 προτείνων
953 2539 1198 2621 γενέσεις
1243 2554 1337 2606 καὶ
1375 2556 1498 2617 τοὺς
1530 2554 1793 2616 θανάτους

213 2645 307 2696 καὶ
347 2647 442 2706 τὰς
484 2645 707 2713 φυτείας
750 2645 806 2695 τε
851 2645 942 2695 καὶ
974 2645 1071 2707 τὰς
1098 2643 1248 2714 σφῶν
1275 2644 1511 2716 ἐκτομὰς
1556 2646 1651 2697 καὶ
1684 2644 1793 2697 τῶν

212 2732 441 2794 λοιπῶν,
472 2726 546 2786 ὧν
575 2727 969 2802 ἀπαρίθμεῖται
1001 2734 1137 2803 πρὸς
1182 2735 1243 2787 τὸ
1273 2735 1399 2805 ἑξῆς
1436 2735 1527 2788 τὸν
1564 2734 1794 2788 κατάλο-

212 2840 332 2890 γον,
387 2825 667 2893 μονονουχὶ
709 2824 967 2891 φάσκωνς
1006 2824 1081 2886 ὼς
1123 2824 1199 2877 ἴδε
1238 2826 1334 2877 καὶ
1372 2824 1539 2892 γνῶθι
1583 2826 1789 2894 σαφῶς,

210 2914 495 2985 ἄνθρωπε,
553 2918 621 2968 τὰ
680 2916 856 2969 πάντα
914 2914 1319 2985 πειθαρχοῦντα
1381 2919 1449 2987 τῇ
1505 2917 1654 2983 τάξει
1722 2920 1787 2987 τῇ

212 3005 370 3074 παρὰ
416 3004 507 3058 τοῦ
558 3005 1066 3075 δημιουργήσαντος
1114 3004 1298 3068 αὐτοῖς
1341 3005 1649 3076 τεθειμένῃ,
1701 3007 1792 3077 καὶ

216 3096 388 3167 μηδὲν
420 3094 523 3160 ἔξω
563 3096 656 3148 τοῦ
699 3097 999 3165 πρέποντος
1042 3096 1236 3167 καιροῦ
1281 3098 1455 3149 ποιεῖν
1498 3096 1793 3167 ἢπάσχειν

211 3187 520 3257 ἀνεχόμενα
574 3195 634 3240 το
684 3188 978 3257 παράπανο
1023 3187 1117 3240 καὶ
1173 3187 1331 3251 σύνες
1375 3187 1403 3239 ὁ
1453 3188 1572 3241 κατ’
1609 3190 1793 3242 εἰκόνα

213 3393 563 3469 ςιιξεειιὶθηεὶε
593 3411 605 3447 :
636 3403 695 3449 ut
722 3407 961 3469 nontam
995 3412 1116 3469 qua:
1142 3396 1283 3469 aptis
1312 3396 1652 3469 temporibus
1682 3399 1797 3453 ﬁeri

214 3464 472 3529 debeant,
497 3479 811 3537 quamquae
844 3466 957 3537 ﬁeri
992 3464 1189 3537 solent;
1220 3466 1309 3520 hic
1338 3464 1610 3537 designari
1646 3482 1802 3537 puta-

215 3544 325 3589 ret.
359 3536 442 3587 Ait
468 3529 612 3607 enim
643 3553 654 3586 :
680 3536 884 3605 Χρόνος
919 3535 975 3587 δὲ
1009 3529 1180 3607 οὗτος
1228 3529 1660 3607 πάντωνίγὲμεί
1690 3538 1800 3592 τῶν

217 3606 633 3675 ἑναντιοτῄίτων,
676 3602 933 3669 τοκετῶν,
978 3602 1097 3658 εἶτα
1136 3607 1404 3669 θανάτων,
1449 3602 1799 3675 βλαστήσεως

217 3675 429 3743 φυτῶν,
456 3672 575 3728 εἶτα
600 3675 942 3745 ἀνατροπῆς,
983 3675 1179 3728 ἰάσεων
1213 3677 1307 3728 καὶ
1335 3672 1685 3745 ἀναιρέσεων,
1727 3678 1802 3730 οῖ-

218 3762 337 3797 κων
368 3762 425 3797 τε
455 3743 809 3813 ἁνορθώτεως
855 3743 947 3796 καὶ
978 3745 1348 3810 καταλύσεως,
1381 3743 1678 3814 κλαυθμῶν
1707 3748 1801 3799 καὶ

220 3814 505 3882 γελώτων,
538 3814 811 3885 κοπετ-ῶνῗ
834 3816 926 3866 καὶ
952 3815 1325 3885 Δὀρχημάτων.
1382 3814 1494 3869 Νῦν
1532 3816 1651 3884 μὲν,
1678 3832 1802 3869 συν-

219 3886 351 3950 ἁγει
380 3900 484 3954 τις
527 3884 596 3935 τὰ
622 3883 731 3934 ἀπὸ
760 3884 883 3951 γῆς,
914 3883 1007 3954 νῦν
1033 3883 1333 3954 δεὲξέδαλε
1359 3903 1374 3916 υ
1405 3884 1499 3938 καὶ
1529 3883 1663 3954 me
1703 3888 1802 3954 μὲν

220 3953 532 4024 ἐπιμέμηνε
561 3953 829 4024 γυναικὶ,
866 3953 993 4006 ποτέ
1016 3953 1089 4024 ,δὲ
1133 3952 1631 4024 αύτὴνάποστύγει
1654 3971 1667 3985 °
1705 3952 1803 4007 καὶ

221 4021 335 4074 νῦν
356 4024 451 4090 μὲν
482 4021 715 4091 ἐζήτησέ
758 4038 841 4083 τις
895 4022 1096 4087 ὁτιοῦν,
1138 4022 1233 4075 νῦν
1260 4021 1329 4076 ’δὲ
1367 4023 1620 4076 ἀπώλεσε
1649 4040 1662 4053 ·
1707 4026 1803 4077 καὶ

220 4092 326 4145 νῦν
363 4094 460 4159 μὲν
491 4091 745 4159 ἐφύλαξε,
779 4092 874 4145 νῦν
903 4092 961 4145 δὲ
994 4096 1273 4159 προήκατο
1294 4108 1310 4125 ⁸
1339 4092 1526 4147 ἄλλοτε
1549 4093 1805 4146 ἀπέκτει-

224 4178 341 4222 νεν,
394 4161 605 4231 ἄλλοτεῌ
630 4161 927 4230 ὲφονεύθη·
990 4163 1271 4231 ἐλάλησεν,
1328 4159 1449 4215 εἷτα
1490 4162 1801 4231 ὴσύχασενο

222 4234 536 4314 ἠγάπησεν,
556 4226 681 4314 εἶτ-αὴ
700 4226 952 4314 tuleritis:
970 4233 1042 4284 τὰ
1069 4226 1261 4314 γάρςὲν
1288 4226 1802 4314 ἀνθρὼποις’πράγο
1833 4297 1839 4303 ἰ

226 4318 379 4371 ματα
419 4302 547 4352 ποτὲ
587 4302 686 4369 μὲν
723 4300 1063 4369 πολεμεῖται,
1105 4300 1297 4371 ἄλλοτε
1336 4300 1403 4353 se
1434 4300 1798 4371 εἰρηνεύεται,

222 4367 546 4440 ὄξνρρόπως
574 4367 682 4421 τῶν
708 4367 1049 4440 πραγμάτων
1075 4372 1134 4437 ἐξ
1168 4370 1389 4439 ἀγαθῶν
1414 4367 1554 4423 εἶναι
1582 4370 1802 4424 δοκούν-

222 4458 339 4492 των
377 4442 455 4501 εἱς
490 4440 901 4508 ὁμολογούμενα
946 4442 1093 4493 κακά
1137 4442 1609 4507 μεταπιπτόντων.
1654 4442 1802 4493 Παυ-

227 4508 456 4577 σώμεθα
493 4509 660 4560 ..οξνυν
694 4509 755 4572 ἐξ
778 4510 1053 4579 ἀνονήτων
1086 4510 1321 4579 μόχθων.
1362 4510 1414 4562 Id
1446 4518 1530 4563 est
1567 4527 1579 4561 :
1614 4508 1802 4563 Enim-

1895 608 2187 681 appellatio
2238 617 2293 663 et
2351 606 2655 663 excisionis
2708 620 2773 661 ac
2823 605 3146 674 dejectionis
3212 603 3477 674 cujusque

1894 703 2116 773 plantae,
2147 715 2269 770 qua:
2314 698 2662 754 convenienli
2713 712 2844 753 sane
2885 696 3312 765 tempeStivitate
3347 710 3477 764 per-

1894 803 2153 863 aguntur.
2174 793 2249 846 Ac
2280 807 2521 855 rursum,
2542 791 2671 860 quia
2698 789 2840 845 forte
2867 791 3032 845 arbor
3058 792 3142 846 vel
3175 792 3477 847 inveterata

1895 884 2031 937 adeo
2081 882 2393 943 consenuit.
2438 882 2651 936 nullum
2700 889 2761 935 ut
2796 880 3033 935 fructum
3078 881 3341 951 proferat,
3393 883 3477 935 vel

1896 975 2103 1030 nullius
2146 975 2259 1044 jam
2300 990 2435 1029 usus
2481 988 2627 1040 esse,
2679 981 2735 1027 et
2782 974 2961 1027 solum
3012 973 3204 1029 inutile
3248 976 3478 1030 reddere

1897 1067 2166 1130 videatur,
2205 1065 2349 1120 hanc
2379 1074 2685 1136 opportune
2722 1079 2752 1118 a
2782 1064 3084 1119 cultoribus
3111 1066 3271 1119 evelli
3300 1067 3478 1135 signi-

1898 1159 2042 1213 licat.
2091 1157 2349 1213 Ordinem
2378 1172 2508 1213 vero
2556 1158 2609 1211 in
2651 1158 2738 1212 his
2768 1167 2822 1211 et
2850 1160 3153 1212 naturalem
3187 1168 3243 1212 et
3280 1160 3479 1211 volun-

1898 1253 2094 1307 tarium
2144 1251 2259 1320 ipsa
2294 1250 2455 1303 verba
2499 1249 2807 1319 designant,
2857 1264 2925 1303 ne
2966 1259 3178 1303 natura:
3218 1264 3382 1318 opera
3427 1258 3480 1303 et

1898 1343 2260 1413 cogitantium
2304 1351 2469 1411 atque
2512 1343 2829 1412 eligentiuni
2880 1344 3062 1399 studia
3108 1343 3341 1399 confuse
3384 1360 3481 1413 po-

1901 1438 2009 1491 tius
2060 1446 2224 1504 atque
2270 1436 2605 1504 promiscue,
2654 1452 2817 1505 quam
2860 1452 2954 1503 per
2999 1438 3203 1506 gradus
3248 1452 3481 1507 quaeque

1899 1540 2032 1580 suos
2069 1535 2122 1579 et
2161 1528 2380 1596 propria
2428 1538 2593 1595 atque
2630 1527 2745 1580 utili
2798 1528 2939 1581 serie
2971 1527 3293 1596 digerantur
3325 1546 3337 1580 :
3370 1542 3481 1595 quo

1902 1618 2030 1673 hinc
2076 1619 2240 1672 etiam
2292 1632 2387 1673 eos
2438 1619 2756 1688 redarguat,
2816 1619 2909 1688 qui
2969 1619 3261 1674 delicatam
3316 1620 3480 1673 vitam

1901 1720 2312 1781 praaoptarunt,
2358 1727 2595 1781 cumque
2640 1714 2785 1768 vitiis
2856 1713 3185 1782 ﬂagitiisque
3234 1729 3294 1768 se
3338 1723 3481 1768 totos

1902 1804 2245 1866 addixerint,
2319 1804 2582 1869 minime,
2654 1822 2719 1859 ex
2784 1806 3091 1860 imitatione
3147 1809 3480 1862 naturalium

1901 1909 2129 1963 operum
2158 1893 2241 1948 vel
2268 1895 2336 1948 ad
2370 1896 2634 1950 rationem
2666 1896 3104 1950 voluntariorum
3149 1899 3480 1967 studiorum,

1902 1986 2369 2054 opportunitatem
2437 2002 2715 2057 corporeae
2776 1989 3154 2046 delectationis
3214 2003 3269 2047 et
3330 1996 3486 2049 volu-

1904 2078 2069 2147 ptatis
2126 2079 2405 2148 propriam
2460 2081 2600 2134 inter
2653 2080 2894 2150 reliquas
2937 2083 3075 2137 alias
3114 2084 3479 2155 distinguunt,

1904 2182 2003 2222 nec
2053 2182 2273 2221 rursum
2316 2169 2385 2221 ab
2433 2169 2704 2238 ejusmodi
2736 2172 3156 2229 oblectamentis
3200 2177 3305 2230 sibi
3343 2189 3484 2232 tem-

1903 2274 2094 2328 perare
2120 2261 2367 2315 animum
2403 2262 2690 2318 inducunt.

1975 2353 2111 2407 Num
2147 2369 2277 2409 vero
2316 2355 2434 2410 haec
2466 2356 2692 2422 homini,
2726 2366 2937 2414 tantum
2967 2370 3027 2415 ut
3053 2361 3282 2431 spiranti
3314 2365 3487 2419 simu-

1902 2445 2171 2515 lacro(9),
2218 2447 2495 2510 edisserit,
2537 2465 2686 2513 cum,
2727 2467 2851 2520 quae
2893 2468 3018 2506 eum
3052 2454 3244 2523 majori
3280 2458 3485 2526 pudore

1902 2536 2119 2591 allicere
2169 2538 2403 2607 possint,
2448 2540 2729 2594 naturales
2776 2546 3158 2612 generationes
3192 2558 3357 2618 atque
3406 2551 3486 2605 in-

1904 2631 2098 2684 teritus
2130 2640 2297 2699 ponat
2333 2631 2404 2685 ob
2444 2632 2636 2685 oculos
2661 2632 2797 2703 (10),
2848 2644 2902 2687 et
2943 2636 3203 2690 arborum
3243 2641 3485 2698 sationes

1901 2721 2439 2791 exstirpationesque
2505 2736 2736 2789 earum,
2808 2721 3245 2797 cmterarumque
3300 2748 3485 2787 rerum

1903 2815 2128 2879 seriem,
2167 2828 2306 2881 quas
2346 2813 2605 2883 deinceps
2654 2828 2963 2879 enumerat,
3009 2820 3089 2873 sic
3134 2835 3302 2892 prope
3335 2840 3487 2880 com-

1901 2906 2157 2976 pellans?
2209 2906 2343 2961 Vide
2389 2921 2586 2975 ntmpe
2657 2923 2719 2961 ac
2769 2910 3063 2966 manifesto
3112 2931 3387 2984 agnosce,
3453 2936 3487 2975 ο

1907 3000 2180 3065 mortalis,
2217 3014 2380 3069 quam
2413 3000 2597 3053 omnia
2626 3002 2875 3056 ordinem
2920 3005 3075 3059 illum
3115 3018 3347 3075 sei-rent,
3391 3013 3486 3082 qui

1904 3108 1933 3147 a
1968 3092 2269 3147 tlonditore
2301 3091 2436 3161 ipsis
2463 3094 2820 3164 prtescriptus
2846 3098 2965 3151 est!
3009 3107 3069 3153 ut
3098 3101 3233 3155 nihil
3262 3105 3489 3160 omnino

1902 3195 2054 3241 extra
2090 3185 2570 3256 tempeStivitatem
2606 3202 2763 3242 suam
2804 3190 2885 3244 vel
2928 3201 3093 3260 agant
3139 3196 3220 3250 vel
3273 3198 3487 3266 patian-

1904 3390 2316 3466 gzriptumest,
2354 3405 2526 3461 usque
2578 3391 2643 3445 ad
2677 3392 2829 3446 illum
2880 3393 3097 3466 locum,
3119 3412 3171 3450 tn
3200 3412 3312 3466 quo
3362 3407 3484 3454 att:

1909 3460 2129 3529 Tempus
2180 3461 2300 3531 belli
2345 3472 2395 3514 et
2440 3460 2642 3529 tempus
2687 3466 2854 3530 pacis.
2883 3479 3048 3531 super
3085 3460 3248 3520 Israel
3286 3469 3488 3522 intelli-

1905 3542 2059 3601 gunt.
2082 3571 2096 3584 .
2118 3569 2131 3583 .
2159 3568 2174 3583 .
2208 3530 2448 3601 Tempus
2474 3531 2888 3601 l'uitgeneiandi
2920 3530 2974 3586 et
2997 3535 3279 3602 plantandi
3312 3537 3489 3592 Israe-

1908 3603 2033 3666 lem,
2074 3610 2286 3669 tempus
2316 3602 2581 3674 moriendi
2624 3612 2677 3674 et
2716 3604 2953 3674 ducendi
2986 3608 3039 3657 in
3073 3608 3483 3674 captivitatem;

1906 3681 2120 3744 tempus
2178 3670 2457 3744 occidendi
2515 3686 2610 3725 eos
2658 3671 2711 3723 in
2766 3670 3024 3742 Egypto,
3080 3670 3389 3744 et'tempus
3420 3670 3488 3731 de

1906 3740 2138 3816 {Egypto
2177 3740 2482 3816 liberandi;
2525 3750 2738 3810 tempus
2776 3740 3091 3816 destruendi
3143 3740 3327 3816 templi
3382 3748 3487 3801 sub

1906 3810 2437 3881 Nabuchodonosor,
2460 3820 2511 3864 et
2547 3819 2758 3878 tempus
2792 3812 3094 3867 aediﬁcandi
3140 3810 3483 3881 sub'Dario;

1906 3890 2118 3955 tempus
2155 3880 2442 3955 plangendi
2479 3881 2819 3955 eversionem
2853 3883 3029 3955 urbis,
3065 3894 3124 3955 et
3160 3894 3385 3955 tempus
3407 3880 3485 3940 ri-

1906 3951 2066 4005 dendi
2099 3959 2261 4019 atque
2295 3950 2531 4003 saltandi
2565 3951 2668 4005 sub
2704 3949 3028 4014 Zorobabel,
3064 3953 3236 4008 Esdra
3265 3949 3319 4009 et
3344 3954 3488 4010 Nee-

1910 4022 2015 4073 niia
2040 4038 2053 4085 ;
2083 4028 2298 4092 tempus
2326 4020 2669 4089 dispergendi
2697 4020 2882 4083 Israel,
2908 4031 2961 4074 et
2985 4031 3201 4092 tempus
3227 4026 3280 4078 in
3314 4042 3484 4079 unum

1907 4091 2309 4162 cpngrcgandi;
2348 4098 2565 4162 tempus
2594 4092 2753 4162 quasi
2781 4159 2791 4162 Α
2822 4091 3108 4162 cingulum
3142 4102 3198 4147 et
3243 4095 3485 4149 balteum

1906 4159 2248 4233 circumdari
2264 4159 2375 4233 Deo
2401 4159 2659 4233 pupulum
2690 4159 3027 4233 Judaaorum,
3055 4174 3109 4217 et
3143 4173 3357 4233 tempus
3389 4167 3489 4218 du-

1908 4231 2063 4284 cendi
2101 4245 2195 4283 eos
2238 4230 2291 4309 in
2335 4228 2689 4309 Babyloniam
2722 4232 3116 4299 captivitatem.
3154 4244 3207 4287 et
3238 4228 3309 4287 ibi
3335 4249 3489 4309 com:

1912 4310 2222 4372 putrescere
2251 4308 2402 4372 trans
2431 4296 2768 4367 Euphratem
2788 4296 2803 4352 ξ
2823 4340 2835 4353 .
2863 4318 2914 4372 .Α;
2958 4314 3175 4369 tempus
3206 4304 3488 4372 quaerendi

1911 4368 2033 4442 illos
2061 4379 2122 4442 et
2144 4368 2417 4431 servandi,
2443 4377 2510 4442 et
2527 4370 3026 4442 te_mpus_perdeudi
3052 4368 3106 4425 et
3130 4368 3345 4442 tempus
3370 4389 3490 4441 pro-

1904 4439 2124 4508 jicicndi
2147 4447 2406 4511 ;_tempus
2435 4437 2730 4511 scindendi
2750 4439 2938 4503 Israel,
2965 4451 3019 4495 et
3049 4437 3263 4511 tempus
3285 4437 3484 4497 iterum

1909 4508 2240 4578 consuendii
2278 4516 2491 4575 tempus
2527 4510 2736 4562 tacendi
2774 4514 3089 4578 prophetas,
3125 4508 3269 4567 nunc.
3304 4515 3357 4566 in
3391 4528 3487 4565 ca-

224 4573 351 4632 vero
382 4579 464 4629 Ιιο-
508 4590 709 4645 mnpus
757 4573 1097 4632 rebus'inter'
1141 4573 1195 4633 se
1242 4581 1471 4632 maxime
1516 4580 1801 4632 contrariis
1834 4573 1879 4627 D
1907 4579 2154 4648 ptivitate
2211 4573 2483 4648 Romana,
2535 4573 2845 4648 ettenip'us
2877 4573 3150 4648 'loquendi
3195 4598 3313 4646 eos,
3356 4593 3489 4637 tunc

221 4650 441 4716 plenum
471 4657 569 4710 est,
604 4662 789 4715 partus
816 4659 864 4702 et
891 4651 1098 4713 mortis,
1123 4659 1269 4702 ortus
1303 4650 1548 4716 stirpium
1584 4658 1631 4701 et
1661 4665 1803 4701 ever-

223 4720 394 4771 sionis
424 4730 579 4784 atque
606 4720 873 4779 interitus,
900 4720 1233 4771 curationum
1256 4728 1305 4771 et
1322 4720 1572 4781 cazdium,
1595 4729 1803 4771 exstru-

223 4789 424 4842 ctionis
463 4790 656 4841 mdium
708 4798 757 4839 et
814 4788 1238 4847 disturbationis,
1290 4790 1514 4856 gemitus
1552 4797 1601 4840 et
1642 4790 1802 4851 risus,

223 4862 475 4927 planctus
514 4867 563 4910 et
606 4857 975 4910 saltationum.
1010 4858 1165 4912 Nunc
1194 4858 1460 4928 quispiam
1500 4869 1652 4912 terra).
1686 4858 1805 4927 [ru-

223 4941 349 4982 ctus
396 4928 621 4997 colligit,
651 4944 785 4980 nunc
812 4943 995 4979 rursus
1023 4930 1166 4995 elicit
1192 4945 1208 4985 :
1238 4944 1377 4981 nunc
1414 4928 1684 4981 mulierem
1714 4929 1806 4980 de-

223 5000 368 5067 perit
410 5007 566 5067 ntque
614 5000 802 5049 insano
850 5014 1026 5050 amore
1071 4999 1453 5065 complectitur,
1508 5013 1646 5051 nunc
1689 5013 1806 5050 eam

224 5068 439 5135 infense
473 5070 583 5121 odit
606 5077 653 5120 et
695 5078 1004 5131 aversatur;
1036 5084 1173 5121 nunc
1193 5070 1395 5136 aliquid
1420 5070 1635 5137 qna-rit,
1669 5083 1808 5121 nunc

226 5139 456 5201 autittit;
486 5153 621 5190 nunc
644 5138 922 5207 diligenter
946 5149 1201 5201 asservat,
1226 5155 1363 5191 nunc
1392 5138 1641 5206 projicit;
1674 5154 1809 5191 nunc

227 5208 508 5274 interﬁcit,
548 5224 682 5260 nunc
713 5210 1093 5271 obtruncatur;
1120 5224 1257 5261 nunc
1288 5210 1544 5277 loquitur,
1577 5224 1713 5261 nunc
1734 5209 1809 5261 si-

227 5279 397 5331 lentio
430 5278 748 5346 acquiescit;
780 5294 917 5330 nunc
955 5289 1118 5339 amat,
1164 5294 1300 5330 nunc
1335 5280 1455 5331 odio
1497 5281 1806 5331 insectatur.

232 5348 339 5399 Hes
368 5349 504 5399 enim
524 5347 768 5400 humanm
794 5364 931 5400 nunc
961 5348 1095 5401 bello
1122 5349 1464 5418 aﬂlictantur,
1494 5364 1631 5401 nunc
1661 5358 1811 5400 tran-

224 5418 417 5484 quilla:
470 5426 521 5468 et
580 5428 787 5483 pacatce
848 5428 1003 5481 sunt;
1056 5430 1306 5487 tantaque
1355 5428 1431 5470 est
1488 5434 1670 5471 earunt
1728 5418 1811 5470 in-

227 5490 559 5546 constantia,
591 5499 645 5540 ut
690 5504 807 5555 quae
851 5488 1004 5539 modo
1041 5494 1282 5542 secunda:
1325 5505 1433 5541 esse
1476 5490 1810 5544 videbantur.

226 5556 392 5608 celeri
425 5570 685 5609 momento
734 5560 791 5609 in
838 5559 1143 5611 certissimi!
1178 5559 1322 5610 mala
1362 5558 1704 5611 delabantur.
1740 5561 1812 5610 Ac

222 5628 626 5695 proinderanis
657 5627 928 5680 laboribus
960 5628 1190 5680 exerceri
1227 5629 1558 5681 desinamus.
1596 5628 1675 5695 (In
1705 5627 1813 5679 Me-

224 5694 413 5765 taphr.
445 5694 672 5763 Ecclus.)

306 5769 376 5817 At
401 5780 527 5820 vero
561 5784 578 5816 ι
613 5766 845 5831 Hebraei,
886 5786 903 5817 ι
940 5767 1111 5837 inquit
1134 5766 1199 5819 ad
1235 5768 1380 5837 hunc
1414 5766 1595 5821 locum
1630 5764 1815 5819 Hiero-

235 5850 460 5905 nymus,
489 5854 505 5886 ι
525 5850 689 5890 omne
710 5838 833 5903 hoc,
852 5839 993 5906 quod
1014 5836 1079 5892 de
1104 5836 1487 5892 contrarietate
1510 5845 1814 5905 temporum

1905 4647 2126 4716 quando
2160 4647 2322 4699 etiam
2377 4646 2431 4698 in
2473 4647 2656 4701 hostili
2703 4656 2846 4701 terra
2896 4646 2984 4701 Dei
3017 4655 3393 4706 consolatione
3432 4663 3489 4706 et

1906 4717 2149 4789 alloquio
2168 4730 2277 4789 non
2298 4716 2595 4789 carebant;
2635 4728 2850 4786 tempus
2885 4720 3215 4784 dilectionis,
3253 4737 3360 4789 qua
3390 4736 3486 4776 eos

1908 4787 2287 4861 subpatribus
2323 4795 2450 4861 ante
2487 4787 2694 4850 dilexit,
2738 4800 2787 4841 et
2842 4800 3058 4857 li'lttpus
3099 4793 3232 4848 odii.
3264 4787 3391 4861 quia
3430 4793 3483 4844 in

1907 4857 2188 4911 Christum
2218 4856 2531 4927 intulerunt
2578 4874 2809 4921 manus;
2849 4856 3059 4927 tempus
3096 4856 3295 4927 pretii,
3322 4864 3487 4916 modo

1909 4942 2017 4999 non
2050 4925 2338 4999 agentibus
2368 4925 2446 4999 eis
2480 4927 2877 4993 pmltileltliattt,
2907 4925 2972 4981 et
2989 4925 3203 4998 tempus
3241 4933 3391 4999 pacis
3432 4934 3483 4983 in

1911 4996 2115 5068 futuro,
2140 4995 2360 5063 quando
2386 4995 2624 5068 intrante
2648 4999 2983 5066 plenitudine
3006 4995 3273 5068 gentium,
3305 5003 3487 5056 omnis

1910 5066 2097 5121 Israel.
2124 5072 2309 5119 salvus
2341 5064 2465 5117 erit.
2493 5084 2511 5117 ι

1984 5135 2059 5207 (9)
2094 5135 2151 5188 In
2191 5137 2313 5189 cod.
2354 5133 2639 5203 Sangerm.
2681 5136 2787 5189 Τὸν
2838 5136 3080 5207 ἔμψυχον
3133 5142 3225 5193 καὶ
3272 5141 3487 5207 λογικὸν

1912 5206 2229 5274 ἀνδριάντα,
2281 5214 2333 5258 et
2383 5206 2614 5259 subinde
2660 5209 2755 5259 καὶ
2798 5206 2893 5270 τὰς
2927 5206 3215 5276 φυτεύσεις
3264 5206 3361 5265 καὶ
3389 5215 3489 5273 τὰς

1915 5278 2063 5344 σφῶν
2094 5277 2351 5345 ἐκτομάς.

1985 5346 2095 5415 (10)
2128 5344 2433 5417 Lugendum
2460 5345 2692 5417 fortasse
2718 5347 2770 5400 in
2800 5346 3005 5401 Grtrcis
3034 5348 3491 5417 δυσωπητικιίτε-

1918 5416 2009 5488 ρον
2032 5433 2103 5477 τι,
2141 5416 2191 5488 id
2219 5426 2297 5468 est
2327 5419 2465 5485 quod
2489 5415 2558 5488 ad
2588 5418 2887 5485 pudendum
2914 5423 3081 5487 magis
3105 5415 3330 5473 inducit.
3355 5422 3489 5477 Illud

1916 5486 2096 5540 autem
2130 5487 2442 5553 signiﬁcare
2480 5486 2775 5553 Gregorius
2819 5486 3058 5543 voluisSe
3090 5490 3222 5542 mihi
3256 5493 3488 5555 videtur,

1916 5557 2059 5611 dicta
2100 5555 2439 5627 Ecclesiaste
2468 5572 2529 5627 ea
2560 5565 2743 5611 mente
2774 5574 2895 5612 esse
2927 5560 3156 5627 prolata,
3195 5569 3252 5611 ut
3286 5577 3391 5614 non
3426 5565 3495 5616 ad

1918 5642 2081 5680 aures
2103 5628 2303 5687 solum,
2334 5626 2427 5679 sed
2454 5626 2520 5679 ad
2548 5630 2791 5681 animum
2830 5626 3003 5694 usque
3033 5629 3275 5681 hominis
3307 5646 3496 5697 perve-

1921 5698 2094 5773 niant,
2133 5712 2369 5773 eumque
2409 5697 2477 5773 de
2518 5697 2697 5751 ollicio
2744 5710 2865 5760 suo.
2902 5702 3312 5773 comparatione
3358 5718 3496 5773 qua-

1919 5767 2043 5820 dam
2078 5767 2348 5831 instituta,
2376 5769 2707 5821 admoneant
2738 5788 2749 5820 ε
2776 5771 2921 5838 quod
2953 5786 3014 5823 ea
3048 5769 3328 5824 declarant
3375 5767 3498 5843 Elusa

1923 5844 2245 5907 sequuntur.
