4192 6436
725 413 826 479 8H

1861 410 1922 469 S.
1953 409 2329 472 GREGORII
2369 411 2879 476 AGRIGENTINI

3893 413 4001 475 848

725 525 846 576 tur!
891 520 1117 590 jamque
1164 517 1458 589 intelligas,
1515 517 1606 588 qui
1658 516 1724 573 ad
1775 518 2069 591 imaginem
2117 522 2211 579 Dei
2246 533 2294 580 et

2399 527 2535 580 Θεοῦ
2563 530 2656 582 καὶ
2692 529 2954 598 ὁμοίωσιν
2989 526 3248 596 γεγονὼς,
3284 528 3378 581 καὶ
3411 527 3588 597 ψυχὴν
3635 526 3829 596 λαχὼν
3865 529 4000 577 αὖτ-

723 614 1143 670 similitudinem
1195 611 1472 675 conditus,
1526 611 1772 665 animum
1827 615 2038 668 arbitrii
2072 631 2298 686 compos

726 720 832 763 tem
883 718 1081 761 nactus
1117 721 1177 760 es
1202 747 1216 771 ,
1257 712 1524 773 quantum
1565 703 1779 758 auctori
1825 715 1921 760 tuo
1962 721 2063 776 pro
2110 706 2296 762 collati

725 800 948 853 honoris
979 799 1231 868 portione
1258 796 1458 851 debeas
1484 795 1808 866 obsequium
1839 813 1904 851 ac
1935 797 2293 853 famulatum!

722 892 856 945 Nam
891 892 936 944 si
965 890 1151 944 omnia
1188 904 1344 943 suam
1376 903 1405 942 a
1437 888 1734 943 Conditore
1767 889 1888 960 ipso
1919 893 2298 961 opportunita-

723 995 830 1039 tem
872 983 1068 1038 sortita
1114 993 1266 1047 sunt,
1314 981 1504 1052 quidni
1545 981 1759 1037 tribuas
1791 991 1848 1037 tu
1889 1000 2110 1054 quoque
2137 998 2296 1055 sepa-

721 1085 900 1128 ratnm
950 1075 1172 1143 aliquod
1234 1073 1494 1143 temporis
1540 1073 1648 1143 ³12
1678 1074 2028 1129 intervallum
2083 1078 2294 1131 auctori

722 1177 837 1228 tuo,
877 1177 936 1220 ut
989 1167 1255 1222 meditere
1306 1175 1359 1221 et
1405 1181 1670 1236 agnoscas
1710 1167 1886 1236 ipsum
1933 1184 2054 1222 esse
2103 1169 2294 1233 Deum,

720 1269 885 1327 atque
917 1258 1055 1312 adeo
1107 1267 1167 1310 ut
1219 1257 1501 1326 prmeeptis
1547 1259 1667 1326 ejus
1698 1266 1888 1313 sancte
1934 1259 2294 1329 obtemperes,

717 1354 774 1398 et
816 1352 961 1398 I'PCtB
996 1345 1156 1399 factis
1203 1346 1269 1398 ad
1315 1345 1577 1400 bonitatis
1613 1347 1735 1415 ejus
1779 1348 2101 1416 dignitatem
2139 1364 2296 1404 acce-

718 1436 861 1490 das?
907 1452 1032 1490 cum
1082 1447 1131 1490 te
1173 1444 1365 1490 contra
1417 1453 1630 1492 summa
1674 1442 1954 1494 temeritas
1995 1444 2206 1496 caeteris
2242 1442 2293 1495 in

719 1529 886 1581 rebus
919 1539 973 1580 et
1022 1544 1050 1580 a
1085 1537 1298 1582 natura:
1337 1529 1594 1596 operibus
1627 1529 1977 1584 aberrantem
2028 1541 2082 1585 et
2123 1549 2152 1585 a
2201 1548 2294 1585 vo-

718 1620 973 1673 luntariis
1014 1619 1300 1673 hominum
1347 1620 1544 1674 studiis
1573 1629 1948 1676 transversum
1993 1635 2138 1693 agat.
2173 1624 2298 1681 llazc

721 1708 1002 1773 nimirum,
1050 1723 1173 1778 qua:
1225 1709 1370 1763 dicta
1416 1717 1565 1773 sunt,
1608 1710 1715 1765 nisi
1764 1714 1984 1781 sapiens
2027 1713 2296 1771 Ecclesia-

723 1809 834 1852 stes
874 1799 928 1852 in
963 1799 1072 1852 illis
1101 1799 1282 1854 verbis
1313 1811 1632 1868 spectasset,
1664 1801 1868 1858 frustra
1897 1805 2054 1874 plane
2083 1823 2147 1862 ac
2177 1808 2294 1863 sine

721 1904 889 1943 causa
948 1905 1010 1943 ea
1067 1891 1408 1959 protulisset,
1460 1907 1583 1962 qua:
1629 1907 1822 1948 omnes
1878 1905 2102 1950 norunt.
2155 1898 2291 1952 Cum

720 1996 850 2034 vero
887 1990 942 2036 et
989 1984 1171 2052 partui
1213 1993 1268 2038 et
1298 1987 1465 2038 morti
1506 1999 1664 2039 suam
1706 2001 1828 2041 esse
1857 1987 2047 2041 boram
2091 1991 2296 2045 consti-

718 2085 889 2129 tutam
923 2091 1086 2131 nemo
1131 2077 1435 2132 viventium
1473 2077 1710 2148 ignoret,
1753 2079 1820 2133 ad
1851 2079 2290 2150 objurgationem

716 2184 946 2234 eorum,
998 2169 1092 2237 qui
1147 2184 1367 2239 semper
1421 2169 1476 2224 in
1534 2171 1745 2240 peccati
1795 2173 2052 2228 sordibus
2095 2175 2293 2232 misere

717 2269 1029 2325 versantur,
1072 2261 1344 2331 ejusmodi
1383 2263 1546 2319 dictis
1573 2279 1708 2320 usus
1745 2273 1850 2320 est.

787 2353 1112 2420 Quanquam
1156 2353 1460 2420 elegantior
1506 2368 1697 2408 eorum
1749 2356 2042 2413 verborum
2095 2375 2292 2417 sensus

716 2453 772 2497 ct
802 2445 1030 2512 mystice
1059 2455 1311 2514 sumptus
1333 2446 1458 2500 talis
1483 2455 1602 2500 est:
1635 2446 2054 2517 Tempestivitas
2080 2459 2164 2506 est
2192 2468 2290 2506 sua

717 2536 900 2588 timori
967 2537 1080 2602 Dei,
1137 2545 1399 2605 tanquam
1447 2536 1503 2589 in
1568 2546 1745 2603 utero,
1799 2538 1851 2591 in
1887 2549 2067 2594 mente
2105 2541 2292 2596 conci-

719 2626 941 2695 piendo,
992 2627 1384 2695 pariendisque
1427 2636 1577 2682 recte
1616 2627 1779 2682 factis
1821 2629 2063 2684 divinam
2109 2632 2292 2686 chari-

720 2726 886 2771 tatem
908 2733 1018 2786 pm
1035 2734 1092 2773 se
1117 2718 1936 2788 ferentibuszquemadmodum
1973 2720 2142 2778 Isaias
2169 2738 2295 2792 pro-

719 2807 879 2874 pln-ta
911 2807 1049 2860 dixit
1088 2825 1100 2861 :
1150 2827 1168 2860 ι
1206 2807 1347 2872 Quia
1393 2808 1448 2861 in
1491 2815 1649 2862 utero
1687 2810 2042 2879 concepimus
2076 2821 2131 2866 et
2163 2828 2290 2882 par-

722 2898 1018 2952 turivimus
1049 2908 1212 2969 atque
1258 2899 1550 2970 genuimus
1578 2901 1831 2970 spiritum
1880 2901 2096 2968 salutis,
2128 2919 2290 2973 quem

719 2995 1056 3064 gestavimus
1103 3009 1268 3063 super
1309 3001 1512 3047 terram
1537 2992 1690 3066 (ﬂ);
1727 3011 1746 3046 ο
1786 3008 1851 3049 ac
1882 2995 2115 3050 subinde
2169 3013 2292 3051 cor-

721 3087 872 3154 poris
929 3086 1263 3155 protervitati
1315 3093 1620 3156 opportune
1668 3086 2066 3153 interimenda,
2116 3103 2291 3142 mem-

721 3180 942 3248 brisque
975 3179 1078 3243 bis,
1121 3179 1324 3248 quibus
1360 3178 1686 3247 premimur,
1726 3179 2135 3247 perdomandis.
2182 3181 2290 3235 Sua

723 3272 850 3325 item
887 3272 1268 3339 Opportunitas
1297 3279 1401 3335 est,
1446 3277 1507 3324 ut
1539 3270 1854 3339 quicunque
1884 3271 2013 3324 recti
2048 3271 2292 3326 honesti-

720 3378 827 3432 que
859 3363 1041 3416 studio
1067 3371 1304 3428 tenetur,
1337 3362 1496 3432 quasi
1538 3364 1591 3416 in
1622 3372 1798 3432 prato,
1833 3373 1981 3417 serat
2017 3364 2070 3416 in
2107 3365 2292 3418 animo

721 3470 822 3508 suo
861 3455 1166 3523 plantarum
1203 3454 1376 3507 instar
1406 3453 1698 3523 praeclaras
1729 3467 1976 3522 quasque
2005 3463 2058 3507 et
2088 3453 2291 3509 virtute

724 3554 1044 3614 pvzcstantes
1097 3550 1341 3599 actiones
1379 3563 1392 3597 :
1429 3554 1480 3597 et
1531 3560 1631 3598 sua
1683 3545 1816 3598 item
1871 3546 2292 3614 tempestivitate

721 3647 1146 3690 cunscntaneam
1178 3637 1262 3690 bis
1291 3636 1529 3704 quietem
1563 3636 1824 3704 assignet,
1859 3651 2161 3706 earumque
2186 3637 2292 3690 vim

721 3741 774 3783 et
819 3741 1074 3784 conatum
1123 3734 1517 3783 convenienter
1564 3727 1878 3788 imminuat,
1917 3729 2075 3797 quasi
2123 3729 2292 3783 otium

725 3835 930 3876 natura:
977 3821 1288 3891 impertitus
1317 3839 1330 3874 :
1363 3836 1488 3875 cum
1537 3835 1698 3875 secus
1746 3820 1790 3874 si
1847 3823 1959 3884 tiat,
2003 3821 2058 3874 in
2100 3822 2297 3876 volun-

725 3916 862 3969 taria
919 3915 1034 3984 ipsa
1095 3914 1221 3968 boni
1283 3913 1622 3984 appetitione
1674 3913 1933 3967 humana:
1990 3914 2135 3968 vires
2203 3915 2293 3969 diu

727 4006 1070 4059 contentioni
1107 4019 1266 4073 pares
1297 4019 1421 4059 esse
1463 4020 1570 4057 non
1616 4005 1849 4073 possint.
1895 4005 1974 4058 Ita
2005 4019 2106 4061 nos
2145 4004 2295 4073 ejus-

723 4097 870 4151 modi
901 4095 1062 4151 ell‘ata
1083 4095 1485 4151 consideranda
1508 4095 1850 4160 censuimus,
1872 4103 1930 4149 ut
1953 4105 2008 4148 et
2027 4095 2294 4150 naturalis

721 4188 855 4240 ordo
887 4195 942 4240 et
981 4186 1207 4256 mystica
1264 4186 1406 4238 ratio
1453 4184 1684 4238 ferebat.
1736 4183 1918 4250 Quam
1968 4185 2294 4254 interpreta-

724 4280 927 4334 tionem
962 4293 1025 4333 ea
1058 4293 1282 4348 quoque
1319 4277 1604 4345 adjuvant,
1653 4293 1774 4346 qua:
1812 4288 2161 4348 sequuntur;
2201 4278 2296 4332 ad-

721 4371 800 4425 dit
830 4371 1000 4438 cnim,
1033 4381 1195 4440 atque
1223 4371 1335 4425 ait:

2400 618 2664 682 εξούσιον,
2693 619 2890 689 ἡλίκην
2921 618 3157 688 ὀφείλεις
3193 619 3339 687 ἔχειν
3382 620 3524 670 κατὰ
3554 620 3654 686 τὴν
3691 617 4000 681 ἀναλογίαν

2397 709 2498 779 τῆς
2523 709 2815 779 δεδομένης
2846 725 2927 762 σοι
2952 709 3118 779 τιμῆς
3156 709 3256 779 τὴν
3295 708 3430 777 πρὸς
3454 708 3545 760 τὸν
3582 708 3716 760 ἴδιον
3755 707 3998 774 ποιητὴν

2400 799 2680 869 ὑποταγὴν
2720 799 2816 851 καὶ
2859 798 3100 867 θητείαν.
3145 797 3210 850 Εἰ
3241 798 3352 866 γὰρ
3380 797 3560 850 πάντα
3584 797 3677 848 τὸν
3710 795 3850 847 tam
3886 795 3997 861 ἔχει

2399 890 2615 961 καιρὸν,
2646 890 2705 943 ὃν
2736 890 2765 941 6
2790 889 3135 960 Δημιουργὸς
3158 889 3342 951 αὐτοῖς
3366 888 3798 957 ἀπεκλήρωσεν,
3827 887 3895 938 ού
3921 886 3997 937 δί-

2398 981 2504 1043 δως
2551 983 2616 1044 σὺ
2662 979 2738 1049 τῷ
2787 982 2986 1050 ποιητῇ
3032 980 3137 1032 σού·
3178 996 3302 1032 τινα
3350 979 3545 1048 καιρὸν
3597 979 3996 1046 ἀφωρισμένον

2400 1070 2536 1139 πρὸς
2584 1069 2646 1123 τὸ
2694 1070 2954 1138 σχολάσαι
2997 1070 3092 1122 καὶ
3136 1069 3362 1138 γνῶναι,
3410 1070 3493 1122 ὅτι
3530 1068 3648 1122 ἐστι
3694 1069 3860 1131 Θεὸς,
3906 1069 3998 1119 καὶ

2399 1163 2542 1218 κατά
2591 1163 2654 1216 τὸ
2696 1163 2990 1218 ἀκόλουθον
3038 1164 3138 1227 τὰς
3189 1165 3409 1226 ἐντολὰς
3458 1162 3626 1216 αὐτοῦ
3673 1163 3992 1229 φυλάττειν,

2398 1255 2694 1309 κάντεῦθεν
2730 1255 3212 1326 προνλοικειοῦσθαι
3258 1259 3324 1326 τῇ
3353 1255 3479 1325 δόξῃ
3519 1255 3618 1322 τῆς
3647 1254 3996 1322 ἀγαῡὸτητκ

2398 1345 2564 1400 αὑτοῦ
2589 1346 2678 1399 διὰ
2707 1347 3013 1401 σπουδαίων
3040 1347 3329 1416 πράξεων;
3357 1347 3491 1400 ἀλλὰ
3520 1349 3728 1416 χείρων
3763 1348 3861 1398 καὶ
3888 1345 3996 1396 τῷν

2399 1438 2644 1508 φυσικῶν
2682 1439 2974 1508 ἐνεργειῶν
3017 1440 3112 1491 καὶ
3153 1439 3264 1490 τῶν
3294 1439 3590 1506 γνωμικῶν
3621 1439 3996 1505 ἐπιτηδευμα-

2397 1547 2506 1583 των
2537 1531 2595 1582 ἐν
2623 1533 2736 1593 τοῖς
2767 1531 2948 1594 ἄλλοις
2978 1531 3210 1601 εὑρίσκῃ
3254 1531 3344 1583 διὰ
3372 1531 3571 1599 πολλὴν
3605 1530 3898 1582 ἀϐουλίαν.
3939 1529 3994 1580 ΕΞ

2402 1621 2478 1692 μὴ
2504 1625 2610 1693 γὰρ
2634 1621 2961 1676 ἀποϐλέπων
2987 1622 3125 1692 πρὸς
3149 1624 3240 1675 τὸν
3261 1621 3504 1674 τοιοῦτον
3531 1622 3738 1672 σκοπὸν
3773 1623 3803 1672 ὁ
3837 1621 3994 1686 διξὸς

2411 1715 2844 1788 Ἐκκλησιαστὴς
2883 1711 3005 1767 εἷπε
3050 1715 3118 1768 τά
3147 1713 3433 1783 εἰρημένα,
3480 1714 3660 1782 μάτην
3691 1713 3871 1763 ταῦτα
3905 1712 3992 1763 γαὶ

2400 1809 2672 1878 περιττῶς
2701 1803 2874 1872 εἶπεν,
2906 1807 3045 1875 ὅπερ
3071 1807 3312 1868 ἅπαντες
3344 1808 3516 1858 ἴσασι.
3567 1806 3677 1856 Καὶ
3707 1805 3805 1854 τὴν
3835 1806 3990 1854 trix-3v

2402 1900 2511 1967 γάρ
2571 1900 2664 1952 καὶ
2724 1899 2954 1952 θάνατον
3005 1899 3180 1961 οὐδεὶς
3225 1899 3412 1965 ἀγνοεῖ
3453 1897 3562 1949 τῶν
3600 1896 3992 1966 μετασχόντων

2400 1991 2492 2045 τοῦ
2521 1991 2660 2062 βίου,
2691 1991 2883 2062 καιρὸν
2906 1992 3036 2044 ῐδιον
3071 1991 3216 2060 ἔχειν
3236 2007 3249 2019 ·
3275 1991 3412 2044 ἀλλὰ
3444 1989 3582 2058 πρὸς
3616 1989 3852 2055 ἔλεγχον
3887 1988 3992 2037 τιῖν

2399 2084 2488 2136 ἀεὶ
2546 2085 2610 2153 τῇ
2667 2082 2902 2152 δυσωδίᾳ
2974 2083 3076 2151 τῆς
3135 2082 3414 2152 ἁμαρτίας
3474 2080 3988 2148 ἐγκαλινδουμὲτιευ

2399 2174 2620 2241 ἀθλίως,
2657 2175 2928 2246 ἐχρήσατο
2959 2177 3070 2237 τοῖς
3099 2174 3362 2237 τοιούτοις
3395 2176 3602 2243 ῥητοῖς.

2483 2354 2540 2406 '0
2577 2353 2760 2424 μέντοι
2790 2351 3216 2425 γλαφυρώτερος
3263 2353 3387 2415 νοῦς
3432 2353 3526 2406 καὶ
3564 2352 3986 2421 λαμϐανόμενος

2398 2444 2758 2512 ἀναγωγικῶς
2801 2443 2910 2496 τῶν
2955 2443 3264 2514 εἰρημένων
3298 2443 3540 2503 τοιοῦτός
3571 2444 3689 2494 ἐστι
3716 2459 3730 2471 ο
3780 2442 3984 2508 Καιρὸε

2397 2537 2545 2588 ἐστιν
2583 2536 2714 2597 ἰδιος
2758 2534 2852 2588 τοῦ
2906 2533 3189 2587 συλλαϐεῖν
3241 2536 3298 2586 ἐν
3351 2535 3570 2604 γαστρὶ,
3621 2534 3871 2601 δηλονότι
3929 2534 3981 2599 τῇ

2397 2630 2584 2699 νοητῇ,
2613 2627 2776 2696 φόϐον
2802 2628 2962 2690 Θεοῦ,
2989 2627 3086 2681 καὶ
3114 2631 3294 2680 τεκεῖν
3321 2628 3551 2699 πράξεις
3582 2628 3808 2692 ἀγάπης
3837 2625 3985 2683 θείας

2401 2721 2763 2790 σημαντικὰς,
2829 2720 3014 2783 καθώς
3066 2738 3234 2790 φησιν
3289 2722 3317 2772 6
3378 2721 3666 2789 προφήτης
3713 2719 3981 2778 Ἡσαΐας·

2405 2828 2423 2860 ι
2453 2810 2576 2863 Ὅτι
2607 2811 2664 2862 ἐν
2697 2811 2898 2882 γαστρὶ
2923 2810 3194 2880 ἐλάϐομεν
3231 2812 3321 2865 καὶ
3349 2811 3694 2880 ὠδινήσαμεν
3739 2810 3832 2860 καὶ
3868 2808 3986 2860 ἐτέ-

2399 2919 2568 2972 κομεν
2625 2901 2843 2972 πνεῦμα
2893 2903 3192 2973 σωτηρίας,
3249 2903 3278 2955 δ
3339 2906 3655 2971 ἐκυήσαμεν
3720 2903 3818 2953 ἐπὶ
3886 2900 3982 2967 τῆς

2399 2992 2503 3062 γῆς
2529 3009 2543 3024 ο
2583 3011 2602 3043 ι
2639 2991 2931 3046 κάντεῦθεν
2957 2992 3267 3055 ἀκολούθως
3293 2993 3350 3044 ἐν
3384 2993 3500 3061 ἰδίῳ
3528 2990 3704 3060 καιρῷ
3737 2989 3984 3042 θανατῶ-

2402 3101 2491 3136 σαι
2522 3084 2582 3136 τὺ
2617 3084 2874 3153 φρόνημα
2908 3085 3009 3153 τῆς
3045 3084 3268 3153 σαρκὸς,
3301 3084 3396 3136 καὶ
3427 3083 3705 3152 νεκρῶσαι
3744 3084 3816 3134 τα
3849 3083 3985 3149 μέλη

2324 3213 2366 3270 C
2398 3176 2469 3227 τά
2498 3175 2590 3226 ἐπί
2617 3175 2712 3243 τῆς
2741 3175 2864 3243 γῆς.
2897 3174 3105 3244 Καιρός
3142 3176 3290 3226 ἐστιν
3319 3174 3448 3236 rem;
3553 3176 3657 3236 τᾶς
3692 3175 3719 3225 6
3754 3173 3984 3228 ωιλὸκαο

2401 3265 2490 3318 λον
2523 3265 2616 3317 καὶ
2649 3265 2941 3318 σπουδαίαν
2969 3265 3108 3334 ἔχων
3135 3266 3454 3335 προαίρεσιν
3493 3266 3716 3331 φυτεύει
3758 3264 3839 3332 τῷ
3875 3264 3980 3317 1::-

2405 3354 2541 3423 μῶνι
2573 3355 2670 3422 τῆς
2701 3355 2926 3424 καρδίας
2955 3354 3024 3406 τὰ
3047 3355 3363 3406 παντοῖαπὰ
3397 3356 3541 3419 φυτὰ
3570 3354 3678 3404 τῶν
3707 3355 3835 3405 κατ’
3864 3369 3989 3422 αρε-

2399 3446 2497 3517 τὴν
2528 3445 3110 3516 παραλαμϐανομένων
3157 3446 3636 3514 κατορθωμάτων·
3675 3447 3770 3497 καὶ
3827 3447 3927 3497 παὶ
3943 3465 3988 3496 ιν

2399 3539 2458 3591 ἐν
2499 3539 2614 3608 ἰδίῳ
2653 3537 2832 3608 καιρῷ
2876 3539 3094 3608 τίθησιν
3142 3538 3230 3590 ἐπ’
3261 3539 3446 3599 αὐτοῖς
3501 3538 3599 3606 τὴν
3647 3539 3988 3607 κατάλληλον

2402 3629 2635 3694 παῦλαν,
2660 3631 2755 3683 καὶ
2777 3629 2874 3699 τὴν
2904 3629 3053 3695 σφῶν
3088 3629 3326 3681 ἐκτίλλει
3350 3629 3672 3698 προσφόρως
3703 3630 3989 3695 ἐνέργειαν

2402 3722 2497 3773 καί
2551 3720 2770 3791 πρᾶξιν,
2803 3721 2878 3782 ὡς
2917 3721 3225 3772 ἀνάπαυσιν
3273 3723 3338 3789 τῇ
3372 3719 3531 3787 φύσει
3573 3720 3772 3781 διδοὺς,
3811 3721 3902 3772 διὰ
3934 3722 3989 3771 ’δ

2409 3814 2671 3884 μηδαμῶς
2719 3813 2926 3882 ἰσχύειν
2979 3813 3338 3866 συντετάσθαι
3391 3814 3511 3874 ταῖς
3568 3817 3989 3883 προαιρετικαῖς

2405 3904 2540 3974 πρὸς
2591 3903 2653 3956 τὸ
2705 3903 2908 3971 ἀγαθὸν
2957 3903 3178 3970 ἐφέσεσι
3241 3904 3333 3954 καὶ
3395 3902 3741 3976 βουλήσεσιν.
3799 3902 3988 3963 Οὕτως

2403 3998 2562 4069 ἡμεῖς
2582 3996 2650 4049 τὰ
2669 3997 2915 4064 παρόντα
2940 3996 3078 4064 ῥητὰ
3101 3994 3339 4050 νοεῖσθαι
3366 3995 3545 4056 καλῶς
3576 3993 3985 4061 ὑπειλήφαμεν,

2401 4089 2642 4160 δηλονότι
2693 4088 2788 4144 καὶ
2835 4087 2975 4140 κατά
3034 4087 3270 4155 φυσικὴν
3327 4085 3650 4139 ἀκολουθίαν
3701 4087 3797 4137 καὶ
3853 4086 3989 4136 κατᾶ

2401 4182 2494 4234 τὸν
2549 4178 2844 4247 ἀναγωγῆς
2894 4177 3072 4244 λόγον.
3130 4177 3479 4247 Παρεμπεδοῖ
3532 4177 3586 4228 δὲ
3636 4175 3736 4246 τὴν
3789 4178 3990 4245 ἡμετέο

2406 4291 2502 4342 ραν
2563 4271 2786 4340 ἐκδοχὴν
2831 4269 2921 4323 διὰ
2971 4269 3079 4322 τῶν
3127 4269 3443 4341 ἑπομένων·
3481 4270 3678 4334 ἐπάγει
3736 4273 3849 4338 γὰρ
3902 4269 3989 4320 καί

2404 4383 2558 4438 φησι·

2308 4573 2442 4643 §ltl.

799 4700 964 4754 Vens.
1008 4699 1098 4751 30.
1144 4697 1544 4766 Tempestivitas
1591 4702 1883 4763 occidenJi,
1929 4714 1977 4756 et
2030 4709 2286 4774 tempesti.

2469 4711 2686 4778 Καιρύς
2743 4709 2849 4763 τοῦ
2909 4708 3279 4773 ἀποκτεῖναι,
3335 4707 3435 4760 καὶ
3494 4705 3703 4773 καιρὸς
3747 4705 3860 4758 τοῦ
3911 4706 3990 4757 id-

721 4791 854 4842 vitas
884 4790 1132 4843 sanandi.

795 4881 931 4936 Nam
972 4883 1018 4937 si
1064 4885 1232 4938 alium
1262 4885 1547 4940 occidendi
1588 4888 1737 4941 nulla
1775 4903 2014 4956 unquam
2043 4899 2127 4944 est
2158 4899 2295 4945 tem-

726 4977 1033 5046 pestivitas,
1069 4979 1212 5046 quod
1250 4980 1520 5033 actionem
1555 4981 1828 5048 ejusmodi
1863 4982 2009 5036 Deus
2037 4983 2292 5049 vetuerit,

720 5085 785 5121 ac
821 5068 1082 5123 detestari
1114 5071 1347 5141 quisque
1379 5082 1434 5126 et
1464 5073 1646 5127 odisse
1679 5074 1904 5139 debeat;
1957 5075 2126 5144 liquet
2153 5075 2290 5144 jam,

2405 4803 2651 4854 σασθαι.

2474 4892 2537 4944 Εἰ
2566 4890 2675 4958 γὰρ
2699 4888 2872 4951 οὐδεὶς
2907 4887 3096 4957 καιρὸς
3135 4887 3380 4956 πέφυκεν
3412 4883 3722 4954 ἐπιτήδειος
3757 4885 3901 4954 πρὸς
3937 4883 3992 4934 τὸ

2401 4980 2722 5035 ἀποκτεῖναί
2747 4998 2888 5042 τινα,
2917 4979 3017 5047 τῆς
3045 4977 3301 5047 τοιαύτης
3327 4977 3577 5046 πράξεως
3603 4976 3992 5044 ἀπηγορευ

2399 5090 2497 5143 νης
2525 5072 2730 5135 θεόθεν,
2757 5073 2850 5123 καὶ
2876 5073 3042 5123 πᾶσιν
3067 5071 3410 5131 ἁπευκταέας
3434 5068 3529 5120 καὶ
3565 5068 3872 5135 στυγητῆς,
3907 5067 3990 5117 εὖ-

724 5159 829 5229 73
862 5161 930 5214 ab
967 5161 1084 5230 ipso
1117 5163 1363 5230 sapiente
1405 5162 1739 5218 Ecclesiaste
1777 5180 1968 5220 ansam
2012 5166 2104 5220 hic
2136 5167 2294 5222 nobis

2399 5164 2574 5234 δηλον,
2603 5164 2677 5226 ὡς
2711 5161 3072 5231 ἀναγωγικῶς
3104 5161 3322 5212 δίδωσιν
3354 5161 3488 5229 ἡμῖν
3522 5160 3724 5210 ἐννοεῖν
3759 5159 3788 5209 6
3825 5158 3986 5222 σοεδς

726 5253 953 5322 przeberi
1014 5255 1369 5323 mysticarum
1431 5259 1997 5324 eommentationum,
2055 5274 2180 5313 enm
2241 5267 2298 5314 et

2068 5366 2299 5420 eamque
2393 5348 2422 5400 6
2454 5346 2552 5416 ζῇν
2585 5346 2781 5400 ἐθέλων
2819 5345 3228 5414 πνευματικῶς,
3267 5344 3334 5397 τὰ
3367 5343 3607 5415 σαρκικά
3652 5343 3983 5409 φρονήματα

723 5344 1012 5398 occidendi
1072 5347 1552 5415 tempestivitatem
1627 5364 1749 5403 esse
1823 5350 2016 5404 dicit:

721 5452 883 5501 esse,
930 5435 985 5490 in
1023 5452 1130 5507 qua
1170 5439 1263 5507 qui
1313 5441 1478 5494 vitam
1529 5457 1692 5509 agere
1739 5443 2076 5512 spiritualeni
2115 5443 2296 5513 cupit,

725 5527 983 5584 obscenis
1035 5529 1430 5596 cupiditatibus
1477 5533 1772 5602 pravisque
1828 5534 2165 5602 voluptatum
2211 5533 2291 5586 at-

2407 5255 2836 5324 Ἐκκλησιαστὴς
2867 5255 2958 5306 τοῦ
2993 5256 3314 5306 ἀποκτεῖναι
3341 5252 3432 5304 τὸν
3465 5250 3677 5320 καιρὸν,
3710 5252 3770 5301 ὲν
3803 5243 3846 5315 ᾧ
3883 5251 3984 5307 πᾶς

2395 5440 2489 5492 καὶ
2534 5440 2630 5502 τὰς
2666 5440 2981 5509 φιληδόνους
3014 5441 3110 5509 τῆς
3143 5438 3414 5508 ἁμαρτίας
3452 5436 3783 5495 ἀποκτείνας
3830 5435 3981 5500 κινή-

2402 5548 2536 5596 σεις,
2564 5532 2830 5601 λαμϐάνει
2861 5532 3170 5601 πρόσφορον
3219 5529 3412 5599 καιρὸν
3458 5525 3715 5580 ἰάσασθαι
3757 5525 3827 5577 τὰ
3855 5540 3981 5575 συν-

799 5751 912 5825 (Η)
943 5751 1092 5825 Isaia;
1119 5766 1266 5812 xxvi.
1299 5753 1383 5815 18,
1409 5753 1500 5808 sed
1533 5753 1672 5823 apud
1700 5751 1838 5807 LXX
1876 5754 2200 5822 legimus...
2226 5755 2292 5806 Σο

2399 5753 2505 5815 aia;
2540 5771 2652 5817 σου,
2673 5754 2698 5804 ὃ
2722 5754 3068 5823 ἐποιήσαμεν
3099 5752 3189 5804 ἐπὶ
3210 5749 3305 5821 τῆς
3337 5753 3457 5820 γῆς.
3488 5749 3678 5803 Latina
3703 5761 3832 5801 vero
3864 5761 3978 5799 ma-

720 5822 804 5892 gis
838 5821 998 5875 etiam
1031 5822 1361 5890 discrepant.
