4192 6436
223 368 331 437 853

1276 381 1354 443 1N
1414 382 1996 448 ECCLESlAS’l‘EN.
2032 414 2111 425 ——
2144 390 2295 451 LIB.
2334 389 2449 452 Ill.

3390 386 3497 455 851.

226 486 342 547 ταῖς
405 484 771 557 εὐφροσύναις
831 487 924 542 καὶ
997 490 1320 562 θυμηδίαις·
1389 496 1599 564 μήποτε
1688 495 1799 549 τῶν

1943 500 1995 554 ui
2023 501 2280 557 virtutem
2324 493 2669 570 proﬁtentur,
2725 500 2932 555 hortari
2956 501 3174 571 sapiens
3226 501 3497 560 Ecclesia-

221 576 482 629 τοιούτων
511 578 831 650 ὑπερϐολῶν
872 581 1173 652 ἀπέχεσθαι
1219 585 1344 649 τοὺς
1414 586 1619 656 ἀρετῆς
1677 587 1804 640 ἀντ-

1908 600 2019 647 stes
2048 592 2319 657 videatur,
2357 594 2494 647 lines
2527 599 2584 645 ut
2638 602 2877 658 servent,
2939 594 3234 664 ipsumque
3288 595 3495 652 luctum

224 669 521 739 εχομένους
564 671 593 724 ό
651 672 815 741 σοφὸς
851 672 1286 745 Ἐκκλησιαστὴς
1339 678 1685 747 είσηγεῖται,
1711 677 1807 731 καὶ

1935 693 2071 755 tque
2100 685 2350 741 laetitiam
2379 700 2505 740 cum
2536 684 2802 754 dignitate
2836 702 2944 756 prae
2970 702 3031 742 se
3054 676 3495 757 "lerant?Ne:|ue

225 765 368 819 κοιτά
396 766 457 819 τὸ
488 767 699 839 πρέπον
728 769 821 822 καὶ
855 768 948 823 τὸν
995 771 1229 824 κοπετὸν
1278 771 1684 827 ἐπιδείκνυσθαι
1714 773 1809 826 καὶ

1935 776 2055 830 ειὶιιι
2076 776 2130 830 in
2160 784 2244 831 tot
2262 776 2423 843 hujus
2450 776 2577 831 vitae
2596 777 2993 832 tentationibus
3010 779 3220 833 doloris
3245 788 3497 849 expertes

224 857 324 929 τὴν
346 859 706 929 ἀγαλλίασιν;
741 862 880 917 Ούτε
907 862 1015 935 γὰρ
1048 862 1368 934 ἀναλγήτως
1394 864 1571 935 πάντη
1604 864 1812 919 διακεῖ-

227 952 355 1005 σθαι
407 954 502 1006 καὶ
539 954 821 1025 διαμένειν
860 957 918 1008 ὲν
950 959 1066 1020 τοῖς
1116 957 1392 1026 βιωτικοῖς
1430 956 1812 1027 πειρατηρίοις

226 1044 521 1113 ὀφείλομεν
542 1062 556 1076 σ
591 1046 710 1098 ἀλλ’
741 1048 791 1099 εἰ
836 1048 911 1117 μὴ
955 1048 1023 1101 δι’
1049 1050 1312 1112 ἑαυτοὺς,
1337 1047 1427 1101 διὰ
1470 1048 1565 1109 τὰς
1602 1063 1813 1117 συμφο-

232 1140 331 1207 ράς
358 1138 468 1190 τῶν
503 1138 670 1202 πέλας
704 1139 1092 1193 συνοδύνεσθαι
1134 1142 1230 1195 καὶ
1275 1139 1656 1193 συνθλίὸεσθαι
1686 1139 1813 1193 τού-

228 1248 341 1293 τοις
369 1230 567 1301 χρεὼν,
600 1234 696 1286 καὶ
714 1234 881 1286 πάλιν
906 1236 964 1285 ὲν
994 1236 1119 1295 ταῖς
1137 1233 1470 1305 εὐημερίαις
1511 1232 1814 1301 γάννυσθαι

230 1324 327 1377 καὶ
362 1325 680 1395 συγχαίρειν
737 1327 944 1389 αὐτοῖς.
981 1325 1137 1379 Οὕτω
1162 1326 1271 1396 γὰρ
1314 1327 1416 1395 τῆς
1445 1325 1817 1395 ἀποστολικῆς

236 1415 523 1485 ὑποθήκης
558 1416 973 1486 φυλαχθήσεται
1016 1417 1111 1470 καὶ
1153 1417 1284 1486 παρ’
1312 1416 1471 1486 ήμῶν
1496 1419 1523 1470 ὁ
1547 1416 1774 1485 φάσκων
1800 1431 1815 1447 ο

241 1526 259 1559 ι
294 1508 522 1561 κλαίειν
553 1508 691 1578 μετὰ
720 1508 1040 1572 κλαιόντων,
1072 1508 1167 1562 καὶ
1198 1509 1411 1581 χαίρειν
1433 1508 1572 1579 μετά
1600 1507 1819 1578 χαιρόν-

231 1616 341 1652 των
365 1615 377 1627 ·
411 1617 430 1650 ›
463 1600 549 1653 ’να
592 1598 667 1671 μὴ
708 1602 801 1654 καὶ
850 1600 949 1669 τῆς
1004 1600 1370 1671 εύαγγελικῆς
1440 1598 1757 1670 παραὸολῆς
1790 1598 1819 1649 ό

232 1690 393 1758 λόγος
438 1690 854 1762 καθαπτόμενος
912 1692 1070 1763 ἡμῶν
1113 1693 1207 1744 καὶ
1234 1691 1665 1759 καταγινώσκων
1721 1691 1819 1759 ρη-

234 1781 354 1852 θείη
378 1781 515 1853 πρὸς
550 1784 720 1853 ἡμᾶς,
747 1801 767 1834 ι
805 1782 1123 1853 Ηύλίσαμεν
1157 1784 1309 1854 ὑμῖν,
1354 1784 1447 1836 καὶ
1485 1783 1586 1835 ούκ
1634 1781 1819 1852 ὠρχή-

1913 881 2013 920 nos
2062 882 2184 922 esse
2234 876 2451 936 oportet
2490 870 2627 940 :qui
2659 869 2705 923 si
2768 869 2952 923 minus
3004 878 3190 924 nostra
3248 871 3495 940 ipsorum

1913 971 2102 1021 causa,
2132 967 2186 1011 at
2217 971 2367 1014 certe
2398 961 2467 1014 ob
2493 961 2875 1029 proximorum
2911 958 3254 1015 calamitates
3312 962 3499 1015 dolere

1914 1065 2038 1103 eunt
2070 1052 2156 1105 his
2184 1054 2422 1122 angique
2449 1053 2718 1109 debemus
2756 1076 2766 1108 :
2800 1053 3272 1123 quemadmodum
3334 1061 3389 1107 et
3443 1055 3496 1107 in

1915 1144 2169 1198 secundis
2205 1147 2368 1200 rebus
2403 1146 2573 1200 λειω-ι
2635 1160 2761 1199 eum
2812 1146 2945 1215 ipsis
2998 1153 3053 1200 et
3112 1145 3349 1215 gaudere
3400 1161 3499 1201 nos

1916 1236 2206 1301 convenit;
2244 1246 2302 1290 ut
2340 1238 2488 1291 illam
2524 1238 2775 1306 Apostoli
2816 1238 3062 1306 regulam
3118 1253 3221 1293 nos
3277 1252 3501 1308 quoque

1917 1340 2222 1389 servemus,
2272 1343 2380 1397 qua
2443 1329 2742 1383 educentur
2795 1347 2813 1381 t
2856 1328 2989 1382 ﬂere
3031 1344 3157 1382 Ctttll
3218 1328 3498 1391 ﬂentibus,

1916 1426 1969 1472 et
1996 1418 2236 1488 gaudere
2259 1434 2383 1473 cum
2418 1421 2785 1490 gaudentibus
2822 1418 2937 1493 (16)
2967 1437 2980 1484 ;
3023 1440 3040 1472 ι
3077 1436 3141 1473 ac
3169 1436 3239 1475 tte
3306 1421 3502 1474 adver-

1920 1525 2016 1564 sus
2043 1524 2141 1563 nos
2171 1509 2315 1564 dicta
2382 1512 2639 1567 ferantur
2705 1514 2793 1567 illa
2852 1513 3182 1583 evangelicae
3231 1513 3505 1582 parabolae

1922 1601 2083 1654 verba
2114 1618 2127 1653 :
2171 1620 2188 1652 ι
2230 1600 2588 1658 Cantavitnus
2620 1605 2772 1659 vobis
2804 1605 2915 1677 76
2966 1604 3134 1669 tibiis,
3176 1613 3229 1658 et
3258 1620 3366 1659 non
3393 1605 3502 1659 sal-

1922 1693 2112 1758 tastis;
2156 1692 2436 1746 lamentati
2464 1706 2675 1757 sumus,
2708 1706 2762 1749 et
2794 1712 2901 1749 non
2930 1695 3186 1763 plorastis
3212 1694 3256 1727 δ’
3284 1715 3298 1761 ;
3332 1715 3349 1746 ι
3383 1712 3504 1763 qua:

1922 1799 1989 1837 eo
2017 1784 2310 1853 pertinent,
2346 1793 2401 1837 ut
2424 1784 2705 1853 praeduros
2725 1788 2960 1849 animos,
2994 1790 3086 1856 qui
3116 1802 3293 1858 neque
3324 1788 3505 1841 alieno

237 1848 447 1928 σασθελ
480 1848 863 1947 ὲθρνῆνήσαμεν
894 1848 1045 1945 ὑμῖν,
1081 1874 1174 1927 καὶ
1197 1848 1300 1928 οὐκ
1330 1873 1630 1944 ἐκόψασθε,

1935 1877 2072 1925 luctu
2113 1873 2413 1942 quidquam
2440 1882 2534 1927 aut
2584 1891 2821 1931 maerore
2853 1886 3298 1943 commoventur,
3329 1890 3506 1945 neque

238 1964 652 2035 ἀπεσκληκυίας
708 1964 937 2035 καρδίας
977 1965 1073 2018 κοιλΙ
1125 1964 1394 2037 μηδαμῶς
1433 1966 1546 2026 τοῖς
1589 1963 1817 2033 ἀλγοῦσι

238 2059 333 2111 καὶ
378 2056 743 2130 λυπουμένοις
784 2056 1238 2129 συλλυπουμένας
1286 2058 1380 2111 καὶ
1422 2056 1813 2126 συναλγούσας,

1926 1964 2118 2021 faustis
2170 1967 2554 2037 quadantenus
2596 1970 2989 2040 prosperisque
3048 1970 3279 2025 fratrum
3337 1979 3506 2040 atque

1926 2060 2226 2113 amicorum
2289 2059 2457 2114 rebus
2516 2062 2837 2116 consociare
2886 2063 3127 2117 laetitiam
3183 2062 3381 2130 solent,
3436 2061 3506 2117 ad

241 2151 381 2221 μήτε
413 2152 526 2213 τοῖς
550 2149 694 2204 κατά
741 2167 861 2205 τινα
900 2150 1103 2221 τρόπον
1158 2148 1524 2219 εύημεροῠσιν
1566 2147 1816 2214 ἀδελφοῖς

1935 2162 2096 2206 nstos
2137 2149 2367 2207 allectus
2406 2151 2702 2207 deducant.
2735 2152 2826 2209 Ait
2860 2152 3059 2209 deinde
3097 2172 3110 2209 :

237 2242 330 2295 καὶ
351 2242 527 2311 φίλοις
553 2240 958 2312 συγχαιρούσας
978 2243 1070 2295 καὶ
1098 2239 1653 2311 συνευφραινομένας,
1677 2238 1812 2309 πρὸς

236 2333 339 2396 τάς
405 2332 720 2404 πρεπούσας
777 2332 1046 2397 διαθέσεις
1116 2330 1612 2404 ἐπανορθούμενος.
1663 2327 1797 2384 Εἶτά
1834 2346 1995 2400 φησιν
2026 2347 2039 2360 ·

1788 2423 1815 2496 §
1853 2424 1938 2482 Vl.

238 2523 458 2593 Katpdc
500 2523 606 2580 τοῦ
638 2523 864 2589 βαλεῖν
913 2524 1144 2589 λίθους,
1176 2522 1273 2577 καὶ
1302 2520 1506 2591 καιρὸς
1536 2521 1643 2576 τοῦ
1665 2536 1805 2575 συν-

789 2620 1037 2687 αγαγεῖν
1064 2618 1297 2682 λίθους.

316 2704 487 2779 Οἶμαι
512 2710 694 2774 λίθους
719 2710 956 2764 ἐνταῦθα
992 2710 1178 2763 καλεῖν
1222 2711 1349 2771 τοὺς
1374 2708 1701 2768 ἀντιτύπους
1728 2710 1823 2760 καὶ

246 2802 523 2873 σκληροὺς
554 2803 768 2873 λόγους,
795 2802 887 2866 οὒς
925 2803 1009 2857 δεῖ
1056 2802 1271 2873 βάλλειν
1311 2800 1452 2855 κατά
1481 2800 1591 2852 τῶν
1622 2814 1812 2870 φρονη-

248 2896 437 2964 μάτων
489 2898 585 2949 καὶ
638 2896 1020 2967 προαιρέσεων
1067 2894 1175 2947 τῶν
1205 2892 1413 2947 δεῖσθαι
1438 2893 1548 2945 τῶν
1574 2890 1829 2943 τοιούτων

1989 2520 2159 2576 Vens.
2193 2522 2245 2576 5.
2285 2520 2685 2592 Tempestivilas
2717 2525 2955 2593 jaciemli
2990 2524 3216 2595 lapides,
3267 2535 3314 2579 et
3378 2535 3510 2580 tem-

1920 2614 2187 2683 pestivitas
2220 2615 2502 2682 colligendi
2536 2616 2761 2684 lapides.

1997 2705 2227 2773 Lapides
2268 2706 2371 2759 hoc
2435 2707 2555 2761 loco
2617 2708 2877 2777 appellari
2939 2709 3179 2762 arbitror
3223 2723 3380 2763 acres
3442 2724 3505 2762 at:

1927 2798 2093 2855 duros
2156 2812 2462 2862 sermones,
2526 2815 2667 2868 quos
2709 2799 2895 2869 jacere
2946 2810 3197 2872 oporteat
3246 2801 3513 2854 adversus

1931 2890 2292 2958 cogitationes
2322 2896 2484 2957 atque
2536 2892 2764 2945 consilia
2822 2907 3011 2947 eorum
3070 2893 3166 2963 qtti
3211 2906 3371 2963 egere
3427 2891 3513 2944 his

247 2987 680 3057 ὑπειλημμένων
702 3004 725 3017 ἠ
755 2989 850 3040 καὶ
913 2987 1077 3039 πάλιν
1122 2984 1437 3039 ἀναστεῖλαι
1497 2981 1721 3044 τούτους
1767 2984 1826 3034 ὲκ

1935 2988 2233 3050 putantur;
2276 2988 2330 3033 et
2373 2994 2513 3048 quos
2573 2982 2855 3036 continere
2903 2984 3031 3037 item
3088 2992 3330 3053 praestat,
3386 2998 3512 3037 eum

244 3077 358 3131 τῶν
392 3077 677 3143 τοιούτων,
717 3078 847 3132 ὅταν
879 3079 978 3147 τῆς
1012 3078 1237 3130 ἐκείνων
1268 3074 1559 3137 αὐθαδείας
1575 3087 1824 3143 καταμα-

246 3170 624 3239 λακισθείσης,
683 3171 778 3224 καὶ
836 3171 937 3240 τῆς
999 3168 1316 3240 ἀγερωχίας
1359 3165 1823 3235 καταδληθείσης,

243 3262 461 3315 δέονται
520 3264 684 3314 πάλιν
736 3263 874 3332 πρὸς
926 3260 1289 3331 ψυχαγωγίαν
1339 3256 1702 3328 ἡμερωτέρας
1734 3254 1828 3307 καὶ

247 3352 563 3424 πραοτέρας
592 3352 945 3414 διδασκαλίας
969 3366 982 3381 ο
1022 3353 1110 3404 ἵνα
1141 3352 1216 3420 μὴ
1239 3350 1319 3420 τῷ
1342 3349 1522 3419 πολλῷ
1555 3349 1709 3417 βάρει
1731 3347 1830 3418 τῆς

248 3445 601 3515 ὲπιπλήξεως
634 3444 668 3514 ἢ
712 3446 779 3514 τῇ
809 3442 958 3515 λύπῃ
1006 3441 1411 3501 καταποθῶσιν,
1443 3439 1476 3509 ἦ
1507 3440 1647 3509 πρὸς
1667 3438 1829 3507 χαλε-

248 3536 511 3606 πωτέραν
534 3535 776 3605 ἀρθῶσιν
807 3535 1119 3587 αὐθάδειαν.
1150 3532 1307 3585 Οὕτω
1350 3532 1410 3584 τὸ
1454 3532 1629 3601 παρὸν
1669 3531 1831 3601 ῥητὸν

248 3632 443 3697 νοῆσαι
470 3630 564 3680 καὶ
586 3627 923 3696 διασαφῆσαι
950 3624 1309 3694 προήχθημεν
1332 3640 1344 3653 ο
1379 3623 1554 3684 οὐδεὶς
1579 3624 1687 3691 γάρ
1712 3623 1825 3672 ἐστι

249 3721 445 3790 καιρὸς
469 3719 563 3772 τοῦ
596 3711 736 3771 κατά
764 3734 907 3780 τινος
940 3716 1122 3778 λίθους
1155 3714 1392 3786 βάλλειν.
1424 3716 1484 3767 El
1513 3714 1569 3766 δὲ
1609 3714 1703 3766 καὶ
1733 3713 1827 3780 γέ-

250 3810 416 3880 νηταί
446 3828 576 3863 ποτε
606 3809 699 3862 τοῦ
727 3808 945 3878 βάλλειν
978 3808 1163 3870 λίθους
1200 3806 1339 3859 κατά
1363 3806 1470 3858 τῶν
1499 3802 1623 3869 ἀξια
1658 3818 1830 3873 πρατ-

247 3905 461 3957 τόντων
520 3903 657 3973 ἔργα
702 3900 1262 3969 λιθοϐολευστήσεως,
1298 3896 1442 3949 κατά
1486 3896 1613 3959 τοὺς
1661 3896 1830 3950 πάλαι

255 3994 459 4063 νόμους
513 3992 608 4045 τοῦ
673 3991 1037 4060 θεοφάντορος
1102 3988 1406 4050 Μωῦσέως,
1438 3985 1553 4039 ἀλλ’
1581 3985 1833 4054 οὐδαμῶς

255 4083 675 4152 ἀκολουθήσεως
703 4081 890 4151 ἔχεται
922 4081 983 4132 τὸ
1012 4079 1348 4148 συναγαγεῖν
1381 4078 1508 4141 τοὺς
1526 4075 1713 4139 λίθους
1738 4071 1834 4129 αὖ·

256 4173 347 4239 θις
372 4175 437 4228 ὲκ
461 4173 570 4227 τῶν
592 4172 793 4227 αὐτῶν.
828 4168 960 4224 Εἶτά
988 4185 1172 4240 φησιν·

1938 3068 2236 3136 pertinacia
2269 3067 2584 3123 eorumdem
2622 3070 2883 3134 edomita,
2919 3075 3285 3143 depressaque
3314 3088 3514 3143 super-

1935 3162 2043 3223 bia,
2067 3161 2174 3231 jam
2210 3161 2378 3214 animi
2406 3162 2618 3217 solandi
2651 3180 2820 3221 causa
2856 3166 3287 3220 mansuetiorem
3320 3165 3510 3220 mitio-

1937 3267 2159 3322 remque
2192 3254 2501 3307 doetrinam
2540 3255 2827 3324 requirunt
2865 3274 2877 3310 :
2918 3272 2987 3310 ne
3037 3258 3204 3311 nimia
3255 3258 3516 3329 objurga-

1936 3346 2101 3399 tionis
2128 3346 2418 3399 severitate
2448 3356 2541 3401 aut
2571 3347 2776 3402 doloris
2808 3350 2856 3401 vi
2886 3360 3175 3413 corruant,
3232 3349 3316 3404 vel
3369 3348 3515 3419 dims-

1937 3437 2111 3490 ciliori
2141 3447 2430 3506 assurgant
2468 3439 2720 3493 audacia.
2760 3439 2851 3493 Sie
2886 3440 3106 3495 el'l’atnnt
3149 3443 3252 3496 hoc
3318 3441 3528 3513 intelli-_

1938 3541 2064 3597 gere
2096 3534 2258 3595 atque
2325 3528 2603 3603 explicare
2659 3546 2882 3584 necesse
2925 3531 3026 3585 fuit
3062 3550 3075 3586 :
3126 3533 3274 3586 nulla
3319 3534 3521 3602 quippe

1939 3622 2334 3689 tempestivitas
2367 3631 2474 3686 est,
2515 3640 2621 3693 qua
2653 3626 2821 3679 alium
2852 3627 3124 3694 lapidibus
3161 3636 3354 3697 petas;
3390 3642 3454 3681 ae
3473 3627 3519 3681 si

1938 3712 2039 3766 fuit
2070 3714 2225 3777 olim,
2255 3728 2361 3783 qua
2387 3713 2596 3783 lapides
2655 3716 2706 3769 in
2761 3732 2859 3773 eos
2924 3719 3261 3787 jacerentur,
3297 3719 3393 3788 qui
3432 3718 3520 3771 di-

1938 3820 2105 3874 gnum
2137 3805 2466 3874 lapidatione
2501 3806 2717 3862 facinus
2746 3819 3178 3879 perpetrassent,
3210 3820 3269 3864 ut
3314 3818 3524 3865 veteres

1942 3895 2178 3965 theologi
2213 3896 2412 3967 Moysis
2445 3897 2592 3969 leges
2636 3898 2886 3955 ferebant
2945 3902 3057 3971 (l7)
3092 3941 3106 3965 ,
3146 3903 3373 3957 minime
3442 3912 3523 3957 ta-

1947 4004 2065 4041 tnen
2091 4004 2152 4043 ea
2184 3990 2476 4058 qttadrant,
2510 4008 2632 4061 qua
2675 3994 2741 4049 de
2776 3994 3051 4063 lapidibus
3104 4011 3327 4050 rursum
3367 3996 3522 4049 colli-

1944 4078 2131 4150 gendis
2164 4081 2398 4137 subinde
2421 4082 2717 4139 adduntur.
2745 4086 3004 4141 Protinus
3030 4088 3109 4141 ait
3136 4105 3150 4140 :

1809 4263 1835 4334 ς
1880 4262 1989 4318 vn.

255 4388 479 4460 Καιρὸς
507 4390 616 4444 τοῦ
646 4389 1011 4457 περιλαϐεῖν,
1045 4388 1144 4443 καὶ
1188 4387 1393 4456 καιρὸς
1442 4387 1548 4440 τοῦ
1574 4401 1826 4455 μακρυν·

2018 4385 2125 4455 77
2158 4383 2323 4439 Vens.
2356 4384 2409 4438 6.
2437 4384 2833 4454 Tempestivitas
2893 4385 3255 4454 amplexandi,
3304 4396 3348 4438 et
3394 4394 3528 4438 tem-

649 4482 827 4551 θῆναι
858 4482 977 4537 ἀπὸ
1002 4480 1469 4551 περιλήμματος.

333 4594 378 4628 δ’
418 4594 584 4649 Matth
617 4611 695 4658 ιι,
732 4594 837 4661 l7;
876 4592 1013 4649 Luc.
1046 4609 1143 4659 vn,
1176 4592 1269 4647 52.

337 4706 448 4774 (l6)
484 4709 644 4762 Rom.
707 4723 823 4769 xu,
888 4706 976 4762 15.
1034 4704 1138 4759 Sed
1199 4704 1253 4758 itt
1307 4702 1509 4758 nostris
1574 4697 1839 4774 exemplis

263 4768 527 4848 scriptum
563 4787 667 4837 est,
695 4768 923 4848 Χαίρειν
970 4774 1110 4848 μετά
1144 4774 1475 4845 χαιρόντων,
1511 4773 1605 4825 καὶ
1633 4768 1839 4822 κλαίειν

268 4847 753 4922 μετά-κλαιόντων.

340 4918 453 4985 (17)
486 4917 888 4986 Supplieiorttm
912 4917 1054 4985 apttd
1084 4913 1362 4986 ,Hehraeos
1400 4922 1636 4986 quatuor
1672 4912 1842 4986 luisse

266 4975 503 5060 genera,
545 4975 770 5060 adnotat
810 4975 1041 5060 Drttsius
1072 4975 1160 5053 (ad
1192 4983 1362 5060 Levit.
1392 4975 1483 5045 ix,
1518 4983 1627 5060 lli),
1650 4984 1843 5060 suffo-

267 5054 563 5117 cationem.
596 5057 1057 5121 euntbustionem,
1086 5056 1524 5123 suspensionem,
1558 5054 1843 5122 lapidatio-

268 5146 429 5184 nem:
462 5127 798 5181 levissimum
843 5128 1035 5180 horum
1086 5125 1498 5195 sulIoeationem
1526 5166 1541 5190 ,
1589 5125 1845 5195 gravissi-

271 5215 423 5253 tnum
459 5198 839 5266 lapidationem
863 5238 875 5259 ,
913 5200 1096 5265 itaque
1138 5211 1262 5249 cum
1314 5194 1487 5248 sacris
1528 5196 1580 5247 in
1606 5194 1844 5249 Litteris

272 5268 540 5338 legimus:
579 5267 748 5320 Marte
789 5266 1122 5325 multabitur.
1143 5266 1209 5318 de
1246 5265 1603 5338 su_llocat'tune
1630 5279 1844 5319 sermo.

273 5334 399 5393 nent
432 5354 571 5398 esse,
617 5345 805 5391 contra
834 5353 956 5390 eum
1002 5338 1250 5390 additur:
1290 5334 1520 5403 Sanguis
1550 5334 1663 5400 eius
1689 5351 1847 5402 super

270 5424 415 5467 eum,
443 5408 825 5476 lapidationem
859 5408 1155 5475 designari.
1190 5406 1347 5460 Tales
1383 5414 1561 5459 autem
1598 5404 1845 5461 formula:

274 5489 568 5533 occurrent
601 5478 693 5530 tibi
723 5476 893 5529 Levit.
933 5495 1022 5535 xx,
1058 5488 1107 5531 et
1139 5476 1291 5531 Deut.
1322 5492 1456 5530 χχιι.

351 5550 422 5602 At
450 5548 681 5617 quaastio
707 5557 787 5601 est
809 5548 1143 5617 snlmhseura
1171 5548 1237 5600 tle
1264 5548 1630 5617 adulterarum
1660 5560 1841 5615 paena,

280 5619 427 5687 quod
468 5615 677 5687 'netnpe
730 5618 783 5671 in
830 5615 1060 5687 Jpannis
1124 5617 1412 5687 Evangt-ilio
1460 5616 1722 5685 scriptum
1775 5618 1846 5671 sit

1948 4475 2241 4541 pestivital,
2270 4492 2376 4546 qua
2413 4476 2598 4545 procul
2631 4477 2695 4529 ab
2742 4477 3073 4545 amplexibus
3128 4476 3340 4531 recedas
3378 4476 3520 4544 (l8).

1948 4705 2061 4771 tuta
2094 4698 2306 4767 legitur,
2342 4701 2436 4755 sed
2483 4702 2536 4754 in
2568 4716 2896 4764 novercam,
2933 4716 3055 4771 quae
3105 4715 3229 4755 cum
3274 4700 3528 4770 privigno

1945 4769 2344 4835 adulter-asset;
2378 4771 2505 4824 item
2534 4773 2588 4824 in
2627 4769 3052 4825 Dettteronomio
3082 4769 3347 4824 adversus
3364 4769 3529 4838 spon-

1950 4852 2063 4894 sam
2097 4848 2331 4904 tantutn,
2360 4856 2482 4909 qua:
2511 4842 2579 4895 ab
2626 4842 2805 4895 alieno
2843 4855 3159 4909 compressa
3206 4848 3385 4899 esset,
3424 4850 3526 4893 nec

1948 4922 2072 4961 cum
2098 4910 2205 4961 vim
2239 4909 2288 4961 ei
2332 4912 2543 4964 adulter
2576 4912 2791 4965 allerret
2814 4951 2827 4972 ,
2875 4912 3167 4965 clamasset
3196 4948 3209 4969 .
3254 4910 3525 4977 siquidem

1952 4978 2005 5030 in
2042 4979 2261 5032 civitate
2285 4991 2615 5051 versaretur.
2640 4982 2819 5047 Quare
2848 4981 3069 5051 qui-dam
3099 4980 3348 5051 arbitrati
3375 4988 3523 5039 sunt.

1951 5062 2263 5120 sermonem
2316 5052 2369 5103 in
2419 5050 2715 5120 Evangelio
2760 5048 2883 5105 esse
2942 5052 3009 5103 de
3066 5048 3312 5102 adultera
3342 5088 3355 5112 ,
3401 5062 3528 5117 qua:

1953 5133 2156 5186 sponsa
2190 5118 2474 5174 etiamtum
2511 5118 2688 5176 esset:
2744 5122 2835 5175 alii
2871 5137 2996 5174 vero
3039 5120 3315 5188 Evangelii
3364 5121 3527 5172 verba

1954 5193 2034 5259 sie
2064 5202 2185 5241 esse
2223 5191 2486 5259 sumenda
2512 5192 2827 5256 duxerunt,
2862 5190 3018 5259 quati
3071 5190 3276 5242 dictum
3341 5196 3528 5241 esset:

1956 5258 2127 5311 Moses
2170 5258 2300 5312 tales
2340 5261 2577 5329 principi!
2623 5272 2787 5313 morte
2844 5258 3059 5327 puniri,
3108 5275 3266 5327 quam
3309 5267 3532 5310 mortem

1952 5341 2247 5399 postremus
2293 5328 2417 5383 usus
2458 5332 2581 5398 fecit
2629 5331 3028 5399 lapidationem.
3076 5328 3345 5380 Nimirum
3392 5328 3534 5379 obti-

1955 5398 2142 5452 nnisse
2169 5414 2287 5456 Illos
2309 5402 2519 5454 videtur
2555 5398 2866 5471 aliquando,
2895 5411 2956 5454 ut
2976 5414 3021 5471 ra
3045 5400 3237 5471 lttltetja
3276 5399 3534 5471 quaelibet

1954 5484 2017 5522 ea
2053 5478 2228 5524 morte
2276 5471 2597 5525 alliceretnr.
2647 5465 2777 5525 {\am
2832 5470 3129 5524 Ezechielis
3172 5468 3275 5520 illa:
3332 5465 3532 5519 conﬁr-

1947 5550 2099 5611 mant
2125 5541 2306 5603 min-.2,
2341 5556 2458 5608 cap.
2499 5558 2607 5602 xvr,
2642 5557 2692 5593 v.
2718 5542 2819 5595 ὅδε
2859 5538 3200 5611 Etjudicabo
3235 5536 3525 5611 (ejudiciit

1947 5608 2312 5665 adulterarum
2337 5622 2384 5665 et
2413 5607 2797 5681 eﬂ'undentium
2830 5607 3234 5681 sanguinent_....
3265 5608 3328 5658 Et
3353 5607 3520 5681 adda-

283 5677 429 5759 (cap.
466 5704 583 5749 νιν,
614 5677 679 5742 ’ν.
716 5689 805 5759 5)7;
850 5685 917 5759 In
955 5688 1062 5758 lege
1094 5677 1302 5759 autem"
1318 5686 1523 5757 Moyses
1572 5677 1843 5742 inundavit
1946 5692 2060 5759 cent
2088 5699 2244 5755 super
2284 5692 2331 5736 te
2379 5677 2772 5737 multitudinem
2800 5723 2815 5746 ,
2860 5690 2909 5735 et
2937 5677 3264 5748 lapiddlmnt
3299 5688 3345 5731 te
3384 5677 3515 5743 lupi.

290 5753 439 5812 iwliis
483 5757 785 5827 hujusmadi
850 5753 1109 5827 lapidare.
1149 5761 1207 5813 1n
1251 5753 1491 5813 Levitico
1553 5769 1731 5812 autem
1780 5773 1843 5812 ea
1943 5753 2120 5827 άίάιβδο
2154 5753 2174 5827 ξ
2200 5822 2292 5827 ____
2331 5825 2339 5827 Α
2404 5826 2411 5827 ί
2576 5826 2579 5827 ν
2643 5825 2652 5827 _
3414 5769 3426 5782 ’

298 5844 455 5899 poem
480 5846 585 5885 non
616 5830 881 5885 adversus
922 5830 1197 5885 adulteras
1226 5844 1580 5901 quascunque
1634 5831 1839 5883 consti-

2019 5825 2129 5899 (18)
2156 5822 2299 5881 LXX
2330 5825 2528 5881 habent
2562 5825 2669 5879 ἀπὸ
2697 5820 3069 5893 περιλήψεως.
