4192 6436
231 405 333 471 ωλι

1284 419 1369 480 ΙΝ
1410 421 1987 486 ECCLESIASTEN.
2029 454 2097 463 —
2130 428 2275 487 LIB.
2311 429 2426 489 Ill.

3377 445 3481 505 869.

230 514 478 613 σκέψεων
505 516 626 613 παὶ-
771 518 1050 613 ἀντίληψιν
1094 525 1228 613 πρὸς
1274 527 1413 581 αὑτά
1451 531 1544 582 καὶ
1570 531 1667 601 τὴν
1695 550 1788 602 κηι

1900 544 2004 601 est,
2040 535 2091 589 in
2121 535 2524 603 sollicitudine;
2551 537 2643 605 qui
2674 538 2983 603 miseretur,
3004 542 3056 594 in
3084 543 3353 602 hilaritate
3371 554 3431 613 “,
3452 575 3468 603 ι

223 602 478 672 δεμονέαν
502 604 900 675 ὲπιδειξὼμεθα
933 609 1027 663 καὶ
1056 610 1156 681 τὴν
1188 614 1444 684 πρόνοιαν
1463 631 1476 644 ·
1510 636 1527 667 ι
1583 618 1639 671 Ὀ
1668 636 1800 689 προ-

224 694 519 765 ’ἱστάμενος
559 715 578 747 ι
619 695 749 770 γὰρ,
783 716 803 750 ι
845 701 902 751 ὲν
927 702 1153 771 σπουδῇ,
1186 703 1216 755 ὁ
1259 704 1460 772 ἐλεῶν,
1509 709 1566 761 ὲν
1615 709 1798 780 ἱλαρό-

222 804 368 858 τητι,
410 807 429 840 ι
468 790 603 857 φησι
656 806 760 842 που
801 790 1013 855 Παῦλος
1045 793 1075 846 ό
1101 792 1279 863 μέγας
1311 796 1629 863 ἀπόστολος.
1660 798 1792 855 Εἶτά

223 897 391 951 φησιν
428 880 883 954 Ἐκκλησιαστήςο

1907 625 2045 680 dixit
2090 626 2329 694 quodam
2378 625 2432 680 in
2480 627 2601 681 loco
2648 625 2853 686 Paulus
2900 643 3130 703 magnus
3176 641 3476 705 apostolus.

1907 718 2069 773 Addit
2095 718 2289 774 deinde
2316 716 2681 774 Ecclesiastes
2713 735 2727 773 :

1770 997 1919 1074 §XI.

290 1111 505 1179 Καιρός
544 1112 651 1167 τοῦ
680 1112 885 1182 σιγᾷν,
920 1114 1023 1169 και
1050 1117 1257 1183 καιρὸς
1282 1116 1391 1170 τοῦ
1417 1118 1651 1172 λαλεῖν.

290 1202 496 1267 Ταῦτα,
527 1203 588 1255 τὸ
621 1202 804 1272 σιγᾷν
837 1205 1081 1274 δηλονότι
1114 1207 1208 1258 καὶ
1240 1206 1300 1259 τὸ
1354 1209 1589 1272 λαλεῖν,
1656 1226 1791 1279 συμ·

220 1295 720 1362 περιλαμϐάνοντα
750 1298 844 1348 καὶ
875 1299 1465 1366 συμπεριέχονταιταῖς
1494 1299 1794 1370 διαιρέσεσι

219 1387 312 1437 καὶ
346 1389 464 1445 ni;
496 1385 906 1456 ἁπαριϐμήσεσι
934 1386 1041 1439 τῶν
1072 1389 1379 1458 εἰρημένων
1414 1391 1629 1446 ἀνόπιν,
1678 1390 1793 1441 Πᾶν

221 1475 350 1544 γὰρ,
384 1477 412 1529 ὅ
446 1494 610 1546 φησιν
642 1479 727 1528 ἐπ’
764 1479 1014 1541 ἐκείνοις,
1057 1479 1270 1547 Καιρύς
1298 1481 1403 1534 τοῦ
1426 1479 1634 1548 ῥῆξαι,
1696 1480 1791 1532 καὶ

218 1568 413 1632 καιρὸς
458 1566 561 1619 τοῦ
600 1566 889 1634 φυλάξαι,
926 1570 1021 1621 καὶ
1058 1570 1265 1636 καιρὸς
1317 1570 1425 1624 τοῦ
1484 1571 1787 1633 ἐκϐαλεῖν,

222 1661 314 1709 καὶ
340 1660 540 1725 καιρὸς
578 1657 683 1712 τοῦ
712 1657 979 1725 ζητῆσαι,
1012 1662 1106 1714 καὶ
1152 1662 1357 1729 καιρὸς
1412 1662 1521 1716 τοῦ
1570 1661 1791 1715 ἀπολέ-

221 1766 349 1808 σαι.
386 1752 477 1800 καὶ
504 1750 580 1806 ,τὰ
620 1747 919 1816 λελεγμένα
946 1749 1158 1815 τούτοις
1196 1752 1612 1823 παραπλησίως,
1655 1753 1793 1822 μετὰ

218 1838 313 1890 τοῦ
346 1840 505 1910 σιγᾷν
530 1839 561 1908 ἢ
588 1838 683 1891 τοῦ
711 1840 891 1894 λαλεῖν
922 1843 1171 1910 γίνεσθαι
1202 1844 1488 1915 προδήλως
1540 1843 1792 1912 πεφύκα-

221 1948 326 1983 σιν.
366 1931 553 1995 Οὐδεὶς
587 1932 693 2004 γὰρ
757 1928 870 1997 οἷός
907 1935 967 1987 τέ
1000 1938 1115 1989 ἐστι
1176 1934 1308 2006 δρᾷν
1339 1934 1375 2005 ἢ
1427 1932 1713 2005 διάρρηξιν
1753 1933 1785 2005 ἢ

220 2021 598 2093 σ·.νάτρειαν,ἣ
677 2025 925 2095 φυλακὴν
978 2026 1011 2097 ἢ
1084 2027 1337 2097 ἐκϐολὴν,
1384 2026 1418 2097 ἢ
1477 2028 1706 2099 ζήτησιν
1755 2025 1790 2096 ἢ

220 2112 523 2175 ἀπώλειαντ
552 2114 585 2184 ἢ
616 2116 910 2185 περίληψιν
940 2116 973 2187 ἢ
1005 2118 1325 2189 μακρυσμὸν
1371 2119 1477 2171 ἀπὸ
1510 2118 1781 2189 περιλήμ-

221 2219 411 2269 ματος,
439 2204 559 2257 οὐδὲ
591 2222 641 2257 τι
672 2205 780 2257 τῶν
812 2206 891 2258 ἐτι
923 2208 1353 2277 προειρημένων,
1376 2208 1425 2259 ei
1462 2207 1537 2279 μὴ
1564 2211 1794 2276 σιγήσας

217 2293 342 2345 καθ’
368 2294 615 2347 ἑκούσιον
646 2295 919 2366 βούλησιν,
949 2296 981 2367 ἢ
1017 2298 1091 2367 μὴ
1121 2297 1358 2367 λαλήσας
1388 2297 1549 2351 πάλιν
1605 2296 1791 2349 εὐκαι-

220 2398 349 2453 ρως.
383 2380 555 2454 Εἰπερ
581 2384 688 2453 γὰρ
715 2384 843 2436 ἄνευ
874 2384 968 2436 τοῦ
1005 2385 1164 2453 σιγᾷν
1193 2382 1226 2453 ἦ
1255 2383 1354 2437 τοῦ
1388 2383 1573 2435 λαλεῖν
1602 2382 1663 2434 οὐ
1710 2380 1789 2433 διο

218 2474 487 2541 ἔγνωσται
516 2492 589 2538 τι,
616 2476 697 2538 τίς
721 2474 780 2527 τὸ
813 2475 1032 2527 σύνολον
1067 2477 1241 2528 ποιεῖν
1275 2477 1391 2547 ὲρεῖ
1414 2490 1466 2527 τι
1495 2474 1605 2525 τῶν
1656 2488 1791 2541 προ-

219 2563 563 2632 λελεγμένων
603 2563 913 2629 συζυγιῶν;
948 2564 1008 2615 Ei
1038 2566 1095 2617 δὲ
1137 2565 1316 2626 τοῦτο,
1374 2563 1488 2626 πῶς
1526 2562 1794 2625 ἰδιάζοντα

218 2656 408 2725 καιρὸν
438 2655 515 2723 τῷ
558 2657 715 2726 σιγᾷν
750 2657 844 2708 καὶ
870 2656 947 2725 τῷ
980 2656 1160 2707 λαλεῖν
1204 2656 1234 2706 ὁ
1284 2655 1444 2723 σοφὸς
1498 2654 1793 2721 ἀπένειμεν

232 2748 663 2817 Ἐκκλησιαστής
688 2766 703 2813 ;
732 2751 779 2800 εἰ
819 2750 927 2817 γὰρ
958 2750 1188 2801 ἕκαστον
1217 2750 1325 2801 τῶν
1350 2748 1488 2801 κατὰ
1534 2746 1792 2814 σιζυγίαν

220 2842 373 2909 παρὰ
423 2842 519 2893 τοῦ
589 2839 1019 2901 Ἰ-Σκκλησιαστοῧ
1082 2839 1423 2908 λελεγμένων
1462 2839 1524 2889 οὐ
1579 2850 1792 2904 metr/.5

220 2932 467 2998 γίνεσθαι
492 2934 650 3001 χωρὶς
681 2930 774 2984 τοῦ
803 2932 959 3000 σιγᾷν
988 2931 1020 2998 ἢ
1053 2930 1146 2981 τοῦ
1169 2931 1367 2990 λαλεῖν,
1392 2931 1442 2980 τί
1473 2930 1672 2993 δήποτε
1699 2926 1793 2978 νῦν

1935 1112 2334 1181 Tempestivitas
2381 1114 2616 1175 tacendi,
2648 1122 2697 1165 et
2739 1116 3117 1183 tempestivitas
3162 1117 3436 1188 loquendi,

1965 1201 2111 1257 Istud
2163 1211 2336 1256 tacere
2370 1212 2535 1270 atque
2592 1204 2733 1256 istud
2786 1202 2933 1273 loqui
2988 1204 3042 1257 ir.
3092 1208 3473 1276 superioribus

1896 1289 2262 1345 divisionibus
2309 1300 2475 1359 atque
2518 1292 3032 1348 enumerationibus
3073 1297 3472 1365 comprehensa

1898 1379 2087 1445 utique
2136 1377 2454 1446 inclusaque
2506 1388 2674 1431 sunt:
2711 1394 2833 1431 nam
2866 1396 2987 1449 qure
3022 1383 3204 1438 verbis
3244 1383 3352 1440 illis
3392 1385 3472 1441 ai-

1897 1468 2262 1537 gniiicantur,
2315 1468 2687 1535 tempestivitas
2721 1468 3021 1535 avellendi;
3076 1485 3151 1535 et,
3198 1474 3469 1542 tempesti-

1897 1558 2031 1611 vitas
2075 1558 2440 1619 custodiendi;
2488 1569 2560 1621 et,
2599 1561 2974 1626 tempestivitas
3020 1562 3335 1627 emittendi;
3388 1571 3463 1629 et,

1897 1646 2273 1713 tempestivitas
2302 1646 2613 1714 acquirendi
2638 1663 2657 1709 ,'
2680 1657 2754 1712 et,
2786 1650 3160 1715 tempestivitas
3189 1652 3463 1719 perdendi,

1895 1749 2125 1803 quaeque
2160 1733 2245 1787 his
2275 1735 2477 1788 similia
2504 1737 2782 1793 hactenus
2811 1738 3124 1800 retulimus,
3154 1740 3337 1794 omnia
3390 1741 3467 1795 si-

1896 1827 2068 1881 lentio
2100 1834 2196 1879 aut
2244 1826 2460 1894 loquela
2512 1828 2699 1895 peragi
2735 1827 3087 1881 manifestum
3136 1838 3239 1883 est.
3282 1830 3470 1901 Neque

1893 1917 2039 1973 enim
2074 1916 2363 1986 quisquam
2396 1918 2528 1971 dare
2556 1932 2780 1988 operam
2831 1929 3027 1987 potest,
3060 1928 3116 1973 ut
3151 1922 3347 1976 avellat
3376 1932 3471 1978 aut

1894 2019 2146 2073 consuat,
2176 2009 2448 2063 custodiat
2471 2018 2566 2063 aut
2590 2010 2825 2073 emittat,
2855 2012 3102 2079 act-,uirat
3128 2022 3222 2066 aut
3254 2016 3463 2083 perdat,

1905 2099 2244 2169 amplexetur
2277 2108 2371 2153 aut
2415 2100 2483 2153 ab
2528 2101 2869 2169 amplexibus
2907 2104 3143 2166 recedat,
3190 2104 3275 2158 vel
3312 2106 3469 2159 deni-

1902 2208 2007 2261 que
2037 2193 2183 2245 aliud
2224 2191 2353 2261 quid
2395 2198 2521 2259 agat
2552 2206 2908 2261 eoi-umqum
2950 2192 3055 2247 huc
3111 2210 3285 2264 usque
3322 2196 3467 2252 dicta

1894 2290 2047 2345 sunt,
2080 2280 2214 2351 quin
2242 2288 2295 2334 et
2321 2280 2513 2333 silendi
2552 2295 2717 2350 quam
2768 2282 3003 2337 voluerit
3051 2282 3230 2353 legem
3267 2295 3463 2350 servet,

1891 2380 1945 2425 et
1973 2371 2113 2424 idem
2142 2384 2333 2424 rursus
2357 2385 2421 2422 ex
2452 2369 2858 2439 opportunitate
2890 2370 3170 2441 loquatur,
3198 2370 3467 2426 Nimirum

1895 2464 1941 2517 si
1991 2463 2125 2517 nihil
2163 2462 2281 2517 sine
2322 2462 2537 2516 silentio
2576 2469 2630 2514 et
2668 2460 2879 2530 loquela
2926 2461 3130 2517 factum
3178 2464 3464 2528 novimus,

1900 2552 2023 2622 quis
2049 2554 2149 2606 hoc
2187 2553 2289 2607 sibi
2322 2553 2547 2611 tribuat,
2582 2560 2640 2605 ut
2662 2552 2888 2606 omnino
2930 2554 3135 2622 aliquid
3166 2570 3231 2607 ex
3260 2554 3326 2608 iis
3348 2571 3470 2624 quas

1893 2643 2184 2711 conjuncta
2226 2642 2627 2706 recensuimus,
2660 2652 2919 2711 prmstare
2953 2645 3059 2697 alia
3096 2646 3305 2699 ratione
3334 2661 3465 2715 pos-

1892 2735 1966 2789 sit
1995 2734 2019 2786 ?
2050 2733 2105 2786 ld
2133 2748 2263 2787 vero
2298 2734 2340 2785 si
2378 2733 2452 2785 ita
2483 2744 2587 2796 est,
2633 2736 2911 2803 quomodo
2950 2751 3106 2788 suam
3156 2737 3375 2789 silentio
3414 2746 3468 2789 et

1897 2824 2135 2892 loquelae
2167 2824 2641 2893 tempestivitatem
2667 2826 2887 2894 sapiens
2928 2825 3283 2882 Ecclesiastes
3314 2828 3471 2881 attri-

1896 2916 2044 2970 buit?
2072 2932 2302 2985 cumque
2334 2916 2467 2969 nihil
2495 2932 2561 2969 ex
2597 2917 2663 2971 iis
2709 2932 2829 2985 quae
2864 2918 2951 2972 ille
2980 2920 3427 2973 commemOravit
3449 2958 3466 2983 ,

223 3022 531 3084 ἰδιαζσντως
579 3025 731 3093 φησι,
765 3040 784 3073 ι
826 3022 1029 3090 Καιρζς
1059 3020 1153 3072 τοῦ
1185 3022 1342 3091 σιγᾷν
1370 3023 1464 3072 καὶ
1490 3018 1678 3088 καιρὸς
1695 3016 1788 3069 τοῦ

1895 3010 2012 3062 sine
2058 3009 2276 3061 silentio
2310 3016 2363 3060 et
2403 3008 2616 3076 loquela
2654 3008 2768 3061 ﬁeri
2805 3009 2917 3062 ullo
2959 3012 3119 3063 modo
3149 3010 3338 3078 possit,
3368 3025 3469 3063 cur

218 3110 400 3164 λαλεῖν
422 3129 436 3175 ;
480 3131 500 3161 ι

301 3282 440 3334 Ἀλλ’
474 3282 586 3349 ἔχει
614 3280 772 3333 λύσιν
800 3282 833 3349 ἡ
863 3280 1065 3349 ἀπορία
1090 3280 1348 3349 τοιαύτην
1378 3297 1390 3309 ·
1442 3281 1524 3332 ὃτι
1557 3278 1791 3331 ἕκαστον

221 3374 321 3443 μὲν
352 3374 458 3425 τῶν
490 3372 938 3442 ¹προλελεγμένων
968 3372 1259 3439 συζυγιῶν,
1296 3374 1343 3422 εἰ
1374 3374 1467 3424 καὶ
1489 3374 1562 3439 μὴ
1578 3372 1788 3437 πέφυκε

216 3466 387 3535 χωρὶς
427 3466 519 3517 τοῦ
553 3466 709 3534 σιγᾷν
739 3464 771 3533 ἢ
797 3464 889 3515 τοῦ
925 3464 1124 3527 λαλεῖν,
1153 3463 1265 3515 ἀλλ’
1298 3464 1356 3527 ἐξ
1404 3464 1485 3514 ὲτέ
1498 3480 1603 3532 ρων
1658 3463 1791 3514 ὑπο-

214 3555 483 3621 κειμένων
513 3557 856 3622 πραγμάτων
881 3554 1153 3622 λαμϐάνον
1185 3553 1277 3604 καὶ
1297 3556 1392 3613 τὰς
1422 3554 1615 3620 ἀρχὰς,
1649 3551 1791 3603 οὕτω

210 3646 428 3699 δξιίωσιν
458 3644 677 3711 εὓλογον
716 3644 989 3713 πρόφασιν
1024 3643 1098 3713 τῷ
1151 3644 1421 3715 ἀνθρώπῳ
1480 3643 1575 3696 τοῦ
1630 3645 1789 3712 σιγᾷν

212 3736 248 3807 ἢ
278 3736 369 3789 τοῦ
403 3736 582 3788 λαλεῖν
605 3751 617 3763 ⁸
654 3738 746 3787 καὶ
774 3738 1095 3804 προηγεῖται
1128 3735 1224 3803 μὲν
1256 3737 1289 3804 ἡ
1324 3734 1459 3803 πρὸς
1486 3735 1545 3786 τὸ
1576 3733 1789 3786 ὑποκεί-

215 3838 377 3891 μενον
414 3823 644 3891 πρᾶγμα
675 3822 855 3890 κρίσις
886 3823 981 3889 τῆς
1034 3823 1425 3891 προαιρέσεως,
1484 3824 1673 3875 ἕπεται
1731 3822 1788 3874 δὲ

212 3912 350 3980 πρὸς
398 3911 498 3979 τὴν
529 3914 586 3962 ὲν
626 3909 700 3977 τῷ
737 3915 1019 3979 πράγματι
1068 3910 1319 3980 βούλησιν
1349 3912 1411 3964 τὸ
1444 3912 1601 3982 σιγᾷν
1646 3911 1681 3980 ἡ
1728 3911 1787 3963 τὸ

228 3999 429 4052 λαλεῖν·
471 3994 604 4063 οἷον,
633 3999 820 4068 καιρός
848 4002 964 4051 ἐστι
996 3999 1087 4052 τοῦ
1116 3999 1380 4068 ζητῆσαι·
1417 4000 1592 4053 λαλῶν
1615 4004 1787 4052 ποιεῖ-

210 4111 302 4147 ται
333 4093 424 4145 τοῦ
462 4094 822 4162 προκειμένου
850 4093 945 4161 τὴν
988 4093 1215 4161 ζήτησιν
1248 4107 1261 4121 '
1312 4097 1507 4162 κιιρός
1534 4096 1647 4145 ἐστι
1690 4093 1783 4146 τοῦ

207 4183 503 4237 ἀπολέσαιο
538 4184 707 4251 σιγῶν
755 4183 849 4234 καὶ
882 4184 1255 4252 παρασιωπῶν
1286 4186 1523 4237 ποιεῖται
1549 4184 1636 4238 διὰ
1687 4184 1785 4255 τῆς

208 4274 611 4343 παρασλὲψεως
651 4275 744 4326 καὶ
784 4278 1261 4342 παρασιωπήσεως
1328 4275 1422 4326 τοῦ
1460 4277 1784 4345 πράγματος

1894 3106 2076 3151 tamen
2117 3097 2205 3150 hic
2236 3097 2514 3166 sigillatim
2574 3099 2939 3166 pronuntiat:
2981 3119 2999 3152 ι
3048 3099 3469 3171 Tempestivitas

1891 3190 2105 3243 tacendi
2133 3200 2186 3243 et
2218 3190 2613 3258 tempestivitas
2649 3190 2942 3259 loquendi?
2978 3212 2996 3244 ι

1966 3280 2127 3347 Atqui
2150 3278 2548 3331 dubitationem
2581 3281 2740 3333 istaut
2776 3282 2957 3341 tollas,
2988 3282 3033 3336 si
3067 3282 3468 3337 animadverte-

1891 3370 1991 3433 ris,
2033 3370 2245 3438 singula
2294 3370 2380 3421 illa
2412 3371 2581 3437 paria,
2606 3386 2725 3439 qua:
2765 3372 3018 3439 superius
3039 3372 3463 3435 enuntiavimus,

1890 3459 1993 3512 etsi
2027 3458 2128 3511 hoc
2176 3468 2365 3511 natura
2418 3460 2726 3525 requirunt,
2772 3469 2831 3514 ut
2863 3460 3093 3513 omnino
3124 3461 3342 3514 silentio
3375 3470 3469 3513 aut

1890 3548 2104 3617 loquela
2135 3549 2244 3617 82
2270 3548 2401 3601 ﬁant
2422 3590 2436 3613 ,
2467 3549 2544 3601 sic
2563 3558 2744 3602 tamen
2778 3550 2984 3603 homini
3020 3550 3221 3617 justam
3257 3549 3467 3603 tacendi

1890 3649 1986 3691 aut
2020 3637 2273 3705 loquendi
2300 3641 2644 3691 occasionem
2670 3638 2819 3703 dare,
2848 3646 2908 3691 ut
2939 3639 3050 3706 ipsa
3079 3640 3179 3692 hoc
3210 3647 3302 3692 aut
3335 3638 3468 3692 illud

1889 3731 2173 3783 exordium
2201 3730 2351 3782 aliis
2396 3744 2459 3782 ex
2505 3730 2669 3783 rebus
2707 3731 2947 3798 capiant,
2998 3745 3137 3798 quas
3190 3729 3467 3798 subjectas

1892 3820 2093 3873 habent
2128 3837 2140 3872 :
2179 3830 2289 3871 tum
2329 3819 2598 3887 judicium
2654 3819 2870 3887 quidem
2922 3820 3069 3873 circa
3115 3827 3229 3871 rem
3284 3818 3469 3887 subje-

1890 3922 2031 3965 ctam
2062 3910 2382 3963 antecedere
2426 3910 2690 3961 voluntati
2714 3927 2740 3975 ;-
2770 3910 2944 3978 ipsum
2986 3919 3167 3961 autem
3205 3916 3382 3961 tacere
3413 3917 3467 3961 et

1893 4005 2039 4072 loqui
2074 4015 2184 4056 tum
2218 4001 2503 4069 consequi,
2532 4016 2655 4053 cum
2685 4001 2796 4066 jam
2828 4000 3084 4052 voluntas
3114 3999 3166 4051 in
3192 4014 3250 4052 re
3278 3998 3465 4066 subje-

1891 4105 1973 4148 cta
2037 4103 2334 4147 versatur:
2379 4101 2439 4144 ut
2486 4092 2529 4144 si
2567 4091 2963 4160 tempestivitas
2997 4091 3068 4144 sit
3113 4090 3465 4158 acquirendi,

1889 4180 2118 4253 loquelis
2164 4183 2239 4237 rei
2292 4182 2555 4250 subjecta:
2616 4181 3027 4250 inquisitionem
3087 4180 3375 4234 instituit:
3418 4181 3466 4234 Ii

1889 4274 2278 4341 tempestivitas
2310 4273 2375 4326 sit
2408 4272 2691 4340 perdendi,
2726 4272 2947 4325 silentio
2988 4282 3175 4325 tacens
3206 4288 3303 4341 per
3330 4287 3465 4325 con-

207 4366 311 4435 τὴν
371 4365 671 4419 ἀπώλειαν.
721 4366 955 4432 Ὁμοίως
984 4365 1038 4416 δὲ
1073 4368 1165 4417 καὶ
1198 4366 1282 4432 ἐφ’
1315 4368 1528 4436 ἑκάστῳ
1552 4368 1659 4418 τῶν
1686 4368 1781 4419 ἄλ-

1892 4365 2182 4417 niventiam
2208 4379 2271 4417 ac
2296 4364 2635 4416 reticentiam
2667 4363 2741 4415 rei
2764 4363 3116 4416 amissionem
3148 4362 3299 4415 facit.
3333 4361 3461 4415 Pari

205 4457 318 4509 λων
355 4457 685 4527 φιλοκρινεῖν
717 4473 800 4518 τις
842 4458 908 4508 τὰ
939 4456 1161 4509 τοιαῦτα
1214 4457 1558 4527 βουλόμενος,
1614 4459 1782 4528 εὑρή-

206 4566 297 4603 σει
327 4550 425 4618 τὴν
459 4548 580 4618 ἴσην
619 4548 711 4601 καὶ
744 4550 843 4617 τὴν
872 4549 1043 4615 αὐτὴν
1066 4549 1341 4601 ἀπόδοσιν.
1388 4548 1653 4601 Ἐνταῦοα
1704 4548 1782 4614 δὲ,

205 4639 378 4712 χωρὶς
412 4639 572 4692 ἄλλον
604 4640 747 4700 τινὸς
785 4638 1253 4709 προῦποκειμὲυου
1314 4641 1636 4709 πράγματος
1693 4638 1786 4692 τοῦ

205 4729 720 4795 καταναγκάζοντος
750 4729 908 4799 σιγᾷν
938 4729 971 4799 ἢ
1011 4728 1212 4789 λαλεῖν.
1246 4728 1377 4782 ι’διον
1411 4730 1523 4798 εχει
1568 4730 1779 4801 καιρόν.

208 4820 327 4875 Καὶ
350 4819 496 4873 δοκεῖ
540 4818 699 4873 τοῦτό
735 4837 850 4883 πως
889 4815 1028 4873 εἶναι
1075 4820 1510 4874 καθολικὼτατον
1568 4821 1785 4874 πάντων

209 4912 324 4964 τῶν
355 4914 412 4964 ὲν
445 4911 522 4975 τῷ
567 4911 669 4982 βίῳ
700 4911 1062 4980 πραγμάτων.
1127 4912 1461 4983 Ἐνεργεῖται
1523 4912 1622 4981 μὲν
1676 4912 1784 4984 γὰρ

220 5003 319 5057 καὶ
348 5004 437 5055 ὲπὶ
473 5004 670 5065 πάσαις
700 5006 821 5064 ταῖς
873 5004 1302 5073 προειρημέναις
1353 5004 1656 5070 συζυγίαις,
1709 5005 1784 5067 ὡς

204 5094 460 5163 εφοημεν
495 5095 891 5157 εἰπόντες,τοῖς
925 5094 1048 5146 νοῦν
1081 5095 1293 5163 ἔχουσιν
1328 5096 1660 5166 ἐρρωμένον,
1688 5097 1785 5148 καὶ

202 5187 281 5240 τὰ
310 5186 591 5256 φωνητικὰ
610 5187 707 5254 τῆς
727 5186 1011 5250 Exulis-155w;
1030 5186 1236 5257 ὄργανα
1260 5189 1491 5257 πάμπαν
1507 5187 1780 5257 ἀλώϐηταο

209 5278 705 5349 παραλαμὸἀνεται
733 5278 790 5330 δὲ
820 5279 914 5330 καὶ
944 5281 1037 5330 ἐπὶ
1073 5280 1241 5331 πᾶσιν
1274 5280 1452 5341 ἄλλοις
1483 5281 1576 5356 καὶ
1626 5296 1787 5333 πνευ-

211 5374 467 5438 ματικοῖς
486 5373 576 5422 καὶ
600 5372 953 5439 σωματικοῖς,
986 5380 1081 5424 καὶ
1102 5371 1266 5434 Gaiae;
1292 5372 1386 5424 καὶ
1404 5371 1782 5443 ἀνθρωπίνοις.

206 5462 456 5529 Πάρεστι
493 5460 587 5514 τοῦ
640 5461 968 5529 καθευδῆσαι
1023 5463 1258 5534 καιρός;
1308 5463 1587 5517 ἀκολουθεῖ
1640 5480 1787 5533 τηνι-

205 5552 389 5608 καῦτα
414 5552 476 5604 τὸ
505 5553 663 5621 σιγᾷν
686 5553 921 5615 πάντως.
951 5553 1273 5624 Ἐξανέστης
1297 5554 1390 5607 τοῦ
1417 5553 1584 5607 ὕπνου
1619 5572 1633 5619 ;
1664 5556 1784 5608 τότε

205 5644 407 5713 καιρός
434 5645 546 5695 ἔστι
576 5643 669 5697 τοῦ
700 5645 900 5698 λαλεῖν.
929 5645 1342 5717 Προσελήλυθας
1365 5647 1423 5700 ἐν
1457 5648 1784 5718 προσήκοντι

286 5798 329 5829 ⁵⁸
366 5796 523 5853 Rom.
564 5814 658 5862 xu.
689 5800 741 5853 8.

1890 4465 2072 4508 autem
2105 4453 2266 4507 modo
2306 4455 2359 4506 in
2393 4454 2629 4507 aliorum
2670 4456 2921 4523 singulis,
2960 4453 3004 4507 si
3050 4453 3328 4520 quistalia
3368 4466 3464 4506 ex-

1891 4546 2123 4616 pendere
2173 4544 2428 4606 voluerit,
2488 4544 2723 4598 similem
2761 4545 3117 4614 eamdemque
3167 4544 3463 4599 convenire

1886 4639 2326 4709 explanationem
2366 4641 2691 4709 comperiet.
2727 4639 2826 4701 llic
2870 4655 3019 4705 vero,
3057 4639 3187 4708 quin
3218 4638 3325 4692 alia
3371 4654 3461 4693 res

1888 4732 1997 4786 ulla
2036 4729 2283 4799 suhjecta
2324 4729 2421 4792 sit,
2449 4736 2571 4798 qua:
2602 4730 2988 4785 necessitatem
3026 4726 3219 4783 atterat
3246 4727 3459 4782 tacendi

1887 4832 1982 4878 aut
2020 4821 2305 4892 loquendi,
2334 4822 2553 4890 propria
2585 4822 2803 4890 utrique
2824 4821 2901 4874 rei
2936 4819 3335 4889 tempestivitas
3374 4833 3462 4872 as-

1891 4916 2158 4984 signatur.
2181 4913 2358 4981 Atque
2381 4913 2494 4966 haac
2520 4912 2630 4968 duo
2654 4914 2707 4966 in
2739 4913 3022 4966 hominum
3046 4912 3152 4964 vita
3179 4908 3311 4963 illud
3336 4924 3461 4962 esse

1887 5008 2291 5077 quodammolo
2348 5005 2623 5069 videntur,
2690 5005 2838 5074 quod
2886 5018 2954 5059 ex
3012 5003 3268 5056 omnibus
3299 5001 3465 5054 rebus

1888 5098 2133 5153 maxime
2171 5104 2371 5166 pateat.
2421 5094 2556 5150 Cum
2590 5097 2735 5149 enim
2776 5097 2828 5149 in
2879 5096 3107 5164 paribus
3137 5093 3248 5171 illis
3280 5093 3461 5145 omni-

1894 5192 1995 5246 bus
2024 5172 2160 5260 iquae
2184 5199 2340 5243 antea
2363 5190 2760 5252 recensuimus,
2788 5188 3055 5256 siquidem
3074 5195 3128 5238 et
3147 5200 3280 5239 sana
3309 5200 3463 5237 mens

1888 5285 1979 5349 sit,
2008 5292 2062 5337 et
2085 5282 2341 5351 loquendi
2378 5281 2608 5335 facultas
2630 5280 2871 5344 innoxia,
2909 5277 3204 5346 plurimum
3239 5276 3460 5337 valent;

1889 5384 2001 5429 tum
2036 5385 2087 5425 et
2107 5375 2286 5428 locum
2305 5374 2389 5426 his
2409 5388 2529 5426 esse
2551 5372 2762 5427 caneris
2801 5370 2854 5422 in
2880 5370 3043 5423 rebus
3071 5375 3313 5436 apparet,
3348 5368 3465 5419 sive

1890 5467 2226 5537 Spirilalibns
2257 5467 2371 5519 sive
2396 5462 2698 5531 corporeis,
2730 5462 2843 5514 sive
2883 5459 3087 5513 divinis
3126 5460 3239 5511 sive
3271 5457 3465 5508 huma-

1891 5559 1997 5611 nis.
2037 5556 2202 5626 Finge
2240 5556 2547 5611 dormiendi
2598 5556 2788 5610 horam
2832 5554 3022 5607 adesse
3060 5552 3208 5620 :jam
3269 5559 3321 5601 et
3365 5546 3463 5600 tibi

1893 5648 2107 5719 penitus
2141 5648 2427 5703 tacendum
2469 5656 2569 5702 est.
2603 5647 2669 5702 At
2723 5645 2766 5701 si
2809 5660 3002 5699 somno
3050 5640 3465 5727 expergefactus
