4192 6436
214 378 322 443 869

1272 369 1354 429 ῘΝ
1386 358 1962 427 ECCLESIASTEN.
2005 384 2070 393 —
2100 357 2249 419 LIB.
2290 355 2407 418 III.

3392 357 3501 425 870

217 491 456 564 μάλιστα
480 484 688 539 τούτων
723 482 924 554 ἐδεήθη
958 482 1054 538 καὶ
1083 481 1272 553 χρείαν
1302 480 1428 551 ἔσχε
1459 478 1569 532 τῶν
1599 471 1810 530 ἐννοιῶν

1922 468 2121 522 simum
2171 476 2225 522 et
2261 464 2550 522 sententiis
2588 474 2640 519 et
2696 464 2951 519 formulis
2982 479 3120 535 opus
3174 467 3297 524 fuit.
3340 469 3498 526 Post-

213 585 307 639 καὶ
333 583 445 636 τῶν
473 579 694 643 λέξεων.
730 576 869 647 Περὶ
901 575 1011 646 γάρ
1042 574 1134 627 τοῦ
1167 574 1361 644 χρόνου
1379 570 1672 641 διειληφὼς
1712 571 1807 624 καὶ

210 678 324 731 τῶν
352 672 495 729 κατά
531 668 798 735 συζυγίαν
838 667 1050 740 καιρῶν
1104 666 1503 737 ἀντικειμένως
1558 664 1807 734 παραλη-

215 767 490 837 φθέντων,
526 762 623 817 καὶ
648 761 992 830 θεασάμενος
1018 759 1121 830 τῆς
1174 758 1527 829 ἀνθρωπίνης
1590 756 1808 824 φύσεως

212 860 316 931 τὴν
347 857 663 917 ἀσθένειαν,
696 854 773 918 ὼς
801 854 905 907 οὐκ
962 852 1358 923 ἐξικνουμένης
1404 851 1498 905 τδν
1556 850 1808 903 τοσοῦτον

216 952 388 1005 κόπον
419 949 584 1019 δῆθεν
619 945 1057 1015 ἀναλαμϐάνειν,
1112 945 1208 998 καὶ
1257 944 1621 1015 περισκοπεῖν
1675 941 1807 994 ἐκά-

217 1061 350 1098 στου
374 1042 703 1113 πράγματος
731 1036 826 1092 τοῦ
858 1036 1028 1092 καλοῦ
1057 1039 1152 1091 καὶ
1185 1037 1553 1108 συμφέροντος
1592 1033 1809 1087 ἀντιοέο

215 1153 325 1199 τως
354 1130 778 1205 λαμϐανομένου
829 1132 924 1185 καὶ
946 1130 1132 1200 ζητεῖν
1163 1130 1254 1182 τὸν
1287 1128 1498 1199 καιρὸν,
1524 1126 1637 1181 ἀλλ’
1672 1126 1809 1192 ίλιγη

216 1225 426 1295 γιὼσης
484 1224 623 1295 arpi);
676 1223 775 1286 τάς
827 1222 1118 1290 γεγονυίας
1165 1222 1458 1293 διαιρέσεις
1514 1220 1663 1289 παρὰ
1713 1215 1809 1270 τοῦ

232 1316 673 1388 Ἐκκλησιαστοῦ
705 1315 815 1368 τῶν
863 1314 1264 1383 ἀντικειμένων
1323 1312 1553 1381 καιρῶν,
1609 1311 1809 1381 χρῆναι

222 1410 404 1470 καλῶς
436 1410 590 1480 ᾠήθη
630 1407 916 1476 συντόμως
973 1407 1115 1474 ἄγαν
1148 1407 1240 1460 καὶ
1270 1405 1365 1459 νῦν
1398 1401 1555 1469 αὖθις
1594 1406 1807 1457 συστεῖ-

220 1500 311 1554 λαι
359 1500 421 1552 τὸ
473 1500 745 1571 φρύαγμα
788 1498 888 1566 τῆς
943 1498 1176 1567 οἰήσεως
1227 1498 1327 1567 τῆς
1375 1496 1811 1567 περισπωμένης

223 1589 356 1661 περὶ
406 1588 506 1659 τὴν
561 1588 757 1657 κτῆσιν
798 1586 909 1640 τῶν
973 1587 1223 1657 ματαίων
1288 1587 1382 1639 καὶ
1437 1584 1810 1656 φθειρομένων

222 1678 405 1748 ψυχῆς
438 1678 575 1749 πρὸς
621 1677 958 1748 ἀπράγμονα
1016 1676 1112 1729 καὶ
1153 1675 1437 1738 παντελῶς
1497 1675 1811 1742 ἀπερίσπαν

225 1784 352 1821 στον
383 1768 528 1838 ζωὴν
567 1767 663 1820 καὶ
700 1765 1049 1835 γαληνιῶσαν
1107 1766 1446 1820 κατάστασιν
1496 1763 1808 1833 συνωθῆσαι

221 1860 326 1932 τὴν
368 1860 727 1927 φιλόπλουτον
761 1857 1010 1927 γνώμην.

295 1953 396 2006 Διά
448 1950 609 2004 τοῦτό
651 1968 838 2022 φησιν,
891 1966 910 1999 ι
947 1949 1041 2011 Τίς
1072 1948 1359 2019 περίσσεια
1397 1946 1493 1999 τοῦ
1528 1945 1810 2007 ποιοῦντος

224 2045 283 2097 ἐν
313 2037 394 2107 οἷς
432 2042 594 2105 αὐτὸς
627 2041 850 2112 μοχθεῖς
892 2059 910 2091 ι
960 2039 1242 2110 μονονουχὶ
1292 2036 1403 2108 γάρ
1437 2054 1624 2107 φησιν,
1659 2037 1721 2088 Εἰ
1751 2034 1811 2088 δέ

225 2134 356 2205 περὶ
389 2134 608 2187 πάντων
634 2131 742 2183 τῶν
775 2130 915 2184 κατά
948 2130 1041 2183 τὸν
1074 2130 1189 2200 βίον
1226 2130 1447 2198 ἀγαθῶν
1491 2130 1587 2183 καὶ
1633 2128 1811 2182 καλῶν

225 2227 322 2281 καὶ
368 2224 667 2278 λυσιτελῶν
712 2223 840 2276 ἴδιον
886 2223 999 2292 ἐγὼ
1032 2223 1226 2293 καιρὸν
1272 2222 1407 2291 ἐφην
1436 2222 1746 2291 ὑπάρχειν
1786 2221 1813 2273 ό

224 2318 282 2373 δέ
334 2316 504 2379 πολὺς
559 2316 868 2384 ἄνθρωπος,
906 2314 1256 2377 κατακλάσας
1294 2313 1423 2384 περὶ
1471 2312 1573 2382 τὴν
1603 2310 1811 2363 τούτων

230 2408 486 2481 μελέτην,
523 2407 583 2460 οὐ
621 2406 870 2476 βούλεται
899 2404 1106 2459 τιθέναι
1138 2403 1373 2474 σπουδὴν
1403 2406 1460 2457 ἐν
1492 2405 1603 2464 τοῖς
1637 2403 1813 2455 τοιού-

225 2516 375 2564 τοις,
416 2496 551 2551 ἀλλά
586 2497 745 2567 μόνον
781 2496 989 2548 ἐκεῖνον
1024 2494 1167 2564 ἔχειν
1201 2494 1375 2547 ἐθέλει
1406 2494 1498 2545 τὸν
1537 2509 1812 2563 περισπα-

229 2590 370 2662 σμδν
395 2592 489 2643 καὶ
521 2590 615 2643 τὸν
649 2588 870 2660 μόχθον,
905 2588 971 2640 δι’
999 2582 1061 2642 οὗ
1099 2586 1442 2657 συναθροίσει
1473 2587 1567 2638 καὶ
1596 2582 1812 2650 συνάξει

229 2681 674 2737 πολλαπλασίονα
737 2681 834 2735 καί⁹
911 2679 1254 2733 παντοδαπὸν
1320 2680 1410 2733 τὸν
1459 2679 1815 2751 φθειρόμενον

231 2774 486 2839 πλοῦτον,
513 2772 610 2827 καὶ
640 2772 911 2843 μηδεμίαν
940 2774 1126 2842 ὄνησιν
1150 2769 1515 2842 προξενοῦντα
1544 2774 1654 2834 τοῖς
1684 2787 1815 2841 κτη-

235 2867 515 2937 σαμένοις,
551 2864 692 2935 πλὴν
721 2862 814 2916 τοῦ
852 2866 1045 2932 φαγεῖν
1081 2865 1175 2916 καί⁸
1206 2866 1387 2915 πιεῖν·
1421 2863 1629 2917 εἰπάτω
1656 2862 1815 2931 ποίαν

234 2958 556 3027 περίσσειαν
602 2952 935 3019 ἐπελπίζων,
984 2955 1081 3008 καὶ
1132 2956 1268 3026 πρὸς
1307 2956 1459 3008 ποῖον
1492 2953 1816 3007 ἀποϐλέπων

234 3048 425 3119 κέρδος
478 3048 825 3117 ὀνησιφόρον,
873 3040 956 3108 οἷς
1009 3046 1172 3109 αὐτὸς
1225 3043 1422 3115 εὑρεθῇ
1463 3044 1678 3115 μοχθῶν
1723 3044 1817 3096 καὶ

233 3137 789 3208 ταλαιπωρούμενος,
843 3135 1205 3207 αἱρετώτερον
1263 3137 1435 3189 οίεται
1486 3135 1677 3187 τοῦτον
1724 3135 1816 3187 τὸν

238 3230 435 3299 μόχθον
466 3229 560 3282 καὶ
592 3228 685 3281 τὸν
717 3229 1102 3298 περισπασψν
1145 3228 1236 3280 καὶ
1267 3228 1359 3281 τὸν
1391 3227 1558 3280 κόπον
1586 3226 1684 3297 τῆς
1718 3227 1812 3279 ἐπὶ

234 3322 299 3389 τῇ
332 3318 549 3389 εὑρέσει
593 3317 703 3370 τῶν
741 3319 1071 3387 προσφόρων
1117 3315 1326 3385 καιρῶν
1357 3316 1675 3386 ἐπιμελείας
1718 3314 1813 3369 καλ⁵

234 3409 516 3479 ζητήσεως
563 3410 657 3462 καὶ
689 3409 906 3479 νήψεως
937 3408 1228 3480 εὑτρεχοῦς
1264 3410 1358 3461 καὶ.
1399 3407 1814 3478 νηφαλιότητος,

233 3501 323 3555 ῖνα
348 3502 618 3571 μηδέποτε
646 3500 999 3572 διαμαρτήσῃ
1026 3502 1123 3571 τῆς
1146 3500 1357 3569 ἀγαθῆς
1387 3501 1480 3553 καὶ
1506 3500 1814 3564 λυσιτελοῦς

235 3590 489 3659 πράξεως
511 3607 525 3656 ;

316 3683 456 3736 Ἀλλ’
512 3681 752 3754 εὔδηλον,
800 3682 875 3746 ὡς
917 3684 1175 3753 οὐδεμίαν
1231 3686 1551 3757 περίσσειαν
1600 3685 1813 3749 ἐλπίζει

231 3772 623 3825 λυσιτελοῦσαν
653 3773 749 3827 καὶ
782 3774 1077 3845 σωστικὴν,
1104 3775 1226 3828 οὐδὲ
1254 3777 1446 3848 κέρδος
1467 3778 1809 3848 ὀνησιφόρον.

246 3864 336 3927 Ὦς
363 3865 471 3933 γὰρ
506 3864 713 3917 ἐπίπαν
743 3864 776 3934 ἢ
800 3863 1090 3934 φθονηθεὶς
1125 3864 1214 3917 διά
1234 3866 1326 3919 τὸν
1361 3865 1593 3919 πλοῦτον
1622 3868 1650 3918 ό
1676 3883 1812 3919 κατ·

232 3955 377 4025 έχων
422 3955 584 4010 αὑτὸν
618 3957 749 4026 παρ’
771 3954 972 4024 ἐτέρων
1000 3955 1387 4028 ἐπεϐουλεύθη,
1420 3958 1512 4010 καὶ
1538 3957 1813 4019 διαϐολαῖς

233 4046 439 4117 ἐϐλήθη
484 4047 579 4100 καὶ
608 4047 999 4116 συκοφαντίαις
1046 4048 1491 4117 χαλεπωτάταις·
1527 4050 1620 4102 καὶ
1674 4050 1812 4120 μετά

229 4138 329 4192 τοῦ
385 4138 620 4191 πλούτου
674 4140 769 4191 καὶ
827 4141 926 4209 τῆς
987 4139 1121 4203 ιδίας
1164 4140 1327 4211 ,ζωῆς
1380 4138 1662 4210 ἐζημιώθη
1715 4141 1813 4211 τὴν

233 4229 507 4299 ὓπαρξιν
544 4228 577 4297 ἢ
614 4228 791 4282 πολλά
843 4230 1090 4299 μογήσας
1140 4232 1235 4283 καὶ
1288 4230 1681 4302 κακοπαθήσας
1720 4233 1813 4285 καὶ⁸

230 4320 595 4390 τληπαθήσις
642 4321 730 4373 διὰ
762 4321 860 4390 τὴν
912 4322 1006 4374 τοῦ
1055 4322 1287 4377 πλούτου
1337 4324 1679 4395 συνάθροισιν
1720 4326 1810 4378 τὸν

231 4413 497 4481 ἐξαπίνης
519 4412 943 4481 ἀπροσδοκήτως
968 4413 1267 4468 ἐπελθόντα
1287 4414 1517 4468 θάνατον
1547 4416 1693 4485 ἔσχε,
1718 4416 1810 4467 καὶ

1831 1842 1879 1903 Β

1917 574 2081 629 quam
2115 558 2260 612 enim
2306 557 2373 612 de
2396 556 2650 626 tempore
2680 572 2742 611 ac
2782 557 2850 612 de
2895 560 3230 627 comparatis
3275 561 3499 631 opposi-

1917 664 2099 705 tarum
2144 665 2330 703 rerum
2372 649 2889 718 tempestivitatibus
2920 650 3202 714 disseruit,
3244 653 3497 708 humanae.

1918 753 2127 798 natura:
2172 743 2607 797 imbecillitatem
2660 744 3087 813 contemplatus,
3128 761 3248 813 quis
3286 757 3494 800 tantum

1918 836 2023 891 sibi
2053 838 2296 890 laborem
2334 852 2614 890 assumere
2642 851 2748 889 non
2778 846 2987 905 pergat.
3025 849 3082 889 ut
3115 838 3165 889 in
3205 838 3292 889 illa
3323 854 3466 906 oppo

1916 930 2113 984 sitione
2149 931 2416 997 cujusque
2446 931 2520 982 rei
2556 930 2710 983 bonae
2739 938 2899 996 atque
2932 931 3081 982 utilis
3104 934 3487 998 letttpo'slivita-

1919 1030 2022 1075 tem
2054 1021 2357 1089 distinguat
2387 1028 2551 1087 atquc
2588 1021 2887 1090 perquirat,
2920 1022 3221 1091 eademque
3259 1024 3324 1076 ad
3363 1040 3493 1074 t-mt-

1919 1116 2121 1170 trarias
2166 1117 2348 1185 potius
2387 1114 2881 1182 Icinpcstivitates,
2947 1128 3086 1179 quas
3141 1113 3495 1166 Ecclesimtrs

1916 1206 2247 1275 designavit,
2286 1205 2445 1275 quasi
2494 1204 2757 1271 vertigine
2795 1204 3121 1267 delabatur;
3166 1218 3343 1270 operze
3376 1220 3498 1269 pro-

1918 1296 2049 1349 tium
2105 1296 2282 1357 duxit,
2336 1295 2382 1349 si
2438 1294 2518 1348 vel
2568 1294 2744 1347 obiter
2791 1294 2878 1348 hic
2927 1294 3091 1347 etiam
3150 1293 3495 1346 insolentiam

1916 1404 2109 1443 eorum
2168 1404 2363 1442 rursus
2426 1388 2855 1455 comprimeret,
2933 1403 3170 1455 quorum
3232 1404 3365 1440 cura
3440 1388 3494 1439 in

1922 1476 2089 1530 rebus
2119 1477 2277 1530 vanis
2311 1485 2364 1530 et
2397 1477 2579 1531 animo
2626 1477 2960 1547 perniciosis
2994 1486 3104 1529 tota
3137 1486 3405 1537 versatur,
3445 1488 3496 1529 ut

1921 1565 2089 1620 simul
2122 1566 2345 1619 eosdem
2384 1582 2412 1619 a
2451 1565 2767 1617 divitiarum
2804 1562 3098 1631 cupiditate
3146 1564 3210 1614 ad
3252 1562 3494 1626 quietam

1918 1658 2090 1711 vitam
2143 1674 2207 1712 ac
2243 1668 2420 1711 tutum
2453 1657 2562 1727 87
2597 1657 2758 1727 plane
2790 1655 3258 1725 tranquillumque
3292 1664 3495 1709 statum

1919 1749 2251 1805 traduceret.

1985 1925 2199 1978 Idcirco
2230 1923 2305 1977 ait
2338 1941 2352 1977 :
2380 1940 2397 1973 ι
2426 1922 2559 1987 Quae
2589 1922 2923 1976 abundantia
2944 1921 3266 1976 facientisin
3296 1923 3497 1992 quibus

1915 2016 2030 2085 ipse
2063 2015 2317 2069 laborat?
2362 2033 2380 2065 ι
2414 2016 2558 2068 velut
2608 2014 2654 2069 si
2691 2015 2901 2068 diceret
2931 2031 2945 2067 :
2984 2014 3186 2067 ltrrum
3241 2014 3493 2083 equidrm

1914 2106 2161 2160 omnium
2209 2120 2327 2173 quae
2362 2107 2416 2159 in
2461 2108 2569 2159 vita
2613 2114 2740 2160 sunt
2790 2106 2931 2158 bona
2984 2116 3075 2159 aut
3131 2108 3353 2174 pulcbra
3402 2115 3497 2158 aut

1914 2197 2085 2268 utilia,
2144 2196 2419 2266 propriam
2485 2211 2610 2249 esse
2666 2196 3150 2264 tcmpcstivitatem
3210 2196 3492 2260 iudicavi;

1911 2305 2037 2344 cum
2088 2298 2267 2344 tamen
2320 2289 2564 2358 plerique
2610 2289 2896 2343 hominum
2929 2289 2981 2342 in
3016 2304 3205 2342 eorum
3239 2303 3372 2342 cura
3413 2291 3493 2337 la-

1912 2382 2132 2445 bantur,
2169 2398 2270 2437 nec
2307 2382 2645 2451 diligentiam
2698 2381 2769 2435 ob
2802 2396 2865 2435 ea
2906 2383 3070 2434 ullam
3113 2381 3376 2433 adbibere
3404 2396 3497 2434 ve-

1914 2475 2058 2540 lint;
2116 2484 2279 2543 atque
2308 2490 2477 2526 unum
2529 2474 2681 2526 illum
2719 2488 2928 2542 magna:
2975 2471 3361 2525 sollicitudinis
3417 2472 3496 2523 la-

1918 2568 2107 2622 borem
2172 2565 2363 2620 subire
2421 2576 2650 2628 ament,
2723 2579 2831 2633 quo
2890 2564 3092 2617 multas
3153 2563 3257 2616 sibi
3312 2562 3496 2617 omnis

1918 2661 2134 2729 generis
2165 2674 2298 2729 opes
2330 2660 2685 2726 caducasque
2714 2657 2930 2710 divitias
2956 2665 3301 2724 comparent,
3329 2656 3494 2718 unde,

1916 2764 2039 2803 cum
2077 2749 2255 2818 adepti
2290 2749 2515 2811 fuerint,
2548 2748 2751 2800 nullam
2786 2755 2983 2816 praeter
3010 2746 3192 2799 cibum
3224 2754 3278 2798 et
3306 2754 3494 2814 potum

1918 2840 2207 2893 utilitatem
2249 2838 2466 2893 auferre
2500 2840 2753 2907 possint;
2797 2837 3007 2901 dicant,
3045 2852 3153 2905 qua
3209 2836 3498 2889 abundau-

1918 2932 2006 2985 tia:
2037 2947 2151 3001 spe,
2190 2946 2367 3001 quove
2401 2932 2502 2985 sibi
2536 2930 2869 2998 compendio
2911 2929 2982 2983 iis
3023 2944 3053 2982 c
3090 2929 3253 2981 rebus
3294 2944 3495 2997 propo-

1919 3024 2059 3088 sito,
2106 3040 2244 3093 quas
2278 3024 2420 3077 duro
2462 3023 2776 3091 miseroque
2808 3022 2993 3075 studio
3028 3023 3307 3090 prosecuti
3345 3031 3493 3083 sunt,

1919 3114 2162 3169 laborem
2214 3114 2380 3169 istum
2436 3124 2489 3167 et
2543 3114 2852 3168 molestiam
2888 3121 2942 3167 et
2977 3128 3167 3166 curam
3223 3112 3493 3183 potiorem

1841 3186 1883 3243 δ
1920 3215 2133 3276 putant,
2169 3189 2332 3275 quam
2388 3220 2507 3259 eam
2554 3204 2921 3271 diligentiam,
2981 3219 3103 3273 qua:
3138 3204 3191 3257 in
3228 3212 3495 3272 opportu-

1916 3298 2088 3351 nitate
2119 3312 2301 3350 rerum
2329 3294 2709 3363 invesriganda
2739 3304 2996 3363 ponatur,
3026 3303 3119 3348 aut
3151 3311 3316 3364 quam
3345 3295 3492 3347 illaut

1915 3388 2267 3443 sobrietatem
2323 3403 2385 3441 ac
2427 3387 2684 3439 solertem
2724 3386 3167 3454 temperantiam,
3212 3402 3334 3455 quae
3373 3402 3494 3455 per-

1914 3486 2078 3549 petuo
2108 3494 2207 3534 nos
2240 3478 2381 3531 intra
2414 3478 2548 3532 recti
2580 3485 2635 3533 et
2667 3476 2817 3531 utilis
2848 3478 2982 3532 lines
3012 3476 3334 3531 contineat?

1982 3680 2149 3750 Atqui
2182 3680 2355 3750 liquet
2384 3680 2651 3750 profecto,
2687 3682 2892 3736 nullam
2937 3683 3023 3737 his
3052 3684 3239 3739 utilem
3275 3685 3488 3755 copiam

1914 3786 1979 3827 ac
2006 3773 2331 3839 salutarem,
2357 3772 2567 3826 nullum
2594 3789 2717 3828 esse
2744 3774 3092 3828 commodum
3120 3755 3216 3829 aut
3238 3791 3495 3845 compen-

1912 3865 2110 3929 dium,
2170 3866 2318 3935 quod
2378 3874 2619 3935 sperent.
2679 3864 2817 3918 Nam
2874 3866 2966 3935 qui
3023 3866 3229 3921 divitiis
3281 3868 3492 3937 potitus

1914 3955 2100 4022 fuerit,
2137 3957 2296 4011 livori
2339 3958 2567 4011 omnino
2595 3965 2650 4011 et
2681 3958 2903 4012 invidia:
2935 3958 3231 4019 obnoxius.
3264 3967 3317 4014 et
3356 3961 3494 4015 insi-

1912 4049 2020 4103 diis
2046 4063 2366 4118 oppressus,
2420 4059 2473 4104 et
2504 4050 2799 4106 calumniis
2849 4060 3014 4119 atque
3061 4051 3329 4106 conviciis
3367 4068 3493 4122 gra-

1912 4139 2157 4195 vissimis
2215 4141 2492 4210 appetitus
2542 4151 2645 4204 est,
2700 4150 2759 4194 ut
2804 4142 3117 4196 divitiarum
3165 4144 3330 4197 etiam
3365 4160 3490 4198 cum

1914 4228 2032 4299 ipsa
2087 4229 2196 4285 vita
2256 4228 2624 4283 substantiam
2666 4231 2943 4285 amitteret
2996 4249 3010 4285 :
3067 4231 3250 4302 itaque
3301 4233 3492 4288 multis

1911 4335 2077 4389 opum
2120 4320 2589 4389 congerendarum
2621 4335 2793 4374 causa
2824 4320 3109 4377 laboribus
3137 4333 3191 4376 et
3228 4324 3492 4378 aerumnis

1911 4424 2055 4478 agre
2111 4408 2441 4471 exantlatis,
2498 4417 2728 4463 mortem
2792 4410 3089 4478 improviso
3148 4412 3490 4478 ingruentem

230 4505 559 4571 κατέπεμπε
589 4502 683 4556 τὸν
710 4502 940 4556 πλοῦτον
969 4506 1080 4567 τοῖς
1100 4504 1315 4574 ἐχθροῖς
1336 4507 1428 4557 καὶ
1447 4505 1721 4574 μισοῦσιν.
1746 4506 1806 4559 Ei

1916 4500 2131 4565 sensit,
2183 4509 2236 4552 et
2290 4499 2513 4553 divitias
2571 4500 2812 4555 inimicis
2879 4501 3325 4572 adversariisque
3374 4504 3492 4559 suis

228 4594 291 4648 δὲ
318 4592 484 4663 μηδὲν
502 4591 762 4661 περισσὸν
799 4590 893 4643 καὶ
917 4592 1181 4645 σωστικδν
1214 4592 1507 4663 εὑρίσκεις,
1531 4594 1808 4664 ἄνθρωπε,

227 4683 321 4738 διὰ
344 4681 439 4735 τοῦ
474 4680 715 4735 τοιούτου
748 4682 1133 4753 περισπασμοῦ
1164 4686 1256 4737 καὶ
1282 4685 1575 4755 μόχθου,τί
1609 4687 1808 4757 δήποτε

230 4774 313 4845 μὴ
337 4772 637 4845 διαρρήξας
677 4773 772 4826 καὶ
804 4775 1125 4827 καταλιπὼν
1165 4775 1264 4839 τὰς
1323 4777 1515 4847 ἄρχεις
1550 4778 1647 4840 τάς
1678 4796 1808 4830 κατο

229 4864 463 4934 εχούσας
486 4879 546 4916 σε
573 4863 711 4935 πρὸς
739 4862 837 4936 τὴν
870 4862 965 4918 τοῦ
1005 4866 1213 4935 κόσμου
1249 4866 1432 4935 φιλίαν
1462 4869 1554 4921 καὶ
1590 4868 1686 4940 τὴν
1716 4869 1810 4923 τοῦ

230 4956 469 5010 πλούτου
487 4956 882 5026 προσπάθειαν,
906 4957 1230 5027 μεταϐαλεῖς
1247 4959 1342 5012 καὶ
1364 4960 1691 5031 μεταθήσεις
1710 4962 1811 5032 τὴν

230 5048 555 5116 ἐπιμέλειαν
571 5047 769 5101 καὶτὸν
788 5048 987 5118 μόχθον
1009 5050 1066 5101 ἐν
1082 5052 1145 5119 τῇ
1164 5050 1452 5121 ἀνευρέσει
1470 5052 1573 5105 τῶν
1590 5053 1811 5120 ἀγαθῶν

231 5139 330 5192 καὶ
367 5137 661 5192 λυσιτελῶν
691 5156 749 5191 τε
782 5140 876 5192 καὶ
922 5140 1204 5193 σωστικῶν
1242 5142 1337 5195 καὶ
1369 5144 1469 5208 τῆς
1509 5144 1688 5215 ψυχῆς
1719 5146 1812 5200 καὶ

229 5228 330 5283 τοῦ
364 5227 657 5298 σώματος;
694 5250 712 5282 ι
752 5231 936 5285 Πάντα
967 5231 1076 5302 γὰρ
1103 5234 1241 5287 καλά
1264 5236 1322 5286 ἐν
1345 5236 1526 5313 καιρῷ
1555 5237 1753 5292 αὐτῶν.
1786 5257 1805 5290 ι

231 5320 348 5372 Καὶ
390 5319 471 5372 δεῖ
509 5336 567 5371 σε
608 5320 699 5373 τὸν
737 5321 926 5392 καιρὸν
960 5322 1192 5375 ἑκάστου
1232 5324 1554 5395 πράγματος
1603 5326 1808 5398 ζητεῖν,

232 5411 328 5465 καὶ
404 5412 593 5481 μηδενὶ
660 5412 721 5465 τὸ
794 5415 1059 5484 παράπαν
1136 5415 1383 5486 ἀκαίρως
1471 5419 1805 5488 κεχρῆσθαι,

235 5503 373 5575 μηδέ
426 5502 504 5572 τῷ
547 5506 743 5571 φαγεῖν
805 5505 939 5575 μηδέ
969 5504 1047 5574 τῷ
1100 5508 1264 5570 πιεῖν,
1303 5510 1438 5578 μήτε
1474 5509 1550 5580 τῷ
1603 5510 1809 5563 κλαίειν

304 5696 419 5773 (3-1)
454 5696 716 5773 Superius
752 5699 973 5773 quidem
1010 5700 1262 5773 legimus.
1294 5702 1353 5754 ἐν
1384 5703 1563 5773 καερῷ
1604 5705 1769 5759 αὐτοῦ
1791 5724 1803 5737 ο

233 5776 291 5824 at
321 5768 406 5823 hic
433 5772 720 5833 scriptum,
770 5771 827 5821 ὲν
880 5768 1279 5839 καιρῴαὺτὼν
1303 5790 1315 5803 ·
1354 5773 1420 5825 ad
1468 5768 1804 5843 Symmachi,

1915 4589 2244 4644 transmisit.
2296 4588 2453 4653 Quod
2502 4589 2547 4643 si
2600 4590 2757 4654 nihil,
2807 4604 2841 4644 ο
2880 4592 3154 4657 mortalis,
3202 4592 3350 4662 quod
3403 4608 3493 4647 re-

1913 4681 2143 4745 dundet,
2179 4680 2317 4734 nihil
2352 4680 2499 4750 quod
2532 4680 2762 4735 salutem
2808 4680 2965 4747 ferat,
3013 4683 3067 4737 in
3106 4682 3294 4738 labore
3332 4698 3494 4737 cura-

1912 4790 2020 4845 que
2052 4774 2216 4838 inest,
2247 4788 2411 4843 quam
2443 4772 2654 4828 divitiis
2694 4775 2954 4843 parandis
2989 4775 3362 4844 impenderis;
3392 4791 3493 4831 cur

1914 4866 2212 4935 aliquando
2263 4867 2396 4919 retia
2435 4866 2562 4932 ista,
2600 4882 2720 4935 qua:
2757 4876 2808 4920 te
2843 4868 3118 4922 mundana
3158 4869 3415 4924 amicitia'
3437 4876 3494 4935 et

1912 4958 2231 5014 divitiarum
2285 4972 2474 5012 amore
2534 4970 2753 5028 captum
2806 4960 3139 5029 impediunt,
3200 4976 3308 5015 non
3360 4933 3495 5015 con:

1914 5049 2120 5105 scindis
2150 5064 2216 5103 ac
2245 5048 2495 5103 deseris?
2522 5064 2640 5116 cur,
2678 5058 2886 5104 mutato
2917 5052 3123 5114 studio,
3153 5051 3491 5120 diligentiam

1912 5150 2078 5210 atque
2110 5140 2353 5194 laborem
2414 5139 2482 5195 ad
2535 5141 2803 5195 bonarum
2836 5151 3001 5211 atque
3036 5143 3249 5198 utilium
3284 5158 3489 5207 rerum,

1912 5250 2033 5305 qua:
2089 5236 2309 5304 corpori
2360 5246 2415 5290 et
2474 5237 2670 5291 animae
2719 5240 2963 5306 prosint,
3017 5239 3490 5309 investigationem

1914 5340 2020 5380 non
2059 5326 2368 5382 transfers?
2412 5347 2430 5380 ι
2472 5327 2739 5384 Universa
2771 5332 2915 5383 enim
2945 5331 3087 5385 bona
3120 5331 3174 5384 in
3211 5333 3491 5401 tempesti-

1913 5416 2079 5471 vitate
2125 5432 2220 5472 sua
2242 5419 2378 5490 (3i).
2423 5438 2441 5469 ι
2480 5418 2544 5474 Ει
2584 5429 2825 5490 oportet,
2856 5429 2918 5475 ut
2946 5422 3213 5495 cujusque
3244 5424 3321 5477 rei
3354 5434 3493 5479 tem-

1912 5510 2273 5578 pestivitatem
2314 5512 2430 5581 ipse
2472 5514 2742 5582 inquiras,
2776 5524 2831 5569 et
2872 5516 3019 5570 nulla
3050 5515 3278 5571 omnino
3315 5517 3493 5573 utaris

1910 5718 2128 5778 opinor.
2152 5708 2506 5767 sententiam.
2544 5711 2635 5778 qui
2671 5727 2732 5765 ea
2764 5714 2929 5768 verba
2964 5714 3043 5768 sic
3067 5710 3303 5768 reddidit
3330 5730 3342 5767 :
3370 5713 3489 5767 Ka-

1912 5772 2000 5825 λὸν
2033 5773 2264 5828 ἱκαστον
2296 5781 2352 5830 ἐν
2387 5772 2575 5847 καιρῷ
2608 5780 2743 5850 ίδίῳ.
