4192 6436
200 374 288 437 ish-
1250 370 1319 426 lii
1370 370 1947 431 ECCLESlASTEN.
1991 400 2054 408 -
2090 372 2234 432 LIB.
2289 372 2400 432 III.

3343 369 3453 436 882

194 484 599 549 κατακρίνοντες
637 486 838 541 πανιας
877 482 991 540 τοὺς
1016 477 1228 541 ἀσεϐεῖς
1255 480 1351 532 καὶ
1381 477 1479 549 τὴν
1512 497 1755 550 κορυφω-
1794 522 1801 541 ι

1908 496 1988 534 ua:
2046 481 2113 535 ad
2167 493 2445 534 summum
2497 490 2618 532 sese
2653 474 2930 546 fastigium
2970 474 3267 544 extulerat,
3308 477 3459 545 dejeu-

193 573 367 625 θείοαν
417 571 860 641 εἰδωλολατρτίαν
904 571 1343 640 καταράσσοντες
1397 571 1477 633 εἰς
1518 571 1616 639 τὴν
1661 572 1763 639 γῆν

195 664 277 719 καὶ
308 662 540 731 φροῦδον
566 662 1004 724 ἀποδεικνύντες.

259 754 350 816 Εἰς
378 753 467 805 τὸν
501 753 663 805 τόπον
689 747 783 806 οὖν
824 751 924 821 τῆς
955 751 1187 820 κρίσεως
1217 745 1356 804 εἶδεν
1385 753 1412 804 ό
1438 751 1599 819 σοφὸς
1645 753 1767 804 Ἐκ-

194 847 521 916 κλησιαστὴς
551 845 641 898 τὸν
666 844 843 914 ἀσεϐῆ
877 843 1426 914 καταδεδικασμένον,
1459 846 1554 899 καὶ
1596 863 1768 898 κατα-

197 938 532 1007 κεκριμένον,
564 936 640 1001 ὡς
671 936 918 1013 ἔφθημεγ
953 936 1222 1001 εἰπόντες,
1248 939 1340 991 τὸν
1369 938 1640 1002 διάϐολον,
1677 940 1772 994 καὶ

199 1033 399 1092 πάντας
443 1031 568 1092 τοὺς
596 1032 662 1100 τῇ
700 1033 936 1099 πονηρίᾳ
976 1028 1067 1081 καὶ
1094 1029 1385 1099 δυσσεϐεἰᾳ
1418 1031 1515 1098 τῆς
1557 1032 1770 1084 ἐκείνου

197 1119 394 1187 λύττης
420 1118 989 1190 γιιτηκολουθηκότας.
1025 1114 1143 1171 Εἷδε
1166 1118 1224 1173 δὲ
1250 1123 1340 1172 καὶ
1377 1120 1539 1174 τόπον
1568 1120 1662 1173 τοῦ
1691 1122 1772 1175 δι-

197 1215 379 1278 καίου,
410 1214 657 1266 τουτέστι
682 1212 776 1266 τοῦ
806 1213 1094 1282 μέλλοντος
1120 1212 1462 1267 δικαιοῦσθαι
1497 1213 1650 1284 παρά
1677 1215 1772 1267 τοῦ

199 1303 431 1373 Χριστοῦ
466 1306 560 1356 xui.
588 1306 839 1375 Σωτῆρος
862 1306 1019 1375 ἡμῶν
1044 1306 1132 1359 διὰ
1160 1308 1259 1376 τῆς
1291 1308 1427 1379 πρὸς
1458 1308 1621 1362 αὑτὸν
1645 1328 1775 1363 κατο

199 1394 608 1466 ακολουθήσεως
650 1396 747 1449 καὶ
800 1397 899 1464 τῆς
940 1398 1077 1466 πρὸς
1122 1400 1215 1451 τὸν
1254 1399 1388 1452 Θεὸν
1432 1401 1526 1453 καὶ
1557 1401 1777 1472 Πατέρα

203 1484 433 1547 πίστεως
464 1485 822 1554 ἀκραιφνοῦς.
862 1487 961 1538 Διά
988 1488 1146 1540 τοῦτό
1168 1506 1353 1558 φησιν,
1392 1508 1410 1539 ι
1452 1490 1600 1543 Ἐκεῖ
1624 1494 1651 1545 6
1685 1493 1776 1544 εὑ-

205 1578 388 1643 σεϐής.
422 1595 439 1625 ι
473 1578 533 1629 Εἰ
560 1576 671 1646 γὰρ
698 1577 932 1646 εὐσεϐής
958 1580 1103 1631 ὲστιν
1133 1582 1160 1632 6
1186 1581 1286 1642 τὰς
1318 1580 1620 1651 ὑπολήψεις
1651 1585 1780 1651 ἀγα-

204 1666 299 1730 θὰς
331 1667 471 1737 ἔχων
499 1668 634 1737 πρὸς
664 1669 756 1723 τὸν
793 1671 886 1722 ἐπὶ
915 1670 1134 1724 πάντων
1163 1670 1318 1734 Θεὸν,
1357 1672 1453 1726 καὶ
1483 1673 1590 1725 τῶν
1620 1675 1777 1745 ὀρθο-

201 1759 366 1824 δόξων
396 1760 684 1829 δογμάτων
721 1762 821 1831 τὴν
856 1762 1159 1831 ἀσφάλειαν
1199 1765 1487 1832 φυλάττων
1524 1766 1618 1818 καὶ
1652 1784 1782 1819 συν-

1873 579 2015 625 ctam
2056 578 2110 626 et
2156 569 2308 625 humi
2347 568 2627 633 atllictam,
2663 566 2820 636 plane
2859 566 3078 620 inanem
3111 565 3460 621 demonstra-

1878 673 2014 717 rent.

1944 754 2116 810 Porro
2146 753 2213 809 ad
2250 754 2443 823 judicii
2478 754 2660 809 locum
2686 750 2824 805 vidit
2852 750 3073 821 sapiens
3099 750 3462 806 Ecclesiastes

1875 849 2299 903 condemnatum
2333 846 2582 915 impium,
2639 854 2825 915 atque,
2881 854 2940 897 ut
2996 842 3158 897 modo
3197 842 3460 905 diximus,

1879 941 2196 1009 perculsum
2228 939 2530 1005 diabolum,
2572 948 2627 993 et
2667 951 2883 1000 omnes,
2914 935 3009 1005 qui
3052 935 3461 1005 improbitatem

1881 1034 2412 1102 perversitatemqne
2458 1031 2661 1086 furoris
2711 1029 2859 1084 illius
2894 1028 3191 1095 consectati
3225 1026 3461 1081 fuerunt.

1881 1122 2028 1179 Vidit
2060 1135 2243 1177 autem
2272 1133 2326 1177 et
2352 1124 2532 1177 locum
2555 1122 2715 1190 justi,
2748 1122 2865 1174 sive
2885 1119 3026 1189 ejus,
3055 1118 3148 1187 qui
3176 1116 3311 1187 justi
3341 1131 3464 1170 san-

1880 1215 2198 1269 ctimoniam
2234 1233 2263 1269 a
2302 1215 2525 1270 Christo
2569 1223 2624 1267 et
2659 1212 2954 1265 Servatore
3004 1218 3198 1264 nostro
3234 1209 3469 1263 haustu-

1885 1324 1980 1363 rus
2030 1317 2169 1371 erat,
2206 1306 2478 1377 siquidem
2518 1305 2621 1375 ipsi
2670 1304 2992 1368 adhaereret,
3040 1311 3096 1356 et
3146 1303 3312 1355 Deum
3362 1298 3468 1353 Pa-

1884 1412 2134 1469 tremque
2213 1400 2335 1470 ejus
2408 1401 2623 1454 sincera
2691 1396 3029 1467 professione
3092 1400 3464 1448 veneraretur.

1887 1492 2073 1563 Itaque
2103 1494 2277 1547 dicit:
2330 1511 2348 1543 ι
2383 1492 2498 1546 lllic
2527 1492 2684 1561 pius;
2732 1509 2750 1541 ι
2788 1490 2833 1543 si
2883 1488 3029 1542 enim
3068 1486 3192 1556 pius
3222 1491 3327 1551 est,
3376 1485 3467 1555 qui

1890 1597 2065 1639 ret-tas
2093 1586 2158 1640 de
2189 1584 2298 1640 Deo
2331 1584 2573 1639 universi
2602 1582 2895 1652 Opiniones
2925 1580 3109 1645 habet,
3134 1578 3344 1648 quique
3373 1577 3471 1630 do-

1889 1683 2077 1733 etriute
2114 1678 2430 1732 orthodoxae
2468 1676 2817 1732 sanctitatem
2859 1671 3106 1726 custodit
3160 1680 3325 1739 atque
3355 1678 3473 1722 tue-

1892 1785 2000 1837 tur,
2019 1771 2261 1843 profecto
2295 1786 2489 1824 omnes
2513 1782 2757 1839 quoime,
2790 1766 2882 1837 qui
2906 1764 3186 1821 Christum
3214 1764 3471 1815 Servato-

201 1852 406 1921 τηρῶν,
439 1852 621 1921 δῆλον.
652 1855 733 1907 ὅτι
777 1855 872 1906 καὶ
913 1855 1116 1918 πάντες
1150 1857 1200 1909 οἰ
1239 1859 1665 1922 πεπιστευκότες
1704 1861 1783 1922 εἰς

1905 1882 2001 1919 'cm
2032 1865 2219 1919 mundi
2255 1864 2744 1931 Liberatoremque
2772 1867 3136 1931 agnoverunt,
3157 1864 3212 1911 et
3237 1855 3309 1910 ob
3333 1855 3473 1908 hanc

204 1944 438 2013 Χριστὸν
469 1944 561 1996 τὸν
584 1945 816 2015 Σωτῆρα
842 1945 936 1997 τοῦ
972 1946 1181 2015 κόσμου
1213 1949 1309 2000 καὶ
1340 1949 1661 2019 Λυτρωτὴν,
1690 1953 1785 2004 καὶ

203 2036 294 2088 διὰ
335 2034 493 2088 τοῦτο
526 2037 658 2104 παρ’
684 2036 849 2090 αὐτοῦ
889 2037 1276 2102 δικαιωθέντες
1319 2042 1381 2093 ἐκ
1424 2042 1681 2106 πίστεως,
1718 2046 1783 2114 τῇ

206 2131 555 2200 προσηγορίᾳ
604 2129 696 2183 τοῦ
749 2131 1324 2201 προκαταγγελθέντος
1355 2132 1588 2187 δικαίου
1638 2138 1787 2204 παρὰ

205 2220 298 2273 τοῦ
342 2220 772 2291 Ίςκκλησιαστοῦ
820 2223 1345 2295 παραληφθήσονται
1378 2229 1785 2297 προσηκόντως.

279 2313 393 2366 Μία
434 2314 536 2381 μὲν
564 2311 656 2368 οὖν
691 2315 829 2385 αὕτη
872 2315 980 2369 τῶν
1020 2319 1325 2388 εἰρημένων
1370 2321 1502 2388 ήμίν
1545 2320 1789 2391 θεωριῶν

215 2406 456 2472 πέφυκεν
482 2423 495 2436 ·
535 2407 695 2477 ἑτέρα
720 2407 775 2461 δὲ
819 2410 958 2463 κατὰ
990 2409 1049 2463 τὸ
1075 2410 1371 2464 ἀκόλουθον
1412 2414 1547 2483 αὐτῇ
1587 2433 1782 2481 καταγ-

210 2498 558 2567 γελθήσεται.
596 2500 763 2569 Δῆλον
787 2501 917 2571 γὰρ,
945 2502 1020 2565 ὡς
1047 2503 1147 2573 τῆς
1183 2504 1239 2556 ἐν
1286 2506 1347 2574 τῇ
1386 2506 1619 2576 δευτέρᾳ
1651 2524 1791 2574 nsip-

208 2588 371 2657 ουσία
409 2589 505 2642 τοῦ
536 2589 774 2660 Χριστοῦ
809 2592 902 2645 καὶ
933 2592 1069 2645 Θεοῦ
1105 2596 1199 2646 καὶ
1233 2595 1487 2664 Σωτῆρος
1515 2597 1670 2665 ἡμῶν
1703 2614 1791 2661 γε-

211 2682 520 2750 νησομένης
549 2683 783 2752 κρίσεως
810 2686 900 2737 καὶ
928 2685 1026 2753 τῆς
1046 2684 1155 2738 τῶν
1182 2685 1533 2754 βεϐιωμένων
1562 2688 1793 2740 ιΞιντσιττο⁸

211 2773 433 2837 δόσεως,
456 2774 781 2828 διατείνεται
806 2776 897 2827 τὸν
933 2776 1097 2828 τόπον
1133 2777 1261 2828 ἰδεῖν
1306 2778 1334 2828 6
1362 2778 1525 2845 σοφὸς
1570 2780 1795 2847 Ἐκκλη-

216 2866 467 2934 σιαστής.
510 2867 704 2918 Ἔσται
729 2866 783 2918 δὲ
810 2867 1038 2937 κάκείνη
1072 2868 1290 2929 πάντως
1319 2869 1413 2921 ἐπὶ
1443 2870 1539 2938 τῆς
1568 2870 1692 2937 γῆς,
1723 2871 1798 2932 ὡς

214 2951 511 3026 ἐλπίζομεν
538 2958 630 3010 καὶ
658 2957 1009 3027 πιστεύομεν,
1036 2959 1172 3028 πρὸς
1208 2957 1275 3028 ἣν
1313 2960 1340 3009 ό
1370 2959 1573 3027 κρίνων
1619 2962 1800 3020 πᾶσαν

213 3047 315 3117 τὴν
345 3050 449 3116 γῆν
485 3049 582 3101 καὶ
609 3049 817 3112 δίκαιος
854 3050 1049 3121 κριτὴς
1088 3051 1145 3102 ὲν
1175 3050 1301 3121 δόξῃ
1327 3054 1393 3121 τῇ
1422 3054 1663 3121 πατρικῇ
1700 3070 1800 3104 κα-

213 3142 390 3203 ταϐὰς
426 3143 604 3211 κρινεῖ
629 3143 836 3204 πάντας
858 3141 1202 3211 ἀνθρώπους,
1233 3147 1326 3195 καὶ
1364 3144 1490 3205 τοὺς
1523 3159 1803 3212 προσηκα-

1889 1958 2288 2028 professionem
2341 1955 2411 2008 ab
2457 1969 2523 2008 eo
2568 1953 2793 2022 justitise
2845 1947 3268 2005 sanctimoniam
3314 1960 3471 1999 acce-

1890 2066 2038 2119 pere,
2077 2048 2274 2102 merito
2314 2049 2383 2101 ab
2419 2046 2744 2100 Ecclesiaste
2782 2042 2927 2095 Jusli
2971 2039 3336 2110 appellatione
3381 2038 3477 2091 de-

1891 2144 2089 2213 signati
2122 2151 2453 2197 censeantur
2493 2139 2628 2210 (45).

1965 2324 2074 2394 95
2101 2321 2278 2376 Habes
2302 2337 2411 2390 jam
2441 2319 2671 2389 primaut
2714 2334 2904 2370 earum
2943 2312 3477 2370 considerationum,

1894 2431 2031 2484 quas
2069 2415 2226 2466 initio
2260 2410 2709 2465 memoravimus.
2742 2408 2923 2461 Altera
2957 2420 3125 2467 nunc,
3163 2411 3220 2456 ut
3247 2416 3346 2470 par
3373 2409 3479 2463 est,

1899 2507 2223 2577 proferetur.
2283 2504 2475 2573 Liquet
2526 2504 2806 2562 nimirum,
2860 2500 3159 2569 sapientem
3212 2494 3483 2549 Ecclesia-

1898 2613 2017 2654 sten
2050 2599 2397 2654 contendere.
2450 2605 2505 2648 ut
2541 2595 2720 2649 locqu
2766 2594 2943 2647 videat
2978 2590 3195 2660 judicii,
3237 2586 3381 2656 quod
3428 2586 3481 2638 in

1900 2695 2069 2746 .iltero
2101 2690 2306 2745 Christi
2340 2701 2393 2743 et
2422 2690 2514 2742 Dei
2555 2704 2619 2742 ac
2669 2685 2981 2741 Servatoris
3013 2683 3186 2737 nostri
3223 2681 3484 2741 adventu,

1901 2796 2006 2832 non
2051 2780 2169 2831 sine
2195 2793 2386 2829 eorum
2417 2766 2538 2845 qua:
2570 2776 2622 2828 in
2657 2777 2763 2828 vita
2813 2785 3030 2842 peracta
3069 2770 3274 2825 fuerint
3303 2784 3488 2823 reuiu-

1903 2874 2207 2934 neratione,
2242 2867 2549 2921 faciendum
2583 2877 2683 2921 est.
2724 2865 2838 2917 Erit
2861 2880 2987 2917 vero
3021 2872 3075 2916 et
3102 2861 3231 2915 illud
3263 2861 3488 2915 omnino

1904 2963 1954 3015 in
1984 2972 2147 3025 terra,
2177 2963 2252 3015 uti
2277 2975 2563 3029 speramus
2587 2970 2749 3026 atque
2774 2957 3084 3011 credimus:
3116 2953 3277 3023 cujus
3299 2967 3487 3014 causa,

1902 3054 1995 3122 qui
2022 3054 2211 3106 orbem
2250 3053 2568 3105 universum
2607 3050 2835 3117 judicat,
2859 3049 3043 3116 justus
3072 3045 3235 3115 judex
3266 3051 3487 3112 paterna

1906 3162 2029 3199 cum
2086 3144 2255 3214 glm-ia
2285 3144 2561 3211 delapsus,
2609 3157 2800 3195 omnes
2834 3141 3083 3194 homines
3127 3138 3181 3191 in
3222 3136 3489 3207 judicium

220 3230 421 3297 μένους
452 3232 514 3283 τὸ
544 3231 642 3301 τῆς
682 3234 958 3301 σωτηρίας
984 3233 1141 3302 ἡμῶν
1168 3232 1527 3301 Εὐαγγέλιον.
1560 3234 1653 3287 καὶ
1681 3236 1801 3295 τοὺς

1911 3236 2145 3295 vocabit,
2178 3244 2285 3287 tam
2310 3250 2405 3287 eos
2433 3234 2525 3302 qui
2556 3231 2749 3285 salutis
2777 3240 2978 3284 nostra:
3008 3226 3360 3297 Evangelium
3396 3225 3492 3278 ad-

214 3322 422 3389 ἦκιστα
472 3323 566 3377 τοῦ
621 3324 982 3393 εὐαγγελικοῦ
1031 3325 1393 3397 κηρύγματος
1434 3330 1500 3396 τῇ
1551 3328 1807 3395 σωτηρίῳ

218 3410 426 3488 ζεύγλῃ
457 3414 943 3484 καθυποταγέντας
976 3418 1065 3471 διὰ
1100 3419 1302 3488 πολλὴν
1344 3420 1605 3472 ἀϐουλίαν
1633 3440 1645 3452 ο
1682 3426 1805 3492 περὶ

216 3499 298 3557 ὦν
325 3523 459 3576 φησι
484 3509 577 3560 καὶ
606 3508 771 3561 Δαϐἰδ
797 3511 825 3561 6
848 3513 1139 3581 προφήτης
1157 3527 1169 3539 ⁸
1211 3530 1230 3562 ι
1270 3512 1809 3583 Ἀποστραφήτωσαν

218 3598 273 3649 οἰ
306 3600 625 3668 ἁμαρτωλοὶ
670 3602 750 3663 εἰς
789 3602 881 3654 τὸν
918 3602 1071 3672 ᾅδην,
1108 3603 1288 3657 πάντα
1320 3605 1388 3657 τὰ
1422 3605 1547 3674 ἔθνη
1581 3606 1649 3657 τὰ
1689 3608 1809 3657 ἐπι-

218 3691 605 3759 λκνθανόμενα
630 3691 722 3745 τοῦ
748 3693 903 3747 Θεοῦ.
941 3714 958 3742 ι
998 3696 1121 3748 Εἴτε
1149 3696 1328 3748 τοίνυν
1353 3693 1672 3766 ἀμφοτέρας
1697 3699 1812 3750 ὀνο-

224 3782 394 3848 μάζει
420 3781 519 3844 τὰς
554 3783 789 3851 κρίσεις,
822 3784 897 3847 ὡς
931 3786 1094 3855 ἡμεῖς
1120 3784 1526 3856 ὑπειλήφαμεν,
1570 3788 1680 3841 εἴτε
1714 3789 1812 3841 θα-

218 3874 391 3941 τέραιν
412 3891 424 3903 ο
459 3875 615 3939 τέως,
646 3874 926 3944 ἄνθρωπε,
956 3879 1020 3930 σὺ
1042 3877 1209 3945 γνῶθι
1234 3881 1417 3949 κρίσιν
1444 3881 1810 3951 ὀνομάζεσθαι

220 3966 324 4047 καὶ
361 3965 941 4034 προκαταγγέλλεσθαι
989 3968 1142 4038 παρὰ
1169 3969 1262 4023 τοῦ
1292 3970 1460 4039 σοφοῦ
1516 3972 1812 4041 προφανῶς

237 4055 696 4125 Ἐκκλησιαστοῦ,
742 4058 839 4112 καὶ
866 4059 1141 4129 διάκρισιν
1177 4062 1269 4114 καὶ
1308 4063 1595 4134 διαστολὴν
1644 4065 1812 4118 τόπου

223 4148 322 4198 καὶ
380 4147 566 4209 τόπου,
625 4150 720 4202 καὶ
774 4150 1004 4212 ἀσεϐοῦς
1061 4151 1157 4204 καὶ
1218 4153 1478 4217 εὐσεϐοῦς
1541 4155 1677 4225 πρὸς
1727 4157 1810 4217 τὺ,

223 4238 375 4291 κατὰ
419 4238 517 4309 τὴν
564 4239 832 4310 διαφορὰν
890 4241 999 4293 τῶν
1044 4242 1365 4311 ὑπολήψεων
1412 4247 1673 4316 ἐκατέρου
1724 4250 1814 4299 καὶ

222 4332 333 4398 τῆς
381 4326 526 4398 ζωῆς
580 4332 674 4383 καὶ
734 4331 1027 4413 πολιτείας,
1078 4334 1328 4405 ἐκατέρῳ
1376 4336 1473 4390 καὶ
1514 4338 1606 4391 τὸν
1652 4340 1814 4391 τόπον

225 4420 627 4491 κληρώσασθαι
673 4424 826 4493 παρὰ
868 4425 977 4477 τῶν
1023 4425 1347 4496 θεοπρεπῶν
1394 4429 1485 4480 καὶ
1520 4428 1815 4499 θεοκρίτων

225 4512 439 4580 ζυγῶν.

321 4604 602 4657 Ἐντεῦθεν
630 4602 723 4660 οὖν
757 4607 1136 4663 ἀποδέδεικται
1184 4608 1325 4663 κατὰ
1375 4610 1436 4660 τὸ
1479 4610 1679 4678 μᾶλλον
1721 4612 1816 4664 καὶ

226 4699 733 4767 καταθρανεστέρως
801 4700 969 4770 μηδὲν
1030 4703 1089 4754 ὲν
1157 4702 1431 4772 ἀποδοχῆς
1496 4706 1652 4772 μέρει
1712 4704 1820 4755 τῶν

224 4790 431 4841 ἀνόπιν
475 4791 620 4860 αὐτῷ
662 4793 1026 4861 λελεγμένων,
1067 4793 1098 4863 ἢ
1144 4796 1371 4847 κατόπιν
1406 4796 1820 4866 λεχθησομένων

228 4879 500 4948 περὶτῶν
534 4883 827 4953 μοχθηρῶν
865 4883 1081 4952 μόχθων
1112 4885 1206 4935 καὶ
1236 4884 1420 4937 κόπων
1465 4887 1556 4955 καὶ
1588 4887 1695 4938 τῶν
1723 4886 1819 4941 ἄλ-

228 4971 351 5022 λων
390 4973 487 5041 τῆς
532 4977 796 5045 πονηρίας
841 4975 933 5027 καὶ
984 4975 1323 5042 φαυλότητος
1368 4978 1819 5048 ἐπιτηδευμάτων

341 5109 385 5138 ⁶⁹
418 5107 561 5162 Psal.
596 5125 670 5174 ix,
719 5112 804 5165 l7.

318 5245 429 5304 (45,
462 5243 588 5296 Haec
611 5243 905 5309 quadraut,
943 5247 987 5297 si
1013 5260 1134 5297 cum
1169 5244 1307 5297 LXX
1342 5248 1570 5313 legimus
1614 5249 1706 5300 καὶ
1737 5250 1826 5300 τό-

232 5334 349 5369 πον
378 5313 469 5388 τοῦ
495 5315 707 5388 δικαίου
762 5315 879 5365 ἐκεῖ
922 5316 954 5388 6
985 5317 1238 5383 εὐσεϐής,
1269 5319 1731 5384 quemadmodum
1772 5330 1827 5372 et

236 5390 301 5442 in
331 5385 517 5437 codice
560 5382 834 5455 Vaticano
852 5386 1114 5453 scriptum
1144 5382 1243 5449 est,
1269 5382 1322 5439 et
1344 5388 1465 5440 aliis
1493 5389 1823 5455 quibusdam

240 5459 304 5510 in
342 5455 514 5525 libris,
536 5462 596 5525 ut
625 5454 691 5525 in.
711 5453 947 5525 editione
979 5458 1220 5509 ltomana
1252 5453 1580 5523 adnotatur;
1608 5459 1738 5525 quin
1775 5472 1828 5513 et

238 5530 328 5582 ita
362 5523 487 5590 legit
532 5520 751 5576 Lucifer
794 5522 1019 5576 Caralit.
1058 5527 1191 5578 lib.t
1236 5542 1333 5593 pro
1368 5520 1827 5581 sancto'A'thaua-

238 5599 376 5648 sio:
414 5594 478 5645 Et
512 5594 701 5665 flocum
736 5594 902 5665 justi;
937 5595 1048 5646 illic
1078 5598 1193 5661 pius
1229 5612 1246 5649 .'
1284 5615 1380 5650 nec
1431 5601 1589 5651 aliter
1635 5599 1829 5665 legisse

239 5666 469 5722 videtur
498 5664 792 5729 Gregorius
838 5662 1105 5727 Neoc;es.;
1145 5666 1223 5717 sic
1261 5669 1406 5718 enim
1454 5670 1598 5721 hunc
1642 5662 1819 5722 locum

241 5730 791 5805 explanavitzl‘liaov
845 5737 1059 5805 ενντοίς
1112 5737 1260 5787 κάτω
1309 5738 1497 5805 μέρεσι
1548 5740 1821 5801 κολάσεως

248 5808 357 5877 μὲν
390 5804 660 5875 βάραθρον
691 5804 814 5867 τοὺς
839 5803 1117 5868 δυσσεϐεῖς
1147 5803 1454 5876 δεχόμενον,
1483 5809 1735 5863 εὐσεϐέσι
1763 5810 1818 5862 δὲ

1911 3328 2132 3388 misere,
2173 3316 2336 3396 quam
2376 3326 2521 3387 illos,
2569 3325 2662 3394 qui
2714 3324 2953 3378 salutare
2992 3320 3319 3390 evangelicae
3355 3331 3491 3387 prte-

1908 3420 2199 3475 dicationis
2232 3419 2423 3488 jugum
2460 3427 2663 3471 temere
2706 3414 3124 3482 inconsulteque
3154 3412 3495 3467 detrectave-

1910 3521 2081 3565 runt:
2119 3510 2187 3564 de
2218 3511 2420 3581 quibus
2455 3521 2507 3563 et
2547 3508 2713 3561 David
2762 3507 3027 3576 propheta
3063 3506 3195 3559 dicit
3240 3519 3253 3555 :
3295 3522 3312 3555 ι
3350 3502 3496 3556 Con-

1911 3613 2195 3658 vertantur
2229 3613 2545 3672 peceatores
2599 3602 2650 3654 in
2688 3601 2982 3663 infernum,
3044 3612 3238 3651 omnes
3284 3604 3492 3665 gentes.

1911 3710 2033 3763 qua:
2062 3694 2462 3749 obliviScuntur
2493 3693 2659 3745 Deum
2691 3691 2756 3743 ‘9.
2798 3710 2815 3741 ι
2852 3689 2978 3742 Sive
3008 3688 3174 3758 igitur
3202 3695 3496 3753 utrumque

1915 3789 2003 3842 ille
2030 3787 2302 3857 judicium
2350 3785 2606 3855 appellat,
2653 3784 2729 3836 uti
2772 3798 2872 3837 nos
2906 3782 3218 3851 opinamur,
3268 3777 3383 3831 sive
3419 3775 3497 3827 al-

1916 3890 2221 3945 terutrum;
2258 3879 2389 3933 illud
2423 3886 2477 3929 tu
2512 3878 2715 3931 interea
2755 3889 3010 3946 agnosce,
3042 3888 3075 3926 ο
3106 3870 3371 3933 mortalis,
3405 3868 3495 3937 ju-

1914 3974 2117 4028 dicium
2144 3988 2170 4025 a
2201 3972 2447 4041 sapiente
2482 3969 2809 4024 Ecclesiaste
2842 3965 3138 4028 nominari,
3174 3961 3495 4016 manifesto-

1915 4080 2021 4133 que
2047 4064 2289 4134 prae-Iici.
2313 4080 2377 4118 ac
2401 4063 2761 4116 secretionem
2788 4058 2951 4113 simul
2975 4056 3498 4120 distiuctioncinquo

1918 4159 2018 4211 loci
2072 4174 2100 4209 a
2131 4159 2249 4209 lm'o
2280 4166 2333 4209 et
2368 4156 2517 4225 impii
2558 4172 2585 4207 a
2622 4155 2747 4228 pio,
2781 4162 2840 4206 ut
2871 4166 2967 4219 pro
3014 4150 3222 4203 ra'ione
3257 4148 3497 4214 suscepti

1918 4251 2133 4302 consilii
2164 4260 2217 4302 et
2251 4260 2386 4302 acta:
2429 4250 2552 4301 vita:
2593 4263 2717 4300 eum
2771 4245 2969 4297 habeat
3018 4250 3249 4311 uterque
3293 4242 3496 4298 locum,

1919 4358 2082 4410 quem
2111 4340 2893 4411 aequissimamjustissimarque
2927 4336 3017 4390 Dei
3065 4335 3247 4388 lances
3284 4333 3505 4399 utrique

1917 4434 2284 4487 attribuerim.

1999 4611 2130 4677 Qua:
2165 4626 2289 4664 cum
2319 4610 2391 4663 ita
2426 4609 2555 4674 sint,
2598 4608 2641 4663 si
2687 4608 2952 4677 potiorem
2987 4602 3503 4659 manifestatiorem-

1928 4717 2035 4772 que
2079 4717 2300 4756 sensum
2334 4716 2650 4771 sequamur,
2688 4700 2800 4769 jam
2837 4700 2890 4753 iu
2932 4710 3211 4766 comperto
3238 4703 3341 4758 est,
3373 4690 3505 4746 nihil

1927 4811 2115 4848 eorum
2145 4810 2266 4864 quae
2290 4795 2544 4863 superius
2584 4794 2728 4847 dicta
2753 4803 2904 4852 sunt,
2937 4806 3127 4858 qumva
3153 4788 3292 4842 infra
3319 4787 3509 4840 dicen-

1928 4898 2016 4940 tur
2046 4885 2111 4940 de
2136 4885 2424 4956 ﬂagitiosis
2444 4885 2725 4939 laboribus
2750 4894 2805 4939 et
2828 4880 3319 4952 defatigationibus
3350 4887 3509 4931 cat:-

1925 4982 2114 5046 risque
2153 4978 2441 5048 pravitatis
2476 4978 2953 5050 improbitatisque
2994 4972 3431 5047 professionibus
3461 4981 3509 5025 ct

1932 5252 2108 5320 χῶρον
2135 5254 2321 5322 ἕτερον
2348 5254 2652 5323 ἀνειμένον.
2671 5251 2895 5321 Nempe,
2925 5251 3039 5303 Vidi
3058 5265 3219 5323 porro
3239 5250 3293 5301 in
3324 5250 3510 5315 inferis

1930 5322 2168 5388 partibus
2208 5320 2451 5390 supplicii
2476 5320 2805 5377 ibarathrum
2835 5323 3025 5391 impios
3047 5320 3313 5388 excipiens
3349 5336 3368 5373 :
3411 5324 3513 5387 piis

1931 5404 2115 5445 contra
2152 5392 2325 5445 sedem
2354 5394 2579 5447 alteram
2614 5394 2963 5463 patefactam.
2999 5393 3060 5443 At
3089 5394 3181 5459 qui
3217 5391 3509 5463 editionem

1935 5464 2236 5539 Itomanam
2277 5475 2565 5539 curarunt,
2614 5457 2855 5539 't-ant'tiile
2902 5457 3256 5539 aseripfere}
3295 5457 3360 5539 lu
3406 5462 3501 5528 ple.

1933 5534 2108 5602 risque
2146 5548 2263 5585 rero
2324 5533 2470 5587 libris
2509 5545 2605 5597 est,
2640 5535 2745 5586 Καὶ
2772 5534 2934 5585 τόπον
2965 5529 3059 5583 τοῦ
3086 5529 3316 5602 δικαίον,
3344 5531 3461 5582 ἐκεῖ
3489 5534 3518 5585 6

1934 5599 2179 5671 ἀσεϐής·
2237 5612 2349 5655 tuin
2404 5615 2458 5657 et
2518 5605 2907 5673 Iliermiymum
2965 5599 3300 5673 legisseslft
3340 5602 3512 5673 locum

1922 5675 2175 5796 thtstitite,
2232 5674 2320 5724 ubi
2371 5676 2645 5744 iniquitas,
2700 5670 2820 5743 quzc
2874 5672 3053 5727 \erior
3101 5670 3260 5726 lectio
3304 5670 3512 5726 videtur

1978 5760 2143 5796 I'USIO.

1978 5760 2143 5800 I'USIO.
