4192 6436
212 380 317 448 885

1268 393 1342 451 IAN
1393 393 1974 457 ECCLEMASTEN.
2020 423 2084 432 —
2113 398 2257 459 LIB.
2295 401 2406 460 IlI.

3391 403 3499 469 886

213 499 413 563 κόσμον
468 495 911 561 αύτεξουυιόττιπ
952 498 990 568 ψ
1039 499 1130 569 (ἧς
1184 501 1410 568 λογικῆς
1465 505 1559 555 καὶ
1608 505 1798 573 νοερᾶς

1902 505 2072 562 libero
2104 508 2887 579 rationalis.intelligentisque
2930 507 3099 564 animi
3133 510 3364 565 arbitrio
3400 529 3497 566 cx-

209 585 613 654 ὲτιμήθη.οὕτε
657 591 792 658 πρὸς
839 590 1027 655 κρίσιν
1070 591 1372 662 ἀχθήσεται
1416 594 1478 646 τὸ
1508 597 1792 665 παράπαν,

209 677 317 730 οὐδ’
348 672 716 748 ἀνταμείψεις
745 681 856 745 ἔξει
894 682 1149 752 πράξεων
1199 684 1420 752 ἀγαθῶν
1470 687 1502 755 ἦ
1553 688 1791 761 φαύλων.

209 771 424 824 οὐκοῦν
463 773 490 824 ὂ
529 789 694 840 φησιν
728 775 756 825 6
790 775 1246 848 Ἑκκλησιαστὴς,
1282 797 1300 830 t
1331 781 1458 832 ’Ότι
1484 781 1673 850 καιρὸς
1717 781 1796 851 τῷ

211 863 375 915 παντὶ
428 864 720 933 πράγματι
772 868 870 932 καὶ
912 869 1016 926 ὲπί.
1063 873 1226 923 παντὶ
1261 874 1554 941 ποιήματι,
1589 892 1607 924 ι
1647 874 1798 943 δηλοί

212 957 506 1023 προφανῶς
535 958 633 1028 τὴν
659 959 972 1031 ὡρισμένην
999 965 1058 1015 ἐν
1091 962 1227 1032 τῷδε
1252 964 1331 1033 τῷ
1366 964 1466 1032 βίῳ
1505 964 1652 1033 ζωὴν
1703 967 1809 1024 καὶ,

210 1043 484 1115 διαγωγὴν
527 1050 622 1100 κοιλ⁸
654 1048 915 1122 διαμονὴν
946 1053 1043 1104 καὶ
1075 1053 1182 1105 τῶν
1215 1054 1520 1124 ἀνθρώπων
1561 1058 1658 1109 καὶ
1688 1058 1794 1108 τῶν

209 1131 383 1184 ἄλλων
416 1134 572 1197 ζώων
599 1137 855 1190 ἁπάντων
881 1153 893 1166 ⁸
931 1138 1013 1191 ἔτι
1052 1140 1110 1193 δὲ
1143 1143 1238 1194 καὶ
1274 1143 1374 1211 τῆς
1406 1145 1666 1213 οὐρανίας
1704 1148 1795 1199 καὶ

213 1225 730 1296 κυκλοφορουμένης
761 1231 1028 1300 κινήσεως
1063 1235 1159 1287 καὶ
1192 1235 1290 1303 τῆς
1319 1237 1420 1306 γῆς
1448 1237 1503 1289 δὲ
1555 1239 1645 1291 καὶ
1693 1239 1796 1310 τῆς

214 1314 520 1386 (“αὶὰσσης;
555 1318 727 1373 Ὅταν
776 1321 834 1374 δὲ
886 1323 1054 1391 πέρας
1094 1324 1312 1395 δέξηται
1359 1329 1453 1380 καὶ
1498 1328 1709 1382 παῦλαν
1761 1333 1794 1400 ἡ

212 1407 468 1472 σύστασις
499 1410 599 1480 τῆς
632 1413 937 1496 ἐνεστώσης
969 1414 1114 1485 ζωῆς
1135 1433 1148 1446 ’
1181 1419 1481 1488 τηνικαῦτα
1506 1423 1686 1492 κρίσις
1714 1425 1792 1477 δι-

211 1499 343 1553 καία
374 1507 662 1572 γενήσεται
693 1508 786 1560 καὶ
823 1509 1157 1577 κατάλληλος
1200 1513 1580 1579 ἀνταπόδοσις,
1611 1517 1794 1584 μόνοις

209 1591 409 1662 δηλαδὴ
438 1597 549 1658 τοῖς
575 1595 802 1666 λαχοῦσι
832 1601 984 1670 παρὰ
1013 1601 1107 1654 τοῦ
1131 1604 1478 1674 Δημιουργοῦ
1508 1606 1686 1679 ψυχὴν
1710 1609 1795 1661 λο-

210 1683 375 1752 γικήν
406 1701 465 1737 τε
505 1689 600 1739 καὶ
646 1689 861 1758 νοερὰν,
896 1693 972 1754 ὼς
1002 1691 1099 1763 τὴν
1132 1695 1217 1762 ἐφ’
1242 1697 1480 1767 ἑκάτερα
1522 1700 1794 1770 κεκτημέ-

211 1791 326 1836 νοις
367 1778 707 1848 προαίρεσιν.
741 1782 912 1836 Τοῦτο
951 1784 1060 1855 γὰρ
1103 1788 1328 1856 ἐμπεδοῖ
1356 1792 1600 1858 φάσκων,
1639 1813 1658 1845 ‹
1689 1794 1794 1846 Σὺν

1902 610 2154 654 ornatum
2195 612 2298 664 est,
2334 613 2499 671 atque
2539 603 2674 656 adeo
2715 619 2810 657 nec
2839 603 3035 672 judit-ii
3072 618 3213 658 onus
3265 604 3493 668 subibit,

1903 707 2001 744 nec
2037 691 2176 745 ntale
2209 700 2305 745 aut
2337 701 2486 746 recte
2519 691 2792 746 factorum
2822 692 3306 761 compensationes
3335 693 3490 746 feret.

1898 780 2020 835 Jam
2054 782 2202 852 quod
2233 783 2308 836 ait
2341 783 2728 843 Ecclesiastes.
2772 801 2790 834 ι
2824 783 3306 851 tempestivitatetn
3341 783 3490 835 omni

1903 874 1977 927 rei
2001 889 2143 936 esse,
2173 881 2226 928 et
2267 888 2433 942 super
2463 888 2628 927 omne
2665 871 2894 938 factum,
2929 891 2948 924 ι
2987 888 3167 928 nonne
3197 869 3492 928 manifesto

1900 966 2163 1029 declarat,
2192 965 2474 1020 deﬁnitam
2510 966 2654 1034 apud
2690 980 2790 1020 nos
2822 966 2988 1018 vitam
3021 973 3073 1020 et
3117 965 3410 1020 stationem
3438 975 3490 1020 et

1903 1072 2110 1111 moram
2147 1074 2271 1112 cum
2324 1057 2607 1111 hominum
2659 1066 2773 1110 tum
2810 1067 3132 1112 emterorum
3173 1056 3336 1110 etiam
3370 1058 3489 1111 ani-

1904 1151 2167 1203 mantimn
2204 1169 2217 1204 :
2263 1151 2486 1218 insuper
2517 1149 2821 1205 etelestium
2858 1151 2985 1204 item
3032 1147 3484 1210 conversionem,

1901 1255 1967 1294 ac
1999 1250 2154 1294 terrae
2187 1241 2352 1294 etiam
2383 1251 2437 1296 et
2479 1242 2686 1296 maris?
2713 1257 2875 1310 porro
2918 1242 3007 1297 ubi
3043 1241 3325 1311 prarsentis
3364 1241 3486 1296 vita:

1901 1333 2217 1386 constitutio
2252 1333 2412 1388 ﬁnem
2439 1335 2792 1404 quietemque
2821 1335 3109 1398 habuerit;
3143 1346 3255 1388 tum
3276 1335 3481 1401 justum

1903 1425 1992 1480 ﬁet
2016 1426 2283 1495 judicium
2319 1437 2374 1482 et
2404 1438 2771 1482 consentanea
2809 1428 3179 1482 remuneratio
3211 1426 3346 1497 (47),
3375 1429 3484 1480 uti-

1903 1534 2008 1586 que
2040 1527 2259 1588 propter
2289 1534 2384 1574 eos
2417 1527 2650 1582 tantum,
2685 1520 2779 1588 qui
2813 1520 2883 1573 ab
2925 1527 3150 1573 auctore
3177 1535 3279 1574 suo
3314 1519 3482 1574 ratio-

1902 1613 2078 1664 nalem
2113 1619 2167 1663 et
2196 1610 2585 1679 intelligentcm
2623 1611 2869 1663 animum
2908 1611 3052 1663 nacti
3085 1620 3242 1674 sunt;
3285 1610 3484 1679 quippe

1901 1708 1993 1772 qui
2037 1704 2205 1758 libera
2234 1703 2486 1774 eligendi.
2527 1705 2671 1772 quod
2707 1703 2949 1766 mallent,
2988 1701 3244 1757 facultate
3273 1702 3480 1769 prrediti

1903 1799 2142 1853 fuerunt.
2181 1798 2313 1853 Nam
2357 1801 2408 1853 id
2459 1798 2812 1853 Ecclesiastes
2853 1798 3161 1861 conﬁrmat,
3196 1813 3318 1852 cum
3351 1798 3424 1851 ait
3465 1817 3477 1850 :

211 1865 305 1916 τὸν
327 1866 534 1923 δίκαιον
565 1872 779 1926 καὶτὸν
803 1875 973 1946 ἀσεϐῆ
1012 1882 1190 1947 κρινεῖ
1231 1882 1257 1932 6
1295 1881 1452 1944 Θεὸς.
1491 1903 1510 1935 ι
1564 1885 1795 1956 ’Λσεϐὴς

1905 1912 1922 1944 ι
1952 1889 2166 1946 Iustum
2198 1902 2253 1946 et
2285 1891 2510 1960 impium
2539 1891 2809 1960 judicabit
2852 1891 3014 1945 Ileus.
3052 1908 3070 1941 ι
3123 1889 3308 1960 Neque
3335 1891 3477 1943 enim

212 1958 322 2024 γὰρ
356 1959 448 2011 καὶ
481 1959 690 2025 δίκαιος
717 1966 892 2027 οὐδεὶς
921 1966 1079 2032 ἄλλος
1108 1969 1334 2040 εὕρηται
1364 1974 1424 2026 τὸ
1447 1975 1726 2045 παράπαν.
1759 1978 1792 2048 ἤ

213 2053 683 2125 προσαγορεύεται
709 2058 816 2112 τῶν
845 2061 1166 2130 πεφυκότων
1195 2065 1344 2134 παρὰ
1365 2064 1454 2118 τὸν
1486 2067 1788 2138 ἄνθρωπον.

212 2144 383 2197 Τοῦτο
440 2147 548 2217 γὰρ
599 2149 898 2204 αἰνίττεται
947 2155 1049 2207 κάν
1103 2159 1215 2218 τοῖς
1262 2158 1550 2226 ἑπομένοις
1601 2162 1790 2226 εἰπὼν,

216 2253 237 2284 t
271 2233 413 2290 Εἷπα
448 2239 558 2308 ἐγὼ
584 2243 643 2292 ὲν
674 2243 872 2314 καρδίᾳ
905 2261 1007 2314 μου
1042 2247 1171 2318 περὶ
1202 2247 1390 2312 λαλιᾶς
1421 2251 1554 2302 υίῶν
1589 2252 1794 2322 ἀνθρώ-

213 2344 338 2393 που,
374 2331 456 2383 ὅτι
496 2333 766 2404 διακρινεῖ
807 2339 1007 2402 αὐτοὺς
1035 2341 1062 2392 6
1091 2340 1244 2404 Θεὸς,
1280 2360 1298 2391 ι
1329 2341 1652 2411 ἀνθρώπους
1680 2348 1794 2397 εἱσ-

213 2417 362 2485 ἀγων
394 2423 673 2492 πανταχοῦ
718 2425 846 2486 τοὺς
875 2428 1455 2500 εἰσπραχθησομὲνους
1486 2435 1583 2497 τὰς
1614 2434 1791 2500 δίκας,

214 2511 308 2562 καὶ
353 2511 956 2586 κριθησομένους.περὶ
1002 2511 1480 2592 ὄιν-διεπράξαντο
1522 2527 1661 2578 κατὰ
1695 2527 1794 2594 τῆς

214 2602 438 2672 γνώμης
471 2606 816 2677 αὐθαίρετον.

292 2696 356 2746 Ὀ
383 2695 439 2748 δέ
472 2713 627 2768 φησι,
661 2717 681 2750 t
718 2701 854 2771 Περὶ
885 2702 1095 2767 λαλιᾶς,
1159 2724 1176 2756 ι
1214 2706 1308 2759 τοῦ
1343 2708 1545 2778 Κυρίου
1578 2711 1793 2779 προδια-

215 2787 417 2856 γράφει
441 2789 530 2842 τὸν
561 2790 717 2859 λόγον
739 2794 830 2846 τον
861 2797 1316 2868 αποφαινόμενον,
1352 2802 1444 2853 καὶ
1471 2803 1596 2869 περὶ
1621 2804 1792 2872 ἀργοῦ

215 2876 378 2946 λόγου
421 2879 603 2935 δοῦναι
644 2883 798 2951 λόγον
832 2887 889 2939 ὲν
919 2888 1102 2958 ἡμέρα
1149 2893 1247 2960 τῆς
1281 2893 1513 2958 κρίσεως
1541 2895 1664 2957 τοὺς
1698 2896 1794 2948 ἁν-

212 2969 489 3038 θρώπους.
544 2973 601 3026 '0
654 2973 835 3046 μέντοι
887 2982 1172 3049 προφήτης
1218 2982 1381 3035 Δαόὶδ
1428 2986 1486 3039 ὲν
1520 2987 1792 3055 πνεύματι

217 3063 357 3130 ἁγίῳ
387 3066 480 3118 καὶ
504 3066 686 3119 πλεῖον
709 3065 829 3123 εἷπε
857 3071 964 3123 τῶν
993 3074 1300 3143 εἰρημένων
1321 3092 1334 3105 ο
1361 3079 1492 3147 φησὶ
1525 3079 1631 3149 γὰρ
1659 3082 1793 3150 πρὸς

216 3155 449 3250 τονλτῶν
490 3158 626 3211 ἔλων
654 3159 808 3226 Θεὸν,
845 3181 864 3211 t
907 3163 1028 3216 Ὅτι
1068 3165 1323 3234 ἐνθύμιον
1359 3169 1646 3241 ἀνθρώπου
1707 3175 1792 3239 ἐξ·
1823 3195 1864 3250 C

215 3247 614 3318 ομολογήσεταί
646 3268 748 3304 σοι.
790 3271 807 3302 ι
845 3255 1148 3324 Παρίστησί
1174 3276 1236 3327 γε
1272 3261 1378 3330 μὴν
1409 3265 1500 3314 καὶ
1523 3265 1620 3324 τὰς
1668 3269 1796 3336 περὶ

218 3337 405 3401 λαλιᾶς
435 3342 544 3392 τῶν
572 3343 702 3395 υίιῗιν
731 3347 824 3398 τοῦ
869 3345 1158 3417 ἀνθρώπου
1203 3352 1502 3416 καταδίκας
1553 3358 1646 3408 καὶ
1699 3375 1796 3410 κα-

215 3431 499 3499 τακρίσεις
542 3436 645 3487 κάν
677 3439 790 3500 τοῖς
835 3439 1186 3509 Βύαγγελίοις
1221 3444 1446 3512 φάσκων
1487 3449 1515 3498 6
1555 3447 1790 3516 Κύριος·

225 3539 243 3569 ι
293 3521 388 3574 Ἐκ
412 3524 521 3576 τῶν
550 3526 724 3594 λόγων
756 3545 847 3582 σου
879 3531 1236 3604 δικαιωθήσῃ,
1274 3536 1367 3588 καὶ
1395 3537 1460 3588 ὲκ
1488 3536 1595 3588 τῶν
1623 3537 1796 3605 λόγων

222 3628 316 3665 σου
361 3617 829 3692 καταδικασθήσῃ.
877 3641 894 3672 ι
939 3623 1013 3676 Τὸ
1053 3623 1130 3686 δὲ,
1166 3644 1184 3676 ι
1224 3628 1501 3695 Διακρινεῖ
1547 3631 1741 3692 αὐτοὺς
1768 3633 1796 3682 6

216 3704 376 3768 Θεὸς.
431 3725 450 3758 ι
489 3711 631 3764 κατὰ
683 3713 782 3781 μὲν
811 3712 903 3765 τδν
946 3715 1138 3784 καιρὸν
1187 3718 1285 3784 τῆς
1334 3718 1797 3791 ἐνανθρωπήσεως

216 3797 314 3849 τοῦ
365 3800 602 3868 Χριστοῦ
658 3803 750 3854 καὶ
807 3804 1056 3874 Σωτῆρος
1111 3807 1287 3876 ἡμῶν,
1345 3808 1586 3863 δείκνυσι
1641 3813 1736 3863 καὶ
1769 3816 1796 3866 6

222 3887 534 3961 Βαπτιστὴς
592 3891 843 3963 Ἰωάννης
894 3896 1022 3965 περὶ
1075 3897 1238 3949 αὑτοῦ
1292 3899 1485 3966 λέγων,
1537 3921 1554 3952 ι
1612 3898 1687 3955 Οὗ
1737 3905 1797 3958 τὸ

222 3978 392 4031 πτύον
412 3981 470 4032 ὲν
495 3985 561 4052 τῇ
592 3984 734 4054 χειρὶ
765 3985 950 4050 αὐτοῦ,
986 3987 1080 4040 καὶ
1112 3988 1457 4059 διακαθαριεῖ
1483 3996 1581 4063 τὴν
1614 3995 1796 4048 ἅλωνα

220 4069 408 4133 αὑτοῦ,
437 4072 532 4123 καὶ
578 4073 796 4138 συνάξει
825 4076 915 4128 τὸν
954 4081 1102 4132 σῖτον
1141 4082 1305 4134 αὑτοῦ
1352 4086 1430 4145 εἰς
1458 4085 1558 4154 τὴν
1588 4089 1797 4159 ἀποθή·

221 4179 344 4230 κην,
386 4165 448 4216 τὸ
496 4167 552 4219 δὲ
607 4169 810 4238 ἄχυρον
866 4173 1204 4227 κατακαύσει
1255 4177 1388 4246 πυρὶ
1440 4179 1710 4251 ἁσῧέστῳ.
1774 4202 1792 4235 ι

222 4255 380 4308 Κατὰ
413 4257 468 4310 δὲ
495 4259 585 4311 τὸν
620 4263 808 4332 καιρὸν
841 4265 936 4335 τῆς
968 4267 1178 4330 ἐνδόξου
1214 4269 1308 4323 καὶ
1340 4271 1577 4341 φοϐερᾶς
1616 4273 1798 4330 δευτέ-

222 4364 325 4416 ρας
382 4349 547 4401 αὑτοῦ
599 4355 909 4423 παρουσίας
971 4358 1244 4412 δείκνυσιν
1298 4361 1461 4422 αὐτὸς
1516 4365 1723 4429 ἐκεῖνος
1773 4370 1801 4420 6

221 4438 656 4509 θεαρχικὼτατος
684 4445 856 4514 Λόγος
894 4451 988 4503 καὶ
1020 4452 1252 4519 Χριστὸς
1292 4455 1384 4506 καὶ
1417 4455 1607 4525 Σωτὴρ
1641 4462 1670 4524 ἡ
1682 4459 1801 4526 μῶν

1899 1984 2101 2052 impius
2151 1991 2205 2038 et
2250 1983 2434 2052 justus
2491 1982 2724 2036 inveniri
2765 1982 2906 2037 alius
2945 1982 3218 2051 quispiam
3276 1990 3474 2050 potest,

1896 2087 1986 2130 aut
2012 2091 2078 2130 eo
2127 2076 2350 2129 nomine
2381 2084 2577 2144 praeter
2620 2075 2897 2128 hominem
2951 2075 3006 2128 in
3051 2089 3230 2128 rerum
3285 2081 3476 2128 natura

1895 2169 2174 2239 appellari.
2211 2167 2367 2234 Quod
2417 2167 2484 2222 iis
2529 2167 2694 2222 etiam
2729 2167 3022 2237 signiﬁcat,
3053 2181 3174 2235 qua!
3204 2166 3433 2233 subjecit
3463 2186 3474 2220 :

1902 2281 1920 2312 ι
1953 2259 2071 2314 Dixi
2111 2274 2210 2331 ego
2239 2261 2292 2314 in
2338 2259 2502 2315 corde
2536 2274 2656 2312 meo
2691 2259 2758 2313 de
2794 2259 3005 2329 loquela
3037 2258 3268 2313 ﬁliorum
3298 2259 3476 2314 homi-

1897 2353 2002 2414 nis,
2035 2354 2162 2423 quia
2198 2353 2474 2422 separabit
2509 2351 2630 2406 illos
2670 2350 2836 2416 Deus,
2867 2371 2885 2401 ι
2934 2351 3181 2405 homines
3215 2350 3477 2407 inducens

1899 2443 2160 2512 umlique,
2195 2443 2289 2513 qui
2339 2457 2529 2512 poenas
2559 2442 2790 2506 solvere,
2825 2453 2876 2495 et
2900 2442 3166 2511 judicium
3197 2442 3382 2498 subire
3410 2445 3477 2496 de

1899 2536 1964 2591 iis
1995 2536 2218 2599 debent,
2250 2551 2371 2606 qua:
2396 2551 2460 2590 ex
2498 2536 2666 2592 libero
2701 2536 2870 2589 animi
2901 2533 3127 2592 arbitrio
3151 2537 3432 2593 admisere.

1965 2716 2122 2780 Quod
2172 2728 2301 2768 vero
2351 2713 2485 2767 dicit
2515 2731 2533 2763 ι
2561 2712 2637 2767 De
2681 2713 2921 2782 loquela,
2953 2733 2971 2765 ι
3026 2715 3090 2767 ad
3125 2713 3340 2769 Domini
3395 2715 3477 2768 di-

1895 2819 2040 2861 ctum
2078 2807 2320 2875 pertinet
2349 2807 2717 2870 admonentis,
2749 2807 2802 2860 in
2833 2809 2926 2860 illo
2953 2806 3146 2876 judirii
3179 2807 3266 2860 die
3302 2807 3478 2861 homi-

1899 2913 1993 2951 nes
2029 2898 2110 2950 rel
2156 2897 2222 2950 de
2253 2897 2418 2950 verbo
2449 2897 2628 2951 otioso
2679 2898 2943 2952 rationem
2981 2913 3104 2953 esse
3147 2898 3474 2954 reddituros.

1896 2985 2218 3054 Quanquam
2270 2986 2436 3041 David
2475 2990 2737 3058 propheta
2788 2995 2983 3043 sancto
3017 2985 3221 3057 Spiritu
3267 2989 3478 3044 amatus

1899 3077 1984 3130 his
2036 3077 2170 3145 ipsis
2201 3078 2322 3147 plus
2377 3077 2578 3148 aliquid
2621 3080 2965 3134 enuntiavit:
2995 3079 3075 3134 sic
3120 3081 3265 3133 enim
3310 3078 3474 3135 Deum

1901 3170 2532 3239 universi-allomutnr:
2573 3189 2592 3221 ι
2627 3169 2898 3236 Quoniam
2940 3171 3196 3241 cogitatio
3238 3172 3477 3227 hominis

1899 3263 2248 3316 conﬁtebitur
2297 3265 2392 3316 tibi
2419 3266 2485 3316 ".
2523 3282 2538 3313 ι
2579 3264 2874 3317 Enimvero
2917 3265 2982 3316 ad
3016 3279 3230 3333 poenam
3265 3274 3476 3320 etcon-

1897 3357 2299 3412 demnationc-n
2335 3357 2552 3426 loquelcc
2579 3357 2814 3410 ﬁliorum
2846 3357 2959 3427 98
2988 3357 3230 3412 hominis
3253 3372 3316 3412 ea
3341 3370 3478 3426 qua»

1899 3464 2006 3518 que
2029 3458 2300 3518 spectant,
2333 3465 2455 3518 qua:
2481 3448 2742 3505 Dominus
2777 3451 2831 3502 in
2859 3448 3164 3520 Erangeliis
3197 3451 3273 3504 ait
3303 3469 3316 3506 :
3350 3471 3368 3502 ι
3399 3451 3474 3504 Ε(

1899 3542 2080 3594 verbis
2112 3543 2220 3596 tuis
2241 3542 2655 3610 justilieaberis,
2687 3552 2740 3596 et
2770 3560 2833 3596 ex
2864 3544 3046 3598 verbis
3079 3545 3186 3597 tuis
3227 3545 3480 3598 condem-

1899 3634 2210 3688 naberis".
2253 3653 2270 3684 ι
2318 3631 2456 3688 Tum
2487 3634 2615 3686 illud
2652 3653 2665 3688 :
2707 3652 2724 3684 t
2757 3633 3045 3703 Separabit
3089 3635 3211 3689 illos
3257 3636 3415 3695 heus,
3453 3654 3470 3684 ι

1899 3727 1944 3780 si
2002 3727 2068 3779 ad
2125 3735 2342 3796 tempus
2385 3725 2592 3780 referas
2647 3725 3120 3780 inhumanationis
3168 3726 3370 3779 Christi
3428 3739 3479 3778 et

1902 3819 2215 3872 Serratoris
2249 3817 2444 3881 nostri,
2473 3817 2712 3871 ostendit
2735 3818 2902 3871 etiam
2932 3817 3177 3872 Joannes
3211 3817 3474 3887 Baptista,

1899 3924 2022 3962 cum
2056 3909 2124 3962 de
2181 3910 2298 3978 ipso
2331 3909 2464 3963 dicit
2494 3927 2506 3960 :
2543 3927 2562 3960 ι
2592 3909 2762 3979 Cujus
2803 3911 3166 3964 ventilabrutn
3222 3912 3274 3964 in
3315 3927 3475 3965 manu

1901 4001 2040 4065 ejus,
2073 4009 2126 4052 et
2165 3999 2417 4066 purgabit
2455 4015 2640 4054 aream
2673 4015 2853 4062 suam,
2897 4009 2952 4054 et
2985 4001 3342 4070 congregabit
3383 4005 3480 4053 tri-

1903 4091 2070 4145 lit-um
2122 4107 2282 4144 suum
2330 4092 2382 4144 in
2423 4093 2701 4155 horreum,
2755 4093 2940 4161 paleas
2981 4101 3162 4144 autent
3195 4092 3480 4146 comburet

1901 4184 2026 4248 igne
2064 4183 2500 4250 inexstinguihili
2523 4183 2589 4236 ⁷³.
2623 4201 2640 4234 ι
2683 4183 2779 4238 Sin
2810 4199 2937 4238 vero
2967 4193 3181 4252 tempus
3218 4183 3480 4251 respicias

1902 4276 2131 4344 gloriosi
2175 4275 2338 4329 simul
2390 4286 2553 4344 atque
2603 4276 2864 4330 terribilis
2907 4277 3174 4330 adventus
3223 4275 3344 4343 ejus
3390 4291 3478 4329 se-

1902 4367 2095 4431 cundi,
2133 4367 2368 4422 Verbum
2409 4369 2588 4436 ipsum
2623 4367 2869 4424 divinum
2912 4378 3286 4437 arternumquo
3323 4368 3482 4422 Chri—

1903 4471 2022 4514 stus
2065 4469 2120 4514 et
2157 4461 2417 4514 Servatur
2454 4471 2645 4515 noster
2689 4462 2954 4524 declarat,
3005 4462 3094 4516 ubi
3142 4463 3256 4515 ait:
3292 4481 3310 4510 ι
3344 4463 3476 4514 (Lum

218 4530 366 4585 οὕτω
407 4534 633 4601 φάσκων
657 4555 671 4568 ·
711 4559 730 4591 τ
772 4541 938 4593 Ὅταν
972 4543 1028 4594 δὲ
1083 4543 1210 4615 ἔλθῃ
1252 4547 1280 4597 6
1309 4547 1435 4609 Υἱὸς
1464 4547 1557 4599 τοῦ
1589 4550 1798 4616 ἀνθρώ-

1903 4560 2085 4604 autem
2127 4551 2339 4605 venerit
2369 4549 2544 4605 Filius
2575 4553 2826 4608 hominis
2862 4553 2915 4606 in
2949 4553 3236 4622 majestate
3270 4567 3392 4613 sua,
3428 4563 3481 4605 et

221 4639 327 4676 που
363 4627 420 4676 ὲν
463 4629 527 4696 τῇ
563 4629 690 4700 δόξῃ
722 4632 908 4692 αὐτοῦ.
937 4635 1031 4686 καὶ
1073 4636 1274 4699 πάντες
1314 4639 1364 4690 οί
1402 4641 1547 4704 ἅγιοι
1577 4643 1797 4708 ἄγγελοι

224 4715 345 4783 μετ’
375 4718 563 4783 αὐτοῦ,
605 4721 726 4774 τότε
761 4723 975 4776 καθίσει
1024 4728 1116 4778 ἐπὶ
1154 4727 1344 4794 θρόνου
1389 4730 1546 4800 δόξης
1592 4733 1759 4786 αὑτοῦ
1782 4750 1794 4764 ·

223 4810 322 4862 καὶ
355 4813 780 4884 συναχθήσονται
811 4817 1118 4888 ἔμπροσθεν
1148 4823 1313 4874 αὑτοῦ
1353 4825 1528 4877 πάντα
1554 4826 1622 4878 τὰ
1648 4827 1798 4896 ἔθνη,

223 4901 324 4954 καὶ
368 4903 586 4974 ἁφοριεῖ
615 4907 812 4970 αὐτοὺς
854 4908 950 4961 ἀπ’
999 4909 1265 4980 ἀλλήλων,
1310 4913 1499 4983 ὥσπερ
1529 4919 1556 4968 6
1597 4917 1800 4987 ποιμὴν

299 5126 343 5160 ἰ
378 5124 521 5183 Psal.
556 5144 693 5183 uxr
723 5171 737 5194 ,
766 5132 817 5186 11
841 5170 854 5184 .
927 5133 973 5164 ν’
1014 5133 1202 5190 Matth.
1236 5151 1330 5199 xu,
1365 5136 1452 5192 37.

302 5377 412 5460 (6.7)
434 5382 773 5460 Eadetnhtec
804 5385 965 5440 refert
999 5385 1397 5459 Hieronymus:
1429 5391 1508 5446 sic
1545 5391 1687 5445 enim
1713 5390 1816 5445 Ec-

223 5450 519 5504 clesiasten
562 5451 769 5528 inducit
805 5471 963 5509 sensa
1006 5473 1102 5512 sua
1152 5450 1511 5528 explicantem
1542 5480 1587 5516 ει
1623 5461 1811 5516 Postea

225 5535 359 5600 τισι-ρ
389 5537 511 5575 cum
557 5525 720 5577 corde
761 5541 880 5579 meo
907 5525 1304 5600 colloquens'et
1332 5543 1608 5598 reputans,
1650 5533 1811 5588 intel-

227 5591 358 5670 lexi,
410 5607 515 5644 non
553 5609 647 5670 per
677 5608 870 5670 partes
921 5591 1086 5654 Dauni
1131 5610 1191 5654 set
1239 5615 1336 5668 per
1365 5591 1612 5669 singulos
1664 5619 1809 5657 nunc

221 5663 497 5740 judicare.
549 5663 642 5717 sed
676 5665 728 5717 in
781 5664 1038 5740 futurum
1083 5663 1293 5737 tempus
1346 5663 1623 5726 reservare
1661 5673 1808 5740 judi-

226 5737 399 5804 rium.
455 5742 511 5784 ut
545 5750 735 5788 otnues
782 5737 979 5804 pariter
1021 5738 1357 5803 judicentur,
1403 5752 1455 5792 et
1503 5737 1804 5796 secundum

227 5801 564 5857 Voluntatcm
598 5814 652 5859 et
681 5801 843 5875 opera
870 5824 964 5862 sua
1001 5801 1070 5862 ibi
1104 5811 1382 5880 recipiant.
1415 5810 1525 5869 lloc
1557 5824 1640 5869 est
1664 5813 1806 5869 enim

1904 4657 2096 4697 omnes
2138 4643 2311 4696 sancti
2364 4643 2541 4711 angeli
2586 4657 2710 4697 cum
2749 4657 2838 4707 eo,
2887 4656 3017 4699 tunc
3065 4645 3273 4698 sedebit
3319 4657 3477 4709 super

1906 4735 2088 4788 sedem
2144 4735 2449 4802 majestatis
2509 4750 2657 4798 sure;
2715 4743 2768 4787 et
2824 4737 3303 4804 congregabantur
3356 4748 3482 4788 ante

1906 4839 2031 4877 eum
2066 4839 2258 4879 omnes
2299 4809 2512 4893 gentes,
2561 4833 2616 4877 et
2661 4825 2936 4893 separabit
2979 4838 3076 4877 eos
3111 4825 3177 4876 ab
3224 4824 3479 4881 invicem.

1910 4919 2054 4970 sicut
2099 4925 2285 4984 pastor
2335 4924 2584 4984 segregat
2627 4929 2760 4969 oves
2809 4915 2880 4969 ab
2929 4914 3099 4968 lia-dis
3130 4933 3141 4968 :
3177 4922 3231 4966 ct
3279 4920 3483 4967 statuet

1529 5137 1574 5168 "
1600 5137 1728 5194 Luc.
1757 5155 1840 5205 ιιι,
1875 5139 1960 5198 17.

1913 5393 2053 5460 quod
2088 5393 2202 5448 ait:
2240 5393 2304 5448 Et
2336 5402 2537 5464 tempus
2569 5395 2713 5448 omni
2745 5393 3004 5464 uoluntati
3041 5400 3113 5464 ει*
3139 5406 3294 5464 super
3337 5404 3486 5441 omne

1913 5459 2114 5538 [uertant
2149 5464 2244 5538 ibi,
2279 5465 2329 5518 id
2355 5459 2449 5518 est'
2474 5466 2526 5519 in
2551 5465 2783 5538 judicio.
2817 5463 3039 5538 quando
3083 5459 3352 5538 Dominus
3373 5473 3487 5538 cte-

1914 5529 2051 5601 perit
2081 5534 2350 5603 judicare.
2384 5544 2514 5590 tunc
2545 5529 2725 5590 futura
2770 5529 2852 5588 est
2884 5535 3108 5603 veritas,
3138 5545 3300 5603 nunc
3341 5529 3486 5603 inju-

1911 5599 2055 5658 Stitia
2083 5599 2425 5659 rdominatur
2477 5607 2528 5658 in
2567 5608 2788 5659 mundo.
2845 5603 2974 5656 Tale
3022 5601 3150 5670 quid
3186 5609 3241 5670 et
3289 5599 3344 5650 in
3390 5599 3488 5650 Sa-

1912 5677 2133 5739 pientia,
2159 5692 2279 5743 qua:
2325 5677 2417 5728 lilii
2454 5675 2643 5729 Siracb
2679 5674 2995 5729 inscribitur
3044 5669 3243 5740 ’(Eccli.
3293 5683 3485 5743 xitum.

1906 5745 1999 5806 ‘26)
2029 5739 2256 5812 legimus
2287 5765 2298 5800 :
2337 5745 2417 5799 Ne
2445 5746 2643 5798 dixeris
2671 5763 2688 5799 :
2715 5746 2854 5810 Quid
2881 5755 2958 5797 est
2988 5739 3102 5804 hoc,
3127 5751 3220 5792 aut
3259 5739 3386 5805 quid
3413 5745 3487 5790 est

1911 5815 2088 5869 illud?
2116 5818 2292 5870 omnia
2329 5819 2466 5871 enim
2503 5825 2731 5883 tempore
2761 5831 2854 5870 suo
2885 5817 3232 5882 requirentur.
3275 5829 3292 5861 ι
