4192 6436
234 392 340 460 889

1278 399 1353 458 lN'
1412 398 1991 460 Eili‘ILESlASTEN.
2030 424 2088 432 —
2124 399 2266 457 Lm.
2317 398 2433 456 Ιῐῐ.

3389 395 3493 461 8ςο

234 505 748 575 παντοκρατορικῆς
784 505 1045 571 Προνοίας
1084 506 1274 574 λόγους
1328 508 1678 578 ὴθετηκότεῇ
1715 509 1809 560 καὶ

1921 507 2015 559 bus
2043 514 2185 559 totos
2229 521 2289 562 se
2318 507 2671 566 addixerunt,
2707 517 2764 560 ut
2821 519 2929 558 non
2965 504 3142 559 solum
3178 504 3390 559 consilii
3430 523 3495 561 ac

236 596 437 658 πάσαις
468 595 932 666 πονηροπραξίαις
964 596 1208 658 ἐκδότους
1266 601 1405 665 σφᾶς
1436 599 1633 658 αὐτοὺς
1673 599 1807 650 ἀποο

233 687 524 754 φήναντες,
561 687 656 738 καὶ
704 686 910 755 σφόδρα
958 686 1065 738 τῶν
1103 688 1425 757 ἀκαθάρτων
1464 688 1664 753 ἡδονῶν
1710 690 1807 756 ὲμ-

234 774 582 844 φορηθέντες,
617 775 692 837 ὡς
724 775 933 841 ἀλόγως
982 778 1076 829 καὶ
1127 780 1486 847 παραφρόνως
1534 778 1807 830 διατεθέν-

231 883 343 929 τες,
394 869 489 919 καὶ
538 868 706 935 μηδὲν
741 868 891 932 ἄξιον
938 869 1161 938 λογικῆς
1201 869 1379 937 ψυχῆς
1433 871 1808 937 ὲννοήσαντες,

232 957 367 1011 ἀλλὰ
395 958 455 1010 τὸ
487 958 561 1026 μὴ
591 960 649 1011 ὃν
687 961 779 1011 καὶ
812 960 873 1012 τὸ
903 959 1097 1028 ψεῦδος
1124 960 1197 1022 ὡς
1232 960 1492 1031 ἀλήθειαν
1521 960 1810 1027 κςςιταγγεί⁴

233 1051 444 1114 λαντες,
478 1052 571 1102 καὶ
617 1050 678 1103 τὸ
711 1052 825 1119 φῶς
876 1053 1087 1115 σκότος,
1124 1053 1219 1105 καὶ
1255 1053 1318 1105 τὸ
1369 1054 1534 1105 καλὸν
1570 1055 1810 1121 πονηρὸν

232 1139 594 1206 ὀνομάσαντες
614 1154 627 1167 ⁶
678 1142 877 1206 ὁμοίως
908 1142 1139 1203 ἐκείνοις
1173 1144 1310 1209 πρὸς
1352 1143 1413 1193 τὺ
1441 1142 1535 1195 τοῦ
1576 1143 1809 1196 θανάτου

233 1230 634 1297 καταντήσουσι
673 1231 842 1293 τέλος,
876 1233 1134 1301 οὐδεμίαν
1164 1234 1371 1302 ἀγαθὴν
1423 1233 1612 1286 ἐλπίδα
1658 1251 1808 1303 χειρ-

232 1317 553 1384 αγωγοῦσαν
583 1320 781 1381 αὐτοὺς
811 1321 1026 1389 ἔχοντες
1059 1322 1195 1394 πρὸς
1241 1323 1338 1392 τὴν
1368 1323 1516 1392 ζωὴν
1555 1325 1654 1395 τὴν
1681 1324 1809 1376 αἰώ-

233 1424 345 1457 νιον
367 1424 379 1437 ·
412 1406 526 1462 ἀλλ’
561 1409 637 1471 ὼς
663 1410 723 1476 ἐξ
753 1410 867 1463 ἴσου
904 1412 996 1463 καὶ
1028 1413 1421 1483 παραπλησίως
1448 1417 1561 1477 τοῖς
1590 1416 1809 1483 κτήνεσι

234 1498 534 1567 ζήσαντες,
588 1498 730 1552 οὕτω
795 1504 886 1553 καὶ
942 1501 1285 1572 θνήσκοντες.
1352 1504 1570 1575 Ἐπειδὴ
1630 1521 1649 1553 ι
1720 1506 1811 1556 καὶ

234 1588 451 1656 πνεῦμα
495 1591 551 1644 ἓν
602 1594 735 1644 πᾶσι
778 1613 795 1643 ι
833 1593 1041 1661 πέφυκε
1067 1597 1179 1658 τοῖς
1214 1596 1496 1658 τοιούτοις.
1548 1596 1672 1649 Είτε
1702 1595 1810 1665 γὰρ

231 1681 324 1731 τὸν
353 1682 489 1749 ἀέρα
522 1682 759 1751 πνεῦμά
792 1702 946 1755 φησι,
987 1685 1279 1750 δείκνυσιν,
1313 1687 1391 1748 ὡς
1429 1687 1617 1740 τοῦτον
1652 1687 1810 1757 μόνον

232 1771 536 1842 εὑρέθησαν
578 1774 937 1838 ἀναπνὲοντες
984 1776 1074 1828 τὸν
1119 1777 1256 1845 ἀέρα
1296 1776 1391 1829 καὶ
1438 1778 1488 1829 oi
1536 1777 1683 1831 ἄθεοι
1717 1777 1811 1829 καὶ

1919 598 2115 651 mentis
2143 606 2399 667 expertes
2428 596 2563 650 nihil
2595 597 2844 649 rationali
2874 595 3102 664 dignum
3135 596 3322 648 animo
3348 597 3496 665 cogi-

1918 696 2051 753 tent,
2087 688 2179 743 sed
2211 688 2374 741 etiam
2417 688 2564 757 quod
2601 687 2825 740 minime
2864 697 2946 741 est
2989 696 3043 740 et
3089 688 3238 756 quod
3271 686 3493 746 l'alsotu,

1916 780 2071 848 quasi
2103 796 2288 834 verum
2315 778 2565 844 cl'l‘erant,
2599 780 2894 848 lumenque
2923 780 3173 834 tenebras
3200 787 3256 832 et
3288 779 3492 833 bonum

1916 871 2274 926 deuominent
2312 872 2516 924 malum
2548 890 2560 925 :
2592 873 2784 941 utique
2839 870 2878 924 ii
2929 886 3085 940 atque
3122 886 3188 926 ac
3221 871 3494 938 iumenta,

1917 979 2041 1016 cum
2092 964 2285 1017 mortis
2338 962 2548 1017 exitum
2592 963 2892 1027 habebunt,
2931 961 3076 1016 bona
3114 971 3175 1016 ut
3213 976 3332 1031 spe,
3370 976 3495 1031 quae

1918 1064 2178 1107 :cternam
2231 1054 2297 1106 ad
2349 1056 2519 1108 vitam
2563 1053 2820 1119 deducat,
2873 1055 3026 1108 omni
3079 1069 3146 1109 ex
3192 1061 3350 1123 parte
3400 1067 3493 1106 ca-

1920 1156 2111 1209 reant;
2170 1157 2223 1198 et
2269 1160 2503 1215 quorum
2539 1145 2772 1199 vivendo
2811 1160 3127 1214 expressere
3169 1148 3359 1209 vitam,
3402 1158 3498 1198 eo-

1919 1239 2164 1292 rumdem
2210 1245 2269 1290 ut
2316 1248 2546 1291 mortem
2579 1238 2894 1291 decedendo
2946 1238 3248 1292 imitentur.
3282 1235 3497 1304 Quippe

1915 1339 1970 1385 ct
2017 1348 2036 1380 ι
2065 1328 2306 1398 Spiritus
2352 1330 2436 1384 his
2487 1345 2631 1384 unus
2681 1330 2943 1385 omnibus
2985 1338 3072 1383 est
3102 1345 3116 1383 :
3151 1348 3170 1380 ι
3224 1327 3494 1396 siquidem

1915 1424 2061 1476 enim
2085 1436 2266 1475 aerem
2295 1421 2558 1490 Spiritum
2582 1421 2734 1484 dicit,
2766 1420 2898 1475 illud
2919 1419 3278 1478 demonstrat.
3300 1418 3494 1473 atheos

1917 1514 2053 1568 istos
2103 1522 2156 1566 et
2212 1514 2409 1582 impios
2450 1513 2807 1582 impurosque
2855 1513 3107 1565 homines
3161 1509 3294 1564 nihil
3343 1507 3494 1562 aliud

1917 1605 2259 1673 timetitisse,
2310 1619 2476 1672 quam
2532 1613 2590 1657 ut
2632 1603 2995 1657 animantium
3045 1600 3291 1655 omnium
3343 1614 3497 1653 more

1916 1709 2093 1750 aerem
2142 1694 2496 1765 respirarent,
2538 1694 2686 1746 nulla
2719 1693 2946 1746 omnino
2988 1692 3103 1745 veri
3156 1688 3491 1759 agnoscendi

1918 1803 2049 1843 cura
2081 1796 2333 1856 suscepta
2363 1786 2498 1855 (50).
2537 1784 2632 1839 Sin
2679 1795 2859 1839 autem
2887 1782 3148 1851 Spiritum
3182 1782 3269 1835 hic
3299 1782 3497 1839 volun-

230 1862 535 1927 δυσσεϐεῖς,
584 1866 677 1917 καὶ
725 1866 773 1917 οί
819 1864 1012 1933 φαῦλοι
1045 1867 1139 1919 καὶ
1183 1866 1423 1935 βέϐηλοι,
1461 1867 1595 1938 πρὸς
1626 1867 1684 1920 ὃν
1715 1869 1811 1920 καὶ

1921 1889 2078 1933 tatem
2128 1877 2366 1941 vocavit,
2423 1875 2889 1947 quemadmodum
2943 1874 3103 1944 100
3150 1871 3321 1927 Oscae
3368 1886 3494 1940 pru-

232 1955 340 2007 τῶν
372 1957 584 2025 κτηνῶν
621 1959 650 2009 ό
699 1958 1021 2027 κατάλογος,
1072 1958 1331 2028 οὐδεμίαν
1379 1960 1635 2029 φροντίδα
1684 1960 1813 2031 περὶ

232 2046 333 2115 τῆς
362 2048 471 2099 τῶν
500 2051 843 2119 πραγμάτων
864 2051 1118 2121 ἀληθείας
1143 2050 1429 2113 λαϐόντες·
1459 2053 1567 2103 εἴτε
1596 2070 1613 2103 ι
1646 2051 1812 2104 πνεῦ-

236 2154 315 2205 μα
366 2158 383 2189 ι
438 2140 536 2211 τὴν
583 2142 902 2211 προαίρεσιν
947 2144 1201 2214 ὠνόμασε
1248 2146 1363 2205 νῦν,
1415 2142 1597 2206 καθώς
1648 2161 1814 2213 φησιν

246 2232 407 2310 Ὠσηὲ
439 2235 467 2285 ό
495 2237 805 2306 προφήτης·
841 2256 860 2287 ι
896 2237 1019 2290 Ὀτι
1052 2237 1326 2307 πνεύματι
1362 2238 1615 2307 πορνείας
1648 2238 1814 2290 ἐπλα-

233 2323 509 2392 νήθησαν·
547 2345 564 2375 ι
594 2318 687 2378 καὶ
718 2326 901 2388 πάλιν,
932 2346 950 2380 ι
994 2328 1113 2383 Ὅτι
1145 2328 1364 2397 πνεῦμα
1389 2328 1813 2398 πορνείαςὲστὶν

232 2416 521 2479 ἑνςαὺτοῖς,
555 2436 572 2466 ι
606 2420 704 2484 τὴν
734 2419 1085 2491 ἀνθρωπίνην
1115 2422 1433 2495 προαίρεσιν
1461 2423 1548 2474 καὶ
1584 2421 1812 2491 γνώμην

232 2503 380 2557 οὕτω
424 2510 899 2580 προσαγορεύσας·
953 2512 1053 2582 τὴν
1103 2513 1271 2581 αὐτὴν
1314 2518 1427 2577 τοῖς
1475 2513 1815 2583 βοσκήμασιν

234 2596 382 2666 ἔχειν
428 2600 719 2663 ἀϐουλίαν,
781 2604 960 2673 ἔργοις
1015 2605 1198 2667 αὐτοῖς
1258 2605 1817 2675 παρεμπεδώσαντες,

1917 1973 2074 2041 pheta
2135 1970 2236 2035 ait,
2296 1989 2314 2021 ι
2348 1968 2584 2039 Spiritus
2641 1970 2786 2023 enim
2838 1966 3227 2032 fornicationis
3279 1964 3496 2031 decepit

1914 2080 2010 2119 eos
2032 2064 2115 2128 ";
2148 2082 2166 2115 ι
2205 2079 2269 2119 ac
2301 2078 2521 2118 rursum
2559 2082 2572 2119 :
2615 2082 2632 2114 ι
2661 2062 2799 2129 Quia
2857 2062 3086 2131 spiritus
3116 2057 3498 2113 fornicationis

1918 2156 1971 2208 in
2016 2156 2192 2209 medio
2222 2169 2415 2207 eorum
2458 2153 2645 2215 est";
2676 2172 2692 2202 ι
2728 2153 3025 2206 humanum
3064 2164 3267 2219 nempe
3294 2162 3496 2218 propo-

1916 2248 2082 2301 situm
2129 2255 2183 2298 et
2210 2246 2548 2299 voluntatem
2583 2246 2665 2299 sic
2711 2246 3033 2316 appellans;
3077 2243 3208 2296 illud
3236 2239 3499 2294 Ecclesia-

1918 2346 2029 2391 stes
2052 2337 2317 2403 declarat,
2352 2352 2447 2391 eos
2489 2352 2597 2389 non
2641 2337 2824 2391 minus
2853 2352 3017 2405 quam
3051 2328 3287 2405 pecudes
3315 2331 3497 2400 inopia

1920 2427 2135 2481 consilii
2168 2427 2470 2492 laborasse,
2503 2429 2594 2497 qui
2632 2427 2793 2484 factis
2822 2441 2980 2496 pares
3010 2440 3069 2478 se
3099 2433 3263 2493 atque
3287 2420 3499 2475 similes

1924 2520 2334 2575 irrationalibus
2372 2520 2639 2589 jumentis
2686 2535 2809 2574 esse
2858 2516 3262 2573 conﬁrmarint.
3310 2514 3501 2583 Itaque

1924 2606 1990 2660 de
2014 2608 2097 2661 his
2130 2610 2317 2680 utique
2347 2610 2482 2679 ipsis
2512 2611 2708 2679 adjecit
2744 2628 2756 2663 :

237 2691 816 2764 παρασυμϐληθέντες
848 2697 957 2758 τοῖς
991 2703 1209 2770 κτήνεσι
1250 2699 1362 2760 τοῖς
1406 2698 1675 2767 ἀνοήτοις,
1718 2701 1811 2755 καὶ
1869 2701 2226 2772 ὁμοιωθέντες
2292 2702 2495 2765 αὐτοῖς.
2540 2702 2760 2772 Ἀμέλει
2795 2702 2970 2755 τοίνυν
3040 2702 3165 2768 περὶ
3192 2696 3299 2751 τῶν
3328 2693 3504 2749 τοιού-

235 2805 347 2841 των
381 2790 629 2859 ὲπήγαγε
658 2806 669 2823 ·

1769 2886 1795 2957 5
1833 2885 1973 2941 xm.

311 2976 421 3029 Hui
456 2977 511 3028 τί
543 2977 986 3046 ἐπερίσσευσεν
1017 2981 1327 3052 ἅνθρωπος
1360 2983 1514 3051 παρὰ
1558 2982 1623 3036 τὸ
1669 2981 1809 3051 κτῆο

1989 2980 2156 3036 Vsns.
2213 2981 2301 3036 l9.
2345 2979 2411 3034 Et
2458 2981 2585 3053 quid
2637 2980 2923 3035 abundavit
2975 2980 3129 3033 homo
3175 2994 3207 3030 a
3259 2974 3505 3045 pecude?

235 3085 345 3132 νος
367 3085 387 3131 ;
421 3069 621 3123 οὐδέν.

310 3156 402 3227 Τῷ
446 3160 670 3229 ὀνόματι
722 3160 871 3231 μόνῳ
915 3160 1482 3232 παραλαμϐανόμενον
1508 3161 1813 3232 ἄνθρωπον,

234 3249 393 3302 αὒδὲν
420 3250 477 3303 δὲ
505 3251 604 3320 τῆς
634 3254 891 3322 τοιαύτης
942 3253 1311 3324 προσηγορίας
1356 3254 1445 3306 διὰ
1489 3254 1598 3307 τῶν
1642 3255 1818 3325 ἔργων

236 3343 682 3413 ἐπιδεικνύμενον
720 3346 890 3412 ἀξιον,
948 3348 1114 3417 μηδὲν
1147 3347 1292 3417 ἔχειν
1341 3347 1668 3401 διατείνεται
1722 3346 1818 3401 τοῦ

234 3435 472 3504 κτήνους
498 3436 753 3506 περισσὸν
776 3438 855 3501 είς
882 3437 1149 3507 ὠφέλειαν
1174 3437 1269 3492 καὶ
1301 3437 1576 3509 σωτηρίαν
1603 3437 1779 3509 ψυχῆς
1802 3455 1813 3465 ·

235 3526 333 3578 ἅτε
370 3526 435 3597 δὴ
471 3529 610 3580 κατά
638 3529 706 3589 ea
740 3530 882 3582 αὐτὰ
913 3531 1005 3583 καὶ
1036 3530 1299 3593 ὡσαύτως
1344 3531 1537 3599 ἐκείνῳ
1570 3530 1818 3582 πολιτευ-

237 3620 497 3687 σάμενον.
550 3622 695 3692 Πλὴν
746 3625 794 3675 εί
831 3624 905 3691 μή
960 3640 1043 3684 τις
1093 3622 1330 3692 ἔμπαλιν
1376 3621 1636 3692 περισσὸν
1689 3622 1817 3692 εῐπῃ

237 3712 475 3780 κτήνους
498 3712 641 3782 ἔχειν
668 3715 758 3764 τὸν
781 3714 1002 3766 τοιῶσδε
1029 3713 1273 3785 ζήσαντα
1304 3714 1670 3783 παραφρόνως
1716 3714 1817 3781 τὴν

237 3802 629 3873 διαδεξομένην
660 3806 826 3857 αὑτὸν
860 3808 919 3860 ὲν
950 3808 1015 3876 τῇ
1046 3806 1153 3858 τῶν
1193 3805 1542 3875 βεϐιωμένων
1585 3806 1824 3858 ἀνταπο-

236 3892 390 3945 δόσει.
437 3896 700 3965 τιμωρίαν
753 3898 846 3949 καὶ
890 3897 1111 3950 κόλασιν
1156 3898 1537 3966 ἀτελεύτητον.
1601 3896 1817 3968 Ἀμέλει

237 3984 422 4035 τοίνυν
451 3986 751 4050 ταλανίζων
776 3986 869 4039 τοῦ
895 3980 1137 4039 τοιούτου
1185 3986 1476 4057 ἀνθρώπου
1500 3985 1597 4060 τὴν
1621 3984 1820 4053 διαγω-

239 4076 350 4144 τὴν
379 4094 470 4129 και
509 4078 674 4148 ζωὴν,
711 4080 930 4148 ἁμέσως
960 4081 1238 4151 ἐπήγαγεν
1266 4096 1283 4114 ο

1919 3074 2053 3127 nihil
2084 3072 2221 3143 (ει).

1990 3163 2280 3219 Hominem
2326 3165 2547 3220 nomine
2580 3173 2739 3220 tenus
2782 3175 3094 3234 acceptum,
3129 3176 3182 3218 et
3206 3164 3300 3232 qui
3342 3162 3504 3218 factis

1919 3271 1977 3310 se
2033 3255 2201 3308 nullis
2251 3255 2340 3308 tali
2394 3255 2617 3325 dignum
2674 3255 3043 3324 appellatione
3104 3252 3395 3317 ostendat,
3456 3252 3500 3305 si

1918 3349 2087 3401 animi
2118 3348 2416 3402 utilitatem
2459 3349 2808 3415 salutemque
2850 3356 3088 3416 spectes,
3126 3344 3277 3398 nulla
3323 3358 3382 3397 re
3411 3358 3506 3412 po-

1921 3442 2115 3493 tiorem
2160 3454 2283 3494 esse
2332 3439 2617 3494 contendit
2655 3455 2819 3509 quam
2870 3439 3173 3508 pecudem;
3216 3444 3503 3506 postquam

1920 3545 2053 3586 sane
2071 3530 2217 3585 circa
2241 3529 2456 3593 eadem,
2494 3531 2801 3599 eodemque
2834 3531 2997 3583 modo
3022 3539 3186 3597 atque
3222 3542 3410 3596 pecus,
3448 3526 3503 3579 iu

1919 3621 2031 3680 vita
2071 3631 2321 3676 versatus
2379 3630 2464 3676 est
2495 3639 2509 3674 :
2541 3622 2647 3677 nisi
2702 3632 2895 3676 contra
2949 3622 3076 3691 quis
3127 3621 3319 3690 pecudi
3363 3635 3505 3689 prce-

1924 3721 2072 3768 stare
2108 3711 2277 3778 dicat,
2310 3713 2460 3782 quod
2493 3713 2603 3767 vita
2642 3724 2751 3767 tam
2783 3713 2950 3769 stulte
2979 3722 3124 3778 acta,
3156 3726 3313 3780 paena
3348 3712 3503 3765 illum

1923 3802 2266 3872 subsequens
2308 3818 2374 3857 ac
2423 3804 2753 3873 supplicium
2802 3813 3066 3857 a-ternum
3114 3812 3351 3865 maneat,
3381 3815 3506 3855 cum

1922 3906 2121 3947 eorum
2150 3908 2274 3962 qua:
2306 3895 2663 3963 gesserimus,
2697 3908 2909 3947 merces
2933 3894 3135 3961 cuique
3164 3907 3263 3946 sua
3296 3891 3507 3945 tribue-

1922 3993 2054 4050 tur;
2091 3994 2379 4054 propterea
2409 3986 2596 4055 utique
2638 3984 2878 4037 hominis
2918 3981 3189 4052 ejusmodi
3241 3981 3510 4035 conditio-

1923 4092 2046 4131 nem
2089 4080 2368 4145 vitamque
2398 4076 2847 4140 commiseratus,
2881 4075 3077 4143 adjecit
3112 4073 3401 4143 protinus:

1812 4190 1977 4246 XXII.

320 4288 442 4341 Ὅτι
467 4288 537 4341 τὰ
559 4290 758 4341 πάντα
785 4289 1114 4357 ματαιότης
1133 4302 1151 4321 ο
1186 4288 1258 4342 τὰ
1285 4289 1482 4341 πάντα
1511 4289 1817 4356 πορεύεται

1921 4192 1977 4246 ll.

2006 4284 2169 4340 νειιε.
2203 4283 2293 4339 20.
2338 4282 2481 4349 Quia
2506 4283 2681 4336 omnia
2712 4281 2920 4334 vanitas
2944 4295 2963 4334 :
2990 4278 3167 4331 omnia
3188 4286 3408 4347 pergunt
3438 4279 3510 4330 ad

239 4381 399 4449 πρὸς
444 4383 632 4433 τόπον
678 4380 785 4433 ἕνα
810 4398 823 4411 ·
885 4380 958 4433 τὰ
1012 4380 1209 4434 πάντα
1264 4380 1502 4449 ἐγένετο
1545 4380 1667 4433 ἀπὸ
1719 4379 1826 4431 τοῦ

240 4474 413 4544 χοὸς,
452 4473 547 4525 κα)
581 4475 653 4526 τὰ
697 4473 892 4525 πάντα
928 4472 1273 4541 ἐπιστρέφει
1328 4472 1477 4540 πρὸς
1510 4471 1619 4524 τὸν
1650 4470 1822 4540 χοῦν.

322 4561 403 4614 Τὰ
448 4562 645 4625 πάντα,
697 4564 858 4624 troia;
916 4562 1157 4630 δηλονότι
1206 4561 1276 4614 τὰ
1332 4559 1682 4622 κακοϐούλως
1732 4562 1827 4611 καὶ

241 4652 599 4721 κακοφρόνως
632 4650 900 4719 λεγόμενα
945 4652 1040 4703 καὶ
1067 4650 1415 4720 διοικούμενα
1466 4652 1560 4702 καὶ
1594 4650 1826 4720 πραττό-

245 4762 391 4815 μενα
444 4744 594 4813 παρά
643 4744 751 4795 τῶν
803 4743 1113 4812 μισοκάλων
1161 4740 1498 4812 ἀνθρώπων,
1550 4740 1660 4793 τῶν
1705 4740 1826 4793 κατ’

242 4836 435 4891 εἰκόνα
465 4838 563 4905 μὲν
587 4835 723 4888 Θεοῦ
757 4836 850 4888 καὶ
886 4834 1147 4902 ὁμοίωσιν
1182 4833 1504 4900 γεγονότων,
1539 4835 1605 4904 τῇ
1635 4832 1692 4884 δὲ
1720 4831 1828 4884 τῶν

244 4930 548 4998 κτημάτων
600 4927 827 4990 ἀϐουλίᾳ
875 4927 970 4977 καὶ
1021 4925 1134 4995 ζωῇ
1165 4925 1261 4977 καὶ
1293 4924 1538 4993 διαγωγῇ
1571 4925 1710 4992 σφᾶς
1738 4925 1831 4976 αὖ-

242 5022 378 5083 τοὺς
409 5021 891 5089 ἀφομοιωσάντων,
920 5016 1015 5068 καὶ
1046 5016 1441 5085 παραπλησίως
1476 5016 1705 5078 ἐκείνοις
1730 5014 1830 5084 ζη-

246 5118 464 5171 σάντων
488 5132 501 5147 ·
537 5113 634 5166 καὶ
661 5110 750 5163 διὰ
785 5109 943 5162 τοῦτο
975 5110 1072 5161 σὺν
1119 5109 1300 5169 αὐτοῖς
1332 5106 1829 5176 ἀποστρεφομένων

245 5211 337 5270 εἰς
365 5208 456 5260 τὸν
487 5206 615 5275 χοῦν
648 5206 829 5275 μόνον,
863 5205 921 5267 ἐξ
949 5197 1010 5255 οὗ
1051 5201 1145 5253 καὶ
1192 5200 1478 5267 γεγόνασιν
1498 5215 1511 5227 ο
1551 5199 1616 5250 οὺ
1644 5198 1830 5266 μέντοι

245 5302 311 5356 δὲ
343 5300 436 5354 καὶ
466 5301 604 5369 πρὸς
645 5298 745 5366 τὴν
796 5294 1053 5364 οὐρανίαν
1101 5292 1246 5363 ζωὴν
1291 5290 1544 5343 ἀνιόντων
1592 5292 1686 5342 καὶ
1731 5290 1832 5358 τῆς

328 5475 377 5507 ’⁸
402 5472 540 5527 Osce
590 5489 662 5536 tv,
700 5471 781 5525 l2.
859 5471 904 5501 "
934 5473 1074 5526 Osee
1104 5484 1156 5525 v,
1182 5471 1229 5523 ι.

330 5613 446 5679 (50)
487 5614 575 5668 Sic
626 5614 677 5667 in
733 5612 975 5683 Vulgatis
1021 5613 1273 5679 legimus,
1320 5612 1580 5665 Similiter
1625 5612 1823 5679 spirant

252 5688 479 5748 omnia;
537 5695 589 5738 ct
643 5683 1005 5752 Symmachus
1059 5684 1353 5741 transtulit,
1422 5686 1514 5735 καί
1585 5683 1829 5749 ἀναπνοὴ

252 5757 421 5827 ὁμοία
450 5757 630 5807 πᾶσιν.
669 5769 859 5822 ιιι-ιηρε
890 5768 1057 5805 aerem
1089 5755 1266 5804 omnia
1304 5755 1475 5805 eodem
1509 5752 1659 5805 modo
1694 5768 1830 5805 οτι-ια

259 5826 409 5896 piunl
439 5838 484 5879 et
525 5826 760 5879 reddunt.

1924 4376 2098 4429 larunt
2125 4390 2327 4437 unum;
2362 4375 2542 4427 omnia
2573 4372 2721 4441 facta
2745 4381 2869 4424 sunt
2900 4377 2965 4424 de
2993 4369 3226 4441 pulvere,
3259 4377 3309 4422 et
3329 4369 3507 4422 omnia

1926 4478 2264 4522 revertuntur
2299 4468 2353 4520 in
2380 4466 2647 4535 pulverem
2670 4464 2804 4534 (52).

1994 4558 2214 4620 Omnia,
2247 4557 2482 4626 inquit;
2538 4566 2595 4609 at
2637 4555 2934 4625 quamam?
2983 4552 3056 4607 Ea
3105 4554 3337 4616 scilicet,
3387 4567 3510 4621 qua:

1925 4664 2180 4720 perverse
2213 4650 2515 4716 insaneque
2546 4647 2828 4709 dicuntur,
2856 4644 3334 4703 administrantur,
3376 4644 3510 4697 ﬁunt

1925 4744 1995 4798 ab
2028 4741 2351 4796 hominibus
2387 4743 2731 4794 honestatem
2764 4738 2998 4807 perosis,
3023 4735 3247 4807 qui'etsi
3274 4736 3341 4790 ad
3379 4738 3510 4789 ima-

1928 4835 2129 4904 ginem
2156 4832 2689 4900 similitudinemque
2719 4829 2815 4884 Dei
2867 4828 2995 4884 lacti
3060 4837 3211 4891 sunt,
3233 4828 3509 4897 jumento-

1932 4942 2052 4980 rutn
2080 4936 2261 4979 tamen
2291 4923 2666 4991 stupiditatem
2689 4930 2746 4977 et
2773 4922 2944 4976 vitam
2969 4929 3024 4975 et
3052 4921 3425 4975 conditionem
3456 4924 3507 4974 in

1935 5030 1995 5069 se
2029 5016 2160 5083 ipsis
2196 5013 2593 5081 exprimentes,
2628 5009 2949 5063 earumdem
2990 5007 3100 5061 fere
3139 5008 3383 5074 vestigiis
3428 5008 3509 5059 in-

1936 5107 2159 5161 sistunt.
2197 5104 2382 5177 Itaque
2426 5119 2550 5156 cum
2586 5103 2692 5156 illis
2723 5117 2850 5157 eum
2876 5101 3258 5155 tantummodo
3303 5100 3357 5153 in
3394 5098 3511 5167 pul-

1936 5214 2118 5253 verem
2165 5200 2527 5266 rediguntur.
2579 5195 2723 5250 unde
2767 5195 2929 5248 etiam
2975 5194 3304 5247 exstiterunt
3347 5211 3360 5247 :
3411 5206 3511 5245 nec

1937 5291 2214 5345 cmlcstcm
2267 5289 2335 5342 ad
2384 5290 2547 5341 vitam
2600 5285 2897 5357 progressi.
2951 5285 3265 5340 beatitatem
3320 5286 3510 5337 :rterui

2006 5607 2118 5676 (3|)
2158 5606 2368 5676 Olymp.
2413 5606 2505 5658 καὶ
2530 5604 2684 5676 οὐδὲν
2718 5604 3127 5674 περιέσσευσεν.

2006 5669 2118 5742 (52)
2160 5669 2265 5730 Sed
2311 5669 2451 5744 apud
2502 5675 2638 5728 LXX
2670 5669 3008 5728 desideratur
3039 5669 3353 5738 πορεύεται,
3393 5676 3510 5744 tum

1934 5739 2032 5819 pro
2060 5739 2378 5817 ἐπιστρέφει
2415 5749 2607 5814 legitur
2633 5745 2964 5812 ἐπιστρέψει.
2997 5744 3210 5812 Olymp.
3240 5744 3318 5800 εἰς
3346 5739 3509 5791 τόπον

1937 5822 2034 5873 ἱνα
2069 5822 2130 5872 τὰ
2162 5820 2333 5872 πάντα
2377 5820 2643 5883 ἐγένοντο.
2673 5853 2684 5865 .
2719 5855 2730 5864 .
