4192 6436
222 406 322 474 897

1281 408 1363 469 IN
1406 406 1989 470 ECCLESIASTEN.
2018 431 2086 440 —
2126 407 2273 467 ιω.
2320 409 2434 467 Ill.

3369 412 3475 475 898

226 523 383 592 μερδς
414 518 601 575 αὖτοῦ.
644 540 663 573 ι
701 519 981 590 Λαμεάνει
1016 520 1126 588 γὰρ
1170 522 1197 573 ὁ
1225 520 1508 590 ἄνθρωπος
1541 520 1793 591 καὶπρὸς

1903 528 2015 569 tum
2050 530 2289 585 quoque,
2322 532 2449 570 eum
2473 515 2539 570 ad
2578 514 2701 571 vita:
2729 529 2925 572 metam
2954 520 3281 587 pervenerit,
3314 521 3476 575 veluti

224 614 281 664 τὸ
324 612 418 664 τοῦ
450 611 568 683 βίου
602 615 772 683 πέρας
804 610 975 665 ἐλθὼν
1006 607 1120 664 οἷόν
1152 629 1275 666 τινα
1307 613 1500 682 μερίδα
1531 614 1623 665 καὶ
1666 614 1799 682 κλη-

224 710 481 774 ρονομιαν
527 721 625 767 τας
664 705 801 768 ἰδίας
839 705 1069 773 πράξεις
1101 704 1220 773 μεθ’
1265 704 1461 758 ἑαυτοῦ
1484 720 1498 732 ·
1542 704 1799 775 ταύτητοι

224 794 343 857 μετ’
371 792 713 863 εὐφροσύνης
761 794 1089 862 μεθίσταται
1135 793 1235 864 τῆς
1276 794 1800 865 πολυαμαρτήμονος

222 884 315 935 καὶ
374 883 866 953 πολυπαοεστάτης
922 886 1016 939 καὶ
1068 885 1431 939 πολυθλίπτου
1488 886 1655 957 ζωῆς,
1706 887 1800 940 καὶ

218 974 316 1043 τὴν
362 976 642 1045 μακαρίαν
675 976 921 1047 εὑρίσκει
948 976 1103 1046 λῆξιν
1134 976 1244 1029 τῶν
1272 976 1334 1041 ἐξ
1367 977 1564 1039 αἰῶνος
1606 977 1795 1044 άγίων.

221 1068 377 1118 Πᾶσα
422 1068 530 1136 γὰρ
582 1068 616 1137 ή
670 1067 872 1138 σπουδὴ
922 1067 999 1136 τῷ
1060 1067 1457 1139 Ἑκκλησιαστῇ
1508 1068 1801 1137 πρόκειται

218 1156 315 1209 νῦν
374 1159 682 1227 ἀποστῆσαι
732 1159 828 1211 τὸν
878 1158 1219 1228 ἀνθρώπινον
1271 1159 1399 1213 νοῦν
1446 1159 1547 1231 τῆς
1609 1160 1801 1230 ὑλικῆς

216 1250 595 1319 προσπαθείας
629 1250 848 1320 καὶτῆς
881 1249 977 1304 τοῦ
1006 1251 1212 1320 κόσμου
1259 1250 1465 1319 φιλίας,
1494 1252 1588 1304 καὶ
1614 1251 1802 1321 πόρρω

220 1343 312 1394 καὶ
345 1344 566 1412 μακρὰν
609 1345 887 1414 ἀποφῆναι
929 1344 1040 1396 τῶν
1078 1343 1347 1415 ὲμπαθῶν
1392 1342 1670 1415 σαρκικῶν
1705 1343 1801 1396 καὶ

221 1434 527 1504 βδελυκτῶν
579 1434 806 1506 ἡδονῶν.
872 1435 1172 1506 Μονονουχὶ
1226 1435 1333 1506 γάρ
1389 1452 1559 1506 φησι’
1612 1435 1799 1501 Σύνες,

218 1527 496 1598 ἄνθρωπε,
546 1526 601 1579 τί
649 1526 878 1595 ἀγαθὸν,
908 1528 1002 1580 καὶ
1045 1527 1276 1597 ποίησον
1328 1527 1481 1592 αὐτὸ,
1535 1528 1630 1581 καὶ
1668 1528 1799 1582 λάϐε

218 1618 315 1670 καὶ
366 1618 433 1671 σὺ
475 1616 636 1671 τοῦτο
669 1617 869 1690 μερίδα
898 1616 1180 1687 φρονίμως
1219 1618 1280 1686 ιε
1328 1615 1406 1675 ῶν
1441 1618 1800 1691 συνήθροισας

219 1707 400 1779 ἑαυτῷ
427 1708 794 1763 παντοδαπῶν
827 1708 984 1762 είδῶν
1007 1708 1102 1762 τοῦ
1135 1708 1368 1762 πλούτου
1394 1709 1482 1762 διὰ
1512 1710 1619 1762 τῶν
1655 1709 1799 1762 ἰδίων

219 1798 406 1851 κόπων
433 1800 527 1855 καὶ
558 1800 798 1869 μόχθων,
833 1800 920 1853 ἵνα
954 1800 1295 1871 θησαυρίσας
1325 1803 1383 1853 ὲν
1411 1803 1662 1871 οὐρανοῖς
1691 1800 1799 1853 τῶν

1901 613 2109 674 partem
2144 608 2437 675 quamdam
2485 605 2600 660 sive
2633 607 2998 661 han'editatem
3040 606 3180 663 facta
3228 622 3323 662 sua
3358 628 3371 664 :
3402 612 3481 664 id-

1901 696 2049 749 circo
2071 713 2135 750 ex
2171 697 2273 752 hac
2298 698 2429 760 vita,
2465 714 2628 767 quam
2662 700 2848 754 multis
2874 700 3168 754 obnoxiam
3198 702 3481 755 erroribus

1900 797 1953 841 et
1987 790 2145 843 malis
2174 791 2437 859 curisque
2465 790 2841 861 compluribus
2872 793 3129 848 refertam
3156 796 3331 862 novit,
3353 810 3478 850 cum

1902 880 2088 933 laetitia
2146 882 2519 952 transmigrat,
2577 885 2900 953 beatamque
2948 885 3155 940 invenit
3212 888 3478 958 requiem,

1901 989 2007 1042 qua
2050 976 2262 1030 ccelites
2301 984 2561 1045 perpetua
2598 976 2880 1030 fruuntur.
2920 974 3090 1031 Totus
3135 979 3282 1032 enim
3321 979 3375 1034 in
3415 1000 3482 1035 eo

1902 1065 1993 1120 hic
2026 1077 2110 1122 est
2144 1069 2366 1138 sapiens
2394 1066 2777 1130 Ecclesiastes,
2815 1081 2873 1122 ut
2914 1068 3209 1123 humanam
3242 1081 3478 1125 mentem

1903 1172 1933 1211 a
1982 1160 2317 1214 caducarum
2370 1174 2553 1213 rerum
2602 1159 2905 1229 cupiditate
2953 1172 3007 1214 et
3054 1160 3244 1215 mundi
3297 1178 3483 1217 amore

1903 1248 2160 1313 abducat,
2186 1260 2350 1320 atque
2381 1250 2450 1304 ah
2475 1251 2625 1305 omni
2660 1251 3026 1305 immoderato
3054 1250 3248 1306 aﬂ‘ectu
3287 1253 3481 1308 obsce-

1904 1341 2098 1410 nisque
2138 1341 2391 1410 corporis
2422 1341 2798 1410 voluptatibus
2826 1340 3023 1394 efﬁciat
3058 1355 3226 1411 quam
3259 1342 3482 1399 alienis—

1900 1433 2117 1488 simam.
2152 1433 2282 1489 Haec
2314 1436 2460 1489 enim
2497 1434 2906 1505 quodammodo
2945 1433 3142 1488 eﬁ‘atur
3170 1452 3184 1488 :
3217 1436 3480 1506 intellige.

1899 1542 1935 1581 o
1965 1530 2230 1595 mortalis,
2271 1530 2404 1600 quid
2451 1530 2521 1585 sit
2569 1530 2797 1593 bonum,
2830 1540 2997 1599 atque
3031 1528 3190 1600 105
3220 1529 3271 1583 id
3324 1545 3479 1599 urge.

1902 1618 1954 1673 id
1992 1620 2090 1675 tibi
2123 1621 2341 1690 sapiens
2372 1622 2530 1691 quasi
2572 1630 2781 1691 partem
2828 1622 3031 1675 sumito
3059 1636 3123 1675 ex
3153 1623 3330 1677 iismet
3362 1638 3484 1676 om-

1903 1710 1987 1763 nis
2019 1712 2240 1780 generis
2289 1712 2518 1776 divitiis,
2570 1727 2711 1780 quas
2758 1712 2910 1768 curis
2959 1723 3013 1767 et
3054 1714 3337 1769 laboribus
3374 1715 3482 1768 tuis

1900 1802 2126 1871 coegisti
2160 1820 2173 1856 :
2203 1818 2335 1872 quo,
2387 1812 2676 1873 postquam
2707 1803 2775 1858 de
2814 1815 2959 1860 recte
3003 1804 3165 1860 factis
3207 1805 3480 1874 ejusmodi

218 1889 479 1942 τοιούτων
524 1905 607 1942 σοι
637 1889 960 1959 ποιημάτων
995 1890 1092 1944 καὶ
1119 1890 1295 1961 ἔργων
1319 1892 1419 1963 τὴν
1448 1890 1659 1961 ἀγαθὴν
1687 1908 1796 1960 με-

1903 1892 2101 1945 honam
2141 1892 2195 1946 in
2247 1893 2419 1947 caelos
2456 1903 2663 1963 partem
2717 1894 3073 1961 pramiseris,
3125 1892 3372 1948 eamdem
3426 1892 3479 1947 in

218 1981 364 2052 ρίδα,
394 1981 567 2052 λάϐῃς
611 1982 782 2052 αὐτὴν
831 1983 891 2035 ὲν
936 1983 1122 2054 ἡμέρᾳ
1171 1984 1274 2053 τῆς
1305 1984 1539 2054 κρίσεως
1569 1985 1662 2035 καὶ
1702 1984 1798 2053 τῆς

1903 1980 2086 2049 iudicii
2121 1992 2179 2035 et
2230 1982 2542 2052 promeritae
2590 1982 3052 2038 remunerationis
3088 1982 3178 2037 die
3223 1984 3479 2050 recipias.

216 2071 330 2124 τῶν
358 2069 711 2142 βεϐιωμένων
742 2072 1178 2139 άνταποόόσεως.
1215 2074 1373 2127 Οὕτω
1403 2074 1466 2145 δὴ
1496 2075 1589 2127 καὶ
1619 2077 1647 2128 ό
1690 2075 1801 2128 Κύ-

219 2181 337 2233 ριος
387 2164 777 2234 παρεγγύησεν
822 2166 881 2219 ἐν
919 2166 1276 2234 Εὑαγγελίοις
1326 2166 1533 2220 είπώνο
1582 2185 1601 2218 ι
1644 2166 1804 2236 Ποιή-

220 2270 352 2309 σατε
380 2255 475 2309 οὖν
509 2257 668 2326 ὑμεῖς
714 2257 902 2326 φίλους
931 2259 994 2310 ὲκ
1027 2257 1119 2310 τοῦ
1151 2256 1410 2325 Μαμωνᾶ
1439 2258 1538 2324 τῆς
1570 2257 1799 2320 ἀδικίας,

219 2346 310 2397 ἵνα
360 2346 620 2413 δέξωνται
674 2348 820 2417 ὑμᾶς
872 2349 953 2409 είς
1001 2347 1103 2409 τὰς
1163 2348 1368 2416 σκηνάς
1430 2348 1528 2418 τῆς
1580 2346 1799 2401 αἰωνίου

219 2435 390 2506 ζωῆς.
434 2456 453 2489 ι
490 2437 622 2491 Εἶτά
664 2452 829 2509 φησιν
874 2439 903 2491 ὁ
942 2437 1372 2507 Ἐκκλησιαστής
1398 2452 1413 2469 ·

1898 2068 1975 2122 Ita
2018 2085 2149 2124 sane
2178 2080 2232 2124 et
2268 2070 2532 2125 Dominus
2566 2071 2619 2123 iu
2665 2071 2975 2139 Evangeliis
3006 2070 3314 2134 admonuit,
3354 2086 3478 2125 cum

1901 2158 1977 2210 ait
2033 2176 2047 2211 :
2106 2178 2123 2210 ι
2158 2158 2347 2213 Facite
2387 2158 2555 2229 igitur
2606 2175 2703 2213 vos
2748 2160 2817 2214 de
2863 2158 3115 2214 Mamona
3171 2161 3480 2230 iniquitatis

1901 2255 2153 2320 amicos,
2227 2264 2284 2308 ιιι
2342 2256 2608 2324 recipiant
2671 2271 2769 2311 vos
2833 2256 2884 2312 in
2943 2258 3288 2312 tabernacula
3360 2257 3481 2312 vita:

1907 2352 2122 2399 a'terna:
2152 2344 2287 2415 (ϐξ).
2321 2366 2338 2397 ι
2377 2345 2541 2401 Addit
2585 2348 2780 2401 deinde
2814 2349 3032 2417 sapiens
3067 2345 3428 2402 Ecclesiastes
3462 2365 3476 2401 :

1743 2549 1771 2621 ς
1808 2546 1969 2621 xxv.

297 2642 427 2695 Ὀτι
468 2644 557 2707 τίς
585 2643 713 2707 ἄξει
752 2643 938 2696 αὐτὸν
984 2643 1091 2702 τοῦ
1138 2642 1309 2706 ιδεῒν,
1369 2644 1440 2696 ἐν
1470 2637 1519 2710 ᾧ
1561 2645 1802 2714 γένηται

215 2736 350 2802 μετ’
382 2734 608 2797 αὐτόν;

296 2825 558 2878 Τουτὲστι
580 2866 594 2890 ,
632 2826 729 2888 Τίς
762 2824 881 2892 ἄξει
908 2826 998 2878 τὸν
1026 2825 1282 2879 πλούσιον
1314 2829 1450 2895 μετὰ
1482 2827 1580 2898 τὴν
1616 2826 1803 2878 τελευ-

218 2916 324 2987 τὴν
348 2918 442 2969 καὶ
475 2918 574 2986 τὴν
602 2917 925 2980 ἀποϐίωσιν,
967 2918 1063 2970 ἐὰν
1092 2919 1167 2989 μὴ
1200 2918 1407 2990 συνήσῃ
1437 2917 1546 2981 ζῶν
1575 2916 1658 2969 ἔτι
1689 2918 1804 2970 δια-

221 3012 408 3077 νεῖμαι
439 3008 628 3061 τοῦτον
667 3012 779 3073 τοῖς
815 3009 1019 3062 ὲνδεέσι
1058 3010 1154 3063 καὶ
1183 3007 1380 3078 πένησι
1404 3048 1419 3073 ,
1450 3006 1547 3060 τοῦ
1589 3008 1717 3061 ἰδεῖν
1746 3009 1803 3061 ὲν

1945 2616 2142 2693 Ὗειιε.
2176 2639 2265 2693 22.
2300 2639 2435 2705 Quia
2459 2640 2574 2708 quis
2597 2640 2823 2691 adducet
2857 2654 2996 2702 eum,
3030 2648 3085 2692 ut
3124 2639 3288 2694 rideat
3326 2640 3376 2692 in
3410 2641 3481 2693 ει.-

1902 2730 2017 2795 lud,
2057 2732 2197 2801 quod
2233 2732 2475 2799 futurum
2502 2740 2578 2783 est
2610 2740 2724 2797 post
2766 2730 2937 2798 ipsum
2979 2731 3130 2801 (63)?

1970 2819 2106 2884 Quis
2152 2820 2365 2874 scilicet
2421 2818 2642 2872 divitem
2691 2829 2814 2888 post
2880 2819 3041 2872 linem
3091 2822 3481 2894 interitumque

1901 2913 2021 2982 ejus
2044 2955 2059 2977 ,
2096 2914 2200 2967 nisi
2234 2928 2358 2969 eum
2390 2914 2635 2977 viveret,
2678 2913 2865 2982 egenis
2902 2914 3018 2982 ipse
3044 2925 3097 2969 et
3145 2918 3479 2985 pauperibus

1901 3006 2117 3059 divitias
2151 3006 2562 3059 distribuendas
2584 3005 2858 3059 curaverit
2887 3023 2900 3070 ;
2934 3006 3080 3075 quis,
3109 3006 3354 3077 inquam.
3384 3010 3479 3064 ad-

221 3100 421 3167 ὲκείνῳ
441 3099 518 3169 τῷ
541 3099 817 3170 ἀνθρώπῳ
846 3100 925 3170 τῷ
958 3100 1076 3171 μετ’
1099 3100 1263 3155 αὐτὸν
1292 3101 1655 3172 διαδεξομένῳ
1676 3103 1802 3165 τοὺς

1904 3098 2066 3152 ducet
2104 3106 2162 3150 ut
2192 3113 2258 3151 eo
2316 3098 2370 3151 in
2406 3098 2658 3161 homine,
2694 3098 2788 3167 qui
2827 3109 2950 3167 post
2982 3099 3160 3168 ipsum
3193 3100 3481 3158 bzeredita-

221 3190 436 3240 ἐκείνου
500 3187 735 3258 μόχθους
802 3191 895 3241 καὶ
939 3191 1176 3257 κόπους,
1228 3192 1281 3245 τί
1327 3195 1656 3264 γενήσεται,
1709 3196 1803 3246 καὶ

224 3282 390 3333 ποίαν
419 3281 529 3345 ἕξει
561 3281 896 3334 κατάστασιν
926 3284 1253 3347 διοικήσεως
1271 3281 1437 3356 ;*Αρα
1463 3287 1572 3356 γὰρ
1596 3289 1624 3340 ὁ
1650 3287 1806 3341 πλοῦ-

218 3386 318 3433 τος
351 3373 501 3441 παρὰ
530 3373 624 3425 τοῦ
650 3372 793 3426 κατὰ
821 3374 1076 3444 διαδοχὴν
1110 3376 1521 3446 παραλαϐόντος
1544 3381 1622 3441 είς
1646 3379 1802 3448 ἐλεη-

224 3460 470 3531 μοσύνας
510 3464 605 3514 καὶ
642 3462 907 3532 διανομὰς
953 3463 1187 3534 πτωχῶν
1228 3466 1323 3518 καὶ
1354 3466 1545 3536 χρείαν
1578 3467 1687 3520 τῶν
1718 3470 1804 3520 ὲν·-

219 3552 361 3615 δεῶς
401 3552 634 3623 ἑχόντων
682 3554 1041 3626 εὑρεθήσεται
1100 3556 1509 3628 διοικούμενος;
1554 3558 1587 3628 ἢ
1628 3560 1805 3614 ταῦτα

222 3644 329 3714 μὲν
367 3644 622 3713 οὐδαμῶς
663 3643 851 3710 ἔσται,
886 3646 1025 3715 μετὰ
1057 3645 1310 3714 μεθύσων
1336 3647 1392 3699 δὲ
1440 3650 1535 3703 καὶ
1565 3665 1805 3718 κραιπα-

223 3734 442 3804 ληστῶν
479 3735 571 3787 καὶ
599 3736 837 3805 ’πορνῶν
863 3739 956 3789 καὶ
995 3736 1381 3807 πορνοϐοσκῶν
1416 3739 1804 3810 καταναλώθη-

225 3834 384 3876 aetat
439 3825 575 3894 πρὸς
620 3825 843 3879 πλείονα
887 3827 1217 3898 κατάκρισιν
1263 3827 1360 3881 τοῦ
1407 3830 1600 3901 πρώην
1641 3834 1804 3885 αὑτὸν

222 3912 446 3984 ἔχοντος
492 3917 585 3968 καὶ
617 3917 693 3989 μὴ
743 3916 1236 3987 διασκορπίσαντος
1268 3919 1671 3990 φιλανθρώπως
1711 3923 1806 3975 καὶ

223 3988 497 4066 Θεοσεϐῶς
546 4006 689 4058 κατὰ
740 4006 799 4058 τὸ
865 4008 1285 4077 γεγραμμένον
1342 4027 1360 4058 ι
1408 3988 1803 4080 Ἐσκόρπισεν,

222 4095 399 4149 ἔδωκε
432 4099 544 4159 τοῖς
582 4098 848 4166 πένησινο
879 4100 912 4167 ὴ
954 4099 1273 4167 δικαιοσύνη
1326 4102 1491 4154 αὐτοῦ
1532 4104 1687 4171 μένει
1726 4106 1805 4169 είς

221 4187 321 4239 τὸν
362 4188 536 4240 αἰῶνα
583 4189 677 4241 τοῦ
732 4190 965 4254 αἰῶνος,
1001 4209 1019 4241 ι
1066 4191 1182 4245 ἀλλ’
1225 4192 1464 4262 ἔμπαλιν
1501 4196 1682 4249 αἰτίαν
1712 4199 1806 4249 καὶ

224 4279 506 4348 πρόφασιν
535 4282 912 4351 παρασχόντος
935 4284 1029 4335 καὶ
1057 4287 1168 4347 τοῖς
1198 4289 1679 4358 μεταγενεστέρως
1710 4291 1805 4343 αὑι

222 4370 324 4423 τὸν
378 4373 637 4441 ἐσχηκόσι
685 4373 822 4444 πρὸς
867 4375 1255 4446 ἀνοσιουργίας
1303 4380 1398 4431 καὶ
1449 4397 1804 4451 πονηροπραο

1905 3198 2012 3241 tem
2066 3186 2345 3243 laboribus
2383 3189 2503 3257 ejus
2565 3197 2618 3240 et
2658 3187 2954 3242 sudoribus
2996 3200 3209 3257 partam
3261 3191 3476 3259 adierit,

1907 3279 2034 3332 illud
2066 3279 2275 3341 videat,
2328 3279 2474 3347 quod
2509 3279 2633 3339 liet.
2675 3290 2727 3332 et
2755 3294 2919 3347 quam
2950 3279 2995 3331 is
3029 3296 3208 3335 rerum
3246 3283 3480 3337 admini-

1904 3372 2225 3426 strationem
2274 3371 2560 3425 instituet?
2596 3371 2740 3425 Num
2774 3370 2920 3423 enim
2967 3372 3069 3426 iste
3096 3389 3234 3442 quas
3260 3374 3481 3431 divitias

1904 3467 2275 3520 successionis
2297 3466 2420 3533 jure
2449 3465 2677 3534 accepit,
2714 3479 2808 3517 eas
2838 3463 2890 3516 in
2922 3466 3175 3520 solatium
3202 3470 3477 3537 egentium

1903 3554 2279 3619 distribuisse,
2325 3567 2491 3625 atque
2557 3556 2610 3608 in
2661 3570 2819 3608 usum
2873 3557 3194 3609 miserorum
3248 3556 3484 3610 admini-

1904 3653 2111 3698 strasse
2145 3645 2490 3699 invenietur?
2516 3645 2597 3699 An
2629 3646 2761 3699 nihil
2789 3647 2984 3701 horum
3018 3647 3177 3716 plane
3211 3646 3480 3708 futurum.

1902 3750 2107 3805 easque
2140 3752 2264 3790 cum
2298 3737 2466 3791 ebriis
2511 3738 2691 3806 potius
2723 3748 2777 3791 et
2812 3738 3315 3803 comessatoribus,
3356 3754 3478 3792 cum

1904 3827 2103 3879 scortis
2156 3827 2556 3897 Icnonibusque
2593 3828 2683 3882 ille
2727 3830 3007 3892 absumet,
3062 3828 3128 3881 ad
3173 3828 3480 3899 graviorem

1904 3918 2025 3987 ejus
2049 3919 2561 3973 condemnationem
2586 3961 2601 3984 ,
2633 3919 2725 3988 qui
2762 3920 2913 3988 prius
2947 3920 3217 3988 possedit,
3244 3934 3345 3973 nec
3375 3918 3479 3971 hu—

1906 4010 2139 4063 maniter
2166 4026 2259 4065 eas
2308 4012 2501 4079 pieque
2524 4011 2805 4081 dispersit,
2838 4010 3300 4079 quemadmodum
3340 4010 3478 4065 scri-

1904 4107 2056 4168 ptum
2086 4108 2171 4152 est
2207 4115 2219 4150 :
2261 4118 2277 4149 ι
2313 4097 2622 4169 Dispersit,
2667 4100 2815 4154 dedit
2859 4097 3223 4168 pauperibus;
3264 4098 3475 4166 justitia

1904 4190 2024 4258 ejus
2064 4199 2247 4244 manet
2275 4192 2327 4245 in
2362 4193 2624 4245 saeculum
2659 4191 3316 4257 saeculi“;isedcausam
3348 4204 3480 4244 conn

1907 4290 1986 4335 tra
2014 4291 2068 4335 et
2096 4284 2442 4337 occasionem
2472 4284 2705 4352 posteris
2733 4298 2953 4353 quoque
2980 4281 3230 4351 praebuit,
3254 4282 3317 4335 ad
3342 4296 3485 4351 quos

1906 4375 2011 4429 illa:
2056 4389 2353 4443 pervenere
2377 4416 2391 4440 ,
2426 4385 2487 4428 ut
2523 4374 2745 4443 impiam
2790 4373 3195 4443 pessimamque
3234 4374 3360 4426 vitae
3399 4387 3483 4424 ra-

226 4461 375 4526 ξίας,
418 4465 965 4533 παρεκτρεπομένοις
1008 4467 1062 4519 δὲ
1110 4470 1206 4521 κα¹ι⁵
1251 4470 1388 4539 πρὸς
1419 4472 1672 4543 ἁρπαγὰς
1706 4475 1801 4526 καὶ

1907 4476 2110 4526 tionem
2164 4471 2402 4535 inirent,
2442 4484 2542 4523 nec
2573 4470 2856 4538 rapiendi,
2891 4466 3357 4536 concupiscendi,
3398 4481 3485 4519 ca-

224 4553 546 4619 πλεονεξίας
574 4556 667 4608 καὶ
701 4560 1073 4626 συκοφαντίας
1104 4560 1184 4613 ἔτι
1216 4563 1360 4615 κατὰ
1391 4564 1452 4615 τὸ
1486 4565 1708 4634 μᾶλλον,
1726 4566 1803 4629 ώς

220 4645 332 4696 οὐκ
387 4645 751 4714 ἐξαρκοῦντος
800 4646 895 4699 τοῦ
964 4651 1413 4720 περιενεχθέντος
1470 4656 1551 4716 εἰς
1602 4655 1802 4717 αὐτοὺς

223 4734 467 4787 πλούτου
496 4738 827 4807 παραλόγως
855 4742 949 4792 καὶ
978 4741 1261 4811 δυστυχῶς
1294 4745 1427 4812 πρὸς
1463 4745 1800 4816 ἐξυπηρὰηο

224 4843 316 4876 σιν
357 4826 457 4893 τῆς
502 4826 787 4896 φιληδόνου
823 4828 991 4898 ζωῆς.
1042 4828 1214 4883 Τοῦτο
1241 4831 1351 4902 γὰρ
1380 4833 1681 4887 αἰνίττεται
1719 4836 1805 4888 διὰ

219 4918 336 4971 τῶν
366 4920 653 4989 ἑπομένων
676 4937 690 4952 ο
725 4924 861 4991 φησὶ
889 4924 997 4994 γάρ
1022 4939 1035 4953 .

1906 4563 2207 4618 lumniandi
2246 4561 2414 4615 ullum
2463 4558 2704 4614 facerent
2740 4559 2899 4613 tinem
2926 4575 2940 4611 :
2972 4558 3128 4629 quasi
3176 4572 3330 4625 opes,
3360 4573 3481 4626 qua:

1909 4668 2114 4711 temere
2146 4654 2254 4708 illis
2295 4653 2696 4721 infeliciterque
2723 4652 3110 4711 obvenissent,
3144 4652 3207 4703 ad
3236 4650 3483 4716 volupta-

1910 4749 2006 4799 rize
2033 4746 2156 4798 vitae
2189 4743 2491 4796 ministeria
2517 4741 2677 4810 plane
2710 4755 2817 4794 nun
2852 4740 3175 4794 sullicerent.
3197 4739 3314 4793 lloc
3335 4739 3481 4792 enim

1914 4840 1981 4893 iis
2014 4838 2306 4909 signiﬁcat,
2341 4852 2462 4906 qua:
2491 4845 2829 4904 sequuntur;
2861 4836 3058 4903 quippe
3093 4834 3168 4887 ait
3199 4850 3212 4884 :

1616 5042 1773 5112 106
1808 5041 1835 5112 ς
1874 5038 2063 5091 xxvn.

317 5124 695 5194 Ἐπέστρεψα
751 5128 896 5198 ἐγὼ,
946 5132 1044 5183 καὶ
1094 5128 1259 5185 εἶδον
1312 5135 1646 5202 συμπάσας
1702 5138 1806 5199 τὰς

220 5216 646 5281 συκοφαντίας
674 5216 780 5281 τὰς
809 5218 1126 5287 γινομένας
1160 5223 1278 5275 ὑπὸ
1312 5224 1420 5276 τὸν
1451 5224 1630 5290 ἣλιον
1652 5242 1664 5255 ο
1706 5226 1803 5278 καὶ

221 5300 397 5356 εἶδον
428 5304 696 5372 δάκρυον
742 5306 859 5358 τῶν
902 5312 1517 5380 συκοφαντουμένων,
1554 5316 1651 5369 καί
1695 5318 1805 5368 οὐκ

220 5398 403 5447 ἐίσην
428 5395 633 5461 αὐτοῖς
663 5398 696 5449 o'
733 5398 1127 5465 παρακαλῶν·
1176 5404 1273 5455 καὶ
1306 5404 1423 5456 ἀπὸ
1454 5407 1651 5472 χειρὸς
1689 5422 1802 5459 συ-

305 5523 351 5555 ”
380 5523 524 5578 Psal.
559 5541 692 5593 exn,
733 5527 786 5581 9.

307 5660 420 5730 (62)
461 5659 594 5714 Luc.
626 5678 735 5727 xvi,
766 5660 818 5715 9.
859 5660 950 5715 Sic
982 5672 1162 5715 tamen
1206 5662 1259 5714 in
1286 5662 1492 5718 Graecis
1533 5666 1808 5732 exempla-

224 5733 385 5787 ribus
419 5732 560 5799 lcges
595 5748 607 5782 :
651 5734 919 5800 Ποιήσατε
967 5733 1179 5793 ἑαυτοῖς
1221 5733 1406 5797 φίλους
1444 5738 1506 5785 ἐκ
1548 5735 1641 5785 τοῦ
1687 5736 1803 5787 Μα-

222 5801 393 5872 μωνᾶ
422 5802 518 5867 τῆς
548 5801 780 5864 ἀδικίας,
812 5804 893 5854 ἵνα
918 5804 1044 5855 ὅταν
1076 5802 1357 5867 ἐκλίπητε,
1383 5803 1638 5866 δέξωνται
1666 5806 1808 5866 ὑμᾶς

1984 5132 2115 5185 (lar.
2146 5129 2234 5185 IV.
2270 5147 2425 5184 vtzns.
2471 5131 2583 5184 L5.
2617 5129 2860 5185 Conveni
2896 5144 2988 5198 ego
3019 5144 3119 5192 me,
3153 5136 3200 5180 ct
3229 5126 3335 5179 ridi
3366 5127 3484 5178 uni-

1911 5244 2083 5280 uersas
2101 5227 2396 5279 calumnias
2413 5244 2530 5296 qua:
2553 5228 2687 5294 ﬁunt
2714 5227 2809 5279 sub
2829 5224 2971 5287 sele;
2994 5234 3041 5278 et
3067 5224 3171 5276 vidi
3194 5223 3484 5291 lacrymam

1909 5335 2121 5381 eorum,
2176 5323 2264 5387 qui
2315 5319 2635 5372 calumniam
2670 5319 2964 5379 sustinent,
3022 5330 3068 5369 et
3120 5331 3222 5367 non
3266 5325 3339 5367 est
3398 5316 3486 5380 qui

1909 5416 2208 5467 consoletur
2240 5432 2326 5469 eos
2358 5433 2373 5469 :
2405 5426 2453 5468 et
2483 5415 2546 5468 de
2586 5430 2747 5467 manu
2779 5412 3219 5465 calumniantium
3248 5426 3332 5464 eos
3372 5408 3483 5477 [or-

1918 5674 1994 5736 εἰς
2022 5674 2119 5733 τὰς
2148 5677 2397 5739 αἰωνίους
2423 5679 2645 5746 σκηνάς.

1987 5746 2107 5813 (εὖ),
2138 5746 2350 5816 ()lymp.
2379 5750 2434 5799 ἐν
2546 5750 2607 5800 ἂν
2633 5749 2874 5816 γίνηται.
