4192 6436
129 410 248 473 905

1245 406 1324 466 1N
1356 404 1943 465 EL‘CLESIASTEN.

2006 433 2037 439 -
2068 408 2211 466 LIB.
2262 405 2377 466 III.
3338 411 3439 476 905

133 526 299 575 ἐστιν
335 521 369 590 ἡ
403 518 515 590 ζωὴ
550 516 734 587 ὕμῶν;
770 515 935 586 ἀτμὶς
978 520 1086 585 γάρ
1118 514 1268 569 ἐστιν
1309 519 1343 588 ἡ
1393 518 1532 588 πρὸς
1565 517 1746 586 ὀλίγον

1859 519 2014 588 [10
2041 527 2125 574 est
2155 519 2224 574 ad
2254 517 2531 574 modicum
2564 532 2787 587 parens,
2820 526 2875 572 et
2900 516 3158 586 deinceps
3186 522 3415 573 extermi

135 612 501 683 φαινομένη.
545 609 739 663 ἔπειτα
786 608 843 660 δὲ
886 608 979 660 καὶ
1023 607 1437 678 ἀφανιζομένη⁹
1487 610 1609 663 ἀντὶ
1651 610 1745 663 τοῦ

134 707 336 758 λαλεῖν
363 706 533 775 ὑμᾶς,
561 704 657 757 saw
681 704 710 755 ὁ
740 701 943 774 Κύριος
965 701 1193 775 θελήσῃ,
1224 702 1320 755 καὶ
1348 702 1631 774 ζήσωμεν,
1652 704 1749 756 καὶ

138 801 480 867 ποιήσωμεν
511 795 675 849 τοῦτο
706 795 739 867 ἦ
771 797 969 848 ἐκεῖνο.
1000 793 1114 847 Νῦν
1143 794 1201 847 δὲ
1228 794 1509 866 καυχᾶσθε
1536 796 1594 847 ὲν
1627 795 1748 856 ταῖς

138 888 517 953 ἀλαζωνείαις
545 885 723 958 ὑμῶν.
770 887 928 940 Πᾶσα
970 883 1241 957 καύχησις
1274 885 1498 956 τοιαύτη
1533 886 1751 955 πονηρά

140 981 325 1032 ἐστιν.
363 998 382 1029 ι

233 1073 297 1125 '0
337 1070 528 1140 μέντοι
563 1072 727 1138 σοφὸς
757 1067 1192 1138 Ἐκκλησιαστὴς
1218 1067 1277 1118 ἐν
1304 1066 1517 1135 ὀλίγαις
1544 1065 1748 1133 λέξεσι,

143 1170 277 1230 ταῖς
309 1164 455 1218 κατά
487 1162 779 1235 συνήθειαν
804 1159 954 1230 αὐτῷ
993 1159 1613 1231 παραλαμϐανομὲναις,
1644 1160 1751 1212 πᾶ-

149 1274 259 1310 σαν
300 1254 728 1326 καθυπογράφει
754 1252 853 1322 τὴν
882 1249 1280 1322 ματαιοπονίαν
1309 1249 1419 1303 τῶν
1441 1251 1754 1319 ὲμματαιαο

145 1348 365 1414 ζόντων
410 1352 525 1410 τοῖς
576 1346 728 1409 ίδίοις
769 1344 994 1414 μόχθοις
1044 1342 1137 1396 καὶ
1178 1342 1407 1409 κόποις,
1445 1341 1541 1395 καὶ
1583 1342 1751 1413 μηδὲν

146 1440 354 1507 ὄφελος
401 1438 636 1509 ψυχικὸν
670 1437 858 1506 σφίσιν
900 1436 1087 1498 αὐτοῖς
1134 1433 1540 1505 προξενούντων
1563 1453 1576 1465 ·
1614 1433 1752 1487 ἀλλὰ

151 1530 428 1594 πολλάκις
480 1529 575 1582 καὶ
617 1528 755 1599 πρὸς
786 1525 959 1587 αὐτὰς
1002 1522 1101 1586 τὰς
1145 1522 1337 1593 χρείας
1367 1521 1468 1590 τῆς
1502 1519 1748 1590 φύσεως,

148 1622 244 1674 διὰ
272 1622 376 1693 τὴν
403 1619 694 1691 φειδωλίαν
718 1618 815 1672 καὶ
845 1615 947 1687 τὴν
976 1612 1480 1683 φιλοκτημοσύνην,
1515 1611 1751 1676 ἐλλιπῶς

148 1714 250 1766 καὶ
300 1713 439 1783 μετά
470 1712 675 1783 πολλῆς
704 1708 912 1771 ἐνδείας
946 1708 1060 1769 τοῖς
1112 1705 1249 1777 πρὸς
1275 1704 1577 1776 διατροφὴν
1615 1707 1753 1760 ἀπο·

153 1805 524 1876 κεχρημένων
558 1802 824 1865 ἀϐούλως.
866 1798 1087 1869 ’Δμέλει
1116 1798 1297 1850 τοίνυν
1340 1798 1595 1868 ἐπήγαγε
1616 1812 1632 1828 ο

1850 611 2094 665 nabitur.
2128 611 2235 666 Pro
2260 626 2328 667 eo
2353 619 2413 664 ut
2449 609 2648 665 dicatis
2672 626 2685 661 :
2714 608 2772 664 Si
2806 608 3076 664 Dominus
3106 609 3363 671 voluerit,
3387 620 3438 665 et

1849 701 1895 756 si
1928 701 2248 765 vixerimus,
2290 701 2561 756 Iaeiemus
2591 702 2697 756 hoc
2739 712 2836 756 aut
2871 701 3026 756 illud.
3062 700 3221 756 Nunc
3252 711 3435 756 autem

1849 794 2138 848 exsultatis
2185 795 2240 847 in
2288 793 2565 864 superbiis
2607 794 2829 848 vestris.
2902 794 3092 850 Omnis
3144 794 3442 849 exsultatio

1851 884 1977 939 talis
2002 886 2244 956 maligna
2279 894 2364 939 est
2401 884 2537 955 (70).
2578 904 2598 937 ι

1922 976 2219 1032 Enimvero
2265 979 2486 1048 sapiens
2527 977 2892 1033 Ecclesiastes
2924 979 3112 1047 paucis
3136 1021 3150 1044 ,
3192 989 3250 1035 ut
3281 980 3441 1048 solet,

1850 1071 2037 1125 verbis
2069 1086 2226 1137 usus,
2257 1087 2457 1125 vanam
2496 1086 2716 1125 omnem
2757 1086 2949 1126 eorum
2980 1071 3244 1127 describit
3284 1074 3441 1128 solli-

1850 1160 2149 1216 citudinem
2181 1204 2195 1228 ,
2249 1163 2343 1232 qui
2392 1178 2558 1232 opera
2606 1179 2705 1217 sua
2753 1172 2808 1217 et
2852 1165 3207 1219 contentione
3256 1167 3442 1221 inania

1852 1261 2127 1307 sectantes
2150 1294 2165 1318 ,
2200 1254 2413 1306 nullum
2459 1252 2563 1307 sibi
2596 1255 2664 1307 ad
2694 1255 2891 1309 animae
2922 1256 3214 1310 utilitatem
3258 1259 3443 1311 subsi-

1851 1344 2002 1398 dium
2037 1355 2235 1414 parant
2264 1362 2284 1399 »:
2323 1347 2456 1415 quin
2491 1360 2633 1415 saepe
2684 1346 2752 1400 ad
2804 1348 2920 1419 ipsa
2964 1349 3090 1403 \it.e
3132 1349 3444 1413 commoda,

1855 1438 2212 1505 parcimonite
2259 1438 2445 1493 studio
2495 1447 2660 1509 atque
2710 1441 2959 1495 avaritiae
3010 1457 3217 1508 causa,
3265 1458 3334 1497 ne
3393 1444 3445 1497 id

1855 1527 2117 1598 quidem,
2167 1530 2314 1600 quod
2351 1531 2485 1587 satis
2520 1532 2629 1596 sit,
2668 1542 2918 1598 sumunt,
2964 1541 3018 1585 et
3052 1537 3119 1587 de
3172 1534 3448 1590 alimentis

1852 1636 2071 1692 quoque
2117 1623 2325 1694 aliquid
2378 1624 2482 1678 sibi
2531 1626 2733 1681 misere
2779 1627 3205 1698 inconsulteque
3259 1629 3449 1685 decer-

1855 1725 2013 1784 punt.
2043 1717 2232 1786 Itaque
2270 1717 2477 1787 adjecit
2513 1736 2528 1773 :

1703 1912 1948 1973 XXVIII.

1703 1915 1747 1970 Χ

230 2016 477 2085 ’Ἄρρων
511 2014 828 2082 περιέλαϐε
853 2010 962 2077 τὰς
985 2010 1187 2081 χεῖρας
1226 2008 1416 2063 αὐτοῦ
1436 2052 1451 2076 ,
1484 2009 1581 2063 καὶ
1612 1915 1754 2065 κῗιτ-

1860 1915 1948 1973 ιιι.

1937 2013 2102 2072 Vt-zns.
2138 2012 2191 2073 5.
2224 2017 2437 2074 Stultus
2475 2022 2781 2089 complexus
2832 2031 2911 2075 est
2960 2036 3150 2075 manus
3194 2038 3354 2087 suas,
3397 2033 3449 2078 et

152 2107 345 2178 έςσαγε
385 2111 492 2173 τὰς
522 2105 755 2175 σάρκας
786 2104 998 2161 αὑτοῦ.

230 2201 367 2263 Ταῖς
398 2200 505 2271 γὰρ
545 2197 874 2262 ἀποτεύξεσι
904 2196 1015 2248 τῶν
1054 2193 1427 2249 ἐλπισθέντων
1455 2196 1576 2258 ταῖς
1610 2194 1753 2248 κατά

152 2293 258 2365 τὴν
285 2295 520 2364 ἧπειρον
546 2293 639 2344 καὶ
665 2292 763 2359 τὴν
791 2289 1069 2343 θάλασσαν
1102 2287 1419 2359 ἐμπορίαις,
1449 2288 1530 2350 είς
1558 2285 1754 2339 τοσαύ-

154 2404 259 2457 την
310 2385 664 2456 περιίσταται
708 2382 910 2451 θλῖψιν,
944 2380 1036 2435 καὶ
1084 2380 1442 2450 τηλικαύταις
1492 2379 1753 2448 ἀλγηδόσι

156 2479 256 2531 καὶ
292 2477 620 2546 καρδιακαῖς
664 2474 930 2543 ἀθυμίαις
976 2471 1454 2536 καταϐαπτίζεται
1496 2470 1595 2540 τὴν
1634 2470 1753 2524 διά-

160 2587 349 2629 νοιαν·
392 2570 561 2637 ἡνίκα
608 2567 843 2639 μάλιστα
879 2566 1015 2635 πρὸς
1060 2564 1139 2634 τῷ
1190 2564 1358 2634 μηδὲν
1394 2562 1655 2633 κερδᾶναι
1692 2563 1755 2615 τὸ

161 2661 413 2723 σύνολον,
448 2660 540 2712 καὶ
566 2658 625 2710 τὸ
647 2653 993 2724 καταδληθὲν
1021 2651 1453 2724 προσαπώλεσεν
1489 2650 1755 2721 ἀργύριον

160 2754 257 2806 καὶ
289 2752 533 2823 χρυσίον,
581 2750 656 2813 ὣς
685 2747 779 2801 καὶ
810 2747 911 2810 τὰς
959 2746 1154 2817 τρίχας
1179 2745 1279 2814 τῆς
1332 2744 1468 2806 ιδίας
1509 2741 1754 2811 κεφαλῆς

159 2842 388 2907 τίλλειν,
431 2843 526 2896 καὶ
558 2841 858 2911 πειρᾶσθαι
886 2839 978 2892 καὶ
1011 2838 1111 2899 τὰς
1141 2837 1352 2906 σάρκας
1381 2836 1749 2904 καταφαγεῖν.

160 2936 230 2989 Τί
264 2938 463 3008 δήποτε
491 2936 547 2988 δὲ
577 2934 735 2987 τοῦτο
764 2931 1073 2996 πέπονθεν;
1105 2930 1251 2992 Ὅτι,
1284 2930 1417 2999 φησι
1437 2970 1452 2996 ,
1485 2946 1752 2997 κατεσφι-

161 3029 373 3097 γμὲνας
406 3022 519 3097 εἶχε
552 3026 651 3089 τὰς
684 3028 873 3096 χεῖρας
908 3025 1045 3094 πρὸς
1083 3023 1145 3076 τὸ
1180 3023 1453 3093 μηδεμίαν
1478 3022 1755 3076 ποιεῖσθαι

156 3121 404 3175 διάδοσιν
454 3119 546 3171 καὶ
589 3116 848 3188 διανομὴν
887 3120 1001 3180 τοῖς
1037 3118 1276 3185 πτωχοῖς
1312 3117 1407 3169 καὶ
1444 3118 1557 3179 τοῖς
1588 3116 1757 3186 πένη-

165 3231 255 3267 σιν
277 3230 290 3245 ·
318 3212 433 3266 ἀλλ’
466 3209 680 3263 ἔνδοθεν
711 3210 809 3280 τῆς
845 3207 1193 3280 περιλήψεως
1230 3206 1338 3260 τῶν
1379 3207 1527 3261 ἰδίων
1551 3209 1753 3277 χειρῶν

164 3305 506 3379 περικλείειν
552 3306 647 3357 καὶ
690 3303 1064 3373 περιγράφειν
1114 3300 1207 3352 τὸν
1264 3300 1755 3372 συναθροιζόμενον

1864 2110 2087 2162 comedit
2123 2127 2308 2165 carnes
2343 2128 2470 2165 suas
2503 2113 2641 2181 (71).

1932 2194 1982 2249 Is
2025 2197 2228 2266 quippe
2288 2200 2740 2269 compendiorum
2806 2217 2899 2272 spe
2954 2201 3267 2270 frustratus,
3326 2221 3449 2276 quae

1861 2297 2006 2342 terra
2043 2291 2295 2361 marique
2341 2301 2681 2362 speraverat,
2720 2304 2868 2349 tanta
2903 2298 3070 2351 animi
3102 2298 3323 2353 tristitia
3354 2315 3451 2369 op-

1862 2380 2137 2448 primitur,
2169 2392 2224 2437 et
2253 2382 2444 2439 dolore
2494 2393 2646 2440 tanto
2683 2395 2849 2457 atque
2884 2387 3212 2458 aegritudine
3256 2389 3449 2445 obrui-

1860 2476 1972 2534 tur,
2020 2472 2325 2539 prtesertim
2369 2475 2514 2542 quod
2551 2475 2618 2528 ad
2666 2476 2837 2530 totius
2885 2476 3023 2531 lucri
3059 2478 3447 2534 detrimentum

1861 2562 2073 2633 argenti
2117 2564 2282 2619 etiam
2319 2574 2484 2636 atque
2518 2567 2638 2621 auri
2670 2566 2782 2635 jam
2834 2570 3056 2638 expensi
3106 2571 3323 2639 jactura
3354 2588 3450 2627 ac-

1862 2656 2108 2721 cesserit,
2168 2665 2226 2710 ul
2259 2658 2487 2727 capillos
2519 2658 2620 2713 sibi
2661 2661 2857 2715 evellat
2894 2661 3111 2731 capitis,
3138 2672 3195 2718 et
3225 2678 3447 2718 carnem

1863 2763 2017 2803 suam
2055 2763 2243 2803 morsu
2281 2760 2447 2820 petat.
2481 2751 2547 2805 At
2580 2768 2817 2821 quonam
2855 2764 3014 2824 pacto
3042 2755 3111 2809 ad
3139 2758 3243 2811 hoc
3270 2772 3451 2829 usque

1861 2838 2119 2893 devenit?
2150 2838 2313 2906 Quia,
2357 2841 2557 2911 inquit,
2608 2858 2805 2898 manus
2839 2845 3030 2899 habuit
3062 2847 3341 2910 astrictas,
3383 2866 3451 2904 ne

1863 2931 1995 3001 quid
2048 2931 2196 2985 dono
2231 2934 2418 3005 egenis
2460 2944 2623 3003 atque
2674 2938 3009 3005 pauperibus
3053 2938 3449 3006 distribueret;

1863 3024 2138 3094 idemque,
2165 3036 2433 3095 quantum
2468 3027 2722 3082 manibus
2751 3042 2946 3097 capere
2990 3031 3108 3084 suis
3148 3040 3355 3099 posset,
3394 3031 3448 3085 in

1864 3117 2111 3173 collectis
2142 3118 2341 3188 opibus
2388 3118 2783 3176 concludendis
2818 3121 3451 3193 circumseribcndisquc

1863 3220 2011 3266 totus
2040 3211 2174 3265 fuit:
2201 3227 2379 3282 neque
2409 3212 2494 3266 hls
2525 3213 2591 3267 ad
2618 3213 2936 3282 quotidiana
2964 3222 3175 3268 natura;
3198 3215 3449 3269 subsidia

1868 3304 2166 3359 liberaliter
2221 3320 2284 3359 ac
2311 3305 2544 3376 benigne
2587 3320 2723 3359 usus
2754 3313 2877 3370 est,
2917 3306 3013 3362 sed
3067 3307 3223 3363 vanis
3265 3307 3452 3378 potius

166 3400 402 3455 πλοῦτον
423 3415 437 3429 ·
474 3398 599 3451 οὐδὲ
631 3396 768 3468 πρὸς
809 3398 908 3459 τάς
940 3395 1252 3462 ἀναγκαίας
1279 3395 1473 3464 χρείας
1511 3395 1610 3463 τῆς
1651 3394 1754 3463 φύ-

1862 3397 2143 3452 Iaboribus
2175 3397 2435 3467 curisque
2470 3398 2730 3452 inanibus
2760 3412 2927 3468 Opum
2952 3401 3451 3468 comparandarum

168 3512 309 3557 σεως
334 3491 636 3559 ἐλευθέρως
671 3488 821 3559 αὐτῷ
846 3487 1188 3558 κεχρημένος
1220 3489 1315 3539 καὶ
1343 3486 1759 3555 δαψιλῶς,ἀλλά

168 3588 267 3641 καὶ
298 3587 421 3650 cois;
467 3585 704 3655 μόχθους
746 3582 840 3636 καὶ
886 3581 1091 3643 κόπους
1119 3578 1596 3649 καταϐαλλόμενος
1635 3581 1761 3642 τοὺς

169 3678 434 3749 ματαίους
468 3678 565 3729 καὶ
591 3674 882 3745 περιττοὺς
924 3672 1061 3743 πρὸς
1099 3672 1198 3742 τὴν
1230 3669 1436 3725 τούτων
1472 3671 1761 3742 συνάθροι-

169 3785 279 3833 σιν,
314 3767 408 3821 καὶ
451 3750 707 3836 χαλεπῶς
739 3762 1056 3834 τληπαοῶν,
1091 3762 1186 3814 καὶ
1211 3762 1298 3814 διὰ
1333 3763 1392 3813 τὸ
1426 3762 1527 3831 τῆς
1557 3779 1759 3831 προαισ-

171 3860 381 3930 ρὲσεως
435 3858 662 3928 ἀγεννὲς
724 3858 819 3910 καὶ
887 3854 1429 3923 καταδεδουλωμένον
1490 3856 1614 3916 ταῖς
1667 3854 1763 3906 τοῦ

169 3953 403 4005 πλούτου
459 3952 845 4023 προσθήκαις,
906 3950 1109 4019 ἥκιστα
1169 3949 1292 4010 ταῖς
1369 3950 1603 4017 τροφαῖς
1667 3948 1764 4001 καὶ

170 4044 383 4115 χρείαις
421 4045 522 4113 τῆς
584 4045 801 4113 φύσεως
843 4042 942 4110 τὴν
977 4038 1422 4109 ἐπιζητουμένην
1453 4040 1762 4094 ἀνάπαυσιν

169 4136 551 4208 χαριζόμενος.
600 4135 676 4187 Οὐ
711 4135 822 4203 γὰρ
874 4134 989 4204 ᾔδει
1023 4132 1115 4185 διὰ
1150 4132 1354 4201 πολλὴν
1388 4134 1758 4203 ἀποπληξίαν,

169 4230 255 4281 ὅτι
310 4229 510 4298 μᾶλλον
562 4226 929 4297 αἱρετώτερόν
980 4226 1097 4277 ἐστι
1158 4224 1255 4277 καὶ
1311 4225 1755 4298 λυσιτελέστερον

173 4322 403 4392 βραχεῖα
451 4325 545 4375 καὶ
584 4320 927 4391 σκληροτέρα
962 4317 1267 4388 μετάληψις
1295 4319 1504 4389 τροφῆς
1534 4319 1757 4382 ἀκόπως

170 4417 571 4486 προστιθεμένη
621 4415 760 4482 πρὸς
792 4412 1098 4479 ἀναγκαίαν
1139 4411 1331 4481 χρείαν
1375 4413 1472 4481 τῆς
1517 4411 1762 4479 φύσεως,

1859 3504 2024 3545 causa
2077 3489 2353 3558 susceptis
2397 3504 2462 3543 ac
2522 3489 2791 3555 toleratis,
2840 3490 3092 3546 illiberali
3153 3493 3453 3564 servilique

1861 3580 2047 3633 animo
2080 3579 2134 3633 in
2168 3580 2484 3634 divitiarum
2532 3578 2886 3649 augmentum
2933 3583 3189 3639 alimenta
3242 3586 3347 3641 sibi
3398 3599 3452 3641 et

1862 3673 2149 3728 commoda
2211 3680 2265 3727 et
2321 3672 2688 3728 necessariam
2747 3682 2957 3730 natura:
3022 3676 3261 3745 quietem
3314 3677 3418 3731 sub

1863 3765 2020 3819 duxit
2053 3765 2189 3835 (72).
2245 3763 2471 3819 Summa
2502 3765 2648 3818 enim
2683 3768 2882 3823 mentis
2937 3768 3250 3838 stupiditate
3292 3769 3447 3839 ιιι

1867 3860 2157 3928 ignoravit,
2193 3868 2399 3927 quanto
2432 3859 2725 3929 cptahilior
2760 3860 2831 3912 sit
2863 3868 3027 3929 atque
3060 3861 3246 3916 utilior
3270 3862 3452 3915 brevis

1864 3965 1928 4004 ac
1958 3950 2149 4005 durior
2172 3950 2278 4005 cibi
2310 3951 2552 4020 gustatio
2578 3950 2696 4004 sine
2733 3950 2845 4004 ullo
2884 3951 3072 4007 labore
3103 3955 3171 4007 ad
3200 3967 3455 4008 necessa-

1863 4044 2006 4098 rium
2034 4053 2244 4097 natura:
2267 4058 2428 4097 usum
2462 4043 2721 4111 appositi,
2767 4058 2931 4112 quam
2963 4043 3147 4098 lautus
3198 4042 3455 4113 magniﬁ-

1862 4149 2069 4203 cusque
2100 4144 2394 4202 apparatus
2445 4133 2847 4201 exquisitarum
2892 4133 3116 4204 dapiunt
3158 4143 3320 4203 atque
3356 4150 3455 4203 po-

1867 4225 2077 4278 tionum
2106 4264 2120 4287 ,
2153 4239 2274 4293 quae
2314 4222 2419 4277 nisi
2467 4223 2655 4277 labore
2702 4223 2874 4278 multo
2907 4240 2970 4279 ac
3020 4224 3221 4279 sudore
3262 4225 3450 4278 talium

1867 4332 2051 4371 terum
2078 4314 2307 4369 studiosi
2339 4330 2664 4384 comparare
2699 4332 2806 4369 non
2851 4327 3101 4386 possunt.
3155 4316 3451 4387 Propterea

1871 4407 2102 4475 subjecit
2134 4424 2145 4460 :

171 4508 313 4574 ὑπὲρ
341 4507 619 4577 δαψιλείας
648 4506 743 4558 καὶ
772 4501 1127 4564 πολυτελείας
1198 4501 1621 4571 καρυκευτικῶν
1680 4500 1989 4571 βρωμάτων
2035 4498 2129 4549 καὶ
2162 4497 2426 4567 πομάτων
2462 4500 2602 4568 μετά
2649 4500 2859 4552 πολλῶν
2925 4499 3142 4569 μόχθων
3207 4501 3303 4552 καὶ
3364 4502 3454 4550 κύ·

174 4616 289 4652 πων
314 4597 685 4667 εὐρισκομένη
717 4597 831 4656 τοῖς
873 4591 1132 4662 ζητοῦσιν
1156 4593 1349 4662 αὐτὴν.
1368 4593 1575 4645 Τούτου
1598 4595 1757 4663 χάριν
1798 4592 2049 4659 ἐπήγαγε
2074 4606 2084 4616 ·

1680 4759 1935 4830 gxxnx.

257 4912 504 4983 Ἀγαθὸν
544 4907 841 4975 πλήρωμα
871 4905 1023 4975 μετὰ
1056 4903 1277 4971 δρακὸς
1318 4903 1719 4968 ἀναπαύσεως
1741 4943 1754 4968 ,

1936 4904 2100 4957 Vens.
2133 4902 2185 4955 G.
2232 4898 2379 4955 Bona
2408 4900 2685 4969 plenitudo
2718 4914 2837 4951 cum
2858 4897 3059 4967 pugillo
3090 4900 3341 4968 requietis
3368 4917 3456 4953 su-

172 5003 321 5071 ὑπὲρ
361 4999 729 5069 πληρώματα
766 4998 876 5052 δύο
915 4994 1154 5065 δρακῶν
1188 4996 1421 5064 μόχθου
1467 4996 1566 5048 καὶ
1608 5011 1752 5062 προ-

172 5097 453 5168 αιρέσεως
482 5093 851 5163 πνεύματος.

256 5258 360 5329 (70)
402 5255 525 5329 Jac.
555 5271 630 5329 tv,
662 5255 752 5312 l5.
789 5254 849 5310 In
882 5254 1089 5310 nostris
1115 5249 1383 5320 exemplis
1412 5258 1567 5304 est...
1613 5249 1764 5302 Ἀντὶ

175 5328 271 5386 τοῦ
298 5331 478 5397 λέγειν
507 5328 728 5397 ὑμᾶς...

246 5390 471 5467 (ῗ1)Ἀῐ
513 5390 658 5453 LXX
704 5395 975 5452 habent...
1038 5392 1150 5448 Καὶ
1196 5392 1368 5462 ἔφαγε
1404 5390 1505 5454 τὰς
1551 5390 1764 5463 σάρκας

177 5471 360 5528 aii-:06.

245 5543 355 5612 (72)
378 5540 536 5606 Quod
555 5539 653 5612 hic
680 5537 901 5612 dicitur,
930 5534 1250 5612 Complexus
1272 5541 1350 5612 est
1379 5548 1576 5612 manus
1607 5549 1755 5598 suas,

175 5604 505 5684 proverbiale
534 5610 741 5684 dictum
784 5607 984 5684 Ilrusio
1013 5609 1228 5684 videtur
1248 5604 1611 5684 “pigritiam
1654 5618 1755 5684 no-

178 5674 409 5739 tandam.
448 5680 632 5751 (Prov.
673 5680 715 5734 Il
740 5719 754 5742 ,
788 5680 882 5734 lib.
924 5694 1009 5739 Ill,
1045 5694 1108 5751 An.
1143 5676 1257 5741 δι).
1294 5676 1382 5751 _Ac_
1408 5675 1491 5728 bis
1521 5690 1654 5751 sane
1697 5674 1751 5727 in

179 5745 479 5808 Proverbiis
546 5751 857 5805 Salomonis
928 5749 1222 5803 dictionem
1294 5745 1606 5812 hujusmodi
1686 5759 1752 5798 eo

177 5840 334 5880 sensu
382 5832 700 5890 usurpatam
742 5820 989 5875 invenies
1038 5830 1153 5885 (vi,
1206 5817 1404 5890 I0;__et
1451 5814 1749 5890 χκινηόὗ).

176 5894 400 5953 Necesse
431 5883 560 5963 ergo
600 5903 683 5947 est
710 5932 724 5954 ,
779 5891 872 5958 qui
906 5905 993 5945 res
1030 5883 1158 5944 suas
1204 5887 1469 5958 negligat,
1500 5894 1559 5939 ut
1608 5883 1753 5940 fatue

481 5988 757 6046 PATROL.
787 5985 903 6044 Gn.
938 5983 1208 6045 XCVIII.

1863 5011 1955 5065 per
1981 4993 2331 5063 plenitudine:
2364 4996 2593 5046 duorum
2629 4990 2953 5061 pugillorum
2994 4990 3195 5045 laboris
3231 5001 3279 5046 et
3316 5011 3447 5062 put--

1864 5087 2182 5156 sumptionis
2222 5087 2446 5155 spiritus
2481 5085 2617 5157 (75).

1866 5246 2099 5302 subinde
2129 5245 2514 5299 discrucietur.
2547 5244 2652 5299 Sed
2690 5246 2864 5301 nostri
2898 5246 3279 5314 interpretatio
3296 5260 3455 5316 aeque

1863 5324 2097 5379 constat,
2128 5325 2183 5369 et
2216 5316 2492 5369 acuminis
2516 5317 2643 5384 plus
2671 5317 2855 5370 habet.
2879 5315 2987 5371 Has
3014 5317 3225 5370 scilicet
3259 5315 3453 5385 pinnas

1860 5392 1993 5443 dare.
2027 5401 2225 5440 avaros
2256 5388 2355 5449 ait,
2397 5397 2458 5440 ut
2483 5396 2689 5455 quanto
2744 5391 2794 5440 in
2830 5390 3063 5441 aliorum
3092 5396 3332 5455 egestate
3374 5390 3452 5441 Ie-

1860 5458 2036 5512 vanda
2063 5457 2411 5511 remissiores
2443 5460 2574 5521 sint,
2618 5466 2770 5511 tanto
2806 5458 2857 5510 in
2893 5473 2952 5511 se
2981 5460 3133 5527 ipsos
3178 5457 3455 5525 parcimo-

1860 5532 1964 5584 nia:
2001 5529 2183 5582 studio
2218 5529 2556 5583 crudeliores
2602 5528 2755 5583 Iiant.
2801 5528 2935 5594 Qua:
2968 5536 3151 5581 autem
3203 5528 3453 5597 subjicit.

1863 5617 1927 5655 ea
1957 5611 2083 5654 sunt
2106 5600 2425 5669 anticipatio
2464 5600 2711 5669 quaedam
2740 5641 2754 5663 ,
2793 5610 2852 5654 ut
2881 5613 3207 5669 responsum
3240 5599 3455 5654 refellat

1863 5687 2074 5726 eorum.
2113 5670 2206 5737 qui
2235 5672 2443 5725 divitiis
2478 5687 2536 5725 se
2570 5672 2791 5725 studere
2825 5687 2888 5725 ea
2933 5679 3115 5724 mente
3142 5670 3353 5736 dicunt,
3394 5683 3455 5726 ut

1864 5740 2161 5811 aliquando
2186 5741 2291 5795 sibi
2322 5743 2516 5795 otiosis
2542 5750 2597 5795 et
2620 5742 2781 5796 latttis
2804 5758 2925 5795 esse
2958 5741 3138 5794 liceat.

1936 5813 2050 5877 (75)
2094 5810 2199 5865 Sed
2234 5812 2374 5881 apud
2418 5811 2560 5865 LXX
2595 5813 2747 5866 deest
2778 5814 2919 5880 μετα
2941 5852 2954 5872 ,
2988 5825 3111 5879 quae
3140 5812 3453 5879 praepositio

1862 5884 2003 5954 apud
2035 5881 2425 5954 Symmachum
2461 5884 2654 5953 legitur
2682 5892 2803 5953 post
2824 5883 3044 5952 δρακός.

3090 5972 3165 6034 ‘29
