4192 6436
161 404 268 469 937

1231 400 1318 463 IN
1360 393 1937 463 ECCLESIASTEN.
1979 424 2049 434 -
2090 400 2236 462 LIB.
2269 402 2367 461 IV.

3318 404 3422 468 938

230 514 400 568 Τοῦτο
432 514 541 585 γὰρ
586 513 844 583 σημαίνει
881 512 1069 580 σαφῶς
1109 511 1136 565 ὃ
1168 529 1324 581 φησι.
1363 532 1382 564 ι
1424 513 1538 583 Πρὸ
1571 526 1738 584 προσ-

1913 506 2047 562 Nam
2075 511 2177 564 hoc
2211 519 2400 581 aperte
2430 509 2671 566 indicant
2704 511 2867 566 verba
2900 512 3012 576 illa,
3051 532 3067 564 ι
3100 513 3155 567 In
3187 529 3425 587 conspe—

153 606 305 658 ώπου
334 604 430 657 τοῦ
456 604 615 667 Θεοῦ,
654 624 672 655 ι
711 604 959 656 τουτέστι
985 604 1128 656 κατά
1160 604 1414 675 βούλησιν
1440 605 1533 655 καὶ
1554 603 1737 672 ψῆφον

149 699 540 767 ἀντικειμένην
568 699 635 766 τῇ
669 694 834 766 βουλῇ
874 697 968 747 καὶ
993 695 1158 765 ψήφῳ
1187 698 1285 760 τῆς
1310 694 1404 748 τοῦ
1435 694 1571 746 Θεου
1609 695 1735 763 βου-

151 790 252 859 λῆς
283 791 378 843 καὶ
413 789 648 859 κρίσεως
679 787 1123 859 ἀγαθοπρεποῦς.
1171 787 1229 841 Ὀ
1259 788 1368 856 γὰρ
1408 805 1424 836 ι
1456 785 1611 849 Θεὸς,
1637 799 1740 852 φη-

156 884 262 944 σὶν,
294 884 353 934 ἐν
381 883 459 952 τῷ
485 880 723 952 οὐρανῷ,
758 882 853 934 καὶ
899 882 966 935 σὺ
1007 882 1098 934 ἐπὶ
1129 882 1227 951 τῆς
1255 881 1379 949 γῆς,
1406 900 1423 930 ι
1460 879 1522 931 τὸ
1550 879 1739 946 διάφο-

159 990 254 1042 ρον
284 973 550 1042 ἐκατέρου
587 972 869 1044 παριστῶν
896 972 985 1026 διὰ
1026 972 1135 1026 τῶν
1166 971 1496 1042 εἰρημένων,
1528 968 1739 1037 ἀνθρὼ-

158 1083 260 1119 που
288 1066 491 1136 δηλαδὴ
521 1065 618 1117 καὶ
650 1066 810 1119 Θεοῦ.
844 1064 1114 1135 Καθάπερ
1142 1064 1273 1131 γὰρ,
1305 1063 1492 1132 φησὶν,
1522 1065 1549 1114 ὁ
1579 1063 1741 1131 οὐρα-

157 1157 248 1220 νὸς
307 1157 721 1227 ὑπερανέστηκε
777 1157 876 1227 τῆς
926 1157 1029 1226 γῆς
1082 1154 1450 1228 ἀσυγκρίτως,
1500 1153 1596 1205 καὶ
1642 1151 1742 1220 τὴν

160 1250 439 1319 ὑπεροχὴν
487 1249 623 1319 πρὸς
648 1249 748 1318 τὴν
768 1249 872 1319 γῆν
903 1248 1016 1318 ἔχει
1056 1247 1335 1307 παντελῶς
1376 1244 1744 1316 ὑπερϐάλλου-

166 1358 287 1405 σαν,
315 1342 391 1404 ὡς
421 1341 557 1411 μηδέ
582 1340 665 1393 σο)⁵
692 1340 1255 1410 καταλαμϐανομένην
1279 1354 1292 1365 ·
1324 1337 1508 1406 πολλῴ
1542 1336 1743 1406 μᾶλλον

166 1433 553 1501 ἀκατάληπτον
583 1433 713 1487 ὄντα
761 1433 856 1486 καὶ
887 1432 1165 1496 παντελῶς
1202 1430 1607 1502 ἀνεξιχνίαστον
1652 1430 1744 1480 τὸν

163 1523 319 1584 Θεὸν,
361 1522 630 1593 μηδαμῶς
678 1524 1001 1594 πειραθείης
1038 1523 1306 1587 εὐθύνειν,
1337 1523 1413 1585 ὡς
1453 1522 1573 1592 οὐχὶ
1613 1538 1747 1590 πρε-

165 1616 375 1679 πόντως
408 1615 712 1684 ποιήσαντα
739 1617 834 1667 καὶ
858 1616 950 1667 τὸν
974 1614 1106 1668 ἴδιον
1131 1614 1259 1667 Υίὸν
1284 1615 1745 1679 ἐξαποστείλαντα

166 1708 303 1779 πρὸς
329 1706 521 1759 τοῦτον
546 1706 790 1776 δηλονότι
812 1707 903 1759 τὸν
928 1708 1154 1776 κόσμον,
1192 1725 1209 1757 ι
1246 1707 1542 1775 γενόμενον
1570 1707 1632 1758 ἐκ
1656 1723 1747 1773 γυ-

1842 609 1931 653 ctu
1964 599 2082 665 Dei,
2113 621 2130 652 ι
2172 603 2221 656 id
2254 614 2336 658 est
2367 602 2643 656 voluntate
2678 613 2842 674 atque
2869 608 3162 671 sententia,
3187 624 3309 677 quae
3337 611 3425 665 di-

1844 692 1971 747 vino
2002 694 2234 749 consilio
2263 704 2317 749 et
2353 696 2638 750 sententia:
2672 697 2792 766 ejus
2824 712 2887 751 ac
2918 699 3126 768 judicio
3159 710 3425 770 praestan-

1842 784 2058 838 tissimo
2105 786 2444 841 adversetur.
2487 806 2504 838 ι
2546 787 2687 842 Deus
2713 790 2879 852 etiitn,
2918 781 3112 859 inquit,
3163 793 3215 845 in
3262 795 3423 857 cmlo,

1840 886 1896 929 et
1962 886 2017 930 tu
2067 892 2231 946 super
2280 889 2504 947 terram,
2537 900 2555 933 ι
2621 881 2925 936 discrimen
2976 886 3263 955 utriusque
3318 888 3424 940 illis

1842 970 2025 1023 verbis
2096 970 2433 1040 signiﬁcans,
2490 973 2730 1027 hominis
2795 975 2989 1044 utique
3047 987 3101 1030 et
3163 979 3256 1031 Dei
3321 981 3421 1049 (8).

1848 1059 2005 1130 132
2032 1060 2186 1115 Sicut
2205 1061 2373 1123 enim,
2393 1063 2590 1131 inquit,
2617 1064 2817 1117 malum
2845 1066 3039 1120 tellure
3058 1067 3229 1121 multo
3258 1071 3428 1122 subli—

1848 1153 1992 1206 mius
2017 1163 2100 1208 est
2130 1154 2600 1223 atquccxcelsius,
2620 1171 2783 1224 quam
2812 1167 2872 1210 ut
2894 1167 3102 1212 tantum
3134 1176 3421 1215 excessum

1845 1245 2314 1313 comprehendere
2361 1245 2475 1314 ipse
2517 1245 2625 1300 ulla
2662 1247 2872 1301 ratione
2910 1252 3123 1319 possis;
3167 1254 3259 1311 ita.
3301 1271 3424 1305 eunt

1850 1338 2021 1414 tnplto
2055 1338 2233 1390 minus
2280 1338 2667 1407 comprehendi
2718 1337 2861 1393 Deus
2902 1349 3065 1409 atque
3109 1343 3424 1411 investigari

1847 1426 1916 1480 ah
1939 1426 2159 1481 homine
2182 1439 2367 1497 queat,
2395 1445 2459 1483 ne
2483 1430 2577 1483 tibi
2609 1429 2662 1483 in
2698 1439 2931 1485 mentem
2962 1434 3142 1486 veniat
3170 1446 3424 1503 tanquam

1849 1517 2031 1570 minus
2052 1519 2435 1573 convenientia
2459 1520 2751 1575 emendare
2777 1537 2898 1591 qua:
2924 1523 3013 1577 ille
3044 1525 3254 1584 fecerit,
3282 1526 3427 1593 qtmd

1850 1624 2043 1679 nempe
2067 1610 2265 1664 Filiqu
2294 1626 2455 1665 suum
2481 1612 2533 1665 in
2561 1613 2708 1667 hunc
2733 1616 2994 1668 mundum
3030 1618 3259 1680 miserit,
3300 1636 3318 1669 ι
3351 1618 3429 1671 fa-

1848 1710 1997 1756 ctum
2030 1716 2095 1755 ex
2135 1702 2384 1768 muliere,
2421 1702 2625 1758 factum
2658 1704 2760 1758 sub
2793 1705 2929 1775 lege,
2962 1717 3019 1761 ut
3048 1723 3162 1772 eos,
3200 1710 3291 1778 qui
3326 1712 3429 1763 sub

165 1799 374 1863 ναικὸς.
402 1799 696 1869 γενόμενον
724 1798 829 1851 ὑπὸ
853 1799 1038 1868 νόμον,
1068 1799 1155 1852 ἴνα
1188 1799 1315 1862 τοὺς
1340 1798 1446 1851 ὑπὸ
1471 1798 1633 1868 νόμον
1660 1796 1746 1863 ἐξ·

1854 1791 1967 1861 Iege
2012 1800 2187 1857 erant,
2225 1793 2537 1858 redimeret,
2573 1804 2633 1848 ut
2667 1810 2771 1849 nos
2797 1796 3148 1866 adoptionem
3190 1800 3425 1855 ﬁliorum

168 1894 439 1964 αγοράσῃ,
459 1892 547 1946 ἴνα
570 1891 665 1961 τὴν
693 1892 968 1945 υἱοθεσίαν
993 1894 1155 1961 ἡμεῖς
1181 1891 1568 1961 ἀπολαύωμεν.
1592 1890 1748 1942 Ὅσοι

168 1982 279 2052 γὰρ
321 1982 515 2036 ἔλαϐον
562 1981 747 2048 αὐτὸν,
788 1982 988 2037 ἔδωκεν
1040 1983 1225 2046 αὐτοῖς
1275 1985 1521 2050 ἐξουσίαν
1580 1983 1746 2035 τέκνα

168 2077 306 2131 Θεοῦ
332 2077 612 2147 γενέσθαι,
650 2077 699 2130 οἳ
726 2076 827 2129 οὐκ
878 2076 938 2140 ἐξ
976 2075 1245 2145 αἱμάτων,
1284 2076 1406 2128 οὐδὲ
1465 2076 1529 2126 ἐκ
1585 2072 1748 2143 θελή-

173 2188 341 2241 ματος
390 2171 617 2241 σαρκὸς,
642 2168 768 2222 οὐδὲ
818 2169 885 2221 ἐκ
929 2167 1236 2238 θελήματος
1272 2167 1484 2236 ἀνδρὸς,
1526 2165 1624 2219 ἀλλ
1684 2167 1747 2217 ἐκ

169 2262 304 2316 Θεοῦ
332 2262 725 2334 ἐγεννήθησαν,
762 2280 783 2313 ι
818 2262 987 2331 φησὶν
1027 2261 1280 2329 Ἰωάννης
1304 2260 1331 2311 ό
1365 2259 1620 2328 μέγιστος
1655 2257 1748 2308 εὑ-

172 2340 523 2423 αγγελιστής.

241 2444 562 2513 Εἰσηγείται
587 2443 796 2514 μέντοι
847 2446 941 2498 καὶ
979 2443 1202 2515 βραχεῖς
1243 2438 1385 2498 εἶναι
1422 2444 1517 2497 καὶ
1560 2443 1749 2495 ισυντό⁴

175 2551 311 2605 μους
342 2536 470 2597 τοὺς
504 2534 717 2603 λόγους,
746 2534 842 2598 οὓς
870 2536 920 2587 οἱ
954 2534 1231 2606 ἀνθρωττοι
1256 2536 1437 2602 λέγειν
1471 2534 1749 2602 ὀφείλουσι

173 2627 304 2696 περὶ
329 2629 429 2697 τῆς
454 2625 842 2697 φιλανθρώπου
873 2626 965 2679 καὶ
987 2626 1135 2688 θείας
1160 2625 1625 2695 ἐνσωματὼσεως,
1657 2624 1750 2678 καὶ

172 2722 252 2791 τῷ
276 2723 376 2792 τῆς
401 2721 637 2785 πίστεως
693 2723 805 2792 ὅρῳ
829 2721 926 2792 τὴν
953 2721 1300 2792 περιγραφὴν
1334 2720 1580 2788 ἔχοντας,
1612 2719 1751 2773 ἀλλὰ

178 2814 254 2884 μὴ
284 2813 536 2881 φυσικοῖς
579 2812 863 2882 λογισμοῖς
892 2815 986 2865 καὶ
1022 2809 1421 2880 παρεξετάσεσι
1447 2812 1539 2862 καὶ
1566 2827 1748 2878 παρα-

174 2907 357 2961 θέσεσι
389 2908 481 2961 καὶ
505 2907 861 2974 συγκρίσεσιν
886 2904 1245 2974 ἀνθρωπίνων
1280 2903 1622 2972 πραγμάτων
1655 2902 1753 2972 τὴν

174 2995 563 3069 ἀκατάληπτον
602 2997 698 3050 τοῦ
733 2996 872 3049 Θεοῦ
918 2995 1115 3066 βουλὴν
1150 2996 1245 3048 καὶ
1282 2997 1461 3067 κρίσιν
1509 2994 1753 3048 καθυπο·

175 3088 413 3141 ϐάλλειν.
444 3088 655 3159 Ὠσπερ
714 3086 844 3156 γὰρ,
884 3084 1071 3157 φησιν,
1120 3085 1282 3156 ἡνίκα
1343 3086 1620 3157 περιπέσῃ
1672 3103 1755 3149 τις

175 3180 466 3250 ἄνθρωπος
501 3182 806 3250 συμϐάσεσι
848 3179 1169 3249 πειρασμῶν
1204 3182 1295 3233 καὶ
1333 3180 1755 3249 (θλίψεωνέσμῷ
1781 3217 1826 3275 c

177 3270 539 3323 παντοδαπῶν
600 3272 695 3323 καὶ
755 3273 1047 3334 ποικίλων,
1100 3272 1403 3338 φαντασίας
1469 3274 1569 3342 ὁρᾷ
1634 3272 1754 3324 καθ’

179 3361 350 3415 ὕπνον
375 3362 636 3429 ματαίας,
674 3362 769 3413 καὶ
803 3361 1078 3431 μηδεμίαν
1109 3361 1368 3432 ἀληθείας
1397 3361 1630 3432 ὓπαρξιν
1666 3379 1757 3414 κε-

179 3454 479 3523 κτημένας,
514 3453 652 3506 ἀλλά
682 3455 801 3515 ταῖς
856 3452 1104 3522 φροντίσι
1149 3454 1243 3506 καὶ
1298 3455 1594 3523 μερίμναις
1635 3456 1755 3516 ταῖς

180 3542 514 3611 προσούσαις
542 3542 691 3611 αὐτῷ
719 3541 805 3594 διὰ
838 3543 935 3610 τὴν
968 3560 1031 3594 πε
1045 3542 1475 3612 ριστοιχίζουσαν
1497 3545 1586 3595 καὶ
1621 3561 1758 3613 συμ-

180 3628 476 3690 πιέζουσαν
508 3626 708 3697 θλίψιν,
741 3629 1022 3696 ἀναλόγως
1051 3633 1145 3682 καὶ
1171 3631 1282 3683 τῶν
1314 3632 1579 3685 ἐνυπνίων
1613 3633 1758 3686 δεδε-

181 3720 383 3788 γμένος
408 3720 507 3791 τὴν
536 3722 858 3788 φαντασίαν,
889 3722 1057 3791 μηδὲν
1089 3723 1337 3775 ἐντεῦθεν
1376 3724 1758 3795 καρπούμενος

180 3812 400 3878 ὄφελος·
430 3811 547 3882 ἅμα
570 3812 678 3882 γὰρ
700 3813 791 3865 τοῦ
821 3814 1075 3881 γενέσθαι
1101 3814 1194 3867 τοῦ
1225 3816 1480 3868 ἐνυπνίου
1509 3817 1608 3887 τὴν
1636 3817 1759 3886 ὄψιν

182 3906 278 3958 καὶ
320 3905 457 3974 μετά
500 3906 600 3975 τὴν
645 3904 740 3957 τοῦ
788 3904 956 3958 ’ὑπνου
988 3906 1315 3976 παρέλευσιν
1347 3908 1653 3978 ἀπελήλυθε
1699 3912 1760 3963 τὸ

182 3997 488 4065 φαντασθέν
519 3998 790 4068 μηδεμίαν
812 3998 933 4067 ἕχον
958 4000 1255 4053 ὑπόστασιν
1277 4001 1335 4053 ἐν
1362 4004 1476 4065 τοῖς
1502 4003 1761 4073 πράγμα-

183 4108 271 4143 σιν
290 4107 305 4121 ο
341 4090 488 4143 οὓτω
518 4091 613 4143 καὶ
642 4090 751 4144 τῶν
780 4092 1031 4160 ἀφρόνως
1064 4093 1387 4161 πολυλογεῖν
1421 4096 1760 4150 σπευδόντων

182 4187 244 4235 ἐν
286 4184 402 4246 τοῖς
442 4182 677 4252 δόγμασι
714 4185 829 4246 τοῖς
860 4185 989 4253 περὶ
1025 4183 1303 4251 θεολογίας
1340 4185 1371 4254 ἢ
1409 4188 1519 4247 τοῖς
1552 4188 1759 4239 οἰκονο-

186 4273 320 4343 μίας
346 4275 373 4326 ό
402 4272 569 4341 ἐσμὸς
615 4273 710 4325 καὶ
743 4273 804 4326 τὸ
834 4275 1041 4343 πλῆθος
1074 4276 1343 4328 ἐνυπνίων
1370 4276 1512 4329 ἔοικε
1553 4295 1762 4344 φαντα-

186 4365 329 4425 σίαις
379 4362 644 4432 μηδαμῶς
680 4365 1065 4432 καταγγέλλων
1099 4366 1379 4437 ἀλήθειαν,
1409 4367 1522 4419 ἀλλ’
1557 4368 1763 4433 ἐξαπά-

183 4471 288 4520 την
323 4457 416 4505 καὶ
445 4454 712 4523 πλάνησιν
743 4456 1144 4526 παραπλησίως
1176 4460 1289 4518 τοῖς
1338 4459 1629 4521 ἐνυπνίοις.
1666 4461 1764 4512 Διὰ

1853 1886 2221 1955 reciperemus
2270 1887 2367 1958 (9).
2401 1886 2680 1958 Quotquot
2723 1888 2893 1944 enim~
2920 1903 3243 1961 receperunt
3280 1910 3427 1953 cum.

1849 1981 1998 2035 dedit
2021 1981 2101 2034 eis
2131 1990 2457 2050 potestatem
2491 1981 2633 2036 lilios
2670 1982 2763 2036 Dei
2797 1982 2912 2037 fieri
2940 2023 2955 2047 ,
3009 1984 3103 2053 qui
3141 2000 3319 2055 neque
3360 2004 3426 2040 ex

1851 2073 2236 2142 sanguinibus,
2269 2090 2447 2145 neque
2481 2091 2546 2129 ex
2579 2075 2859 2130 voluntate
2889 2077 3070 2131 carnis
3097 2118 3112 2141 ,
3153 2094 3330 2146 neque
3362 2093 3428 2132 ex

1851 2165 2128 2219 voluntate
2165 2166 2286 2228 viri,
2321 2167 2413 2220 sed
2448 2183 2514 2221 ex
2551 2166 2794 2221 Deonati
2833 2181 2980 2234 sunt,
3022 2171 3427 2240 iiuquitloan-

1852 2274 1948 2313 nes
1979 2260 2252 2315 maximus
2286 2260 2651 2331 evangelistes
2694 2262 2714 2292 ³
2741 2260 2875 2332 (l0).

1925 2438 2195 2491 Admonet
2240 2438 2500 2493 nimirum
2535 2481 2549 2500 ,
2597 2455 2885 2497 sermones
2932 2442 2999 2497 de
3058 2442 3319 2497 inrn‘abili
3366 2459 3430 2498 ac

1853 2527 2247 2595 benignissima
2278 2531 2366 2582 Uei
2405 2532 2860 2588 inhumanatione
2903 2534 3114 2598 breves,
3151 2536 3429 2597 concisos,

1858 2615 1978 2671 ﬁdei
2009 2621 2257 2674 terminis
2301 2622 2747 2693 circnmscriptos
2787 2640 2908 2679 esse
2946 2636 3240 2694 oportere;
3280 2643 3425 2682 nun-

1854 2725 2018 2778 quam
2055 2727 2183 2765 vcro
2212 2712 2304 2766 Dei
2328 2713 2535 2783 judiria
2567 2724 2729 2785 atque
2778 2718 3019 2782 decreta,
3054 2734 3175 2787 qua:
3208 2722 3427 2788 assequi

1856 2817 2017 2856 nemo
2046 2803 2235 2871 possit,
2276 2805 2623 2859 naturalibus
2653 2807 2960 2861 rationibus
3007 2818 3099 2862 aut
3155 2811 3432 2879 discepta-

1856 2894 1991 2949 tioni
2018 2894 2112 2947 ulli
2136 2910 2199 2946 ac
2226 2896 2607 2964 perquisitioni
2647 2898 2985 2967 subjicienda
3008 2915 3148 2962 esse.
3180 2903 3259 2954 vel
3303 2919 3427 2956 cum

1859 2987 2221 3042 humanarum
2253 3004 2433 3041 rerum
2458 2992 2724 3058 exemplis
2755 2992 3227 3060 comparanda.Ut
3259 2996 3428 3058 enim,

1860 3080 2054 3151 inquit,
2092 3081 2136 3134 si
2169 3082 2293 3150 quis
2319 3097 2568 3151 magnam
2602 3085 2840 3153 aliquam
2869 3087 2920 3139 in
2960 3103 3262 3142 aerumnam
3293 3091 3430 3144 inci-

1858 3172 2016 3233 derit,
2047 3182 2096 3226 et
2128 3172 2316 3227 multis
2371 3174 2529 3241 plane
2561 3173 2838 3244 variisque
2895 3178 3161 3231 molestiis
3200 3179 3429 3234 alnicte-

1861 3273 1981 3328 tur;
2009 3263 2273 3334 imagines
2308 3266 2529 3334 quidem
2568 3282 2661 3336 per
2693 3282 2949 3321 somnum
3007 3270 3196 3324 inanes
3248 3274 3435 3327 animo

1858 3355 2023 3419 videt,
2057 3372 2176 3423 qua:
2199 3372 2227 3410 ε
2254 3373 2380 3411 vero
2403 3373 2567 3426 quam
2601 3358 2921 3428 longissime
2949 3361 3169 3421 absunt,
3198 3371 3252 3415 at
3279 3363 3435 3433 :egri-

1862 3448 2046 3500 tudine
2073 3458 2126 3501 et
2158 3449 2304 3501 curis
2339 3464 2617 3518 nunquam
2655 3451 2984 3505 abeuntibus
3034 3454 3104 3507 oh
3161 3455 3433 3510 inhaeren-

1861 3548 1967 3592 tem
1999 3551 2390 3610 nrgentemqne
2406 3542 2799 3603 ealamitatem,
2823 3545 2926 3598 etsi
2955 3545 3145 3602 idonea
3168 3552 3331 3605 rebus
3355 3551 3439 3603 in-

1860 3633 2073 3687 somnia
2109 3633 2293 3686 videre
2328 3635 2431 3687 sibi
2461 3635 2729 3699 videatur,
2758 3638 3047 3691 utilitatem
3088 3649 3267 3694 tamen
3306 3643 3436 3698 inde

1862 3723 2023 3777 habet
2055 3724 2304 3775 nullam:
2364 3738 2488 3777 cum
2539 3726 2703 3780 simul
2763 3741 2929 3796 atque
2980 3746 3163 3786 rerum
3217 3732 3434 3788 illarum

1862 3816 2070 3884 species
2097 3816 2282 3869 animo
2311 3817 2632 3882 insederint,
2666 3819 2919 3876 avolante
2952 3838 3172 3889 somno,
3206 3827 3257 3879 id
3294 3844 3436 3896 quo-

1862 3923 1987 3977 que,
2034 3909 2178 3976 quod
2213 3910 2729 3976 repraesentabatur,
2767 3913 3016 3978 intereat,
3050 3918 3193 3983 quod
3242 3932 3436 3986 nempe

1864 4000 1995 4052 nihil
2034 4001 2142 4052 veri
2195 4001 2470 4053 subesset:
2523 4001 2603 4055 sic
2652 4012 2706 4056 et
2756 4004 2862 4065 iis,
2917 4006 3011 4074 qui
3060 4012 3226 4062 stulte.
3266 4014 3432 4066 multa

1863 4095 2066 4162 agitare
2093 4093 2159 4147 de
2183 4093 2501 4159 theologicis
2534 4110 2597 4147 ac
2635 4098 2700 4149 de
2733 4097 2933 4152 divina:
2960 4101 3435 4158 inhumanationis

1863 4187 2096 4244 consilio
2120 4185 2561 4256 aggrediuntur,
2630 4204 2823 4259 magna
2879 4192 3027 4245 velut
3090 4198 3435 4252 somniorum

1864 4279 2186 4332 obversatur
2215 4276 2413 4328 cohors
2445 4284 2498 4328 et
2528 4276 2826 4344 imaginum
2848 4281 3161 4345 multitudo,
3186 4302 3307 4353 quae
3327 4291 3435 4341 veri

1865 4370 2083 4438 quidem
2111 4367 2243 4419 nihil
2286 4366 2462 4428 affert,
2510 4378 2565 4422 at
2602 4385 2708 4421 non
2756 4384 2914 4424 seetts
2942 4384 3105 4441 atque
3139 4378 3440 4451 insomnia,

1865 4478 2104 4515 errorem
2131 4469 2185 4512 et
2217 4460 2614 4527 deceptionem.
2647 4460 2851 4515 Idcirco
2892 4465 3046 4533 133
3077 4469 3153 4520 ait
3201 4469 3340 4523 idem
3384 4474 3435 4524 ίη

186 4544 348 4597 τοῦτό
382 4563 548 4614 φησιν
581 4547 609 4597 ὁ
645 4547 808 4609 αὐτὸς
844 4548 902 4599 ἐν
933 4548 1295 4618 Παροιμίαις’
1338 4569 1356 4600 ι
1407 4552 1502 4603 Ἐκ
1536 4552 1752 4605 πολυλο-

1869 4553 2208 4609 Proverbiis:
2267 4572 2284 4602 ι
2341 4552 2398 4605 lu
2442 4553 2786 4622 mttltilnquio
2838 4572 2943 4607 non
2979 4557 3204 4628 cﬂ‘ugies
3242 4578 3437 4630 pecea‘

280 4659 655 4723 ‘Joan.t,|2.

264 4750 340 4819 (8)
378 4750 669 4821 Usurpavit
702 4755 845 4808 hunc
875 4752 1217 4809 Ecclesiastx
1241 4754 1415 4809 locum
1470 4753 1763 4823 Gregorius

194 4820 473 4890 Nyssenus
507 4820 690 4876 contra
708 4824 1073 4891 Apollinarem
1111 4826 1160 4876 in
1181 4823 1569 4887 Antirrhetico,
1582 4820 1760 4892 'quem

194 4908 408 4959 prunus
438 4892 677 4961 vulgavit
706 4892 1059 4961 laet-agnitis.
1096 4896 1230 4947 Cum
1261 4895 1405 4947 enim
1447 4894 1538 4947 ille
1560 4895 1757 4947 Christi

193 4964 413 5030 quidem
452 4963 842 5016 humanitatem
876 4965 1177 5017 divinitatis
1212 4964 1475 5032 hospitem
1535 4963 1755 5024 faceret,

196 5033 374 5097 ipsum
402 5047 529 5085 vero
560 5034 833 5086 Christum
884 5036 1045 5087 Deum
1076 5050 1195 5088 esse
1229 5044 1447 5102 negaret
1473 5076 1487 5096 ,
1542 5048 1608 5087 ex
1658 5037 1760 5086 hoc

197 5106 334 5172 item
370 5102 488 5154 loco
517 5103 595 5155 sic
640 5103 691 5155 in
722 5120 843 5156 eum
891 5116 974 5158 est
1028 5116 1442 5172 argumentatus
1475 5123 1485 5155 :
1519 5104 1580 5156 Et
1629 5104 1756 5171 γάρ,

194 5169 379 5243 καθώς
407 5188 593 5243 φησιν
637 5173 1029 5243 ’Λπολινάριο;,
1082 5169 1336 5243 οὐρανίου
1372 5174 1505 5226 Θεοῦ
1556 5169 1759 5238 δοίεῖόν

195 5242 346 5313 ἐστιν
373 5258 385 5271 ·
422 5244 449 5293 ό
475 5243 537 5313 *δὲ
568 5242 699 5304 Θεὸς
747 5246 805 5295 ἐν
827 5242 904 5313 τῷ
930 5242 1307 5313 οὐρανῴίάνω,
1343 5244 1527 5305 καθὼς
1581 5245 1609 5295 ό
1636 5243 1759 5295 Ἐκ·

194 5310 532 5380 κληοιαστὴς
560 5312 707 5384 λέγει
740 5329 753 5342 ·
815 5310 921 5382 ἄρα
950 5310 1285 5384 ἀχωρήσας
1344 5317 1401 5365 ἐν
1448 5313 1625 5382 ἐαυτῷ
1669 5314 1759 5363 τὸν

193 5382 330 5430 θεὸν
355 5384 499 5459 μετὰ
521 5382 614 5459 τρῧ
646 5384 987 5459 χωρηθέντος
1032 5382 1220 5459 ἐστὶν,
1260 5386 1589 5459 ἐπουράνιος
1636 5383 1758 5435 ἀντ’ι

193 5448 382 5523 χοῖκοῦ
440 5448 993 5522 κυρίο›ς”λέγόμενος,
1058 5455 1131 5517 ὼς
1188 5455 1282 5507 καὶ
1346 5448 1421 5506 δι”
1474 5448 1548 5507 ὧν
1592 5469 1759 5523 φησιν

204 5521 645 5593 ῥ-λογογράυος,
707 5521 865 5593 εἴπερ
933 5527 992 5576 τὸ
1067 5524 1360 5577 ἀκόλουθον
1428 5527 1542 5586 τοῖς
1610 5521 1759 5585 ἰδίοις

194 5588 375 5663 λόγοις
432 5588 741 5663 θεπίστατο,
799 5588 986 5661 σαφῶς
1037 5596 1097 5647 τὸ
1178 5595 1357 5661 δόγμα
1437 5594 1535 5663 τῆς
1610 5593 1755 5659 ἀληο

199 5657 350 5734 θείας
384 5657 978 5734 κατασκευάζεται,’τῇ
1010 5666 1172 5734 σοφίᾳ⁴
1203 5657 1312 5716 τῶν
1360 5657 1569 5734 ἐχθρῶν
1624 5657 1763 5731 κρα-

196 5728 510 5803 τυνόμνον.
537 5729 588 5783 Id
624 5742 743 5786 est:
777 5732 921 5786 Nam
951 5728 996 5786 si
1038 5728 1195 5803 juxta
1256 5728 1617 5803 Apollinarem
1656 5728 1760 5786 ca:-

197 5796 345 5872 lcstis
378 5801 466 5851 Dei
505 5806 886 5863 receptaculum
918 5796 1113 5872 (homo)
1154 5796 1439 5869 est;.l)eus
1504 5812 1678 5856 autem
1708 5805 1763 5855 in

199 5869 325 5921 cwlo
359 5887 590 5934 sursum,
625 5869 1062 5940 quemadmodum
1096 5869 1451 5928 Ecclesiastes
1491 5876 1566 5927 ait
1596 5890 1613 5925 :
1640 5889 1760 5933 ergo

530 5986 800 6048 Ρηιιοι.
847 5987 965 6048 (ut.
1014 5986 1296 6049 XCVIII.

1859 4757 1950 4825 qui
1980 4760 2034 4811 in
2057 4760 2333 4835 semetipso
2378 4760 2541 4813 Deum
2574 4764 2780 4829 recipit,
2817 4780 2917 4815 uno
2957 4765 3237 4835 eodemque
3261 4769 3314 4821 in
3355 4769 3435 4822 Io-

1862 4844 1920 4878 ευ
1934 4831 2076 4903 est_in
2104 4845 2205 4897 quo
2247 4831 2541 4903 illimanet.
2564 4850 2716 4900 quem
2744 4836 2947 4901 recipit,
2987 4846 3035 4887 et
3074 4831 3169 4903 pro
3202 4843 3438 4893 terrestri

1864 4894 2085 4968 caeles'tt's
2118 4894 2335 4968 'prOprie
2370 4894 2604 4955 vocatur.
2628 4894 3003 4967 Quamobrem,
3039 4894 3084 4957 si
3122 4911 3437 4963 coltwrenler
3504 4960 3505 4965 η

1863 4967 2006 5035 loqui
2046 4970 2166 5043 velit
2206 4967 2554 5036 Apollinaris,
2597 4975 2815 5025 saiunet
2844 4976 3001 5026 dictis
3032 4978 3210 5043 palam
3242 4983 3435 5032 astruit

1860 5053 2035 5115 verum
2071 5039 2289 5117 dogma,
2329 5043 2468 5117 quod
2501 5043 2579 5094 vel
2609 5045 2731 5117 ipsa
2765 5039 3190 5099 adversariorum
3228 5052 3438 5117 sapien-

1861 5110 1938 5161 tia
1959 5110 2305 5177 conﬁrmatur
2343 5112 2401 5177 (Ι.
2430 5128 2478 5164 c.
2508 5129 2561 5166 η.
2596 5110 2711 5174 48).

1927 5177 2008 5247 (9)
2042 5177 2121 5230 Ad
2155 5178 2334 5235 Galat.
2368 5197 2417 5234 c.
2456 5200 2527 5241 ιν,
2572 5200 2625 5235 η.
2659 5185 2710 5236 Α.
2751 5182 3012 5240 Erasmus
3052 5188 3103 5238 in
3152 5188 3436 5243 codicibus

1858 5250 2134 5302 nonnullis
2193 5252 2455 5324 scriptum
2493 5254 2624 5307 dicit.
2662 5253 3000 5323 γεννώμενον
3055 5259 3118 5309 ἐκ
3153 5262 3434 5324 γυναικὸς,

1858 5328 2039 5370 natum
2072 5335 2136 5370 ex
2166 5321 2407 5373 muliere.

1929 5389 2043 5458 (l0)
2073 5388 2196 5463 Ihec
2220 5390 2445 5463 Joannis
2478 5395 2638 5463 verba
2670 5408 2944 5463 opponere
2980 5397 3045 5449 iis
3106 5397 3304 5454 Noster
3356 5402 3438 5452 vi-

1858 5458 2037 5536 detur,
2070 5460 2159 5526 qui
2193 5461 2481 5536 aliena
2538 5462 2646 5517 Deo
2697 5458 3023 5536 cogitarent,
3059 5484 3170 5536 quo
3216 5472 3436 5524 dubita-

1868 5530 2069 5609 tionem
2111 5543 2329 5609 omnem
2360 5532 2683 5609 abjicerelti,
2717 5530 3191 5609 inielligerqnlque
3218 5556 3435 5594 summo

1869 5599 2147 5652 hominum
2183 5600 2347 5673 bono.
2389 5618 2453 5656 ac
2478 5606 2664 5657 divino
2688 5606 2843 5673 plane
2872 5599 3117 5663 consilio.
3142 5612 3435 5664 humanam

1867 5678 2117 5742 naturam
2150 5686 2180 5723 a
2205 5669 2299 5724 Dei
2344 5674 2482 5727 l’ilio
2507 5669 2843 5742 assum-ptem
2879 5695 2891 5729 :
2941 5691 3066 5730 cum
3092 5680 3227 5733 nihil
3258 5680 3349 5733 hic
3373 5680 3440 5732 de

1866 5740 2128 5808 dignitate
2168 5754 2265 5793 sua
2314 5744 2580 5809 amiserit,
2612 5740 2862 5801 homines
2888 5762 3017 5803 vero
3069 5765 3135 5803 co
3169 5749 3439 5805 everterit.

1867 5818 1923 5862 ut
1955 5808 2046 5864 Dei
2083 5810 2177 5864 lilii
2214 5811 2428 5866 tierent.

3046 5992 3121 6052 30
