4192 6436
699 315 806 380 939
1731 361 1734 364 .
1813 302 1873 362 S.
1898 299 2284 362 GREGORil
2321 289 2831 356 AGRIGENTINI

699 443 818 487 tum
851 431 905 498 ";
947 429 1048 484 s'id
1075 437 1252 483 autem
1291 425 1357 481 de
1384 424 1533 479 omni
1559 423 1724 480 etiam
1758 430 2087 492 argumento
2125 418 2266 473 διητ-
2299 427 2343 480 Α

2336 418 2494 483 ,γιας
2539 416 2640 467 οὑκ
2683 409 2924 480 ἱκφεύξῃ
2964 405 3268 477 ἁμαρτίαν.
3307 421 3326 454 ι
3355 397 3512 456 Ἐίπε
3561 397 3621 454 δὲ
3662 399 3844 452 τοῦτο
3895 418 3991 452 καί.

703 490 1061 593 ιιιανίιίῳιοά
1096 521 1271 576 l'usius
1301 528 1535 574 tractare
1583 490 1981 571 instituamus:
2013 520 2070 566 at
2099 511 2168 566 de
2205 525 2271 566 eo

2375 505 2504 576 περὶ
2535 506 2718 573 πάσης
2767 501 2934 570 ἄλλης
2974 496 3286 559 ὑποθέσεως
3319 493 3466 548 κατὰ·
3495 493 3587 546 τὸν
3623 490 3752 560 βίον
3801 506 3988 558 παρα-

703 584 950 670 maxime
978 614 1380 684 praecipueque,
1426 609 1572 680 quod
1601 607 1668 662 ad
1709 607 1879 662 Deum
1925 604 2274 674 divinamque

2375 595 2799 666 λαμϐανομένης
2824 609 2838 623 ·
2888 590 3124 662 μάλιστα
3169 587 3226 640 δὲ
3264 587 3362 640 καὶ
3407 584 3822 688 διιιιρερόντιι.ιςο
3857 584 3987 680 περὶ

701 671 1006 760 doctrinam
1043 671 1284 774 spectet;
1311 717 1381 756 ne
1403 671 1497 770 qui
1524 699 1776 754 rudiores
1807 699 2130 760 etiamnum,
2175 671 2274 749 nec

2375 685 2513 740 Θεοῦ
2565 686 2660 738 καὶ
2706 684 2816 737 τῶν
2859 681 3023 734 θείων
3069 678 3378 748 δογμάτων,
3413 676 3550 746 πρὸς
3589 675 3659 725 τὸ
3701 671 3985 778 μηὼμιῖς

704 799 887 850 animo
916 796 1052 851 satis
1091 809 1229 865 puro
1265 793 1578 860 mundoque
1616 791 1745 856 sint,
1785 792 1989 860 quique
2029 787 2271 843 nondum

2375 781 2502 840 τοὺς
2535 774 2929 844 ἀτελεστέρους
2952 773 3045 826 καὶ
3075 773 3243 839 μήπω
3265 767 3673 836 καθαρθέντες,
3711 763 3822 814 καὶ
3853 761 3984 828 πρὸς

704 889 899 942 divina:
926 855 1211 942 chariiatis
1257 855 1537 953 fastigium
1591 855 1839 950 attigere,
1873 855 1973 933 nec
2022 893 2274 947 supernae

2376 869 2434 920 τὸ
2482 867 2651 937 ἀκρον
2689 864 3026 935 ἐληλακότας
3069 861 3167 929 τῆς
3215 859 3364 920 θείας
3399 857 3647 924 ἀγάπης,
3685 855 3840 924 μήτε
3881 855 3983 920 μὴν

705 981 891 1048 gratia:
912 980 1053 1034 dona
1081 977 1288 1032 caelesti
1335 950 1667 1043 benignitate
1717 983 1845 1027 sunt
1889 971 2192 1034 consecuti,
2219 971 2271 1024 iu

2372 959 2814 1024 καταξιωθέντας
2845 956 2940 1008 καὶ
2973 955 3373 1024 μετειληφότας
3416 954 3515 1020 τῆς
3556 950 3777 1004 ἄνωθεν
3828 950 3974 1015 χᾶμα

706 1073 1013 1126 ιιῖνῑιιειτιιω
1040 1068 1457 1137 disciplinarum
1508 1065 1891 1133 explanatione
1927 1063 2274 1117 verbosiores

2371 1068 2482 1113 τος,
2514 1049 2939 1120 πολυρῤήμονας
2975 1046 3241 1115 ὑπάρχειν
3271 1045 3329 1096 ὲν
3363 1044 3484 1104 ταῖς
3509 1041 3849 1110 ὑφηγήσεσι

706 1180 824 1217 esse
857 1163 1054 1224 velint;
1105 1132 1274 1230 utque
1315 1132 1876 1212 traditamiduntaxat
1906 1155 1975 1209 ab
2020 1152 2279 1208 Ecclesia:

2373 1142 2533 1194 θείων
2563 1142 2853 1211 δογμάτων
2873 1157 2888 1172 ο
2915 1139 3052 1194 άλλά
3084 1140 3255 1208 μόνην
3287 1135 3389 1205 τὴν
3419 1133 3528 1186 ἀπὸ
3560 1133 3673 1183 τῶν
3700 1132 3943 1184 διδασκὰ
3963 1160 3976 1167 -

709 1251 988 1324 magistris
1017 1251 1408 1321 professionem
1430 1263 1525 1303 ore
1556 1248 1845 1303 enuntiare
1878 1246 2120 1302 contenti
2145 1246 2274 1299 sint.

2375 1236 2485 1288 λων
2513 1235 2612 1305 τῆς
2653 1235 2983 1303 Ἐκκλησίας
3021 1230 3422 1302 παραδοθεῖσαν
3462 1225 3772 1296 ὁμολογίαν
3808 1241 3976 1292 προσ-

707 1317 1032 1396 Αιιῖιριηάέ
1063 1339 1417 1395 Ecclesiastes
1440 1337 1573 1406 (li):

2378 1330 2568 1399 φέρειν
2605 1328 2696 1381 διά
2737 1327 2830 1380 τοῦ
2874 1328 3167 1395 στόματος.
3203 1320 3336 1376 Εἶτά
3364 1336 3531 1390 φησιν
3571 1320 3602 1370 ὁ
3635 1317 3963 1385 Ἐκκλησια-

2247 1504 2274 1576 §
2311 1505 2376 1559 Vl
2393 1422 2544 1490 στὴςς

779 1599 943 1655 Vsus.
979 1601 1027 1654 4.
1079 1589 1252 1653 Ρι-οιιι
1291 1600 1484 1653 eoveris
1535 1607 1706 1651 votum
1751 1595 1894 1662 Deo,
1942 1612 2004 1650 ne
2057 1601 2276 1651 moreris
2311 1615 2352 1673 Β

2317 1615 2352 1673 Β
2449 1598 2655 1663 Καθὼς
2683 1597 2761 1651 ἂν
2803 1597 2956 1663 εὔξῃ
3004 1595 3199 1662 εὐχὴν
3233 1593 3313 1658 τῷ
3366 1593 3508 1658 Θεῷ,
3550 1592 3640 1661 μὴ
3679 1590 3972 1659 mortem

713 1694 924 1746 reddere
954 1693 1110 1746 illud.
1134 1691 1274 1757 Quia
1297 1707 1401 1744 non
1425 1701 1499 1743 est
1528 1691 1771 1743 voluntas
1799 1691 1854 1742 in
1885 1689 2273 1758 insipientibus.

2383 1689 2714 1744 ἀποδοῦναι
2732 1689 2927 1754 αὑτήν
2943 1707 2956 1719 ·
2985 1688 3076 1740 ὅτι
3097 1689 3206 1740 οὐκ
3226 1686 3358 1738 ἔστι
3381 1685 3614 1752 θέλημα
3636 1684 3711 1735 ἐν
3734 1682 3969 1748 ἄφροσι.

718 1786 793 1838 Tu
824 1787 988 1854 igitur
1017 1792 1337 1853 qumcunque
1370 1783 1590 1845 voreris,
1615 1782 1792 1835 redde.

1703 1782 1792 1835 ’de.
2386 1782 2469 1834 Σὺ
2501 1781 2613 1835 οὖν
2643 1781 2760 1834 ὅσα
2790 1781 2868 1834 ἂν
2899 1781 3074 1846 εὔξῃ,
3107 1775 3358 1841 ἀπόδος.

782 1875 946 1941 Quasi
974 1876 1121 1928 aliud
1165 1875 1275 1944 jam
1305 1874 1607 1927 commodae.
1660 1873 2051 1927 admonitionis
2116 1882 2278 1942 caput

2465 1876 2553 1937 Ὦς
2589 1875 2672 1942 ἐφ’
2700 1874 2897 1944 ἑτέραν
2928 1873 3106 1942 ἀρχὴν
3150 1869 3364 1937 ἀγαθῆς
3393 1868 3744 1937 εἰσηγήσεως
3789 1863 3969 1932 μετεὶ-

713 1968 995 2021 iostituere
1045 1967 1194 2029 velit,
1242 1967 1490 2020 hortatur
1520 1982 1622 2019 nos
1654 1967 1874 2035 sapiens
1896 1964 2276 2030 Ecclesiastes,

2387 1966 2502 2018 θεῖν
2529 1966 2684 2031 δόξας
2709 1967 2738 2016 ὁ
2761 1965 2923 2029 σοφὸς
2954 1959 3414 2030 Ἐκκλησιαστὴς,
3446 1957 3866 2026 παρεγγυᾱται,
3887 1954 3971 2012 τὰς

716 2068 773 2111 ιιι
808 2075 928 2126 quae
957 2058 1079 2127 quis
1125 2057 1438 2123 promiserit
1490 2058 1572 2110 vel
1615 2057 1898 2127 ingruente
1932 2061 2122 2113 morbo
2145 2099 2160 2124 ,
2201 2059 2280 2113 vel

2387 2049 2680 2128 γινομένας
2727 2056 2857 2126 παρ’
2904 2054 3060 2124 ἡμῶν
3097 2051 3443 2120 ὑποσχέσεις,
3495 2051 3668 2118 ἡνίκα
3702 2064 3793 2106 τις
3838 2045 3976 2112 qui;

715 2152 821 2202 alio
856 2148 1094 2218 periculo
1122 2149 1238 2202 sive
1271 2147 1404 2201 mari
1437 2147 1549 2202 sive
1586 2155 1729 2201 terra
1767 2148 2111 2216 impendente
2137 2194 2151 2216 ,
2199 2154 2281 2207 vel

2391 2146 2784 2222 περιστοιχίζει
2827 2149 3000 2208 νόσος,
3034 2147 3067 2216 ἡ
3103 2162 3188 2207 τις
3229 2143 3388 2204 ἄλλος
3437 2137 3837 2211 περιστατικὸς
3869 2153 3977 2187 πει-

715 2240 877 2293 etiam
913 2239 984 2292 ob
1010 2239 1422 2307 prosperitatem
1455 2254 1577 2307 qua:
1630 2239 1743 2307 jam
1792 2243 2188 2307 supervenerit,
2225 2253 2282 2296 ut

2392 2241 2600 2312 ρασμὸς
2628 2239 2773 2294 κατά
2795 2237 2893 2308 τὴν
2917 2237 3192 2290 θάλασσαν
3220 2234 3252 2304 ἢ
3284 2233 3383 2304 τὴν
3413 2232 3587 2302 ξηρὰν
3618 2229 3975 2299 εὑρεθέντας,

719 2332 904 2385 multis
939 2346 1081 2400 serpe
1102 2330 1418 2398 contingere
1434 2334 1592 2394 solet,
1613 2345 1675 2384 ea
1708 2330 2030 2399 impleamus
2068 2331 2283 2403 Deoque

2389 2334 2422 2404 ἢ
2481 2333 2577 2386 καὶ
2625 2332 2714 2386 διά
2769 2348 2894 2384 τινα
2947 2327 3234 2398 συμϐᾶσαν
3280 2324 3583 2394 εὐημερίαν
3629 2324 3708 2384 ιὶις
3765 2320 3975 2377 πολλοῖς

720 2425 1031 2486 reddamus,
1069 2424 1181 2490 ipsa
1228 2422 1372 2474 illico
1431 2421 1758 2481 offerentes,
1817 2423 2280 2490 quemadmodum

2391 2423 2655 2484 πολλάκις
2690 2420 2937 2489 γίνεσθαι
2969 2419 3236 2486 πέφυκεν,
3270 2412 3628 2484 ἀποπληροῦν
3653 2412 3750 2464 καὶ
3778 2412 3976 2463 διδόναι

719 2507 986 2575 ἰ-οι·ἰιιιίιε,
1045 2513 1192 2565 nullo
1260 2522 1318 2565 ut
1383 2511 1670 2564 intervallo
1720 2514 1963 2566 debitum
2009 2515 2286 2571 distulisse

2389 2515 2468 2585 τῷ
2500 2513 2618 2583 Θεῷ
2661 2512 2754 2565 καὶ
2794 2509 3147 2579 προσφέρειν,
3175 2507 3320 2574 άπερ
3351 2503 3819 2575 ἐπηγγειλάμεθα
3854 2502 3975 2554 θᾶτ-

722 2601 1022 2653 videumur.
1079 2598 1221 2663 Quin
1272 2607 1327 2652 et
1392 2612 1513 2651 cun
1577 2597 1778 2651 Davide
1831 2600 2014 2654 dicere
2075 2602 2282 2656 libeat:

2391 2622 2484 2658 τον
2505 2622 2522 2638 '
2553 2604 2690 2657 ἀλλά
2747 2602 2822 2672 μὴ
2860 2601 2949 2654 διά
2981 2617 3128 2661 τινος
3157 2597 3424 2666 ἀναϐολῆς
3463 2593 3870 2666 ὑπερτίθεσθαι
3918 2595 3977 2642 τα

724 2707 744 2740 ι
782 2689 1023 2742 Reddam
1058 2689 1150 2742 tibi
1205 2700 1326 2742 vota
1388 2703 1527 2746 mea.
1575 2705 1696 2757 qum
1748 2689 2118 2745 distinxerunt
2147 2693 2287 2747 labia

2392 2699 2491 2766 τῆς
2514 2695 2846 2757 ἀποδόσεως·
2879 2693 3063 2761 λέγειν
3091 2692 3148 2742 δὲ
3187 2689 3328 2760 μετά
3352 2689 3447 2741 τοῦ
3474 2691 3760 2758 προφήτου
3799 2686 3975 2740 Δαϐιέ.

723 2794 865 2841 mea,
901 2789 952 2832 et
984 2780 1222 2831 locutum
1255 2786 1336 2831 est
1366 2777 1524 2848 134
1552 2793 1614 2832 os
1646 2795 1823 2832 meum
1862 2781 1913 2832 in
1948 2782 2289 2836 tribulatione

2402 2807 2420 2839 ι
2457 2785 2749 2840 Ἀποδὼσω
2775 2801 2858 2836 σοι
2886 2784 2983 2845 τὰς
3004 2782 3169 2851 εὐχάς
3197 2798 3322 2851 μου,
3347 2780 3412 2841 ἃς
3437 2779 3703 2832 διέστειλε
3733 2778 3806 2829 τὰ
3831 2778 3975 2846 χείὶπ

725 2886 845 2924 mea
876 2873 918 2924 ⁸.
954 2890 972 2921 ι
1005 2870 1262 2923 Cunctari
1291 2871 1433 2923 enim
1469 2871 1521 2922 in
1563 2869 1646 2923 bis
1693 2880 1836 2924 vetat
1870 2869 2046 2925 Deus:
2086 2888 2151 2926 ne
2181 2890 2288 2942 qua

2401 2897 2524 2948 μου,
2559 2877 2656 2929 καὶ
2685 2874 2914 2943 ἐλάλησε
2941 2873 3002 2924 τὸ
3041 2873 3219 2940 στόμα
3253 2888 3354 2939 μου
3386 2873 3445 2921 ὲν
3473 2873 3538 2939 τῇ
3571 2869 3756 2936 θλίψει
3791 2886 3921 2935 μου.
3958 2888 3971 2915 ι

725 2962 831 3013 alia
868 2960 1191 3012 obveniente
1223 2973 1386 3013 causa
1426 2958 1790 3027 impediantur
1834 2961 2131 3028 quominus
2180 2964 2290 3017 voti
2327 2972 2365 3032 ε

2327 2972 2365 3032 C
2395 2970 2468 3020 Τὸ
2498 2968 2605 3037 γὰρ
2635 2966 2904 3036 χρονίζειν
2932 2967 2990 3016 ὲν
3019 2967 3132 3027 τοῖς
3161 2963 3425 3023 τοιούτοις
3468 2960 3849 3028 ἀπαγορεύει·
3902 2961 3978 3010 ἵνα

724 3052 1041 3113 liberemur,
1067 3058 1226 3117 atque
1248 3050 1383 3102 adeo
1413 3046 1579 3101 Deum
1613 3048 1855 3102 universi
1908 3046 2196 3102 fraudasse
2227 3066 2292 3105 ac

2396 3061 2472 3130 μή
2501 3076 2643 3122 τινος
2689 3057 2856 3126 ἄλλης
2898 3055 3080 3120 αἰτίας
3116 3053 3410 3123 συμϐάσης
3437 3051 3976 3121 παρεμποδισθῶμεν

725 3134 983 3196 fefellisse
1004 3139 1400 3214 existimemur.
1444 3138 1586 3191 Fieri
1635 3138 1781 3191 enim
1815 3137 1974 3193 facile
2015 3150 2210 3208 potest,
2238 3152 2295 3195 ut

2393 3150 2791 3223 ἀποπληρῶσαι
2820 3149 2888 3202 τὰ
2909 3149 3008 3217 τῆς
3037 3147 3227 3217 εὐχῆς,
3264 3145 3360 3198 καὶ
3389 3142 3738 3210 λογισθῶμεν
3768 3144 3976 3208 ἠπατη-

729 3234 821 3302 qui
855 3243 1071 3299 segnem
1104 3246 1163 3285 se
1195 3233 1452 3299 praebeat,
1493 3240 1545 3282 et
1576 3231 1630 3282 in
1681 3239 1806 3283 voto
1852 3230 2127 3285 reddendo
2180 3249 2294 3287 mo-

2395 3245 2547 3297 κέναι
2573 3245 2669 3297 καὶ
2689 3242 3086 3312 διαψεύσασθαι
3116 3241 3206 3293 τὸν
3236 3238 3331 3291 ἐπὶ
3362 3238 3584 3289 πάντων
3628 3236 3794 3287 Θεόν.
3829 3235 3977 3295 Eius;

733 3339 821 3377 ras
857 3331 1051 3386 nectat,
1102 3322 1243 3376 hunc
1274 3337 1422 3375 mors
1465 3336 1564 3375 nec
1609 3323 1918 3389 opinantem
1963 3338 2028 3377 ac
2072 3324 2295 3378 meliora

2395 3333 2502 3405 γὰρ
2539 3333 2797 3403 μέλλησιν
2839 3329 3282 3400 ἐπιδεικνύμενον
3330 3326 3425 3380 καὶ
3470 3325 3794 3395 βραδύτητα
3852 3324 3977 3392 πρὸς

733 3425 1038 3485 sperantem
1071 3425 1317 3484 occupet,
1361 3415 1449 3470 vel
1488 3426 1636 3470 certe
1666 3418 1770 3470 alia
1811 3428 2026 3486 premat
2075 3420 2297 3474 calami-

2395 3427 2493 3496 τὴν
2522 3425 2778 3478 ἀπόδοσιν
2807 3423 3037 3476 θάνατον
3069 3421 3279 3490 ἀθρόως
3313 3421 3410 3472 καὶ
3432 3419 3562 3486 παρ’
3592 3416 3795 3468 ἐλπίδα
3819 3433 3975 3468 κατα-

733 3514 838 3570 las,
871 3522 991 3576 qua:
1021 3516 1201 3560 votum
1233 3508 1302 3561 ab
1341 3519 1406 3561 eo
1440 3507 1576 3560 solvi
1613 3523 1720 3562 non
1778 3510 2037 3577 patiatur.
2072 3512 2148 3566 Ac
2180 3521 2294 3566 tum

2397 3517 2600 3580 λαϐεῖν,
2645 3517 2679 3586 ἦ
2727 3531 2851 3568 τινα
2901 3513 3160 3583 βιωτικὴν
3211 3509 3498 3579 συμφορὰν
3551 3507 3724 3575 ἀλλην
3785 3509 3975 3575 ἣκιστα

735 3602 897 3665 ‘porro
930 3605 1110 3649 votum
1144 3608 1296 3650 antea
1321 3605 1636 3666 susceptum
1672 3597 1843 3650 multo
1871 3600 2136 3668 gravioris
2163 3617 2296 3655 con-

2400 3607 2839 3680 παραχωροῦσαν
2889 3603 3318 3675 ἀποπερατῶσαι
3363 3601 3432 3654 τὰ
3471 3603 3568 3668 τῆς
3618 3598 3973 3664 ἐπαγγελίας.

738 3689 1100 3742 demnationis
1136 3703 1305 3741 causa
1336 3703 1443 3741 non
1473 3689 1825 3743 reddentibus
1853 3693 1930 3752 lit,
1951 3692 2147 3759 quippe
2173 3695 2296 3762 quia

2400 3702 2509 3754 Καὶ
2543 3698 2842 3770 τηνικαῦτα
2884 3698 3096 3765 γίνεται
3141 3694 3340 3764 μᾶλλον
3385 3695 3496 3752 τοῖς
3545 3688 3867 3758 ἀνθρώποις
3909 3692 3976 3747 είς

739 3778 942 3831 Crimen
976 3778 1217 3830 nondum
1259 3777 1561 3831 admissum
1599 3778 1652 3830 in
1680 3793 1774 3831 eos
1816 3788 1997 3832 tamen
2034 3782 2298 3851 rejicitur,

2402 3790 2702 3861 βαθυτέραν
2737 3789 3062 3857 κατάκρισιν
3095 3787 3128 3854 ἡ
3160 3781 3661 3855 προεπηγγελμένη
3693 3781 3858 3849 εὐχὴ,
3892 3781 3976 3831 an

740 3867 978 3936 ipsisque
1008 3868 1264 3921 adhaeret.
1292 3865 1372 3919 Tu
1409 3881 1558 3932 vero,
1596 3867 1793 3936 inquit,
1826 3883 1859 3922 o
1899 3873 2145 3926 mortalis
2171 3914 2184 3936 ,
2233 3890 2300 3929 ne

2399 3883 2464 3952 δὴ
2496 3883 2592 3952 τὴν
2640 3882 2807 3950 μήπω
2841 3877 3239 3948 πεπραγμένην
3292 3874 3574 3943 ἁμαρτίαν
3619 3873 3816 3932 αὑτοῖς
3853 3875 3972 3921 ὑπο-

741 3959 969 4011 similem
996 3968 1046 4012 te
1071 3959 1454 4027 insipientibus
1485 3958 1598 4012 ﬁeri
1659 3960 1865 4027 patiare
1895 4002 1909 4023 ,
1972 3965 2063 4031 qui
2126 3961 2301 4035 neque

2403 3973 2715 4042 στησαμένη
2735 3972 2832 4024 καὶ
2850 3969 3251 4040 προξενήσασα.
3285 3968 3355 4018 Σὺ
3382 3966 3462 4028 δὲ,
3487 3965 3674 4032 φησὶν,
3701 3961 3975 4030 ἄνθρωπε,

741 4050 852 4103 Deo
890 4062 1070 4104 votum
1100 4059 1298 4104 vovent
1329 4058 1381 4103 et
1413 4049 1620 4104 faciunt
1649 4051 1895 4117 libenter,
1933 4069 2126 4122 neque,
2156 4066 2303 4124 post-

2405 4063 2479 4132 μὴ
2512 4064 2624 4124 τοῖς
2663 4063 2892 4131 ἄφροσιν
2942 4058 3279 4128 ὁμοιωθῆναι
3315 4054 3568 4123 θελήσῃς,
3603 4052 3817 4113 οἵτινες
3866 4049 3975 4101 οὗτε

740 4159 902 4211 quam
935 4143 1200 4208 voveriut,
1251 4142 1318 4195 de
1368 4142 1489 4210 ipso
1531 4151 1657 4195 voto
1699 4143 1970 4199 reddendo
2005 4147 2300 4217 quidquam

2401 4152 2478 4221 τῷ
2507 4151 2625 4222 Θεῷ
2655 4151 2753 4221 τὴν
2793 4150 2958 4220 εὐχὴν
2988 4150 3237 4219 εὑχονται
3287 4145 3381 4198 καὶ
3409 4142 3696 4195 ποιοῦνται
3742 4141 3977 4210 προφρζο

745 4235 1010 4288 laborant.
1065 4234 1208 4299 Quin
1259 4247 1478 4302 operam
1524 4234 1928 4303 quamprimum
1968 4237 2097 4291 dare
2145 4240 2300 4304 velis,

2405 4261 2528 4309 νως,
2561 4243 2683 4297 οὔτε
2712 4245 2768 4297 δὲ
2799 4242 2938 4312 μετὰ
2965 4243 3027 4294 τὸ
3054 4238 3315 4303 εὔξασθαι
3339 4233 3732 4305 προαιροῦνται
3761 4232 3977 4299 ποιήσα-

813 4373 831 4401 ⁵
867 4369 1022 4422 Prov.
1058 4385 1112 4430 ι,
1148 4368 1230 4422 l9.
1305 4369 1325 4399 ⁸
1352 4367 1638 4434 Psal.t.xv,
1664 4370 1747 4434 15,
1775 4370 1860 4423 14.

814 4479 925 4544 (Η)
960 4476 1031 4527 Τὸ
1062 4477 1188 4544 γὰρ,
1221 4478 1395 4546 inquit
1426 4476 1870 4546 Cln-ysostomus,
1917 4479 2010 4530 ἐπὶ
2060 4478 2168 4531 τῶν
2193 4496 2306 4531 τοι·
2343 4463 2382 4516 θ
2412 4481 2469 4533 νὶ‹

2343 4463 2382 4516 θ
2412 4480 2621 4534 videtur
2681 4481 2762 4532 vel
2812 4493 2879 4532 ex
2907 4477 3217 4546 Hieronymi
3265 4479 3558 4538 sententia,
3585 4477 3670 4530 vel
3734 4489 3883 4534 certe
3919 4498 3974 4535 es

745 4548 914 4600 ούτων
946 4545 1401 4617 περιεργάζεσθαι
1428 4548 1524 4607 τὰς
1546 4545 1754 4610 αἰτίας,
1791 4548 1886 4599 καὶ
1912 4549 2164 4601 ἀπαιτεῖν
2208 4549 2306 4611 τὰς

2411 4565 2600 4604 eorum
2633 4545 3269 4615 interpretatione,’quos
3322 4547 3692 4617 Hieronymus
3755 4561 3977 4603 secutus

748 4617 998 4688 εὐθύνας,
1033 4619 1127 4688 και
1151 4615 1254 4688 ,τὸν
1299 4616 1498 4688 τρόπον
1519 4618 1869 4688 -έπιξητεῖν,
1902 4617 2310 4688 τολμηροτάτης

2411 4630 2493 4673 est
2522 4637 2538 4682 ;
2571 4622 2685 4688 haec
2722 4619 2866 4672 enim
2901 4619 3065 4685 hujus
3109 4629 3237 4688 sunt
3263 4619 3425 4671 verba
3461 4635 3474 4669 :
3512 4615 3538 4666 «ἡ
3569 4617 3672 4668 Alii
3711 4631 3844 4670 vero
3877 4636 3978 4672 me-

747 4687 842 4757 κα).
890 4683 1262 4757 ῥιψοκινδύνου
1292 4683 1490 4753 ψυχῆς.
1518 4685 1571 4738 Id
1594 4695 1678 4738 est
1697 4683 1718 4738 ἐ
1750 4685 1825 4738 De
1850 4683 2311 4754 hujus—modieniin

2413 4689 2518 4743 lius
2551 4684 2929 4757 intelligentesi
2949 4683 3049 4739 hoc
3080 4687 3300 4757 praecipi
3350 4689 3639 4748 allirmaut,
3674 4702 3751 4739 ne
3781 4701 3877 4742 aut
3905 4692 3972 4741 lo—

749 4755 900 4809 rebus
937 4756 1140 4805 curiose
1178 4758 1492 4822 perquirere,
1516 4763 1564 4807 et
1590 4757 1820 4808 rationes
1860 4771 2152 4823 exposcere,
2198 4772 2311 4809 mo-

750 4826 978 4892 dumque
1003 4825 1287 4892 sciscitari,
1344 4825 1690 4877 audacissimi
1726 4834 1773 4876 et
1833 4827 2093 4878 temerarii
2147 4826 2312 4878 animi

751 4891 1092 4964 est;(Ser._2
1131 4902 1317 4945 contra
1357 4896 1669 4957 Anomteos,
1710 4894 1764 4956 2,
1797 4903 1929 4947 tom.
1964 4896 2030 4964 l.)

823 4962 1135 5014 Formulam
1171 4971 1349 5015 autem
1380 4964 1575 5029 ipsam,
1603 4981 1722 5032 quze
1756 4979 1785 5017 a
1837 4962 2151 5017 doetorilius
2214 4965 2315 5017 Ec-

755 5032 933 5084 clesiae
971 5032 1166 5085 tradita
1197 5041 1298 5095 est,
1340 5033 1695 5095 retinendam,
1737 5049 1837 5086 nec
1867 5035 2162 5101 quidquam
2195 5051 2315 5086 mu-

757 5103 1016 5172 tandum_
1050 5103 1572 5172 esse‘._admonebat
1634 5103 1760 5155 olim
1821 5118 2049 5168 magnus
2101 5118 2317 5172 quoque

755 5169 1090 5240 Athanasius
1119 5170 1183 5222 ad
1207 5167 1492 5224 Iovianum
1526 5171 1660 5239 Aug.
1697 5173 1824 5240 περὶ
1882 5167 2134 5236 πίστεως
2176 5167 2315 5226 scri-

758 5243 894 5292 hens
933 5256 944 5290 :
976 5236 1208 5292 Nicaeum
1231 5243 1372 5292 enim
1405 5236 2034 5308 prol'essiouis'iormulae
2055 5245 2167 5296 haec
2190 5243 2319 5295 sub-

755 5313 898 5377 jecta
938 5308 1164 5377 legimus
1199 5327 1211 5360 :
1249 5309 1518 5378 Ταύτῃτῇ
1545 5311 1744 5371 πίστει,
1787 5309 2083 5374 Αὑγουστε,
2113 5313 2319 5373 πάντας

761 5378 1042 5451 επιμένειν
1066 5379 2082 5451 ἀναγκαῖον,ώςιθείᾳῄκαὶῄἀποστολικῇ,
2109 5383 2202 5433 καὶ
2225 5398 2318 5449 μη-

760 5450 846 5518 ᾅεν
892 5451 1206 5518 μετακινεῖν
1222 5448 1390 5516 αὐτὴν
1415 5449 1813 5514 πιθανολογίαις
1843 5451 1938 5500 καὶ
1967 5448 2332 5518 λογομαχίαις,

759 5517 963 5584 Nempe
989 5533 1002 5568 :
1039 5516 1101 5568 In
1125 5518 1222 5569 hac
1255 5519 1377 5584 ﬁde,
1396 5520 1663 5584 Auguste,
1688 5534 1866 5572 omnes
1891 5516 2322 5584 Oportet‘manere

760 5586 1144 5654 utpolediuina
1203 5597 1250 5638 et
1306 5586 1612 5652 apostolica,
1655 5604 1815 5657 neque
1886 5590 2171 5658 quidquam
2206 5591 2323 5642 inde

761 5666 1118 5726 transmittare
1177 5657 1422 5722 arti-liciis
1463 5659 1977 5726 contentionibusque
2029 5657 2322 5712 verborum.

834 5724 1124 5780 Enimvero
1159 5735 1326 5780 totum
1388 5728 1531 5780 hunc
1585 5727 1764 5780 locum
1821 5724 2085 5795 explzcare
2135 5728 2326 5782 Noster

2413 4769 2643 4827 quentes
2695 4756 2788 4810 aut
2817 4756 3118 4827 cogitantes
3147 4756 3268 4827 plus
3306 4757 3371 4810 de
3401 4758 3530 4827 Deo,
3558 4770 3732 4827 quam
3787 4771 3975 4824 possu-

2414 4824 2557 4890 mus,
2599 4824 2921 4895 opinemur;
2962 4824 3057 4880 sed
3103 4826 3341 4895 sciamus
3376 4824 3806 4880 imbecillitatem
3865 4842 3978 4880 nos-

2416 4907 2574 4962 tram,
2605 4894 2750 4964 quod
2783 4906 3046 4964 quantum
3088 4894 3253 4947 distat
3282 4897 3481 4948 C(BIUID
3511 4910 3540 4947 a
3565 4903 3738 4957 terra,
3780 4904 3976 4950 tantum

2414 4974 2596 5020 nostra
2637 4965 2880 5034 opinatio
2909 4980 2938 5017 a
2970 4973 3162 5018 natura
3217 4964 3364 5018 illius
3420 4973 3749 5034 separetur:
3805 4976 3859 5017 et
3909 4968 3978 5017 id-

2416 5037 2562 5089 circo
2589 5033 2781 5088 debere
2810 5037 2970 5088 verba
2995 5043 3175 5086 nostra
3196 5049 3314 5087 esse
3337 5035 3632 5088 moderata.
3659 5033 3818 5086 Sicut
3846 5036 3979 5088 enim

2416 5106 2508 5172 qui
2537 5105 2590 5157 in
2634 5104 2821 5157 multis
2852 5103 3276 5172 cogitationibus
3323 5113 3426 5165 est,
3459 5117 3522 5155 ea
3574 5105 3818 5154 somniat
3884 5106 3977 5154 frc-

2417 5184 2665 5243 qnenter,
2694 5175 2763 5227 de
2800 5175 2999 5243 quibus
3026 5173 3270 5243 cogitat;
3311 5174 3386 5225 ita
3433 5173 3526 5239 qui
3565 5172 3721 5243 plura
3756 5174 3980 5224 voluerit

2418 5241 2484 5296 de
2515 5243 2796 5296 divinitate
2822 5242 3111 5303 disserere,
3157 5241 3347 5295 incidit
3407 5243 3459 5293 in
3518 5241 3830 5293 stultitiam.
3902 5243 3978 5292 Vel

2419 5322 2564 5365 certe
2594 5313 2671 5364 sic
2701 5330 2713 5364 ε
2745 5311 2918 5364 Verba
2977 5321 3160 5364 nostra
3198 5324 3369 5377 pauca
3435 5311 3555 5363 ideo
3601 5324 3722 5362 esse
3773 5313 3978 5364 debere.

2420 5383 2563 5451 quod
2610 5383 2776 5435 etiam
2806 5395 2890 5444 ea,
2923 5394 3044 5448 quae
3089 5393 3251 5451 nosse
3295 5396 3412 5451 _nos
3471 5379 3830 5451 arbitramur,
3903 5393 3980 5446 per

2422 5448 2701 5519 speculum
2741 5451 2986 5503 videmus
3015 5458 3069 5503 et
3120 5448 3172 5500 in
3206 5449 3511 5518 aenigmate,
3554 5460 3608 5500 et
3645 5450 3793 5501 velut
3851 5465 3980 5502 soni-

2423 5525 2569 5574 nium
2597 5520 3133 5587 comprehendimus,
3166 5521 3310 5587 quod
3338 5531 3520 5571 tenete
3543 5533 3641 5570 nos
3658 5521 3982 5571 aestimamus

2423 5591 2668 5657 Cumque
2706 5590 2882 5656 plura,
2917 5603 2972 5642 ut
3018 5589 3192 5641 visum
3252 5590 3407 5641 nobis
3454 5589 3637 5645 fuerit,
3690 5588 3981 5642 dixerimus

2426 5661 2586 5712 linem
2611 5661 2996 5725 disputationis
3026 5669 3227 5712 nostra
3248 5673 3369 5712 esse
3399 5658 3682 5711 stultitiam
3717 5675 3731 5718 ;
3766 5676 3833 5709 ex
3860 5659 3980 5710 mul-

2429 5732 2656 5798 tiloqoio
2676 5735 2821 5783 enim
2876 5743 2973 5782 nos
3001 5745 3103 5780 non
3135 5729 3372 5796 clIugei-e
3407 5737 3709 5795 peccatum.
3747 5749 3764 5777 ι

4115 98 4136 318 l

4127 525 4143 664 ί
