4192 6436
195 374 298 447 945

1250 387 1335 448 ΙΝ
1384 389 1968 450 ECCLESIASTEN.
2008 390 2242 452 -LlB.
2287 389 2386 448 ιν.

3357 384 3460 449 946

199 482 536 550 πορνεύσεις,
565 502 582 534 ι
613 484 706 536 καὶ
733 486 984 540 τοσοῦτον
1014 488 1283 562 ἑκατέραν
1307 493 1588 565 ἁμαρτίαν
1613 511 1776 548 κατα-

1897 511 1986 563 lue
2019 497 2154 548 adeo
2185 496 2634 559 daninantem,ut
2667 494 2922 550 feminam
2948 509 3008 549 se
3041 495 3458 564 prostituentcm

195 571 534 637 δικάσαντος,
562 573 704 628 ὥστε
747 579 1057 647 προστάξαι
1104 583 1196 635 καὶ
1228 583 1626 638 λιθοδολείσθαι
1678 586 1778 656 μὲν

195 664 292 731 τὴν
324 670 801 736 προπορνευκυῖαν
837 670 942 725 ὑπὸ
977 674 1196 729 πάντων
1238 676 1347 730 τῶν
1382 677 1528 731 ἰδίων
1570 696 1781 749 συμπο-

196 751 386 803 λιτῶν·
424 755 514 806 τὸν
542 756 597 808 δὲ
633 760 820 828 μοιχὸν
847 761 1216 820 Θανατοῦσθαι
1247 769 1385 837 μετὰ
1413 769 1513 832 τῆς
1541 769 1780 840 μοιχαλί-

196 843 301 904 δος.
333 845 393 898 Εἰ
418 848 601 901 τοίνυν
636 851 695 902 οὑ
723 851 948 907 δύνασαι
994 857 1182 926 φάναι,
1219 859 1391 914 Τοῦτο
1418 861 1479 914 τὸ
1525 862 1686 932 ἔργον
1722 864 1779 930 ἐξ

199 937 421 1001 ἀγνοίας
456 957 544 1006 μοι
573 942 782 1008 γέγονε,
814 944 1060 1014 δηλονότι
1090 948 1152 1001 τὸ
1175 949 1274 1020 τῆς
1308 953 1554 1020 μοιχείας
1581 953 1612 1020 ἢ
1647 969 1781 1023 πορ-

197 1028 346 1089 νείας
373 1047 384 1057 ·
419 1031 714 1086 ἐπίστασαι
740 1037 846 1105 γὰρ
879 1039 1344 1112 ἁπηγορευμένην
1382 1045 1652 1114 ἑκατέραν
1677 1046 1782 1097 ὑπὸ

196 1118 332 1171 Θεοῦ
363 1121 450 1173 διὰ
481 1123 576 1175 τοῦ
608 1125 875 1189 Μωσέως,
905 1129 956 1181 τί
991 1130 1189 1199 δήποτε
1218 1135 1353 1203 πρὸς
1389 1135 1488 1204 τὴν
1513 1153 1782 1204 γινωσκο-

200 1218 372 1280 μένην
403 1217 681 1292 ἁμαρτίαν
712 1222 1169 1288 κατολισθαίνεις,
1195 1227 1277 1278 ὃτι
1321 1229 1660 1298 πανταχόθεν
1686 1232 1783 1285 ἀν-

201 1305 538 1376 απολόγητος
576 1305 646 1366 εἶ,
680 1313 776 1364 καὶ
823 1316 1156 1386 συγγνώμης
1185 1319 1438 1385 ἁνὰξιος;
1484 1323 1546 1374 Ei
1580 1323 1686 1393 γὰρ
1727 1325 1785 1376 ὲν

200 1395 400 1462 γνώσει
437 1403 610 1462 ποιεῖς
638 1403 735 1472 τὴν
767 1405 1068 1475 ἁμαρτίαν,
1093 1409 1369 1479 ἑπομένην
1391 1411 1537 1481 ἔχεις
1567 1416 1784 1477 πάντως

201 1487 294 1536 καὶ
324 1487 421 1554 τὴν
459 1490 809 1560 κατάκρισιν.
841 1496 900 1548 Εἰ
929 1495 984 1548 δὲ
1019 1498 1184 1568 φάναι
1211 1501 1509 1571 τολμήσεις
1537 1505 1671 1575 πρὸς
1696 1507 1786 1558 τὸν

197 1576 353 1639 Θεὸν,
400 1581 479 1632 ὅτι
533 1581 704 1636 Τοῦτό
764 1603 855 1652 μοι
902 1588 1130 1655 γέγονεν
1175 1591 1231 1656 ἐξ
1282 1594 1529 1660 ἀγνοίας,
1565 1597 1595 1647 ό
1631 1596 1785 1659 Θεὸς,

207 1686 223 1715 ι
248 1670 356 1721 τῶν
393 1671 648 1735 γνῶσεων
693 1676 897 1744 Κύριος
932 1679 1028 1745 ῶν,
1069 1701 1087 1732 ι
1129 1681 1325 1750 διπλῆν
1362 1701 1444 1737 σοι
1477 1685 1576 1753 τὴν
1618 1687 1787 1756 ὀργὴν

199 1760 394 1826 ἐπάξει
442 1766 536 1816 καὶ
576 1767 673 1836 τὴν
723 1772 1074 1840 κατάκρισιν,
1108 1775 1190 1828 ὅτι
1234 1775 1332 1846 τὴν
1369 1779 1647 1849 ἁμαρτίαν
1684 1798 1784 1832 πε-

1881 585 1950 639 ab
1976 585 2236 640 omnibus
2271 585 2485 640 civibus
2520 586 2640 653 ejus
2669 587 2826 639 obrui
2859 585 3135 655 lapidibus
3186 586 3457 654 jusserit;

1881 677 2157 731 machum
2204 693 2334 732 vero
2374 692 2498 731 cum
2561 676 2810 732 adultera
2879 678 3220 732 multandum
3287 688 3461 730 morte

1883 767 2294 838 sanxerit(l7).
2332 768 2468 822 Cum
2513 768 2680 839 igitur
2729 784 2971 837 nequeas
3009 769 3195 824 dicere
3233 785 3246 822 :
3284 767 3401 821 Hoc
3431 783 3460 820 a

1882 877 1968 915 me
1997 860 2211 917 facinus
2245 877 2308 915 ex
2346 862 2650 931 ignorantia
2679 863 2978 917 admissum
3007 870 3110 925 est,
3129 861 3460 916 adulterium

1882 968 2076 1022 nempe
2099 963 2192 1007 aut
2224 953 2553 1018 fornicatio;
2590 955 2790 1024 quippe
2834 955 2927 1023 qui
2967 963 3264 1023 utrumque
3295 969 3324 1006 a
3358 952 3462 1007 Deo

1882 1059 1978 1114 per
2003 1043 2226 1116 Moysen
2261 1045 2490 1099 vetitum
2517 1045 2687 1101 fuisse
2736 1045 2917 1101 scias:
2949 1046 3225 1116 quomodo
3256 1047 3307 1099 in
3342 1059 3462 1099 sce-

1884 1137 1967 1191 lus
1998 1136 2338 1205 prolaberis,
2380 1137 2528 1206 quod
2580 1138 2676 1191 tibi
2717 1138 2879 1207 plane
2921 1139 3199 1207 cognitum
3236 1145 3356 1201 est,
3403 1143 3465 1190 ut

1883 1229 2296 1281 excusationem
2335 1229 2536 1282 habeas
2579 1229 2783 1283 nullam
2811 1269 2824 1292 ,
2889 1239 2943 1284 et
2979 1229 3138 1283 venia
3199 1227 3462 1296 indignus

1885 1321 2114 1374 omnino
2144 1320 2263 1374 sis?
2304 1319 2359 1373 Si
2390 1321 2536 1374 enim
2568 1329 2851 1389 peccatum
2883 1320 3066 1374 sciens
3116 1317 3276 1384 facis,
3328 1334 3460 1373 con-

1887 1411 2290 1464 demnationem
2338 1420 2515 1465 tecum
2555 1411 2670 1480 ipse
2719 1411 2876 1480 plane
2928 1411 3176 1465 adducis.
3219 1409 3375 1475 Quod
3417 1410 3463 1464 si

1890 1501 2056 1556 Deum
2088 1501 2294 1570 alloqui
2354 1504 2558 1557 audeas
2586 1542 2600 1565 ,
2635 1511 2688 1556 et
2731 1517 2844 1556 rem
2882 1502 2978 1556 tibi
3039 1516 3103 1554 ex
3158 1501 3464 1570 ignorantia

1889 1595 2186 1665 contigisse
2221 1604 2515 1663 praetextas;
2560 1591 2737 1655 Deus,
2775 1592 2872 1662 qui
2917 1611 2935 1643 ι
2992 1593 3175 1646 omnis
3223 1591 3468 1646 scientiae

1890 1685 2157 1739 Dominus
2178 1694 2262 1738 est
2289 1685 2354 1748 ιο,
2394 1705 2412 1736 ι
2452 1687 2586 1738 iram
2627 1685 2892 1739 adversus
2943 1692 2993 1737 te
3029 1697 3185 1737 suam
3223 1682 3468 1751 duplica-

1893 1773 1967 1825 bit
1993 1786 2056 1824 ac
2104 1787 2358 1840 pinnam,
2397 1774 2541 1841 quod
2587 1781 2650 1842 et
2681 1784 2966 1841 peccatum
3005 1771 3314 1840 patraveris
3346 1811 3361 1834 ,
3415 1780 3469 1824 et

203 1849 462 1918 ποίηκας,
512 1855 602 1906 καὶ
653 1856 735 1908 ὃτι
789 1858 965 1930 ψευδῆ
1013 1868 1198 1933 φωνὴν
1245 1868 1467 1937 ἀφῆκας
1506 1869 1642 1938 πρὸς
1698 1871 1788 1924 τὸν

1897 1865 2206 1918 mendath
2235 1865 2301 1918 ad
2341 1879 2466 1918 eum
2510 1879 2696 1919 vocem
2748 1864 2988 1927 miseris,
3031 1863 3124 1932 qui
3155 1871 3208 1916 et
3254 1871 3468 1917 secreta

197 1941 337 1994 Θεὸν
364 1945 456 1996 τὸν
484 1947 822 2014 γινώσκοντα
854 1955 948 2006 καὶ
978 1956 1046 2008 τὰ
1075 1959 1365 2030 ἀπόρρητα
1395 1962 1496 2029 τῆς
1523 1963 1621 2030 σῆς
1648 1981 1789 2032 καρ-

200 2033 342 2096 δίας.
373 2035 550 2090 Τοῦτο
579 2041 688 2111 γὰρ
718 2045 976 2114 σημαίνει
1008 2050 1194 2125 σαφῶς
1220 2052 1249 2102 ὃ
1283 2069 1470 2121 φησιν,
1509 2073 1526 2105 ι
1557 2055 1675 2109 ’Ὶνα
1717 2055 1790 2125 μὴ

198 2125 430 2198 ὀργισθῇ
453 2130 482 2180 ὁ
506 2131 641 2194 Θεὸς
666 2135 758 2186 ἐπὶ
785 2141 934 2208 φωνῇ
968 2156 1084 2203 σου,
1114 2143 1206 2194 καὶ
1229 2143 1518 2219 διαφθείρῃ
1541 2147 1610 2198 τὰ
1633 2149 1791 2219 ποιή-

204 2234 355 2286 ματα
386 2220 494 2272 τῶν
529 2224 729 2292 χειρῶν
760 2243 855 2280 σου
877 2245 891 2259 ⁸
927 2249 944 2280 ι
990 2230 1233 2300 δηλονότι
1261 2234 1328 2286 τὰ
1369 2234 1516 2304 λήῖα,
1543 2240 1610 2289 τὰ
1636 2238 1792 2307 οἰκή-

205 2328 376 2378 ματα,
422 2314 546 2376 τοὺς
591 2318 979 2387 παραδείσους,
1017 2324 1144 2386 τοὺς
1190 2326 1520 2394 ἀμπελῶνας
1579 2328 1648 2380 δι’
1703 2331 1794 2379 ὸν-

201 2404 441 2474 ομϐρίας
480 2410 573 2461 καὶ
605 2411 914 2482 ὲπομὸρίας
949 2417 1419 2490 ὑπερϐαλλούσης,
1461 2421 1492 2490 ἢ
1532 2421 1786 2492 δῃώσεως

203 2499 302 2550 καὶ
347 2499 576 2568 ληΐσεως
623 2504 962 2572 ἀλλοφύλων.
1005 2510 1161 2564 Οὕτω
1199 2513 1307 2583 γὰρ
1348 2515 1441 2566 καὶ
1483 2514 1570 2567 διὰ
1605 2517 1791 2584 φωνῆς

216 2589 447 2642 Ἢσαῖου
479 2593 647 2661 φησὶν
673 2598 701 2648 ὁ
734 2596 844 2649 τῶν
876 2599 1010 2652 ὅλων
1037 2601 1168 2666 Θεός
1193 2621 1204 2632 ·
1252 2624 1270 2654 ι
1315 2604 1442 2657 Ἐὰν
1473 2606 1663 2676 θέλητε
1698 2609 1793 2660 καὶ

203 2681 570 2752 εἰσακούσητέ
596 2705 719 2755 μου,
743 2690 810 2741 τὰ
841 2691 1020 2758 ἀγαθὰ
1048 2696 1147 2760 τῆς
1178 2696 1276 2764 γῆς
1308 2697 1552 2765 φάγεσοε
1577 2716 1587 2728 ·
1619 2701 1715 2753 ἐὰν
1738 2701 1793 2753 δὲ

208 2772 286 2841 μὴ
338 2773 550 2844 θέλητε,
587 2780 720 2849 μηδὲ
766 2784 1125 2857 είσακοὺσητέ
1180 2805 1303 2858 μου,
1345 2792 1596 2860 μάχαιρα
1648 2793 1796 2861 ὑμᾶς

204 2865 514 2920 κατέδεται.
546 2887 564 2919 ι

282 2954 392 3018 Τὰς
424 2958 479 3010 δὲ
511 2963 784 3026 κιναίδους
825 2966 1054 3033 πράξεις
1083 2968 1175 3020 καὶ
1216 2970 1314 3031 τὰς
1341 2972 1656 3040 ἁμαρτικὰς
1696 2975 1791 3026 καὶ

207 3047 579 3117 παρανόμους
620 3052 728 3106 τῶν
769 3055 981 3124 ἀνδρῶν
1040 3059 1176 3124 μετὰ
1210 3059 1320 3111 τῶν
1358 3061 1640 3126 γυναικῶν
1669 3080 1793 3114 συν-

205 3139 423 3203 ουσίας,
467 3143 692 3206 καὶτὰς
747 3145 1036 3210 οελκτικὰς
1093 3148 1315 3219 ὁμιλίας
1359 3153 1452 3204 καὶ
1504 3154 1795 3223 συντυχίας

209 3231 487 3284 ἐνυπνίων
517 3235 672 3304 ὲσμῷ
707 3237 799 3288 καὶ
828 3243 1210 3310 ματαιοτήτων
1248 3244 1547 3297 ἀπείκασεν
1579 3249 1605 3298 ό
1632 3248 1795 3315 σοφὸς

222 3318 666 3394 Ἐκκλησιαστὴς
695 3329 752 3379 ἐν
783 3329 857 3398 τῷ
897 3332 1095 3394 εἰπεῖν,
1140 3350 1157 3382 ι
1197 3333 1321 3385 Ὅτι
1350 3338 1408 3387 ὲν
1460 3336 1655 3405 πλήθει
1712 3341 1797 3390 ὲν-

209 3412 426 3465 υπνίων
459 3416 548 3467 καὶ
583 3419 969 3489 ματαιοτήτων
1011 3423 1105 3474 καὶ
1157 3423 1331 3492 λόγων
1369 3426 1580 3478 πολλῶν
1602 3443 1616 3456 ·
1647 3447 1663 3477 i
1698 3431 1797 3482 ἀν-

209 3502 270 3553 τὶ
299 3502 413 3566 τοῦ,
443 3507 609 3575 Δίκην
641 3510 910 3563 ἐνυπνίων
935 3516 1363 3582 συμπιπτόντων
1400 3520 1520 3579 ταῖς
1545 3536 1799 3589 νυκτερι-

210 3593 334 3652 vui;
370 3596 718 3660 φαντασίαις,
758 3603 845 3651 καὶ
873 3602 1148 3671 μηδεμίαν
1206 3606 1439 3673 ἑχόντων
1473 3606 1710 3677 ὕπαρξιν
1739 3611 1796 3660 ἐν

211 3687 330 3745 τοῖς
363 3687 707 3755 πράγμασιν,
743 3692 902 3744 ἔτιδὲ
939 3696 1035 3746 καὶ
1065 3696 1176 3747 τῶν
1200 3697 1378 3749 ἄλλων
1420 3702 1800 3769 ματαιοτήτων

211 3776 311 3826 καὶ
351 3776 458 3827 τῶν
497 3779 604 3829 σῶν
637 3780 836 3848 λόγων,
864 3784 1147 3854 ἄνθρωπε,
1181 3785 1291 3838 τῶν
1311 3788 1519 3840 πολλῶν
1554 3791 1647 3841 καὶ
1679 3790 1801 3842 ϐελ-

216 3867 428 3918 κτικῶν
462 3870 598 3938 πρὸς
633 3872 733 3934 τὰς
779 3875 1050 3937 κιναίδους
1081 3877 1264 3945 μίξεις
1309 3882 1406 3932 καὶ
1446 3882 1802 3950 παρανόμους

217 3960 530 4024 συνουσίας,
563 3963 594 4032 ἡ
639 3964 873 4019 δοκοῦσά
904 3984 962 4019 σε
1022 3969 1118 4020 καὶ
1162 3973 1496 4041 νομιζομένη
1531 3974 1802 4042 παρελεύ-

216 4065 374 4102 σεται
433 4051 625 4105 οεῖττον
675 4057 1000 4120 ἀπόλαυσις,
1042 4059 1249 4130 ἔρημόν
1299 4079 1361 4114 σε
1423 4064 1804 4117 καταλιποῦσα

218 4140 405 4210 πάσης
473 4145 840 4217 νομιζομένης
889 4149 1090 4219 ἡδονῆς
1139 4153 1240 4221 τῆς
1296 4157 1353 4206 ἐν
1385 4159 1493 4218 τοῖς
1529 4157 1806 4220 ἐνυπνίοις

1888 1958 2055 2010 animi
2089 1958 2166 2010 tui
2213 1956 2384 2011 novit.
2425 1954 2561 2010 Nam
2605 1956 2708 2011 lioc
2753 1957 2954 2010 diserte
2987 1955 3301 2025 signiﬁcant
3347 1972 3471 2025 qua:

1888 2049 2152 2116 subjecit:
2191 2067 2210 2100 ι
2246 2046 2324 2102 Ne
2360 2049 2629 2102 irascatur
2664 2047 2806 2103 Deus
2852 2063 3020 2118 super
3063 2062 3251 2103 vocem
3292 2060 3468 2112 tuam,

1887 2152 1940 2197 et
1967 2141 2247 2210 disperdat
2267 2155 2434 2210 opera
2470 2156 2730 2194 manuum
2770 2151 3008 2204 tuarum,
3057 2160 3075 2190 ι
3116 2143 3330 2209 segetes
3364 2141 3474 2194 sci-

1889 2237 2038 2298 licet,
2069 2235 2286 2298 domos,
2321 2234 2605 2294 viridaria,
2640 2233 2821 2287 vineta
2857 2233 2940 2286 vel
2970 2233 3220 2288 siccitate
3252 2232 3336 2286 vel
3364 2233 3469 2286 im-

1890 2329 2069 2382 brium
2100 2325 2254 2396 copia
2284 2324 2706 2392 superveniente
2737 2362 2751 2386 ,
2792 2335 2887 2377 aut
2916 2324 3104 2378 hostili
3136 2324 3322 2392 aliqua
3376 2339 3472 2376 va-

1887 2423 2121 2477 statione
2151 2429 2314 2488 atque
2335 2420 2508 2474 clade.
2537 2418 2628 2472 Sic
2657 2433 2893 2486 namque
2957 2416 3109 2472 Isaia:
3143 2430 3275 2471 voce
3328 2415 3472 2470 Dens

1891 2513 2127 2567 universi
2148 2511 2384 2566 eﬂ‘atur:
2430 2530 2446 2562 ι
2491 2509 2549 2564 Si
2599 2511 2886 2564 volueritis
2928 2519 2982 2563 ct
3027 2510 3317 2564 audieritis
3363 2525 3470 2572 me,

1892 2609 2032 2661 bona
2082 2615 2238 2660 terra:
2292 2604 2626 2660 comedetis:
2665 2605 2749 2658 sin
2792 2619 2922 2656 vero
2957 2604 3243 2657 nolueritis
3296 2618 3475 2672 neque

1890 2697 2174 2753 audieritis
2207 2711 2311 2760 me,
2345 2695 2559 2765 gladius
2584 2709 2681 2748 vos
2713 2691 2998 2748 devorabil
3020 2693 3084 2747 “.
3129 2713 3148 2744 ι

1964 2960 2242 3016 Obscenas
2262 2969 2442 3015 autem
2479 2961 2722 3016 actiones
2759 2969 2813 3014 et
2847 2959 3064 3013 lctltalia
3099 2973 3163 3013 ac
3194 2959 3359 3014 vetita
3393 2959 3477 3012 vi-

1896 3067 2082 3106 rorum
2112 3069 2236 3105 cuin
2267 3051 2488 3106 feniinis
2520 3051 2874 3114 commercia,
2925 3049 3371 3118 voluptariosque
3409 3051 3476 3103 ad

1896 3144 2358 3200 confabulandnm
2382 3158 2714 3212 congressus
2734 3144 3077 3196 somniorum
3101 3152 3157 3194 et
3175 3142 3476 3194 vanitatum

1896 3240 2136 3294 examini
2171 3239 2514 3306 comparavit
2542 3237 2765 3303 sapiens
2800 3234 3180 3297 Ecclesiastes,
3210 3246 3336 3287 cum
3370 3234 3475 3286 ait:

1905 3349 1921 3380 ι
1955 3329 2094 3394 Quia
2129 3330 2180 3381 in
2235 3326 2583 3380 multitudine
2624 3327 2963 3378 somniorum
3007 3333 3060 3377 et
3101 3323 3402 3376 vanitatum
3429 3333 3482 3374 ct

1900 3423 2189 3474 verborum
2223 3420 2620 3485 plurimorum;
2656 3435 2674 3466 ι
2701 3417 2750 3468 id
2775 3425 2879 3476 est,
2907 3415 3081 3469 lnstar
3111 3416 3479 3476 somniorum,

1899 3530 2022 3582 qum
2052 3529 2144 3581 per
2171 3521 2387 3564 noctem
2424 3511 2677 3562 visuntur
2729 3508 2912 3561 inania
2969 3507 3129 3576 plane
3189 3513 3243 3559 et
3297 3520 3478 3558 rerum

1901 3606 2146 3659 omnium
2210 3617 2400 3665 vat-ua,
2433 3611 2486 3655 et
2521 3601 2822 3653 vanitatum
2883 3609 3227 3657 caztcrarum,
3261 3611 3326 3650 ac
3358 3607 3480 3649 tuo-

1905 3713 2024 3750 rum
2059 3710 2279 3764 quoque
2321 3693 2635 3756 verborum,
2665 3708 2698 3746 ο
2729 3691 2996 3752 mortalis,
3050 3704 3174 3757 quae
3228 3689 3396 3740 multa
3431 3699 3485 3739 et

1907 3786 2100 3840 blanda
2135 3785 2363 3837 adhibes
2413 3781 2656 3849 turpium
2713 3779 3170 3834 commerciorum
3210 3788 3265 3831 et
3305 3779 3484 3832 vetita)

1906 3874 2322 3933 consuetudinis
2346 3887 2538 3931 causa,
2561 3869 2822 3938 quidquid
2843 3870 3023 3922 inesse
3055 3867 3352 3935 voluptatis
3386 3865 3484 3919 tibi

1907 3970 2140 4030 videtur,
2176 3973 2347 4018 totum
2388 3962 2639 4016 celeriter
2679 3959 3000 4029 praeteribit,
3038 3969 3194 4027 teque
3244 3958 3482 4023 deseret,

1907 4061 2055 4114 omni
2079 4057 2240 4128 138
2255 4056 2342 4109 illa
2361 4056 2636 4122 voluptate
2657 4061 2958 4115 carentem,
2975 4065 3137 4119 quam
3157 4047 3487 4104 somniando

1909 4165 2260 4216 conceperas,
2294 4156 2348 4201 et
2378 4159 2560 4199 veram
2595 4143 2844 4212 putabas.
2907 4141 3084 4195 Sitnul
3121 4141 3270 4193 enim
3323 4149 3488 4207 atque

221 4250 308 4285 σοι
339 4238 764 4306 φαντασθείσης.
789 4241 940 4309 Ἅμα
980 4245 1090 4313 γὰρ
1116 4243 1192 4315 τῷ
1221 4248 1507 4314 γεγονέναι
1540 4252 1635 4302 καὶ
1659 4267 1796 4319 παρ-

1912 4253 2034 4297 nata
2063 4252 2164 4304 est,
2203 4237 2446 4300 evanuit,
2475 4244 2530 4290 et
2560 4250 2729 4287 unum
2769 4233 3026 4300 relinquit
3077 4231 3309 4294 crimen,
3341 4231 3488 4298 quod

219 4326 375 4395 ἦλθε,
410 4331 795 4385 καταλιποῦσα
846 4335 1014 4407 μόνην
1044 4339 1142 4406 τὴν
1197 4341 1476 4411 ἁμαρτίαν
1506 4343 1799 4396 ὲκκεντοῦ-

222 4433 329 4469 σαν
359 4420 450 4471 καὶ
509 4422 979 4478 καταδαπανῶσαν
1023 4428 1120 4497 τὴν
1159 4429 1338 4501 ψυχήν
1394 4449 1488 4484 σου
1550 4435 1645 4485 καὶ
1702 4435 1802 4502 τὴν

218 4508 473 4577 καρδίαν,
501 4510 576 4572 ὠς
604 4512 902 4583 μάχαιραν.
932 4511 1064 4570 Εἷτὰ
1089 4521 1300 4587 φησινό
1329 4520 1762 4591 Ἐκκλησιαστής
1784 4539 1797 4550 ⁸

1911 4336 2151 4389 animum
2192 4339 2246 4384 et
2279 4345 2374 4382 cor
2409 4326 2568 4397 quasi
2612 4325 2797 4394 cuspis
2852 4331 3055 4395 pungat
3083 4332 3244 4392 atque
3271 4323 3486 4378 exedat.

1913 4423 2075 4477 Addit
2104 4418 2298 4474 deinde
2337 4415 2696 4470 Ecclesiastes
2733 4435 2744 4468 :

1779 4611 1805 4682 ς
1844 4609 1933 4662 Ix.

313 4710 454 4764 Ἐὰν
491 4716 912 4784 συκοφαντίαν
937 4719 1201 4785 πένητος
1241 4721 1339 4774 καὶ
1371 4723 1655 4791 ἁρπαγὴν
1688 4726 1811 4790 xpl-

218 4818 416 4872 ματος
455 4803 554 4855 καὶ
588 4803 975 4874 δικαιοσύνης
1036 4809 1204 4877 ειδης
1228 4812 1297 4864 ἐν
1342 4812 1521 4881 χώρᾳ,
1551 4813 1638 4880 μὴ
1670 4818 1812 4868 0cm-

219 4896 432 4966 μὰσῃς
461 4899 556 4951 ἐπὶ
588 4899 667 4964 τῷ
712 4902 1006 4970 πράγματι
1038 4921 1051 4933 ·
1082 4903 1171 4956 ὅτι
1198 4908 1440 4973 ὑψηλός
1466 4907 1667 4961 ἐπάνω
1701 4909 1803 4962 τοῦ

224 4989 480 5055 ὑψηλοῦ
517 4991 838 5059 φυλάσσῃ,
882 4993 982 5046 καὶ
1019 4997 1246 5062 ὑψηλοὶ
1288 4998 1382 5050 ἐπ’
1435 5000 1643 5065 αὐτοῖς
1669 5015 1683 5029 ’
1718 5001 1816 5053 καὶ

227 5080 554 5147 ,περίσσειιι
582 5082 714 5151 γῆς.
758 5083 884 5135 Ἐπί
915 5085 1095 5137 παντὶ
1124 5089 1310 5154 αὑτός
1335 5089 1468 5144 ἐστι
1507 5091 1815 5158 βασιλεὺς

225 5173 310 5241 τῇ
346 5175 506 5244 χώρα
534 5178 915 5246 εἰργασμένη.

309 5289 354 5320 ¹⁰
386 5287 405 5339 l
437 5288 566 5356 Reg.
609 5305 670 5354 tt,
697 5291 752 5344 '5.
832 5291 871 5321 “
906 5290 1011 5344 lsa.
1040 5307 1080 5356 t,
1119 5292 1205 5347 l9.

313 5379 425 5448 (l7)
466 5378 579 5433 Huc
609 5396 849 5452 revoca,
904 5398 1026 5449 qua:
1079 5383 1333 5451 superius
1381 5382 1446 5435 ad
1476 5381 1502 5452 ᾗ
1529 5382 1580 5446 6,
1614 5382 1707 5436 lib.
1743 5399 1804 5436 ιιι

227 5451 384 5504 dicta
415 5461 563 5503 sunt.
600 5451 672 5504 De
697 5454 1176 5506 sententiteautem
1211 5451 1660 5520 interpretatione
1688 5469 1821 5505 con-

228 5522 408 5575 sentit
445 5520 889 5589 Olympiodorus.
925 5522 1030 5575 Sed
1062 5522 1157 5575 alii
1185 5523 1272 5575 illa
1304 5522 1485 5584 verba,
1514 5521 1577 5575 Ut
1604 5539 1819 5591 peccare

229 5591 413 5661 facias
461 5607 673 5661 carnem
731 5601 901 5651 tuam.
937 5595 1035 5654 sic,
1087 5592 1263 5661 inquit
1324 5592 1563 5646 Isidorus
1604 5593 1821 5645 Clarius

228 5660 380 5713 civis
440 5675 613 5723 meus,
643 5660 1114 5730 interpretantur:
1156 5679 1173 5713 t
1218 5660 1285 5714 Ut
1313 5677 1419 5714 non
1451 5663 1630 5715 solum
1660 5678 1822 5729 super

232 5743 317 5800 te.
361 5745 544 5782 rerum
596 5739 647 5784 et
682 5748 844 5799 super
881 5732 1022 5786 tilios
1077 5741 1220 5799 tuos,
1252 5732 1344 5800 qni
1380 5742 1508 5785 sunt
1545 5743 1635 5785 tua
1669 5748 1816 5796 curo,

237 5799 514 5856 ultionem
557 5800 796 5856 divinam
855 5815 1142 5870 provoces.
1186 5820 1203 5854 ι
1235 5799 1354 5872 Ipse
1384 5802 1488 5857 lioc
1521 5802 1680 5858 modo
1729 5817 1821 5857 ex-

1983 4717 2150 4770 V'ens.
2177 4714 2293 4767 7-9.
2317 4711 2372 4766 Si
2418 4709 2743 4763 calumniam
2798 4707 3046 4776 pauperis
3069 4715 3115 4758 et
3145 4704 3489 4773 direptionem

1903 4812 2099 4880 judicii
2130 4817 2176 4861 et
2197 4806 2424 4875 justitice
2449 4802 2640 4855 videris
2673 4803 2726 4852 in
2763 4799 2989 4868 regione,
3017 4814 3079 4850 ne
3102 4797 3310 4848 mireris
3337 4811 3494 4862 super

1914 4921 1972 4956 ea
2002 4920 2053 4955 re
2074 4919 2090 4954 :
2115 4901 2238 4970 quia
2269 4896 2503 4950 excelsus
2541 4909 2697 4962 super
2734 4890 3000 4944 excelsum
3027 4886 3326 4941 custodiam
3360 4889 3493 4955 agit,

1913 5012 1959 5052 et
1989 4997 2178 5051 excelsi
2213 5009 2367 5063 super
2393 5007 2516 5044 eos:
2544 4999 2592 5043 et
2617 4988 2932 5058 praestantia
2957 4997 3131 5040 teme.
3157 4982 3328 5052 Super
3346 4998 3497 5034 omne

1916 5090 2027 5160 ipse
2056 5096 2131 5142 est
2159 5100 2249 5139 rex
2276 5083 2471 5153 regioni
2498 5081 2658 5135 culttz
2687 5078 2820 5150 (18).

1922 5381 2120 5448 plicat:
2155 5377 2312 5440 Cave,
2345 5393 2405 5428 ne
2427 5373 2619 5443 lingua:
2642 5374 2873 5444 [utilitas
2898 5385 3066 5429 totum
3089 5385 3137 5430 te
3162 5383 3377 5444 peccato
3413 5375 3499 5428 in—

1918 5451 2110 5590 voivliiii
2148 5518 2300 5582 Apud
2363 5516 2499 5572 LXX
2558 5518 2862 5590 legimus...
2913 5515 3018 5568 Τοῦ
3049 5514 3285 5590 Διξψεηλοίῖι
3323 5514 3503 5590 φυλᾴο

1923 5584 2160 5654 ξαί...ὀι
2193 5591 2298 5639 Καὶ
2330 5590 2614 5657 περίσσε-ια
2645 5588 2748 5654 γῆς
2783 5588 2876 5638 ἐπὶ
2898 5585 3059 5639 παντί
3094 5584 3504 5657 ἐστι-βασιλεὺς

1921 5653 2016 5713 τοῦ
2043 5657 2215 5730 ἀγροῦ
2238 5653 2638 5730 εἰργασμένου.
2662 5653 2884 5730 Ulytnp.
2929 5653 3381 5730 ‘Endeinlmlou
3405 5670 3505 5730 ιρυτ

1922 5723 2184 5820 λὰσσεςιζι.
2220 5723 2420 5783 Atlian.
2447 5723 2498 5784 in
2536 5730 2690 5799 Apol.
2729 5723 2795 5782 ad
2830 5723 3118 5784 Constant.
3156 5723 3277 5780 Kal.
3310 5723 3504 5794 ὑψηλοὶ

1926 5816 2009 5854 επ
2042 5816 2228 5869 αυτης.
