4192 6436
202 366 308 428 949

1282 376 1363 435 IN
1406 380 1979 445 ECCLESIASTEN.
2020 414 2087 427 α·-
2122 389 2268 449 LIB.
2311 391 2378 450 V.

3340 388 3444 452 950

194 476 457 570 αθυμίαν,
488 477 564 541 ὡς
586 478 876 550 ἀνωμάλου
912 483 1007 537 καὶ
1043 488 1461 557 συγκεχυμένης
1483 488 1650 561 οὔσης
1671 491 1771 561 τῆς

1879 496 1971 561 ris,
1998 513 2065 552 ne
2087 509 2198 553 tum
2238 500 2457 570 quidem
2492 499 2564 552 ita
2603 498 2788 552 animo
2822 497 3101 559 concidas,
3126 507 3185 551 ut
3216 496 3266 549 in
3295 507 3442 552 tanta

196 568 344 637 ζωῆς
379 569 492 622 τῶν
531 571 861 642 ἀνθρώπων,
894 577 990 629 καὶ⁹
1042 579 1272 647 μηδενὸς
1331 580 1485 644 δντος
1529 582 1624 635 τοῦ
1669 586 1769 652 ἐφ-

195 662 431 731 ορῶντος
447 662 623 717 ταῦτα
641 667 736 719 καὶ
761 667 1064 737 κρίνοντος.
1088 671 1248 726 Ἐστι
1270 675 1399 744 γὰρ,
1426 674 1574 729 ἔστιν
1596 677 1771 732 ἁπάν-

194 769 303 805 των
336 754 594 808 ἐπέκεινα
622 758 719 810 καὶ
746 759 966 813 πάντων
988 763 1193 834 όρατὴς
1241 765 1351 819 τῶν
1410 765 1769 837 ἀνθρωπίνων

195 842 358 913 ἔργον
397 847 490 898 καὶ
524 848 779 917 πράξεων
814 851 908 903 καὶ
929 854 1276 923 διοικήσεων,
1310 857 1339 908 ό
1368 856 1541 921 ἀΐδιος
1569 858 1770 929 δηλαδὴ

197 932 455 1002 βασιλεὺς
481 937 576 989 ἐπὶ
608 940 773 991 παντὶ
802 939 1086 1012 προσώπῳ
1121 942 1197 1013 τῷ
1223 943 1422 1015 δρῶντι
1446 946 1508 999 τὸ
1538 948 1703 1001 καλὸν
1737 949 1773 1018 ἢ

196 1026 258 1078 τὸ
289 1027 481 1092 κακὸν,
538 1030 730 1101 παρὼν
763 1034 856 1086 καὶ
900 1033 1135 1103 βλέπων,
1165 1036 1261 1089 καὶ
1311 1038 1483 1108 μηδὲν
1515 1040 1774 1111 παρορῶν

201 1120 327 1187 μηδ’
362 1122 708 1191 ἀτημέλητον
745 1125 929 1194 ἀφιείς
954 1143 968 1157 -
997 1127 1112 1179 ἀλλ’
1151 1131 1185 1194 ἢ
1214 1129 1360 1182 κατὰ
1403 1130 1498 1184 τὸν
1527 1133 1775 1201 παρόντα

200 1207 317 1277 βίον
347 1210 671 1280 ποιούμενος
721 1215 822 1287 τὴν
878 1218 1198 1287 ἐκδίκησιν,
1227 1220 1322 1273 ἅτε
1368 1221 1433 1291 δὴ
1473 1224 1570 1276 καὶ
1609 1243 1627 1275 ι
1662 1224 1774 1278 τῶν

199 1297 536 1369 ὲκδικήσεων
590 1305 797 1375 Κύριος
834 1305 930 1373 ὢν,
975 1309 1063 1380 »ἢ
1121 1311 1266 1364 κατὰ
1320 1312 1420 1382 τὴν
1468 1314 1774 1383 μέλλουσαν

202 1389 345 1459 ζωὴν
371 1393 763 1461 ἀνταποδιδοὺς
799 1418 817 1450 ι
849 1399 978 1463 Τοῖς
1000 1402 1122 1454 καθ’
1151 1403 1431 1472 ὑπομονὴν
1454 1405 1619 1475 ἔργου
1640 1407 1774 1474 ἁγα-

201 1482 297 1536 θοῦ
322 1484 480 1550 δόξαν
513 1490 609 1541 καὶ
635 1490 803 1561 τιμὴν
859 1494 953 1546 καὶ
981 1495 1298 1565 ἀφθαρσίαν
1342 1495 1590 1568 ζητοῦσι,
1629 1500 1775 1569 ζωὴν

200 1576 421 1632 αἰώνιον
448 1596 463 1612 ·
488 1584 608 1644 τοῖς
632 1583 690 1636 δὲ
715 1583 775 1648 ἐξ
818 1585 1063 1651 ἐριθείας
1105 1588 1201 1644 καὶ
1244 1589 1530 1644 ἀπειθοῦσι
1576 1591 1677 1662 μὲν
1708 1595 1772 1664 τῇ

200 1666 452 1740 ἀληθείᾳ,
487 1672 837 1743 πειθομένοις
870 1676 927 1729 δὲ
951 1680 1015 1747 τῇ
1047 1679 1250 1751 ἀδικίᾳ,
1285 1681 1456 1752 θυμὸς
1485 1685 1575 1737 καὶ
1610 1685 1772 1756 όργὴ,

201 1756 379 1851 θλίψις
408 1764 500 1815 καὶ
532 1768 867 1835 στενοχωρία
899 1770 993 1821 ἐπὶ
1044 1773 1223 1824 πᾶσαν
1274 1772 1453 1846 ψυχὴν
1485 1776 1774 1851 ἀνθρώπου

201 1850 293 1902 τοῦ
325 1854 800 1927 κατεργαζομένου
831 1860 893 1912 τὸ
923 1862 1115 1917 κακόν.
1134 1883 1172 1916 .›

276 2032 342 2085 Ὀ
380 2034 441 2087 δέ
474 2053 639 2106 φησιν
667 2039 695 2091 ό
738 2039 1200 2115 Ἐκκλησιαστὴς,
1239 2061 1258 2095 ι
1318 2045 1425 2098 Καὶ
1479 2045 1773 2117 περισσεία

201 2124 329 2193 γῆς,
371 2146 389 2178 ι
426 2129 488 2181 τὸ
513 2132 653 2184 κατά
684 2133 743 2185 τὸ
788 2134 987 2204 μᾶλλον
1034 2131 1177 2189 εἷναι
1230 2138 1358 2201 τοὺς
1406 2137 1778 2209 ὑψηλοτέρους

201 2220 259 2269 ὲν
293 2218 513 2291 ἐξουσίᾳ
537 2223 633 2274 καὶ
659 2222 951 2297 δυναστείᾳ
985 2226 1092 2279 τῶν
1121 2229 1406 2299 προτέρως
1432 2231 1778 2299 ἠδικηκότων

202 2310 296 2367 καὶ
341 2317 870 2386 συκοφαντησάντων
919 2320 1012 2372 τὸν
1060 2320 1287 2389 πένητα,
1326 2322 1463 2392 πρὸς
1516 2320 1615 2392 τὴν
1657 2323 1777 2377 κατ’

203 2400 382 2453 αὐτῶν
415 2405 780 2460 ἀνταπόδοσιν
832 2408 1243 2479 όργιλοτέρους,
1280 2413 1378 2464 καὶ
1430 2415 1532 2482 τὴν
1580 2413 1777 2485 προαί-

205 2508 359 2560 ρεσιν
434 2493 837 2560 ἐξοιδαίνοντας
903 2500 1000 2552 καὶ
1064 2500 1162 2570 τὴν
1221 2500 1453 2569 καρδίαν
1507 2503 1779 2572 φλεγμαί-

202 2599 413 2647 νοντας,
463 2585 540 2649 ὡς
590 2587 693 2656 γῆς
747 2589 1262 2660 ὲξογκωμένης,δι⁹
1293 2590 1359 2662 ἥν
1410 2591 1520 2662 ἔχει
1579 2609 1780 2664 περισ-

206 2676 379 2741 σείαν,
405 2678 540 2749 πρὸς
558 2681 681 2741 τοὺς
705 2681 1164 2753 χθαμαλωτέρους
1180 2681 1383 2754 δηλαδὴ
1403 2684 1624 2747 τόπους.
1651 2687 1782 2753 Elp-

204 2765 520 2835 τιισμένην
562 2769 619 2822 δὲ
666 2770 865 2839 χώραν
913 2771 1063 2824 τόνδε
1122 2771 1214 2824 τον
1264 2772 1469 2840 κόσμον
1504 2771 1778 2840 ὠνόμασε,

205 2858 419 2929 ποίημα
458 2859 674 2924 δεικνὺς
700 2862 864 2915 αὑτὸν
905 2863 1006 2933 τῆς
1051 2863 1474 2934 ἀγαθοπρεποῢς
1503 2851 1780 2937 ἀγαθότῆ-

204 2966 297 3013 τος
327 2952 423 3005 καὶ
459 2950 681 3023 βουλῆς,
708 2955 995 3024 μονονουχὶ
1027 2956 1200 3022 λέγων
1225 2973 1238 2986 ·
1270 2955 1345 3019 ὡς
1375 2955 1403 3008 ὁ
1425 2955 1657 3025 ποίησας
1688 2956 1780 3012 τδν

208 3041 421 3112 κόσμον
445 3044 614 3109 ἀΐδιος
637 3046 732 3099 καὶ
766 3047 1182 3117 παντοδύναμος
1197 3046 1453 3117 βασιλεὺς
1496 3048 1777 3117 πεφυκὼς,

1876 590 1998 642 vita:
2028 588 2309 645 hominum
2334 589 2699 661 inaequalitate
2729 605 2793 646 ac
2822 589 3146 645 confusione
3172 590 3443 645 neminem

1873 693 1994 734 esse
2030 675 2211 750 pu'tes,
2237 683 2329 752 qui
2360 683 2474 738 haec
2528 682 2781 752 inspiciat
2828 691 2995 751 atque
3032 679 3317 749 dijudicet.
3353 678 3446 732 Est

1873 772 2017 825 enim
2041 782 2299 842 praeterea
2321 776 2564 829 omnium
2591 787 2810 843 quoque
2833 772 3193 826 humanorum
3215 786 3443 840 operum

1873 871 1929 918 et
1952 862 2218 920 factorum
2244 882 2535 936 rerumque
2549 876 2824 937 gestarum
2852 864 3443 932 inspector,sempiter—

1875 970 1977 1012 nus
2001 958 2210 1013 scilicet
2241 974 2358 1022 rex,
2383 958 2476 1028 qui
2514 957 2726 1013 homini
2773 958 2972 1023 cuique
3005 955 3090 1011 vel
3126 955 3330 1010 bonum
3362 954 3444 1008 vel

1877 1049 2077 1102 malum
2105 1050 2340 1117 patranti
2360 1050 2533 1113 adest,
2558 1052 2848 1118 ipsumque
2868 1049 3131 1112 intuetur,
3160 1063 3259 1102 nec
3284 1049 3445 1117 quid-

1875 1151 2038 1206 quam
2066 1139 2473 1195 inobservatum
2508 1141 2885 1210 neglectumve
2919 1140 3317 1208 praetermittit;
3353 1152 3445 1192 ve-

1877 1246 1997 1285 rum
2025 1240 2120 1286 aut
2164 1234 2220 1286 in
2256 1232 2359 1285 hac
2400 1232 2507 1285 vita
2562 1231 2825 1286 ultionem
2889 1245 2956 1286 ex
3009 1244 3075 1284 eo
3127 1229 3299 1299 petit;
3328 1230 3446 1299 ipse

1874 1327 2021 1380 enim
2067 1336 2151 1380 est
2189 1343 2209 1376 ι
2262 1325 2531 1380 ultionum
2575 1326 2836 1382 Dominus
2863 1325 2947 1392 1‘;
2996 1345 3014 1378 ι
3054 1334 3149 1380 aut
3178 1326 3230 1378 in
3262 1324 3443 1378 futura

1874 1418 2182 1473 mercedem
2214 1416 2428 1472 reddit:
2464 1435 2483 1468 ι
2524 1418 2624 1483 lis,
2664 1419 2757 1487 qui
2792 1418 3093 1477 secundum
3128 1416 3443 1485 patientiam

1875 1511 2002 1565 boni
2035 1510 2219 1579 operis
2247 1510 2476 1581 gloriam
2508 1518 2563 1564 et
2586 1510 2849 1565 honorem
2889 1520 2945 1563 et
2975 1509 3439 1577 incorruptionem

1874 1609 2147 1672 quaerunt,
2175 1600 2343 1653 vitam
2400 1607 2696 1654 aeternam:
2727 1599 2798 1653 iis
2849 1609 3053 1665 autem,
3081 1598 3175 1667 qui
3224 1607 3352 1651 sunt
3380 1612 3444 1651 cx

1875 1690 2246 1755 contentione,
2282 1695 2337 1743 et
2372 1687 2469 1757 qui
2510 1702 2618 1741 non
2660 1688 3017 1757 acquiescunt
3053 1686 3290 1751 veritati,
3331 1701 3448 1739 cre-

1878 1784 2013 1836 dunt
2053 1791 2235 1839 autem
2275 1779 2573 1850 iniquitati,
2608 1780 2688 1834 ira
2712 1789 2764 1835 et
2807 1780 3130 1851 indignatio,
3165 1778 3445 1833 tribulatio

1878 1883 1930 1928 et
1960 1874 2211 1944 angustia
2262 1877 2316 1927 in
2345 1886 2561 1927 omnem
2612 1872 2849 1926 animam
2883 1870 3121 1926 hominis
3175 1869 3448 1940 operantis

1876 1967 2079 2021 malum
2104 1967 2169 2018 ".
2209 1983 2228 2016 ι

1952 2058 2113 2131 140
2144 2058 2301 2125 Quod
2332 2068 2515 2114 autem
2556 2058 2692 2113 dicit
2731 2056 3128 2112 Ecclesiastes:
3165 2073 3185 2107 ι
3215 2055 3280 2109 Et
3312 2070 3450 2124 prae-

1876 2152 2076 2206 stantia
2108 2159 2288 2215 terrae,
2325 2170 2343 2203 ι
2385 2150 2438 2205 id
2469 2151 2760 2220 signiﬁcat,
2781 2150 2875 2218 qui
2899 2150 3227 2202 auctoritate
3257 2158 3311 2203 et
3354 2163 3451 2217 po-

1877 2253 2068 2301 testate
2126 2244 2480 2300 sublimiorcs
2526 2252 2654 2299 sunt
2716 2243 2801 2309 iis,
2842 2242 2937 2312 qui
3002 2240 3156 2311 prius
3190 2240 3449 2310 injuriam

1877 2341 2101 2411 pauperi
2155 2340 2463 2394 intulerunt
2483 2338 2928 2405 calumniamque
2959 2336 3367 2405 instruxerunt,
3395 2332 3448 2385 in

1876 2431 2142 2488 sumenda
2161 2431 2229 2485 de
2254 2430 2341 2483 his
2373 2444 2532 2499 pinna
2573 2428 2746 2481 multo
2792 2424 3171 2480 iracundiores
3221 2436 3363 2487 esse,
3393 2429 3453 2474 ut

1879 2525 2123 2579 animum
2152 2520 2526 2585 tumefaciant,
2552 2527 2607 2575 et
2640 2521 2803 2575 corde
2833 2516 3256 2577 excandescant,
3280 2514 3453 2568 instar

1878 2625 2037 2672 terra:
2083 2615 2521 2679 intumescentis,
2567 2626 2691 2684 qua:
2740 2625 2933 2679 nempe
2972 2608 3063 2664 ubi
3115 2617 3323 2662 tractus
3354 2605 3454 2660 de-

1878 2710 2122 2782 pressior
2174 2718 2279 2775 est,
2318 2707 2483 2761 altius
2528 2702 2790 2775 turgescit
2823 2701 2957 2771 (2i).
2989 2699 3279 2753 Excultam
3322 2712 3454 2752 vero

1878 2804 2138 2874 regionem
2169 2801 2435 2856 mundum
2472 2801 2618 2853 hunc
2661 2795 2971 2867 appellavit,
2999 2794 3178 2863 ipsum
3220 2806 3451 2847 summa:

1879 2895 2137 2950 bonitatis
2164 2905 2219 2947 et
2263 2891 2487 2947 maximi
2541 2888 2757 2944 consilii
2788 2902 2929 2956 opus
2958 2901 3081 2941 esse
3138 2884 3454 2947 declarans,

1879 2986 2028 3040 velut
2060 2986 2105 3041 si
2135 2986 2359 3051 diceret,
2392 2984 2484 3054 qui
2521 2981 2785 3037 mundum
2832 2980 2983 3043 fecit,
3012 2987 3250 3033 aeternus
3288 2984 3455 3046 atque

1881 3076 2226 3147 omnipotens
2282 3091 2382 3130 rex
2437 3089 2563 3129 cum
2627 3073 2720 3138 sit,
2756 3071 2983 3131 minime
3041 3069 3193 3123 illum
3219 3082 3341 3137 quae
3367 3068 3457 3121 hic

207 3137 268 3189 οὐ
303 3136 608 3206 παρόψεται
642 3139 738 3201 τὰς
768 3140 825 3191 ἐν
870 3138 1021 3208 αὐτῷ
1056 3139 1350 3208 γινομένας
1394 3140 1778 3210 κακοπραγίας

1886 3171 2015 3223 liant
2068 3168 2211 3222 mala
2258 3167 2340 3221 vel
2408 3166 2573 3231 bona,
2622 3164 2999 3235 neglecturum
3030 3181 3046 3229 ;
3075 3170 3131 3216 at
3164 3161 3459 3228 unicuique

208 3228 244 3300 ἢ
273 3228 699 3299 δικαιοπραγίας
723 3244 737 3258 ⁸
770 3230 887 3284 ἀλλ’
924 3231 1141 3301 ἑκάστῳ
1182 3235 1324 3285 κατὰ
1361 3231 1423 3284 τὸ
1461 3231 1591 3285 ἴδιον
1623 3230 1783 3303 ἔργον

209 3322 499 3392 ποιήσεται
526 3323 622 3375 καὶ
666 3321 766 3384 τὰς
806 3322 1043 3389 ἀμοιῦἀς
1066 3338 1081 3355 ο
1114 3316 1158 3389 ᾧ
1198 3322 1485 3393 λατρεύειν
1519 3325 1679 3392 ἡμεῖς
1707 3326 1785 3376 εί-

210 3411 469 3483 λικρινῶς
496 3413 589 3467 καὶ
618 3411 857 3485 γνησίως
892 3413 1312 3484 σπουδάσωμεν,
1340 3414 1436 3468 καὶ
1466 3413 1526 3467 τὸ
1555 3415 1785 3487 ἀρεστὸν

211 3501 443 3556 ἐνώπιον
484 3504 652 3557 αὑτοῦ
704 3507 879 3560 ποιεῖν
922 3504 1219 3568 διαπαντὸς
1265 3503 1619 3576 βουληθῶμεν
1649 3525 1661 3538 θ
1697 3507 1782 3559 ἵνα

210 3594 310 3645 καὶ
339 3594 447 3648 τῶν
477 3596 713 3649 αίωνίων
771 3597 990 3665 ἀγαθῶν
1034 3596 1383 3668 ἁξιωθῶμεν,
1415 3599 1507 3651 καὶ
1540 3598 1640 3667 τὴν
1671 3599 1782 3651 τῶν

211 3686 462 3755 οὐρανῶν
500 3687 781 3757 βασιλείαν
827 3687 1332 3759 κληρονομήσωμεν
1368 3690 1425 3740 ἐν
1471 3688 1618 3759 αὐτῷ
1647 3690 1781 3759 Χρι-

212 3774 324 3843 στῷ
350 3774 428 3845 τῷ
454 3776 573 3846 Θεῴ
601 3776 761 3847 ἡμῶν
780 3792 793 3805 ⁸
822 3771 866 3844 ᾧ
897 3781 931 3846 ἡ
957 3777 1083 3841 δόξα
1108 3779 1202 3829 καὶ
1241 3776 1303 3829 τὸ
1331 3777 1535 3849 κράτος
1569 3769 1666 3831 σῦδν
1704 3780 1785 3848 τῷ

213 3868 616 3939 παντοκράτορι
648 3870 825 3940 Πατρὶ
858 3870 951 3922 καὶ⁹
983 3854 1063 3938 τῷ
1094 3868 1348 3941 παναγίῳ
1366 3870 1459 3922 καὶ
1476 3870 1665 3939 ἀγαθῷ
1690 3871 1787 3924 καὶ

213 3953 466 4027 ζωοποιῷ
497 3958 801 4028 Πνεύματι,
827 3959 922 4014 νῦν
951 3961 1043 4013 καὶ
1077 3960 1166 4013 ἀεὶ
1195 3960 1386 4024 καὶείς
1420 3960 1546 4024 τοὺς
1578 3962 1786 4026 αἰῶνας

210 4047 323 4101 τῶν
361 4047 593 4105 αίώνων.
638 4050 833 4125 Ἀμήν.

288 4166 489 4221 “Psal.
515 4181 669 4232 xcnl,
690 4167 742 4221 1.
821 4169 864 4199 ³⁸
883 4169 1042 4223 ltom.
1065 4185 1129 4235 ιι,
1152 4168 1205 4234 7,
1225 4167 1281 4223 8.

288 4258 402 4329 (Ἦ)
444 4257 618 4315 verba
652 4262 866 4333 illam!
888 4264 1176 4333 περίσσεια
1206 4261 1309 4331 γῆς
1351 4257 1638 4333 coniungit
1668 4255 1779 4311 No-

213 4338 329 4384 ster
378 4328 502 4402 cum
547 4328 1014 4402 prazcedentibu's,
1057 4328 1777 4402 itaquefinterpretationem

212 4397 672 4471 comminiscitur,
709 4417 831 4470 quae
884 4404 937 4456 in
996 4397 1193 4471 magno
1255 4397 1614 4471 interpretum
1669 4397 1781 4451 dis-

214 4482 382 4541 sensu
414 4470 709 4538 probabilis
730 4468 900 4539 plane
937 4480 1057 4526 cst:
1091 4468 1415 4541 'prazsertim’
1446 4468 1591 4538 quod
1652 4482 1783 4541 ora-

216 4538 423 4611 tionem
477 4556 587 4594 non
636 4537 946 4611 abrumpat.
987 4557 1052 4596 ac
1100 4537 1419 4611 sequentem
1454 4537 1784 4611 sententiain

214 4608 444 4680 adjuvet
453 4619 518 4680 get
547 4607 858 4666 connectat'.
882 4613 1020 4665 Nam
1065 4611 1157 4665 alii
1179 4607 1418 4680 'quidem
1447 4608 1527 4662 sic
1553 4607 1785 4680 explica-

217 4686 379 4731 runt:
416 4677 585 4732 Nemo
611 4698 713 4735 non
737 4681 1066 4735 abundanter
1090 4677 1257 4735 vivere
1279 4687 1449 4748 potest
1476 4693 1542 4731 ea:
1578 4678 1789 4729 cultura

218 4756 397 4810 terra,
426 4749 637 4803 etiamsi
687 4766 779 4805 rea:
823 4754 937 4817 sit;
976 4752 1083 4814 vel,
1115 4749 1332 4804 Eximia
1363 4748 1597 4817 dignitas
1632 4755 1786 4799 terra:

215 4832 379 4886 super
404 4820 585 4874 omnia
611 4829 714 4877 est.
745 4820 858 4875 Rea:
893 4816 1022 4893 agro
1050 4822 1209 4875 servit
1234 4836 1254 4884 ;
1290 4827 1405 4884 aut,
1427 4816 1555 4871 Rea:
1575 4825 1787 4884 propter

1882 3276 1948 3314 ex
1998 3273 2157 3330 aequo
2215 3273 2338 3327 quae
2395 3255 2675 3318 meruerit,
2738 3254 3077 3309 redditurum
3111 3252 3261 3324 (22):
3295 3267 3455 3321 quem

1868 3366 1984 3413 .nos
2038 3350 2249 3420 puriter
2281 3350 2603 3417 sincereque
2648 3346 2826 3401 colere
2857 3346 3198 3405 Studeamus,
3232 3344 3457 3398 demus-

1881 3456 1988 3510 que
2015 3456 2261 3509 operam,
2293 3449 2355 3496 ut
2392 3455 2514 3509 qua:
2571 3438 2647 3492 illi
2692 3436 2934 3507 jucunda
2988 3445 3137 3498 sunt,
3198 3444 3459 3505 perpetua

1883 3534 2161 3588 voluntate
2209 3543 2567 3602 praestemus;
2621 3540 2679 3584 ut
2733 3530 2955 3585 aeternis
3019 3528 3225 3598 dignati
3276 3527 3457 3592 bonis,

1883 3625 2123 3679 caelestis
2188 3624 2339 3693 regni
2410 3624 2783 3678 haareditatem
2861 3622 3125 3676 adeamus
3170 3634 3295 3673 cum
3342 3619 3460 3687 ipso

1882 3717 2106 3772 Christo
2161 3716 2270 3771 Deo
2317 3725 2527 3772 nostro.
2562 3716 2665 3771 Cui
2699 3715 2873 3786 gloria
2897 3725 2953 3769 et
3005 3713 3293 3783 imperium
3333 3727 3459 3767 cum

1884 3810 2261 3879 omnipotente
2284 3808 2444 3863 Patre
2470 3818 2526 3863 et
2566 3815 2763 3863 sancto
2820 3809 3074 3875 bonoque
3102 3822 3166 3861 ac
3200 3807 3322 3859 vita:
3365 3818 3462 3858 au-

1889 3910 2040 3955 ctore
2071 3900 2302 3969 Spiritu,
2332 3916 2478 3957 nunc
2520 3910 2573 3955 et
2606 3914 2821 3970 semper
2849 3906 2904 3954 et
2935 3899 2989 3953 iu
3033 3897 3235 3954 saecula
3285 3911 3463 3952 saecu-

1889 3992 2087 4046 lorum.
2117 3992 2310 4047 Amen.

1877 4275 2068 4328 agrum
2096 4259 2266 4327 factus
2289 4268 2366 4313 est
2388 4276 2407 4323 ;
2432 4268 2485 4313 et
2524 4259 2862 4328 hujusmodi,
2904 4277 3028 4330 quae
3081 4261 3310 4318 nimium
3346 4280 3460 4334 pro-

1878 4328 2019 4383 lecto
2048 4344 2076 4381 a
2110 4330 2356 4386 proximo
2390 4338 2713 4386 argumento
2755 4329 2977 4386 abeunt.

1951 4344 2019 4383 :lO
2048 4344 2076 4381 a
2110 4344 2356 4397 proximo
2390 4344 2713 4397 argumento
2755 4344 2977 4387 abeunt.

1951 4399 2062 4467 rei)
2080 4399 2204 4451 Haec
2227 4413 2357 4452 vero
2377 4413 2442 4452 ex
2459 4398 2833 4468 Olympiodori
2854 4402 3121 4455 sententia
3141 4402 3284 4456 dicta
3307 4413 3457 4468 sunt,

1880 4469 1974 4541 qui
2005 4470 2080 4541 ait
2107 4488 2120 4523 :
2148 4468 2363 4541 Ὥσπερ
2387 4468 2511 4541 τινὰ
2535 4468 2868 4541 παράδεισον
2914 4472 3005 4541 τὸν
3033 4471 3230 4524 ἑαυτοῦ
3255 4474 3460 4541 κόσμον

1880 4540 1909 4591 ό
1942 4538 2074 4611 Θεὸς
2137 4537 2595 4611 καλλιτεχνήσας,
2623 4537 2943 4611 ίτᾼοῦςὲαυτοῦ
2974 4540 3153 4611 ἀγροῦ
3175 4537 3455 4611 βασιλεύει

1884 4609 1979 4679 καὶ
2002 4609 2223 4677 προνοεῖ
2254 4626 2268 4660 :
2303 4606 2477 4679 tuest,
2500 4608 2666 4672 Quasi
2687 4608 2997 4679 vgiridarium
3017 4606 3283 4679 quoddam
3305 4627 3460 4664 multo

1895 4678 2021 4749 dum
2047 4675 2058 4677 ἡ
2080 4693 2235 4730 suum
2288 4675 2580 4749 Deusrcun’i
2596 4677 2892 4749 perfecerit,
2933 4675 3047 4749 agri
3078 4682 3160 4734 sui
3182 4683 3456 4735 dominum

1894 4747 2007 4816 agit
2038 4757 2088 4800 et
2117 4762 2298 4799 curam
2339 4748 2491 4815 gerit.
2545 4747 2699 4816 (Ibid.
2732 4762 2786 4817 p.
2814 4747 2918 4802 636
2952 4747 3037 4815 (Σ.)

1004 4955 3446 4983 W

1332 5058 1699 5147 ΛΟΓΟΣ
1772 5053 2352 5143 ΠΕΜΠΤΟΣ.

1335 5323 1694 5411 LIBER
1770 5313 2342 5425 QUINTUS.

1799 5500 1895 5632 ᾗ.

294 5683 559 5757 Ἇγαπῶν
586 5680 871 5751 ἀργύριον
900 5681 971 5734 οὐ
1008 5677 1433 5747 πλησθήσεται
1462 5678 1746 5746 ἀργυρίου
1777 5697 1778 5702 ‘

1974 5670 2127 5743 141
2165 5666 2329 5721 νειιε-
2358 5664 2443 5728 ίοι
2477 5662 2557 5715 U-
2596 5660 2700 5726 Qui
2727 5660 2904 5731 diligit
2935 5668 3209 5731 argentum
3231 5677 3336 5714 non
3367 5660 3470 5715 im-

222 5780 323 5835 καὶ
356 5753 445 5842 τις
476 5776 792 5846 ἠγάπησεν
816 5772 884 5827 ἐν
906 5772 1121 5839 πλήθει
1155 5770 1340 5827 αὐτοῦ
1383 5770 1468 5839 rh
1490 5786 1669 5837 νημα,
1699 5785 1774 5822 κα

1907 5762 2133 5819 vlebitur
2172 5767 2426 5826 argento:
2466 5766 2513 5811 et
2552 5756 2668 5825 quis
2712 5753 2898 5809 dilexit
2925 5755 2977 5808 iu
3001 5753 3336 5810 multitudine
3356 5755 3469 5821 eius
