4192 6436
200 339 298 400 953

1262 336 1340 395 ιχ
1390 335 1970 398 ECCLESIASTEN.
2015 365 2082 376 -
2131 340 2276 400 LIB.
2318 342 2386 401 V.

3329 340 3432 405 954

200 454 334 506 πᾶσι
367 453 480 515 τοϊς
513 449 876 520 κεκτημένοις
905 445 1054 517 ἔχειν
1085 447 1183 515 τῆς
1202 448 1459 516 ἀνδρείας
1495 448 1597 517 τὴν
1638 446 1770 500 καύο
1801 478 1811 507 λ

1922 450 2036 503 γοιίο
2060 461 2224 522 atque
2257 453 2532 507 fructuum
2577 454 2788 524 copiam
2838 455 3014 510 oculis
3042 456 3157 509 suis
3185 467 3433 510 contem-

202 560 383 614 χησιν,
413 545 472 595 ὲν
505 541 585 611 τῷ
617 543 777 609 μόνον
802 541 1022 608 δέρκειν
1074 541 1185 601 τοῖς
1238 539 1537 607 ὀφθαλμοῖς
1591 538 1771 590 αὐτῶν

206 634 263 686 τδ
295 633 499 701 πλῆθος
531 631 629 684 τοῦ
659 630 926 701 ἀργυρίου
962 629 1059 682 καὶ
1084 628 1178 681 τοῦ
1211 629 1559 697 γεννήματος
1579 643 1592 657 ·
1614 628 1775 681 τοῦτο

203 722 312 792 γὰρ
337 722 606 791 ἐδήλωσεν
631 719 802 772 είπών
825 734 837 747 ·
867 735 887 768 ι
918 718 1026 770 Καὶ
1056 718 1141 778 τίς
1165 715 1388 787 ἀνδρεία
1416 716 1553 785 παρ’
1580 715 1774 781 αὐτῆς,

203 815 288 868 ὅτι
318 812 434 865 ἀλλ’
465 812 498 881 ἢ
523 812 583 864 τὸ
612 812 745 881 ὀρᾷν
775 808 1078 879 ὀφθαλμοῖς
1112 806 1317 873 αὐτοῦς
1356 825 1377 858 ι

276 898 390 968 Τὴν
421 898 476 950 δὲ
516 896 773 966 τοιαύτην
835 894 1065 966 ἐκδοχὴν
1122 894 1468 964 παρεμπεδοῐ
1522 893 1664 946 κατά
1717 892 1777 945 τὸ

210 984 412 1057 μᾶλλον
437 987 465 1038 ὁ
494 986 794 1055 Σύμμαχος
838 982 1033 1049 εἰπὼν,
1064 1002 1083 1035 ι
1116 983 1181 1035 Τί
1225 982 1334 1053 γὰρ
1382 981 1776 1052 ἀνδραγάθημα

207 1076 287 1146 τῷ
315 1077 498 1146 ἔχοντι
520 1075 710 1140 αὑτὸν,
734 1077 784 1127 εί
810 1074 884 1145 μὴ
914 1076 1077 1144 μόνον
1108 1073 1317 1144 θεωρία
1361 1070 1661 1141 ὀφθαλμῶν
1683 1072 1778 1124 αὑ-

207 1168 354 1232 τῶνς
383 1165 483 1238 τὴν
513 1169 578 1219 ὲκ
606 1166 702 1219 τοῦ
728 1166 796 1219 τὰ
838 1164 1064 1218 τοιαῦτα
1123 1164 1341 1234 βλέπειν
1386 1163 1582 1233 τέρψιν
1634 1162 1778 1231 ἔχειν

207 1258 458 1327 οἰόμενος
484 1259 565 1320 είς
592 1257 864 1326 καύχησιν
891 1254 989 1307 καὶ
1016 1255 1370 1325 παράκλησιν
1395 1255 1498 1324 τῆς
1515 1253 1778 1325 ἀνηλεοῦς

208 1350 387 1421 ψυχῆς
426 1347 594 1403 αὑτοῦ
620 1348 714 1403 καὶ
742 1345 1007 1416 φειδωλοῦ
1045 1345 1271 1417 καρδίας
1291 1362 1305 1376 ·
1343 1347 1463 1398 ἐκεῖ
1491 1345 1584 1397 καὶ
1616 1344 1780 1413 μόνος

212 1442 605 1514 εὑρισκόμενος
634 1441 774 1511 ἔχων
805 1441 904 1510 τὴν
929 1438 1212 1509 ἀσχολίαν.
1255 1438 1390 1491 ὅπου
1419 1437 1529 1490 τῶν
1564 1434 1782 1505 χρημά-

211 1553 321 1590 των
355 1536 452 1589 καὶ
480 1535 589 1589 τῶν
617 1534 979 1603 γεννημάτων
1008 1533 1159 1586 ἐστὶν
1191 1531 1221 1583 ὁ
1248 1529 1523 1601 θησαυρὸς
1555 1527 1783 1597 ἀποκεί-

216 1643 401 1696 μενος,
430 1626 507 1689 ὠς
536 1626 672 1697 μηδὲ
711 1624 996 1679 καθεύδειν
1028 1623 1200 1694 χωρὶς
1236 1621 1553 1690 ἀδολεσχίας
1578 1620 1667 1672 τὸν
1696 1621 1784 1671 λου

214 1719 418 1790 γισμὸν
434 1720 527 1782 καὶ
553 1717 837 1789 μοχθηρᾶς
860 1716 1135 1786 μερίμνης
1153 1730 1166 1743 ⁸
1193 1713 1376 1777 καθὼς
1399 1716 1455 1766 ἐν
1476 1715 1587 1774 τοῖς
1611 1712 1781 1779 E517-

1873 543 2106 610 plentur.
2146 545 2205 598 Id
2223 548 2369 600 enim
2395 545 2634 602 ostendit
2654 548 2984 615 subjiciens:
3024 566 3043 598 ι
3077 546 3140 602 Ει
3169 562 3291 618 qua:
3321 546 3434 600 ler-

1874 629 2048 684 titudo
2079 632 2151 696 ei,
2176 636 2269 702 qui
2304 636 2373 689 ab
2400 636 2504 689 ea?
2538 652 2666 691 num
2719 637 2826 692 alia
2858 653 3022 713 quam
3061 638 3241 693 videre
3260 638 3435 694 oculis

1873 722 2036 775 suis?
2070 743 2089 775 ι

1944 899 2127 963 Talem
2178 918 2306 958 vero
2354 892 2858 975 interpretationem
2910 904 3084 976 magis
3118 902 3439 971 comprobat

1879 990 2264 1061 Symmachus,
2291 995 2382 1064 qui
2415 995 2517 1048 ait:
2561 1015 2580 1045 ι
2628 994 2845 1064 Ecquod
2884 994 3030 1048 enim
3059 993 3278 1047 virtutis
3311 1006 3437 1060 spc-

1876 1085 2053 1138 cimen
2085 1086 2137 1138 in
2168 1102 2251 1147 eo.
2276 1087 2368 1156 qui
2401 1086 2501 1139 iSta
2532 1087 2790 1155 possidet,
2827 1094 3188 1156 praeterquam
3216 1094 3274 1138 ut
3309 1099 3441 1138 ocu—

1878 1176 1946 1229 lis
1983 1176 2097 1231 suis
2133 1178 2374 1245 spectct?
2410 1196 2428 1228 ι
2467 1179 2604 1230 Cum
2657 1177 2703 1232 is
2767 1178 2893 1232 talia
2948 1177 3246 1245 spectando
3299 1177 3440 1230 hanc

1878 1262 1982 1315 sibi
2014 1271 2256 1330 paratam
2323 1265 2651 1331 voluptatem
2691 1270 2858 1331 putet,
2890 1274 2950 1319 ut
3001 1266 3220 1335 gloriari
3253 1279 3438 1318 secum

1879 1358 1934 1404 et
1983 1351 2244 1403 itumitem
2281 1352 2523 1405 animum
2555 1367 2716 1407 suum
2768 1368 3104 1421 avarumque
3160 1352 3439 1422 ingenium

1881 1453 2130 1495 recreare
2159 1442 2370 1510 possit:
2405 1442 2657 1511 idemque
2708 1443 3123 1511 occupationem
3171 1457 3440 1511 nusquam

1883 1531 2081 1586 habere
2111 1531 2382 1596 videatur,
2405 1532 2504 1586 nisi
2532 1533 2622 1586 ubi
2651 1533 2921 1601 sepositus
2944 1542 3024 1585 est
3047 1546 3208 1600 opum
3247 1539 3300 1584 et
3324 1546 3445 1598 pro-

1887 1632 2140 1678 ventunm
2190 1624 2482 1678 thesaurus
2539 1632 2597 1676 ut
2645 1640 2712 1677 ne
2774 1638 2870 1693 per
2927 1638 3176 1677 somnum
3225 1623 3444 1692 quidem

1886 1716 2165 1785 quiescere
2232 1730 2385 1769 mens
2408 1715 2581 1783 possit
2614 1715 2731 1769 sine
2782 1715 3150 1769 sollicitudine
3199 1715 3469 1783 malaque

214 1784 417 1879 γελίοις
444 1784 805 1879 κατηγγειλεν
834 1784 872 1861 δ
895 1784 1101 1877 Κύριος
1134 1808 1316 1876 φήσας
1343 1822 1355 1836 ·
1389 1824 1408 1857 ι
1451 1805 1624 1856 Ὅπου
1676 1803 1785 1874 γάρ

1922 1820 2053 1870 uta;
2084 1806 2539 1874 quemadmodum
2567 1807 2619 1859 in
2649 1806 2953 1874 Evangeliis
2986 1805 3249 1859 Dominus
3272 1821 3448 1859 enun-

217 1900 494 1971 θησαυρὸς
520 1900 698 1968 ὑμῶν,
735 1900 855 1951 ἐκεῖ
900 1897 1057 1951 ἔσται
1102 1896 1199 1950 καὶ
1227 1897 1261 1965 ἡ
1312 1893 1510 1965 καρδία
1554 1892 1725 1961 ὑμῶν.
1770 1911 1788 1943 ι

218 1992 321 2047 Διά
350 1989 511 2044 τοῦτό
542 2007 711 2061 φησιν
758 1991 788 2043 ὁ
826 1987 1262 2057 Ἑκκλησιαστής
1291 2005 1305 2016 ο
1337 2004 1357 2037 ι
1399 1984 1509 2037 Καί
1540 2000 1602 2050 γε
1630 1982 1792 2036 τοῦτο

225 2083 531 2152 ματαιότης
553 2097 566 2110 ·
607 2100 628 2134 ι
662 2081 764 2149 τὴν
805 2080 1063 2150 ἀνόνητον
1106 2077 1349 2132 διάθεσιν
1381 2076 1485 2130 καὶ
1519 2075 1792 2144 μηδεμίαν

221 2175 560 2229 λυσιτέλειαν
612 2173 842 2245 ἔχουσαν
889 2172 1262 2244 παρεμφήνας
1300 2169 1391 2223 διὰ
1430 2170 1530 2238 τῆς
1563 2167 1791 2237 ματαιό-

222 2277 405 2339 τητος.
440 2264 577 2322 Εἶτά
605 2284 772 2337 φησιν
792 2283 807 2299 °

1883 1896 2060 1960 tiavit,
2093 1913 2215 1951 cum
2240 1896 2413 1951 dixit:
2450 1916 2468 1948 ι
2511 1896 2612 1952 Ubi
2648 1898 2794 1951 enirn
2821 1899 3109 1952 thesaurus
3140 1907 3339 1961 vester,
3376 1896 3448 1949 ibi

1884 1999 1935 2043 et
1960 2004 2053 2042 cor
2082 1999 2316 2044 vestrum
2337 1991 2440 2043 erit
2462 1990 2529 2042 ”.
2559 2008 2577 2040 ι
2598 1990 2891 2058 Propterea
2919 1989 2994 2043 ait
3054 1988 3407 2043 Ecclesiastes
3431 2006 3444 2041 :

1892 2101 1909 2133 ι
1948 2081 2052 2136 Sed
2081 2092 2134 2135 et
2170 2082 2274 2135 hoc
2299 2087 2548 2146 vanitas;
2589 2100 2608 2132 ι
2660 2082 2873 2135 inanem
2913 2081 3180 2150 ejusmodi
3218 2096 3451 2150 propen-

1886 2172 2091 2226 sionem
2122 2180 2178 2225 et
2211 2172 2391 2226 omnis
2422 2171 2669 2226 utilitatis
2707 2164 2861 2242 1&3
2898 2182 3170 2241 expertem
3221 2172 3456 2241 appel'a-

1882 2264 2030 2316 tione
2065 2263 2323 2317 vanitatis
2351 2263 2663 2333 designans.
2701 2265 2865 2317 Addit
2893 2263 3091 2317 deinde
3125 2281 3140 2317 :

1785 2374 1813 2445 ς
1852 2375 1915 2431 ιι.

304 2497 542 2564 Γλυκὺς
562 2497 754 2562 ὕπνος
800 2496 906 2549 τοῦ
960 2494 1210 2555 δούλου,
1243 2495 1295 2547 εὶ
1345 2494 1577 2561 ὀλίγον,
1611 2492 1708 2545 καί
1745 2496 1799 2546 εὶ

228 2590 388 2645 πολὺ
431 2589 677 2658 φάγεται
703 2586 846 2639 υκαι
874 2583 954 2650 τῷ
992 2584 1403 2652 ἐμπλησθέντι
1448 2584 1555 2638 τοῦ
1611 2588 1800 2637 πλου-

230 2679 449 2747 τῆσαι,
496 2681 607 2732 οὐκ
650 2678 823 2731 ἐστιν
886 2679 920 2729 ό
965 2674 1161 2741 ὀφίων
1205 2672 1394 2727 αὑτὸν
1441 2672 1549 2727 τοῦ
1601 2673 1801 2727 ibin-cii-

245 2787 368 2825 σαι.

316 2863 621 2932 Ἐξελὲγχει
657 2862 751 2915 καὶ
780 2860 877 2915 νῦν
911 2856 1087 2925 αὖθις,
1123 2860 1213 2914 διὰ
1243 2859 1341 2928 τῆς
1385 2856 1682 2928 δνομασῖας
1703 2854 1799 2907 τοῦ

231 2955 424 3009 δούλου
449 2955 543 3006 καὶ
573 2956 673 3023 τῆς
703 2953 1062 3023 συγκρίσεως,
1088 2952 1194 3004 τῶν
1226 2948 1569 3018 ἀγαπώντων
1606 2946 1666 2999 τὸ
1697 2948 1798 3016 ἁρ-

1914 2552 1921 2557 ,
1969 2495 2131 2551 Vens.
2170 2497 2253 2551 l2.
2284 2496 2465 2550 Dulcis
2488 2514 2701 2552 somnus
2729 2499 2881 2563 servi,
2907 2499 3012 2552 sive
3033 2497 3326 2568 paululum,
3354 2498 3461 2551 sive

1898 2588 2121 2641 multum
2165 2591 2489 2643 comederit:
2521 2600 2569 2643 et
2605 2592 2673 2655 ei,
2724 2592 2812 2660 qui
2863 2601 3135 2644 saturatas
3202 2600 3277 2643 est
3328 2590 3462 2643 dite-

1894 2679 2103 2742 sceudo,
2134 2696 2236 2734 mm
2267 2692 2343 2734 est
2377 2683 2466 2750 qui
2492 2683 2629 2735 sinat
2667 2683 2837 2751 ipsum
2864 2684 3095 2735 dormire
3126 2681 3262 2752 (‘35).

1970 2862 2123 2918 Nunc
2152 2879 2367 2934 quoque
2393 2866 2532 2918 servi
2566 2866 2783 2921 nomine
2801 2873 2853 2918 et
2877 2864 3286 2930 comparatione
3310 2877 3463 2925 usus,

1905 2956 2248 3026 reprehendit
2310 2971 2528 3011 rursum
2578 2956 2672 3026 qui
2703 2957 2998 3026 cupiditate
3030 2954 3339 3024 inexplebili
3374 2970 3468 3022 pe-

236 3046 427 3117 γύριον
447 3045 543 3097 καὶ
586 3044 647 3097 τὸ
687 3044 934 3113 γέννημα
989 3043 1109 3095 κατ’
1141 3039 1438 3110 ἐπιθυμίαν
1482 3038 1802 3106 ἀκόρεστον,

1922 3049 2122 3101 :uniaut
2190 3056 2242 3099 et
2308 3045 2520 3101 fructus
2582 3058 2789 3110 amant,
2829 3056 2991 3116 atque
3022 3047 3158 3100 adeo
3186 3060 3464 3113 nunquam

235 3141 335 3194 καὶ
360 3139 448 3193 διὰ
478 3136 638 3191 τοῦτο
670 3135 937 3207 μηδαμῶς
966 3132 1398 3204 ἐμφορουμένων
1423 3145 1436 3158 ·
1465 3128 1539 3190 ὡς
1566 3126 1659 3179 τοῦ
1687 3124 1805 3178 δού-

235 3233 354 3296 λου,
382 3229 484 3284 κᾶν
512 3227 686 3299 βραχύ
716 3242 770 3278 τι
796 3224 939 3295 λάϐῃ
972 3223 1205 3295 τροφῆς,
1251 3220 1352 3274 κάν
1381 3220 1462 3282 εἰς
1492 3215 1809 3289 πλησμονὴν

233 3320 383 3373 κατά
415 3336 537 3372 τινα
594 3317 892 3387 σύμϐασιν,
922 3314 1078 3384 ἡδέος
1125 3314 1278 3374 ὄντος
1335 3310 1428 3363 τοῦ
1466 3309 1637 3362 ὕπνου
1662 3325 1675 3338 °
1713 3307 1807 3362 ἆτε

237 3410 305 3482 δὴ
337 3410 521 3481 πάσης
576 3406 892 3476 ἀδολεσχίας
943 3403 1363 3473 ἀπηλλαγμένου
1407 3401 1501 3453 καὶ
1549 3401 1810 3470 περιττῆς

241 3501 543 3573 φροντίδος.
572 3500 647 3552 Οὐ
678 3499 786 3570 γὰρ
825 3499 904 3560 είς
948 3496 1073 3558 τοὺς
1106 3492 1571 3563 ὲναποκειμένους
1610 3492 1667 3544 ὲν
1698 3488 1810 3553 τοῖς

240 3589 515 3661 ταμιείοις
544 3587 639 3641 τοῦ
668 3587 931 3657 ἀργυρίου
983 3587 1077 3638 καὶ
1106 3583 1199 3637 τοῦ
1234 3582 1459 3653 χρυσίου
1505 3580 1811 3649 θησαυροὺς

242 3684 342 3736 καὶ
376 3682 487 3733 τῶν
541 3680 717 3735 ἄλλων
764 3679 873 3731 τῶν
922 3675 1217 3729 πολυειδῶν
1240 3677 1486 3743 κτήσεων
1509 3674 1609 3741 τὴν
1646 3672 1811 3723 ποσό-

239 3791 385 3845 τητα
414 3773 509 3826 καὶ
535 3771 743 3840 πληθὺν
772 3768 1089 3827 ἀποϐλέπει,
1115 3766 1200 3819 ἵνα
1224 3763 1667 3833 συμπιεζομένην
1692 3763 1813 3813 ἐπι-

245 3864 550 3934 φερόμενος
578 3861 680 3930 τὴν
730 3859 956 3930 καρδίαν
993 3860 1115 3919 ταῖς
1161 3857 1439 3917 τοιαύταις
1486 3854 1813 3922 ὲνθυμήσεσι

245 3956 345 4008 καὶ
376 3953 688 4024 μερίμναις,
717 3948 1008 4019 ὲναγὼνιός
1041 3951 1178 4009 ἐστι,
1211 3949 1306 4000 καὶ
1347 3944 1443 3998 τοῦ
1472 3943 1641 3998 ὕπνου
1668 3959 1808 3993 παν-

242 4045 419 4109 τελῶς
450 4042 851 4113 ἀπαράδεκτος,
895 4039 973 4108 τῷ
1009 4035 1248 4107 πλουσίῳ
1287 4032 1718 4104 παραπλησίως.
1757 4030 1816 4082 ὃν

245 4133 649 4207 χαρακτηρίζει
674 4131 769 4185 καὶ
786 4127 952 4184 Δαδὶδ
980 4130 1009 4182 ὀ
1038 4128 1329 4198 προφήτης
1363 4123 1530 4177 είπών
1560 4138 1576 4153 ο
1605 4139 1624 4172 ι
1666 4121 1820 4173 Ἡδο-

245 4225 511 4295 λέσχησα,
546 4222 637 4275 καὶ
666 4218 1043 4289 ὠλιγοψύχησε
1078 4217 1139 4269 τὸ
1170 4213 1387 4283 πνεῦμά
1434 4228 1557 4282 μου,
1581 4224 1819 4279 προκατ-

245 4314 506 4371 ε“.ἀ6οντο
563 4311 807 4380 φύλακας
840 4310 890 4363 οί
927 4307 1197 4378 ὀφθαλμοί
1252 4321 1375 4375 μου.
1410 4323 1428 4355 ι
1463 4303 1572 4356 Καὶ
1608 4300 1771 4356 πάλιν
1803 4319 1815 4331 ·

1908 3140 2212 3193 Satiantur:
2253 3153 2375 3191 eum
2410 3153 2653 3201 .sarvus,
2688 3139 2801 3192 sive
2856 3138 3049 3207 raptim
3103 3138 3206 3192 cibi
3268 3136 3469 3205 aliquid

1907 3229 2221 3297 sumpserit,
2258 3229 2369 3283 sive
2412 3231 2736 3298 quandoque
2776 3228 2841 3282 ad
2898 3228 3223 3291 satietatem,
3264 3208 3473 3295 placide

1907 3323 2132 3374 omnino
2161 3322 2417 3383 dormiat,
2448 3323 2645 3389 quippe
2676 3321 2768 3388 qui
2806 3320 3175 3374 Sollicitudine
3220 3319 3368 3372 omni
3410 3334 3475 3372 ac

1909 3411 2181 3479 superﬂua
2218 3426 2346 3464 cura
2384 3411 2453 3463 sit
2481 3411 2632 3464 liber.
2686 3409 2871 3475 Neque
2918 3409 3059 3463 enim
3101 3408 3370 3477 repnsitos
3421 3408 3473 3460 in

1911 3499 2264 3553 conclavibus
2304 3497 2512 3566 argenti
2568 3510 2731 3566 atque
2759 3497 2882 3549 auri
2919 3497 3205 3551 thesauros
3235 3505 3288 3547 et
3317 3505 3479 3549 cauc-

1911 3604 2094 3643 rorum
2131 3590 2264 3641 varii
2324 3590 2538 3657 generis
2568 3587 2835 3640 bonorum
2879 3587 2983 3639 vim
3022 3601 3275 3654 magnam
3305 3595 3360 3638 et
3383 3600 3478 3639 co-

1912 3681 2055 3750 piam
2090 3689 2290 3742 tuetur,
2316 3680 2473 3747 cujus
2503 3676 2579 3731 rei
2612 3692 2775 3730 eausa
2807 3676 3049 3729 animum
3096 3685 3246 3745 gerat
3276 3675 3482 3743 cogita-

1913 3772 2156 3826 tionibus
2206 3771 2514 3839 bujnsmodi
2546 3777 2712 3838 atque
2760 3767 2913 3822 curis
2941 3782 3264 3835 Oppressum
3284 3808 3299 3832 ,
3327 3776 3382 3820 et
3410 3767 3481 3820 ob

1914 3861 2317 3917 contentionem
2373 3874 2625 3913 somnum
2678 3871 2876 3926 capere
2925 3856 3131 3909 nullum
3170 3855 3364 3924 possit,
3400 3856 3482 3908 di-

1916 3952 2009 4006 viti
2048 3952 2122 4005 illi
2145 3951 2362 4014 similis,
2400 3965 2561 4018 quem
2609 3956 2662 4001 et
2700 3948 2865 4001 David
2902 3946 3165 4016 propheta
3204 3946 3481 4009 describit,

1917 4044 2009 4099 ubi
2040 4043 2149 4098 ait:
2180 4062 2197 4093 ι
2229 4042 2568 4096 Exercitatus
2593 4052 2738 4103 Sum,
2758 4048 2812 4093 et
2829 4039 3025 4093 defecit
3047 4038 3273 4107 spiritus
3296 4051 3482 4091 mens:

1918 4136 2350 4204 anticipaverunt
2411 4132 2620 4202 vigilias
2680 4129 2825 4183 oculi
2880 4130 2967 4183 nei
2993 4130 3061 4182 “.
3101 4146 3119 4178 ι
3154 4129 3210 4180 ΕΙ
3241 4128 3481 4180 iterum:

1926 4246 1944 4278 ι
1981 4226 2150 4279 Nocte
2179 4240 2302 4278 cum
2327 4223 2489 4277 corde
2516 4236 2637 4275 meo
2672 4220 2987 4282 exercebar,
3011 4230 3067 4273 et
3086 4218 3357 4272 l'odiebam
3376 4218 3486 4285 spi-

1926 4319 2087 4372 ritum
2117 4330 2296 4370 tnenm
2321 4317 2364 4348 "
2382 4313 2585 4380 ;tcuris
2612 4314 3015 4380 circumseptus
3046 4325 3226 4365 rerum
3245 4311 3493 4376 omnige-~

255 4427 276 4460 ι
322 4405 535 4467 Νυκτὸς
570 4402 710 4473 μετά
760 4401 862 4472 τῆς
891 4399 1115 4470 καρδίας
1179 4414 1279 4468 μου
1331 4394 1697 4465 ὴδολὲσχουν,
1730 4392 1811 4445 καλ

1928 4426 2145 4475 narum,
2186 4422 2324 4476 quas
2378 4420 2574 4474 magna
2604 4404 2869 4457 varietate
2895 4402 3167 4471 sepositas
3204 4396 3488 4453 habebam.

248 4496 512 4551 ἔσκαλλον
547 4495 609 4548 τὸ
634 4494 852 4564 πνεῦμά
884 4508 1009 4562 μου,
1055 4509 1074 4541 ι
1109 4492 1227 4552 ταῖς
1279 4488 1409 4558 περὶ
1460 4486 1565 4539 τῶν
1594 4487 1819 4538 ἀποκει-

254 4588 439 4661 μένων
464 4570 819 4643 παντοδαπῶν
841 4585 936 4635 καὶ
968 4580 1230 4634 ποικίλων
1256 4579 1411 4633 εἰδῶν
1451 4574 1699 4647 φροντίσι
1731 4591 1825 4627 πε-

255 4678 726 4752 ριστοιχούμενος.
759 4673 933 4727 Τοῦτο
965 4674 1074 4743 γὰρ
1116 4673 1358 4740 ὲσήμανε
1415 4670 1508 4722 καὶ
1542 4666 1637 4721 νῦν
1672 4667 1701 4718 ὁ
1735 4682 1823 4718 σο-

255 4772 362 4843 φὸς
399 4764 833 4838 Ἑκκλησιαστὴς
869 4764 1076 4819 εἰπών·
1113 4782 1132 4814 ι
1172 4762 1279 4814 Καὶ
1328 4760 1406 4831 τῷ
1454 4756 1826 4828 ἐμπλησθέντι

252 4863 358 4917 τοῦ
378 4861 681 4931 πλουτῆσαι
702 4858 803 4911 οὐκ
822 4855 937 4909 ἐστι
961 4858 989 4910 ὁ
1008 4853 1182 4921 ἁφίων
1200 4852 1362 4905 αὐτὸν
1385 4850 1479 4904 τοῦ
1506 4848 1773 4902 ύπνῶσαι.
1804 4866 1822 4899 ι

269 4953 341 5005 Ἠ
370 4952 476 5021 γὰρ
503 4950 603 5018 τῆς
630 4946 854 5018 καρδίας
878 4943 1166 5011 ἀδολεσχία
1192 4941 1289 4993 καὶ
1322 4939 1429 4991 τῶν
1461 4936 1831 5006 διαλογισμῶν

257 5045 323 5099 αἱ
352 5040 631 5112 φροντίδες
656 5040 715 5091 ού
774 5033 1149 5106 συγχωροῦσιν
1177 5032 1344 5085 αὑτὸν
1377 5028 1663 5083 καθεύδειν
1695 5026 1837 5097 μετᾶ

258 5136 365 5203 τῆς
392 5129 713 5202 πρεπούσης
749 5125 1081 5196 ὶλευθερίας.
1113 5123 1277 5175 Ὥστε
1321 5121 1525 5191 μᾶλλον
1569 5119 1677 5172 τῶν
1725 5118 1840 5171 δού-

259 5225 375 5277 λων
398 5224 448 5274 ol
472 5219 703 5274 τοιοῦτοι
744 5216 1068 5288 θητεύοντες
1097 5213 1357 5285 εὕρηνται
1398 5214 1490 5265 καὶ
1519 5209 1731 5281 χείρους
1758 5207 1841 5261 δν-

259 5331 363 5377 τες
385 5311 631 5366 ἐκείνων.

240 5509 249 5517 .
341 5468 593 5523 "Matth.
624 5465 809 5531 Vt,2l.
844 5463 885 5495 ⁸⁸
924 5461 1065 5517 Psal.
1103 5476 1291 5522 LXXVI,
1326 5459 1376 5511 5.
1458 5457 1498 5489 ¹⁹
1530 5455 1663 5510 ibid.
1704 5453 1757 5506 7.

345 5577 458 5645 (25)
486 5574 702 5647 Qlymp.
735 5575 765 5626 ὁ
795 5573 990 5647 ἀφιεὶς-
1027 5570 1123 5647 τοῦ
1143 5566 1619 5647 ,ὑπνῶσ-αιαύτδν.

344 5638 455 5717 (9.6)
500 5638 681 5717 Ut'itni-
712 5638 899 5717 eodem
952 5640 1468 5717 Ecciesiastaedicto
1517 5638 1836 5717 Chrysosto:

275 5709 547 5781 ntus.'sed
567 5715 633 5768 ad
662 5714 1009 5768 sobrietatem
1039 5709 1543 5781 commendandam,
1574 5716 1734 5781 atque
1773 5710 1834 5755 ut

276 5774 476 5845 divites
512 5786 681 5840 servis
733 5785 1043 5839 miseriores
1073 5782 1345 5843 ostendat,
1370 5777 1570 5847 quibus
1597 5774 1821 5833 scrlicet,

1926 4503 2041 4555 Hoc
2060 4504 2204 4555 enim
2241 4496 2559 4565 signiﬁcavit
2591 4511 2733 4549 nunc
2763 4496 2926 4549 etiam
2966 4493 3181 4562 sapiens
3222 4489 3493 4545 Ecclesia-

1922 4604 2035 4650 stes
2082 4592 2187 4646 illis
2218 4590 2429 4645 verbis:
2460 4606 2479 4640 ι
2524 4587 2586 4641 Ει
2618 4587 2691 4649 ei,
2746 4586 2838 4656 qui
2888 4592 3165 4639 saturatus
3218 4590 3304 4636 est
3348 4582 3492 4634 dite-

1927 4685 2151 4749 sccudo,
2204 4697 2310 4736 non
2341 4690 2425 4736 est
2454 4687 2546 4749 qut
2580 4680 2726 4735 sinat
2757 4680 2934 4747 ipsum
2967 4674 3222 4729 dormire.
3255 4691 3274 4724 ι
3314 4672 3495 4725 Animi

1930 4789 2164 4846 namque
2190 4772 2628 4831 exercitationes,
2664 4779 2717 4823 et
2762 4767 3174 4822 meditationum
3224 4778 3369 4818 cura:
3400 4764 3509 4816 mi.-

1930 4870 2075 4921 nizi.e
2140 4865 2462 4935 patiuntur,
2530 4870 2589 4914 ut
2640 4873 2874 4920 somno,
2938 4863 3199 4925 quantum
3254 4859 3501 4920 Oportcat

1929 4969 1982 5012 et
2036 4957 2198 5021 velit,
2259 4953 2556 5023 indulgeat.
2627 4947 2807 5014 Quare
2889 4946 3186 5001 deteriores
3243 4942 3297 4996 hi
3352 4952 3501 5005 sunt,

1933 5065 2094 5119 quam
2126 5046 2268 5101 servi
2322 5045 2446 5115 ipsi,
2470 5052 2526 5099 et
2576 5041 2892 5098 servitutem
2941 5037 3209 5096 serviunt.
3248 5032 3504 5088 miserio-

1938 5154 2052 5193 rem
2084 5137 2195 5207 (26)

1935 5560 2063 5631 quia
2094 5554 2402 5631 modumin
2454 5551 2617 5631 rebus
2639 5562 2762 5631 _non
2802 5537 3511 5631 servantlipsa

2081 5604 2523 5683 eoin—modaittulli
2565 5619 2963 5686 oblectamento
2990 5604 3136 5686 suni.
3170 5604 3344 5686 ddici
3375 5604 3507 5670 γὰρ,

2086 5676 2331 5766 patrimi.
2363 5688 2800 5766 o_£o).opt‘ov_=’~
2841 5679 3143 5765 ὖκνονβοῦ.
3175 5676 3364 5766 δούλου
3383 5688 3511 5758 ’φη-

2360 5743 2383 5828 ;Ῠ
2406 5757 2513 5831 ἆρα
2539 5743 2624 5811 δίἀ
2651 5757 2748 5826 τὴν
2773 5751 3066 5824 στρωμνὴν
3094 5746 3190 5819 τὴν
3222 5743 3436 5810 ἁπαλήν
3463 5758 3478 5805 ;
