4192 6436
166 388 270 450 957

1234 402 1311 461 1N
1349 403 1932 466 ECCLESIASTEN.
1973 435 2043 443 --
2079 412 2224 471 LIB.
2260 414 2326 474 V.

3316 413 3423 476 958

168 515 322 561 rem,
359 498 547 564 οὕτως
577 502 671 552 καὶ
701 505 1158 569 παρελεύσεται.
1190 511 1297 562 Καὶ
1340 513 1427 576 τίς
1472 512 1510 577 ἡ
1546 526 1747 578 περισ-

1857 529 1938 566 ttes
1962 517 2069 569 dies
2095 517 2207 585 ejus
2233 521 2286 572 in
2313 522 2537 575 tenebris
2559 532 2607 575 et
2638 523 2693 575 in
2714 523 2858 575 luctu
2879 531 2926 575 et
2951 520 3228 574 iracundia
3256 523 3425 576 multa

163 592 303 643 Gela
328 592 537 656 αὐτοῦ,
566 588 606 664 ᾗ
640 596 857 662 μοχθεῖ
894 600 981 661 εἰς
1022 599 1281 668 ἅνεμογ;
1317 605 1417 655 καί
1456 620 1521 672 τε
1556 604 1747 658 πᾶσαι

164 689 226 740 αι
269 687 480 755 ἡμέραι
513 687 701 741 αὑτοῦ
729 688 798 740 ὲν
839 690 1048 744 σκότει
1076 694 1173 745 καὶ
1212 693 1283 747 ἐν
1319 695 1521 748 πένθει
1553 696 1650 748 καὶ
1681 695 1749 747 ἐν

166 776 332 846 θυμῷ
362 777 575 844 πολλῷ
606 779 705 832 καὶ
749 780 1049 848 ἀρῤωστίᾳ
1084 784 1183 836 καὶ
1235 787 1418 852 χόλῳ.

238 869 349 938 Τὴν
396 869 748 939 ἀνθρωπίνην
791 876 1222 944 παραφροσύνην
1269 878 1362 929 καὶ
1403 877 1745 942 δυσϐουλίαν,

166 957 235 1009 δι’
270 954 336 1027 ἧς
366 960 417 1010 οἱ
453 960 674 1024 πλείους
706 964 840 1034 πρὸς
870 962 906 1016 ἀ
937 963 1013 1034 μὴ
1049 963 1211 1034 θέμις
1243 967 1622 1035 ἐκτρέπονται,
1655 968 1751 1021 καὶ

171 1050 406 1119 μόχθους
460 1053 768 1123 μοχθηροὺς
816 1056 1187 1125 ἀναδέχονται,
1243 1058 1339 1109 καὶ
1373 1058 1576 1120 κόπους
1622 1061 1750 1112 ἀναν

164 1142 336 1195 τλῶσι
371 1144 653 1207 παντελῶς
684 1148 998 1215 ἀνονήτους,
1030 1149 1125 1201 καὶ
1168 1150 1537 1219 τληπαθοῦσιν
1571 1152 1749 1217 ἀσυμ-

169 1234 353 1303 φόρως
402 1236 495 1287 καὶ
538 1237 809 1306 περιττῶς
858 1238 995 1307 πρὸς
1049 1239 1305 1308 οὐδεμίαν
1350 1241 1749 1305 ἀποϐλέποντες

168 1325 528 1392 λυσιτέλειαν,
565 1329 883 1399 ἀρρωστίαν
931 1330 1051 1402 ἦτοι
1085 1332 1238 1384 νόσον
1266 1332 1446 1402 ψυχῆς
1480 1336 1749 1403 προσαγό-

170 1433 386 1486 ρευσεν.
428 1418 641 1487 Ὥσπερ
688 1419 798 1488 γὰρ
841 1420 903 1471 τὸ
951 1420 1114 1490 σῶμα
1161 1422 1220 1472 τὸ
1253 1422 1596 1492 ἀνθρώπινον
1644 1424 1751 1477 ἀπό

168 1526 313 1572 τινος
336 1509 644 1581 ὑπερϐολῆς
674 1510 707 1581 ἢ
742 1510 1031 1579 ἐλλείψεως
1063 1513 1170 1565 τῶν
1200 1515 1575 1568 συνιστώντων
1600 1516 1751 1585 αὐτῷ

170 1601 363 1670 χυμῶν
393 1602 650 1670 χαλεποῖς
683 1603 1008 1674 περιπίπτει
1034 1606 1332 1675 νοσήμασι,
1356 1607 1451 1659 καὶ
1478 1608 1565 1660 διὰ
1593 1608 1751 1660 τοῦτο

171 1695 435 1765 κέχρηται
480 1697 781 1766 τηνικαῦτα
812 1698 904 1748 καὶ
934 1701 1161 1768 τροφαῖς
1195 1700 1589 1768 ἀκαταλλήλως
1610 1719 1621 1730 ·
1656 1701 1751 1754 ἆτε

168 1788 234 1854 δὴ
292 1788 389 1851 τὰς
442 1790 694 1859 συνήθεις
747 1789 841 1842 καὶ
894 1789 1196 1855 λυσιτελείς
1248 1794 1458 1863 τροφάς
1506 1794 1595 1847 διὰ
1651 1795 1751 1864 τὴν

169 1879 478 1949 μεταϐολὴν
510 1880 611 1949 τῆς
664 1883 903 1951 φυσικῆς
938 1882 1104 1946 ἕξεως
1135 1884 1334 1952 ἥκιστα
1366 1886 1746 1955 προσιέμενον,

169 1970 467 2023 κάντεῦθεν
512 1970 811 2040 προσαύξει
873 1972 1075 2041 μᾶλλον
1130 1974 1223 2025 καὶ
1270 1975 1596 2043 προστίθησι
1651 1976 1747 2039 τὰς

150 2061 349 2124 αἰτίας
380 2062 490 2114 τῶν
520 2063 848 2131 νοσημάτων
869 2078 883 2091 ·
935 2062 1078 2116 οὕτω
1108 2064 1203 2116 καὶ
1238 2064 1385 2135 ψυχὴ
1434 2083 1749 2137 παρεκτρα-

166 2156 335 2207 mica
367 2154 460 2207 ita!
494 2157 882 2226 παραρῤυεῖσα
925 2157 1035 2209 τῶν
1066 2157 1481 2227 καθεστηκυιῶν
1510 2160 1747 2228 φρενῶν,

164 2243 414 2307 ἀϐούλως
451 2246 683 2315 πράττει
712 2246 874 2299 τοῦτο
904 2248 1125 2300 κάκεῖνο
1158 2248 1295 2318 πρὸς
1328 2248 1480 2301 οὐδὲν
1512 2249 1749 2303 ἀποϐλέ-

163 2352 345 2388 πουσα
372 2336 524 2398 τέλος
555 2337 901 2407 ὀνησιφόρον.
954 2338 1016 2390 Εἰ
1043 2338 1174 2408 γὰρ,
1212 2339 1400 2407 φησιν,
1432 2340 1748 2411 ἀποθησαυ-

165 2428 378 2499 ρίξεται
418 2429 517 2498 μὲν
555 2430 584 2480 6
617 2428 849 2492 πλοῦτος
882 2430 987 2483 ὑπὸ
1018 2430 1116 2482 τοῦ
1159 2432 1615 2502 συναθροίσαντος
1648 2432 1747 2484 a6-

162 2520 296 2583 τὸν,
349 2521 437 2574 διὰ
492 2522 705 2592 μυρίων
761 2522 975 2591 μόχθων
1025 2524 1117 2575 καὶ
1165 2524 1351 2577 κόπων
1399 2525 1490 2577 καὶ
1545 2524 1750 2594 πολλῆς

164 2612 484 2681 φειδωλίας,
519 2614 834 2684 εὑρίσκεται
870 2614 926 2666 δὲ
954 2614 1351 2685 ταμιευόμενος
1381 2616 1647 2678 πολλάκις
1671 2618 1751 2680 εἰς

162 2701 414 2755 κάκωσιν
442 2701 536 2754 τοῦ
566 2702 934 2770 φυλάσσοντος
968 2703 1202 2773 (κακίαν
1228 2706 1337 2773 γάρ
1376 2707 1475 2775 τὴν
1506 2706 1749 2761 κάκωσιν

162 2794 453 2865 προδήλως
484 2792 791 2864 ὠνόμασεν)
813 2809 826 2822 ⁸
860 2789 979 2847 εἶτα
1013 2794 1321 2866 πειρασμοῦ
1345 2814 1491 2860 τινος
1509 2798 1751 2867 συμϐάν-

163 2903 284 2951 τος,
312 2886 566 2947 ἀπώλετο
592 2885 885 2956 δεξάμενος
915 2887 1014 2957 τὴν
1047 2888 1128 2948 εἰς
1152 2887 1347 2949 ἄλλους
1379 2891 1749 2957 μετάπτωσιν,

154 2970 267 3032 καὶ
312 2978 519 3047 γυμνὸν
552 2979 645 3030 τὸν
686 2978 1393 3050 κεκτημένον-καταλιπὼν
1438 2981 1532 3033 καὶ
1573 2981 1754 3051 πάσης

167 3068 620 3138 ἀπεστερημένον
652 3066 1024 3137 παραμυθίας.
1060 3069 1130 3120 ’Ἡ
1159 3068 1267 3137 γὰρ
1298 3069 1514 3121 ἐκείνου
1550 3069 1754 3141 φθορη-

1848 619 1897 660 ει
1930 610 2182 681 languore
2206 625 2255 667 et
2282 618 2491 671 insania
2522 617 2656 687 (9.7).

1923 877 2232 934 Humanam
2264 881 2636 951 insipientiam
2662 895 3089 952 perversumque
3110 877 3423 939 consilium,

1850 987 2082 1040 quorum
2135 990 2300 1028 causa
2353 974 2597 1044 plerique
2649 974 2715 1027 ad
2767 972 2954 1026 illicita
3006 978 3421 1029 convertuntur,

1851 1060 2168 1131 laboresque
2202 1064 2469 1132 pessimos
2513 1064 2842 1132 suscipiunt,
2892 1071 2946 1114 et
2990 1058 3271 1112 molestias
3302 1072 3423 1109 om-

1851 1153 1985 1207 nino
2015 1154 2238 1209 inutiles
2272 1156 2527 1217 tolerant,
2565 1169 2798 1223 cumque
2831 1153 3041 1207 nullum
3085 1151 3243 1219 plane
3273 1163 3428 1201 com-

1852 1246 2074 1298 modum
2123 1255 2389 1315 spectent,
2435 1247 2669 1299 inaniter
2705 1259 2767 1299 ac
2796 1256 3133 1311 supervacue
3163 1238 3428 1293 alllictan-

1852 1345 1960 1400 tur,
2026 1340 2342 1407 languorem
2398 1340 2511 1392 sive
2585 1339 2752 1392 animi
2812 1337 3060 1389 morbum
3116 1331 3425 1400 appellavit.

1851 1429 2320 1494 Quemadmodum
2369 1432 2515 1483 enim
2557 1445 2758 1498 corpus
2810 1429 3112 1480 humanum
3146 1424 3428 1476 exhumo-

1826 1533 1995 1579 orum,
2026 1518 2118 1585 qui
2150 1518 2201 1570 in
2234 1532 2300 1570 eo
2331 1517 2538 1581 insunt,
2572 1531 2804 1571 excessu
2836 1514 3074 1583 quodam
3103 1510 3185 1564 vel
3215 1508 3427 1563 defertu

1854 1610 1906 1662 in
1947 1607 2196 1661 dilliciles
2239 1608 2426 1660 incidit
2458 1607 2704 1666 morbos,
2738 1617 2900 1672 atque
2928 1603 2998 1656 ob
3040 1617 3135 1655 eos
3172 1600 3428 1656 alimenta

1852 1700 2064 1770 appetit
2114 1700 2339 1751 minime
2380 1699 2609 1762 idonea;
2643 1698 2788 1766 quod
2823 1709 3016 1763 nempe
3056 1698 3346 1746 consuetos
3378 1697 3432 1741 et

1852 1792 2013 1846 utiles
2036 1789 2192 1844 cibos
2215 1787 2423 1843 affecta:
2449 1788 2779 1842 valetudinis
2802 1785 3176 1840 imbecillitate
3205 1778 3429 1835 minime

1851 1883 2110 1947 admittit,
2162 1892 2325 1951 atque
2372 1880 2510 1935 adeo
2541 1890 2703 1949 anget
2752 1880 2927 1944 magis
2962 1893 3026 1931 ac
3076 1888 3247 1929 novas
3282 1872 3432 1927 addit

1853 1976 2167 2030 morborum
2222 1990 2419 2028 causas
2469 1991 2482 2027 :
2544 1974 2624 2027 sic
2678 1983 2732 2027 et
2784 1972 3001 2025 animus
3056 1979 3428 2023 transversum

1851 2080 2029 2131 actus,
2087 2067 2176 2121 ubi
2237 2067 2491 2119 stabilem
2548 2065 2763 2120 consilii
2815 2063 3128 2117 ﬁrmitatem
3162 2059 3429 2121 amiserit,

1852 2170 2053 2215 temere
2093 2161 2194 2214 hoc
2231 2167 2284 2212 ct
2335 2158 2467 2212 illud
2519 2157 2849 2227 aggreditur,
2913 2168 3088 2222 neque
3141 2151 3429 2205 utilitatem

1852 2255 2017 2308 ullam
2049 2251 2385 2322 propositam
2427 2250 2608 2305 habet.
2641 2249 2771 2302 Nam
2808 2249 2854 2302 si
2887 2262 3040 2317 opes,
3084 2245 3282 2312 inquit,
3315 2258 3433 2296 ma-

1851 2346 1973 2416 gnis
2010 2344 2130 2414 ejus
2167 2344 2445 2398 laboribus
2493 2343 2585 2411 qui
2636 2341 2902 2409 congerit,
2936 2348 2989 2392 et
3020 2338 3218 2392 sudore
3260 2335 3434 2389 multo

1851 2454 1915 2493 ac
1943 2436 2281 2507 parcimonia
2316 2443 2705 2503 comparantur
2736 2452 2750 2486 :
2799 2447 2940 2500 saepe
2973 2431 3132 2485 etiam
3162 2430 3214 2482 in
3248 2437 3433 2482 custo-

1849 2531 1934 2584 dis
1968 2529 2261 2598 perniciem
2319 2526 2572 2596 seposita:
2607 2525 2988 2593 reperiuntur;
3047 2522 3244 2574 malum
3288 2521 3429 2574 enim

1851 2622 2139 2677 manifesto
2184 2636 2282 2691 pro
2333 2620 2563 2689 pernicie
2598 2618 2921 2685 usurpavit:
2959 2625 3072 2670 turn
3135 2614 3435 2668 teutatione

1844 2715 2034 2781 aliqua
2081 2711 2286 2777 oblata,
2343 2719 2561 2779 repente
2607 2708 2944 2775 dispereunt,
2991 2705 3332 2759 transmissae
3365 2702 3434 2756 ad

1853 2805 2011 2867 alios,
2042 2792 2276 2871 eumque
2329 2799 2385 2853 in
2420 2801 2579 2867 cujus
2622 2799 2897 2867 mancipio
2935 2805 3112 2861 erant,
3146 2796 3351 2849 nudum
3382 2805 3436 2848 et

1854 2898 2003 2951 omni
2040 2896 2235 2950 solatio
2283 2894 2534 2946 orbatum
2593 2891 2929 2961 relinquunt.
2980 2889 3089 2942 Aut
3134 2888 3301 2950 enim,
3344 2886 3435 2939 illo

1854 2990 1925 3044 ob
1954 2990 2100 3058 ipsas
2126 2988 2345 3041 divitias
2374 2987 2749 3041 circumvento
2771 2996 2825 3040 et
2854 2985 3146 3039 calumniis
3170 2996 3436 3052 oppresw

1856 3081 2153 3150 capitisque
2195 3079 2476 3141 damnato,
2521 3086 2789 3146 quantum
2841 3074 3075 3129 habebat
3110 3088 3272 3142 apum
3306 3087 3436 3141 pro--

168 3160 358 3222 θέντος
404 3162 501 3213 καὶ
552 3162 1057 3231 συκοφαντηθέντος
1104 3162 1191 3216 διὰ
1243 3163 1336 3215 τὸν
1369 3162 1622 3227 πλοῦτον,
1660 3163 1752 3215 καὶ

1857 3174 2134 3236 scribitur,
2160 3180 2220 3226 et
2258 3172 2437 3241 regios
2472 3171 2525 3224 in
2574 3171 2735 3224 ﬁscos
2784 3167 3066 3222 infertur:
3124 3174 3218 3219 aut
3244 3166 3432 3218 eodem

166 3253 274 3320 τὴν
304 3252 539 3321 ἐσχάτην
561 3252 834 3323 τιμωρίαν
865 3253 1316 3323 κατακριθέντος,
1348 3253 1622 3324 ἐδημεύθη
1658 3255 1753 3307 καὶ

167 3345 287 3404 τοῖς
338 3342 639 3410 βασιλικοῖς
674 3342 938 3413 ἐνεϐλήθη
978 3342 1250 3412 ταμιείοις
1282 3344 1310 3396 6
1338 3342 1558 3408 προσὼν
1602 3343 1754 3414 αὐτῷ

170 3432 405 3497 πλοῦτος
426 3450 440 3463 ·
472 3434 504 3504 ἢ
536 3434 811 3505 πειρατῶν
839 3436 933 3487 καὶ
957 3434 1172 3505 λῃστῶν
1204 3435 1413 3503 ἐφόδοις
1440 3436 1534 3489 καὶ
1562 3436 1755 3505 λεηλα-

173 3526 322 3587 σίαις
348 3527 776 3596 κατηντηκότος,
808 3527 902 3578 καὶ
932 3526 1219 3593 γεγονότος
1264 3525 1296 3596 ἢ
1340 3526 1503 3596 ἔργου
1547 3528 1755 3597 αἰχμῆς

170 3617 208 3686 ἢ
242 3616 479 3670 θανάτου
515 3617 886 3686 φευκτοτέρας
918 3618 1224 3687 ἀπαγωγῆς
1257 3617 1351 3669 καὶ
1387 3617 1650 3681 δουλείας,
1678 3618 1754 3688 τῷ

173 3707 449 3776 συμϐάντι
487 3707 777 3778 πειρασμῷ
815 3709 909 3762 καὶ
937 3712 1000 3779 τῇ
1032 3708 1262 3781 τοιαύτῃ
1291 3711 1547 3780 συμφορᾷ
1576 3710 1670 3762 καὶ
1694 3709 1754 3761 τὸ

170 3796 273 3850 τοῦ
305 3798 536 3851 πλούτου
572 3799 823 3851 πλεῖστον
872 3798 1179 3866 συναπῆλθε
1226 3800 1320 3853 καὶ
1372 3800 1754 3871 συμμετῆλθεν

171 3891 259 3951 εἰς
286 3890 384 3950 τὰς
416 3890 640 3942 ἐκείνων
676 3892 883 3960 χεῖρας.
912 3889 1068 3959 Τάχα
1090 3891 1147 3943 δὲ
1174 3890 1433 3944 καὶκατὰ
1466 3908 1585 3944 τινα
1617 3893 1754 3961 σύμ-

173 3977 338 4030 ϐασιν
367 3980 650 4045 γεγονότος
678 3980 1012 4050 ἐμπρησμοῦ
1038 4021 1053 4045 ,
1095 3982 1218 4033 κατ’
1264 3980 1415 4034 οὐδὲν
1444 3978 1608 4053 ἦττον
1652 3984 1757 4035 ἁπ-

173 4070 348 4121 ὡλετο
378 4070 800 4142 συμφλεχθεὶςῆ
830 4071 1102 4141 συληθεὶς,
1139 4074 1233 4125 καὶ
1264 4074 1293 4124 6
1320 4072 1549 4136 πλοῦτος
1583 4090 1758 4141 πεφυ-

172 4161 452 4229 λαγμένος
498 4162 578 4224 είς
612 4161 855 4214 κάκωσιν
894 4163 988 4214 καὶ
1040 4161 1221 4230 θλίψιν
1264 4161 1359 4214 τοῦ
1410 4163 1756 4233 κτησαμένου

174 4254 277 4307 καὶ
300 4254 514 4322 ἔχοντος
544 4252 685 4306 κατά
716 4253 815 4323 τὴν
848 4255 1185 4327 ἀρρωστίαν,
1212 4255 1279 4325 ἣν
1306 4249 1463 4308 εἶπεν
1494 4254 1620 4308 ίδείν
1652 4256 1759 4309 ὑπὸ

173 4346 272 4399 τὸν
298 4346 447 4415 ἥλιον
475 4348 503 4398 6
532 4346 692 4413 σοφὸς
729 4346 1187 4417 Ἐκκλησιαστής.
1313 4330 1319 4336 “

256 4440 318 4491 Εἰ
344 4440 399 4491 δὲ
425 4438 519 4491 καὶ
546 4438 714 4510 μηδὲν
742 4438 985 4508 συμϐαίη
1012 4438 1274 4502 τοιοῦτον,
1296 4439 1412 4491 ἀλλ’
1432 4440 1582 4492 ἐστιν
1611 4441 1760 4510 αὐτῷ

1858 3264 1911 3317 in
1962 3264 2260 3333 piratarum
2308 3260 2538 3315 insidias
2588 3269 2642 3314 ct
2698 3260 3013 3330 praedonum
3068 3256 3435 3310 incursionem

1855 3356 2128 3425 prolapso,
2158 3369 2223 3407 ac
2256 3353 2310 3405 iu
2346 3368 2526 3422 pugna
2556 3353 2762 3418 occiso,
2790 3353 2894 3416 vel,
2946 3348 3106 3421 146
3145 3347 3290 3418 quod
3327 3348 3438 3415 (28)

1856 3457 2033 3501 morte
2085 3446 2327 3502 deterius
2382 3456 2504 3512 est,
2557 3445 2612 3498 in
2669 3444 2987 3499 servitutem
3046 3442 3317 3505 abducto,
3384 3441 3438 3493 in

1856 3541 1974 3609 ipso
2032 3540 2277 3609 periculo
2329 3550 2382 3593 et
2440 3539 2752 3593 calamitate
2800 3552 2925 3605 pars
2977 3550 3139 3604 opum
3201 3534 3440 3587 maxima

1856 3628 2207 3698 disperditur,
2243 3637 2297 3682 et
2345 3628 2399 3681 in
2450 3628 2668 3681 illorum
2731 3626 2979 3697 pervenit
3034 3641 3251 3679 manus.
3304 3623 3440 3677 For-

1860 3731 2006 3774 tasse
2057 3720 2221 3773 etiam
2275 3734 2407 3773 casu
2465 3720 2649 3788 aliquo
2700 3725 2893 3772 exorto
2952 3716 3226 3779 incendio,
3268 3715 3440 3768 nihilo

1860 3811 2036 3866 secius
2070 3820 2295 3880 pereunt
2332 3811 2413 3864 vel
2447 3812 2567 3879 igne
2606 3809 2908 3876 absumpta:
2932 3808 3015 3860 vel
3043 3806 3266 3873 direpta:
3300 3805 3439 3858 divi-

1859 3902 1966 3965 tite,
2021 3916 2362 3969 quaecunque
2410 3912 2637 3954 servatae
2690 3898 2904 3951 fuerant
2963 3897 3015 3949 in
3056 3895 3351 3963 perniciem
3388 3902 3441 3947 cl.

1858 3992 2161 4046 cruciatum
2200 3991 2343 4059 ejus,
2394 3990 2487 4059 qui
2538 3989 2803 4058 possedit,
2852 3995 3001 4042 eteo
3053 3986 3311 4056 languore
3346 3986 3438 4038 ha-

1859 4084 2000 4146 buit,
2037 4098 2200 4152 quem
2237 4082 2459 4153 sapiens
2491 4080 2847 4136 Ecclesiastes
2884 4079 2987 4134 sub
3017 4077 3130 4132 sole
3156 4093 3215 4132 se
3242 4076 3441 4131 vidisse

1862 4172 2168 4227 alIirmavit.

1935 4436 2088 4503 Quod
2125 4435 2170 4489 si
2211 4435 2342 4487 nihil
2384 4434 2488 4488 tale
2518 4435 2829 4504 contigerit,
2871 4442 2925 4488 et
2960 4442 3187 4487 servata:
3218 4433 3442 4488 domino

177 4530 604 4599 πεφυλαγμένος
654 4531 683 4580 ὁ
713 4530 944 4593 πλοῦτος
985 4532 1098 4593 τοῖς
1131 4531 1224 4582 ὑπ’
1273 4531 1440 4584 αὑτοῦ
1483 4534 1754 4602 γεννηθεῖ-

1867 4536 2123 4581 maneant
2158 4542 2311 4595 opes,
2349 4540 2485 4595 quas
2534 4525 2716 4579 liberis
2755 4526 3094 4595 posterisque
3140 4525 3351 4589 tradat;
3380 4525 3442 4576 hi

179 4641 290 4688 σιν,
336 4623 565 4685 ἕκαστος
598 4622 655 4675 δὲ
705 4623 815 4677 τῶν
859 4623 1232 4691 γεννηθέντων
1274 4624 1482 4693 γυμνὸς
1525 4624 1758 4677 εἴσεισιν

260 4781 371 4852 (27)
411 4782 566 4851 Apud
616 4781 755 4836 LXX
806 4783 1035 4852 legimus
1080 4824 1091 4837 .
1139 4824 1152 4837 .
1198 4823 1210 4835 .
1267 4784 1361 4835 καὶ
1402 4784 1686 4836 ἀπολεῖται
1732 4786 1761 4837 6

180 4851 414 4924 πλοῦτος
447 4854 653 4924 ἐκεῖνος
681 4856 737 4904 ἐν
774 4851 1144 4924 περισπασμῷ
1176 4853 1534 4924 πονηρῷ......
1580 4854 1761 4917 καθὼς

178 4920 408 4989 ἐξῆλθεν
460 4922 568 5001 ἀπὸ
608 4920 861 5045 γαστεδς
898 4923 1104 4994 μητρὸς
1149 4920 1329 4976 αὑτοῦ*
1361 4924 1588 4991 γυμνὸς,
1640 4926 1758 4975 ἐπι·

180 4990 408 5045 στρέψει
449 5008 545 5044 του
577 5008 745 5045 ποοευ
782 5009 934 5045 ηναι.
966 4993 1041 5045 ὡς
1067 4993 1210 5045 ἥκει.
1259 4995 1353 5045 καὶ
1386 4993 1538 5045 οὐδὲν
1580 4994 1642 5045 οὑ
1673 4994 1758 5045 λή-

180 4990 408 5063 συτρέψει
449 4990 545 5063 τοῦ
577 4990 934 5063 πορευθῆναι,
962 4990 1210 5063 ⁷ὠςῆκει,
1259 4995 1353 5063 καί
1386 4993 1538 5063 ᾳῦδέν
1580 4994 1642 5045 οὑ
1673 4994 1762 5061 λή-

177 5061 346 5131 ψεται
378 5063 435 5113 ἐν
481 5061 665 5131 μόχθῳ
700 5061 1001 5116 αὑτοῦ......
1038 5061 1251 5131 Olymp.
1292 5061 1522 5116 πλοῦτον
1557 5063 1762 5130 φυλασ-

182 5126 520 5202 ὀόμενονᾼτῷ
550 5126 682 5202 παρ’
716 5133 866 5202 αὐτῷ
904 5133 984 5194 είς
1018 5126 1217 5185 κακίαν
1244 5132 1547 5185 αὑτοῦ......

257 5201 370 5268 (28)
410 5200 539 5264 Cur,
595 5200 1178 5271 inquies,‘servitutem
1220 5214 1393 5256 morte
1439 5202 1759 5255 deteriorem

181 5271 354 5326 dicit?
381 5286 505 5325 cum
530 5286 627 5325 nec
650 5273 758 5326 vita
781 5283 983 5336 careat,
1011 5282 1065 5325 et
1090 5273 1355 5326 libertatis
1377 5286 1589 5340 quoque
1612 5287 1760 5338 spem

183 5356 349 5411 servo
396 5342 633 5411 aliquam
676 5341 969 5410 relinquat.
1010 5340 1147 5395 Nota
1198 5343 1417 5411 quidem
1461 5342 1547 5394 illa
1599 5340 1761 5394 Tullii

180 5410 496 5465 cohortatio
520 5410 775 5480 (Philipp.
830 5428 913 5476 Ill,
952 5411 1040 5478 M)
1071 5429 1085 5465 :
1126 5429 1145 5461 ι
1182 5410 1339 5476 Quod
1378 5412 1421 5466 si
1447 5413 1580 5479 jam,
1617 5413 1762 5480 quod

183 5481 262 5535 dii
302 5496 460 5534 omen
486 5489 752 5544 avertant,
786 5481 953 5537 fatum
995 5490 1298 5551 extremum
1329 5482 1640 5551 reipublicae
1670 5498 1762 5535 ve-

184 5552 312 5605 nit:
349 5551 495 5618 quod
542 5551 870 5619 gladiatores
911 5552 1119 5605 nobiles
1167 5550 1490 5617 faciunt,’ut
1540 5552 1765 5606 honeste

182 5621 537 5680 decumbant,
571 5619 837 5675 faciamus
866 5638 986 5683 nos,
1019 5622 1291 5691 principes
1312 5622 1461 5676 orbis
1496 5632 1761 5675 terrarum

184 5692 578 5761 gentiumque,
632 5703 693 5744 ut
753 5708 875 5745 cum
933 5693 1195 5761 dignitate
1236 5693 1430 5761 potius
1483 5692 1762 5756 cadamus,

184 5774 353 5830 quam
387 5758 511 5814 cum
545 5758 839 5830 ignominia
876 5758 1200 5816 serviamus.
1235 5760 1378 5815 Nihil
1418 5770 1501 5815 est
1532 5763 1765 5816 detesta-

190 5829 356 5884 bilius
403 5829 685 5897 dedecore,
722 5832 853 5884 nihil
905 5832 1103 5888 ludius
1137 5832 1396 5887 servitute
1436 5850 1447 5885 :
1492 5831 1556 5886 ad
1600 5834 1765 5887 decus

1867 4631 2049 4675 tamen
2078 4619 2273 4688 singuli
2300 4629 2353 4671 et
2380 4616 2507 4670 nudi
2543 4617 2595 4669 in
2639 4617 2804 4681 vitam
2833 4617 3079 4680 veniunt,
3110 4625 3162 4669 et
3190 4616 3317 4670 nudi
3347 4615 3444 4669 ab-

1865 4788 1918 4833 et
1947 4778 2251 4831 liliertatcm
2289 4774 2396 4827 nati
2442 4788 2632 4826 sumus
2668 4793 2679 4826 :
2715 4784 2809 4825 aut
2855 4774 2969 4825 haec
3014 4783 3312 4828 teneamus.
3351 4784 3444 4826 aut

1866 4863 1988 4903 cum
2038 4845 2301 4911 dignitate
2346 4846 2666 4897 moriamur.
2715 4863 2731 4891 ι
2774 4843 2879 4896 Sed
2928 4844 3028 4896 ista
3080 4860 3143 4897 ex
3199 4842 3441 4896 Romana

1865 4917 2171 4985 disciplina,
2220 4924 2274 4985 ct
2324 4915 2564 4985 oratorio
2612 4930 2762 4967 inore
2814 4914 3045 4981 prolata.
3100 4912 3211 4985 lloc
3267 4916 3445 4978 potius

1865 4983 2187 5057 designabat
2233 4983 2547 5053 Gregorius,
2602 4985 2918 5037 servitutem
2968 4986 3097 5057 cita
3129 4984 3216 5035 illa
3270 4989 3445 5057 marte

1866 5054 2185 5112 deteriorem
2220 5070 2360 5117 esse,
2405 5070 2511 5121 qua
2545 5064 2847 5121 pugnantes
2886 5054 3261 5107 occumbunt:
3298 5054 3445 5120 quod

1868 5130 1921 5182 in
1976 5126 2291 5181 servitutem
2329 5124 2576 5177 adductis
2623 5124 2691 5176 ad
2752 5124 3100 5176 dominorum
3156 5123 3444 5176 arbitrium

1865 5199 2153 5252 vivendum
2207 5194 2612 5248 moriendumvc
2649 5204 2814 5258 esset,
2858 5194 2950 5262 qui
3006 5193 3107 5246 sibi
3157 5193 3209 5245 in
3259 5207 3446 5248 servos

1867 5268 2000 5322 nihil
2034 5282 2137 5319 non
2177 5265 2339 5317 licere
2367 5267 2648 5316 ducerent.
2687 5264 2809 5316 llaec
2842 5264 2987 5317 enim
3021 5274 3134 5317 tum
3169 5272 3285 5315 erat
3314 5277 3447 5315 coa-

1866 5338 2000 5390 ditio
2033 5349 2313 5389 servorum
2347 5353 2358 5386 :
2399 5353 2417 5385 ι
2461 5334 2615 5401 Apud
2658 5348 2848 5387 omnes
2894 5348 3144 5401 peraeque
3174 5344 3381 5401 gentes,
3424 5354 3441 5383 ο

1865 5408 1940 5461 ait
1968 5407 2131 5459 Caius
2163 5403 2249 5473 (L.
2286 5421 2302 5458 ι
2338 5407 2397 5465 ll,
2432 5405 2505 5456 De
2528 5403 2611 5456 his
2644 5405 2731 5472 qui
2767 5405 2849 5456 sui
2879 5402 2957 5457 vel
2983 5405 3056 5459 al.
3088 5403 3250 5471 jur.),
3283 5421 3298 5451 ι
3326 5405 3444 5454 ani-

1866 5478 2204 5531 madvertere
2253 5488 2568 5541 possumus,
2596 5474 2836 5527 dominis
2871 5476 2921 5526 in
2953 5489 3141 5527 servos
3190 5474 3309 5525 vita:
3353 5489 3447 5525 ne-

1865 5550 2052 5615 cisque
2086 5554 2404 5614 potestatem
2434 5544 2623 5615 fuisse.
2665 5563 2683 5594 ›
2724 5544 2901 5608 Quare
2924 5545 3014 5612 qui
3042 5546 3095 5615 in
3124 5542 3443 5615 prazdonum

1865 5619 2142 5671 venissent
2191 5631 2405 5678 manus,
2439 5614 2597 5667 bonis
2641 5615 2898 5667 omnilms
2945 5614 3186 5678 amissis,
3222 5622 3444 5666 usuram

1865 5704 2083 5757 quoque
2115 5687 2253 5739 lucis
2294 5686 2440 5739 nulla
2470 5685 2775 5757 praestituta
2799 5685 2889 5737 die
2911 5683 3094 5757 datam
3122 5684 3198 5757 in
3219 5684 3364 5737 luctu
3392 5691 3446 5733 et

1868 5754 2099 5812 interere
2122 5757 2407 5823 capiebant
2432 5774 2443 5807 :
2468 5754 2613 5823 quod
2647 5756 2772 5809 vitae
2804 5771 2975 5825 genus
3010 5755 3117 5808 cita
3147 5754 3234 5807 illa
3270 5761 3446 5805 morte

1862 5830 1984 5896 jure
2020 5829 2238 5896 gravius
2270 5826 2566 5880 videbatur.
