4192 6436
738 379 843 439 959

1841 370 1899 427 S.
1943 363 2318 427 GREGORII
2356 363 2867 422 AGRIGENTINI

739 494 926 542 eunte
957 482 1087 544 vita,
1137 480 1327 536 eodem
1390 478 1549 548 plane
1604 475 1767 530 modo
1799 477 1932 530 nihil
1989 475 2214 529 omnino
2265 475 2315 527 in

2438 473 2502 534 είς
2539 472 2630 522 τὸν
2663 471 2798 540 βίον,
2852 472 2944 524 καὶ
2977 472 3181 542 γυμνὸς
3214 473 3414 536 ἔξεισιν
3458 473 3526 524 ἐκ
3560 471 3664 523 τοῦ
3705 471 3865 538 βίον,
3907 479 4031 523 κατὰ

743 584 906 630 manu
973 588 1070 627 sua
1127 569 1394 630 ferentes,
1448 584 1624 637 neque
1683 583 1804 621 cum
1865 568 2098 635 primum
2145 567 2321 619 lucem

741 668 1034 736 aspiciunt,
1061 677 1236 730 neque
1263 676 1386 716 cum
1418 677 1482 714 ex
1512 661 1612 714 hac
1641 661 1746 713 vita
1778 660 2065 713 decedunt.
2086 657 2240 722 Quod
2273 665 2326 711 et

744 761 916 811 multo
971 756 1121 823 prius
1169 753 1404 806 asseruit
1452 750 1644 814 Johns,
1701 765 1932 819 magnus
1967 750 2055 801 ille
2109 748 2324 816 pietatis

743 850 942 903 athleta
987 847 1120 916 (29),
1151 861 1274 900 cum
1328 845 1444 898 ait:
1493 861 1511 894 ι
1549 840 1734 896 Nudus
1785 857 2042 910 egressus
2087 856 2208 894 sum
2261 856 2324 892 ex

747 951 902 993 utero
927 937 1118 991 matris
1153 951 1305 998 meae,
1350 935 1528 988 nudus
1563 933 1777 986 scilicet
1814 941 1868 984 et
1910 940 2150 984 revertar
2187 930 2318 1000 (50).
2346 961 2366 995 ,

747 1029 894 1082 Nihil
933 1029 1076 1081 enim
1118 1028 1186 1080 ab
1220 1027 1322 1078 hoc
1359 1025 1609 1079 dissentit
1642 1032 1736 1076 aut
1782 1023 2055 1090 discrepat
2111 1024 2328 1089 sapiens

749 1119 1126 1180 Ecclesiastes,
1159 1117 1253 1185 qui
1303 1125 1357 1170 et
1413 1116 1749 1168 nativitatem
1789 1130 1818 1167 a
1883 1121 2072 1165 ventre
2137 1113 2329 1165 matris

751 1209 952 1261 nudam
989 1214 1362 1275 reptmsentat,
1400 1216 1454 1259 et
1504 1207 1739 1258 reditum
1775 1214 2060 1273 cognatam
2103 1203 2167 1255 ad
2217 1210 2327 1253 ter-

751 1313 866 1350 ram
944 1299 1347 1366 transitumque
1413 1312 1617 1364 parem.
1691 1296 1847 1361 Quod
1915 1306 2093 1348 autem
2164 1294 2332 1347 addat

757 1407 773 1437 ι
800 1385 1270 1450 Quemadmodum
1297 1386 1463 1449 venit,
1488 1404 1506 1436 ι
1541 1387 1800 1452 ostendit,
1827 1386 2150 1439 sententiam
2174 1401 2327 1438 suam

752 1490 895 1538 esse,
926 1491 1035 1528 non
1072 1476 1314 1529 omnium
1350 1475 1631 1528 hominum
1678 1475 1882 1526 nudum
1911 1489 2032 1526 esse
2075 1474 2328 1539 reditum,

755 1575 807 1618 at
839 1580 1027 1618 eorum
1069 1575 1300 1626 tantum,
1331 1565 1421 1634 qui
1457 1565 1846 1618 misericordiae
1879 1563 2032 1634 147
2080 1575 2332 1632 expertes

755 1663 918 1724 atque
940 1657 1180 1711 avaritiae
1203 1657 1386 1722 dediti,
1418 1672 1593 1726 neque
1625 1672 1923 1726 pauperum
1958 1657 2194 1725 inopiam
2223 1658 2332 1710 ulla

758 1748 1044 1818 largitione
1079 1749 1398 1813 levaverint,
1427 1764 1602 1817 neque
1632 1749 1946 1818 peregrinos
1978 1748 2211 1816 hospitio
2241 1765 2331 1802 ac-

2423 562 2493 613 τα
2539 561 2680 613 αὐτὰ
2727 563 2819 613 καὶ
2864 560 3127 625 ὡσαύτως
3174 562 3341 630 μηδὲν
3387 561 3820 630 ἐπιφερόμενος
3875 561 3933 611 ἐν

2425 652 2572 721 χειρὶ
2601 651 2767 704 αὐτοῦ
2797 652 2858 704 τὸ
2884 654 3172 723 παράπαν,
3214 655 3352 724 μήτε
3387 654 3508 706 καθ’
3545 655 3607 706 ὃν
3641 652 3858 722 army)»;
3895 656 4029 717 ἐγεν-

2425 745 2585 814 νήθη,
2641 744 2780 812 μήτε
2815 744 2921 814 μὴν
2968 744 3051 797 ἔτι
3095 746 3216 798 καθ’
3259 746 3318 798 ὃν
3373 745 3542 809 ἐξεισι
3591 744 3705 813 τῆς
3747 746 4031 814 παρούσης

2426 833 2594 904 ζωῆς.
2645 837 2822 908 Ὅπερ
2869 836 3099 905 ἐμπεδοϊ
3143 839 3235 890 καὶ
3277 838 3456 907 πολλῷ
3504 837 3714 908 πρώην
3768 839 3803 888 ό
3865 838 4031 905 μέγας

2425 927 2667 1001 ἀθλητὴς
2697 928 2798 998 τῆς
2838 929 3124 993 εὐσεὸείας
3169 929 3290 984 ’1ὼὸ
3319 931 3512 998 λέγω),
3556 950 3575 981 ι
3613 931 3853 1000 Γυμνὸς
3885 930 4028 997 ἐξῆλ-

2427 1017 2520 1072 θον
2571 1021 2636 1071 ἐκ
2681 1020 2894 1083 κοιλίας
2944 1021 3150 1090 μητρός
3206 1038 3332 1090 μου,
3384 1021 3630 1090 δηλονότι
3683 1021 3909 1090 γυμνὸς
3947 1025 4026 1072 καὶ

2427 1111 2824 1181 ἀπελεύσομαι.
2866 1130 2884 1161 ι
2922 1111 3112 1180 Τούτῳ
3157 1113 3269 1182 γὰρ
3322 1114 3546 1182 συνῳδεί
3575 1115 3677 1166 καὶ
3717 1112 4025 1182 συμφώνως

2428 1203 2523 1254 καὶ
2554 1204 2582 1254 ὁ
2632 1203 2794 1270 σοφὸς
2836 1204 3293 1275 Ἐκκλησιαστὴς,
3339 1206 3435 1258 καὶ
3485 1205 3586 1274 τὴν
3635 1205 3758 1256 ἀπὸ
3793 1206 4023 1274 γαστῴς

2432 1292 2638 1361 μητρὸς
2663 1294 2917 1364 γέννησιν
2947 1296 3323 1365 παρεμφαίνει
3355 1296 3595 1365 γυμνὴν,
3629 1296 3734 1347 καὶ
3763 1295 3872 1365 τὴν
3904 1297 4023 1363 :95,-

2428 1383 2527 1454 τὴν
2574 1387 2813 1455 συγγενῆ
2858 1386 2961 1454 γῆν
3014 1387 3355 1457 ἐπιστροφὴν
3402 1387 3500 1439 καὶ
3535 1387 3802 1456 πορείαν.
3869 1388 3934 1437 Ὃ

2430 1491 2616 1545 φησιν,
2674 1477 2838 1553 «μ’ος
2882 1479 3028 1546 εἰκῆ,
3089 1498 3108 1530 ι
3163 1479 3518 1548 παρίστησιν,
3573 1478 3653 1540 ὡς
3716 1479 3849 1545 οὐχὶ
3907 1480 4019 1544 περὶ

2429 1566 2630 1630 παντὸς
2661 1567 2952 1638 ἀνθρώπου
2967 1569 3068 1638 τὴν
3084 1570 3220 1638 πρὸς
3249 1570 3344 1639 τὴν
3371 1570 3476 1638 γῆν
3498 1571 3862 1638 ἐπιστροφὴν
3885 1585 4018 1635 γινο-

2433 1658 2600 1729 μένην
2628 1659 2931 1728 εἰσηγεῖται
2950 1678 3019 1729 γυ
3028 1661 3186 1731 μνὴν,
3205 1661 3340 1713 ἀλλὰ
3359 1660 3487 1729 περὶ
3509 1660 3619 1712 τῶν
3645 1661 4020 1728 ἀνελεημό-ιεων

2430 1751 2528 1802 καὶ
2562 1750 2839 1818 φειδωλῶν
2859 1752 3134 1822 μηδεμίαν
3163 1753 3448 1821 μετάδοσιν
3472 1751 3882 1820 ποιησαμένων
3906 1751 4019 1817 πρὸς

759 1816 1020 1904 ceperint,
1077 1836 1253 1908 neque
1305 1816 2085 1892 sanctorumnecessitatibus
2139 1848 2330 1907 praesto

2438 1843 2559 1904 τοὺς
2588 1842 2784 1905 ἐνδεεῖς
2811 1844 2904 1895 καὶ
2930 1846 3206 1915 πτωχοὺς,
3238 1845 3374 1914 μήτε
3413 1845 3520 1912 μὴν
3553 1844 4020 1913 ξενοδοχησάντων

761 1930 982 1993 fuerint,
1017 1948 1191 2001 neque
1232 1932 1456 1985 omnino
1487 1947 1815 2000 quemquam
1849 1931 2117 1999 ahjectutn
2147 1946 2208 1983 ac
2238 1931 2338 1983 ιιιίο

761 2038 940 2076 serum
972 2025 1081 2077 ullo
1137 2026 1212 2078 vel
1277 2025 1632 2077 humanitatis
1683 2024 1763 2076 vel
1820 2022 2105 2075 charitatis
2158 2021 2335 2074 ollicio

757 2117 1028 2183 juverint;
1078 2116 1130 2168 in
1177 2117 1505 2184 reponendis
1540 2127 1719 2169 autem
1762 2115 1977 2184 opibus,
2018 2129 2154 2183 quas
2201 2129 2338 2166 con-

758 2218 1029 2272 gererent,
1075 2210 1170 2261 toti
1207 2208 1426 2273 fuerint,
1462 2218 1516 2262 et
1548 2211 1600 2262 in
1653 2209 1719 2262 iis
1757 2207 2019 2277 augendis
2049 2222 2113 2260 ac
2143 2221 2335 2260 cumu-

763 2299 938 2352 Iantlis
978 2315 1198 2368 pravam
1240 2301 1402 2354 simul
1437 2304 1488 2354 in
1521 2316 1579 2356 se
1615 2301 1747 2368 ipsis
1785 2300 2130 2363 cupiditatem
2168 2315 2338 2353 auxe-

765 2395 870 2445 rint
896 2409 956 2445 ac
984 2394 1338 2447 cumularint.
1367 2392 1542 2461 Hujus
1567 2393 1641 2452 rei
1667 2407 1796 2460 ergo
1826 2391 1901 2444 ait
1926 2410 1938 2443 :
1973 2409 1986 2440 t
2025 2389 2127 2443 Sed
2158 2398 2212 2443 et
2241 2391 2341 2444 hoc

765 2484 996 2549 languor
1029 2484 1323 2551 peSsimus.
1367 2501 1384 2534 ι
1422 2480 1620 2547 Quidni
1654 2481 1798 2535 enim
1834 2481 1935 2534 iste
1973 2481 2186 2534 consilii
2219 2480 2340 2533 talis

767 2584 816 2625 et
849 2575 1138 2628 voluntatis
1175 2575 1444 2644 pessimus
1498 2573 1657 2642 quasi
1695 2571 1920 2626 morbus
1951 2571 2058 2625 sit?
2092 2572 2224 2624 Cum
2259 2581 2340 2624 lo-

770 2677 880 2726 tum
939 2664 1059 2715 vitae
1123 2680 1235 2718 sua:
1287 2666 1522 2733 spatium
1593 2663 1982 2727 itnmutahiles,
2040 2663 2342 2715 inhumano

770 2770 982 2823 semper
1007 2767 1166 2823 atque
1193 2757 1615 2812 immisericordi
1643 2756 1826 2808 animo
1851 2753 2070 2808 fuerint.
2099 2755 2168 2808 Ut
2197 2755 2340 2807 enim

771 2848 863 2914 qui
900 2855 1011 2900 toto
1047 2851 1166 2901 vitae
1195 2865 1306 2904 suae
1340 2860 1585 2918 tempore
1630 2847 1766 2900 febri
1797 2855 2079 2914 correptus
2115 2855 2218 2907 est,
2251 2855 2344 2898 aut

776 2949 961 2989 renum
1000 2940 1128 2990 vitio
1161 2941 1241 2992 vri
1277 2940 1471 3008 pedum
1505 2939 1695 2992 morbo
1725 2937 1954 2999 laborat,
2000 2938 2232 3004 pessima
2267 2936 2342 2990 uti

777 3029 1081 3082 valetudine
1129 3031 1346 3093 dicitur.
1387 3030 1531 3100 quod
1568 3029 1732 3083 vitam
1768 3043 1922 3082 suam
1967 3028 2109 3081 inter
2151 3042 2342 3096 perpe-

2431 1931 2560 1992 τοὺς
2585 1931 3064 2003 ἐπιξενουμένους,
3116 1935 3254 2003 μήτε
3283 1933 3392 1984 τῶν
3424 1933 3600 1999 ἁγίων
3646 1937 3782 1995 ταῖς
3831 1933 4020 2001 χρείαις

2435 2024 2905 2093 κοινωνησάντων,
2947 2025 3085 2096 μήτε
3136 2024 3245 2095 μὴν
3273 2024 3412 2086 ὅλως
3462 2025 3631 2092 ἔργον
3681 2024 4023 2091 ἐταδειξαμὲ-

2435 2131 2542 2165 νων
2597 2113 3012 2183 φιλανθρωπίας
3066 2115 3158 2169 καὶ
3207 2113 3553 2184 συμπαθείας
3606 2117 3696 2176 είς
3758 2115 3897 2176 τοὺς
3937 2115 4024 2165 ἁτ-

2437 2205 2838 2274 εστερημὲνους
2891 2206 3228 2273 ἀναγκαίων,
3260 2206 3394 2258 ἀλλὰ
3433 2206 3594 2275 μόνον
3644 2204 4024 2273 ἀποθησαυρι-

2438 2297 2638 2361 ζόντων
2668 2299 2758 2350 τὸν
2795 2300 3161 2367 συναγόμενον
3193 2300 3448 2362 πλοῦτον,
3499 2300 3593 2351 καὶ
3623 2299 3732 2368 τὴν
3790 2296 4025 2366 προσθή-

2441 2407 2543 2456 κην
2576 2390 2741 2444 αὐτοῦ
2777 2394 2872 2444 καὶ
2923 2392 3018 2461 τὴν
3067 2391 3298 2462 αὔξησιν
3349 2391 3751 2461 ποιησαμένων
3811 2389 4024 2456 αὔξησιν

2389 2482 2534 2534 -.καὶ
2593 2483 2912 2553 προσθήκην
2965 2483 3207 2550 ἐφέσεως
3266 2485 3532 2552 πονηρᾶς.
3595 2483 3818 2534 Τούτου
3884 2485 4025 2549 χάριν

2443 2573 2598 2642 φησι,
2641 2592 2658 2624 ι
2701 2575 2810 2628 Καί
2841 2591 2905 2642 γε
2934 2575 3094 2627 τοῦτο
3121 2577 3334 2645 πονηρὰ
3363 2576 3674 2648 ἀρρωστία.
3715 2594 3733 2624 ι
3772 2578 3892 2627 Καὶ
3926 2574 4026 2634 πῶς

2440 2663 2549 2733 γὰρ
2578 2665 2698 2733 οὐχ)⁵
2726 2666 2937 2735 πονηρὰ
2964 2666 3065 2734 τῆς
3093 2666 3352 2736 τοιαύτης
3381 2666 3681 2726 διαθέσεως
3712 2668 3812 2717 καὶ
3847 2681 4026 2732 προαι-

2444 2756 2646 2825 ρέσεως
2688 2758 2720 2824 ή
2753 2757 2909 2819 νόσος
2948 2759 3132 2821 ἐστίν;
3176 2755 3296 2809 Ἐπ’
3342 2758 3410 2810 ἂν
3451 2758 3542 2810 τὸν
3578 2756 3808 2810 ἅπαντα
3845 2758 4024 2824 χρόνον

2442 2849 2540 2917 τῆς
2578 2847 2724 2917 ζωῆς
2773 2849 2950 2900 αὐτῶν
2986 2848 3352 2918 ἀμετάϐλητοι
3404 2848 3666 2915 γεγόνασι
3715 2846 3822 2915 τῆς
3866 2849 4024 2898 απαν-

2445 2938 2665 3008 θρώπου
2697 2941 2792 2992 καὶ
2816 2941 3093 3002 παντελῶς
3122 2941 3484 3009 ἀνελεήμονος
3514 2937 3766 3007 γνώμης.
3815 2940 3908 3000 Ὠς
3934 2940 4025 3004 γὰρ

2442 3034 2470 3084 ὁ
2502 3031 2578 3101 τῷ
2617 3033 2779 3084 παντὶ
2823 3033 3002 3102 χρόνῳ
3047 3032 3146 3101 τῆς
3187 3031 3323 3093 ίδίας
3355 3030 3502 3102 ζωῆς
3549 3029 3780 3099 πυρετῷ
3819 3031 4026 3095 συνεχέ-

778 3129 901 3172 tuos
944 3119 1160 3174 dolores
1208 3121 1568 3191 assiduusque
1614 3121 1893 3174 cruciatus
1932 3119 2218 3180 absumat;
2265 3118 2334 3172 sit

2450 3123 2670 3193 μενοςῆ
2711 3124 2956 3195 νεφρικῷ
3005 3123 3038 3193 ἢ
3086 3121 3408 3193 ποδαγρικῷ
3440 3122 3738 3191 νοσήματι,
3789 3123 4024 3189 πονηρὰν

780 3211 948 3266 multo
985 3212 1156 3280 magis
1190 3213 1281 3280 qui
1328 3213 1633 3266 voluntario
1671 3211 1840 3265 animi
1885 3211 2077 3264 morbo
2123 3209 2345 3264 affectus

779 3301 959 3362 fuerit,
992 3318 1288 3372 curamque
1323 3304 1525 3356 nullam
1557 3301 1877 3371 susceperit,
1912 3309 1990 3363 ut,
2021 3301 2348 3368 comparatis

779 3394 882 3445 sibi
911 3393 962 3445 in
994 3393 1134 3447 caelo
1167 3394 1434 3448 thesauris
1469 3394 1707 3455 aeternis,
1736 3392 1878 3445 viam
1919 3392 2023 3446 sibi
2077 3392 2140 3444 ad
2173 3391 2346 3445 bono-

782 3503 900 3538 rum
959 3494 1341 3554 perpetuorutn
1401 3486 1711 3540 beatitatetn
1787 3485 2059 3546 muniret,
2116 3485 2351 3553 pessimo

785 3576 939 3642 plane
971 3577 1161 3630 morbo
1189 3577 1465 3630 laborasse
1497 3577 1916 3630 existimabitur.
1948 3575 2082 3628 Nam
2116 3577 2202 3630 ille
2232 3579 2353 3646 qui-

784 3668 926 3727 dem,
965 3667 1054 3734 qui
1103 3683 1332 3735 corpore
1375 3683 1517 3736 aeger
1549 3668 1638 3733 sit,
1689 3669 1829 3736 siqui
1857 3671 1954 3720 iern
1988 3683 2073 3728 ea,
2111 3683 2214 3736 qua
2257 3684 2352 3736 par

784 3765 886 3819 est,
915 3771 1038 3824 erga
1067 3758 1230 3808 Deum
1263 3757 1643 3808 universorum
1672 3757 2018 3808 observantia
2041 3756 2352 3824 languorem

787 3862 945 3900 suum
983 3847 1337 3915 morhnmtpte
1369 3849 1574 3906 tulerit,
1609 3846 1853 3915 ingentes
1877 3846 2052 3914 capiet
2083 3848 2357 3901 molestia-

789 3954 905 3991 l'lllll
949 3953 1168 3990 suarum
1205 3938 1481 4005 multoque
1516 3937 1805 4005 ampliores
1841 3938 2353 3993 remunerationes:

793 4048 811 4079 ι
845 4027 957 4080 Non
989 4031 1139 4083 enim
1169 4040 1288 4083 sunt
1326 4031 1609 4096 condignae
1641 4028 1921 4097 passiones
1955 4029 2116 4097 hujus
2145 4038 2357 4098 tempo—

792 4122 865 4174 ris
907 4123 970 4173 ad
1029 4121 1262 4173 futui-am
1299 4123 1548 4188 gloriam,
1601 4136 1723 4190 qua:
1759 4121 1825 4175 iis
1873 4121 2201 4174 revelabitur
2234 4125 2300 4186 ",
2334 4141 2352 4173 ι

789 4212 880 4278 qui
912 4213 1278 4265 toleraverunt
1307 4212 1395 4265 hic
1442 4221 1631 4266 :BSllllII
1664 4211 1771 4265 diei
1819 4220 1873 4264 el.
1901 4212 2129 4281 glaciem
2165 4214 2357 4266 noctis.

791 4303 959 4356 Porro
992 4314 1044 4355 ut
1084 4305 1148 4364 is,
1179 4304 1269 4371 qui
1300 4304 1558 4370 languore
1585 4303 1889 4355 voluntario
1915 4317 2208 4370 Oppressus
2242 4304 2359 4356 fue-

793 4397 882 4459 rit,
910 4394 1202 4463 pessimum
1241 4395 1494 4448 habuisse
1540 4396 1789 4447 morbum
1820 4393 2055 4460 dicitur;
2085 4394 2164 4448 sic
2193 4396 2362 4448 multo

795 4487 966 4555 magis
997 4502 1186 4555 ptenas
1216 4497 1267 4540 et
1297 4486 1560 4555 supplicia
1590 4485 1828 4539 inveniet
1858 4485 2060 4553 pejora.

2449 3216 2666 3283 λέγεται
2713 3215 2944 3268 διελθεῖν
2992 3214 3172 3278 νόσον,
3227 3215 3303 3277 ὼς
3354 3217 3413 3266 ἐν
3457 3211 3754 3281 ἀλγηδόσιν
3804 3215 3899 3264 ἀεὶ
3948 3213 4027 3263 καὶ

2448 3305 2755 3375 διηνεκέσιν
2817 3305 3030 3368 ὀδύναις
3089 3305 3179 3358 τὸν
3234 3304 3366 3356 ἴδιον
3428 3303 3542 3372 βίον
3601 3302 4026 3362 καταναλώσας·

2449 3396 2596 3449 οὕτω
2648 3395 2829 3466 πολλῷ
2882 3396 3082 3464 μᾶλλον
3129 3397 3156 3446 ὁ
3201 3396 3300 3464 τὴν
3350 3394 3667 3466 ἀρρωστίαν
3699 3392 3808 3457 τῆς
3864 3393 4030 3461 ψυχῆς

2452 3487 2792 3557 αὐθαιρέτως
2829 3490 3086 3556 νοσήσας,
3120 3488 3213 3540 καὶ
3256 3487 3330 3555 μὴ
3365 3486 3664 3555 φροντίσας
3697 3487 3761 3536 ἐν
3791 3485 4029 3553 οὐρανοῖς

2454 3576 2899 3647 ἀποθησαυρίσαι
2953 3576 3264 3646 θησαυροὺς
3310 3574 3560 3636 αἰωνίους
3609 3574 3755 3644 πρὸς
3793 3573 3895 3642 τὴν
3936 3572 4030 3624 τῶν

2454 3667 2686 3720 αἰωνίων
2720 3667 2943 3734 ἀγαθῶν
2974 3668 3278 3721 ἀπόλαυσιν
3306 3665 3690 3736 ἀτελεύτητον,
3718 3666 4030 3736 ἀρρωστίαν

2456 3760 2749 3828 ἐσχηκέναι
2799 3760 3265 3830 δοκιμασθήσεται
3319 3758 3584 3828 πονηράν.
3663 3759 3726 3809 '0
3787 3757 3890 3826 μὲν
3939 3759 4030 3822 γὰρ

2459 3852 2786 3921 σωματικῶς
2820 3855 3202 3924 ἀρρωστήσας,
3253 3851 3350 3904 ἐὰν
3383 3851 3520 3920 μετά
3565 3849 3673 3918 τῆς
3718 3851 4032 3920 πρεπούσης

2459 3944 2808 4012 εὐχαριστίας
2834 3947 2932 4012 τῆς
2962 3944 3096 4015 πρὸς
3128 3946 3220 3996 τὸν
3249 3945 3342 3996 ἐπί
3368 3944 3589 3995 πάντων
3625 3937 3791 4004 Θεὸν,
3831 3941 4032 3993 ὑποίσει

2458 4037 2557 4103 τὴν
2587 4036 2898 4106 ἀρρωστίαν
2939 4037 3033 4089 καὶ
3077 4037 3251 4100 νόσον,
3292 4034 3537 4104 μεγάλας
3571 4033 3926 4103 ἀπολήψεται
3957 4037 4034 4083 xz';

2461 4126 2892 4190 πολλαπλασίους
2921 4128 3029 4178 τῶν
3079 4127 3268 4180 κόπων
3295 4128 3396 4189 τὰς
3428 4125 3690 4194 ἀμοιϐάς.
3746 4145 3767 4176 ι
3829 4128 3904 4176 (ὶὺ
3945 4126 4033 4191 Ti?

2461 4217 2588 4282 ἄξια
2629 4218 2696 4269 τὰ
2733 4219 3032 4287 παθήματα
3077 4217 3174 4270 τοῦ
3209 4217 3303 4270 νῦν
3335 4215 3534 4286 καιροῦ
3587 4217 3727 4284 πρὸς
3776 4217 3884 4285 τὴν
3930 4214 4035 4282 μέλ-

2461 4309 2659 4362 λουσαν
2693 4309 2848 4372 δόξαν
2893 4309 3377 4362 ἀποκαλύπτεσθαι
3416 4329 3433 4360 ι
3469 4310 3580 4370 τοῖς
3614 4308 4035 4376 ὑπομεμενηκό-

2468 4416 2550 4450 σιν
2587 4399 2822 4452 ἐνταῦθα
2856 4402 2946 4454 τὸν
2977 4401 3232 4454 καύσωνα
3261 4401 3362 4470 τῆς
3399 4400 3613 4469 ήμέρας
3658 4402 3760 4451 καὶ
3815 4400 3910 4449 τὸν
3948 4415 4035 4447 πα-

2398 4484 2436 4534 υ
2467 4491 2621 4556 γετὸν
2657 4493 2758 4561 τῆς
2808 4493 3021 4554 νυκτός.
3067 4493 3125 4545 'o
3175 4493 3232 4545 δὲ
3275 4492 3375 4560 τὴν
3427 4492 3836 4558 προαιρετικὴν
3874 4493 4035 4559 ixi-4“”

796 4580 945 4635 στίαν
973 4583 1224 4648 νοσήσας,
1246 4578 1321 4640 ὡς
1348 4578 1590 4645 πονηρὰν
1614 4578 1903 4648 ἐσχηκέναι
1936 4575 2154 4644 λέγεται
2175 4578 2348 4644 νόσον,
2389 4577 2531 4633 οὕτω
2562 4581 2742 4652 πολλῷ
2807 4583 3009 4652 μὲν-’.λλον
3045 4584 3414 4654 πονηροτέρας
3482 4584 3711 4652 εὑρήσει
3750 4585 3855 4645 τὰς
3897 4585 4040 4633 κω-

797 4690 909 4736 σεις
941 4675 1033 4725 καὶ
1067 4671 1306 4739 τιμωρία
1319 4688 1360 4731 ς.

873 4768 999 4835 Quae
1024 4769 1065 4819 si
1091 4767 1161 4819 ita
1202 4775 1368 4820 sunt:
1411 4782 1429 4814 ι
1469 4765 1598 4830 Quae
1624 4761 1976 4825 abundantia,
2012 4762 2205 4831 inquit,
2240 4761 2366 4817 huic

875 4949 918 4981 ”
950 4949 1108 5001 Rom.
1145 4964 1262 5012 vm,
1301 4947 1382 5000 t8.

878 5102 987 5167 (‘29)
1027 5100 1222 5155 Jobum
1255 5098 1445 5154 Noster
1479 5099 1560 5150 sic
1599 5096 1908 5163 compellat,
1935 5103 2140 5167 utrum
2181 5093 2244 5167 ad
2281 5109 2370 5167 ve-

807 5164 1107 5225 tuStisSinta
1157 5181 1398 5238 tempora
1446 5167 1647 5222 referre
1687 5167 1950 5238 videatur.
2001 5165 2068 5219 Ut
2113 5165 2254 5216 enim
2290 5164 2376 5215 hic

811 5242 981 5296 multo
1013 5249 1136 5294 ante
1160 5236 1525 5295 Salomonem,
1553 5238 1631 5291 sic
1663 5239 1823 5297 infra,
1859 5236 1961 5289 sub
1993 5238 2151 5287 [luem
2187 5248 2378 5300 nempe

813 5315 933 5365 libri
968 5328 1017 5365 Ix
1075 5321 1198 5362 ante
1244 5310 1418 5376 ipsum
1455 5308 1824 5360 Abrahatnutn
1876 5306 2103 5376 collocat
2133 5307 2378 5376 :_quippe

813 5384 904 5451 qui
964 5391 1085 5450 post
1135 5374 1415 5451 Spernitur
1454 5386 1749 5438 recenseat,
1802 5376 1960 5443 eique
1999 5374 2377 5451 _Abrahatnntn

815 5445 1122 5506 subneetat.
1153 5448 1336 5517 Neque
1371 5449 1420 5499 id
1467 5458 1642 5500 tamen
1693 5460 1891 5497 novum
1945 5445 2238 5517 admodum
2289 5452 2383 5494 aut

814 5523 1111 5576 absurdum
1145 5543 1156 5573 :
1192 5512 1431 5588 plerique
1465 5517 1607 5568 enim
1641 5524 1903 5588 veterum,
1942 5524 1997 5567 ut
2035 5512 2234 5588 eruditi
2281 5526 2378 5588 no-_-

819 5599 963 5655 runl,
997 5591 1078 5642 vel
1111 5581 1369 5657 aequalem
1401 5600 1523 5639 cum
1556 5585 1985 5657 patriarcharum
2032 5582 2258 5657 faciunt,
2298 5581 2378 5633 vel

817 5675 964 5717 certe
994 5661 1136 5714 circa
1177 5655 1375 5727 Moysis
1407 5667 1616 5710 aetatem
1661 5656 1860 5727 vixisse
1900 5663 2125 5727 censent
2154 5669 2165 5703 :
2201 5655 2380 5719 itaque

819 5742 869 5789 et
919 5734 1161 5784 omnium
1213 5725 1474 5781 librorum
1530 5725 1912 5778 canonicorum
1947 5726 2177 5790 primum
2218 5737 2379 5789 quem

821 5807 888 5860 de
934 5819 1000 5857 eo
1053 5802 1330 5862 habemus,
1384 5805 1691 5859 numerant,
1745 5804 1905 5864 atque
1950 5810 1978 5847 a
2033 5792 2216 5862 Moyse
2268 5793 2383 5859 ipso

2543 4761 2606 4815 Et
2635 4761 2690 4814 δέ
2719 4759 2892 4824 τοῦτο,
2937 4778 2954 4811 ι
2998 4759 3093 4822 Τίς
3142 4756 3449 4830 περισσεία,
3502 4756 3658 4824 φησὶ,
3697 4755 3777 4826 τῷ
3827 4755 4038 4821 τοιούτῳ

2471 5097 2732 5163 scriptum
2783 5091 3129 5163 existimant._
3152 5089 3256 5143 Sed
3303 5089 3430 5163 quia
3470 5095 3598 5142 sunt
3648 5087 3701 5138 in
3758 5102 3832 5163 eo
3893 5087 4039 5163 multa

2472 5159 2597 5233 ane
2617 5163 2923 5233 Salomonis
2953 5172 3006 5214 et
3031 5160 3227 5233 stylum
3253 5159 3556 5233 sapia_nt,et
3589 5159 3908 5233 sententias
3932 5159 4040 5233 ian:

2474 5225 2687 5296 tentur;
2739 5234 2807 5284 ab
2853 5232 2955 5283 hoc
2987 5225 3184 5299 potius,
3234 5225 3511 5282 velietiam
3559 5228 3628 5279 ab
3659 5225 3801 5299 Isaia
3857 5237 3950 5279 aut
3989 5227 4040 5299 ab

2476 5307 2644 5359 altero
2677 5296 3002 5371 posterioris
3037 5299 3211 5371 anatis
3242 5299 3506 5371 scriptore
3551 5297 3928 5371 compositum
3959 5296 4036 5371 ειη

2479 5363 2829 5428 arbitra-titur.
2858 5372 3123 5422 Czeterum
3155 5369 3204 5419 id
3232 5370 3275 5420 si
3307 5363 3516 5427 démns,
3548 5382 3653 5418 non
3684 5367 3816 5418 ideo
3853 5369 3918 5417 ad
3959 5363 4040 5415 DJ-

2478 5446 2616 5498 vidis
2653 5457 2825 5495 aevum
2873 5449 2967 5492 aut
3011 5439 3283 5507 posterius
3311 5438 3472 5507 etiam
3503 5435 3675 5507 Johns
3713 5436 3837 5507 ipse
3887 5445 4040 5507 retra-

2485 5515 2696 5569 hendns
2742 5512 2886 5564 erit:
2919 5504 3041 5562 cum
3099 5508 3309 5561 alllatns
3359 5505 3470 5559 Deo
3511 5505 3754 5573 scriptor
3805 5504 3962 5557 facile
4002 5510 4040 5572 et

2485 5588 2618 5638 citra
2665 5582 2866 5635 erraris
2899 5579 3196 5646 periculum
3240 5577 3320 5629 vel
3370 5576 3742 5644 antiquissimi
3799 5575 4042 5642 tempOriS

2489 5654 2768 5708 historiam
2799 5651 3036 5705 scribere
3069 5648 3317 5713 potuerit.

2560 5723 2670 5793 (50)
2711 5720 2812 5793 Job
2837 5738 2872 5782 I,
2903 5720 3011 5793 at,
3036 5716 3140 5793 Sed
3174 5717 3312 5793 apud
3346 5713 3782 5793 lsxxdeges..."

2560 5723 2670 5793 (50)
2711 5720 2812 5775 Job
2837 5738 2872 5782 I,
2903 5720 2992 5771 il.
3036 5716 3140 5770 Sed
3174 5717 3312 5784 apud
3346 5715 3482 5766 LXX
3514 5715 3782 5785 Ieges.....
3842 5715 4042 5782 Μητρός

2494 5815 2615 5866 μου,
2639 5791 2843 5862 γυμνὸς
2872 5791 2964 5843 καὶ
2991 5787 3358 5856 ἀπελεύσομαι
3390 5786 3525 5837 ἐκεῖ.
