4192 6436
143 418 246 489 961

1254 415 1337 477 1N
1390 412 1961 476 ECCLESIASTEN.
2001 438 2069 447 —
2103 412 2252 473 LIB.
2295 411 2361 470 V.

3277 407 3384 472 962

142 531 252 582 τῶν
284 528 520 598 μόχθων,
577 518 652 582 ὧν
707 525 1016 598 ἐμόχθησεν
1061 527 1140 591 είς
1192 527 1429 598 ἄνεμονς
1477 544 1496 578 ι
1546 526 1713 595 ἦγουν

1818 540 1844 579 a
1876 523 2172 586 laboribus,
2201 519 2403 589 quibus
2438 517 2647 571 laborat
2694 512 2749 568 in
2791 520 3007 567 ventum
3024 482 3056 567 ἲΔ
3092 530 3111 564 ι
3161 511 3385 569 Frustra

142 618 270 688 εἰκῆ
306 617 403 670 καὶ
436 617 635 684 μάτην.
683 617 950 687 Καθάπερ
983 616 1091 687 γὰρ
1120 618 1148 671 δ
1177 618 1268 670 τὸν
1306 618 1445 687 ἀέρα
1479 616 1709 685 δέρρων,

141 712 256 763 εῖτε
299 712 413 771 τοῖς
461 708 746 771 δακτύλοις
797 708 1049 778 κατέχειν
1092 708 1290 763 ἐθέλων
1335 708 1428 762 τὸν
1475 708 1712 779 ἄνεμον.

140 800 297 855 οὐδὲν
332 798 496 853 πλέον
539 797 768 869 εὓρηται
801 797 963 870 δρῶν,
1000 798 1033 869 ἢ
1077 799 1276 862 κόπους
1316 799 1573 869 ματαίους
1618 798 1715 854 καὶ

140 890 431 959 περιττούς
452 906 465 921 ο
498 891 644 944 οὕτω
677 891 771 944 καὶ
809 889 924 943 τῶν
951 890 1210 944 τοιούτων
1247 891 1276 942 ὁ
1318 891 1519 960 μόχθος
1546 892 1715 960 χωρὶς

139 981 243 1050 τῆς
274 980 533 1051 δαψιλοῦς
564 979 936 1051 ἐλεημοσύνης
958 980 1053 1034 καὶ
1078 981 1178 1051 τῆς
1207 980 1344 1051 πρὸς
1366 981 1494 1044 τοὺς
1519 980 1716 1043 ἐνδεεῖς

143 1074 242 1125 καὶ
279 1074 520 1143 πένητας
574 1073 935 1142 μεταδόσεως,
964 1074 1045 1135 εἰς
1075 1072 1278 1141 ἄνεμον
1309 1071 1538 1143 εὕρηται
1574 1072 1716 1140 γινόο

142 1182 306 1233 μενος
339 1164 656 1233 προφανῶς,
694 1163 790 1217 ἆτε
818 1163 881 1235 δὴ
914 1163 1188 1217 κάνταῦθα
1223 1164 1375 1233 παρὰ
1422 1165 1599 1218 πάντα
1625 1164 1717 1217 τὸν

139 1256 353 1310 ἑαυτῶν
405 1256 522 1327 βίον
570 1242 993 1326 κατειρίγμένην⁸
1021 1255 1257 1326 ἑχόντων
1303 1258 1362 1309 ἑν
1406 1255 1718 1325 σκότειιτὴν

140 1348 283 1401 ίδίαν
327 1348 532 1419 ψυχὴν,
565 1349 658 1401 καὶ⁸
701 1348 788 1401 διὰ
830 1346 988 1402 τοῦτο
1032 1349 1107 1417 μὴ
1149 1349 1454 1418 δυναμένην
1486 1349 1718 1403 ἀποϐλέ-

138 1456 272 1492 πειν
298 1439 433 1510 πρὸς
479 1438 541 1491 τὸ
571 1438 686 1508 φῶς
719 1439 816 1508 τῆς
855 1438 1127 1509 σωτηρίας
1173 1440 1391 1509 καὶτῆς
1430 1438 1597 1509 ζωῆς,
1622 1440 1717 1492 καὶ

137 1531 291 1599 χόλῳ
323 1531 418 1582 καὶ
464 1528 663 1600 πικρίᾳ
708 1529 805 1582 καὶ
834 1527 1020 1581 πένθει
1066 1528 1306 1599 διηνεκεῖ
1351 1530 1716 1600 συνεχομένην

136 1624 207 1674 ἐν
227 1623 295 1692 τῇ
323 1621 612 1688 ἀποτεύξει
638 1620 870 1691 μάλιστα
894 1608 1003 1675 τῶν
1028 1621 1174 1674 ἰδίων
1197 1620 1555 1691 καταθυμξων
1572 1636 1588 1652 ⁶
1616 1623 1717 1675 κάν

134 1714 210 1782 τῇ
247 1712 516 1787 μελλούσῃ
548 1712 663 1784 ζωῇ
704 1712 1224 1782 παραπεμπομένην
1259 1731 1278 1765 ι
1314 1715 1394 1777 εἰς
1424 1713 1486 1768 τὸ
1522 1713 1717 1780 ἐξώτε-

137 1821 239 1873 ρον
271 1805 462 1869 σκότος
508 1804 603 1857 καὶ
634 1804 695 1857 τδ
727 1802 835 1875 πῦρ
875 1803 939 1856 τὸ
978 1802 1199 1857 αίὼνιον
1229 1804 1289 1857 τὸ
1317 1803 1718 1875 ἡτοιμασμένον

1818 630 2009 685 nempe
2055 628 2217 682 atque
2266 611 2521 665 inaniter.
2566 605 3035 675 Quemadmodum
3083 604 3229 660 enim
3290 606 3383 673 qui

1817 721 1997 761 aerem
2028 706 2300 768 verberat,
2329 700 2431 756 etsi
2464 707 2682 753 ventum
2715 696 2900 767 digitis
2926 696 3388 765 comprehendere

1818 798 1967 861 velit,
2000 797 2134 851 nihil
2156 793 2303 849 aliud
2330 798 2658 846 consecutus
2682 790 2953 853 videatur,
2975 803 3137 858 quam
3162 797 3220 842 ut
3237 787 3384 841 inani

1814 900 1869 945 et
1895 900 2299 958 supervacaneo
2339 884 2523 939 labore
2546 882 2943 945 delassaretur;
2967 879 3046 934 sic
3071 890 3125 933 et
3154 880 3382 934 istorum

1817 980 2115 1045 contentio,
2152 993 2273 1047 quae
2302 991 2428 1032 cum
2464 972 2718 1028 muniﬁca
2760 970 3139 1027 misericordia
3170 979 3224 1024 et
3250 986 3385 1041 pau-

1818 1087 2006 1142 perum
2046 1080 2210 1140 atque
2243 1069 2517 1139 egentium
2552 1066 2794 1122 subsidio
2822 1064 3116 1135 conjuncta
3154 1078 3261 1117 non
3293 1063 3385 1128 sit,

1817 1164 2108 1219 manifesto
2139 1164 2192 1216 iu
2232 1170 2453 1216 ventum
2495 1166 2747 1228 suscepta
2789 1159 3127 1228 reperiatur:
3153 1171 3388 1226 prmer-

1817 1257 1913 1311 tim
1964 1271 2088 1309 cum
2146 1254 2233 1309 hic
2262 1268 2479 1323 qucque
2530 1259 2643 1305 toto
2700 1251 2823 1305 vita).
2872 1259 3114 1320 tempore
3141 1250 3383 1303 animum

1820 1348 2114 1403 habuerint
2161 1348 2215 1400 in
2249 1346 2485 1400 teriebris
2514 1344 2760 1399 clausum
2816 1342 2977 1414 148
3008 1350 3067 1397 ut
3096 1355 3269 1411 neque
3300 1354 3388 1396 sa-

1818 1440 1948 1492 lutis
1987 1438 2222 1507 vitaeque
2270 1438 2450 1491 lumen
2482 1436 2724 1505 aspicere
2750 1443 2957 1505 posset,
2982 1439 3038 1487 et
3067 1432 3217 1487 rabie
3248 1431 3389 1487 assi-

1816 1532 1923 1587 dua
1950 1539 2003 1584 et
2029 1529 2347 1601 aegritudine
2368 1537 2422 1583 et
2453 1528 2639 1582 dolore
2664 1534 3027 1597 premeretur,
3058 1525 3127 1582 iis
3165 1525 3392 1595 potissi-

1818 1638 1987 1686 mum,
2023 1637 2144 1693 qua":
2178 1621 2623 1690 concupiverant,
2672 1619 2897 1673 minime
2943 1617 3386 1684 succedentibus;

1820 1723 1933 1768 tum
1967 1729 2095 1769 vero
2124 1715 2177 1768 in
2207 1713 2384 1769 futura
2413 1713 2521 1767 vita
2563 1710 3038 1767 transmittendum
3072 1710 3249 1765 sciant
3281 1729 3299 1761 ι
3334 1709 3388 1762 in

1820 1806 2071 1861 tenebras
2095 1805 2393 1860 exteriores
2421 1815 2475 1859 et
2520 1806 2697 1874 ignem
2725 1812 3010 1868 aeternum,
3045 1803 3137 1872 qui
3166 1810 3392 1872 paratus

132 1895 221 1965 τῷ
269 1896 504 1967 διαὸόλῳ
547 1896 786 1961 καὶτοῖς
838 1895 1090 1966 ἀγγέλοις
1132 1895 1320 1950 αὐτοῦ.
1359 1916 1379 1949 ι
1423 1898 1533 1951 Καὶ
1559 1897 1717 1951 τοῦτό

1818 1909 1900 1956 est
1929 1900 2144 1954 diabolo
2168 1910 2221 1952 et
2249 1899 2455 1963 angelis
2494 1901 2613 1967 ejus
2640 1898 2729 1951 ¹⁸“.
2761 1916 2781 1949 ι
2808 1896 2983 1966 Atque
3013 1897 3119 1951 hoc
3147 1896 3392 1966 profecto

138 1992 293 2041 ἐστιν
318 1988 426 2063 ἄρα
454 1987 641 2059 σαφῶς
682 1989 711 2042 ὃ
757 2005 941 2058 φησιν,
978 2007 998 2040 ι
1046 1982 1199 2041 Εἶδον
1225 1986 1459 2041 πλοῦτον
1489 1988 1594 2041 ὑπὸ
1621 1990 1714 2043 τὸν

137 2085 301 2153 ἥλιον
330 2082 735 2154 φυλασσόμενον
766 2081 846 2145 είς
878 2080 1122 2135 κάκωσιν
1155 2080 1249 2134 τοῦ
1299 2079 1650 2146 συνάξαντος.
1691 2102 1710 2133 ι

136 2177 373 2247 Νοητῶς
402 2177 462 2230 δὲ
484 2174 547 2229 τὸ
574 2170 755 2229 Εἶδον
782 2172 1123 2244 ὑποληπτέον
1144 2188 1156 2201 ·
1201 2171 1440 2242 δηλονότι
1471 2175 1582 2236 τοῖς
1602 2190 1716 2227 νοε-

138 2271 262 2339 ροῖς
308 2266 610 2337 ὀφθαλμοῖς
654 2264 749 2318 καὶ
798 2266 864 2335 τῇ
912 2261 1213 2334 καταλήψει
1244 2261 1355 2317 τῶν
1399 2264 1717 2331 γνωστικῶν

133 2361 428 2429 δυνάμεων
461 2357 562 2427 τῆς
590 2356 768 2427 ψυχῆς
788 2372 802 2386 ·
836 2354 1135 2425 ὀφθαλμοῖς
1165 2352 1274 2425 γὰρ
1303 2353 1581 2424 αἰσθητοῖς
1622 2355 1720 2427 τὴν

137 2452 253 2505 ὑπὸ
284 2452 466 2504 πᾶσαν
502 2448 600 2519 τὴν
625 2448 715 2517 ὑφ’
740 2445 893 2517 ἥλιον
925 2443 1349 2515 πολιτευομένην
1379 2445 1593 2508 κακίαν,
1621 2446 1720 2516 οὐχ

135 2538 256 2595 οἶόν
284 2540 345 2595 τέ
371 2543 519 2594 ἐστιν
556 2538 683 2591 ἰδεῖν
712 2534 958 2590 ὁπωσοῦν
978 2551 991 2565 ⁸
1026 2529 1147 2588 εἷτᾶ
1174 2552 1339 2604 φησιν
1362 2552 1374 2565 ·

1812 2000 1913 2057 est,
1945 1993 2088 2063 quod
2122 1992 2198 2044 ait
2225 2008 2237 2043 :
2279 2009 2297 2042 ι
2334 1988 2461 2045 Vidi
2490 1990 2704 2044 divitias
2734 1990 2835 2045 sub
2866 1990 2979 2044 sole
3010 1990 3309 2044 custoditas
3334 1990 3388 2044 in

1812 2084 1929 2154 ejus
1958 2085 2273 2153 perniciem,
2311 2082 2401 2151 qui
2437 2083 2631 2149 coegit.
2660 2101 2677 2133 ι
2715 2080 2807 2135 Est
2838 2090 3017 2135 autem
3050 2080 3203 2143 illud,
3246 2078 3389 2145 Vidi,

1813 2177 1880 2231 de
1906 2179 2104 2232 mentis
2132 2177 2339 2231 visione
2365 2174 2795 2243 intelligendum,
2820 2174 2934 2227 sive
2957 2174 3024 2228 de
3055 2172 3390 2243 spiritalibus

1815 2269 1989 2324 oculis
2010 2280 2061 2323 et
2085 2268 2593 2336 comprehensione,
2619 2282 2741 2335 quze
2762 2266 2829 2322 ad
2853 2266 3047 2320 auium
3072 2267 3178 2319 vim
3201 2265 3390 2335 cogni-

1824 2360 2133 2430 tionemth
2172 2361 2421 2429 pertinet.
2460 2360 2599 2421 Nam
2636 2358 2912 2427 corporeis
2940 2357 3158 2426 quidem
3190 2358 3387 2422 oculis,

1822 2466 1943 2520 quat
1982 2466 2074 2519 per
2104 2453 2416 2503 universam
2449 2459 2646 2503 terram
2678 2459 2944 2513 versatur,
2985 2448 3265 2502 hominum
3296 2464 3392 2502 ue-

1824 2542 2051 2612 quitiam
2080 2556 2220 2595 uuus
2259 2541 2440 2595 videre
2470 2541 2595 2610 quis
2634 2538 2840 2609 possit?
2870 2538 3032 2594 Addit
3059 2538 3251 2594 deinde
3282 2556 3297 2594 :

1689 2674 1835 2746 §IV.

221 2765 401 2823 Εἶδον
437 2766 553 2837 ἐγὼ
589 2764 838 2835 ἀγαθὸν,
892 2765 925 2817 ὅ
968 2765 1099 2818 ἐστι
1148 2764 1361 2828 καλὸν,
1396 2765 1463 2818 τὸ
1508 2767 1719 2836 φαγεῖν

137 2862 249 2912 καὶ
280 2860 348 2912 τὸ
378 2858 555 2921 πιεῖν,
596 2857 693 2911 καὶ
725 2856 791 2909 τὸ
823 2854 971 2909 ίδεῖν
1005 2856 1403 2925 ἀγαθωσύνην
1445 2858 1513 2910 ἐν
1539 2858 1719 2911 παντὶ

144 2951 352 3016 μόχθῳ
380 2945 589 3009 αὑτοῦ,
623 2938 671 3011 ᾧ
710 2944 786 2997 ἂν
806 2944 1087 3013 ιιοχθιζσῃ
1118 2944 1235 2998 ὑπὸ
1266 2945 1372 2997 τὸν
1402 2944 1598 3012 ἣλιον,
1626 2948 1719 3000 ἐπ’

137 3039 400 3107 ἀριθμὸν
428 3035 663 3106 ἡμερῶν
705 3033 853 3101 ζωῆς
888 3034 1094 3095 αὐτοῦ,
1121 3030 1208 3088 ὧν
1238 3036 1462 3089 ἔδωκεν
1505 3038 1662 3103 αὐτῷ
1689 3042 1721 3092 ό

1891 2768 2053 2825 Vnus.
2088 2770 2172 2833 l8,
2202 2771 2285 2824 l9.
2327 2769 2443 2822 Vidi
2464 2786 2556 2838 ego
2584 2768 2794 2831 bonum,
2825 2769 2963 2836 quod
2988 2777 3065 2823 est
3086 2767 3385 2835 pulchrum,

1815 2862 2080 2913 comedere
2111 2871 2265 2929 atque
2303 2859 2492 2924 bibere,
2523 2869 2571 2913 et
2608 2875 2815 2914 cernere
2846 2860 3129 2913 bonitatem
3160 2861 3216 2912 in
3245 2863 3391 2915 onmi

1817 2950 1993 3004 labore
2035 2968 2150 3014 suo,
2184 2968 2484 3021 quocunque
2522 2953 2835 3006 laboraverit
2873 2951 2967 3005 sub
3010 2953 3119 3006 sole
3164 2970 3257 3021 per
3285 2970 3386 3007 nu-

1819 3058 2014 3096 merum
2056 3044 2256 3098 dierum
2295 3046 2417 3099 t'itw
2456 3061 2586 3108 sum,
2627 3060 2756 3115 quos
2801 3043 2943 3096 dedit
2984 3044 3031 3097 ei
3075 3042 3251 3107 Deus;
3290 3048 3386 3098 hoc

145 3131 330 3194 Θεὸς-⁸
364 3129 451 3181 ὅτι
484 3129 628 3180 αὐτὸ
655 3126 824 3195 μερὶς
861 3126 1068 3179 αὐτοῦ.
1117 3127 1228 3180 Kal
1254 3144 1320 3195 γε
1349 3125 1465 3191 πᾶς
1497 3127 1624 3196 aro,
1647 3144 1718 3182 ω-

1819 3138 2004 3203 quippe
2028 3144 2105 3188 est
2130 3152 2252 3202 pars
2277 3136 2408 3204 ejus.
2435 3136 2501 3190 Et
2518 3138 2728 3205 quidem
2752 3137 2920 3189 omnis
2939 3136 3112 3199 homo,
3140 3139 3227 3190 cui
3246 3140 3389 3192 dedit

138 3239 286 3288 πος,
313 3216 363 3289 ᾦ
404 3221 627 3274 ἔδωκεν
650 3217 811 3283 αὐτῷ
845 3222 877 3271 o'
912 3219 1055 3283 Θεὸς
1086 3219 1351 3272 πλοῦτον
1393 3220 1491 3272 καὶ
1528 3219 1716 3289 ὑπάρ-

1820 3225 1921 3292 ipsi
1949 3224 2086 3279 Deus
2119 3227 2331 3279 divitias
2362 3239 2409 3279 et
2439 3229 2813 3291 substantiam,
2850 3230 3201 3299 concessitque
3226 3230 3296 3293 ei,
3330 3242 3386 3285 ut

140 3327 372 3379 κοντα,
429 3310 529 3363 καὶ
572 3308 937 3371 ἐξουσίασεν
981 3309 1166 3360 αὑτὸν
1216 3307 1321 3361 τοῦ
1365 3309 1575 3377 φαγεῖν
1616 3309 1717 3364 ἀπ’

139 3401 362 3465 αὐτοῦ,
402 3399 498 3453 καὶ
536 3399 745 3452 λαϐεῖν
785 3398 851 3451 τὸ
874 3398 1054 3468 μέρος
1089 3400 1297 3459 αὐτοῦ,
1340 3404 1433 3454 καὶ
1480 3402 1587 3456 τοῦ
1621 3405 1719 3457 εὐ-

141 3490 495 3561 φρανθῆναι
543 3492 614 3545 ἐν
650 3494 855 3559 μόχθῳ
904 3492 1111 3553 αὑτοῦ,
1159 3492 1336 3545 τοῦτο
1376 3493 1529 3563 δόμα
1574 3494 1720 3549 Θεοῦ

139 3583 359 3634 ἐστιν·
395 3581 485 3632 ὅτι
529 3582 600 3633 οὐ
643 3578 883 3644 πολλὰς
907 3580 1325 3647 μνησθήσεται
1364 3584 1468 3648 τὰς
1499 3583 1723 3651 ἡμέρας

141 3671 272 3739 τῆς
316 3668 464 3738 ζωῆς
511 3669 719 3733 αὑτοῦ,
754 3670 843 3723 ὅτι
872 3673 904 3723 ό
942 3670 1087 3738 Θεὸς
1131 3672 1394 3742 περισπᾷ
1438 3673 1623 3727 αὑτὸν
1655 3675 1723 3727 ἐν

144 3762 477 3831 ἀφροσύνῃ
504 3761 752 3830 καρδίας
777 3762 984 3816 αὑτοῦ.

237 3854 579 3923 Ἀρῤωστίαν
608 3853 703 3906 τοῦ
743 3853 958 3907 ἔνδοθεν
983 3855 1142 3926 ἡμῶν
1165 3856 1452 3928 ἀνθρώπου
1480 3860 1724 3929 πονηρὰν

142 3943 438 4012 ὀνομάσας
490 3942 551 3995 τὸ
598 3942 952 4015 θησαυρίζειν
997 3947 1090 3998 καὶ
1134 3948 1423 4016 φυλάττειν
1467 3948 1559 4002 τὸν
1603 3967 1726 4004 συν-

144 4032 518 4103 αθροισθέντα
549 4033 778 4088 πλοῦτον
808 4037 863 4088 ὲν
886 4035 1098 4100 πολλοῖς
1143 4038 1361 4108 μόχθοις
1388 4042 1481 4092 καὶ
1514 4040 1724 4106 κόποις,

147 4124 257 4176 καὶ
298 4124 540 4193 χαλεπὰς
572 4125 1003 4197 ἀντιπαρέχοντα
1028 4128 1103 4198 τῷ
1132 4129 1452 4199 φυλάττοντι
1497 4132 1597 4194 τὰς
1638 4132 1728 4187 διὰ

145 4216 262 4286 τὴν
316 4216 561 4285 φυλακὴν
602 4216 990 4287 άνταμείψεις·
1043 4220 1123 4283 εἰς
1158 4221 1265 4313 γὰρ
1295 4222 1538 4277 κάκωσιν
1582 4225 1729 4294 εὑρί-

148 4326 378 4373 σκεται,
412 4310 568 4378 φησὶ,
600 4308 693 4362 τοῦ
719 4310 1076 4379 φυλάττοντος
1097 4328 1110 4342 ο
1142 4308 1235 4365 καὶ
1263 4313 1565 4379 διεξοδικῶς
1595 4316 1729 4368 καθ-

144 4400 490 4470 υπογράψας
533 4402 634 4471 τὴν
690 4402 797 4455 τῶν
843 4402 1053 4455 πολλῶν
1098 4404 1402 4474 ἀνθρώπων
1455 4408 1512 4459 ὲν
1553 4408 1728 4477 τούτῳ

1817 3329 1881 3370 ea:
1912 3319 2025 3386 ipsa
2061 3331 2365 3386 nosceretur,
2397 3330 2445 3374 et
2478 3320 2681 3374 tolleret
2710 3333 2914 3389 partem
2952 3337 3124 3382 suam,
3156 3330 3206 3375 et
3243 3322 3390 3376 lwta-

1820 3419 1964 3461 retur
2004 3412 2057 3462 in
2093 3411 2267 3464 labore
2294 3427 2410 3476 suo,
2440 3413 2537 3464 hoc
2584 3411 2675 3465 Dei
2711 3418 2904 3465 donum
2941 3423 3017 3465 est
3054 3429 3073 3466 :
3111 3430 3209 3466 non
3249 3415 3388 3467 enim

1820 3499 2023 3553 dierum
2058 3506 2343 3556 multorum
2372 3504 2489 3555 vim
2526 3519 2635 3555 sua:
2676 3502 3057 3561 recordabitur,
3086 3505 3210 3574 quia
3249 3504 3389 3560 Deut

1821 3601 2039 3656 occupat
2070 3608 2188 3646 eum
2218 3594 2269 3646 in
2300 3592 2490 3648 (milia
2519 3595 2691 3647 cordis
2720 3594 2835 3662 ejus
2865 3594 2998 3663 ('51).

1897 3860 2190 3931 Postquam
2220 3860 2518 3915 ditcsceudi
2549 3858 2788 3913 studium
2824 3869 2877 3914 et
2905 3860 3232 3916 laboriosam
3269 3879 3388 3919 mo-

1826 3953 2129 4020 lestantque
2182 3958 2558 4019 coogestarum
2622 3963 2786 4018 opum
2848 3950 3190 4013 custodiam,
3251 3954 3393 4008 unde

1826 4044 2019 4098 acerba
2052 4056 2275 4111 prorsus
2305 4039 2687 4095 sollicitudinis
2723 4054 2931 4094 merces
2955 4041 3162 4095 custodi
3201 4057 3393 4111 repen-

1826 4133 1995 4195 ditur,
2044 4133 2340 4201 pessimum
2383 4130 2548 4183 animi
2592 4130 2764 4184 nostri
2804 4130 3118 4199 languorem
3155 4134 3393 4202 appella-

1828 4226 1905 4279 vit
1936 4242 1950 4278 :
1982 4224 2182 4293 quippe
2213 4238 2333 4292 qua:
2368 4221 2421 4275 in
2457 4221 2775 4291 perniciem,
2811 4222 3008 4290 inquit,
3039 4225 3395 4282 custodientis

1828 4331 1947 4371 e~se
1979 4314 2311 4377 invenimus;
2341 4328 2404 4366 ac
2438 4320 2723 4381 postquam
2754 4328 2848 4381 per
2874 4313 3265 4385 digressionem
3298 4318 3392 4372 lto-

1830 4407 2036 4460 miuum
2070 4406 2366 4457 multorum
2398 4403 2499 4456 hac
2531 4402 2582 4455 iu
2612 4416 2669 4456 re
2690 4402 2957 4457 insaniam
2988 4406 3301 4476 descripsit;
3328 4408 3393 4462 ad

146 4492 552 4564 παραπληξίαν
575 4508 590 4521 ⁸
620 4494 953 4561 ἅντιτίθησιν
984 4495 1062 4548 ἔτι
1080 4495 1212 4567 πρὸς
1237 4496 1459 4567 ἔλεγχον
1503 4498 1723 4563 τούτων,

1830 4499 2144 4551 eorumdem
2198 4494 2673 4564 reprehensionem
2731 4495 2955 4563 opponit
3006 4506 3287 4565 praetcrea.
3338 4509 3398 4553 ιιι

146 4584 305 4636 κατὰ
354 4583 414 4635 τὸ
461 4586 1044 4655 προσυπηκουσμένον,
1144 4587 1237 4640 καὶ
1284 4588 1553 4641 πλοῦτον
1587 4590 1732 4658 ἁγα-

148 4678 292 4741 θὸν,
328 4676 387 4729 οὐ
439 4676 517 4746 τῷ
575 4676 775 4742 δοκεῖν,
807 4676 942 4731 ἀλλὰ
990 4678 1152 4731 καλὸν
1179 4680 1255 4742 ὡς
1298 4680 1515 4748 ἀληθῶς
1560 4698 1733 4750 πεφυ-

147 4767 298 4819 κὸτα
333 4768 421 4822 καὶ
451 4766 1041 4837 παραλαμὸανόμενον,
1070 4768 1311 4839 δηλονότι
1338 4771 1429 4823 τὸν
1472 4772 1611 4841 μετὰ
1634 4772 1734 4843 τὴν

147 4858 418 4927 αὖτέρκη
448 4858 641 4927 χρείαν
669 4857 855 4910 τοῦτον
900 4858 1129 4912 πλοῦτον
1161 4860 1610 4932 συναθροίσαντος
1639 4863 1737 4916 καὶ

149 4949 551 5016 φυλάττοντος,
599 4949 778 5020 ἥνπερ
827 4950 1069 5020 ἐσήμανε
1119 4951 1206 5004 διὰ
1249 4950 1342 5004 τοῦ
1394 4952 1586 5019 φάναι,
1622 4970 1641 5003 ι
1675 4953 1736 5006 τὸ

149 5041 367 5108 φαγεῖν
394 5041 487 5091 καὶ
528 5039 589 5092 τὸ
622 5041 769 5092 πιεῖν
792 5055 806 5069 ·
845 5059 865 5092 ι
904 5041 1209 5105 ἀκολούθως
1252 5044 1345 5096 καὶ
1384 5048 1498 5108 τοῖς
1532 5045 1736 5099 ἐνδεέσι

147 5129 554 5198 διανεμόμενον
581 5147 653 5181 πα
664 5130 730 5198 ρὰ
752 5130 861 5181 τῶν
880 5130 1079 5202 χειρῶν
1098 5132 1193 5184 τοῦ
1219 5133 1538 5203 κατέχοντος
1558 5151 1571 5164 ·
1596 5133 1734 5188 ὥστε

151 5220 468 5274 ῦεάσασθαι
512 5222 607 5274 καὶ
650 5223 761 5284 τοῖς
809 5221 959 5282 ἰδίοις
1007 5222 1307 5294 ὀφθαλμοῖς
1366 5228 1445 5287 είς
1510 5227 1733 5294 (1700m-

254 5401 302 5433 ³³
331 5404 346 5422 ·
380 5399 574 5455 Matth.
606 5417 734 5469 xxv,
766 5403 857 5458 4t.

242 5513 355 5584 (5i)
396 5512 502 5569 Sed
535 5516 676 5583 apud
723 5513 866 5568 LXX
917 5514 1043 5569 sic:
1096 5511 1225 5584 Ἰδοὺ
1271 5507 1412 5584 εἶδον
1456 5509 1741 5584 ὲγὼᾼάγαζ

153 5579 283 5645 θδν,
311 5579 345 5637 ὅ
376 5587 489 5638 ἐστι
519 5579 701 5651 καλὸν,
729 5584 824 5637 τοῦ
857 5586 1060 5654 φαγεῖν
1091 5582 1184 5654 καὶ
1211 5581 1306 5654 τοῦ
1336 5586 1478 5654 πιεῖν
1503 5581 1601 5654 καὶ
1641 5579 1737 5633 τοῦ

156 5645 770 5733 ἰξεῖν-ἀγαθωσύνηνὲν
798 5645 960 5733 παντὶ
995 5652 1178 5733 μόχθιε
1210 5650 1399 5713 αὐτοῦ,
1430 5645 1472 5733 εἶ)
1633 5666 1732 5733 μο-

152 5724 268 5795 χθῇ
296 5718 404 5795 diri)
419 5724 527 5795 -τὸν
556 5718 707 5792 ἥλιον
733 5724 967 5795 ἀριθμὸν
987 5718 1729 5795 ᾖμερῶν.....-καὶᾷέξουσίαο

157 5790 267 5848 ὗεν
298 5791 454 5861 αὐτῷ
483 5790 679 5861 φαγεῖν
728 5790 823 5848 ἀπ’
849 5790 1128 5847 αὑτοῦζ⁷...ζ
1174 5792 1255 5845 ὅτι
1296 5791 1359 5844 οὐ
1390 5790 1560 5844 πολλὰ
1594 5805 1727 5861 μνη-

1833 4587 2265 4643 subaudiendum
2291 4593 2397 4647 est,
2434 4585 2646 4637 divitias
2676 4601 2893 4653 quoque
2925 4588 3110 4650 bonas,
3152 4603 3258 4641 non
3290 4591 3397 4642 uli-

1831 4693 1937 4747 que
1967 4678 2107 4740 visu,
2138 4685 2192 4729 at
2218 4691 2404 4728 revera
2440 4675 2698 4744 pulchras
2733 4686 2787 4729 et
2813 4687 3003 4730 natura
3032 4678 3164 4732 tales
3195 4678 3397 4732 haben-

1830 4770 1947 4831 das,
1980 4783 2074 4820 cas
2123 4782 2335 4833 nempe,
2370 4781 2508 4835 quas
2554 4766 2677 4834 quis
2706 4765 2984 4834 collegerit
3039 4776 3092 4820 et.
3125 4770 3402 4823 custodiat

1835 4859 2176 4915 moderatum
2206 4858 2260 4911 in
2287 4872 2470 4920 usum,
2502 4872 2662 4925 quem
2698 4857 2805 4911 illis
2833 4858 3014 4911 verbis
3044 4858 3413 4926 signiﬁcavit;

1838 4970 1856 5002 ι
1896 4948 2185 5003 comedere
2241 4955 2405 5015 atque
2445 4947 2627 5001 bibere
2673 4963 2686 4999 :
2727 4966 2745 4999 ι
2792 4954 2847 5000 ct
2883 4964 3004 5017 quze
3052 4963 3158 5001 non
3218 4950 3400 5004 minus

1830 5041 2014 5112 egenis
2064 5056 2282 5111 quoque
2320 5039 2525 5093 demitti
2572 5041 2826 5094 manibus
2863 5040 3302 5106 distribuantur;
3340 5051 3397 5096 ut

1831 5143 1885 5188 et
1918 5131 2092 5186 oculis
2129 5130 2243 5199 ipse
2288 5129 2402 5183 suis
2442 5145 2535 5184 eas
2568 5130 2622 5183 in
2658 5129 2941 5183 bonitatem
2993 5146 3281 5209 conversas
3316 5132 3399 5184 vi-

1832 5225 1979 5288 deat,
2007 5221 2168 5294 159
2186 5237 2306 5291 qua:
2335 5221 2762 5276 misericordiam
2790 5222 3037 5291 designat
3063 5231 3116 5276 et
3148 5222 3402 5275 humaui-

1837 5511 2094 5582 σθήσεται
2121 5510 2221 5573 τὰς
2252 5511 2463 5582 ἡμέρας
2490 5510 2589 5582 τῆς
2615 5510 2760 5579 ζωῆς
2800 5510 3009 5582 αὑτοῦτ.
3043 5549 3078 5562 ..
3110 5510 3303 5581 Olytnp

1833 5576 1909 5633 ὧν
1925 5576 2141 5636 ’ἔδωκεν
2169 5584 2198 5633 ό
2220 5576 2350 5644 Θεὸς
2372 5576 2556 5651 -αὺτῷί
2589 5576 2815 5633 πλοῦτον
2846 5581 2935 5632 καὶ
2965 5576 3283 5651 ὑπάρχοντα
3304 5582 3395 5634 καὶ

1830 5651 2079 5715 ἐξουσίαν
2112 5653 2169 5704 ἐν
2198 5651 2349 5720 αὐτῷ
2379 5650 2473 5703 τοῦ
2508 5655 2703 5720 φαγεῖν
2749 5651 2843 5703 ἀπ’
2876 5650 3060 5711 αὑτοῦ,
3083 5650 3183 5703 καὶ
3213 5650 3394 5704 λαϐεῖν

1827 5723 1887 5775 τὸ
1917 5722 2082 5793 μέρος
2109 5720 2295 5786 αὑτοῦ,
2327 5722 2419 5775 καὶ
2440 5722 2533 5775 τοῦ
2564 5720 3022 5792 εὐφρανθῆναι....
