4192 6436
180 368 291 426 965

1262 363 1343 422 ΙΝ
1385 363 1957 426 ECCLESIAS’I‘EN.
2010 393 2077 402 --
2121 375 2262 430 LIB.
2312 372 2379 430 V.

3326 381 3433 442 966

181 475 332 544 αῦτῴ
373 473 636 526 συναπιὸν
678 473 766 525 καὶ
821 471 1306 542 συναποιχόμενον.
1360 473 1442 526 Τὸ,
1483 474 1590 542 γὰρ
1634 475 1765 527 αὐτὸ

1868 480 2187 532 nominavit.
2218 479 2352 533 Cum
2384 481 2527 533 enim
2562 481 2787 537 dixisset
2820 501 2832 538 :
2873 503 2890 535 ι
2927 482 2989 538 Ει
3015 485 3231 556 quidem
3258 499 3438 547 omnis

181 567 344 619 τοῦτο
389 566 480 617 καὶ
520 583 537 615 t
581 565 730 634 Δόμα
777 563 912 615 Θεοῦ
955 581 974 613 ι
1012 567 1305 632 προσεῖπεν
1341 565 1369 615 6
1435 565 1596 633 σοφὸς
1635 566 1758 618 Ἐκ-

184 656 520 724 κλησιαστής
545 671 556 683 ·
596 653 765 706 εἰπὼν
801 655 941 722 γὰρ,
995 674 1011 703 ι
1042 654 1150 707 Καί
1180 671 1244 721 γε
1296 655 1401 717 πᾶς
1450 654 1755 726 ἄνθρωπος,

182 749 258 807 ὡς
289 747 487 798 ἔδωκεν
539 744 686 813 αὐτῷ
715 744 846 806 Θεὸς
893 743 1122 797 πλοῦτον
1164 746 1258 796 καὶ
1292 745 1629 816 ὑπάρχοντα,
1665 747 1760 798 καὶ

183 837 493 902 ἐξουσίασεν
525 837 684 888 αὑτὸν
712 835 808 888 τοῦ
837 840 1034 904 φαγεῖν
1062 837 1156 889 ἀπ’
1204 836 1399 901 αὐτοῦ,
1435 838 1529 889 καὶ
1571 836 1759 888 λαϐεῖν

179 931 243 981 τὸ
280 929 444 998 μέρος
474 928 670 992 αὐτοῦ,
703 929 795 981 καὶ
821 928 914 980 τοῦ
950 927 1317 998 εὐφρανθῆναι
1353 931 1410 981 ὲν
1446 927 1633 998 μόχθῳ
1662 927 1758 979 αύο

180 1021 299 1082 τοῦ,
340 1041 356 1071 ι
415 1018 696 1088 παρευθῦς
746 1021 973 1089 ἀμέσως
1026 1021 1295 1090 ἐπήγαγε,
1333 1040 1351 1070 ι
1411 1021 1580 1073 Τοῦτο
1624 1020 1762 1089 δόμα

178 1112 318 1165 θεοῦ
348 1115 517 1174 ἐστιν,
556 1131 574 1163 ι
615 1113 736 1164 ἀντὶ
767 1112 884 1176 τοῦ,
919 1112 1017 1164 Διὰ
1063 1112 1222 1164 τοῦτό
1271 1129 1353 1164 σοι
1403 1112 1623 1175 ἔδωκεν,
1671 1111 1765 1164 ἆν-

185 1203 400 1273 θρωπε,
424 1205 513 1257 τὸν
549 1204 780 1256 πλοῦτον
801 1206 828 1256 ὁ
861 1203 1237 1273 μεγαλόδωρος
1263 1202 1467 1272 Κύριος
1495 1205 1588 1256 καὶ
1613 1203 1765 1268 Θεὸς,

1862 572 2044 626 homo.
2081 571 2169 624 cui
2202 572 2352 624 dedit
2388 573 2487 640 ipsi
2528 571 2674 628 Deus‘
2701 577 2921 631 divitias
2955 587 3006 632 et
3049 580 3435 648 substantiam,

1857 661 2242 729 concessitque
2277 663 2345 725 ei,
2396 672 2454 714 ut
2485 679 2549 714 ex
2596 662 2710 732 ipsa
2761 680 3098 736 vesceretur,
3138 680 3193 725 et
3229 674 3436 731 tolleret

1857 759 2063 818 partem
2090 768 2268 815 suam,
2299 762 2352 805 ct
2385 755 2658 807 laetaretur
2694 754 2744 806 in
2788 757 2970 812 labore
3003 776 3126 823 suo,
3167 783 3183 814 ι
3236 767 3436 834 adjecit

1857 843 2105 909 protinus
2135 859 2146 893 :
2181 862 2198 893 ι
2229 841 2341 895 Hoc
2381 844 2580 898 donum
2620 846 2709 899 Dei
2743 856 2892 911 est”
2936 850 2985 902 id
3015 860 3116 909 est.
3147 863 3433 922 propterea

1865 932 1980 994 t.hi,
2037 948 2069 986 ο
2120 933 2387 1000 mortalis,
2423 935 2640 990 divitias
2697 938 2843 991 drdit
2897 943 3435 1000 munificentissimus

1868 1021 2129 1075 Dominus
2163 1037 2224 1075 ac
2267 1023 2425 1085 Deus,
2465 1034 2522 1076 ut
2558 1040 2652 1077 eas
2689 1028 2970 1095 egentibus
3004 1030 3316 1097 distributas,
3356 1047 3434 1088 at-

1866 1127 1971 1179 que
1999 1112 2211 1166 animas
2239 1114 2447 1181 replcas
2477 1116 2798 1182 esurientes,
2836 1129 2889 1171 et
2923 1135 3018 1174 cor
3050 1131 3198 1176 tuum
3229 1140 3320 1193 spe
3351 1125 3434 1181 fu-

1869 1211 2113 1256 turorum
2148 1207 2490 1271 praemiorum
2528 1206 2786 1262 laetifices.

185 1300 273 1352 ἵνα
304 1300 591 1370 διανείμῃς
622 1299 784 1352 αὑτὸν
811 1301 924 1360 τοῖς
991 1298 1219 1361 ἐνδεέσι,
1263 1299 1355 1350 καὶ
1415 1297 1592 1367 ψυχὰς
1660 1295 1950 1366 ὲμπλήσῃς
2002 1296 2296 1363 πεινώσας,
2343 1301 2436 1352 καὶ
2481 1307 2868 1373 κατευφράνῃς
2921 1322 3012 1357 σου
3068 1309 3164 1377 τὴν
3206 1313 3435 1382 καρδίαν

181 1397 274 1446 ἐπὶ
311 1397 378 1463 τῇ
416 1393 591 1445 ἐλπίδι
626 1394 725 1463 τῆς
756 1393 866 1445 τῶν
901 1392 1206 1460 μελλόντων
1240 1393 1669 1452 ἁνταποδόσεως.

258 1485 604 1557 Παρεμπεδοί
647 1486 704 1538 δὲ
754 1483 913 1538 τοῦτο
948 1484 1041 1536 καὶ
1081 1483 1141 1535 τὸ
1185 1483 1408 1551 ἀμέσως
1453 1484 1752 1552 ἑπόμενον·

1930 1477 2044 1530 Hoc
2091 1493 2219 1532 vero
2270 1493 2333 1532 ea
2385 1479 2570 1544 ctiam,
2623 1495 2744 1549 qua;
2797 1481 3054 1552 deinceps
3105 1499 3431 1555 sequuntur,

181 1580 318 1647 φησι
349 1578 479 1647 γὰρ,
512 1578 594 1628 ὅτι
637 1594 654 1626 ‹
684 1576 758 1628 Οὐ
790 1574 993 1637 πολλὰς
1022 1573 1391 1644 μνησθήσεται
1421 1573 1518 1635 τὰς
1544 1573 1756 1642 ἡμέρας

178 1669 280 1736 τῆς
310 1667 454 1735 ζωῆς
480 1664 668 1724 αὑτοῦ,
713 1683 732 1715 ι
767 1665 888 1717 ἀντὶ
918 1663 1036 1725 τοῦ,
1062 1663 1279 1733 Βραχύς
1314 1664 1460 1715 ἐστιν
1487 1664 1516 1714 6
1547 1662 1749 1732 ἀνθρώ-

179 1776 339 1821 πινος
375 1755 511 1827 βίος,
546 1757 638 1809 καὶ
667 1756 728 1809 τὸ
757 1755 967 1808 στάδιον
998 1755 1098 1822 τῆς
1129 1754 1409 1825 παρούσης
1437 1753 1583 1821 ζωῆς
1610 1753 1756 1806 ὠκύ-

185 1862 357 1914 μορον
391 1844 604 1913 πέφυκε
624 1862 638 1875 ·
690 1844 782 1897 καὶ
825 1845 925 1913 τὴν
972 1843 1245 1913 ποσότητα
1274 1845 1381 1896 τῶν
1410 1844 1631 1913 ἡμερῶν
1658 1845 1756 1914 τῆς

181 1938 321 1998 ἰδίας
352 1936 497 2005 ζωῆς
524 1937 778 2000 ἕκαστος,
804 1937 851 1989 εί
885 1935 1179 2007 βουληθείη
1209 1935 1546 2006 ἐξαριθμεῖν,
1568 1936 1755 2004 ὀλίγας

176 2030 350 2094 αὐτὰς
400 2032 498 2095 καὶ
542 2031 603 2083 οῦ
657 2028 860 2091 πολλὰς
891 2029 1136 2099 εὑρήσει,
1168 2029 1354 2091 καθώς
1400 2027 1503 2080 πού
1538 2047 1698 2100 φησιν
1728 2032 1757 2082 6

179 2124 469 2193 προφήτης
499 2121 666 2174 Δαϐὶδ
711 2121 848 2192 πρὸς
881 2121 1042 2173 αὐτὸν
1076 2118 1476 2190 ἀνακεκραγώς
1503 2138 1516 2150 ο
1570 2140 1588 2172 ι
1644 2120 1755 2190 Τὴν

175 2213 472 2281 ὀλιγότητα
524 2213 632 2264 τῶν
684 2211 906 2281 ἡμερῶν
960 2228 1061 2280 μου
1115 2210 1436 2277 ἀνάγγειλόν
1483 2228 1606 2279 μοι,
1668 2211 1754 2263 ἵνα

174 2303 291 2369 γνῶ
321 2304 374 2356 τί
418 2303 632 2370 ὑστερῶ
684 2301 794 2370 ἐγώ
819 2317 831 2329 ·
883 2321 901 2353 ι
942 2303 1036 2354 καὶ
1075 2301 1257 2371 πολλῷ
1289 2301 1344 2354 δὲ
1391 2302 1553 2354 πλέον
1595 2304 1623 2350 ὁ
1652 2319 1755 2354 πα·

175 2396 444 2465 τριάρχης
483 2395 577 2446 καὶ
624 2393 880 2461 θεοφιλὴς
924 2394 953 2444 6
994 2393 1222 2444 Ἰακώϐ·
1257 2411 1275 2442 ι
1304 2393 1369 2445 Ai
1410 2393 1615 2462 ἡμέραι
1648 2393 1753 2445 τῶν

179 2486 320 2537 ἐτῶν
355 2502 458 2552 μου
505 2484 700 2554 μικραὶ
731 2483 825 2535 καὶ
858 2484 1124 2553 πονηραί·
1161 2503 1180 2534 ι
1215 2483 1312 2546 τὰς
1340 2483 1527 2550 ὀλίγας
1553 2484 1752 2552 ὀνομά-

185 2592 286 2637 σας
335 2576 558 2644 μικράς.
602 2575 666 2624 Ὃ
715 2573 772 2625 δέ
825 2589 1009 2642 φησιν,
1053 2592 1070 2624 ι
1117 2575 1238 2625 Ὅτι
1273 2575 1302 2626 6
1333 2572 1466 2635 Θεὸς
1512 2573 1752 2641 περισπᾷ

177 2667 343 2720 αὑτὸν
372 2668 430 2717 ὲν
475 2664 785 2735 εὐφροσύνῃ
815 2665 1041 2735 καρδίας
1071 2663 1256 2726 αὐτοῦ,
1303 2683 1320 2714 ι
1358 2664 1518 2717 τοῦτο
1548 2665 1750 2734 σημαί-

175 2775 258 2810 νει
296 2755 505 2825 σαφῶς,
538 2756 612 2817 ὡς
641 2755 847 2822 ἀγαθὸς
883 2757 976 2807 καὶ
1015 2754 1396 2824 φιλάνθρωπος
1438 2754 1695 2822 πεφυκὼς
1724 2757 1752 2805 6

1865 1569 2224 1636 confirmant;
2256 1572 2331 1624 ait
2357 1587 2593 1641 namque
2621 1591 2634 1625 :
2673 1592 2691 1623 ι
2729 1572 2844 1626 Νοιι
2877 1576 3021 1628 enim
3053 1579 3258 1632 dierum
3295 1583 3434 1635 mul-

1865 1668 2041 1713 torum
2075 1661 2198 1715 vitae
2228 1677 2340 1715 sua:
2361 1662 2754 1726 recordabitur,
2787 1682 2804 1714 ι
2833 1666 2979 1717 velut
3005 1667 3051 1719 si
3089 1667 3271 1722 dicat:
3303 1670 3434 1726 Bre»

1866 1750 1945 1804 vis
1985 1761 2068 1806 est
2098 1751 2337 1805 hominis
2369 1754 2501 1814 vita,
2548 1754 2777 1821 ejusque
2805 1755 3040 1808 stadium
3072 1759 3240 1812 veloci
3277 1762 3434 1830 plane

1863 1859 2026 1897 cursu
2062 1844 2347 1897 conlicitur
2381 1860 2393 1896 :
2449 1858 2511 1897 ac
2540 1860 2826 1899 numerum
2858 1847 3068 1900 dierum
3101 1849 3221 1904 vita:
3247 1867 3359 1911 suae
3387 1854 3431 1907 si

1864 1949 2149 1987 numerare
2178 1933 2327 1998 velit,
2375 1948 2577 2002 paucos
2625 1950 2721 1988 eos
2769 1937 3023 2004 quisque,
3072 1953 3178 1990 non
3232 1942 3432 1995 multos

1865 2025 2120 2085 inveniet,
2172 2026 2628 2093 quemadinodum
2688 2027 2922 2094 quodam
2980 2028 3032 2080 in
3092 2029 3210 2082 loco
3267 2031 3431 2086 David

1864 2116 2124 2184 propheta
2163 2115 2330 2169 Deum
2360 2117 2640 2184 alloquens
2685 2116 2862 2173 dixit:
2912 2136 2929 2168 ι
2955 2119 3290 2174 Paucitatem
3319 2123 3432 2177 die-

1861 2223 1980 2261 rum
2023 2222 2265 2261 meorum
2308 2208 2496 2260 nuntia
2535 2207 2667 2260 mihi
2710 2209 2774 2271 '7,
2809 2217 2866 2262 ut
2903 2209 3071 2263 sciam
3127 2213 3256 2281 quid
3290 2214 3433 2270 desit

1863 2299 1991 2351 mihi
2019 2299 2103 2363 ‘3;
2141 2317 2160 2347 ι
2209 2313 2272 2352 ac
2305 2299 2475 2351 multo
2505 2299 2654 2365 prius
2698 2298 2909 2353 dixerat
2951 2299 3060 2354 Deo
3099 2303 3301 2357 charus
3342 2322 3432 2375 pa-

1862 2391 2098 2443 triarcha
2132 2387 2301 2443 Jacob
2339 2409 2350 2444 :
2401 2409 2418 2439 ι
2459 2388 2580 2443 Dies
2609 2404 2878 2442 attnorum
2919 2405 3163 2446 meorum
3203 2399 3349 2462 parvi
3378 2408 3432 2453 et

1861 2479 1989 2534 ntali
2023 2479 2166 2550 (55);
2209 2499 2226 2530 ι
2262 2479 2354 2549 qui
2414 2478 2570 2547 pauci
2627 2487 2828 2541 essent,
2884 2494 3082 2548 parvos
3130 2486 3428 2552 appellans.

1861 2559 2014 2636 Quod
2042 2585 2170 2623 vero
2200 2570 2273 2623 ait
2306 2589 2318 2623 :
2357 2588 2375 2619 ι
2409 2568 2544 2634 Quia
2570 2567 2712 2621 Deus
2740 2578 2968 2636 occupat
2996 2585 3120 2623 eum
3155 2573 3205 2624 in
3243 2573 3429 2628 laatitia

1859 2663 2040 2716 cordis
2082 2663 2189 2722 sui,
2231 2681 2248 2712 ι
2300 2659 2585 2714 manifeste
2633 2660 2735 2712 hoc
2770 2659 3059 2728 significat,
3091 2677 3119 2714 a
3168 2661 3297 2729 Deo,
3334 2668 3428 2733 qui

1859 2754 2036 2807 bonus
2091 2761 2280 2805 natura
2311 2761 2394 2805 est
2443 2758 2494 2804 et
2548 2750 2826 2803 hominum
2860 2753 3291 2817 amantissimus,
3327 2759 3426 2809 ho-

173 2847 312 2908 Θεὸς
356 2845 633 2912 ἐντίθησιν
685 2848 764 2907 εἰς
815 2845 916 2908 τὰς
975 2844 1320 2913 ἀνθρωπίνας
1377 2845 1601 2914 καρδίας
1645 2845 1753 2896 τῶν

1862 2856 1982 2894 rum
2007 2841 2203 2894 animis
2226 2841 2451 2894 inditam
2483 2840 2676 2892 futura:
2707 2840 2826 2892 vitae
2853 2841 3254 2907 cogitationem,
3284 2846 3428 2898 dmi.

179 2935 490 3003 μελλόντων
520 2934 617 3004 τὴν
646 2933 875 2999 ἔννοιαν,
910 2934 1002 2986 καὶ
1039 2934 1254 2987 δίδωσιν
1281 2935 1472 2996 αὐταῖς
1504 2937 1562 2986 ὲν
1594 2936 1751 3004 ἐλεη-

179 3027 445 3094 μοσύναις
481 3027 572 3078 καὶ
603 3028 906 3095 οἰκτιρμοίς
956 3027 1204 3096 πενήτων
1249 3027 1349 3096 ζῇν
1401 3027 1751 3097 βουλομέναις

176 3117 400 3169 πλείονα
460 3117 847 3187 περισπασμὸν
898 3117 998 3184 τῆς
1050 3117 1182 3184 πρὸς
1237 3119 1360 3179 τοὺς
1419 3118 1749 3186 πενομένους

172 3207 440 3275 διαμονῆς
461 3224 474 3239 ο
512 3208 598 3260 ἵνα
646 3208 740 3259 καὶ
776 3207 1022 3269 πλείονος
1057 3207 1395 3278 εὐφροσύνης
1425 3209 1750 3279 ἐμφορηθῶ-

175 3313 265 3348 σιν
304 3299 359 3349 ὲν
403 3299 466 3366 τῇ
501 3297 675 3348 ἐλπίδι
702 3296 800 3363 τῆς
843 3297 1219 3364 ἀνταμείψεως
1267 3297 1376 3350 τῶν
1424 3298 1745 3367 μελλόντων.

177 3388 245 3439 El
273 3387 378 3454 γὰρ
417 3405 436 3436 ι
483 3386 893 3453 κατακαυχᾶται
941 3385 1090 3437 ἔλεον
1124 3386 1379 3454 κρίσεως,
1419 3405 1437 3439 ι
1473 3388 1546 3450 ὣς
1587 3404 1750 3457 φησιν

175 3479 208 3527 6
238 3477 550 3545 ἁδελφόθεος
586 3477 674 3528 καὶ
703 3477 872 3544 μέγας
914 3477 1196 3538 Ἰάκωϐος·
1229 3477 1344 3530 ἐστι
1367 3480 1423 3530 δέ
1453 3496 1535 3540 τις
1569 3479 1745 3531 ποιοῦ·

181 3585 342 3633 μενος
392 3567 638 3635 δαψιλεῖς
686 3567 784 3627 τὰς
825 3566 1215 3635 ἐλεημοσύνας,
1269 3568 1384 3630 πῶς
1415 3569 1537 3638 οὐχὶ
1567 3570 1748 3637 πάσης

179 3659 602 3728 πληρωθήσεται
645 3657 1020 3727 πνευματικῆς
1068 3658 1433 3729 εύφροσύνηςς
1488 3660 1616 3712 ὅταν
1669 3663 1748 3724 εἰς

179 3751 487 3819 εύθύμησιν
513 3749 643 3819 ἔλθῃ
667 3750 765 3818 τῆς
800 3749 906 3801 ἀπὸ
939 3749 1031 3800 τοῦ
1069 3750 1335 3818 παρόντος
1365 3749 1479 3818 βίου
1509 3767 1746 3819 μετανα-

182 3840 447 3898 στάσεως,
471 3835 702 3900 ἐλπίζων
727 3835 1041 3898 ἀπολαϐεῖν,
1077 3838 1221 3906 ἆπερ
1251 3838 1565 3906 ἐσκόρπισε,
1598 3839 1749 3908 παρὰ

177 3932 281 3998 τῆς
314 3930 488 3982 πάντα
520 3925 884 3997 ταλαντεύσης
914 3927 980 3979 τὰ
1019 3927 1332 3995 ἀνθρώπινα
1355 3928 1748 3997 δικαιοκρισίας

178 4017 544 4087 θεοπρεποῦς,
579 4017 654 4078 ὡς
679 4017 773 4068 καὶ
813 4016 950 4085 μετὰ
987 4016 1081 4067 τοῦ
1119 4019 1398 4086 προφήτου
1427 4018 1607 4085 λέγειν
1645 4021 1747 4072 Δα-

177 4111 269 4162 ὅίδ
291 4128 303 4140 ο
339 4129 356 4159 ι
397 4110 554 4178 Οἴμοι
584 4108 662 4160 ὅτι
697 4111 728 4175 ἡ
777 4107 1038 4176 παροικία
1083 4123 1186 4175 μου
1215 4109 1529 4179 έμακρύνθη
1553 4125 1567 4138 ⁶
1618 4127 1746 4162 κατ·

1856 2932 2080 3001 queiis,
2113 2933 2204 3000 qui
2236 2947 2365 3001 erga
2395 2947 2594 2999 egenos
2627 2932 2846 3000 benigni
2876 2949 3092 3002 semper
3122 2951 3183 2988 ac
3215 2937 3427 2991 miseri-

1857 3025 2045 3077 cordes
2076 3039 2194 3077 csse
2229 3024 2468 3085 student,
2502 3023 2916 3091 propensionem
2962 3027 3254 3093 quamdam
3306 3045 3427 3082 ma-

1852 3115 2052 3184 jorem,
2087 3129 2196 3184 quo
2227 3116 2417 3182 inopes
2450 3115 2603 3184 151
2647 3115 2903 3170 libentius
2937 3115 3154 3172 foveant
3188 3137 3200 3171 :
3240 3127 3296 3173 ut
3329 3136 3427 3192 spe

1857 3205 2162 3257 futurorum
2195 3205 2539 3272 praemiorum
2568 3204 2872 3268 cxhilarati,
2907 3209 3262 3263 cumulatiore
3289 3226 3425 3280 gau-

1854 3295 1944 3348 dio
1970 3295 2363 3363 compleantur.
2395 3292 2450 3347 Si
2477 3295 2620 3348 enim
2658 3313 2676 3345 ι
2711 3297 3077 3363 superexaltat
3115 3299 3425 3354 misericor-

1854 3387 1941 3439 dia
1964 3386 2230 3454 judicium
2256 3387 2323 3450 ”,
2363 3404 2382 3436 ι
2414 3387 2874 3454 quemadmodum
2904 3388 2980 3440 ait
3013 3404 3240 3458 magnus
3267 3390 3424 3446 Jaco-

1857 3475 1957 3528 bus
1992 3475 2079 3527 Dei
2123 3473 2308 3536 frater,
2349 3476 2625 3543 quomodo
2670 3476 2761 3544 qui
2801 3491 2860 3530 se
2913 3479 3316 3534 misericordem
3357 3497 3422 3537 ac

1856 3566 2128 3620 liberalem
2163 3567 2474 3634 praebuerit,
2511 3583 2616 3618 non
2651 3568 2800 3619 omni
2851 3569 3031 3620 Iretitia
3064 3571 3291 3638 spiritali
3320 3587 3421 3625 cu-

1855 3657 2138 3710 muletur?
2170 3657 2301 3709 Cum
2331 3657 2442 3724 jam
2473 3656 2773 3724 proximam
2805 3671 2868 3709 ex
2898 3657 2998 3710 hac
3033 3658 3136 3710 vita
3166 3662 3420 3713 transmi-

1855 3748 2151 3818 grationcm
2179 3747 2328 3799 Ianus
2351 3745 2679 3814 praesentiat,
2702 3754 2756 3800 et
2777 3757 3116 3814 recepturum
3140 3763 3196 3801 se
3217 3761 3416 3816 speret,

1854 3853 1973 3904 quae
1999 3835 2334 3904 disperserit,
2380 3834 2587 3902 judicio
2620 3836 2736 3902 ejus
2765 3835 2949 3889 divino
2981 3835 3416 3906 iustissimoque,

1853 3926 1946 3994 qui
1995 3935 2188 3979 cuncta
2232 3923 2510 3977 hominum
2559 3924 2698 3978 facta
2734 3925 2995 3992 ponderat
3029 3943 3040 3978 :
3076 3925 3258 3994 itaque
3290 3943 3413 3981 cum

1855 4018 2050 4072 Davide
2073 4017 2328 4087 propheta
2360 4017 2504 4071 dicat
2540 4036 2551 4070 :
2593 4037 2610 4068 ι
2657 4016 2751 4070 llei
2803 4019 2958 4081 mihi,
2984 4019 3110 4086 quia
3147 4021 3414 4074 incolatus

1853 4124 2007 4162 meus
2036 4108 2391 4178 prolongatus
2417 4118 2502 4162 est
2541 4126 2553 4160 :
2607 4108 2842 4160 habitavi
2875 4124 3000 4160 cum
3048 4112 3414 4166 tabernaculis

177 4201 467 4269 εσκήνωσα
505 4197 643 4267 μετὰ
669 4197 775 4248 τῶν
806 4196 1184 4266 σκηνωμάτων
1213 4196 1431 4266 Κηδάρ·
1474 4215 1491 4248 ι
1527 4199 1621 4251 καὶ
1651 4199 1746 4251 σὺν

1855 4198 2020 4252 Cedar
2043 4197 2131 4264 ⁸⁰ς
2161 4216 2179 4248 ι
2235 4207 2288 4252 et
2329 4213 2455 4252 cum
2504 4196 2673 4250 Paulo
2728 4197 2923 4250 clamet
2973 4197 3083 4265 (54)
3127 4214 3141 4252 :
3185 4217 3201 4248 ι
3239 4199 3413 4268 Cupio

174 4290 260 4357 τῷ
309 4289 504 4357 Παύλῳ
551 4288 715 4357 βοᾷν’
768 4306 785 4337 ι
848 4284 1132 4356 Ἐπιθυμῶ
1192 4285 1459 4339 ἀναλῦσαι
1500 4287 1594 4339 καὶ
1646 4289 1742 4340 σὺν

250 4444 292 4474 ³⁷
324 4442 464 4496 Psal.
500 4455 552 4496 Ct
583 4483 596 4506 ,
635 4442 724 4495 αι.

250 4584 360 4652 (53)
399 4583 590 4638 Genes.
630 4599 795 4648 nvn,
842 4583 895 4636 9.
946 4581 1049 4636 Sed
1085 4581 1228 4652 apud
1276 4580 1414 4634 LXX
1452 4582 1638 4648 leges:
1675 4585 1740 4637 At

176 4655 377 4722 ἡμέραι
409 4653 514 4704 τῶν
546 4653 679 4704 ἐτῶν
711 4652 809 4720 τῆς
836 4653 977 4720 ζωῆς
1003 4669 1123 4720 μου,
1159 4651 1224 4712 ἃς
1261 4651 1526 4722 παροικῶ,
1549 4654 1741 4707 ἑκατὸν

168 4721 470 4792 τριᾲκοντα
516 4723 646 4792 ἐτηξ
704 4724 894 4792 μικραὶ
929 4725 1021 4792 καὶ
1068 4721 1302 4790 πονηραὶ
1349 4721 1637 4788 γεγόνασιν
1685 4725 1740 4775 αἱ

171 4791 379 4861 ἡμέραι
398 4791 512 4861 τῶν
543 4790 680 4844 ὲτῶν
707 4790 814 4860 τῆς
848 4791 992 4860 ζωῆς
1023 4807 1143 4861 μου.

247 4859 357 4931 (δι)
397 4860 527 4914 Illud
573 4859 790 4931 dissolvi
837 4876 941 4913 non
991 4859 1212 4931 perinde
1264 4861 1435 4931 accipi
1470 4861 1625 4924 solet,
1672 4861 1740 4914 ab

169 4928 356 5000 anima
387 4931 584 4984 divisio
620 4928 1170 5000 significata__proprie
1198 4928 1458 4991 creditur,
1498 4940 1660 4997 atque
1685 4932 1738 4984 in

168 4996 365 5055 Graéco
395 5014 645 5053 sermone
673 4996 863 5052 'sonat.
910 4996 1334 5064 Nam—corporis
1383 5015 1504 5052 cum
1556 4996 1742 5068 tropus

168 5071 267 5130 sit,
296 5079 349 5122 et
375 5070 598 5122 verbum
626 5078 797 5122 totum
830 5069 1126 5130 nauticum,
1171 5077 1226 5120 ut
1252 5078 1530 5136 pr0pterea
1563 5071 1740 5135 funem

169 5139 455 5192 subaudiri
499 5147 764 5206 oporteat,
794 5145 848 5190 et
890 5137 968 5190 sic
1019 5137 1274 5204 explicari
1309 5155 1320 5190 :
1355 5137 1520 5206 Cupio
1564 5140 1740 5206 {uitem

169 5207 246 5259 ad
284 5209 654 5276 profectionem
689 5207 922 5276 dissolvi,
955 5206 1068 5259 sive
1095 5207 1332 5275 religari,
1368 5218 1423 5260 ut
1453 5211 1594 5276 apud
1635 5207 1740 5262 Ca-

169 5276 368 5329 tullum
400 5275 602 5340 (Carm.
636 5276 724 5336 65,
759 5292 806 5328 v.
841 5275 985 5340 174).

247 5344 489 5413 Perﬁdus
521 5345 575 5397 in
611 5345 818 5398 Cretam
849 5344 1116 5413 religasset
1155 5346 1332 5397 navita
1375 5345 1570 5413 funem.

249 5412 606 5483 llicronymus
633 5427 761 5468 sane
783 5419 924 5467 hunc
942 5412 1118 5467 locum
1139 5412 1411 5478 attingens
1432 5417 1549 5481 (lib.
1576 5414 1742 5468 tCou-

169 5491 260 5533 tra
281 5482 422 5550 (tu/7'.
450 5482 502 5536 ιι.
525 5485 636 5550 '22).
662 5484 889 5536 reddidit
921 5484 1125 5547 reverti,
1147 5487 1288 5550 quod
1309 5483 1548 5537 Ruthnus
1575 5489 1738 5538 etiam

169 5553 228 5603 in
262 5552 538 5620 Apologia)
562 5554 653 5605 lib.
686 5569 721 5609 I,
749 5569 799 5604 ιι.
822 5552 910 5620 ‘26)
942 5554 1178 5605 retittuit.
1211 5552 1343 5604 Nam
1372 5555 1471 5604 hoc
1506 5563 1587 5605 est
1614 5557 1742 5606 ἀνα-

166 5621 320 5671 λύειν
356 5623 469 5673 sive
502 5623 782 5683 ἀναλῦσαι,
817 5633 873 5672 ut
910 5623 1068 5674 habet
1114 5621 1332 5683 Paulus,
1368 5636 1559 5689 nempe
1594 5627 1739 5676 redi-

169 5700 264 5741 tus
292 5704 453 5743 causa
485 5692 693 5744 solvere
734 5705 798 5743 ex
842 5693 941 5743 hac
983 5693 1108 5753 vita,
1144 5701 1400 5758 tanquam
1427 5702 1489 5746 ex
1520 5693 1738 5759 pericu-

167 5763 287 5813 lo$a
321 5761 802 5829 statione:quibus
840 5763 1160 5829 rcSpOttdent
1183 5777 1300 5829 qua!
1327 5772 1650 5829 sequuntur,
1681 5763 1739 5814 τὲ

1846 4288 2090 4350 dissolvi,
2138 4297 2193 4342 et
2219 4303 2341 4343 esse
2370 4303 2495 4346 cum
2537 4288 2770 4342 Christo
2803 4287 2938 4357 (55).
2973 4306 2990 4340 ι
3046 4288 3148 4353 Qui
3181 4291 3323 4344 enim
3357 4293 3408 4346 in

822 4441 865 4472 ’⁸
893 4439 1035 4494 Psal.
1063 4455 1291 4505 xxxvm,
1324 4439 1375 4493 5.
1453 4441 1498 4471 ²⁹
1529 4438 1645 4495 Jac.
1681 4457 1738 4504 ιι,
1770 4442 1857 4496 15.
1935 4441 1980 4472 ³⁸
2009 4440 2152 4496 Psal.
2193 4457 2336 4508 cxrx,
2380 4440 2431 4494 5.

1841 4584 1899 4654 δὲ
1949 4583 2336 4654 ὲπιμένεινέν
2385 4585 2451 4654 τῇ

1843 4652 1992 4723 Pauli
2039 4651 2203 4723 verba
2241 4651 2519 4706 illustrans
2550 4651 2715 4723 (hom.
2751 4655 2784 4706 4
2814 4654 2866 4723 in
2919 4651 3016 4720 Ep.
3063 4653 3131 4723 ad
3171 4652 3402 4723 Philipp.

1843 4738 1898 4774 n.
1946 4722 2018 4789 1),
2069 4723 2146 4775 sic
2193 4722 2365 4789 ipsum
2418 4722 2735 4788 Apostolum
2781 4721 3022 4775 aflalur:
3069 4722 3133 4772 Τί
3192 4721 3402 4789 λέγειῄ

1845 4790 2051 4860 μέλλων
2082 4791 2331 4860 ἐντεῦθεν
2363 4791 2499 4860 πρὸς
2530 4789 2620 4842 τὸν
2648 4791 2874 4860 οὐρανὸν
2897 4791 3270 4859 μεθίστασθαι,
3315 4795 3406 4844 καὶ

1845 4856 1981 4930 μετᾶ
2015 4861 2250 4930 Χριστοῦ
2284 4856 2440 4930 εἶναι,
2470 4859 2529 4930 ού
2560 4856 2844 4930 γνωρίζεις
2871 4856 2922 4910 τί
2952 4861 3187 4930 αἱρήσῃς
3225 4863 3274 4912 id
3301 4870 3402 4921 est,

1843 4930 1979 4993 Quid
2002 4929 2081 4981 ais
2105 4930 2128 4981 Ρ
2158 4946 2274 4981 cum
2299 4929 2418 4981 hinc
2443 4929 2620 4981 abiens
2642 4929 2711 4981 ad
2738 4930 2917 4981 caelum
2949 4929 3021 4982 sis
3061 4933 3402 4996 migraturus,

1841 5011 1888 5052 et
1915 5016 2028 5051 cum
2066 4999 2273 5050 Christo
2306 5000 2537 5067 futurus,
2584 5001 2797 5066 ignoras
2850 4999 2974 5065 quid
3011 4999 3222 5067 eligas?
3265 5000 3401 5052 Tum

1844 5069 1982 5121 infra
2013 5069 2249 5139 apertius
2280 5086 2291 5120 :
2325 5069 2644 5139 deﬁxpﬁv
2677 5069 2737 5120 τὸ
2765 5068 2956 5137 ἄδηλον
2992 5068 3085 5139 τρῦ
3105 5067 3403 5139 ,μέλλοντος

1841 5139 2113 5189 δεδοικότα
2145 5138 2280 5206 πρός
2310 5154 2431 5189 τινα
2455 5136 2649 5205 λιμένα
2685 5136 2966 5201 σπεύδειν;
3004 5136 3100 5198 Τίς
3142 5137 3399 5206 ἔμπορος,

1842 5209 1962 5258 εἰπέ
1989 5223 2099 5275 μοι,
2123 5207 2413 5276 θησαυρῶν
2438 5206 2644 5276 μυρίων
2675 5207 2854 5276 πλήρη
2886 5208 2984 5272 τὴν
3011 5206 3213 5276 ὁλκάδα
3240 5206 3398 5273 ἔχων,

1845 5274 2017 5344 παρὸν
2063 5278 2143 5338 είς
2179 5274 2417 5343 λιμένα.
2442 5274 2813 5344 καταδραμεῖν
2844 5274 2952 5344 -καλ,
3003 5274 3398 5336 ἀναπαύεσθαι,

1842 5342 2012 5396 ἕλοιτο
2064 5342 2410 5397 θαλαττεύειν
2462 5345 2574 5408 Eu;
2623 5342 2845 5412 Nempe,
2899 5342 3086 5394 Nonne
3133 5344 3401 5405 operiebat

1842 5415 2042 5466 incerta
2081 5416 2250 5482 futuri
2292 5415 2537 5482 temporis
2581 5415 3020 5480 pertimescentem
3068 5414 3137 5463 ad
3189 5426 3396 5478 portum

1843 5483 2064 5550 aliquem
2098 5486 2441 5537 contendere?
2464 5485 2636 5550 ecquis
2683 5493 2938 5534 mercator
2963 5482 3081 5533 nari
3122 5493 3292 5535 vectus
3321 5484 3401 5532 iu-

1843 5553 2249 5604 uumerabilium
2281 5555 2638 5606 thesaurorum
2673 5554 2844 5619 plena,
2877 5555 2918 5603 si
2943 5553 3094 5602 liccat
3123 5557 3401 5618 confugere
3428 5598 3437 5608 ,

1844 5625 1894 5673 in
1927 5632 2130 5692 portum
2159 5640 2221 5673 ac
2247 5625 2576 5692 requiescere,
2601 5625 2736 5673 mari
2764 5623 2961 5674 diutius
2985 5620 3399 5692 jactari/nolit?

1914 5691 2023 5756 (55)
2049 5690 2281 5760 Philipp.
2313 5689 2347 5756 i,
2380 5693 2467 5742 93.
2494 5691 2597 5743 Sed
2622 5694 2778 5744 verba
2808 5692 2953 5744 Pauli
2980 5701 3126 5748 sunt,
3151 5689 3400 5760 Τὴν-ἐπι·

1843 5753 2042 5828 θυμίαν
2074 5753 2209 5829 ἔχων
2232 5753 2312 5823 εἰς
2337 5753 2399 5815 τὺ
2428 5763 2710 5825 ἀναλῦσαι,
2749 5763 2839 5813 καὶ
2868 5761 2964 5813 σὺν
2990 5753 3401 5829 Χριστῷἐῖναι.

2509 4583 2691 4653 σαρκί.
2749 4581 2956 4653 ltaque_
2987 4583 3406 4653 Chrysostomus
