4166 6434
227 368 329 438 969

1295 385 1375 444 IN
1420 382 2007 445 ECCLESIASTEN.
2067 410 2134 418 -
2173 385 2319 443 LlB-
2353 374 2420 444 V.

3389 393 3494 453 970

227 494 363 560 φῶς.
399 493 568 546 Τοῦτο
596 493 705 564 γὰρ
741 494 1015 564 ἐσήμανεν
1042 495 1232 560 εἰπὼν,
1276 516 1294 548 ι
1331 498 1439 550 Καὶ
1468 498 1634 570 πολλή
1661 501 1795 551 ictu

1914 498 2143 552 multum
2174 509 2254 552 est
2283 513 2446 567 super
2487 498 2786 563 hominem,
2828 519 2845 551 ι
2889 517 3011 570 qua:
3050 504 3352 569 declarant,
3387 525 3492 568 non

226 586 320 637 ἐπὶ
351 585 440 637 τὸν
487 585 798 656 ἄνθρωπον,
840 605 858 637 ι
892 586 1065 657 δηλῶν
1097 589 1171 650 ὡς
1209 589 1332 658 οὐχὶ
1361 590 1560 653 πάντες
1595 591 1806 660 ἄνθρω-

225 693 317 728 ποι
346 676 444 746 τὴν
491 676 753 746 τοιαύτην
785 677 970 747 ἔχουσι
1002 680 1248 748 πονηρὰν
1283 681 1457 734 νόσον.
1506 681 1628 734 Εἰσὶ
1671 682 1800 752 γὰρ,

223 769 331 819 εἰσὶ
374 768 466 820 καί
514 785 660 831 τινες
707 770 755 821 οἱ
803 772 902 839 τῆς
947 771 1326 839 προσπαθείας
1372 773 1480 825 τῶν
1522 774 1803 843 παρόντων

223 859 452 922 ἑαυτοὺς
479 860 878 931 ὑπεράραντες,
902 863 1105 914 καὶτὸν
1122 865 1410 936 ἀκτήμονά
1446 866 1803 935 προελόμενοι

224 952 358 1020 βίον,
391 953 484 1006 ἅτε
521 954 583 1023 δὴ
616 956 706 1007 καὶ
751 955 811 1006 τὸ
844 955 1151 1025 πολίτευμα
1184 957 1398 1027 ἔχοντες
1431 959 1490 1010 ἐν
1529 959 1800 1026 οὐρανοῖς,

222 1047 315 1096 καὶ
352 1047 426 1115 μὴ
478 1047 640 1113 μόνον
686 1049 747 1099 ὲκ
779 1048 875 1100 τοῦ
928 1051 1368 1120 περισσεύματος
1411 1051 1524 1103 τῶν
1553 1051 1802 1105 ὁπωσοῦν

218 1137 403 1200 αὐτοῖς
430 1138 730 1206 δεδομένων
757 1140 860 1192 ὑπὸ
903 1142 1003 1210 τῆς
1029 1141 1179 1205 θείας
1208 1144 1488 1212 προνοίας,
1531 1146 1669 1200 ἀλλά
1693 1147 1802 1198 κάκ

217 1225 310 1278 τοῦ
341 1227 722 1296 ὑστερήματος
750 1229 1038 1293 κοινωνοὺς
1064 1229 1432 1300 λαμὸάνοντες
1451 1233 1578 1293 τοὺς
1605 1232 1802 1293 ἐνδεεῖς

218 1319 312 1369 καὶ
343 1318 611 1386 πτωχούς.
658 1318 761 1368 Τὸν
793 1319 958 1371 πολὺν
986 1318 1080 1374 οὖν
1112 1322 1399 1392 ἄνθρωπον
1428 1323 1801 1391 αἰνιττόμενος

218 1408 408 1478 ἔφησε,
451 1427 469 1459 ι
520 1411 632 1462 Καὶ
661 1409 830 1480 πολλή
864 1412 1013 1464 ἐστιν
1059 1413 1150 1464 ἐπὶ
1193 1413 1284 1465 τὸν
1313 1413 1620 1484 ἄνθρωπον.
1660 1433 1677 1464 ι
1713 1414 1802 1466 Εἱ-

217 1498 334 1550 πὼν
361 1499 440 1559 δὲ,
493 1516 510 1548 ι
559 1498 743 1569 Ἀνὴρ,
793 1493 837 1565 ᾧ
881 1500 1043 1552 δώσει
1075 1502 1224 1572 αὑτῴ
1261 1504 1393 1566 Θεὸς
1440 1502 1672 1556 πλοῦτον
1709 1503 1800 1554 καὶ

215 1588 531 1658 ὑπάρχοντα
579 1591 674 1644 καὶ
721 1590 899 1656 δόξαν,
940 1612 958 1644 ι
1013 1593 1313 1658 δείκνυσιν,
1361 1596 1436 1657 ὡς
1478 1601 1654 1649 πάντα
1701 1595 1798 1664 τῆς

214 1681 367 1746 θείας
413 1682 742 1756 ὲξήρτηνται
791 1686 1069 1755 προνοίας,
1103 1688 1196 1740 καὶ
1232 1690 1410 1741 πάντα
1445 1689 1628 1742 θεόθεν
1662 1707 1800 1760 πρυ-

211 1776 533 1829 τανεύονται
571 1780 688 1840 τοῖς
717 1777 1052 1848 ἀνθρώποις,
1092 1779 1197 1832 κᾶν
1224 1779 1452 1832 πλοῦτον
1481 1782 1664 1852 εἴπης,
1694 1780 1797 1834 κᾶν

1915 603 2107 645 omnes
2138 591 2388 644 homines
2420 591 2511 644 tali
2535 593 2723 646 morbo
2747 593 2974 649 allectos
3002 609 3140 650 esse.
3169 595 3308 651 Sunt
3329 601 3490 660 enim.

1913 689 2040 733 sunt
2068 681 2396 748 etquidam,
2425 683 2517 750 qui
2547 683 2816 750 superatis
2843 687 3189 752 praesentium
3222 687 3493 744 honorum

1915 773 2208 837 illecebris,
2248 783 2300 826 et
2355 789 2588 843 paupere
2614 776 2721 828 vita
2779 787 3096 846 praeoptata,
3139 790 3399 850 tanquam
3438 783 3492 836 in

1913 862 2067 916 caelis
2097 878 2272 917 aevum
2303 874 2540 930 agentes,
2576 880 2681 918 non
2713 867 2887 920 solum
2927 868 2978 920 in
3007 885 3218 932 eorum,
3241 889 3361 942 qua:
3389 874 3490 929 sibi

1913 967 1941 1006 a
1991 954 2176 1008 divina
2221 957 2561 1024 providentia
2617 959 3119 1030 quiimodocunque
3173 965 3327 1035 153
3363 968 3486 1021 data

1912 1054 2060 1109 sunt,
2105 1047 2198 1098 sed
2238 1048 2287 1099 in
2345 1050 2784 1101 communionem
2840 1050 3086 1105 demensi
3130 1067 3349 1122 quoque
3402 1059 3487 1111 sui

1909 1151 2109 1203 egenos
2148 1147 2201 1190 et
2240 1139 2518 1191 mendicos
2540 1139 2830 1207 accipiunt.
2865 1141 3160 1212 Plerosque
3194 1145 3359 1215 igitur
3386 1147 3488 1202 ho-

1911 1229 2120 1280 minum
2158 1229 2450 1296 designans
2510 1229 2688 1284 dixit:
2732 1249 2748 1280 ι
2800 1232 2863 1283 Et
2915 1235 3143 1289 multum
3189 1248 3274 1290 est
3326 1255 3490 1309 super

1911 1320 2238 1374 hominem.»
2260 1322 2353 1374 Illa
2387 1337 2514 1376 vero
2541 1324 2873 1392 subjiciens:
2906 1343 2923 1376 ι
2953 1324 3063 1388 Vir.
3092 1330 3177 1382 cui
3208 1331 3357 1385 dabit
3388 1334 3488 1400 ipsi

1909 1410 2050 1465 Deus
2079 1412 2296 1467 divitias
2327 1422 2380 1467 et
2409 1414 2768 1468 substantiam
2803 1425 2858 1470 et
2890 1418 3142 1486 gloriam,
3176 1438 3192 1470 ι
3227 1425 3486 1486 ostendit,

1907 1503 2089 1556 omnia
2131 1517 2159 1556 a
2197 1504 2379 1556 divina
2433 1504 2781 1559 Providentia
2831 1507 3084 1576 appendi,
3135 1522 3189 1564 et
3224 1511 3488 1565 divinitus

1907 1593 2121 1662 singula
2155 1593 2471 1647 hominibus
2502 1595 2888 1659 administrari,
2933 1599 3050 1652 sive
3091 1601 3311 1657 divitias
3335 1604 3484 1659 dixe-

1906 1685 2004 1748 ris,
2038 1685 2153 1739 sive
2190 1701 2447 1754 agrorum
2482 1688 2876 1755 possessiones,
2918 1690 3032 1744 sive
3060 1693 3235 1747 vineta
3288 1711 3489 1765 magno

1907 1788 2156 1838 numero,
2193 1775 2308 1829 sive
2348 1775 2710 1842 dominatum,
2749 1778 2861 1831 sive
2912 1780 3163 1850 gloriam,
3209 1785 3482 1848 universa,

214 1869 408 1935 κτῆσιν
441 1867 717 1936 ἀρουρῶν,
765 1869 867 1921 κᾶν
904 1869 1244 1939 ἀμπελώνων
1297 1872 1527 1942 μυρίων,
1561 1874 1665 1925 κᾶν
1707 1871 1795 1923 δυ-

1901 1863 2148 1933 inquam,
2184 1866 2547 1935 omnipotenti
2600 1867 2688 1920 Dei
2730 1867 2939 1936 judicio
2972 1880 3026 1924 et
3070 1872 3348 1929 voluntate
3389 1892 3486 1945 ap~

212 1957 466 2008 ναστείαν
505 1958 596 2010 καὶ
624 1959 802 2022 δόξαν,
836 1959 1014 2011 πάντα
1043 1961 1138 2028 τῆς
1171 1964 1611 2034 ἀπειροδυνάμου
1640 1965 1796 2033 ἐξήρ-

209 2065 405 2118 τηνται
436 2048 587 2110 θείας
633 2051 870 2119 κρίσεως
921 2053 1016 2105 καὶ
1050 2053 1267 2125 βουλῆς,
1314 2057 1408 2108 καὶ
1451 2055 1572 2108 καθ’
1602 2055 1696 2119 οὓς
1731 2057 1794 2108 ἂν

209 2135 321 2192 οἶδε
371 2140 608 2210 τρόπους
647 2142 934 2212 χριμάτων
966 2145 1391 2215 ἀκαταλήπτους
1432 2147 1567 2215 ἡμῖν
1614 2146 1792 2209 ὄντας,

209 2226 290 2294 οἷς
323 2232 424 2302 μὲν
457 2233 695 2298 δίδωσιν,
733 2229 814 2296 οἷς
846 2235 902 2289 δὲ
934 2236 1208 2308 οὐδαμῶς.

283 2366 418 2425 Εἶτα
447 2373 761 2442 λαμϐάνων,
781 2378 969 2446 φησιν,
1006 2378 1070 2429 ἐκ
1099 2376 1234 2430 Θεοῦ
1265 2377 1364 2448 τὴν
1387 2377 1669 2448 δαψίλειαν
1684 2381 1794 2434 τῶν

207 2462 520 2532 εἰρημένων
546 2465 645 2517 καὶ
675 2466 1040 2521 πολυτέλειαν
1069 2469 1383 2539 ἄνθρωπος.
1421 2473 1518 2524 καλ.
1540 2472 1640 2544 τὴν
1692 2474 1794 2544 μὲν

209 2553 411 2607 ἑαυτοῦ
441 2555 619 2626 ψυχὴν
651 2557 950 2626 ἐμπιπλῶν
988 2559 1096 2613 τῶν
1132 2561 1276 2613 ἰδίων
1306 2562 1615 2634 ἐπιθυμιῶν
1649 2566 1794 2617 ἀπαο

211 2649 343 2708 σῶν,
372 2651 434 2701 οὐ
467 2651 740 2722 διανέμων
781 2654 836 2706 δὲ
873 2655 966 2708 καὶ
1001 2655 1180 2718 διδοὺς
1215 2660 1328 2720 τοῖς
1380 2659 1658 2728 δεομένοις
1703 2659 1795 2710 καὶ

210 2745 466 2811 πένησιν,
495 2745 811 2813 εὑρίσκεται
840 2747 1027 2815 σαφῶς
1059 2751 1086 2800 ὁ
1128 2751 1373 2812 τοιοῦτος
1432 2751 1506 2812 ῶς
1541 2749 1794 2818 οὐδαμῶς

211 2831 546 2897 ἐξουσιάσας
577 2833 685 2885 τῶν
717 2835 1020 2906 δεδομένων
1079 2839 1228 2908 αὑτῷ
1258 2838 1442 2891 θεόθεν
1483 2859 1501 2889 ‹
1544 2840 1680 2909 πρὸς
1732 2839 1794 2892 τὸ

185 2929 410 2991 ςιραγεῖν
464 2927 521 2991 ἐξ
558 2927 758 2980 αὐτῶν.
804 2946 822 2979 ι
857 2929 934 2982 Δι’
971 2930 1038 2998 ἦν
1073 2931 1296 2994 αἰτίανς
1335 2931 1480 2994 "Ott,
1515 2935 1702 3001 φησιν,
1735 2933 1791 2986 αἱ

211 3014 316 3083 μὲν
348 3016 640 3083 ἐπιθυμίαι
677 3018 978 3087 παρῆλθον,
1002 3021 1096 3072 καὶ
1128 3019 1237 3070 τῶν
1266 3023 1544 3089 σαρκικῶν
1589 3023 1792 3091 ἡδονῶν

207 3106 487 3175 ἠφανίσθη
517 3107 580 3158 τὸ
608 3108 836 3176 πλῆθος,
880 3111 1044 3172 αὐτὸς
1070 3112 1127 3163 δὲ
1157 3112 1302 3182 λιμῷ
1335 3114 1639 3182 τακήσεται
1695 3131 1793 3184 χασ-

206 3197 364 3268 λεπῷ
395 3199 536 3250 κατά
568 3199 665 3268 τὴν
704 3199 1006 3268 μέλλουσαν
1050 3202 1217 3271 ζωὴν,
1262 3203 1528 3273 μηδαμῶς
1585 3203 1793 3272 ἀποθη-

210 3288 481 3357 σαυρίσας
514 3289 693 3341 ἐκεῖσε
725 3289 810 3341 διὰ
855 3292 953 3360 τῆς
991 3293 1335 3361 μεταδόσεως
1391 3294 1503 3346 τῶν
1543 3296 1793 3366 πενήτων

205 3378 277 3430 τὰ
321 3379 422 3448 τῆς
452 3381 673 3432 αίωνίου
700 3383 1228 3454 καὶδιαιωνιζούσης
1254 3385 1553 3458 διατροφῆς
1594 3403 1606 3416 σ
1642 3387 1793 3451 ξένος

206 3468 317 3538 γὰρ
357 3469 495 3538 ἀνὴρ
526 3471 710 3541 ἕτερος
755 3471 1138 3543 διαδεξάμενος
1191 3476 1359 3529 αὑτοῦ
1410 3479 1501 3529 τὸν
1534 3477 1785 3539 πλοῦτον,

207 3564 420 3626 ἐκεῖνος
457 3565 694 3632 φάγεται
724 3565 822 3616 καὶ
851 3566 1231 3619 καταναλώσει
1266 3569 1445 3620 πάντα
1472 3571 1592 3629 ταῖς
1623 3567 1788 3620 αὑτοῦ

208 3659 503 3725 σαρκικαῖς
536 3657 751 3734 ἡδοναῖς
801 3659 896 3710 καὶ
959 3659 1191 3727 πράξεσι
1247 3659 1508 3721 κιναίδοις
1575 3676 1634 3711 τε
1697 3659 1791 3712 καὶ¹

210 3748 540 3818 μοχθηραῖς.
578 3749 748 3802 Τοῦτο
803 3750 859 3801 δὲ
902 3751 1240 3819 σημαντικὸν
1299 3751 1398 3818 τῆς
1437 3751 1612 3819 ἄκρας
1676 3750 1791 3801 ἐστὶ

211 3841 579 3908 ματαιότητος
610 3842 706 3894 καὶ
755 3841 853 3909 τῆς
891 3842 1139 3910 πονηρᾶς
1175 3841 1492 3912 ἀρρωστίας
1545 3842 1646 3912 τῆς
1699 3859 1792 3892 κα-

207 3930 522 3999 τασχούσης
556 3933 681 3993 τοὺς
713 3932 1007 4000 λογισμοὺς
1033 3932 1222 3996 αὑτοῦ,
1255 3935 1348 3985 καὶ
1375 3933 1791 4002 καθελκυσάσης

206 4025 289 4086 εἰς
313 4023 440 4094 ᾅδου
472 4025 745 4094 πέταυρον
796 4025 888 4076 καί
940 4024 1172 4076 Θανάτου
1211 4023 1440 4093 φθοράν.
1505 4024 1678 4077 Τοῦτο
1709 4025 1788 4088 δὲ,

207 4112 369 4179 φησι,
411 4111 472 4162 τὸ
511 4107 648 4173 εἶδος
681 4112 782 4179 τῆς
843 4112 1207 4182 ματαιότητος
1270 4115 1365 4165 καὶ
1399 4115 1495 4181 τῆς
1546 4116 1790 4182 πονηρᾶς

207 4202 543 4274 ἁρρθητίαςν
570 4203 690 4270 οὺκὶ
719 4203 879 4271 μόνον
914 4203 1022 4254 τῶν
1075 4204 1284 4273 βραχὺν
1342 4205 1453 4273 βίον
1492 4205 1786 4275 λαχόντων,

208 4294 305 4345 καλ.
337 4291 437 4355 τὰς
467 4294 676 4363 ἡμέρας
705 4294 802 4361 τῆς
843 4292 988 4363 ζωῆς
1024 4297 1337 4363 ἐσχηκότων
1388 4297 1579 4363 ὀλίγας
1615 4297 1787 4360 ἐστὶν,

206 4383 346 4438 ἀλλά
382 4385 475 4435 καὶ
510 4383 964 4453 παραταθήσεται
988 4385 1088 4452 τῆς
1115 4385 1260 4455 ζωῆς
1290 4387 1455 4440 αὑτοῦ
1489 4387 1549 4440 τὸ
1590 4388 1791 4459 μέτρον

204 4477 289 4538 είς
326 4475 421 4547 ἐτη
481 4476 670 4540 πολλὰ,
722 4476 826 4528 κᾶν
860 4476 1335 4547 πληθυνθήσονται
1400 4480 1498 4548 τῆς
1553 4479 1790 4532 ἐνταῦθα

211 4569 506 4638 παροικίας
539 4569 594 4620 al
631 4568 838 4638 ἡμέραι
863 4567 972 4620 τῶν
997 4569 1133 4620 ἐτῶν
1186 4570 1353 4621 αὐτοῦ
1395 4570 1516 4623 καθ’
1557 4571 1793 4640 ὑπερϐο-
1824 4549 1866 4603 ί)

204 4659 329 4729 λὴν,
357 4659 710 4730 ἀποστερήσῃ
749 4659 805 4710 δὲ
834 4658 933 4727 τῆς
963 4661 1020 4710 ὲν
1052 4658 1446 4728 ὲλεημοσύνσις
1478 4663 1570 4713 καὶ
1613 4661 1793 4713 διανοο

208 4754 340 4820 μαῖς
392 4750 504 4802 τῶν
533 4750 781 4820 πενήτων
815 4750 1391 4820 παραλαμὸανομένης
1428 4751 1792 4822 ἀγαθωσύνης

203 4844 305 4913 τὴν
342 4841 476 4894 ἰδίαν
515 4841 715 4911 ψυχὴν,
741 4841 840 4912 τὴν
885 4841 1008 4910 ἴσην
1055 4846 1147 4894 καὶ
1191 4841 1289 4912 τὴν
1346 4841 1516 4911 αὐτὴν
1561 4842 1790 4912 εὑρεθή-

208 4952 364 4986 σεται
410 4935 748 5002 ματαιότητα
799 4933 893 4985 καὶ
933 4933 1177 5003 πονηράν
1237 4932 1549 5002 ἀρρωστίαν
1596 4935 1790 5000 ἐπιφε-

207 5027 438 5096 ρόμενος
467 5040 480 5053 ο
509 5025 570 5076 οὐ
596 5024 704 5092 γάρ
731 5027 985 5094 συνῆκεν,
1013 5024 1094 5076 ὅτι
1123 5023 1314 5092 θνητός
1345 5024 1483 5086 ἐστι,
1517 5023 1610 5074 καὶ
1660 5023 1794 5076 πάν-

205 5133 313 5177 τως
349 5116 806 5184 ἀπορῤαγήσεται
852 5115 951 5182 τῆς
989 5113 1270 5184 παρούσης
1337 5112 1503 5181 ζωῆς,
1537 5114 1630 5165 καὶ
1685 5113 1792 5164 τῶν

209 5211 358 5261 ἰδίων
401 5207 700 5275 κτημάτων
757 5206 850 5258 καὶ
888 5207 1190 5275 χρημάτων
1245 5203 1395 5256 ἄλλοι
1459 5203 1792 5266 διαδέξονται

205 5304 306 5370 τὴν
347 5299 648 5352 ἀπόλαυσιν
674 5340 687 5362 ,
723 5297 986 5360 πολλάκις
1018 5299 1168 5359 δντες
1205 5297 1297 5348 καλ⁵
1337 5296 1648 5364 δυσμενεῖς,
1718 5293 1793 5356 ῶς

209 5394 348 5463 μηδὲ
384 5393 672 5462 φροντίσαι
719 5391 817 5460 τῆς
871 5389 1258 5460 προσηκούσης
1315 5388 1511 5457 ἐκείνῳ
1571 5384 1789 5454 ταφῆς·

203 5487 348 5541 ἀλλὰ
382 5485 818 5556 παρεωραμένον
835 5486 1160 5539 καταλιπεῖν
1181 5483 1274 5536 καὶ
1305 5480 1590 5543 παντελῶς
1621 5482 1793 5547 ἀπρο-

205 5580 401 5647 νόητον
411 5620 424 5633 .

282 5711 454 5765 Τοῦτο
482 5711 540 5764 δὲ
575 5710 790 5775 πολλοῖς
825 5711 1084 5773 πολλάκις
1149 5709 1518 5780 συμῦέϐηκεν,
1579 5708 1678 5760 οὐκ
1735 5709 1791 5758 ἐν

205 5808 332 5867 ταῖς
367 5804 798 5872 παρῳχημέναις
828 5805 1040 5871 γενεαῖς
1077 5803 1260 5870 μόνον,
1285 5801 1421 5856 ἀλλὰ
1455 5801 1556 5853 κάν
1575 5803 1638 5868 τῇ
1667 5798 1788 5852 καθ’

409 5893 685 5954 Ριτιιοι.
726 5894 840 5953 Gtt.
895 5893 1164 5954 XCVIII.

1899 1958 2095 2027 pendi,
2148 1973 2386 2027 eumque
2439 1960 2740 2014 secundum
2798 1963 3016 2016 consilii
3075 1965 3159 2019 sui
3216 1968 3480 2029 rationes,

1899 2063 2036 2118 quas
2070 2049 2188 2116 ipse
2229 2049 2402 2111 novit,
2435 2065 2536 2104 nos
2584 2051 2920 2118 ignoramus,
2969 2055 3089 2111 aliis
3129 2058 3348 2126 quidem
3384 2065 3483 2115 tri-

1899 2141 2087 2206 buere,
2115 2141 2238 2194 aliis
2269 2157 2374 2194 non
2409 2143 2666 2198 tribuere.

1968 2361 2086 2418 Jam
2147 2377 2275 2418 vero
2321 2379 2444 2418 cum
2501 2365 2700 2430 homo,
2748 2367 2953 2435 inquit,
3009 2369 3309 2437 bonorum,
3360 2387 3471 2444 que.

1898 2456 2303 2517 recensuimus,
2336 2457 2549 2525 copiam
2584 2466 2637 2510 et
2673 2459 2990 2512 varietatem
3023 2463 3258 2531 accipiat
3288 2479 3317 2517 a
3348 2464 3477 2524 Deo.

1899 2549 1944 2603 si
1982 2549 2169 2602 animo
2213 2563 2334 2611 suo,
2379 2564 2500 2616 qua:
2547 2551 2768 2618 appetit,
2810 2553 2991 2605 omnia
3047 2555 3125 2608 sic
3177 2556 3477 2625 indulgeat,

1899 2641 2032 2693 nihil
2075 2649 2133 2693 ut
2175 2642 2362 2710 egenis
2392 2650 2446 2693 et
2477 2643 2808 2710 pauperibus
2836 2644 3129 2700 distribuat
3172 2658 3336 2717 atque
3373 2650 3477 2701 im-

1897 2737 2197 2804 partiatur;
2244 2735 2290 2788 is
2326 2735 2572 2804 profecto
2611 2747 2876 2805 potestate
2916 2754 3049 2792 usus
3085 2741 3228 2793 nulla
3267 2742 3481 2795 videtur

1895 2829 1953 2882 in
1989 2828 2077 2891 iis,
2115 2842 2236 2895 quas
2268 2828 2342 2879 illi
2385 2843 2415 2880 a
2452 2828 2563 2880 Deo
2592 2829 2715 2881 data
2754 2838 2884 2882 sunt
2933 2854 2950 2880 ι
2984 2831 3048 2883 ad
3080 2833 3476 2887 comedendum

1896 2934 1961 2974 ex
1993 2917 2149 2987 ipsis.
2189 2935 2205 2967 ι
2252 2915 2426 2980 Quam
2461 2917 2531 2970 ob
2558 2918 3000 2982 causam?Quia,
3035 2919 3232 2989 inquit,
3265 2923 3480 2977 deside.-

1897 3013 1976 3064 ria
2025 3010 2422 3080 praeterierunt,
2469 3017 2522 3063 et
2565 3010 2903 3078 voluptatum
2955 3014 3204 3080 corporis
3257 3017 3480 3069 evanuit

1896 3101 2221 3164 multitudo;
2256 3101 2370 3170 ipse
2403 3115 2554 3165 vero,
2580 3115 2706 3154 cum
2745 3099 2985 3154 futuram
3015 3104 3255 3172 attigerit
3288 3107 3475 3171 vitam,

1820 3214 1863 3272 ο
1897 3193 2034 3248 dura
2077 3193 2220 3247 fame
2254 3191 2626 3251 contabeseet.
2663 3192 2826 3246 nullis
2867 3193 2976 3247 illic
3013 3194 3286 3251 thesauris
3324 3199 3476 3252 beni-

1896 3287 2101 3356 gnitate
2130 3300 2256 3354 erga
2290 3299 2560 3354 pauperes
2595 3285 2945 3353 comparatis,
2983 3289 3128 3340 unde
3159 3297 3361 3342 aeterna
3399 3290 3475 3342 illi

1895 3389 1948 3432 et
1978 3387 2234 3446 perpetua
2285 3378 2541 3431 alimenta
2585 3378 3021 3445 suppeditentur.
3063 3379 3154 3432 Vir
3185 3381 3332 3434 enim
3376 3397 3475 3436 ex-

1896 3479 2085 3524 ternus
2115 3470 2250 3522 alter
2292 3471 2344 3521 in
2382 3470 2499 3538 ejus
2528 3485 2656 3537 Opes
2688 3470 2962 3533 succedet,
2995 3473 3084 3539 qui
3115 3471 3238 3525 edat
3266 3475 3472 3534 omnia.

1894 3570 1949 3614 et
1976 3561 2221 3630 corporis
2265 3561 2636 3629 voluptatibus
2681 3576 2742 3614 ac
2789 3562 3052 3629 pudendis
3104 3563 3475 3634 improhisque

1896 3653 2059 3706 rebus
2093 3651 2409 3719 impendens
2441 3651 2712 3706 absumat.
2757 3650 2810 3705 Id
2853 3668 3014 3723 porro
3061 3669 3291 3708 summa:
3320 3661 3475 3710 vani-

1896 3745 2023 3797 tatis
2065 3743 2326 3795 indicium
2368 3753 2451 3795 est
2489 3751 2543 3794 et
2578 3744 2798 3810 pessimi
2850 3742 3150 3810 languoris,
3183 3745 3276 3813 qui
3324 3762 3476 3798 men-

1897 3846 2004 3889 tem
2031 3836 2150 3903 ejus
2185 3834 2569 3900 rationemque
2600 3835 2908 3901 occupavit,
2942 3837 3144 3903 quique
3176 3836 3228 3888 in
3271 3836 3470 3890 inferni

1895 3929 2120 3997 laqueos
2151 3936 2205 3980 et
2255 3927 2308 3978 in
2347 3925 2541 3978 mortis
2571 3926 2864 3993 perniciem
2904 3927 3085 3979 traxit.
3119 3926 3298 3994 Atque
3335 3929 3470 3987 htec.

1895 4019 2092 4087 inquit,
2123 4015 2380 4070 vanitatis
2419 4023 2472 4068 et
2517 4015 2737 4083 pessimi
2777 4015 3057 4086 languoris
3107 4019 3318 4085 species
3363 4034 3472 4071 non

1893 4125 2084 4164 eorum
2121 4109 2295 4163 solum
2343 4117 2444 4172 cst,
2481 4109 2571 4177 qui
2623 4110 2838 4162 brevem
2871 4109 3016 4162 nacti
3047 4109 3233 4172 vitam,
3267 4123 3473 4178 paucos

1893 4200 1989 4254 sevi
2024 4200 2139 4253 dies
2172 4199 2440 4263 habuere;
2472 4199 2564 4251 sed
2599 4198 2701 4251 etsi
2724 4197 3060 4267 producatur
3083 4199 3204 4251 vitae
3232 4199 3474 4253 hominis

1894 4309 2153 4348 mensura
2195 4292 2249 4345 in
2287 4305 2460 4344 annos
2492 4291 2696 4359 plures,
2734 4299 2787 4343 et
2821 4289 2938 4344 dies
2972 4305 3239 4344 annorum
3269 4294 3389 4358 ejus
3421 4302 3475 4344 et

1894 4386 2171 4441 terrestris
2213 4385 2378 4453 hujus
2428 4383 2780 4438 habitationis
2829 4383 2882 4435 in
2917 4382 3247 4437 immensum
3283 4383 3473 4436 multi-

1893 4483 2205 4550 plicentur,
2254 4477 2526 4546 siquidem
2574 4476 2812 4529 animam
2861 4476 2976 4544 ipse
3019 4491 3176 4530 suam
3232 4476 3474 4530 bonitate

1899 4571 2185 4633 fraudarit,
2218 4585 2381 4638 quam
2417 4567 2790 4622 misericordia
2820 4576 2872 4619 et
2899 4567 3147 4636 largitate
3172 4583 3298 4636 erga
3340 4585 3470 4636 pau-

1896 4674 2052 4730 peres
2086 4672 2405 4727 comparare
2451 4657 2552 4710 sibi
2580 4665 2792 4724 posset,
2838 4655 2954 4724 pari
2996 4655 3182 4725 utique
3219 4658 3474 4712 vanitatis

1896 4748 2226 4820 pessimique
2271 4747 2550 4815 languoris
2601 4747 2790 4799 morbo
2830 4746 3080 4800 laborare
3128 4757 3330 4815 perget.
3368 4745 3473 4800 Ne-

1895 4857 2000 4910 que
2049 4840 2193 4893 enim
2242 4838 2526 4891 mortalem
2578 4851 2635 4889 se
2682 4851 2803 4890 esse
2857 4837 2908 4888 in
2951 4837 3195 4889 animum
3240 4839 3472 4900 induxit,

1897 4947 2063 5000 seque
2110 4945 2176 4984 ex
2240 4930 2345 4983 hac
2393 4930 2500 4981 vita
2553 4928 2801 4980 avulsum
2858 4927 2963 4989 iri;
3029 4943 3114 4982 res
3167 4943 3295 4982 vero
3347 4944 3476 4982 suas

1895 5036 2198 5089 omnesque
2226 5035 2356 5088 opes
2395 5019 2460 5071 ad
2502 5019 2660 5081 alios,
2704 5033 2847 5086 saepe
2894 5027 2947 5071 et
2984 5018 3167 5072 hostes
3213 5021 3476 5074 transitu-

1896 5131 2005 5176 ras,
2052 5114 2143 5182 qui
2201 5112 2282 5165 sic
2329 5110 2488 5163 bonis
2529 5111 2648 5178 ejus
2692 5108 2968 5170 fruantur,
3026 5119 3082 5162 ut
3129 5126 3196 5163 ne
3242 5111 3477 5178 dejusto

1896 5206 2112 5275 quidem
2151 5203 2321 5272 ipsius
2356 5201 2517 5272 154
2543 5201 2795 5270 sepulcro
2824 5216 2954 5255 cura
2987 5212 3264 5269 suscepta,
3295 5205 3475 5272 neg|e~

1897 5308 2044 5354 ctum
2083 5297 2264 5366 plane,
2308 5305 2473 5363 atque
2512 5294 2804 5361 inglorium
2858 5295 3214 5362 ignotumque
3247 5295 3479 5348 derelin-

1894 5400 2083 5460 quant.

1965 5700 2121 5768 Quod
2165 5699 2350 5754 mnltis
2387 5697 2628 5767 profecto
2673 5711 2818 5766 saepe
2864 5695 3112 5764 contigit,
3162 5711 3262 5750 nec
3300 5708 3478 5751 trans-

1897 5794 2030 5847 actis
2069 5801 2280 5846 tantum
2317 5789 2588 5854 aetatibus,
2621 5789 2713 5841 sed
2751 5789 2912 5841 etiam
2959 5797 3168 5848 nostra,
3199 5796 3258 5839 ut
3289 5803 3478 5842 omnes

3076 5877 3146 5937 31
