4166 6434
244 370 332 432 tl)

295 480 515 553 Ταύτην
547 481 605 534 δε
640 478 984 550 πάρες..ι,εὸοἴ
1013 478 1109 549 τὴν
1138 478 1371 547 ἐκδοχὴν
1409 482 1512 534 κάν
1560 482 1670 543 τοῖς
1700 482 1807 532 Εὐ·
1838 484 1881 537 Λ

221 574 504 644 αγγελίοις
543 574 571 625 6
603 571 808 642 Κύριος
837 571 1063 640 φάσκων
1096 587 1110 603 ο
1152 590 1168 621 ι
1195 571 1375 623 Καλὸν
1393 566 1462 642 ἦν
1482 571 1558 640 τῷ
1598 571 1809 642 ἀνθρώ-

224 686 310 737 πῳ
345 666 563 735 ἐκείνῳ,
593 665 641 716 εί
671 665 770 717 οὐκ
799 663 1089 732 ἐγεννήθη,
1130 681 1147 711 δ
1188 662 1276 713 τδν
1306 663 1575 734 προδότην
1609 663 1812 716 Ἰούδαν

222 758 474 811 ἐντεῦθεν
507 756 706 826 δηλῶν.
755 757 814 807 Ὀ
840 755 895 808 δὲ
928 756 1090 822 σοφὸς
1120 753 1558 825 Ἐκκλησιαστὴς
1588 755 1812 824 ἀμέσως

222 849 417 913 εἰπὼν,
459 867 477 900 ι
505 850 617 921 Καὶ
650 846 813 916 ἔζησε
848 847 1037 917 χιλίων
1073 847 1212 900 ἐτῶν
1240 848 1525 913 καθόδους,
1554 850 1649 902 καὶ
1676 850 1813 918 ἀγα-

223 939 474 1007 θωσύνην
499 939 601 992 ούκ
628 938 791 1006 ἔγνω,
828 958 847 990 ι
883 938 993 991 τῶν
1019 938 1231 991 πολλῶν
1279 941 1371 993 καὶ
1426 942 1811 1013 παραπλὴγων

222 1032 530 1103 ἀνθρώπων
550 1031 831 1099 ἐξελέγχει
858 1033 957 1101 τὴν
976 1031 1236 1084 ἀϐουλίαν
1258 1034 1354 1085 καὶ
1387 1037 1819 1105 ματαιοφροσύ-“

220 1140 339 1194 νην,
355 1124 553 1186 οἵτινες
574 1123 809 1186 ἀναιδῶς
824 1124 1320 1194 παρῤησιάζονται,
1337 1126 1430 1178 καί
1449 1144 1612 1195 φασιν
1636 1145 1649 1158 ·
1668 1127 1812 1195 Ἐγὼ

220 1217 290 1270 τά
322 1216 414 1287 ἔτη
447 1218 547 1286 τῆς
565 1216 714 1286 ζωῆς
751 1234 854 1287 μου
878 1215 1020 1270 θέλω
1042 1218 1295 1286 γενέσθαι
1327 1218 1519 1284 πολλὰ,
1553 1222 1645 1274 καὶ
1674 1238 1809 1275 κατ-

222 1307 535 1361 απολαῦσαι
572 1309 683 1361 τῶν
709 1307 1033 1378 ἐπιθυμιῶν,
1053 1312 1149 1364 καὶ
1179 1313 1360 1364 πᾶσαν
1392 1311 1537 1382 ἔχειν
1560 1314 1811 1367 ἀνάπαυ-

223 1419 305 1455 σιν
323 1403 415 1456 καὶ
432 1404 645 1474 τρυφήν
669 1420 681 1432 ·
708 1406 801 1457 καὶ
820 1406 957 1475 μετά
973 1404 1131 1459 τοῦτο
1154 1407 1219 1459 τὰ
1235 1410 1347 1471 τοῖς
1364 1408 1545 1471 ἄλλοις
1562 1409 1810 1479 ἀπαντή-

223 1511 385 1547 σοντα
402 1496 501 1548 κᾶν
524 1496 650 1565 ἐμοὶ
668 1499 1102 1566 συναντήσωσιν.
1122 1500 1183 1551 οὐ
1199 1500 1492 1569 φροντίζω.
1513 1499 1684 1568 Κάγὼ
1702 1502 1810 1572 γάρ

224 1586 322 1647 σὺν
341 1586 570 1650 ἐκείνοις
600 1588 766 1640 πᾶσιν
782 1588 986 1658 ἕπομαι
1003 1587 1292 1659 δεξόμενος
1315 1590 1413 1653 τὰς
1446 1590 1521 1661 μὴ
1541 1590 1809 1659 βλεπομέ-

224 1692 321 1736 νας
338 1676 613 1737 κολάσεις,
634 1676 731 1729 ἐὰν
778 1679 888 1749 ἀρα
918 1677 1106 1730 λοιπὸν
1134 1679 1225 1730 καὶ
1257 1679 1601 1749 γενήσονται.
1650 1681 1809 1732 Ποῖον

223 1764 333 1835 γὰρ
346 1765 538 1836 ὄφελος
551 1766 826 1836 εὑρήσεις.
845 1765 1120 1834 ἄνθρωπε,
1139 1765 1242 1819 κᾶν
1256 1765 1519 1829 καθόδους
1532 1766 1719 1837 ζήσεις
1735 1785 1811 1837 χι-

223 1860 353 1912 λίων
366 1858 679 1923 ὲτῶν,ούδὲν
693 1858 749 1911 δὲ
768 1857 1075 1927 σεαυτῷδιά
1086 1858 1183 1928 τῆς
1200 1858 1325 1930 έλεη
1338 1858 1581 1928 μοσύνης
1601 1860 1695 1913 καὶ
1711 1859 1810 1929 τῆς

224 1951 616 2022 πρδςπένητας
659 1952 1001 2021 μεταδόσεως
1040 1950 1495 2022 ἀποθησαυρίσης
1538 1952 1677 2023 πρὸς
1710 1951 1812 2020 τὴν

226 2043 527 2113 μέλλουσαν
546 2042 691 2114 ζωὴν
708 2044 1168 2109 minutionem;
1188 2042 1584 2114 εὑρεθήσονται
1598 2044 1706 2114 γάρ
1726 2059 1809 2096 σοι

221 2136 291 2189 τὰ
313 2135 464 2206 χίλια
484 2135 578 2208 ἔτη
624 2135 768 2190 κατὰ
799 2136 863 2189 τὸ
890 2136 1046 2199 τέλος
1084 2136 1184 2207 τῆς
1215 2136 1503 2207 παρούσης
1547 2136 1695 2206 ζωῆς
1735 2137 1810 2200 ὡς

221 2232 341 2295 ἔτος
384 2230 462 2295 ἓν,
491 2231 523 2301 ἢ
550 2230 645 2283 καὶ
680 2231 778 2300 μία
802 2231 1008 2302 ἡμέρα.
1053 2230 1119 2282 Τί
1150 2228 1261 2300 γὰρ
1292 2230 1543 2301 ὠφέλησε
1575 2229 1666 2284 τὸν
1691 2246 1811 2298 γεν-

222 2326 433 2394 νάρχην
473 2322 644 2393 Ἀδὰμ
670 2324 1059 2395 ὑπερϐάντατὸ
1089 2323 1504 2378 ὲννακοσιοστὸν
1536 2323 1675 2390 ἔτος,
1712 2324 1807 2377 καὶ

222 2415 367 2469 κατὰ
414 2416 514 2484 τὴν
541 2416 820 2487 χιλιοστὴν
874 2414 1103 2470 κάθοδον
1158 2415 1257 2484 τῆς
1310 2414 1457 2484 ζωῆς
1503 2416 1808 2483 τεθνηκότα

225 2508 365 2577 μετά
392 2506 490 2578 τὴν
517 2508 831 2577 παράϐασιν
866 2509 958 2562 καὶ
989 2508 1358 2579 παράπτωσιν
1385 2502 1679 2580 ;”Δρόύχὶ
1709 2509 1808 2579 μία

221 2601 405 2672 ἡμέρα
438 2600 501 2653 τδ
525 2601 729 2671 πλῆθος
757 2601 870 2654 τῶν
896 2600 1034 2655 ἐτῶν
1059 2601 1226 2655 αὑτοῦ
1281 2602 1579 2673 προφανῶς
1631 2601 1808 2668 ἐλογί-

224 2693 325 2763 σθη
353 2732 369 2755 ,
408 2694 457 2745 εί
492 2693 568 2762 μὴ
614 2693 702 2745 διὰ
739 2692 1155 2763 φιλανθρωπίαν
1203 2693 1534 2746 ἀνείκαστον
1587 2694 1615 2747 6
1653 2710 1809 2764 μονοο

221 2785 388 2854 γενὴς
420 2784 549 2847 Υἱὸς
582 2783 674 2837 τοῦ
706 2784 843 2837 Θεοῦ
877 2784 997 2849 νέος
1029 2784 1202 2855 Ἀδὰμ
1225 2784 1468 2853 γεγονὼς
1493 2784 1689 2855 ἐξῆρεν
1711 2786 1809 2837 αύ-

220 2877 315 2930 τδν
344 2874 439 2930 τοῦ
468 2877 596 2948 ᾅδου
626 2878 720 2930 καὶ
749 2876 844 2930 τοῦ
879 2877 1115 2932 θανάτου
1142 2877 1237 2931 καὶ
1265 2879 1366 2948 τῆς
1391 2878 1597 2949 φθορᾶς
1632 2896 1645 2941 ;
1674 2874 1811 2932 Εἶτά

224 2989 394 3042 φησιν
420 2973 447 3024 6
490 2973 788 3043 Ἑκκλησια
797 2973 951 3044 στής*

1324 368 1405 428 ΙΝ
1460 366 2045 429 ECCLESIASTEN.
2076 392 2144 402 --
2179 367 2327 426 LIB.
2358 366 2423 425 Ψ.

3389 368 3503 431 974

1984 476 2137 530 llanc
2161 489 2291 528 vero
2340 471 2846 541 interpretationem
2877 474 3145 530 Dominus
3178 490 3398 546 quoque
3443 481 3497 533 in

1917 566 2229 636 Evangeliis
2280 564 2589 625 conﬁrmat,
2632 564 2723 618 ubi
2776 566 2849 620 ait
2883 584 2894 617 :
2935 584 2954 617 ι
2982 565 3196 621 Bonum
3240 578 3360 624 erat
3397 572 3501 625 ho-

1916 666 2050 720 mini
2081 666 2182 728 illi,
2224 665 2269 719 si
2302 676 2465 719 natus
2494 678 2604 717 non
2638 662 2922 731 fuisset",
2959 683 2975 716 ι
3012 664 3209 719 ludam
3258 665 3503 734 prodito-

1918 772 2031 812 rem
2061 772 2127 811 eo
2164 755 2284 809 loco
2317 755 2635 825 designans.
2674 753 2810 808 Cum
2850 766 3030 810 autem
3060 756 3283 825 sapiens
3313 754 3503 809 Eccle—

1917 848 2119 904 siastes
2166 848 2418 919 protinus
2456 850 2620 903 addat
2651 864 2665 902 :
2706 866 2724 899 ι
2756 846 2823 900 Et
2860 848 2995 902 vixit
3032 848 3177 903 mille
3226 864 3499 903 annorum

1916 942 2166 1007 reditus,
2220 950 2274 996 et
2319 942 2616 995 bonitatem
2672 956 2780 995 non
2835 943 3108 1011 cognovit,
3142 962 3161 992 ι
3212 943 3500 997 hominum

1917 1038 2215 1092 multorum
2259 1036 2574 1092 vecordium
2621 1037 2981 1091 temeritatem
3028 1036 3308 1108 redarguit
3336 1047 3501 1105 atque

1914 1131 2236 1193 amentiam,
2263 1130 2355 1199 qui
2380 1127 2724 1195 haecjactant
2748 1129 3092 1199 impudenter
3121 1139 3285 1200 atque
3306 1131 3496 1185 aiunt:

1913 1223 2104 1278 Annos
2137 1237 2239 1292 ego
2268 1221 2395 1274 vita:
2427 1234 2562 1274 meae
2608 1221 2810 1277 multos
2852 1236 2976 1276 esse
3008 1222 3153 1288 volo,
3202 1231 3257 1276 et
3290 1224 3498 1293 cupidi-

1914 1315 2123 1369 tatibus
2174 1312 2481 1382 indulgere,
2527 1319 2583 1367 et
2635 1314 2788 1367 omni
2837 1317 2952 1368 otio
3011 1328 3076 1368 ac
3124 1315 3497 1383 voluptatibus

1913 1406 2024 1460 frui
2055 1424 2069 1460 :
2105 1420 2169 1459 ac
2209 1404 2340 1457 mihi
2385 1413 2506 1473 post
2543 1406 2654 1458 haec
2692 1404 2737 1459 si
2766 1418 2827 1457 ea
2859 1404 3185 1474 contigerint
3224 1420 3347 1473 qua:
3373 1405 3498 1459 aliis

1913 1503 2211 1562 contigere,
2237 1508 2346 1546 non
2372 1508 2528 1547 curo.
2560 1494 2693 1547 Nam
2725 1503 2779 1548 et
2808 1508 2909 1562 ego
2939 1508 3063 1547 cum
3102 1495 3207 1548 illis
3239 1494 3498 1550 omnibus

1912 1602 2161 1658 pergam,
2200 1594 2260 1639 ut
2288 1601 2478 1655 pennas
2517 1587 2743 1641 subeam
2774 1588 2896 1641 illas
2930 1588 3255 1652 invisibiles,
3287 1590 3331 1641 si
3364 1590 3495 1657 quid

1914 1693 2112 1748 nempe
2147 1686 2417 1747 superest,
2466 1687 2519 1731 et
2566 1679 2671 1731 illae
2711 1675 2911 1732 futurae
2957 1689 3106 1732 sunt.
3150 1680 3219 1733 At
3263 1696 3494 1748 ecquam

1914 1771 2231 1834 utilitatem,
2267 1785 2300 1822 ο
2326 1769 2599 1831 mortalis,
2630 1768 2896 1831 invenies.
2920 1771 3005 1825 vel
3029 1787 3153 1824 cum
3190 1773 3254 1824 ad
3287 1789 3493 1826 annum

1913 1861 2265 1918 millesimum
2294 1862 2461 1915 vitam
2506 1861 2850 1930 produxeris,
2894 1862 2937 1916 si
2989 1862 3125 1916 nihil
3174 1863 3289 1927 tibi,
3332 1866 3496 1918 mise-

1912 1954 2149 2011 ricordia
2195 1961 2250 2006 ct
2296 1953 2626 2007 liberalitate
2656 1968 2785 2023 erga
2830 1967 3120 2023 pauperes,
3159 1953 3403 2007 futurum
3441 1954 3493 2007 iu

1911 2062 2084 2103 aevum
2134 2061 2560 2116 mansuramque
2606 2046 2789 2101 sedem
2831 2046 3183 2116 seposueris?
3225 2047 3358 2101 Nam
3398 2048 3494 2100 tibi

1910 2142 2061 2196 mille
2096 2140 2224 2195 anni
2259 2140 2362 2196 sub
2399 2140 2606 2193 exitum
2656 2139 2780 2193 vita:
2823 2138 2988 2209 hujus
3020 2148 3282 2210 tanquam
3315 2156 3494 2196 annus

1910 2249 2056 2290 unus
2086 2242 2179 2288 aut
2217 2232 2334 2287 dies
2374 2246 2521 2286 unus
2560 2230 2910 2286 videbuntur.
2946 2231 3086 2297 Quid
3122 2233 3267 2287 enim
3302 2248 3495 2302 proge—

1910 2328 2074 2382 nitori
2109 2326 2319 2381 Adamo
2346 2323 2570 2393 profuit,
2605 2324 2750 2393 quod
2774 2339 2979 2378 annum
3013 2325 3490 2395 nongentesimum

1912 2433 2302 2489 supergressus
2340 2418 2430 2481 sit,
2461 2426 2515 2471 et
2537 2417 2833 2472 millesimo
2857 2426 3105 2471 vertente
3134 2426 3257 2487 post
3278 2418 3490 2486 lapsuum

1909 2512 2030 2581 ejus
2076 2520 2131 2566 et
2171 2524 2455 2564 excessum
2508 2508 2858 2564 occubuerit?
2897 2506 3087 2562 Nonne
3138 2523 3279 2563 unus
3335 2510 3494 2577 plano

1917 2604 2077 2675 156
2099 2603 2215 2657 dies
2269 2609 2353 2656 tot
2404 2616 2675 2655 annorum
2720 2601 2844 2670 ejus
2892 2600 3185 2655 multitudo
3222 2600 3490 2656 aestimata

1908 2698 2088 2753 esset,
2125 2689 2233 2745 nisi
2287 2688 2602 2759 unigenitus
2645 2687 2739 2743 Dei
2784 2686 2958 2745 Filius
2984 2691 3055 2744 ob
3098 2689 3496 2759 incomparabi-

1907 2786 2013 2838 lem
2039 2798 2168 2853 erga
2202 2796 2375 2851 genus
2403 2781 2691 2836 hominum
2727 2783 3052 2838 charitatem
3102 2797 3279 2839 novus
3320 2784 3493 2838 Adam

1905 2875 2127 2941 factus,
2180 2875 2359 2944 ipsum
2410 2888 2479 2929 ex
2542 2874 2741 2930 inferni
2797 2875 3049 2931 faucibus
3104 2886 3160 2932 et
3216 2886 3390 2932 morte
3441 2888 3497 2933 et

1905 2968 2264 3038 corruptione
2289 2967 2631 3037 eripuisset?
2664 2967 2827 3022 Addit
2864 2968 3060 3023 deinde
3095 2967 3490 3026 Ecclesiastes:
3591 2972 3596 2977 ’

1817 3093 1904 3149 Vl.

295 3186 392 3252 Μὴ
415 3187 529 3239 οὐκ
566 3187 653 3253 εἷς
681 3187 871 3240 τόπον
896 3186 1007 3240 ἕνα
1048 3185 1247 3242 πάντα
1269 3188 1585 3255 πορεύεται
1612 3204 1631 3251 ;
1683 3092 1808 3257 [Idi

1983 3184 2148 3240 νεεδ.
2180 3183 2302 3239 7-9.
2347 3181 2536 3237 Nonne
2561 3183 2631 3237 ad
2663 3183 2837 3237 locum
2863 3201 3024 3238 unum
3056 3188 3253 3241 vadunt
3281 3190 3499 3244 omnia?

220 3278 449 3345 μόχθος
515 3278 622 3332 τοῦ
654 3277 971 3346 ἀνθρώπου
1000 3281 1089 3344 εις
1118 3278 1186 3333 τὸ
1216 3280 1411 3347 στόμα
1442 3280 1630 3334 αὐτοῦ
1656 3296 1668 3308 “
1712 3282 1813 3335 καί

223 3384 292 3431 τε
332 3366 505 3437 ψυχὴ
549 3369 622 3421 οὐ
665 3368 1124 3435 πληρωθήσεται
1150 3386 1165 3400 ·
1206 3368 1297 3422 ὅτι
1349 3370 1672 3438 περίσσεια
1732 3368 1813 3436 τῷ

219 3455 396 3525 ’σοφῷ
431 3455 582 3523 ὑπὲρ
612 3456 721 3510 τὸν
750 3457 1002 3525 ἄφρονα,
1038 3458 1188 3512 διότι
1206 3457 1397 3526 πένης
1426 3455 1551 3514 οἶδε
1593 3472 1812 3528 πορευ-

226 3545 401 3613 θῆναι
435 3546 751 3601 κατέναντι
791 3549 900 3616 τῆς
926 3548 1097 3617 ζωῆς.
1161 3551 1416 3618 Ἀγαθὸν
1448 3550 1640 3620 ὅραμα
1702 3553 1811 3619 ὀφ-

226 3637 470 3707 θαλμῶν
500 3641 651 3708 ὑπὲρ
686 3643 1095 3709 πορευόμενον
1124 3641 1317 3711 ψυχῇ.
1367 3644 1477 3697 Καί
1523 3660 1589 3711 γε
1634 3641 1809 3698 τοῦτο

220 3732 548 3799 patendth
595 3732 694 3785 καὶ
729 3734 1079 3801 προαίρεσις
1109 3736 1469 3803 πνεύματος.

311 3824 596 3894 Ἀνόνητον
631 3825 1055 3894 ἀποφηνάμενος
1115 3827 1210 3878 καὶ
1272 3828 1455 3880 πᾶσαν
1511 3826 1611 3896 τὴν
1661 3826 1809 3897 ζωὴν

225 3912 322 3966 τοῦ
354 3915 449 3969 καὶ
495 3916 697 3985 πολλὴν
745 3918 917 3986 αὐτῆς
954 3917 1257 3987 δεξαμένου
1318 3917 1655 3989 παράτασιν,
1714 3919 1809 3971 καὶ

224 4006 415 4077 χιλίων
446 4008 583 4061 ἐτῶν
622 4008 889 4073 καθόδους
916 4008 1182 4079 ζήσαντος
1220 4011 1391 4081 χωρὶς
1424 4009 1805 4079 ἀγαθωσύνης,

222 4099 394 4167 ἧγουν
418 4098 794 4169 ὲλεημοσύνης
825 4103 919 4154 καὶ
943 4100 1208 4171 διανομῆς
1240 4102 1333 4154 καὶ
1386 4101 1676 4163 διαδόσεως
1705 4101 1806 4170 τῆς

225 4192 360 4261 πρὸς
388 4193 512 4255 τοὺς
541 4191 740 4255 ἐνδεεῖς
771 4193 863 4242 nl.
896 4192 1148 4261 11‘thth
1178 4208 1192 4224 ι
1247 4192 1559 4257 ἀκολούθως
1590 4194 1683 4246 καὶ
1717 4193 1805 4246 διὰ

221 4279 333 4331 τῶν
366 4280 652 4349 ἑπομένων
699 4281 797 4351 τὴν
853 4281 991 4335 ἰδίαν
1032 4281 1190 4345 δόξαν
1245 4284 1608 4354 παρεμπεδοῖ,
1686 4286 1806 4348 ταῖς

223 4372 331 4424 τῶν
356 4374 700 4443 πραγμάτων
732 4374 1163 4443 ἐναργεστάταις
1203 4374 1548 4439 ἀποδείξεσιν
1601 4378 1681 4439 εἰς
1718 4373 1807 4444 βε-

222 4463 454 4515 ϐαίωσιν
516 4464 877 4533 κεχρημένος.
930 4483 949 4514 ‹
984 4465 1075 4536 Μὴ
1126 4466 1264 4536 γάρ,
1313 4467 1509 4536 φησὶν,
1562 4468 1663 4520 οὐκ
1723 4469 1805 4530 εἰς

1914 3279 2097 3335 Omnis
2123 3278 2273 3331 labor
2305 3276 2528 3329 hominis
2569 3274 2631 3327 ob
2659 3292 2713 3329 os
2743 3278 2911 3343 ipsius
2944 3292 2961 3330 :
2993 3287 3041 3330 et
3075 3281 3283 3348 quidem
3315 3287 3496 3335 anima

1913 3389 2017 3425 non
2057 3369 2403 3438 implebitur;
2435 3368 2685 3437 quoniam
2717 3369 3049 3422 abundantia
3076 3373 3301 3439 sapienti
3341 3390 3497 3441 super

1912 3464 2266 3531 insipientem,
2294 3474 2354 3512 eo
2377 3457 2516 3529 quod
2545 3474 2743 3526 pauper
2768 3460 2909 3512 novit
2940 3460 3019 3513 ire
3043 3462 3113 3514 ad
3134 3463 3327 3531 faciem
3355 3472 3495 3519 vitae.

1915 3556 2119 3609 Bonum
2170 3564 2246 3608 est
2302 3562 2544 3621 aspectus
2599 3555 2875 3605 oculorum
2925 3569 3083 3622 super
3135 3554 3495 3611 ambulantem

1911 3649 2117 3701 anima.
2180 3643 2295 3699 Hoc
2345 3648 2508 3697 etiam
2557 3644 2769 3697 vanitas
2828 3656 2874 3698 et
2932 3648 3278 3714 prazsumptio
3334 3652 3491 3718 spiri-

1913 3748 1998 3792 tus
2026 3735 2159 3805 (40).

1980 3827 2118 3882 Cum
2155 3826 2403 3880 inutilem
2448 3825 2749 3879 ostenderit
2782 3824 2865 3879 vel
2899 3841 3116 3881 omnem
3148 3828 3315 3883 vitam
3346 3831 3491 3900 ejus,

1910 3919 2004 3989 qui
2033 3919 2257 3988 longum
2295 3916 2348 3970 in
2392 3931 2567 3970 tevum
2614 3915 2917 3984 producere
2959 3919 3218 3985 potuerit,
3258 3929 3313 3973 et
3346 3922 3492 3974 mille

1909 4025 2181 4066 annorum
2241 4010 2428 4064 orbem
2496 4007 2841 4078 impleverit,
2896 4008 3166 4077 siquidem
3231 4011 3493 4068 bonitatis

1909 4117 2104 4171 expers
2130 4100 2319 4164 fuerFt,
2355 4098 2750 4154 misericordiae
2789 4098 3001 4154 scilicet
3041 4114 3106 4155 ac
3145 4101 3490 4157 liberalitatis

1909 4211 2038 4265 erga
2087 4204 2306 4265 egentes
2356 4202 2519 4262 atque
2571 4192 2899 4246 mendicos:
2927 4191 3042 4262 jam
3097 4203 3152 4248 et
3212 4194 3308 4258 iis,
3367 4210 3490 4265 quae

1909 4294 2231 4355 sequuntur.
2276 4283 2599 4338 sententiam
2641 4284 2932 4337 confirmat
2961 4298 3140 4343 suam.
3174 4294 3227 4337 et
3268 4287 3491 4354 praecla-

1906 4376 2145 4431 rissimis
2194 4389 2330 4428 usus
2378 4387 2562 4427 rerum
2618 4371 3182 4427 demonstrationibus
3231 4389 3487 4444 compro-

1908 4467 2017 4521 bat.
2055 4484 2074 4516 ι
2107 4466 2302 4518 Nonne
2335 4464 2504 4543 enim,
2541 4462 2739 4531 inquit,
2767 4476 2934 4514 unum
2966 4460 3031 4513 ad
3069 4461 3251 4515 locum
3281 4464 3488 4516 vadunt

222 4551 392 4604 τόπον
422 4552 519 4604 ἕνα
569 4554 635 4604 τὰ
677 4552 856 4606 πάντα
887 4554 1185 4625 πορεύεται
1210 4574 1224 4620 ς
1278 4575 1295 4605 ι
1325 4555 1527 4624 δηλαδὴ
1551 4557 1688 4627 πρὸς
1707 4557 1798 4609 τὸν

1909 4557 2125 4612 omnia?
2158 4576 2176 4607 ι
2220 4556 2271 4610 id
2302 4563 2408 4619 est,
2441 4568 2561 4608 eam
2614 4553 2680 4607 ad
2722 4562 2946 4616 terram,
2987 4551 3131 4607 unde
3161 4555 3230 4607 ab
3278 4556 3487 4625 origine

221 4642 372 4709 γοῦν,
414 4643 473 4708 ἐξ
508 4637 679 4713 οὗπερ
718 4644 1035 4715 ἐλήφθημεν
1066 4646 1188 4699 κατ’
1218 4646 1429 4716 ἀρχάς;
1485 4648 1547 4699 Εἰ
1584 4647 1642 4701 δὲ
1702 4649 1798 4701 καὶ

218 4738 313 4788 τὸν
339 4737 628 4807 ὠκύμορον
674 4740 767 4791 καὶ
813 4738 906 4792 τὸν
954 4739 1255 4811 μακρόϐιον
1309 4741 1369 4793 τὸ
1422 4742 1554 4793 αὐτὸ
1623 4743 1801 4812 πέρας

217 4826 518 4896 ἐνδέχεται,
562 4828 657 4881 καὶ
681 4830 847 4893 τόπος
875 4831 903 4883 6
932 4831 1096 4894 αὐτὸς
1145 4831 1486 4902 ὑποδέχεται,
1525 4832 1576 4885 τί
1613 4832 1800 4885 πλεῖον

220 4918 338 4988 ἔχει
367 4914 522 4982 οὗτος
567 4920 805 4985 ἐκείνου,
829 4921 889 4974 τὸ
912 4922 1045 4975 αὐτὸ
1073 4923 1225 4987 τέλος
1270 4924 1539 4996 εὑρίσκων
1569 4926 1665 4979 καὶ
1720 4924 1799 4995 τῷ

220 5010 373 5079 αὐτῷ
395 5009 805 5081 καλυπτόμενος
848 5014 1004 5083 τάφῳ
1056 5015 1155 5083 τῆς
1189 5016 1294 5083 γῆς
1320 5056 1333 5078 ,
1382 5016 1500 5070 ἀλλ’
1531 5017 1564 5087 ἢ
1638 5017 1798 5084 μόνον

220 5100 331 5153 τῶν
363 5102 784 5156 πολλαπλασίων
817 5105 1032 5174 μόχθων
1062 5107 1155 5159 καὶ
1190 5107 1368 5161 πόνων
1406 5124 1464 5159 τε
1498 5109 1591 5161 καὶ
1614 5109 1798 5161 κόπων

218 5191 365 5245 κατά
406 5192 504 5262 τὴν
534 5192 827 5262 ἀναλογίαν
857 5195 960 5264 τῆς
999 5198 1259 5266 χρονικῆς
1299 5200 1663 5267 παρατάσεως
1698 5198 1799 5269 τὴν

216 5277 601 5348 ταλαιπωρίαν
638 5283 733 5333 καλ⁵
766 5284 1070 5352 κακουχίαν
1117 5287 1212 5337 καὶ
1289 5286 1613 5356 σύνθλιψιν;
1657 5288 1801 5340 ὥστε

222 5370 425 5439 μᾶλλόν
472 5373 589 5425 ἐστι
622 5376 1073 5445 κατεγνωσμένος
1111 5378 1205 5429 καὶ
1269 5381 1744 5450 κατακεκριμένος
1773 5383 1802 5433 6

220 5458 394 5512 πλείω
426 5459 598 5531 ζήσας
624 5462 717 5515 τοῦ
750 5464 1016 5534 ζήσαντος
1042 5467 1267 5532 ἐλάττω,
1299 5470 1394 5521 καὶ
1429 5470 1596 5539 μηδὲν
1638 5471 1799 5540 ἔργον

290 5573 333 5605 ³⁸
355 5573 546 5629 Matth.
580 5592 729 5641 XXVI,
757 5578 847 5633 24.

217 5668 379 5721 tisma
411 5739 415 5740 ί
446 5685 593 5722 mors
644 5671 976 5740 oppresserit

217 5739 531 5792 conditione
588 5750 870 5807 agnoscat,
926 5756 1089 5808 quam
1145 5739 1235 5807 qui
1272 5740 1439 5792 vitam
1480 5740 1545 5793 ad
1592 5742 1794 5795 inultos

217 5822 394 5863 annos
430 5810 481 5863 in
506 5809 720 5880 ﬂagitiis
749 5811 1125 5879 produxerim.
1180 5809 1330 5873 Vide,
1368 5810 1412 5862 si
1451 5818 1625 5875 vacat,
1656 5812 1791 5863 Grc-

1029 5689 1041 5723 :
1086 5684 1208 5723 eum
1271 5683 1366 5721 eos
1411 5668 1606 5737 potiori
1670 5685 1792 5724 esse

1907 4648 2178 4717 desumpti
2213 4646 2453 4701 fuimus?
2500 4644 2556 4699 Si
2592 4654 2772 4699 autem
2806 4654 2860 4699 et
2901 4645 3081 4700 brevis
3123 4654 3177 4700 et
3213 4646 3486 4701 diuturnzc

1900 4742 2023 4794 vita:
2062 4739 2340 4793 hominem
2378 4736 2522 4791 idem
2562 4736 2832 4790 terminus
2876 4747 3080 4801 manet,
3117 4735 3370 4807 idemque
3397 4752 3487 4794 ox-

1899 4832 2031 4901 cipit
2078 4831 2267 4891 locus,
2312 4827 2442 4898 quid
2492 4826 2727 4896 amplius
2784 4828 2873 4879 hic
2928 4827 3109 4893 habet,
3156 4843 3317 4897 quam
3370 4830 3479 4889 ille,

1898 4939 2021 4978 cum
2072 4920 2325 4976 eumdem
2367 4919 2432 4973 ad
2482 4918 2644 4972 finem
2700 4919 2927 4982 recidat,
2988 4919 3280 4974 et'eodem
3322 4930 3483 4976 terra:

1897 5014 2149 5081 sepulcro
2172 5017 2523 5079 contegatur,
2568 5008 2674 5063 nisi
2712 5008 2815 5061 hoc
2847 5023 3039 5072 uuutn,
3071 5009 3215 5078 quod
3246 5010 3484 5078 majores

1900 5121 1998 5175 pro
2038 5104 2162 5157 vitae
2202 5102 2568 5157 diuturnitate
2602 5100 2821 5155 labores
2861 5101 3067 5167 tulerit,
3107 5117 3173 5155 ac
3203 5101 3391 5170 plures
3432 5118 3486 5157 et

1901 5198 2177 5269 graviores
2209 5194 2484 5247 molestias
2508 5208 2655 5263 aegro
2684 5193 2996 5263 alllictoque
3022 5194 3207 5248 animo
3233 5196 3484 5249 exantla-

1900 5292 2038 5346 verit
2064 5290 2088 5342 ?
2116 5289 2252 5343 adeo
2282 5296 2342 5341 ut
2372 5287 2649 5341 severiore
2680 5289 2751 5342 sit
2776 5288 2983 5356 judicio
3011 5288 3355 5345 damnandus
3387 5292 3480 5361 qui

1901 5384 2023 5453 plus
2066 5379 2291 5445 vixerit,
2347 5394 2510 5449 quam
2561 5378 2654 5448 qui
2703 5380 2885 5450 minus
2948 5379 3110 5441 vixit,
3155 5388 3209 5433 et
3269 5380 3480 5435 nullum

1900 5474 2161 5527 bOuitatis
2198 5472 2426 5541 protulit
2466 5488 2641 5540 opus;
2690 5471 2830 5540 quod
2882 5471 2956 5523 illi
3008 5471 3224 5541 longius
3263 5487 3484 5541 quoque

1899 5673 2109 5741 gnrium
2133 5673 2539 5730 Nazianzenum
2587 5678 2774 5731 eadem
2806 5678 3129 5731 sentientem
3157 5679 3209 5731 in
3242 5687 3384 5732 orat.
3415 5680 3484 5734 40

1903 5752 1979 5811 (ῃ.
2011 5744 2160 5807 655).

1977 5813 2086 5882 (40)
2130 5814 2443 5885 Olytup.,...
2494 5819 2572 5871 ὅτι
2604 5834 2686 5882 τις
2723 5822 3009 5888 περισσεία
3042 5820 3118 5890 τῷ
3154 5819 3372 5890 σοφῷ...
