4166 6434
169 393 274 459 9ἿἸ

1247 386 1332 456 ΙΝ
1378 385 1954 453 ECCLESIASTEN.
1998 421 2062 430 -—
2103 395 2250 454 LIB.
2285 397 2380 454 Vl.

3332 397 3440 462 978

173 518 284 565 σως
315 499 570 567 διέξεισιν
599 495 769 551 εἰπών
801 514 810 523 ·
847 514 865 546 t
921 496 1150 564 Ἀγαθὸν
1213 499 1400 567 ὅραμα
1459 499 1758 567 ὀφθαλμῶν

1874 501 2007 556 .inus
2053 501 2133 555 sic
2177 503 2468 576 edisserit:
2503 522 2519 553 ι
2555 503 2758 557 Bonum
2809 511 2891 559 est
2948 513 3202 573 aspectus
3250 506 3436 562 oculo-

178 596 317 664 ὑπὲρ
349 591 720 664 πορευόμενον
755 591 926 659 ψυχῇ.
973 590 1067 642 καί
1115 606 1180 656 γε
1238 591 1400 642 τοῦτο
1454 592 1757 658 ματαιότης

177 686 275 737 καὶ
295 685 620 754 προαίρεσις
655 683 965 750 πνεύματος
1003 699 1015 711 ⁸
1045 701 1063 732 ι
1087 685 1187 749 τὴν
1220 685 1277 734 ὲν
1309 681 1492 734 ἐλπίσι
1519 683 1618 750 τῆς
1639 682 1760 750 μελ-

178 772 381 845 λούσης
421 775 568 842 ζωῆς
599 773 902 844 πρόόλεψιν
931 772 1041 825 τῶν
1079 774 1282 841 νοερῶν
1327 771 1631 840 ὀφθαλμῶν
1669 773 1766 823 ὲνσ

177 865 370 921 τεῦθεν
407 865 926 936 παραινιττόμενος,
960 865 1083 916 καθ’
1122 865 1188 934 ἡν
1219 865 1313 915 καὶ
1346 863 1486 927 πρὸς
1513 865 1578 932 ῆν
1619 862 1769 914 πάν--

179 976 272 1020 τες
302 978 321 1009 ι
360 959 409 1012 οί
448 957 509 1021 ἐξ
548 957 747 1019 αἰῶνος
801 956 893 1008 τὸν
924 955 1132 1026 Κύριον
1163 954 1582 1024 ὑπομείναντες,
1621 972 1640 1003 ι
1703 955 1768 1004 ὲν

182 1050 546 1120 πολυτρόποις
599 1047 928 1118 κακουχίαις
959 1048 1054 1100 καὶ
1110 1046 1324 1114 θλίψεσι
1381 1044 1644 1113 διήνυσαν
1699 1045 1760 1096 τὸ

183 1140 398 1193 στάδιον
428 1139 527 1208 τῆς
588 1137 874 1208 παρούσης
907 1134 1056 1205 ζωῆς
1088 1153 1100 1165 ·
1140 1137 1190 1188 οῖ
1242 1136 1335 1189 καὶ
1372 1133 1616 1202 βελτίους
1668 1135 1760 1184 eb-

183 1230 422 1300 ρέθησαν
448 1228 719 1298 ἀριδήλως
751 1228 859 1282 τῶν
890 1225 1283 1295 πορευομένων
1331 1226 1387 1274 ὲν
1405 1226 1525 1286 ταῖς
1561 1225 1761 1292 ὁρμαῖς

183 1320 290 1375 τῶν
346 1319 600 1390 ψυχικῶν
657 1316 837 1372 αὐτῶν
885 1316 1248 1386 βουλημάτων
1313 1314 1452 1382 πρὸς
1502 1315 1642 1382 μόνα
1694 1313 1762 1364 τὰ

185 1413 428 1482 παρόντα
479 1413 578 1464 καὶ
641 1411 981 1479 φθειρόμενα
1036 1408 1329 1477 κεχηνότες
1359 1446 1373 1468 ,
1437 1407 1531 1458 καὶ
1595 1404 1760 1474 μηδε-

186 1504 316 1572 μίαν
369 1504 606 1573 ὀπτικὴν
658 1503 998 1573 κτησάμενοι
1055 1500 1164 1551 τῶν
1212 1497 1413 1567 νοερῶν
1463 1494 1760 1564 ὀφθαλμῶν

182 1594 411 1662 δύναμιν
463 1594 553 1646 διὰ
605 1593 847 1654 πίστεως
905 1591 1046 1660 πρὸς
1125 1589 1224 1658 τὴν
1287 1588 1396 1639 τῶν
1468 1586 1759 1654 ὲλπιζομέυ

183 1703 291 1738 νων
345 1683 568 1752 ἀγαθῶν
624 1683 968 1754 πραγμάτων
1021 1681 1359 1733 ὑπόστασιν·
1391 1677 1507 1731 ἀλλ’
1560 1674 1647 1730 οἷα
1697 1677 1762 1746 δὴ

181 1779 406 1847 ψυχικολ⁵
444 1778 519 1848 μὴ
545 1776 835 1846 δεξαμένοι
858 1775 928 1826 τὰ
957 1772 1051 1826 τοῦ
1083 1772 1419 1840 πνεύματος,
1455 1773 1575 1833 ταῖς
1635 1769 1759 1837 βιω-

1869 605 1987 643 rum
2035 605 2198 658 super
2236 591 2607 645 ambulantem
2655 593 2858 658 anima,
2902 593 3006 646 hoc
3034 594 3198 646 etiam
3228 595 3440 651 vanitas

1866 692 1918 734 et
1974 683 2328 750 praesumptio
2385 683 2642 750 spiritus;
2677 701 2694 733 ι
2753 694 3100 753 prospectum
3157 685 3241 740 his
3291 685 3438 739 desi-

1866 785 2042 840 gnans
2087 771 2410 839 spiritalium
2461 773 2767 837 oculorum,
2810 776 2939 828 dum
2985 772 3224 830 futuram
3270 777 3436 829 vitam

1867 874 2171 928 speramus,
2219 871 2444 930 propter
2489 878 2654 931 quam
2700 874 2754 916 et
2806 866 3064 934 adquam
3097 877 3310 928 omnes,
3345 865 3437 934 qui

1874 966 1891 997 ι
1920 964 1950 1002 a
1981 950 2182 1003 saeculo
2213 949 2499 1004 Dominum
2545 953 2856 1007 sustinuere
2879 953 2944 1017 ³¹,
2985 971 3002 1002 ι
3045 968 3139 1020 per
3166 968 3441 1008 aerumnas

1870 1041 2066 1094 multas
2098 1051 2262 1109 atque
2291 1043 2572 1111 angustias
2609 1045 2892 1112 praesentis
2923 1047 3046 1100 vita:
3079 1046 3313 1100 stadium
3341 1046 3442 1099 ab-

1870 1139 2149 1190 solverunt
2181 1136 2296 1207 (45)
2334 1154 2345 1189 :
2380 1136 2471 1205 qui
2501 1145 2554 1189 et
2585 1135 2991 1204 praesnntiores
3016 1135 3134 1189 sine
3159 1135 3326 1188 dubio
3361 1136 3444 1187 in-

1870 1231 2016 1283 venti
2049 1237 2198 1291 sunt,
2235 1243 2399 1297 quam
2447 1228 2621 1296 ii,qui
2661 1228 2922 1296 appetitui
2958 1237 3012 1280 et
3054 1227 3443 1296 cupiditatibus

1870 1321 1984 1376 suis
2026 1327 2293 1390 perpetuo
2329 1319 2693 1389 indulgentes,
2744 1334 2807 1372 ac
2841 1319 3124 1387 praesentia
3166 1318 3341 1373 solum
3390 1325 3445 1370 ct

1868 1414 2074 1467 caduca
2121 1413 2418 1476 inhiantes,
2462 1423 2573 1466 tum
2625 1412 2771 1465 nulla
2818 1412 3024 1480 praediti
3070 1411 3327 1465 facultate
3375 1411 3443 1464 ad

1871 1505 2161 1558 videndum
2201 1506 2538 1574 spiritalibus
2582 1505 2758 1558 oculis
2812 1519 2906 1572 per
2955 1505 3111 1558 iidem
3162 1519 3287 1557 vera
3329 1503 3441 1566 illa,

1869 1611 1990 1665 qua:
2021 1611 2310 1666 speramus
2337 1597 2502 1659 bona,
2528 1595 2623 1648 sed
2651 1595 2817 1648 veluti
2853 1595 3008 1663 plane
3038 1596 3300 1649 animales
3323 1609 3445 1664 qua:

1870 1695 2099 1764 spiritus
2165 1702 2314 1751 sunt,
2377 1692 2603 1744 minime
2663 1693 2954 1762 perceptis,
3003 1691 3170 1743 vitam
3226 1704 3442 1744 omnem

1871 1801 2024 1840 suam
2057 1787 2108 1838 in
2155 1785 2474 1853 quotidiano
2515 1783 2700 1837 tnundi
2745 1785 2981 1836 tumultu
3018 1794 3180 1851 atque
3212 1782 3263 1836 in
3297 1784 3445 1836 volu-

182 1873 367 1933 τικαῖς
404 1871 499 1922 καὶ
530 1869 825 1937 κοσμικαῖς
859 1865 1096 1936 τύρὸαις
1132 1865 1226 1916 καὶ
1257 1863 1492 1931 τέρψεσι
1527 1862 1621 1913 καὶ
1661 1863 1761 1931 pq.»

1874 1879 2110 1947 ptatibus
2157 1886 2210 1931 et
2268 1877 2493 1930 desitliis
2557 1877 2756 1930 misere
2796 1886 3130 1946 exegerunt,
3186 1875 3445 1928 diuturno

186 1961 420 2021 στώναις
465 1959 620 2030 παρὰ
655 1959 834 2011 πάντα
873 1957 964 2010 τὸν
999 1954 1210 2008 ἑαυτῶν
1242 1954 1356 2024 βίον
1386 1953 1586 2014 ἀθλίως
1633 1952 1764 2021 ἐζη-

1874 1971 2132 2038 lemporis
2159 1969 2331 2038 spatio
2362 1968 2413 2022 in
2442 1968 2680 2021 vanitate
2709 1975 3055 2035 consumpto.
3089 1964 3222 2018 Nam
3255 1967 3358 2019 hoc
3390 1977 3447 2018 ut

187 2067 310 2117 σαν,
344 2053 402 2104 ὲν
433 2048 763 2121 ματαιότητι
787 2045 1279 2105 καταναλώσαντες
1310 2044 1372 2095 τὸ
1401 2041 1612 2110 δολιχὸν
1665 2040 1762 2093 τοῦ

187 2146 385 2216 χρόνου
434 2145 737 2215 διάστημα.
769 2141 943 2196 Τοῦτο
982 2141 1092 2211 γὰρ
1134 2139 1566 2208 αἰνιττόμενοςὸ
1603 2136 1768 2204 σοφὸς

201 2237 636 2308 Ἐκκλησιαστὴς
668 2231 825 2296 αὖθίς
855 2251 1018 2304 φησι,
1061 2251 1078 2282 ι
1115 2230 1223 2285 Καί
1251 2247 1315 2298 γε
1349 2227 1508 2282 τοῦτο
1538 2227 1769 2297 ματαιόο

187 2341 284 2392 της
311 2323 404 2376 καὶ
436 2324 758 2393 προαίρεσις
794 2320 1128 2390 πνεύματος.
1173 2337 1191 2370 ι
1237 2312 1338 2372 Ὧν
1382 2319 1546 2388 ἡμεῖς
1603 2317 1771 2384 ἐκφυ-

189 2413 379 2476 γόντες
405 2411 506 2481 τὴν
547 2411 806 2480 μίμησιν,
824 2410 924 2480 τὴν
968 2408 1390 2479 προδλεπτικὴν
1423 2407 1534 2460 τῶν
1566 2405 1770 2476 νοερῶν

187 2503 484 2574 ὀφθαλμῶν
511 2502 669 2573 ήμῶν
705 2501 1024 2572 ὀξυδερκίαν
1068 2502 1359 2554 κατέναντι
1414 2498 1515 2568 τῆς
1544 2496 1772 2568 μελλοὺ-

194 2613 293 2666 σης
323 2595 470 2664 ζωῆς
503 2595 901 2664 ὰνατείνωμεν,
934 2595 1070 2664 πρὸς
1099 2593 1162 2646 τὺ
1198 2593 1454 2663 βραϐεῖον
1500 2591 1600 2660 τῆς
1657 2590 1772 2643 ἄνω

192 2687 440 2756 κλήσεως
466 2684 561 2739 τοῦ
587 2685 725 2739 Θεοῦ
757 2685 1141 2756 πορευόμενοι,
1172 2684 1269 2738 καὶ
1321 2683 1450 2745 τοὺς
1503 2681 1770 2752 πτωχοὺς

191 2778 559 2848 οἰκτείροντες
591 2779 688 2831 καὶ
719 2778 1022 2848 κιχρῶντες
1060 2779 1176 2839 τοῖς
1210 2776 1465 2846 πένησιν,
1530 2776 1630 2842 ὅση
1678 2773 1778 2827 δύ-

193 2887 378 2940 ναμις,
421 2870 508 2923 ἵνα
537 2870 984 2934 πολλαπλασίους
1025 2867 1437 2939 ἀντιδεξώμεθα
1468 2867 1777 2937 Χριστόθεν

160 2964 293 3026 κτὰς
344 2964 584 3033 ἀμοιϐάς
622 2981 637 2996 ο
680 2982 699 3014 ι
755 2964 813 3016 '0
864 2963 982 3034 γὰρ
1039 2961 1207 3016 ἐλεῶν
1261 2961 1478 3030 πτωχὸν
1540 2959 1777 3023 δανείζει

193 3052 333 3122 Θεῷ,
366 3071 383 3104 ι
419 3053 553 3123 φησί
584 3070 688 3106 που
715 3053 775 3105 τὸ
803 3054 982 3122 λόγιον
1000 3052 1115 3120 ,τῆς
1155 3051 1310 3114 θείας
1364 3051 1638 3120 Γραφῆς·
1681 3047 1774 3100 καὶ

192 3145 290 3215 τὴν
316 3145 425 3198 τῶν
450 3146 696 3217 οὐρανῶν
726 3145 1006 3216 βασιλείαν
1031 3143 1516 3213 κληρονομήσομεν
1545 3144 1602 3194 ὲν
1626 3138 1775 3209 αὐτῷ

1869 2060 2222 2131 significaret,
2254 2060 2470 2128 sapicus
2501 2058 2863 2114 Ecclesiastes
2899 2057 3097 2112 iterum
3125 2058 3200 2109 ait
3232 2074 3243 2107 :
3281 2075 3298 2107 ι
3334 2055 3446 2108 Hoc

1869 2153 2032 2206 etiam
2087 2152 2300 2206 vanitas
2353 2159 2407 2204 et
2457 2150 2810 2220 pra-sumptio
2847 2149 3093 2219 spiritus.
3131 2167 3148 2200 ι
3198 2147 3443 2214 Quorum

1871 2262 1971 2301 nos
1993 2245 2354 2300 imitationem
2379 2245 2636 2308 aversati,
2661 2243 3028 2312 perspicacem
3055 2243 3252 2297 mentis
3275 2242 3445 2295 aciem

1869 2349 1923 2393 et
1972 2347 2141 2392 totam
2206 2335 2534 2406 spiritalium
2586 2337 2872 2390 oculorum
2921 2335 3032 2388 vim
3082 2335 3149 2388 ad
3208 2332 3447 2387 futuram

1870 2433 2036 2485 vitam
2099 2416 2470 2493 intendamus,
2526 2428 2768 2482 victoriae
2817 2427 3140 2496 praemium,
3191 2427 3258 2480 ad
3304 2427 3450 2495 quod

1874 2521 2017 2577 Deus
2057 2537 2158 2578 nos
2186 2530 2364 2587 vocat,
2397 2530 2662 2592 petentes,
2707 2529 2763 2575 et
2801 2529 3068 2589 quantum
3098 2520 3328 2589 quisque
3356 2534 3452 2588 po-

1873 2626 1998 2680 test,
2029 2615 2420 2670 misericordia
2437 2623 2491 2670 et
2517 2614 2769 2684 largitate
2800 2612 3066 2667 mendicis
3097 2621 3261 2680 atque
3287 2626 3450 2682 egen-

1873 2708 2018 2762 tibus
2061 2707 2399 2776 opitulantes
2429 2725 2443 2760 :
2477 2721 2588 2776 quo
2629 2705 2997 2776 amplissimas
3032 2720 3061 2758 a
3100 2704 3322 2758 Christo
3366 2719 3450 2756 rc-

1874 2799 2284 2855 munerationes
2318 2798 2648 2852 referamus:
2688 2815 2706 2848 ι
2738 2797 2840 2862 Qui
2870 2797 3015 2851 enim
3053 2796 3304 2866 pauperis
3346 2796 3451 2847 mi-

1873 2898 2125 2952 seretur,
2181 2887 2468 2942 feneratur
2521 2889 2632 2941 Deo
2655 2887 2732 2951 ³³,
2771 2905 2788 2936 ι
2851 2894 2909 2939 ut
2965 2894 3048 2939 est
3107 2886 3160 2938 in
3213 2883 3452 2938 oraculis

1872 2981 2179 3034 divinarum
2207 2978 2535 3033 Litterarum
2567 2996 2580 3032 :
2609 2987 2662 3032 et
2691 2979 2844 3047 regni
2894 2977 3131 3032 cmleslis
3165 2975 3447 3029 haeredita-

1874 3076 1979 3121 tem
2027 3068 2288 3123 adeamus
2339 3081 2464 3120 cum
2525 3066 2643 3136 ipso
2695 3066 2912 3120 Christo
2949 3065 3057 3119 Deo
3109 3073 3320 3128 nostro,
3365 3065 3453 3118 cui

1877 3158 2048 3227 gloria
2071 3166 2124 3211 et
2151 3157 2441 3226 imperium
2466 3170 2592 3210 cum
2616 3155 2988 3226 omnipotente
3011 3154 3169 3209 Patre
3190 3163 3243 3208 et
3265 3163 3456 3206 sancto

195 3237 421 3306 Χριστῷ
449 3237 528 3306 τῷ
573 3237 692 3307 Θεῷ
725 3238 908 3307 ήμῶν,
937 3231 981 3304 ᾧ
1007 3239 1042 3305 ἡ
1071 3235 1200 3300 δόξα
1230 3236 1325 3287 καὶ
1350 3232 1411 3286 τὸ
1445 3232 1648 3304 κράτος
1678 3232 1770 3284 σὺν

1882 3248 2135 3318 bonoque
2177 3263 2241 3302 ac
2276 3249 2399 3303 vita:
2437 3257 2661 3302 auctore
2699 3218 2908 3316 Spiritu
2953 3262 3101 3302 nunc
3148 3256 3201 3302 et
3243 3259 3457 3315 semper

193 3327 269 3398 τῷ
311 3330 721 3400 παντοκράτορι
749 3330 926 3399 Πατρὶ
963 3329 1059 3382 καὶ
1089 3329 1169 3399 τῷ
1210 3325 1465 3396 παναγίῳ
1501 3325 1593 3378 καὶ
1630 3325 1770 3390 ἀγα-

1883 3349 1938 3394 et
1971 3340 2025 3394 in
2058 3338 2257 3396 saecula
2292 3340 2645 3396 saeculorum.
2679 3341 2871 3394 Amen.

195 3419 273 3488 θῷ
299 3420 394 3473 καὶ
422 3419 668 3489 ζωοποιῷ
701 3422 984 3491 Πνεὺματι
1018 3419 1111 3472 νῦν
1138 3420 1232 3474 καὶ
1271 3419 1360 3473 ἀεὶ
1405 3418 1498 3470 καὶ
1524 3418 1605 3478 είς
1649 3415 1776 3480 τοὺς

195 3510 398 3574 αἰῶνας
434 3510 541 3563 τῶν
566 3510 802 3566 αίώνων.
845 3511 1043 3582 Ἀμήν.

1419 3891 1786 3978 ΛΟΓΟΣ
1824 3892 2226 3977 ΕΚΤΟΣα

1358 4158 1470 4246 LI
1494 4159 1628 4246 BE
1651 4161 1712 4246 R
1787 4156 2284 4248 SEXTUS.

1785 4496 1887 4566 δι.

271 4615 345 4670 Et
377 4631 426 4668 τι
451 4613 708 4682 ἐγένετο,
746 4610 860 4678 ἤδη
901 4610 1186 4676 κέκληται
1221 4611 1410 4678 ὄνομα
1434 4613 1641 4676 αὑτοῦ,
1676 4615 1770 4668 καί

1957 4617 2121 4688 [59
2150 4615 2315 4672 Vens.
2373 4617 2455 4671 10.
2503 4615 2561 4669 Si
2611 4618 2737 4685 quid
2770 4615 2909 4684 fuit,
2945 4611 3061 4680 jam
3104 4619 3344 4663 vocatum
3391 4624 3467 4660 est

196 4704 472 4774 ἐγνώσθη
523 4703 556 4755 ὅ
605 4703 778 4755 ἐστιν
828 4699 1160 4767 ἄνθρωπος,
1201 4702 1298 4754 καί
1343 4703 1414 4754 οὐ
1453 4702 1770 4770 δυνήσεται

1886 4727 2072 4764 nomen
2104 4711 2239 4778 ejus,
2270 4720 2318 4762 et
2363 4711 2630 4779 cognitum
2669 4709 2807 4778 quod
2831 4717 2906 4761 est
2945 4706 3122 4766 homo,
3149 4715 3196 4756 et
3237 4713 3336 4754 nan
3383 4715 3466 4767 po-

197 4797 306 4850 τοῦ
343 4793 616 4861 κριθῆναι
635 4793 784 4863 μετὰ
825 4793 932 4846 τοῦ
963 4791 1352 4861 ίσχυροτέρου
1393 4793 1547 4862 ὑπὲρ
1572 4799 1770 4849 αὑτὸν

1888 4803 2008 4854 terit
2056 4799 2368 4853 contendere
2418 4816 2536 4853 cum
2573 4799 2790 4867 fortiore
2842 4812 2999 4865 super
3041 4811 3115 4856 se,
3172 4793 3297 4862 quia
3348 4800 3468 4844 sunt

195 4885 288 4939 ὅτι
336 4884 455 4938 εἰσὶ
485 4885 655 4952 ,πότοι
681 4884 898 4936 πολλοὶ
961 4884 1373 4950 πληθύνοντες
1397 4887 1764 4954 ματαιότητα

1889 4894 2044 4947 verba
2071 4893 2240 4946 multa
2277 4891 2692 4960 multiplicantia
2722 4891 3010 4942 vanitatem
3037 4887 3171 4957 (46).

272 4975 727 5047 Καθυπογράψας
760 4974 854 5028 καὶ
892 4973 1240 5044 κωμῳδήσας
1295 4974 1386 5027 τὸν
1440 4976 1782 5046 ἀνελεήμονα

198 5068 296 5120 καὶ
328 5067 588 5136 φειδωλὸν
640 5065 898 5119 πλούσιον
942 5065 1297 5128 παντοδαπῶς
1354 5069 1447 5120 καὶ
1505 5070 1785 5134 ποικίλως,

201 5163 298 5212 καὶ
327 5159 517 5229 μέντοι
556 5157 650 5210 τὸν
681 5157 1051 5229 πορευόμενον
1080 5159 1268 5222 ἁπλῶς
1303 5163 1423 5224 ταῖς
1453 5162 1651 5232 ὁρμαῖς
1679 5164 1787 5216 τῶν

194 5251 449 5320 ψυχικῶν
509 5249 882 5320 βουλημ-άτων,
912 5250 1007 5303 καὶ
1078 5250 1344 5321 μηδαμῶς
1426 5253 1788 5323 στοιχειοῦντα

275 5370 319 5401 ³⁸
340 5369 485 5426 Psal.
513 5387 659 5439 xxvi,
688 5369 774 5428 14.
843 5370 886 5402 ³³
914 5367 1074 5424 Prov.
1115 5386 1224 5433 xu,
1264 5370 1350 5422 l7.

281 5505 393 5585 (45)
427 5503 818 5587 S_ymm_achum
843 5502 1378 5587 sintie_dubi_o.noster
1407 5502 1782 5587 hicsequitur:

201 5571 406 5646 quippe
444 5571 560 5629 Haec
587 5575 676 5629 ille
697 5575 777 5628 sic
803 5574 1036 5628 reddidit
1072 5591 1084 5625 :
1118 5572 1334 5625 Βέλτιον
1361 5571 1717 5651 προὸλέπειν,
1751 5573 1783 5641 ἢ

199 5646 409 5700 ὁδεύειν
434 5644 803 5715 αὐταρεσκίᾳη
825 5643 882 5697 Id
908 5652 1012 5715 est,
1053 5642 1294 5715 Praestat
1315 5644 1602 5708 providere,
1630 5658 1787 5715 quant

203 5715 478 5770 ambulare
531 5711 686 5783 prout
741 5711 890 5774 libet,
929 5713 1059 5783 sive
1098 5714 1400 5783 secundum
1439 5726 1576 5764 vana
1614 5711 1787 5783 animi

205 5785 500 5842 desideria.
530 5781 661 5840 Nam
689 5783 836 5855 ψυχὴ
868 5782 1031 5840 etiam
1057 5791 1138 5840 est
1164 5783 1225 5838 τὸ
1255 5781 1652 5852 ἐπιθυμητικόν
1675 5798 1688 5813 ο
1731 5791 1788 5834 ut

1962 4983 2138 5042 Divite
2172 4983 2307 5052 jam,
2353 4985 2446 5051 qui
2497 4991 2551 5036 et
2597 4980 2992 5036 immisericors
3027 4980 3100 5033 sit
3140 4987 3194 5030 et
3247 4989 3466 5033 avarus,

1910 5072 2258 5128 omnifariam
2294 5072 2588 5142 multisque
2619 5070 2799 5125 modis
2829 5069 3106 5138 descripto
3146 5083 3208 5120 ac
3265 5073 3470 5130 notato,

1897 5179 1998 5218 nec
2033 5163 2216 5217 minus
2266 5177 2354 5226 co,
2403 5162 2496 5231 qui
2533 5176 2639 5216 non
2679 5160 2845 5215 alium
2878 5159 3014 5214 vitae
3046 5158 3238 5212 ducem
3288 5155 3468 5218 habet,

1900 5270 2062 5325 quam
2109 5255 2408 5324 appetitum
2442 5253 2814 5320 animalcsque
2861 5249 3206 5320 cupiditates,
3238 5263 3302 5302 ac
3336 5246 3471 5302 nihil

1897 5504 2442 5580 cum_ait_[’salntista
2480 5501 2845 5580 sanctusul'di]
2869 5497 3126 5580 παραδῴς
3163 5513 3231 5566 με
3263 5497 3342 5572 εἰς
3373 5495 3473 5575 φν-

1896 5575 1996 5644 Xa;
2026 5573 2318 5628 Θλιῦόντων
2353 5591 2418 5644 με
2447 5590 2460 5604 ⁸
2498 5573 2548 5626 id
2585 5581 2689 5644 est,
2729 5569 2805 5644 {Ve
2832 5567 3114 5644 tradideris
3159 5583 3237 5619 me
3269 5569 3321 5618 tn
3356 5567 3464 5618 ani-

1899 5637 2010 5698 inas
2046 5637 2553 5712 tribulantitimfme.
2593 5641 2768 5712 (Psal.
2796 5655 2967 5712 xAxvt,
3010 5637 3122 5706 12.)

1968 5715 2080 5786 (τιὸ)
2123 5715 2276 5786 Apud
2306 5711 2448 5768 LXX
2471 5753 2481 5766 .
2506 5753 2516 5767 .
2546 5707 2711 5767 ..καὶ
2739 5711 2799 5764 οὺ
2823 5709 3110 5779 δυνήσεται
3142 5707 3414 5777 κριθῆναι.
