4166 6434
213 398 312 466 981¹
1267 406 1343 462 l.\'
1392 406 1802 466 ECCLESIAS‘

1905 411 1971 469 Ν.
2023 436 2088 444 -
2123 411 2266 470 LIB.
2307 413 2397 472 Vl.
3363 419 3466 482 982

210 514 509 584 ἀλλοτρίοις
534 515 759 582 ὀνόμασι
796 513 859 566 τὰ
903 512 1202 582 πράγματα
1258 517 1782 585 προσαγορεύοντες,

1905 519 2049 571 tlicui
2080 520 2438 583 confirmant,
2470 539 2632 592 quam
2672 524 2761 592 qui
2795 523 2989 578 alienis
3029 528 3347 582 nominibus
3379 544 3468 589 res

210 599 318 656 οἷον
363 606 410 656 οἱ
441 605 538 673 τὴν
571 603 846 656 πλάτανον
899 603 1212 672 ἄνθρωπον,
1250 604 1652 672 παραϐαίνουσι
1691 607 1786 676 τὴν

1905 610 2249 677 ippellantes,
2298 613 2443 665 velut
2472 614 2563 679 qui
2615 613 2893 682 platanum
2947 615 3186 669 hominis
3233 619 3466 684 appella.

211 696 473 764 κειμένην
503 695 822 763 ὀνομασίαν.
862 717 879 746 ι
917 695 1264 763 Παρεμπεδοί
1294 695 1350 746 δὲ
1380 698 1479 764 τὴν
1527 697 1789 766 τοιαύτην

1905 701 2035 753 ione
2067 701 2372 770 designent,
2405 712 2723 756 consuetam
2758 705 3257 759 dettominationem
3286 717 3463 760 trans-

211 787 436 856 ἐκδοχὴν
465 790 558 840 καὶ
583 787 668 838 διά
697 789 805 839 τῶν
837 787 1064 857 ἀμέσως
1093 785 1385 855 ἑπομένων
1419 788 1447 837 6
1474 788 1632 855 σοφὸς
1671 791 1789 842 Ἐκ-

1905 793 2349 859 grediuntur“.i
2392 793 2578 848 Talem
2650 809 2776 848 iero
2835 796 3336 864 interpretatiom-m
3403 797 3468 849 iis

212 879 544 949 κλησιαστὴς
564 897 576 909 ’
593 880 726 950 φησι
755 881 864 950 γάρ
884 896 895 909 ·

1774 1083 1800 1152 ς
1827 1081 1886 1134 ιι.

289 1190 347 1242 Ti
372 1190 669 1256 περισσόν
696 1189 774 1254 τῷ
808 1190 1130 1258 ἀνθρώπῳ;
1167 1193 1254 1245 ὅτι
1292 1194 1384 1258 τίς
1412 1189 1537 1247 οἵδε
1563 1196 1620 1248 τί
1646 1196 1788 1264 dra-

215 1279 322 1331 θὸν
353 1279 432 1344 τῷ
473 1281 762 1348 ἀνθρώπῳ
789 1283 858 1335 ἐν
888 1283 961 1351 τῇ
1000 1283 1113 1352 ᾄσῇ
1142 1285 1329 1338 αὑτοῦ
1364 1286 1616 1353 ἀριθμὸν
1651 1289 1787 1356 ἡμε-

151 1448 155 1450 _
205 1367 333 1434 ρῶν
351 1367 501 1437 ζωῆς
520 1373 916 1439 ματαιότητος
948 1373 1173 1438 αὑτοῦ;
1199 1375 1296 1426 καὶ
1328 1374 1620 1442 ἐποίησεν
1641 1378 1795 1430 αὐτὰ

213 1462 282 1513 ἐν
311 1461 486 1530 σκιᾷο
528 1463 616 1516 ὅτι
648 1466 737 1530 τίς
764 1459 1097 1535 ἀπαγγελεῖ
1111 1466 1190 1532 τῷ
1217 1468 1525 1536 ἀνθρώπῳ,
1544 1472 1601 1522 τί
1625 1470 1798 1524 ἔσται

214 1552 409 1606 ὀπίσω
440 1555 628 1610 αὑτοῦ
659 1555 778 1610 ὑπὸ
809 1559 917 1610 τὸν
950 1558 1158 1624 vilior;

285 1645 581 1716 Μονονουχὶ
611 1647 720 1718 γάρ
756 1665 922 1717 φησιν
942 1665 956 1680 ·
989 1649 1052 1701 El
1078 1649 1188 1718 γάρ
1215 1650 1468 1704 τοσοῦτον
1501 1652 1794 1706 ἀπολειπόο

222 1753 383 1804 μενος
418 1738 611 1804 σοφίας
653 1739 748 1792 καὶ
791 1741 1105 1810 φρονήσεως
1154 1742 1181 1791 6
1223 1741 1512 1812 ἄνθρωπος
1563 1743 1795 1814 εὓρηται

219 1826 356 1897 πρός
395 1827 492 1898 τὴν
527 1829 666 1882 ίδίαν
695 1832 918 1897 γνῶσιν,
963 1831 1038 1894 ὡς
1072 1832 1206 1902 μηδὲ
1232 1833 1300 1884 τά
1331 1834 1451 1885 κατ’
1477 1835 1640 1889 αὐτὸν
1677 1836 1798 1890 δια-

213 1919 422 1972 τιθέναι
453 1922 771 1991 πρεπόντως
801 1923 894 1975 καὶ
925 1926 1336 1994 συμφερόντως,
1365 1928 1587 1993 ἀγνοεῖν
1613 1929 1669 1982 δὲ
1702 1930 1797 1983 καὶ

217 2011 279 2063 τὸ
309 2013 518 2082 κυρίως
549 2013 774 2080 ἀγαθὸν,
807 2016 898 2066 καὶ
927 2014 1016 2066 διὰ
1049 2015 1211 2068 τοῦτο
1245 2016 1306 2068 τὸ
1337 2018 1507 2071 κακὸν
1533 2019 1625 2071 καὶ
1655 2019 1797 2088 φαύ-

217 2103 309 2156 λον
348 2104 731 2175 ἀνθαιρεῖσθαι
757 2106 852 2159 καὶ
885 2107 1147 2175 πράττειν
1172 2124 1183 2135 ·
1217 2107 1335 2172 πῶς
1366 2109 1533 2180 μηδέν
1560 2128 1612 2162 τι
1636 2111 1797 2163 πλέον

217 2195 360 2266 ἔχων
387 2198 485 2248 καὶ
522 2197 786 2264 περισσὸν
821 2199 958 2267 πρὸς
991 2197 1283 2266 διάγνωσιν
1312 2200 1419 2253 τῶν
1448 2201 1798 2273 ὑψηλοτέρων

217 2293 314 2343 καὶ
350 2291 618 2359 μειζόνων
650 2292 746 2344 καὶ
788 2291 1093 2360 βελτιόνων,
1125 2294 1408 2362 ὲριστικὴν
1435 2291 1671 2361 ἅμιλλαν
1705 2291 1794 2357 ἐξ·

222 2385 432 2454 ισχύσει
483 2386 758 2437 ποιεῖσθαι
809 2386 946 2454 πρὸς
999 2386 1090 2438 τὸν
1133 2389 1354 2439 πάντων
1406 2387 1662 2440 ἐπέκεινα
1702 2389 1795 2440 καὶ

223 2479 386 2548 μόνον
418 2478 858 2547 ἁπειροδύναμον
880 2478 1107 2548 Κύριον,
1127 2479 1220 2530 τὸν
1259 2477 1349 2530 καὶ
1380 2478 1516 2549 μόνῃ
1545 2478 1794 2548 βουλήσει

218 2569 330 2622 τῶν
381 2569 687 2637 γεγονότων
741 2569 973 2621 ἕκαστον
1018 2568 1358 2621 ούσιώσαντα
1404 2570 1494 2622 καί
1543 2584 1797 2638 παραγα-

218 2661 386 2727 γόντα
423 2661 558 2730 πρὸς
593 2660 848 2730 ὓπαρξιν,
881 2661 977 2713 καὶ
1013 2661 1132 2722 ταῖς
1157 2659 1463 2729 προσφυέσι
1496 2660 1588 2710 καὶ
1627 2675 1796 2728 προσ-

219 2751 408 2820 φόροις
438 2751 758 2820 ὀνομασίαις
783 2750 1269 2822 χαρακτηρίσαντα
1292 2749 1572 2819 παρευθύς
1596 2748 1798 2813 ;Τοῦτο

217 2844 278 2897 δὲ
312 2843 596 2915 σημαίνων
639 2845 735 2897 καὶ
783 2845 812 2897 6
856 2844 1143 2914 προφήτης
1177 2842 1404 2905 Ἡσαΐας
1439 2841 1636 2912 φησίν·
1674 2860 1692 2893 ι
1739 2842 1796 2894 '0

1888 885 2054 937 etiam
2085 898 2205 951 quat
2227 884 2480 952 protinus
2505 895 2832 954 sequuntur,
2866 885 3084 954 sapiens
3113 884 3468 939 Ecclesiastes

1890 973 2210 1038 confirmat;
2249 973 2323 1026 ait
2350 976 2494 1028 enim
2527 994 2538 1027 :

1966 1196 2126 1249 Vens.
2164 1197 2248 1249 ll.
2296 1195 2450 1266 161
2493 1196 2635 1261 Quid
2678 1198 2794 1265 plus
2826 1199 3066 1250 homini?
3096 1199 3210 1266 quis
3249 1215 3470 1268 namque

1890 1289 2148 1356 cognovit,
2197 1289 2324 1355 quid
2366 1290 2434 1341 sit
2481 1289 2671 1341 bonum
2716 1289 2914 1341 homini
2962 1291 3015 1340 in
3055 1289 3162 1341 vita
3193 1290 3356 1356 ipsius
3387 1307 3470 1342 se~

1892 1381 2120 1433 cundum
2172 1397 2447 1433 numerum
2493 1383 2702 1434 dierum
2754 1386 2871 1436 rita:
2912 1383 3164 1435 vanitatis
3206 1383 3368 1450 ejus?
3407 1382 3468 1434 Et

1895 1473 2017 1541 fecit
2045 1487 2107 1525 ea
2136 1473 2190 1524 in
2225 1473 2411 1526 umbra
2447 1489 2464 1526 .·
2505 1475 2629 1544 quia
2675 1475 2794 1542 quis
2845 1475 3184 1526 annuntiabit
3241 1473 3467 1538 homini,

1824 1592 1868 1651 Β
1895 1564 2022 1632 quid
2055 1563 2155 1615 erit
2188 1572 2304 1631 post
2334 1580 2452 1616 eum
2479 1565 2574 1617 sub
2606 1564 2715 1618 sole
2739 1563 2889 1633 (48)?

1965 1651 2247 1722 Tanquam
2291 1656 2336 1708 si
2380 1657 2525 1709 hunc
2574 1655 2625 1708 in
2674 1655 2900 1709 modum
2937 1656 3300 1725 loqueretur:
3335 1653 3470 1708 Nam

1896 1745 1940 1801 si
1975 1746 2112 1801 adeo
2148 1748 2432 1816 sapientiae
2459 1749 2873 1818 prudentiaeque
2896 1764 3090 1817 expers
3115 1749 3365 1802 inventus
3390 1757 3474 1801 est

1899 1835 2064 1892 homo
2109 1839 2162 1891 in
2207 1838 2293 1901 iis,
2337 1855 2454 1907 quae
2500 1840 2567 1894 ad
2610 1841 2975 1909 cognitionem
3023 1841 3197 1908 ipsius
3231 1839 3472 1907 pertine-

1898 1937 2037 1989 rent,
2093 1937 2148 1981 ut
2196 1944 2296 1982 nec
2344 1943 2432 1982 res
2483 1944 2614 1983 suas
2655 1938 2802 1982 recte
2853 1938 3014 1997 atque
3061 1927 3267 1984 utiliter
3322 1929 3473 1982 ordi-

1898 2025 2072 2081 naret,
2114 2027 2168 2070 et
2214 2019 2361 2085 quod
2417 2020 2688 2086 prazcipue
2743 2019 2945 2073 bonum
2994 2029 3162 2085 esset,
3217 2021 3470 2081 nesciret.

1898 2108 2082 2178 itaque
2135 2109 2336 2162 malum
2412 2120 2576 2179 atque
2651 2112 3004 2166 inhonestum
3070 2112 3354 2182 prefer-ret
3411 2129 3474 2166 ac

1898 2210 2200 2256 sectaretur
2245 2221 2256 2255 :
2309 2202 2585 2271 quomodo
2636 2203 2681 2257 is
2732 2203 2858 2272 plus
2909 2203 3115 2272 aliquid
3167 2203 3344 2258 valeat
3388 2204 3470 2257 in-

1897 2298 2248 2361 structusque
2299 2293 2369 2346 sit
2425 2292 2493 2346 ad
2540 2307 2603 2347 ea
2653 2293 3057 2363 cognoscenda,
3112 2311 3234 2363 qua:
3279 2295 3471 2349 altiora

1897 2391 2026 2437 sunt
2059 2390 2113 2436 et
2141 2383 2348 2453 majora
2383 2393 2546 2453 atque
2575 2386 2805 2454 potiora,
2848 2385 3013 2455 inque
3043 2397 3319 2440 certamen
3350 2403 3471 2440 cunt

1899 2493 1966 2533 eo
2006 2478 2192 2533 venire
2246 2480 2442 2547 possit,
2484 2481 2577 2548 qui
2628 2495 2879 2535 summus
2913 2481 3160 2534 omnium
3210 2480 3472 2535 Dominus

1897 2579 1981 2623 est
2018 2578 2072 2623 et
2117 2585 2260 2624 unus
2306 2572 2678 2640 omnipotens,
2713 2570 2806 2639 qui
2857 2571 2970 2637 sola
3014 2571 3311 2636 voluntate,
3355 2585 3474 2638 qua:

1901 2662 2040 2718 facta
2087 2673 2251 2728 sunt,
2308 2672 2366 2717 ut
2407 2673 2593 2718 essent
2631 2664 3104 2732 exsisterentque,
3141 2661 3388 2731 perfecit,
3423 2672 3475 2715 et

1900 2753 2043 2821 aptis
2072 2767 2134 2806 ac
2162 2752 2620 2806 convenientibus
2665 2751 3126 2820 appellationibus
3167 2751 3351 2804 statim
3383 2751 3477 2803 de-

1902 2847 2178 2914 signavit?
2201 2845 2316 2899 Hoc
2344 2860 2476 2900 vero
2506 2855 2559 2899 et
2585 2845 2758 2899 Isaias
2789 2845 3056 2914 propheta
3088 2843 3338 2898 indicans
3365 2841 3440 2894 ait
3464 2861 3474 2894 ;

218 2937 475 3005 ἒκφέρων
504 2934 627 2987 κατ’
659 2934 895 3005 ἀριθμὸν
927 2936 1020 2987 τὸν
1050 2936 1255 3006 κόσμον
1283 2933 1469 2999 αὑτοῦ,
1503 2934 1597 2987 καὶ
1623 2935 1799 2987 πάντα

1908 2956 1924 2988 ι
1969 2935 2074 3001 Qui
2115 2936 2302 2990 educit
2337 2936 2389 2989 in
2439 2951 2669 2992 numero
2717 2936 2981 2989 mundum
3016 2935 3158 3004 ejus,
3201 2943 3256 2988 et
3295 2934 3478 2987 omnia

220 3019 406 3081 καλῶν
452 3027 513 3091 ἐξ
540 3028 801 3098 ὀνόματος
826 3068 841 3092 ,
874 3047 892 3080 ι
939 3027 1115 3096 δηλῶν
1149 3027 1425 3090 ἐντεῦθεν,
1457 3028 1531 3091 ὠς
1560 3027 1680 3096 ἅμα
1720 3025 1798 3095 τῷ

220 3121 507 3188 γεγονέναι
553 3121 650 3174 καὶ
678 3122 778 3192 τὴν
810 3120 1119 3193 πρόσφορον
1154 3120 1346 3191 ἔλαχεν
1377 3121 1610 3173 ἕκαστον
1637 3135 1802 3190 προσ·

219 3213 455 3282 ηγορίαν
482 3214 634 3284 παρὰ
675 3214 771 3266 τοῦ
820 3213 1157 3278 Κτίσαντος,
1187 3214 1254 3283 ἣν
1296 3213 1467 3276 οὐδεὶς
1497 3212 1799 3282 ἀνθρώπων

220 3304 517 3357 ἀλλοιῶσαι
542 3307 604 3358 τὸ
622 3306 889 3377 παράπαν
916 3304 1208 3375 ίσχύσειεν·
1228 3306 1348 3358 ἀλλ’
1365 3305 1513 3359 ὥσπε
1522 3324 1552 3376 ρ
1570 3305 1799 3359 ἕκαστον

219 3397 333 3450 τῶν
382 3399 688 3466 γεγονότων
733 3399 967 3468 εὓρηται
1017 3399 1272 3468 διαμένον
1319 3397 1462 3451 κατὰ
1503 3397 1604 3468 τὴν
1639 3397 1800 3465 φύσιν

220 3491 626 3560 ἀμετάϐλητον,
669 3489 940 3561 μηδεμίαν
976 3488 1335 3560 παραλλαγὴν
1359 3487 1718 3559 προσιέμενον
1745 3487 1801 3539 ἐν

220 3595 285 3629 τε
321 3581 436 3642 τοῖς
459 3578 688 3648 ἀψύχοις
725 3580 818 3630 καὶ
848 3580 961 3641 τοῖς
989 3579 1254 3648 ἐμψύχοις
1279 3595 1291 3607 ο
1327 3580 1420 3630 καὶ
1451 3579 1512 3630 τὸ
1538 3578 1801 3646 παράπαν

220 3669 400 3730 οὐδεὶς
435 3668 740 3736 ἀνθρώπων
785 3667 1013 3738 εὓρηται
1047 3667 1296 3737 δυνηθεὶς
1346 3667 1637 3730 ἐναλλάξαι
1677 3667 1800 3719 τινὰ

223 3756 684 3824 καὶ’μετα6α)ἰείν
730 3757 894 3824 φύσιν
939 3757 1080 3826 πρὸς
1109 3758 1245 3828 ὅπερ
1289 3758 1348 3810 οὐ
1381 3756 1603 3824 γέγονε·
1647 3755 1803 3809 τοῦτο

225 3851 338 3919 γάρ
372 3851 615 3920 ὲσήμανε
651 3852 886 3912 καὶτοῖς
917 3851 1112 3904 ἀνὸπιν
1140 3849 1320 3916 λόγοις
1353 3849 1541 3912 εἰπὼν,
1583 3868 1600 3900 ι
1637 3849 1701 3900 Τί
1741 3850 1802 3900 τὸ

224 3941 448 4009 γεγονός
478 3958 492 4006 ;
525 3941 666 3994 Αὐτὸ
693 3943 754 3994 τὸ
783 3941 1146 4012 γενησόμενον
1181 3956 1194 3970 ·
1240 3959 1256 3991 ι
1294 3939 1466 4003 οὕτως
1503 3941 1622 3994 οὐδέ
1659 3957 1803 4002 τινος

225 4035 337 4086 τῶν
365 4034 534 4086 ὄντων
587 4033 880 4087 ἀλλοιῶσαι
932 4051 1052 4086 τινα
1092 4031 1345 4102 δυνηθείη
1403 4032 1798 4102 προσηγορίαν.

227 4124 413 4178 Πάντα
443 4110 571 4194 γὰρ,
608 4127 794 4195 φησὶν,
831 4127 933 4177 ὃσα
963 4125 1220 4193 ἐποίησεν
1249 4126 1277 4175 6
1306 4123 1458 4185 Θεὸς,
1486 4123 1623 4174 αὐτά
1657 4125 1802 4175 ἐστιν

226 4218 306 4277 εἰς
337 4215 427 4267 τὸν
461 4217 666 4269 αἰῶναο
717 4217 812 4268 ἀπ’
859 4215 1038 4267 αὐτῶν
1083 4215 1182 4266 οὐκ
1227 4214 1375 4265 ἐστιν
1406 4213 1646 4280 ἀφελεῖν.
1688 4212 1802 4264 Νῦν

1907 3039 2066 3082 vocat
2094 3043 2158 3082 ex
2193 3028 2415 3082 nomine
2443 3028 2578 3098 (49).
2625 3047 2644 3079 ι
2683 3028 2898 3093 Quibus
2941 3026 3203 3089 ostendit,
3245 3027 3478 3095 singula,

1906 3134 2014 3188 quo
2068 3128 2312 3188 tempore
2365 3120 2585 3175 condita
2637 3127 2789 3185 sunt,
2843 3120 3037 3175 eodem
3091 3129 3146 3174 et
3194 3133 3390 3172 nomen
3451 3133 3480 3169 ιι

1906 3211 2206 3267 Conditore
2247 3228 2553 3282 congruum
2596 3222 2754 3267 nacta
2800 3227 2945 3277 esse,
2990 3212 3136 3280 quod
3172 3226 3335 3264 nemo
3380 3210 3478 3262 ho-

1909 3306 2116 3360 minum
2150 3318 2488 3362 commutare
2525 3307 2632 3361 ulla
2665 3307 2877 3360 ratione
2915 3313 3101 3376 posset
3132 3323 3143 3357 :
3181 3314 3241 3357 ut
3285 3319 3477 3372 quem-

1908 3397 2202 3450 admodum
2255 3397 2509 3465 singula,
2573 3410 2696 3466 qua:
2740 3393 2888 3448 faeta
2935 3404 3093 3458 sunt,
3152 3394 3341 3448 eadem
3390 3408 3483 3444 na-

1909 3497 2030 3541 tura
2097 3495 2262 3555 atque
2335 3489 2622 3541 immutata
2689 3499 2913 3540 manere
2972 3485 3160 3548 vides,
3220 3484 3484 3536 varietate

1907 3577 2080 3642 omni,
2122 3577 2236 3631 sive
2286 3576 2527 3630 inanima
2574 3577 2720 3640 sint,
2774 3575 2890 3630 sive
2941 3576 3179 3628 animam
3227 3573 3483 3636 habeant.

1909 3667 2144 3734 reiecta;
2183 3680 2246 3720 ac
2279 3681 2440 3720 nemo
2484 3666 2770 3720 hominum
2813 3664 3066 3719 inventus
3109 3678 3347 3734 unquam
3378 3673 3482 3726 est,

1909 3757 2003 3825 qui
2050 3756 2134 3808 vel
2184 3757 2351 3809 unius
2396 3757 2475 3810 rei
2515 3765 2730 3809 mutare
2765 3761 3017 3808 naturam
3068 3763 3273 3824 posset,
3323 3762 3485 3821 atque

1910 3848 1977 3902 ad
2028 3848 2082 3902 id
2126 3847 2445 3910 transferre,
2497 3848 2565 3902 ad
2612 3848 2759 3918 quod
2811 3846 2955 3903 facta
3002 3862 3109 3900 non
3158 3857 3344 3910 esset;
3383 3845 3485 3898 hoc

1909 3940 2052 3993 enim
2087 3947 2142 3993 et
2178 3939 2431 4007 superius
2463 3938 2808 4008 signiﬁcavit,
2831 3954 2953 3994 cum
2989 3937 3129 4015 dixit
3163 3953 3208 3990 τι
3235 3935 3375 4002 Quid
3403 3944 3486 3989 est

1909 4031 2054 4100 quod
2103 4029 2244 4085 fuit?
2291 4029 2470 4099 ipsum
2515 4032 2661 4100 quod
2697 4030 2943 4085 futurum
2978 4029 3153 4093 est";
3194 4046 3212 4078 ι
3255 4027 3335 4080 sic
3366 4027 3486 4079 nul-

1912 4123 2018 4175 lam
2068 4122 2146 4176 rei
2199 4122 2366 4176 ullius
2421 4121 2843 4190 appellationem
2892 4120 3164 4173 invertere
3229 4116 3484 4185 potuerit.

1911 4213 2108 4268 Omnia
2139 4214 2307 4280 enim,
2356 4213 2553 4282 inquit,
2609 4228 2733 4282 quae
2785 4211 2914 4266 fecit
2965 4211 3127 4274 Deus,
3161 4223 3224 4262 ea
3264 4216 3393 4261 sunt
3433 4208 3484 4258 in

226 4305 323 4361 οὖν
367 4323 530 4376 φησι,
566 4324 584 4357 ι
620 4306 716 4369 Τίς
744 4303 852 4357 οἶδε
884 4305 935 4357 τί
991 4303 1194 4370 ἀγαθὸν
1223 4303 1301 4372 τῷ
1343 4300 1616 4372 ἀνθρώπῳ
1641 4305 1696 4354 ἐν
1735 4306 1799 4372 τῇ

1913 4305 2208 4369 saeculum,
2272 4319 2372 4358 nec
2437 4305 2506 4359 de
2562 4304 2647 4358 his
2700 4303 2919 4356 demere
2981 4301 3278 4369 quidquam
3341 4297 3482 4350 licet.

229 4399 344 4468 ζωῇ
387 4400 553 4451 αὑτοῦ
598 4397 832 4468 ἀριθμὸν
863 4397 1088 4466 ἡμερῶν
1117 4397 1265 4465 ζωῆς
1304 4395 1669 4464 ματαιότητος
1708 4395 1809 4446 αύ-

227 4491 324 4546 τοῦ
347 4509 360 4555 ;
387 4494 484 4544 καὶ
519 4492 774 4561 ἐποίησεν
798 4491 939 4543 αὐτὰ
980 4492 1036 4542 ὲν
1065 4489 1223 4557 σκιᾷ·
1259 4506 1276 4537 ι
1314 4488 1615 4551 τουτέστιν,
1652 4487 1813 4554 ἀγνοο

227 4583 380 4638 οὖντι
420 4583 498 4653 τῷ
543 4583 817 4652 ἀνθρώπῳ
862 4579 958 4634 τοῦ
985 4580 1191 4649 κυρίως
1220 4576 1427 4646 ἀγαθοῦ
1458 4578 1561 4647 τὴν
1594 4577 1809 4648 κτῆσιν,

231 4676 327 4728 καὶ
353 4675 440 4728 διὰ
466 4674 624 4726 τοῦτο
646 4673 999 4743 πορευομένῳ
1025 4673 1145 4732 ταῖς
1175 4668 1637 4739 ματαιοπραξίαις
1663 4669 1815 4738 παρά

233 4767 411 4820 πάντα
440 4766 530 4818 τὸν
562 4765 762 4818 ἑαυτοῦ
797 4764 946 4834 βίον,
981 4763 1035 4814 αἳ
1070 4764 1163 4814 καὶ
1196 4760 1630 4831 παρελεύσονται
1655 4760 1814 4829 δίκην

233 4861 415 4921 σκιᾶς,
452 4858 535 4920 τίς
561 4857 709 4927 αὑτῷ
737 4857 1014 4924 διαγγελεί
1050 4854 1147 4915 τὰς
1183 4852 1608 4923 συμσησομένας
1641 4851 1815 4920 βιωτι-

235 4953 336 5015 κάς
361 4953 712 5023 περιπετείας
738 4950 831 5001 καὶ
857 4945 1144 5017 συμφορὰς
1176 4945 1280 4997 ὑπὸ
1309 4943 1496 4996 τοῦτον
1522 4943 1613 4995 τὸν
1639 4943 1812 5012 ἢλιον;

233 5047 418 5114 Μηδὲν
450 5045 561 5114 γὰρ
597 5045 934 5096 ἀπευκταῖον
970 5037 1208 5102 ἐλπίζων
1239 5037 1350 5090 ἀπὸ
1371 5036 1466 5089 τού
1497 5032 1636 5090 εἶναι
1671 5034 1816 5105 περί-

233 5136 466 5196 ϐλεπτος
489 5134 583 5186 καὶ
613 5131 945 5201 περιφανὴς,
965 5128 1060 5181 καὶ
1087 5127 1312 5198 μυρίαις
1344 5125 1810 5195 περιστοιχεϊσθαι

233 5229 330 5297 τῆς
373 5225 682 5297 προσούσης
714 5222 862 5292 αύτῷ
894 5219 1354 5280 καταδυναστείας
1403 5217 1808 5287 λαμπρότησιν,

307 5425 350 5454 ³⁸
389 5425 556 5478 Atist.
592 5422 769 5490 Topir.
808 5422 901 5474 lib.
937 5437 996 5484 ιι,
1034 5422 1078 5472 l.
1165 5421 1205 5449 ³³
1244 5417 1450 5471 Ecclcs.
1491 5433 1528 5478 ι,
1563 5420 1612 5470 9.

308 5597 419 5667 (‘28)
459 5595 767 5667 Olymp.r...q.
807 5592 919 5667 ,Τῷ
965 5592 1236 5667 ἀνθρώπῳ
1261 5609 1287 5667 ;Δ
1314 5592 1368 5667 τί
1413 5590 1567 5641 ἔσται
1624 5587 1806 5667 qua};

239 5660 330 5722 καὶ
362 5660 584 5735 ἐποίησε
622 5660 768 5735 ἀὐτὰ
801 5666 858 5714 ὲν
892 5660 1136 5735 σκιᾷ..ζ..
1181 5661 1424 5735 omissis.
1449 5676 1594 5735 qua:
1643 5660 1812 5712 iuter~

238 5739 414 5791 media
453 5731 600 5790 sunt.
657 5734 712 5786 In
743 5737 874 5788 edit.
919 5731 1090 5787 γαίης.
1135 5731 1260 5785 inde
1296 5731 1483 5798 incipit
1527 5740 1688 5796 caput
1718 5744 1810 5778 vn.

310 5811 420 5875 (ιθ)
463 5806 565 5861 Isa.
635 5820 720 5869 xc,
775 5806 864 5857 “lli.
905 5803 1009 5857 Sed
1080 5802 1218 5873 apud
1258 5799 1397 5853 LXX
1466 5799 1714 5868 legimus,
1757 5799 1812 5849 ὐ

1904 4394 2057 4450 Nunc
2109 4395 2277 4464 igitur
2327 4394 2476 4448 addit
2529 4411 2542 4445 :
2603 4414 2621 4445 ι
2675 4393 2810 4459 Quis
2877 4391 3180 4461 cognovit,
3235 4387 3362 4456 quid
3418 4387 3488 4440 sit

1906 4489 2112 4542 bonum
2147 4486 2356 4541 homini
2403 4487 2458 4540 in
2498 4487 2605 4540 vita
2637 4486 2810 4554 ipsius
2852 4483 3156 4539 secundum
3197 4493 3484 4533 numerum

1909 4578 2122 4633 dierum
2171 4577 2296 4631 vitae
2347 4577 2605 4632 vanitatis
2657 4573 2871 4644 ipsius?
2905 4582 2959 4629 et
2989 4572 3118 4626 fecit
3155 4585 3218 4622 ea
3263 4569 3317 4621 in
3367 4581 3483 4620 um-

1911 4670 2044 4732 bra;
2086 4685 2104 4718 ι
2165 4667 2217 4720 id
2258 4676 2363 4732 est,
2418 4666 2649 4732 homini,
2686 4664 2781 4734 qui
2831 4663 2960 4718 boni
3001 4659 3264 4732 praecipui-
3311 4655 3488 4724 adipi-

1913 4759 2101 4814 scendi
2151 4761 2420 4812 rationem
2465 4757 2699 4825 ignorat,
2751 4769 2814 4809 ac
2845 4761 3134 4823 propterea
3174 4758 3343 4804 totam
3390 4747 3490 4799 im—

1913 4852 2100 4921 pendit
2145 4852 2312 4904 vitam
2349 4849 2507 4920 162
2546 4849 2705 4903 vanis
2764 4848 2818 4901 in
2868 4845 3056 4906 rebus,
3110 4857 3232 4910 quae
3284 4839 3492 4892 umbra:

1915 4945 2088 4998 instar
2135 4942 2567 5012 pertransibunt,
2623 4940 2748 5009 quis
2798 4939 3010 4992 futuras
3060 4934 3167 4990 hoc
3218 4931 3320 4987 sub
3376 4931 3492 4984 sole

1913 5036 2320 5091 vicissitudines
2350 5035 2582 5103 vitzeque
2603 5046 2877 5087 aerumnas
2900 5025 3324 5100 pmnuntiabit‘!
3353 5021 3488 5077 Cum

1920 5129 2065 5182 enim
2103 5126 2304 5182 funesti
2341 5127 2476 5179 nihil
2517 5125 2625 5180 sibi
2653 5131 2944 5187 metueret,
2980 5120 3124 5190 quod
3158 5115 3491 5185 conspicuus

1917 5228 2062 5272 esset
2116 5226 2278 5286 atque
2334 5216 2686 5285 spectabilis,
2756 5216 3038 5282 multoque
3099 5207 3495 5266 dominationis

1919 5591 2164 5660 εκφὲρων
2217 5593 2336 5644 κατ’
2387 5591 2619 5660 ἀριθμὸν
2666 5591 2757 5642 τὸν
2805 5589 3006 5660 κόσμον
3047 5583 3246 5660 ᾲαύτοῦ,
3286 5585 3491 5660 πάντας

1915 5655 2007 5713 επς
2058 5655 2282 5731 ὀνόματι
2346 5655 2564 5731 καλεσει
2626 5663 2731 5714 ἀπό
2789 5655 2984 5726 πολλῆς
3041 5657 3220 5725 δόξης,
3281 5655 3374 5708 καὶ
3443 5659 3500 5706 ιν

1923 5733 2106 5800 κράτει
2147 5729 2326 5802 ἰσχύος
2359 5729 2544 5785 αὑτοῦ.
