  <div class='ocr_page' id='page_1' title='image "/cluster/home/n/w/nwhite01/storage/ocr_20150623/98/nnc1.0046979697/498.png"; bbox 0 0 4166 6434; ppageno 0'>
   <div class='ocr_carea' id='block_1_1' title="bbox 216 339 322 405">
    <p class='ocr_par' dir='ltr' id='par_1_1' title="bbox 216 339 322 405">
     <span class='ocr_line' id='line_1_1' title="bbox 216 339 322 405; baseline 0.019 -2"><span class='ocrx_word' id='word_1_1' title='bbox 216 339 322 405; x_wconf 82' lang='grc'><strong>985</strong></span> 
     </span>
    </p>
   </div>
   <div class='ocr_carea' id='block_1_2' title="bbox 1278 345 2373 408">
    <p class='ocr_par' dir='ltr' id='par_1_2' title="bbox 1278 345 2373 408">
     <span class='ocr_line' id='line_1_2' title="bbox 1278 345 2373 408; baseline 0.001 -4"><span class='ocrx_word' id='word_1_2' title='bbox 1278 345 1357 404; x_wconf 84' lang='grc' dir='ltr'><strong>ΙΝ</strong></span> <span class='ocrx_word' id='word_1_3' title='bbox 1403 346 1978 408; x_wconf 75' lang='lat' dir='ltr'><strong>EL&#39;L&#39;LESlASTEN.</strong></span> <span class='ocrx_word' id='word_1_4' title='bbox 2012 373 2082 383; x_wconf 88' lang='lat'><strong><em>—</em></strong></span> <span class='ocrx_word' id='word_1_5' title='bbox 2114 347 2259 405; x_wconf 86' lang='lat' dir='ltr'><strong>LIB.</strong></span> <span class='ocrx_word' id='word_1_6' title='bbox 2298 348 2373 406; x_wconf 68' lang='lat' dir='ltr'><strong>VI</strong></span> 
     </span>
    </p>
   </div>
   <div class='ocr_carea' id='block_1_3' title="bbox 3371 345 3478 412">
    <p class='ocr_par' dir='ltr' id='par_1_3' title="bbox 3371 345 3478 412">
     <span class='ocr_line' id='line_1_3' title="bbox 3371 345 3478 412; baseline -0.019 -2"><span class='ocrx_word' id='word_1_7' title='bbox 3371 345 3478 412; x_wconf 80' lang='lat'><strong>986</strong></span> 
     </span>
    </p>
   </div>
   <div class='ocr_carea' id='block_1_4' title="bbox 217 450 1787 527">
    <p class='ocr_par' dir='ltr' id='par_1_4' title="bbox 217 450 1787 527">
     <span class='ocr_line' id='line_1_4' title="bbox 217 450 1787 527; baseline 0.004 -24"><span class='ocrx_word' id='word_1_8' title='bbox 217 452 311 503; x_wconf 74' lang='grc' dir='ltr'><strong>καὶ</strong></span> <span class='ocrx_word' id='word_1_9' title='bbox 340 450 448 503; x_wconf 86' lang='grc' dir='ltr'><strong>τῶν</strong></span> <span class='ocrx_word' id='word_1_10' title='bbox 474 451 649 505; x_wconf 73' lang='grc' dir='ltr'>ἄλλων</span> <span class='ocrx_word' id='word_1_11' title='bbox 685 450 993 522; x_wconf 78' lang='grc' dir='ltr'><strong>ἰδιωμάτων</strong></span> <span class='ocrx_word' id='word_1_12' title='bbox 1028 450 1127 524; x_wconf 89' lang='grc' dir='ltr'><strong>τῆς</strong></span> <span class='ocrx_word' id='word_1_13' title='bbox 1173 455 1523 527; x_wconf 83' lang='grc' dir='ltr'>ἀγριωτέρας</span> <span class='ocrx_word' id='word_1_14' title='bbox 1556 459 1651 510; x_wconf 63' lang='grc' dir='ltr'><strong>καλ⁵</strong></span> <span class='ocrx_word' id='word_1_15' title='bbox 1690 457 1787 527; x_wconf 83' lang='grc' dir='ltr'>θη·</span> 
     </span>
    </p>
   </div>
   <div class='ocr_carea' id='block_1_5' title="bbox 1889 450 3479 527">
    <p class='ocr_par' dir='ltr' id='par_1_5' title="bbox 1895 453 3479 527">
     <span class='ocr_line' id='line_1_5' title="bbox 1895 453 3479 527; baseline 0 -15"><span class='ocrx_word' id='word_1_16' title='bbox 1895 459 2217 527; x_wconf 65' lang='lat' dir='ltr'><strong>rmterisqne</strong></span> <span class='ocrx_word' id='word_1_17' title='bbox 2263 459 2390 511; x_wconf 75' lang='lat' dir='ltr'><strong>lerae</strong></span> <span class='ocrx_word' id='word_1_18' title='bbox 2424 465 2588 525; x_wconf 90' lang='lat' dir='ltr'><strong>atque</strong></span> <span class='ocrx_word' id='word_1_19' title='bbox 2633 456 2867 526; x_wconf 77' lang='lat' dir='ltr'><strong>agrestis</strong></span> <span class='ocrx_word' id='word_1_20' title='bbox 2908 454 3031 509; x_wconf 69' lang='lat' dir='ltr'><strong>viae</strong></span> <span class='ocrx_word' id='word_1_21' title='bbox 3075 453 3261 519; x_wconf 92' lang='lat' dir='ltr'><strong>vitiis,</strong></span> <span class='ocrx_word' id='word_1_22' title='bbox 3313 456 3479 511; x_wconf 85' lang='lat' dir='ltr'><strong>simul</strong></span> 
     </span>
    </p>
   </div>
   <div class='ocr_carea' id='block_1_6' title="bbox 219 543 1796 618">
    <p class='ocr_par' dir='ltr' id='par_1_6' title="bbox 219 543 1796 618">
     <span class='ocr_line' id='line_1_6' title="bbox 219 543 1796 618; baseline 0.003 -23"><span class='ocrx_word' id='word_1_23' title='bbox 219 543 584 613; x_wconf 85' lang='grc' dir='ltr'>ριωδεστέρας</span> <span class='ocrx_word' id='word_1_24' title='bbox 617 544 760 613; x_wconf 81' lang='grc' dir='ltr'>ζωῆς</span> <span class='ocrx_word' id='word_1_25' title='bbox 791 545 1168 612; x_wconf 82' lang='grc' dir='ltr'>ἀπαλλάττει,</span> <span class='ocrx_word' id='word_1_26' title='bbox 1199 546 1288 601; x_wconf 73' lang='grc' dir='ltr'>διὰ</span> <span class='ocrx_word' id='word_1_27' title='bbox 1315 549 1409 616; x_wconf 88' lang='grc' dir='ltr'><strong>τῆς</strong></span> <span class='ocrx_word' id='word_1_28' title='bbox 1439 548 1650 617; x_wconf 78' lang='grc' dir='ltr'><strong>ἀγαθῆς</strong></span> <span class='ocrx_word' id='word_1_29' title='bbox 1689 550 1796 618; x_wconf 80' lang='grc' dir='ltr'><strong>φή-</strong></span> 
     </span>
    </p>
   </div>
   <div class='ocr_carea' id='block_1_7' title="bbox 222 635 1795 711">
    <p class='ocr_par' dir='ltr' id='par_1_7' title="bbox 222 635 1795 711">
     <span class='ocr_line' id='line_1_7' title="bbox 222 635 1795 711; baseline 0.004 -27"><span class='ocrx_word' id='word_1_30' title='bbox 222 651 329 703; x_wconf 89' lang='grc' dir='ltr'><strong>μης</strong></span> <span class='ocrx_word' id='word_1_31' title='bbox 360 635 497 703; x_wconf 76' lang='grc' dir='ltr'>πρὸς</span> <span class='ocrx_word' id='word_1_32' title='bbox 534 635 631 705; x_wconf 81' lang='grc' dir='ltr'>τὴν</span> <span class='ocrx_word' id='word_1_33' title='bbox 670 636 807 689; x_wconf 80' lang='grc' dir='ltr'>ἰδίαν</span> <span class='ocrx_word' id='word_1_34' title='bbox 842 638 1071 708; x_wconf 77' lang='grc' dir='ltr'>ζήτησιν</span> <span class='ocrx_word' id='word_1_35' title='bbox 1120 638 1215 691; x_wconf 70' lang='grc' dir='ltr'><strong>καὶ</strong></span> <span class='ocrx_word' id='word_1_36' title='bbox 1251 639 1442 708; x_wconf 89' lang='grc' dir='ltr'>κτῆσιν</span> <span class='ocrx_word' id='word_1_37' title='bbox 1489 640 1795 711; x_wconf 72' lang='grc' dir='ltr'>προσεφέλ-</span> 
     </span>
    </p>
   </div>
   <div class='ocr_carea' id='block_1_8' title="bbox 219 725 470 793">
    <p class='ocr_par' dir='ltr' id='par_1_8' title="bbox 219 725 470 793">
     <span class='ocr_line' id='line_1_8' title="bbox 219 725 470 793; baseline 0.004 -16"><span class='ocrx_word' id='word_1_38' title='bbox 219 725 470 793; x_wconf 79' lang='grc' dir='ltr'>κόμενον.</span> 
     </span>
    </p>
   </div>
   <div class='ocr_carea' id='block_1_9' title="bbox 291 818 1794 895">
    <p class='ocr_par' dir='ltr' id='par_1_9' title="bbox 291 818 1794 895">
     <span class='ocr_line' id='line_1_9' title="bbox 291 818 1794 895; baseline 0.007 -27"><span class='ocrx_word' id='word_1_39' title='bbox 291 818 647 887; x_wconf 85' lang='grc' dir='ltr'>Παρεμπεδοῖ</span> <span class='ocrx_word' id='word_1_40' title='bbox 691 820 748 873; x_wconf 78' lang='grc' dir='ltr'>δὲ</span> <span class='ocrx_word' id='word_1_41' title='bbox 789 821 890 889; x_wconf 83' lang='grc' dir='ltr'><strong>τὴν</strong></span> <span class='ocrx_word' id='word_1_42' title='bbox 936 823 1195 893; x_wconf 80' lang='grc' dir='ltr'><strong>τοιαύτην</strong></span> <span class='ocrx_word' id='word_1_43' title='bbox 1235 824 1476 894; x_wconf 77' lang='grc' dir='ltr'>ἐκδοχὴν</span> <span class='ocrx_word' id='word_1_44' title='bbox 1518 826 1721 895; x_wconf 85' lang='grc' dir='ltr'>μᾶλλον</span> <span class='ocrx_word' id='word_1_45' title='bbox 1765 827 1794 878; x_wconf 80' lang='grc' dir='ltr'>ὁ</span> 
     </span>
    </p>
   </div>
   <div class='ocr_carea' id='block_1_10' title="bbox 217 908 1793 989">
    <p class='ocr_par' dir='ltr' id='par_1_10' title="bbox 217 908 1793 989">
     <span class='ocr_line' id='line_1_10' title="bbox 217 908 1793 989; baseline 0.007 -30"><span class='ocrx_word' id='word_1_46' title='bbox 217 908 513 980; x_wconf 77' lang='grc' dir='ltr'><strong>Σύμμαχος</strong></span> <span class='ocrx_word' id='word_1_47' title='bbox 554 911 750 979; x_wconf 73' lang='grc' dir='ltr'>εἰπὼν,</span> <span class='ocrx_word' id='word_1_48' title='bbox 800 932 818 963; x_wconf 85' lang='grc' dir='ltr'><strong>ι</strong></span> <span class='ocrx_word' id='word_1_49' title='bbox 853 915 1111 982; x_wconf 79' lang='grc' dir='ltr'>Ἀμεινον</span> <span class='ocrx_word' id='word_1_50' title='bbox 1156 916 1330 986; x_wconf 76' lang='grc' dir='ltr'>ὄνομα</span> <span class='ocrx_word' id='word_1_51' title='bbox 1376 918 1583 985; x_wconf 80' lang='grc' dir='ltr'>ἀγαθὸν</span> <span class='ocrx_word' id='word_1_52' title='bbox 1617 920 1793 989; x_wconf 84' lang='grc' dir='ltr'>μύρου</span> 
     </span>
    </p>
   </div>
   <div class='ocr_carea' id='block_1_11' title="bbox 215 998 1795 1073">
    <p class='ocr_par' dir='ltr' id='par_1_11' title="bbox 215 998 1795 1073">
     <span class='ocr_line' id='line_1_11' title="bbox 215 998 1795 1073; baseline 0.006 -23"><span class='ocrx_word' id='word_1_53' title='bbox 215 998 470 1063; x_wconf 74' lang='grc' dir='ltr'>εὐώδους,</span> <span class='ocrx_word' id='word_1_54' title='bbox 507 1021 524 1052; x_wconf 76' lang='grc' dir='ltr'><strong>ι</strong></span> <span class='ocrx_word' id='word_1_55' title='bbox 559 1002 777 1064; x_wconf 79' lang='grc' dir='ltr'>δεικνὺς</span> <span class='ocrx_word' id='word_1_56' title='bbox 809 1003 1103 1073; x_wconf 66' lang='grc' dir='ltr'>ἐμφανῶς,</span> <span class='ocrx_word' id='word_1_57' title='bbox 1152 1005 1227 1068; x_wconf 86' lang='grc' dir='ltr'><strong>ῶς</strong></span> <span class='ocrx_word' id='word_1_58' title='bbox 1270 1006 1333 1057; x_wconf 76' lang='grc' dir='ltr'>τὸ</span> <span class='ocrx_word' id='word_1_59' title='bbox 1381 1006 1795 1071; x_wconf 78' lang='grc' dir='ltr'>κατασκευαζό-</span> 
     </span>
    </p>
   </div>
   <div class='ocr_carea' id='block_1_12' title="bbox 219 1090 1795 1170">
    <p class='ocr_par' dir='ltr' id='par_1_12' title="bbox 219 1090 1795 1170">
     <span class='ocr_line' id='line_1_12' title="bbox 219 1090 1795 1170; baseline 0.008 -30"><span class='ocrx_word' id='word_1_60' title='bbox 219 1105 384 1158; x_wconf 85' lang='grc' dir='ltr'><strong>μενον</strong></span> <span class='ocrx_word' id='word_1_61' title='bbox 428 1090 601 1161; x_wconf 85' lang='grc' dir='ltr'>μύρον</span> <span class='ocrx_word' id='word_1_62' title='bbox 651 1093 716 1145; x_wconf 84' lang='grc' dir='ltr'>ὲκ</span> <span class='ocrx_word' id='word_1_63' title='bbox 764 1093 975 1145; x_wconf 86' lang='grc' dir='ltr'>πολλῶν</span> <span class='ocrx_word' id='word_1_64' title='bbox 1018 1096 1113 1147; x_wconf 77' lang='grc' dir='ltr'><strong>καὶ</strong></span> <span class='ocrx_word' id='word_1_65' title='bbox 1150 1096 1426 1167; x_wconf 79' lang='grc' dir='ltr'>διαφόρων</span> <span class='ocrx_word' id='word_1_66' title='bbox 1460 1098 1618 1151; x_wconf 83' lang='grc' dir='ltr'>είδῶν</span> <span class='ocrx_word' id='word_1_67' title='bbox 1650 1100 1795 1170; x_wconf 85' lang='grc' dir='ltr'>ἀρω-</span> 
     </span>
    </p>
   </div>
   <div class='ocr_carea' id='block_1_13' title="bbox 217 1181 1793 1257">
    <p class='ocr_par' dir='ltr' id='par_1_13' title="bbox 217 1181 1793 1257">
     <span class='ocr_line' id='line_1_13' title="bbox 217 1181 1793 1257; baseline 0.006 -25"><span class='ocrx_word' id='word_1_68' title='bbox 217 1181 466 1248; x_wconf 85' lang='grc' dir='ltr'>ματικῶν</span> <span class='ocrx_word' id='word_1_69' title='bbox 497 1182 559 1233; x_wconf 79' lang='grc' dir='ltr'>οὗ</span> <span class='ocrx_word' id='word_1_70' title='bbox 590 1184 719 1246; x_wconf 79' lang='grc' dir='ltr'>τοὺς</span> <span class='ocrx_word' id='word_1_71' title='bbox 747 1183 1150 1252; x_wconf 78' lang='grc' dir='ltr'><strong>πλησιάζοντας</strong></span> <span class='ocrx_word' id='word_1_72' title='bbox 1182 1187 1343 1257; x_wconf 79' lang='grc' dir='ltr'>μόνον</span> <span class='ocrx_word' id='word_1_73' title='bbox 1372 1188 1659 1251; x_wconf 77' lang='grc' dir='ltr'>εὐωδιάζει</span> <span class='ocrx_word' id='word_1_74' title='bbox 1700 1191 1793 1241; x_wconf 80' lang='grc' dir='ltr'>καὶ</span> 
     </span>
    </p>
   </div>
   <div class='ocr_carea' id='block_1_14' title="bbox 214 1272 1794 1350">
    <p class='ocr_par' dir='ltr' id='par_1_14' title="bbox 214 1272 1794 1350">
     <span class='ocr_line' id='line_1_14' title="bbox 214 1272 1794 1350; baseline 0.006 -27"><span class='ocrx_word' id='word_1_75' title='bbox 214 1272 418 1340; x_wconf 77' lang='grc' dir='ltr'>πληροῖ</span> <span class='ocrx_word' id='word_1_76' title='bbox 440 1275 536 1340; x_wconf 87' lang='grc' dir='ltr'><strong>τῆς</strong></span> <span class='ocrx_word' id='word_1_77' title='bbox 571 1273 708 1337; x_wconf 83' lang='grc' dir='ltr'>ἰδίας</span> <span class='ocrx_word' id='word_1_78' title='bbox 741 1277 1128 1345; x_wconf 72' lang='grc' dir='ltr'>τερπνότητος,</span> <span class='ocrx_word' id='word_1_79' title='bbox 1177 1277 1313 1330; x_wconf 88' lang='grc' dir='ltr'><strong>ἀλλά</strong></span> <span class='ocrx_word' id='word_1_80' title='bbox 1367 1281 1460 1332; x_wconf 79' lang='grc' dir='ltr'><strong>καὶ</strong></span> <span class='ocrx_word' id='word_1_81' title='bbox 1493 1281 1625 1350; x_wconf 80' lang='grc' dir='ltr'>πρὸς</span> <span class='ocrx_word' id='word_1_82' title='bbox 1667 1282 1794 1345; x_wconf 82' lang='grc' dir='ltr'>τοὺς</span> 
     </span>
    </p>
   </div>
   <div class='ocr_carea' id='block_1_15' title="bbox 218 1364 1787 1443">
    <p class='ocr_par' dir='ltr' id='par_1_15' title="bbox 218 1364 1787 1443">
     <span class='ocr_line' id='line_1_15' title="bbox 218 1364 1787 1443; baseline 0.006 -27"><span class='ocrx_word' id='word_1_83' title='bbox 218 1364 407 1434; x_wconf 72' lang='grc' dir='ltr'>πόρρω</span> <span class='ocrx_word' id='word_1_84' title='bbox 458 1367 823 1437; x_wconf 81' lang='grc' dir='ltr'>παραπέμπει</span> <span class='ocrx_word' id='word_1_85' title='bbox 874 1370 969 1437; x_wconf 89' lang='grc' dir='ltr'><strong>τῆς</strong></span> <span class='ocrx_word' id='word_1_86' title='bbox 1030 1370 1258 1432; x_wconf 77' lang='grc' dir='ltr'>εὐωδίας</span> <span class='ocrx_word' id='word_1_87' title='bbox 1307 1372 1405 1440; x_wconf 81' lang='grc' dir='ltr'><strong>τὴν</strong></span> <span class='ocrx_word' id='word_1_88' title='bbox 1452 1373 1787 1443; x_wconf 75' lang='grc' dir='ltr'>ὀσφρασίαν·</span> 
     </span>
    </p>
   </div>
   <div class='ocr_carea' id='block_1_16' title="bbox 213 1456 1793 1538">
    <p class='ocr_par' dir='ltr' id='par_1_16' title="bbox 213 1456 1793 1538">
     <span class='ocr_line' id='line_1_16' title="bbox 213 1456 1793 1538; baseline 0.006 -29"><span class='ocrx_word' id='word_1_89' title='bbox 213 1456 357 1509; x_wconf 69' lang='grc' dir='ltr'>οὕτω</span> <span class='ocrx_word' id='word_1_90' title='bbox 402 1459 498 1511; x_wconf 73' lang='grc' dir='ltr'><strong>καὶ</strong></span> <span class='ocrx_word' id='word_1_91' title='bbox 545 1460 931 1530; x_wconf 77' lang='grc' dir='ltr'>συντιθέμενον</span> <span class='ocrx_word' id='word_1_92' title='bbox 966 1462 1029 1515; x_wconf 86' lang='grc' dir='ltr'>ὲκ</span> <span class='ocrx_word' id='word_1_93' title='bbox 1064 1462 1173 1515; x_wconf 90' lang='grc' dir='ltr'><strong>τῶν</strong></span> <span class='ocrx_word' id='word_1_94' title='bbox 1202 1466 1321 1516; x_wconf 81' lang='grc' dir='ltr'>κατ’</span> <span class='ocrx_word' id='word_1_95' title='bbox 1350 1466 1552 1535; x_wconf 83' lang='grc' dir='ltr'>ἀρετὴν</span> <span class='ocrx_word' id='word_1_96' title='bbox 1598 1467 1793 1538; x_wconf 81' lang='grc' dir='ltr'>ἰδιοτή-</span> 
     </span>
    </p>
   </div>
   <div class='ocr_carea' id='block_1_17' title="bbox 214 1546 1792 1627">
    <p class='ocr_par' dir='ltr' id='par_1_17' title="bbox 214 1546 1792 1627">
     <span class='ocr_line' id='line_1_17' title="bbox 214 1546 1792 1627; baseline 0.005 -28"><span class='ocrx_word' id='word_1_97' title='bbox 214 1564 322 1601; x_wconf 89' lang='grc' dir='ltr'><strong>των</strong></span> <span class='ocrx_word' id='word_1_98' title='bbox 351 1546 523 1617; x_wconf 77' lang='grc' dir='ltr'>ὄνομα</span> <span class='ocrx_word' id='word_1_99' title='bbox 566 1548 793 1617; x_wconf 78' lang='grc' dir='ltr'>ἀγαθὸν,</span> <span class='ocrx_word' id='word_1_100' title='bbox 824 1548 936 1603; x_wconf 75' lang='grc' dir='ltr'>οἷον</span> <span class='ocrx_word' id='word_1_101' title='bbox 979 1553 1219 1622; x_wconf 83' lang='grc' dir='ltr'>ὀχήματί</span> <span class='ocrx_word' id='word_1_102' title='bbox 1247 1570 1356 1607; x_wconf 87' lang='grc' dir='ltr'>τινι</span> <span class='ocrx_word' id='word_1_103' title='bbox 1388 1554 1464 1624; x_wconf 83' lang='grc' dir='ltr'>τῷ</span> <span class='ocrx_word' id='word_1_104' title='bbox 1497 1556 1620 1624; x_wconf 82' lang='grc' dir='ltr'>ἀέρι</span> <span class='ocrx_word' id='word_1_105' title='bbox 1653 1574 1792 1627; x_wconf 84' lang='grc' dir='ltr'>χρη-</span> 
     </span>
    </p>
   </div>
   <div class='ocr_carea' id='block_1_18' title="bbox 216 1638 1790 1715">
    <p class='ocr_par' dir='ltr' id='par_1_18' title="bbox 216 1638 1790 1715">
     <span class='ocr_line' id='line_1_18' title="bbox 216 1638 1790 1715; baseline 0.015 -27"><span class='ocrx_word' id='word_1_106' title='bbox 216 1638 483 1705; x_wconf 79' lang='grc' dir='ltr'>σάμενον,</span> <span class='ocrx_word' id='word_1_107' title='bbox 533 1639 625 1691; x_wconf 84' lang='grc' dir='ltr'>διὰ</span> <span class='ocrx_word' id='word_1_108' title='bbox 671 1640 770 1709; x_wconf 89' lang='grc' dir='ltr'><strong>τῆς</strong></span> <span class='ocrx_word' id='word_1_109' title='bbox 820 1642 1034 1713; x_wconf 80' lang='grc' dir='ltr'><strong>ἀγαθῆς</strong></span> <span class='ocrx_word' id='word_1_110' title='bbox 1092 1644 1283 1713; x_wconf 78' lang='grc' dir='ltr'>φήμης</span> <span class='ocrx_word' id='word_1_111' title='bbox 1332 1646 1425 1698; x_wconf 78' lang='grc' dir='ltr'><strong>καὶ</strong></span> <span class='ocrx_word' id='word_1_112' title='bbox 1478 1646 1614 1715; x_wconf 79' lang='grc' dir='ltr'>πρὸς</span> <span class='ocrx_word' id='word_1_113' title='bbox 1665 1648 1790 1711; x_wconf 78' lang='grc' dir='ltr'>τοὺς</span> 
     </span>
    </p>
   </div>
   <div class='ocr_carea' id='block_1_19' title="bbox 216 1728 1788 1808">
    <p class='ocr_par' dir='ltr' id='par_1_19' title="bbox 216 1728 1788 1808">
     <span class='ocr_line' id='line_1_19' title="bbox 216 1728 1788 1808; baseline 0.008 -30"><span class='ocrx_word' id='word_1_114' title='bbox 216 1728 549 1799; x_wconf 77' lang='grc' dir='ltr'>πορρωτέρω</span> <span class='ocrx_word' id='word_1_115' title='bbox 597 1731 963 1802; x_wconf 80' lang='grc' dir='ltr'>παραπέμπει</span> <span class='ocrx_word' id='word_1_116' title='bbox 993 1733 1093 1803; x_wconf 81' lang='grc' dir='ltr'><strong>τὴν</strong></span> <span class='ocrx_word' id='word_1_117' title='bbox 1140 1734 1400 1787; x_wconf 72' lang='grc' dir='ltr'>εὐωδίανο</span> <span class='ocrx_word' id='word_1_118' title='bbox 1435 1736 1616 1801; x_wconf 84' lang='grc' dir='ltr'>καθώς</span> <span class='ocrx_word' id='word_1_119' title='bbox 1657 1756 1788 1808; x_wconf 81' lang='grc' dir='ltr'>φησι</span> 
     </span>
    </p>
   </div>
   <div class='ocr_carea' id='block_1_20' title="bbox 215 1820 1789 1898">
    <p class='ocr_par' dir='ltr' id='par_1_20' title="bbox 215 1820 1789 1898">
     <span class='ocr_line' id='line_1_20' title="bbox 215 1820 1789 1898; baseline 0.008 -27"><span class='ocrx_word' id='word_1_120' title='bbox 215 1820 310 1871; x_wconf 68' lang='grc' dir='ltr'><strong>καὶ</strong></span> <span class='ocrx_word' id='word_1_121' title='bbox 345 1820 559 1884; x_wconf 80' lang='grc' dir='ltr'>Παῦλος</span> <span class='ocrx_word' id='word_1_122' title='bbox 597 1824 625 1874; x_wconf 87' lang='grc' dir='ltr'><strong>ὀ</strong></span> <span class='ocrx_word' id='word_1_123' title='bbox 668 1823 845 1891; x_wconf 81' lang='grc' dir='ltr'><strong>μέγας</strong></span> <span class='ocrx_word' id='word_1_124' title='bbox 876 1824 1208 1889; x_wconf 83' lang='grc' dir='ltr'>ἀπόστολος·</span> <span class='ocrx_word' id='word_1_125' title='bbox 1256 1847 1274 1878; x_wconf 88' lang='grc' dir='ltr'><strong>ι</strong></span> <span class='ocrx_word' id='word_1_126' title='bbox 1307 1829 1546 1898; x_wconf 78' lang='grc' dir='ltr'>Χριστοῦ</span> <span class='ocrx_word' id='word_1_127' title='bbox 1595 1830 1789 1883; x_wconf 72' lang='grc' dir='ltr'>εὐωδία</span> 
     </span>
    </p>
   </div>
   <div class='ocr_carea' id='block_1_21' title="bbox 214 1911 1791 1986">
    <p class='ocr_par' dir='ltr' id='par_1_21' title="bbox 214 1911 1791 1986">
     <span class='ocr_line' id='line_1_21' title="bbox 214 1911 1791 1986; baseline 0.007 -26"><span class='ocrx_word' id='word_1_128' title='bbox 214 1911 381 1979; x_wconf 82' lang='grc' dir='ltr'>ἐσμὲν</span> <span class='ocrx_word' id='word_1_129' title='bbox 430 1913 488 1964; x_wconf 85' lang='grc' dir='ltr'>ὲν</span> <span class='ocrx_word' id='word_1_130' title='bbox 517 1911 596 1981; x_wconf 82' lang='grc' dir='ltr'>τῷ</span> <span class='ocrx_word' id='word_1_131' title='bbox 634 1912 754 1981; x_wconf 86' lang='grc' dir='ltr'><strong>Θεῷ</strong></span> <span class='ocrx_word' id='word_1_132' title='bbox 804 1914 863 1966; x_wconf 78' lang='grc' dir='ltr'>ὲν</span> <span class='ocrx_word' id='word_1_133' title='bbox 893 1917 1005 1978; x_wconf 86' lang='grc' dir='ltr'>τοῖς</span> <span class='ocrx_word' id='word_1_134' title='bbox 1051 1916 1382 1986; x_wconf 78' lang='grc' dir='ltr'>σωζομένοις</span> <span class='ocrx_word' id='word_1_135' title='bbox 1429 1918 1525 1971; x_wconf 78' lang='grc' dir='ltr'><strong>καὶ</strong></span> <span class='ocrx_word' id='word_1_136' title='bbox 1574 1920 1632 1972; x_wconf 85' lang='grc' dir='ltr'>ἐν</span> <span class='ocrx_word' id='word_1_137' title='bbox 1676 1924 1791 1983; x_wconf 81' lang='grc' dir='ltr'>τοῖς</span> 
     </span>
    </p>
   </div>
   <div class='ocr_carea' id='block_1_22' title="bbox 212 1998 1789 2082">
    <p class='ocr_par' dir='ltr' id='par_1_22' title="bbox 212 1998 1789 2082">
     <span class='ocr_line' id='line_1_22' title="bbox 212 1998 1789 2082; baseline 0.009 -31"><span class='ocrx_word' id='word_1_138' title='bbox 212 2001 609 2072; x_wconf 80' lang='grc' dir='ltr'>ἀπολλυμένοις</span> <span class='ocrx_word' id='word_1_139' title='bbox 635 2045 649 2066; x_wconf 90' lang='lat'><strong>,</strong></span> <span class='ocrx_word' id='word_1_140' title='bbox 680 1998 762 2067; x_wconf 73' lang='grc' dir='ltr'>οἷς</span> <span class='ocrx_word' id='word_1_141' title='bbox 794 2006 892 2075; x_wconf 83' lang='grc' dir='ltr'>μὲν</span> <span class='ocrx_word' id='word_1_142' title='bbox 922 2008 1067 2078; x_wconf 77' lang='grc' dir='ltr'>ὀσμὴ</span> <span class='ocrx_word' id='word_1_143' title='bbox 1097 2006 1245 2079; x_wconf 77' lang='grc' dir='ltr'>ζωῆς</span> <span class='ocrx_word' id='word_1_144' title='bbox 1285 2011 1366 2074; x_wconf 80' lang='grc' dir='ltr'>εἰς</span> <span class='ocrx_word' id='word_1_145' title='bbox 1415 2009 1582 2082; x_wconf 77' lang='grc' dir='ltr'>ζωὴν,</span> <span class='ocrx_word' id='word_1_146' title='bbox 1618 2007 1699 2074; x_wconf 84' lang='grc' dir='ltr'>οἷς</span> <span class='ocrx_word' id='word_1_147' title='bbox 1732 2012 1789 2065; x_wconf 83' lang='grc' dir='ltr'><strong>δὲ</strong></span> 
     </span>
    </p>
   </div>
   <div class='ocr_carea' id='block_1_23' title="bbox 211 2094 1081 2164">
    <p class='ocr_par' dir='ltr' id='par_1_23' title="bbox 211 2094 1081 2164">
     <span class='ocr_line' id='line_1_23' title="bbox 211 2094 1081 2164; baseline 0.007 -19"><span class='ocrx_word' id='word_1_148' title='bbox 211 2094 359 2164; x_wconf 84' lang='grc' dir='ltr'>ὀσμὴ</span> <span class='ocrx_word' id='word_1_149' title='bbox 392 2095 625 2149; x_wconf 84' lang='grc' dir='ltr'>θανάτου</span> <span class='ocrx_word' id='word_1_150' title='bbox 657 2100 736 2160; x_wconf 85' lang='grc' dir='ltr'><strong>είς</strong></span> <span class='ocrx_word' id='word_1_151' title='bbox 770 2097 1021 2153; x_wconf 86' lang='grc' dir='ltr'>θάνατον.</span> <span class='ocrx_word' id='word_1_152' title='bbox 1063 2119 1081 2151; x_wconf 84' lang='grc'>›</span> 
     </span>
    </p>
   </div>
   <div class='ocr_carea' id='block_1_24' title="bbox 284 2183 1789 2267">
    <p class='ocr_par' dir='ltr' id='par_1_24' title="bbox 284 2183 1789 2267">
     <span class='ocr_line' id='line_1_24' title="bbox 284 2183 1789 2267; baseline 0.007 -27"><span class='ocrx_word' id='word_1_153' title='bbox 284 2183 417 2241; x_wconf 72' lang='grc' dir='ltr'>Εἶτά</span> <span class='ocrx_word' id='word_1_154' title='bbox 463 2206 630 2257; x_wconf 75' lang='grc' dir='ltr'>φησι’</span> <span class='ocrx_word' id='word_1_155' title='bbox 688 2211 705 2242; x_wconf 88' lang='grc' dir='ltr'><strong>ι</strong></span> <span class='ocrx_word' id='word_1_156' title='bbox 737 2192 846 2243; x_wconf 74' lang='grc' dir='ltr'><strong>Καὶ</strong></span> <span class='ocrx_word' id='word_1_157' title='bbox 885 2192 1070 2262; x_wconf 79' lang='grc' dir='ltr'>ἡμέρα</span> <span class='ocrx_word' id='word_1_158' title='bbox 1117 2193 1352 2247; x_wconf 88' lang='grc' dir='ltr'>θανάτου</span> <span class='ocrx_word' id='word_1_159' title='bbox 1389 2194 1533 2267; x_wconf 81' lang='grc' dir='ltr'>ὑπὲρ</span> <span class='ocrx_word' id='word_1_160' title='bbox 1576 2196 1789 2267; x_wconf 76' lang='grc' dir='ltr'>ἡμέραν</span> 
     </span>
    </p>
   </div>
   <div class='ocr_carea' id='block_1_25' title="bbox 213 2280 1788 2355">
    <p class='ocr_par' dir='ltr' id='par_1_25' title="bbox 213 2280 1788 2355">
     <span class='ocr_line' id='line_1_25' title="bbox 213 2280 1788 2355; baseline 0.004 -23"><span class='ocrx_word' id='word_1_161' title='bbox 213 2280 523 2351; x_wconf 75' lang='grc' dir='ltr'>γεννήσεως</span> <span class='ocrx_word' id='word_1_162' title='bbox 572 2281 764 2337; x_wconf 74' lang='grc' dir='ltr'>αὑτοῦ.</span> <span class='ocrx_word' id='word_1_163' title='bbox 797 2300 814 2332; x_wconf 77' lang='grc' dir='ltr'><strong>ι</strong></span> <span class='ocrx_word' id='word_1_164' title='bbox 852 2282 1044 2350; x_wconf 86' lang='grc' dir='ltr'>Τίνος;</span> <span class='ocrx_word' id='word_1_165' title='bbox 1094 2284 1306 2355; x_wconf 83' lang='grc' dir='ltr'>Δηλαδὴ</span> <span class='ocrx_word' id='word_1_166' title='bbox 1354 2283 1449 2337; x_wconf 81' lang='grc' dir='ltr'>τοῦ</span> <span class='ocrx_word' id='word_1_167' title='bbox 1501 2286 1788 2339; x_wconf 76' lang='grc' dir='ltr'>σπουδαίου</span> 
     </span>
    </p>
   </div>
   <div class='ocr_carea' id='block_1_26' title="bbox 213 2370 1791 2445">
    <p class='ocr_par' dir='ltr' id='par_1_26' title="bbox 213 2370 1791 2445">
     <span class='ocr_line' id='line_1_26' title="bbox 213 2370 1791 2445; baseline 0.004 -23"><span class='ocrx_word' id='word_1_168' title='bbox 213 2370 310 2423; x_wconf 55' lang='grc' dir='ltr'><strong>καὶ¹</strong></span> <span class='ocrx_word' id='word_1_169' title='bbox 354 2373 473 2423; x_wconf 85' lang='grc' dir='ltr'>κατ’</span> <span class='ocrx_word' id='word_1_170' title='bbox 506 2372 707 2442; x_wconf 83' lang='grc' dir='ltr'>ἀρετὴν</span> <span class='ocrx_word' id='word_1_171' title='bbox 754 2374 1047 2438; x_wconf 80' lang='grc' dir='ltr'>διαζῶντος</span> <span class='ocrx_word' id='word_1_172' title='bbox 1073 2414 1089 2438; x_wconf 86' lang='grc'><em>,</em></span> <span class='ocrx_word' id='word_1_173' title='bbox 1122 2375 1217 2427; x_wconf 78' lang='grc' dir='ltr'><strong>καὶ</strong></span> <span class='ocrx_word' id='word_1_174' title='bbox 1262 2376 1323 2428; x_wconf 82' lang='grc' dir='ltr'><strong>τὸ</strong></span> <span class='ocrx_word' id='word_1_175' title='bbox 1370 2374 1573 2443; x_wconf 82' lang='grc' dir='ltr'>ἀγαθὸν</span> <span class='ocrx_word' id='word_1_176' title='bbox 1617 2377 1791 2445; x_wconf 73' lang='grc' dir='ltr'>ὄνομα</span> 
     </span>
    </p>
   </div>
   <div class='ocr_carea' id='block_1_27' title="bbox 214 2463 1791 2536">
    <p class='ocr_par' dir='ltr' id='par_1_27' title="bbox 214 2463 1791 2536">
     <span class='ocr_line' id='line_1_27' title="bbox 214 2463 1791 2536; baseline 0.006 -23"><span class='ocrx_word' id='word_1_177' title='bbox 214 2463 733 2526; x_wconf 79' lang='grc' dir='ltr'>κατασκευάσαντος</span> <span class='ocrx_word' id='word_1_178' title='bbox 774 2466 950 2536; x_wconf 82' lang='grc' dir='ltr'>ἑαυτῷ</span> <span class='ocrx_word' id='word_1_179' title='bbox 983 2467 1080 2521; x_wconf 78' lang='grc' dir='ltr'>καὶ</span> <span class='ocrx_word' id='word_1_180' title='bbox 1110 2467 1394 2530; x_wconf 82' lang='grc' dir='ltr'>συνθέντος</span> <span class='ocrx_word' id='word_1_181' title='bbox 1429 2471 1494 2522; x_wconf 73' lang='grc' dir='ltr'>ἐκ</span> <span class='ocrx_word' id='word_1_182' title='bbox 1524 2470 1632 2522; x_wconf 89' lang='grc' dir='ltr'><strong>τῶν</strong></span> <span class='ocrx_word' id='word_1_183' title='bbox 1672 2486 1791 2523; x_wconf 86' lang='grc' dir='ltr'>ποι-</span> 
     </span>
    </p>
   </div>
   <div class='ocr_carea' id='block_1_28' title="bbox 214 2552 1789 2630">
    <p class='ocr_par' dir='ltr' id='par_1_28' title="bbox 214 2552 1789 2630">
     <span class='ocr_line' id='line_1_28' title="bbox 214 2552 1789 2630; baseline 0.006 -26"><span class='ocrx_word' id='word_1_184' title='bbox 214 2552 382 2606; x_wconf 84' lang='grc' dir='ltr'>κίλων</span> <span class='ocrx_word' id='word_1_185' title='bbox 424 2555 517 2607; x_wconf 60' lang='grc' dir='ltr'><strong>καὶ¹</strong></span> <span class='ocrx_word' id='word_1_186' title='bbox 544 2556 909 2609; x_wconf 81' lang='grc' dir='ltr'>παντοδαπῶν</span> <span class='ocrx_word' id='word_1_187' title='bbox 961 2558 1140 2629; x_wconf 78' lang='grc' dir='ltr'>ἔργων</span> <span class='ocrx_word' id='word_1_188' title='bbox 1168 2561 1265 2630; x_wconf 93' lang='grc' dir='ltr'><strong>τῆς</strong></span> <span class='ocrx_word' id='word_1_189' title='bbox 1294 2560 1661 2630; x_wconf 78' lang='grc' dir='ltr'>εὐαγγελικῆς</span> <span class='ocrx_word' id='word_1_190' title='bbox 1696 2561 1789 2614; x_wconf 78' lang='grc' dir='ltr'><strong>καὶ</strong></span> 
     </span>
    </p>
   </div>
   <div class='ocr_carea' id='block_1_29' title="bbox 212 2647 1788 2723">
    <p class='ocr_par' dir='ltr' id='par_1_29' title="bbox 212 2647 1788 2723">
     <span class='ocr_line' id='line_1_29' title="bbox 212 2647 1788 2723; baseline 0.005 -27"><span class='ocrx_word' id='word_1_191' title='bbox 212 2647 595 2714; x_wconf 84' lang='grc' dir='ltr'>πνευματικῆς</span> <span class='ocrx_word' id='word_1_192' title='bbox 642 2647 919 2710; x_wconf 86' lang='grc' dir='ltr'>πολιτείας</span> <span class='ocrx_word' id='word_1_193' title='bbox 964 2649 1060 2702; x_wconf 76' lang='grc' dir='ltr'>καὶ</span> <span class='ocrx_word' id='word_1_194' title='bbox 1099 2651 1514 2714; x_wconf 78' lang='grc' dir='ltr'>καταστάσεως.</span> <span class='ocrx_word' id='word_1_195' title='bbox 1575 2652 1632 2704; x_wconf 88' lang='lat'><strong>&#39;0</strong></span> <span class='ocrx_word' id='word_1_196' title='bbox 1682 2652 1788 2723; x_wconf 81' lang='grc' dir='ltr'><strong>γάρ</strong></span> 
     </span>
    </p>
   </div>
   <div class='ocr_carea' id='block_1_30' title="bbox 212 2732 1787 2811">
    <p class='ocr_par' dir='ltr' id='par_1_30' title="bbox 212 2732 1787 2811">
     <span class='ocr_line' id='line_1_30' title="bbox 212 2732 1787 2811; baseline 0.006 -26"><span class='ocrx_word' id='word_1_197' title='bbox 212 2732 445 2798; x_wconf 84' lang='grc' dir='ltr'>θάνατος</span> <span class='ocrx_word' id='word_1_198' title='bbox 474 2734 570 2787; x_wconf 85' lang='grc' dir='ltr'>τοῦ</span> <span class='ocrx_word' id='word_1_199' title='bbox 604 2736 851 2790; x_wconf 78' lang='grc' dir='ltr'>τοιούτου</span> <span class='ocrx_word' id='word_1_200' title='bbox 883 2739 993 2791; x_wconf 90' lang='grc' dir='ltr'><strong>τῶν</strong></span> <span class='ocrx_word' id='word_1_201' title='bbox 1032 2740 1172 2810; x_wconf 80' lang='grc' dir='ltr'>ὑπὲρ</span> <span class='ocrx_word' id='word_1_202' title='bbox 1198 2741 1404 2811; x_wconf 86' lang='grc' dir='ltr'>ἀρετῆς</span> <span class='ocrx_word' id='word_1_203' title='bbox 1438 2742 1663 2809; x_wconf 82' lang='grc' dir='ltr'>ἀγώνων</span> <span class='ocrx_word' id='word_1_204' title='bbox 1694 2744 1787 2795; x_wconf 81' lang='grc' dir='ltr'>καὶ</span> 
     </span>
    </p>
   </div>
   <div class='ocr_carea' id='block_1_31' title="bbox 211 2825 1787 2901">
    <p class='ocr_par' dir='ltr' id='par_1_31' title="bbox 211 2825 1787 2901">
     <span class='ocr_line' id='line_1_31' title="bbox 211 2825 1787 2901; baseline 0.005 -24"><span class='ocrx_word' id='word_1_205' title='bbox 211 2825 391 2878; x_wconf 84' lang='grc' dir='ltr'>πόνων</span> <span class='ocrx_word' id='word_1_206' title='bbox 421 2826 594 2897; x_wconf 82' lang='grc' dir='ltr'>πέρας</span> <span class='ocrx_word' id='word_1_207' title='bbox 629 2830 774 2894; x_wconf 79' lang='grc' dir='ltr'>ἐστὶ,</span> <span class='ocrx_word' id='word_1_208' title='bbox 806 2830 900 2882; x_wconf 76' lang='grc' dir='ltr'><strong>καὶ</strong></span> <span class='ocrx_word' id='word_1_209' title='bbox 922 2830 1012 2883; x_wconf 83' lang='grc' dir='ltr'><strong>διά</strong></span> <span class='ocrx_word' id='word_1_210' title='bbox 1042 2830 1204 2883; x_wconf 84' lang='grc' dir='ltr'>τοῦτο</span> <span class='ocrx_word' id='word_1_211' title='bbox 1236 2834 1331 2884; x_wconf 80' lang='grc' dir='ltr'><strong>καὶ</strong></span> <span class='ocrx_word' id='word_1_212' title='bbox 1361 2833 1494 2901; x_wconf 76' lang='grc' dir='ltr'>πρὸς</span> <span class='ocrx_word' id='word_1_213' title='bbox 1520 2833 1581 2885; x_wconf 79' lang='grc' dir='ltr'>τὸ</span> <span class='ocrx_word' id='word_1_214' title='bbox 1608 2833 1787 2901; x_wconf 74' lang='grc' dir='ltr'>μακάο</span> 
     </span>
    </p>
   </div>
   <div class='ocr_carea' id='block_1_32' title="bbox 208 2914 1786 2990">
    <p class='ocr_par' dir='ltr' id='par_1_32' title="bbox 208 2914 1786 2990">
     <span class='ocr_line' id='line_1_32' title="bbox 208 2914 1786 2990; baseline 0.003 -23"><span class='ocrx_word' id='word_1_215' title='bbox 208 2932 332 2985; x_wconf 87' lang='grc' dir='ltr'>ριον</span> <span class='ocrx_word' id='word_1_216' title='bbox 355 2914 506 2980; x_wconf 79' lang='grc' dir='ltr'>τέλος</span> <span class='ocrx_word' id='word_1_217' title='bbox 529 2918 693 2971; x_wconf 78' lang='grc' dir='ltr'>αὐτὸν</span> <span class='ocrx_word' id='word_1_218' title='bbox 722 2920 1117 2990; x_wconf 86' lang='grc' dir='ltr'>παραπέμπον,</span> <span class='ocrx_word' id='word_1_219' title='bbox 1138 2920 1473 2990; x_wconf 82' lang='grc' dir='ltr'>τιμιωτέραν</span> <span class='ocrx_word' id='word_1_220' title='bbox 1498 2921 1592 2972; x_wconf 81' lang='grc' dir='ltr'>καὶ</span> <span class='ocrx_word' id='word_1_221' title='bbox 1615 2936 1786 2990; x_wconf 85' lang='grc' dir='ltr'>προσ-</span> 
     </span>
    </p>
   </div>
   <div class='ocr_carea' id='block_1_33' title="bbox 211 3004 1787 3079">
    <p class='ocr_par' dir='ltr' id='par_1_33' title="bbox 211 3004 1787 3079">
     <span class='ocr_line' id='line_1_33' title="bbox 211 3004 1787 3079; baseline 0.01 -23"><span class='ocrx_word' id='word_1_222' title='bbox 211 3004 539 3075; x_wconf 83' lang='grc' dir='ltr'>φιλεστέραν</span> <span class='ocrx_word' id='word_1_223' title='bbox 570 3006 813 3061; x_wconf 88' lang='grc' dir='ltr'>δείκνυσι</span> <span class='ocrx_word' id='word_1_224' title='bbox 845 3009 946 3079; x_wconf 93' lang='grc' dir='ltr'><strong>τῆς</strong></span> <span class='ocrx_word' id='word_1_225' title='bbox 986 3009 1241 3078; x_wconf 85' lang='grc' dir='ltr'>τελευτῆς</span> <span class='ocrx_word' id='word_1_226' title='bbox 1275 3008 1373 3079; x_wconf 83' lang='grc' dir='ltr'><strong>τῆν</strong></span> <span class='ocrx_word' id='word_1_227' title='bbox 1405 3010 1651 3079; x_wconf 77' lang='grc' dir='ltr'>ἡμέραν.</span> <span class='ocrx_word' id='word_1_228' title='bbox 1688 3010 1787 3077; x_wconf 76' lang='grc' dir='ltr'>τῆς</span> 
     </span>
    </p>
   </div>
   <div class='ocr_carea' id='block_1_34' title="bbox 209 3098 1787 3172">
    <p class='ocr_par' dir='ltr' id='par_1_34' title="bbox 209 3098 1787 3172">
     <span class='ocr_line' id='line_1_34' title="bbox 209 3098 1787 3172; baseline 0 -19"><span class='ocrx_word' id='word_1_229' title='bbox 209 3098 352 3154; x_wconf 81' lang='grc' dir='ltr'><strong>κατά</strong></span> <span class='ocrx_word' id='word_1_230' title='bbox 394 3102 493 3171; x_wconf 78' lang='grc' dir='ltr'><strong>τῆν</strong></span> <span class='ocrx_word' id='word_1_231' title='bbox 541 3100 798 3171; x_wconf 84' lang='grc' dir='ltr'>γέννησιν</span> <span class='ocrx_word' id='word_1_232' title='bbox 843 3104 941 3155; x_wconf 70' lang='grc' dir='ltr'>καὶ</span> <span class='ocrx_word' id='word_1_233' title='bbox 986 3102 1088 3172; x_wconf 81' lang='grc' dir='ltr'>τὴν</span> <span class='ocrx_word' id='word_1_234' title='bbox 1136 3104 1216 3164; x_wconf 83' lang='grc' dir='ltr'><strong>είς</strong></span> <span class='ocrx_word' id='word_1_235' title='bbox 1253 3102 1345 3153; x_wconf 77' lang='grc' dir='ltr'>τὸν</span> <span class='ocrx_word' id='word_1_236' title='bbox 1390 3101 1503 3171; x_wconf 81' lang='grc' dir='ltr'>βίον</span> <span class='ocrx_word' id='word_1_237' title='bbox 1555 3102 1787 3171; x_wconf 77' lang='grc' dir='ltr'>πάροδον</span> 
     </span>
    </p>
   </div>
   <div class='ocr_carea' id='block_1_35' title="bbox 210 3186 1785 3262">
    <p class='ocr_par' dir='ltr' id='par_1_35' title="bbox 210 3186 1785 3262">
     <span class='ocr_line' id='line_1_35' title="bbox 210 3186 1785 3262; baseline 0.003 -23"><span class='ocrx_word' id='word_1_238' title='bbox 210 3186 666 3260; x_wconf 80' lang='grc' dir='ltr'>παραληφθείσης</span> <span class='ocrx_word' id='word_1_239' title='bbox 711 3189 946 3262; x_wconf 74' lang='grc' dir='ltr'>ἡμέρας.</span> <span class='ocrx_word' id='word_1_240' title='bbox 1006 3189 1220 3260; x_wconf 85' lang='grc' dir='ltr'>Ἐκείνη</span> <span class='ocrx_word' id='word_1_241' title='bbox 1267 3191 1365 3261; x_wconf 84' lang='grc' dir='ltr'>μὲν</span> <span class='ocrx_word' id='word_1_242' title='bbox 1414 3191 1520 3262; x_wconf 75' lang='grc' dir='ltr'>γὰρ</span> <span class='ocrx_word' id='word_1_243' title='bbox 1576 3191 1785 3245; x_wconf 81' lang='grc' dir='ltr'>πολλῶν</span> 
     </span>
    </p>
   </div>
   <div class='ocr_carea' id='block_1_36' title="bbox 208 3282 1785 3356">
    <p class='ocr_par' dir='ltr' id='par_1_36' title="bbox 208 3282 1785 3356">
     <span class='ocr_line' id='line_1_36' title="bbox 208 3282 1785 3356; baseline 0.003 -21"><span class='ocrx_word' id='word_1_244' title='bbox 208 3282 588 3354; x_wconf 80' lang='grc' dir='ltr'>πειρατηρίων</span> <span class='ocrx_word' id='word_1_245' title='bbox 633 3284 727 3335; x_wconf 82' lang='grc' dir='ltr'>καὶ</span> <span class='ocrx_word' id='word_1_246' title='bbox 765 3283 955 3337; x_wconf 82' lang='grc' dir='ltr'>δεινῶν</span> <span class='ocrx_word' id='word_1_247' title='bbox 1001 3284 1093 3336; x_wconf 80' lang='grc' dir='ltr'>καὶ</span> <span class='ocrx_word' id='word_1_248' title='bbox 1123 3282 1360 3352; x_wconf 65' lang='grc' dir='ltr'>θλίψεων</span> <span class='ocrx_word' id='word_1_249' title='bbox 1394 3286 1486 3337; x_wconf 73' lang='grc' dir='ltr'><strong>καὶ</strong></span> <span class='ocrx_word' id='word_1_250' title='bbox 1520 3287 1785 3356; x_wconf 81' lang='grc' dir='ltr'>περιστά-</span> 
     </span>
    </p>
   </div>
   <div class='ocr_carea' id='block_1_37' title="bbox 210 3370 1787 3443">
    <p class='ocr_par' dir='ltr' id='par_1_37' title="bbox 210 3370 1787 3443">
     <span class='ocr_line' id='line_1_37' title="bbox 210 3370 1787 3443; baseline 0.004 -23"><span class='ocrx_word' id='word_1_251' title='bbox 210 3385 353 3421; x_wconf 89' lang='grc' dir='ltr'>σεων</span> <span class='ocrx_word' id='word_1_252' title='bbox 395 3370 712 3439; x_wconf 83' lang='grc' dir='ltr'>εὑρίσκεται</span> <span class='ocrx_word' id='word_1_253' title='bbox 760 3372 1053 3441; x_wconf 82' lang='grc' dir='ltr'>πρόξενος’</span> <span class='ocrx_word' id='word_1_254' title='bbox 1086 3374 1149 3426; x_wconf 84' lang='grc' dir='ltr'>οὐ</span> <span class='ocrx_word' id='word_1_255' title='bbox 1197 3374 1355 3443; x_wconf 83' lang='grc' dir='ltr'>μόνον</span> <span class='ocrx_word' id='word_1_256' title='bbox 1398 3374 1505 3427; x_wconf 87' lang='grc' dir='ltr'><strong>τῶν</strong></span> <span class='ocrx_word' id='word_1_257' title='bbox 1536 3376 1642 3427; x_wconf 74' lang='grc' dir='ltr'>ἀπὸ</span> <span class='ocrx_word' id='word_1_258' title='bbox 1678 3375 1787 3429; x_wconf 87' lang='grc' dir='ltr'><strong>τῶν</strong></span> 
     </span>
    </p>
   </div>
   <div class='ocr_carea' id='block_1_38' title="bbox 209 3459 1784 3537">
    <p class='ocr_par' dir='ltr' id='par_1_38' title="bbox 209 3459 1784 3537">
     <span class='ocr_line' id='line_1_38' title="bbox 209 3459 1784 3537; baseline 0.005 -25"><span class='ocrx_word' id='word_1_259' title='bbox 209 3459 412 3523; x_wconf 76' lang='grc' dir='ltr'>ἔξωθεν</span> <span class='ocrx_word' id='word_1_260' title='bbox 484 3465 1037 3535; x_wconf 85' lang='grc' dir='ltr'>παρεισκεκριμένων</span> <span class='ocrx_word' id='word_1_261' title='bbox 1097 3465 1397 3535; x_wconf 77' lang='grc' dir='ltr'>συμφορῶν</span> <span class='ocrx_word' id='word_1_262' title='bbox 1467 3466 1784 3537; x_wconf 85' lang='grc' dir='ltr'>ἀδοκήτων,</span> 
     </span>
    </p>
   </div>
   <div class='ocr_carea' id='block_1_39' title="bbox 206 3552 1789 3629">
    <p class='ocr_par' dir='ltr' id='par_1_39' title="bbox 206 3552 1789 3629">
     <span class='ocr_line' id='line_1_39' title="bbox 206 3552 1789 3629; baseline 0.005 -23"><span class='ocrx_word' id='word_1_263' title='bbox 206 3552 347 3606; x_wconf 81' lang='grc' dir='ltr'><strong>ἀλλά</strong></span> <span class='ocrx_word' id='word_1_264' title='bbox 374 3553 469 3605; x_wconf 81' lang='grc' dir='ltr'>καὶ</span> <span class='ocrx_word' id='word_1_265' title='bbox 498 3554 679 3625; x_wconf 85' lang='grc' dir='ltr'>πολλῷ</span> <span class='ocrx_word' id='word_1_266' title='bbox 707 3556 899 3628; x_wconf 85' lang='grc' dir='ltr'>πρώην</span> <span class='ocrx_word' id='word_1_267' title='bbox 926 3559 989 3609; x_wconf 79' lang='grc' dir='ltr'>ἐκ</span> <span class='ocrx_word' id='word_1_268' title='bbox 1018 3557 1127 3612; x_wconf 90' lang='grc' dir='ltr'><strong>τῶν</strong></span> <span class='ocrx_word' id='word_1_269' title='bbox 1167 3558 1311 3611; x_wconf 85' lang='grc' dir='ltr'><strong>κατά</strong></span> <span class='ocrx_word' id='word_1_270' title='bbox 1334 3560 1435 3627; x_wconf 88' lang='grc' dir='ltr'><strong>τὴν</strong></span> <span class='ocrx_word' id='word_1_271' title='bbox 1470 3559 1634 3629; x_wconf 72' lang='grc' dir='ltr'>φύσιν</span> <span class='ocrx_word' id='word_1_272' title='bbox 1664 3562 1789 3613; x_wconf 84' lang='grc' dir='ltr'>εἰω-</span> 
     </span>
    </p>
   </div>
   <div class='ocr_carea' id='block_1_40' title="bbox 207 3642 1786 3721">
    <p class='ocr_par' dir='ltr' id='par_1_40' title="bbox 207 3642 1786 3721">
     <span class='ocr_line' id='line_1_40' title="bbox 207 3642 1786 3721; baseline 0.006 -26"><span class='ocrx_word' id='word_1_273' title='bbox 207 3642 382 3696; x_wconf 89' lang='grc' dir='ltr'>θότων</span> <span class='ocrx_word' id='word_1_274' title='bbox 418 3645 664 3713; x_wconf 90' lang='grc' dir='ltr'>γίνεσθαι</span> <span class='ocrx_word' id='word_1_275' title='bbox 696 3648 1141 3718; x_wconf 86' lang='grc' dir='ltr'>συμπτωμάτων.</span> <span class='ocrx_word' id='word_1_276' title='bbox 1178 3649 1344 3702; x_wconf 85' lang='grc' dir='ltr'>Νόσοι</span> <span class='ocrx_word' id='word_1_277' title='bbox 1380 3651 1489 3721; x_wconf 88' lang='grc' dir='ltr'><strong>γάρ</strong></span> <span class='ocrx_word' id='word_1_278' title='bbox 1522 3652 1786 3705; x_wconf 83' lang='grc' dir='ltr'>ἀλλεπάλ-</span> 
     </span>
    </p>
   </div>
   <div class='ocr_carea' id='block_1_41' title="bbox 208 3734 1785 3808">
    <p class='ocr_par' dir='ltr' id='par_1_41' title="bbox 208 3734 1785 3808">
     <span class='ocr_line' id='line_1_41' title="bbox 208 3734 1785 3808; baseline 0.007 -22"><span class='ocrx_word' id='word_1_279' title='bbox 208 3734 361 3804; x_wconf 82' lang='grc' dir='ltr'>ληλοι</span> <span class='ocrx_word' id='word_1_280' title='bbox 393 3737 486 3789; x_wconf 77' lang='grc' dir='ltr'><strong>καὶ</strong></span> <span class='ocrx_word' id='word_1_281' title='bbox 511 3735 785 3808; x_wconf 76' lang='grc' dir='ltr'>διαφόρων</span> <span class='ocrx_word' id='word_1_282' title='bbox 825 3740 921 3794; x_wconf 77' lang='grc' dir='ltr'><strong>καὶ</strong></span> <span class='ocrx_word' id='word_1_283' title='bbox 952 3740 1212 3794; x_wconf 84' lang='grc' dir='ltr'>ποικίλων</span> <span class='ocrx_word' id='word_1_284' title='bbox 1259 3741 1445 3794; x_wconf 87' lang='grc' dir='ltr'>παθῶν</span> <span class='ocrx_word' id='word_1_285' title='bbox 1477 3745 1785 3797; x_wconf 77' lang='grc' dir='ltr'>ἐπαναστά-</span> 
     </span>
    </p>
   </div>
   <div class='ocr_carea' id='block_1_42' title="bbox 208 3829 1784 3902">
    <p class='ocr_par' dir='ltr' id='par_1_42' title="bbox 208 3829 1784 3902">
     <span class='ocr_line' id='line_1_42' title="bbox 208 3829 1784 3902; baseline 0.004 -22"><span class='ocrx_word' id='word_1_286' title='bbox 208 3845 329 3890; x_wconf 85' lang='grc' dir='ltr'>σεις</span> <span class='ocrx_word' id='word_1_287' title='bbox 362 3829 806 3898; x_wconf 81' lang='grc' dir='ltr'>περιστοιχοῦσαι</span> <span class='ocrx_word' id='word_1_288' title='bbox 836 3829 936 3900; x_wconf 83' lang='grc' dir='ltr'><strong>τῆν</strong></span> <span class='ocrx_word' id='word_1_289' title='bbox 986 3831 1334 3901; x_wconf 77' lang='grc' dir='ltr'>ἀνθρωπίνην</span> <span class='ocrx_word' id='word_1_290' title='bbox 1365 3833 1532 3902; x_wconf 75' lang='grc' dir='ltr'>ζωὴν,</span> <span class='ocrx_word' id='word_1_291' title='bbox 1560 3837 1653 3886; x_wconf 70' lang='grc' dir='ltr'><strong>καὶ</strong></span> <span class='ocrx_word' id='word_1_292' title='bbox 1690 3835 1784 3887; x_wconf 81' lang='grc' dir='ltr'>τοῦ</span> 
     </span>
    </p>
   </div>
   <div class='ocr_carea' id='block_1_43' title="bbox 208 3917 1785 3991">
    <p class='ocr_par' dir='ltr' id='par_1_43' title="bbox 208 3917 1785 3991">
     <span class='ocr_line' id='line_1_43' title="bbox 208 3917 1785 3991; baseline 0.002 -20"><span class='ocrx_word' id='word_1_293' title='bbox 208 3917 446 3972; x_wconf 75' lang='grc' dir='ltr'>Θανάτου</span> <span class='ocrx_word' id='word_1_294' title='bbox 494 3920 863 3991; x_wconf 83' lang='grc' dir='ltr'>φευκτοτέραν</span> <span class='ocrx_word' id='word_1_295' title='bbox 907 3922 1170 3985; x_wconf 82' lang='grc' dir='ltr'>πολλάκις</span> <span class='ocrx_word' id='word_1_296' title='bbox 1224 3921 1558 3987; x_wconf 76' lang='grc' dir='ltr'>ἀπέδειξαν,</span> <span class='ocrx_word' id='word_1_297' title='bbox 1605 3923 1785 3986; x_wconf 65' lang='grc' dir='ltr'>καθὼς</span> 
     </span>
    </p>
   </div>
   <div class='ocr_carea' id='block_1_44' title="bbox 208 4012 1786 4083">
    <p class='ocr_par' dir='ltr' id='par_1_44' title="bbox 208 4012 1786 4083">
     <span class='ocr_line' id='line_1_44' title="bbox 208 4012 1786 4083; baseline 0.001 -17"><span class='ocrx_word' id='word_1_298' title='bbox 208 4012 509 4066; x_wconf 70' lang='grc' dir='ltr'>αἰνίττεται</span> <span class='ocrx_word' id='word_1_299' title='bbox 556 4013 651 4065; x_wconf 78' lang='grc' dir='ltr'>καὶ</span> <span class='ocrx_word' id='word_1_300' title='bbox 699 4012 761 4065; x_wconf 81' lang='grc' dir='ltr'><strong>τὸ</strong></span> <span class='ocrx_word' id='word_1_301' title='bbox 800 4012 979 4081; x_wconf 81' lang='grc' dir='ltr'>λόγιον</span> <span class='ocrx_word' id='word_1_302' title='bbox 1020 4016 1121 4083; x_wconf 77' lang='grc' dir='ltr'><strong>τῆς</strong></span> <span class='ocrx_word' id='word_1_303' title='bbox 1168 4015 1388 4083; x_wconf 84' lang='grc' dir='ltr'>γραφῆς</span> <span class='ocrx_word' id='word_1_304' title='bbox 1434 4014 1529 4068; x_wconf 83' lang='grc' dir='ltr'><strong>τοῦ</strong></span> <span class='ocrx_word' id='word_1_305' title='bbox 1572 4014 1694 4067; x_wconf 77' lang='grc' dir='ltr'><strong>Ἰὼϐ</strong></span> <span class='ocrx_word' id='word_1_306' title='bbox 1724 4016 1786 4068; x_wconf 82' lang='grc' dir='ltr'><strong>τὸ</strong></span> 
     </span>
    </p>
   </div>
   <div class='ocr_carea' id='block_1_45' title="bbox 209 4101 1779 4176">
    <p class='ocr_par' dir='ltr' id='par_1_45' title="bbox 209 4101 1779 4176">
     <span class='ocr_line' id='line_1_45' title="bbox 209 4101 1779 4176; baseline 0.002 -22"><span class='ocrx_word' id='word_1_307' title='bbox 209 4101 456 4169; x_wconf 71' lang='grc' dir='ltr'>φάσκονο</span> <span class='ocrx_word' id='word_1_308' title='bbox 504 4118 522 4152; x_wconf 87' lang='grc' dir='ltr'><strong>ι</strong></span> <span class='ocrx_word' id='word_1_309' title='bbox 552 4101 671 4154; x_wconf 85' lang='grc' dir='ltr'>’Ὶνα</span> <span class='ocrx_word' id='word_1_310' title='bbox 696 4103 747 4153; x_wconf 91' lang='grc' dir='ltr'><strong>τί</strong></span> <span class='ocrx_word' id='word_1_311' title='bbox 772 4102 1124 4172; x_wconf 72' lang='grc' dir='ltr'>γὰρ’δέδοται</span> <span class='ocrx_word' id='word_1_312' title='bbox 1162 4105 1275 4165; x_wconf 80' lang='grc' dir='ltr'>τοῖς</span> <span class='ocrx_word' id='word_1_313' title='bbox 1304 4105 1360 4156; x_wconf 82' lang='grc' dir='ltr'><strong>ὲν</strong></span> <span class='ocrx_word' id='word_1_314' title='bbox 1398 4105 1600 4176; x_wconf 80' lang='grc' dir='ltr'>πικρίᾳ.</span> <span class='ocrx_word' id='word_1_315' title='bbox 1642 4105 1779 4174; x_wconf 77' lang='grc' dir='ltr'>φῶς,</span> 
     </span>
    </p>
   </div>
   <div class='ocr_carea' id='block_1_46' title="bbox 206 4192 1783 4266">
    <p class='ocr_par' dir='ltr' id='par_1_46' title="bbox 206 4192 1783 4266">
     <span class='ocr_line' id='line_1_46' title="bbox 206 4192 1783 4266; baseline 0.004 -22"><span class='ocrx_word' id='word_1_316' title='bbox 206 4192 323 4263; x_wconf 79' lang='grc' dir='ltr'><strong>ζωὴ</strong></span> <span class='ocrx_word' id='word_1_317' title='bbox 350 4192 407 4245; x_wconf 73' lang='grc' dir='ltr'>δὲ</span> <span class='ocrx_word' id='word_1_318' title='bbox 447 4197 567 4255; x_wconf 79' lang='grc' dir='ltr'>ταῖς</span> <span class='ocrx_word' id='word_1_319' title='bbox 608 4194 667 4248; x_wconf 83' lang='grc' dir='ltr'>ὲν</span> <span class='ocrx_word' id='word_1_320' title='bbox 696 4194 913 4257; x_wconf 76' lang='grc' dir='ltr'>ὀδύναις</span> <span class='ocrx_word' id='word_1_321' title='bbox 973 4194 1211 4266; x_wconf 78' lang='grc' dir='ltr'>ψυχαῖς;</span> <span class='ocrx_word' id='word_1_322' title='bbox 1253 4196 1316 4247; x_wconf 80' lang='grc' dir='ltr'><strong>Οἳ</strong></span> <span class='ocrx_word' id='word_1_323' title='bbox 1349 4196 1651 4265; x_wconf 86' lang='grc' dir='ltr'>ίμείρονται</span> <span class='ocrx_word' id='word_1_324' title='bbox 1689 4198 1783 4251; x_wconf 82' lang='grc' dir='ltr'>τοῦ</span> 
     </span>
    </p>
   </div>
   <div class='ocr_carea' id='block_1_47' title="bbox 208 4283 1785 4360">
    <p class='ocr_par' dir='ltr' id='par_1_47' title="bbox 208 4283 1785 4360">
     <span class='ocr_line' id='line_1_47' title="bbox 208 4283 1785 4360; baseline 0.004 -24"><span class='ocrx_word' id='word_1_325' title='bbox 208 4283 477 4349; x_wconf 82' lang='grc' dir='ltr'>Θανάτου,</span> <span class='ocrx_word' id='word_1_326' title='bbox 505 4286 599 4339; x_wconf 76' lang='grc' dir='ltr'>καὶ</span> <span class='ocrx_word' id='word_1_327' title='bbox 632 4286 691 4337; x_wconf 81' lang='grc' dir='ltr'><strong>οὐ</strong></span> <span class='ocrx_word' id='word_1_328' title='bbox 720 4286 1103 4355; x_wconf 82' lang='grc' dir='ltr'>τυγχάνουσιν.</span> <span class='ocrx_word' id='word_1_329' title='bbox 1139 4305 1158 4337; x_wconf 76' lang='grc' dir='ltr'><strong>ι</strong></span> <span class='ocrx_word' id='word_1_330' title='bbox 1206 4285 1268 4338; x_wconf 83' lang='grc' dir='ltr'>Ἢ</span> <span class='ocrx_word' id='word_1_331' title='bbox 1309 4286 1365 4338; x_wconf 80' lang='grc' dir='ltr'><strong>δὲ</strong></span> <span class='ocrx_word' id='word_1_332' title='bbox 1392 4287 1493 4355; x_wconf 83' lang='grc' dir='ltr'><strong>τῆς</strong></span> <span class='ocrx_word' id='word_1_333' title='bbox 1524 4289 1785 4360; x_wconf 84' lang='grc' dir='ltr'>τελευτῆς</span> 
     </span>
    </p>
   </div>
   <div class='ocr_carea' id='block_1_48' title="bbox 208 4374 1783 4449">
    <p class='ocr_par' dir='ltr' id='par_1_48' title="bbox 208 4374 1783 4449">
     <span class='ocr_line' id='line_1_48' title="bbox 208 4374 1783 4449; baseline 0.005 -23"><span class='ocrx_word' id='word_1_334' title='bbox 208 4374 394 4446; x_wconf 76' lang='grc' dir='ltr'>ἡμέρα</span> <span class='ocrx_word' id='word_1_335' title='bbox 426 4375 516 4428; x_wconf 75' lang='grc' dir='ltr'>τοῦ</span> <span class='ocrx_word' id='word_1_336' title='bbox 550 4377 841 4429; x_wconf 83' lang='grc' dir='ltr'>σπουδαίου</span> <span class='ocrx_word' id='word_1_337' title='bbox 869 4378 963 4430; x_wconf 68' lang='grc' dir='ltr'><strong>καὶ</strong></span> <span class='ocrx_word' id='word_1_338' title='bbox 994 4378 1114 4430; x_wconf 78' lang='grc' dir='ltr'>κατ’</span> <span class='ocrx_word' id='word_1_339' title='bbox 1138 4377 1340 4449; x_wconf 83' lang='grc' dir='ltr'>ἀρετὴν</span> <span class='ocrx_word' id='word_1_340' title='bbox 1376 4378 1783 4449; x_wconf 70' lang='grc' dir='ltr'>διαλάμψαντος</span> 
     </span>
    </p>
   </div>
   <div class='ocr_carea' id='block_1_49' title="bbox 1897 536 3478 617">
    <p class='ocr_par' dir='ltr' id='par_1_49' title="bbox 1897 536 3478 617">
     <span class='ocr_line' id='line_1_49' title="bbox 1897 536 3478 617; baseline -0.003 -16"><span class='ocrx_word' id='word_1_341' title='bbox 1897 558 1969 611; x_wconf 89' lang='lat' dir='ltr'><strong>et,</strong></span> <span class='ocrx_word' id='word_1_342' title='bbox 2007 549 2147 601; x_wconf 89' lang='lat' dir='ltr'><strong>bona</strong></span> <span class='ocrx_word' id='word_1_343' title='bbox 2183 547 2323 601; x_wconf 84' lang='lat' dir='ltr'><strong>fama</strong></span> <span class='ocrx_word' id='word_1_344' title='bbox 2360 547 2658 617; x_wconf 82' lang='lat' dir='ltr'><strong>preposita,</strong></span> <span class='ocrx_word' id='word_1_345' title='bbox 2708 546 2776 600; x_wconf 89' lang='lat' dir='ltr'><strong>ad</strong></span> <span class='ocrx_word' id='word_1_346' title='bbox 2810 546 2895 601; x_wconf 90' lang='lat' dir='ltr'><strong>sui</strong></span> <span class='ocrx_word' id='word_1_347' title='bbox 2930 536 3107 615; x_wconf 80' lang='lat' dir='ltr'><strong>ipsius</strong></span> <span class='ocrx_word' id='word_1_348' title='bbox 3142 545 3478 614; x_wconf 74' lang='lat' dir='ltr'><strong>pervestiga-</strong></span> 
     </span>
    </p>
   </div>
   <div class='ocr_carea' id='block_1_50' title="bbox 1899 637 2965 708">
    <p class='ocr_par' dir='ltr' id='par_1_50' title="bbox 1899 637 2965 708">
     <span class='ocr_line' id='line_1_50' title="bbox 1899 637 2965 708; baseline -0.001 -16"><span class='ocrx_word' id='word_1_349' title='bbox 1899 639 2104 692; x_wconf 85' lang='lat' dir='ltr'><strong>tioncm</strong></span> <span class='ocrx_word' id='word_1_350' title='bbox 2131 647 2295 708; x_wconf 90' lang='lat' dir='ltr'><strong>atque</strong></span> <span class='ocrx_word' id='word_1_351' title='bbox 2320 639 2664 707; x_wconf 85' lang='lat' dir='ltr'><strong>adeptionem</strong></span> <span class='ocrx_word' id='word_1_352' title='bbox 2697 637 2965 705; x_wconf 89' lang='lat' dir='ltr'><strong>perducit.</strong></span> 
     </span>
    </p>
   </div>
   <div class='ocr_carea' id='block_1_51' title="bbox 1967 813 3478 885">
    <p class='ocr_par' dir='ltr' id='par_1_51' title="bbox 1967 813 3478 885">
     <span class='ocr_line' id='line_1_51' title="bbox 1967 813 3478 885; baseline -0.005 -13"><span class='ocrx_word' id='word_1_353' title='bbox 1967 818 2140 872; x_wconf 88' lang='lat' dir='ltr'><strong>Porro</strong></span> <span class='ocrx_word' id='word_1_354' title='bbox 2189 816 2689 885; x_wconf 83' lang='lat' dir='ltr'><strong>interpretationem</strong></span> <span class='ocrx_word' id='word_1_355' title='bbox 2747 814 3063 882; x_wconf 89' lang='lat' dir='ltr'><strong>hujusmodi</strong></span> <span class='ocrx_word' id='word_1_356' title='bbox 3113 813 3478 885; x_wconf 83' lang='lat' dir='ltr'><strong>Symmachus</strong></span> 
     </span>
    </p>
   </div>
   <div class='ocr_carea' id='block_1_52' title="bbox 1897 907 3474 979">
    <p class='ocr_par' dir='ltr' id='par_1_52' title="bbox 1897 907 3474 979">
     <span class='ocr_line' id='line_1_52' title="bbox 1897 907 3474 979; baseline -0.003 -17"><span class='ocrx_word' id='word_1_357' title='bbox 1897 909 2241 979; x_wconf 86' lang='lat' dir='ltr'><strong>potissimum</strong></span> <span class='ocrx_word' id='word_1_358' title='bbox 2294 908 2603 973; x_wconf 72' lang='lat' dir='ltr'><strong>confirmat,</strong></span> <span class='ocrx_word' id='word_1_359' title='bbox 2656 907 2748 977; x_wconf 89' lang='lat' dir='ltr'><strong>qui</strong></span> <span class='ocrx_word' id='word_1_360' title='bbox 2801 907 2932 960; x_wconf 88' lang='lat' dir='ltr'><strong>ait:</strong></span> <span class='ocrx_word' id='word_1_361' title='bbox 2974 926 2991 957; x_wconf 88' lang='grc' dir='ltr'><strong>ι</strong></span> <span class='ocrx_word' id='word_1_362' title='bbox 3028 907 3219 961; x_wconf 69' lang='lat' dir='ltr'><strong>Melius</strong></span> <span class='ocrx_word' id='word_1_363' title='bbox 3272 921 3474 959; x_wconf 88' lang='lat' dir='ltr'><strong>nomen</strong></span> 
     </span>
    </p>
   </div>
   <div class='ocr_carea' id='block_1_53' title="bbox 1896 993 3474 1067">
    <p class='ocr_par' dir='ltr' id='par_1_53' title="bbox 1896 993 3474 1067">
     <span class='ocr_line' id='line_1_53' title="bbox 1896 993 3474 1067; baseline -0.001 -14"><span class='ocrx_word' id='word_1_364' title='bbox 1896 1000 2097 1053; x_wconf 89' lang='lat' dir='ltr'><strong>bonum</strong></span> <span class='ocrx_word' id='word_1_365' title='bbox 2127 1012 2403 1067; x_wconf 71' lang='lat' dir='ltr'><strong>unguento</strong></span> <span class='ocrx_word' id='word_1_366' title='bbox 2448 993 2963 1067; x_wconf 71' lang='lat' dir='ltr'><strong>l&#39;ragrante(5l-2),r</strong></span> <span class='ocrx_word' id='word_1_367' title='bbox 2983 1013 3088 1051; x_wconf 90' lang='lat' dir='ltr'><strong>non</strong></span> <span class='ocrx_word' id='word_1_368' title='bbox 3113 998 3346 1051; x_wconf 90' lang='lat' dir='ltr'><strong>obscure</strong></span> <span class='ocrx_word' id='word_1_369' title='bbox 3380 997 3474 1051; x_wconf 80' lang='lat' dir='ltr'><strong>de-</strong></span> 
     </span>
    </p>
   </div>
   <div class='ocr_carea' id='block_1_54' title="bbox 1896 1090 3474 1161">
    <p class='ocr_par' dir='ltr' id='par_1_54' title="bbox 1896 1090 3474 1161">
     <span class='ocr_line' id='line_1_54' title="bbox 1896 1090 3474 1161; baseline -0.002 -15"><span class='ocrx_word' id='word_1_370' title='bbox 1896 1092 2135 1155; x_wconf 86' lang='lat' dir='ltr'><strong>clarans,</strong></span> <span class='ocrx_word' id='word_1_371' title='bbox 2172 1091 2632 1160; x_wconf 87' lang='lat' dir='ltr'><strong>quemadmodum</strong></span> <span class='ocrx_word' id='word_1_372' title='bbox 2669 1099 3033 1161; x_wconf 76' lang='lat' dir='ltr'><strong>unguentum,</strong></span> <span class='ocrx_word' id='word_1_373' title='bbox 3064 1090 3208 1157; x_wconf 90' lang='lat' dir='ltr'><strong>quod</strong></span> <span class='ocrx_word' id='word_1_374' title='bbox 3230 1106 3260 1142; x_wconf 92' lang='lat' dir='ltr'><strong>e</strong></span> <span class='ocrx_word' id='word_1_375' title='bbox 3289 1090 3474 1143; x_wconf 89' lang='lat' dir='ltr'><strong>multis</strong></span> 
     </span>
    </p>
   </div>
   <div class='ocr_carea' id='block_1_55' title="bbox 1896 1179 3471 1249">
    <p class='ocr_par' dir='ltr' id='par_1_55' title="bbox 1896 1179 3471 1249">
     <span class='ocr_line' id='line_1_55' title="bbox 1896 1179 3471 1249; baseline -0.003 -16"><span class='ocrx_word' id='word_1_376' title='bbox 1896 1181 2172 1249; x_wconf 87' lang='lat' dir='ltr'><strong>variisque</strong></span> <span class='ocrx_word' id='word_1_377' title='bbox 2199 1181 2459 1233; x_wconf 82' lang='lat' dir='ltr'><strong>aromatis</strong></span> <span class='ocrx_word' id='word_1_378' title='bbox 2485 1180 2850 1248; x_wconf 82' lang='lat' dir='ltr'><strong>componitur,</strong></span> <span class='ocrx_word' id='word_1_379' title='bbox 2886 1196 2992 1233; x_wconf 50' lang='lat' dir='ltr'><strong>nrn</strong></span> <span class='ocrx_word' id='word_1_380' title='bbox 3028 1179 3237 1232; x_wconf 87' lang='lat' dir='ltr'><strong>vicinos</strong></span> <span class='ocrx_word' id='word_1_381' title='bbox 3263 1188 3471 1230; x_wconf 82' lang='lat' dir='ltr'><strong>tantum</strong></span> 
     </span>
    </p>
   </div>
   <div class='ocr_carea' id='block_1_56' title="bbox 1895 1272 3470 1341">
    <p class='ocr_par' dir='ltr' id='par_1_56' title="bbox 1895 1272 3470 1341">
     <span class='ocr_line' id='line_1_56' title="bbox 1895 1272 3470 1341; baseline -0.003 -17"><span class='ocrx_word' id='word_1_382' title='bbox 1895 1272 2062 1326; x_wconf 85' lang='lat' dir='ltr'><strong>odore</strong></span> <span class='ocrx_word' id='word_1_383' title='bbox 2110 1272 2387 1341; x_wconf 84' lang='lat' dir='ltr'><strong>perfundit</strong></span> <span class='ocrx_word' id='word_1_384' title='bbox 2421 1286 2484 1324; x_wconf 89' lang='lat' dir='ltr'><strong>ac</strong></span> <span class='ocrx_word' id='word_1_385' title='bbox 2515 1272 2780 1324; x_wconf 75' lang='lat' dir='ltr'><strong>suavitate</strong></span> <span class='ocrx_word' id='word_1_386' title='bbox 2822 1272 3059 1339; x_wconf 87' lang='lat' dir='ltr'><strong>complet</strong></span> <span class='ocrx_word' id='word_1_387' title='bbox 3107 1284 3228 1330; x_wconf 86' lang='lat' dir='ltr'><strong>sua,</strong></span> <span class='ocrx_word' id='word_1_388' title='bbox 3281 1282 3470 1321; x_wconf 89' lang='lat' dir='ltr'><strong>verum</strong></span> 
     </span>
    </p>
   </div>
   <div class='ocr_carea' id='block_1_57' title="bbox 1893 1350 3472 1432">
    <p class='ocr_par' dir='ltr' id='par_1_57' title="bbox 1893 1350 3472 1432">
     <span class='ocr_line' id='line_1_57' title="bbox 1893 1350 3472 1432; baseline -0.003 -17"><span class='ocrx_word' id='word_1_389' title='bbox 1893 1363 2154 1415; x_wconf 73' lang='lat' dir='ltr'><strong>etiamad</strong></span> <span class='ocrx_word' id='word_1_390' title='bbox 2194 1362 2519 1432; x_wconf 78' lang='lat' dir='ltr'><strong>longinquos</strong></span> <span class='ocrx_word' id='word_1_391' title='bbox 2568 1376 2673 1414; x_wconf 88' lang='lat' dir='ltr'><strong>non</strong></span> <span class='ocrx_word' id='word_1_392' title='bbox 2728 1350 2908 1414; x_wconf 81' lang='lat' dir='ltr'><strong>minus</strong></span> <span class='ocrx_word' id='word_1_393' title='bbox 2963 1370 3172 1430; x_wconf 83' lang='lat' dir='ltr'><strong>gratam</strong></span> <span class='ocrx_word' id='word_1_394' title='bbox 3222 1358 3472 1427; x_wconf 81' lang='lat' dir='ltr'><strong>fragran-</strong></span> 
     </span>
    </p>
   </div>
   <div class='ocr_carea' id='block_1_58' title="bbox 1894 1451 3472 1520">
    <p class='ocr_par' dir='ltr' id='par_1_58' title="bbox 1894 1451 3472 1520">
     <span class='ocr_line' id='line_1_58' title="bbox 1894 1451 3472 1520; baseline -0.003 -13"><span class='ocrx_word' id='word_1_395' title='bbox 1894 1456 2024 1507; x_wconf 89' lang='lat' dir='ltr'><strong>tiam</strong></span> <span class='ocrx_word' id='word_1_396' title='bbox 2070 1454 2421 1519; x_wconf 81' lang='lat' dir='ltr'><strong>transa:ittit;</strong></span> <span class='ocrx_word' id='word_1_397' title='bbox 2462 1455 2541 1508; x_wconf 87' lang='lat' dir='ltr'><strong>sic</strong></span> <span class='ocrx_word' id='word_1_398' title='bbox 2578 1468 2770 1506; x_wconf 88' lang='lat' dir='ltr'><strong>nomen</strong></span> <span class='ocrx_word' id='word_1_399' title='bbox 2808 1453 3036 1512; x_wconf 87' lang='lat' dir='ltr'><strong>bonum,</strong></span> <span class='ocrx_word' id='word_1_400' title='bbox 3087 1451 3232 1520; x_wconf 88' lang='lat' dir='ltr'><strong>quod</strong></span> <span class='ocrx_word' id='word_1_401' title='bbox 3265 1466 3331 1504; x_wconf 81' lang='lat' dir='ltr'><strong>ex</strong></span> <span class='ocrx_word' id='word_1_402' title='bbox 3365 1452 3472 1503; x_wconf 85' lang='lat' dir='ltr'><strong>vir-</strong></span> 
     </span>
    </p>
   </div>
   <div class='ocr_carea' id='block_1_59' title="bbox 1898 1540 3469 1611">
    <p class='ocr_par' dir='ltr' id='par_1_59' title="bbox 1898 1540 3469 1611">
     <span class='ocr_line' id='line_1_59' title="bbox 1898 1540 3469 1611; baseline -0.001 -16"><span class='ocrx_word' id='word_1_403' title='bbox 1898 1543 2027 1597; x_wconf 89' lang='lat' dir='ltr'><strong>tutis</strong></span> <span class='ocrx_word' id='word_1_404' title='bbox 2058 1543 2485 1611; x_wconf 85' lang='lat' dir='ltr'><strong>proprietatibus</strong></span> <span class='ocrx_word' id='word_1_405' title='bbox 2519 1550 2761 1603; x_wconf 86' lang='lat' dir='ltr'><strong>constat,</strong></span> <span class='ocrx_word' id='word_1_406' title='bbox 2799 1551 3057 1609; x_wconf 85' lang='lat' dir='ltr'><strong>tanquam</strong></span> <span class='ocrx_word' id='word_1_407' title='bbox 3091 1544 3233 1595; x_wconf 88' lang='lat' dir='ltr'><strong>aeris</strong></span> <span class='ocrx_word' id='word_1_408' title='bbox 3267 1556 3369 1609; x_wconf 90' lang='lat' dir='ltr'><strong>ope</strong></span> <span class='ocrx_word' id='word_1_409' title='bbox 3401 1540 3469 1593; x_wconf 82' lang='lat' dir='ltr'><strong>ad</strong></span> 
     </span>
    </p>
   </div>
   <div class='ocr_carea' id='block_1_60' title="bbox 1896 1632 3470 1702">
    <p class='ocr_par' dir='ltr' id='par_1_60' title="bbox 1896 1632 3470 1702">
     <span class='ocr_line' id='line_1_60' title="bbox 1896 1632 3470 1702; baseline -0.001 -15"><span class='ocrx_word' id='word_1_410' title='bbox 1896 1635 2201 1689; x_wconf 79' lang='lat' dir='ltr'><strong>vehendum</strong></span> <span class='ocrx_word' id='word_1_411' title='bbox 2237 1644 2420 1688; x_wconf 78' lang='lat' dir='ltr'><strong>tutatur</strong></span> <span class='ocrx_word' id='word_1_412' title='bbox 2465 1635 2605 1687; x_wconf 87' lang='lat' dir='ltr'><strong>bona</strong></span> <span class='ocrx_word' id='word_1_413' title='bbox 2643 1636 2831 1702; x_wconf 88' lang='lat' dir='ltr'><strong>utique</strong></span> <span class='ocrx_word' id='word_1_414' title='bbox 2870 1633 3008 1686; x_wconf 77' lang='lat' dir='ltr'><strong>fama</strong></span> <span class='ocrx_word' id='word_1_415' title='bbox 3044 1636 3108 1687; x_wconf 87' lang='lat' dir='ltr'><strong>ad</strong></span> <span class='ocrx_word' id='word_1_416' title='bbox 3144 1632 3470 1686; x_wconf 86' lang='lat' dir='ltr'><strong>remotiores</strong></span> 
     </span>
    </p>
   </div>
   <div class='ocr_carea' id='block_1_61' title="bbox 1893 1718 3470 1785">
    <p class='ocr_par' dir='ltr' id='par_1_61' title="bbox 1893 1718 3470 1785">
     <span class='ocr_line' id='line_1_61' title="bbox 1893 1718 3470 1785; baseline -0.005 -7"><span class='ocrx_word' id='word_1_417' title='bbox 1893 1726 2057 1778; x_wconf 72' lang='lat' dir='ltr'><strong>etiam</strong></span> <span class='ocrx_word' id='word_1_418' title='bbox 2105 1723 2409 1777; x_wconf 78' lang='lat' dir='ltr'><strong>diﬂundere</strong></span> <span class='ocrx_word' id='word_1_419' title='bbox 2455 1723 2677 1776; x_wconf 91' lang='lat' dir='ltr'><strong>odorem</strong></span> <span class='ocrx_word' id='word_1_420' title='bbox 2714 1736 2896 1773; x_wconf 88' lang='lat' dir='ltr'><strong>suum.</strong></span> <span class='ocrx_word' id='word_1_421' title='bbox 2937 1723 3116 1785; x_wconf 77' lang='lat' dir='ltr'><strong>Quare</strong></span> <span class='ocrx_word' id='word_1_422' title='bbox 3162 1728 3217 1771; x_wconf 88' lang='lat' dir='ltr'><strong>et</strong></span> <span class='ocrx_word' id='word_1_423' title='bbox 3266 1718 3470 1771; x_wconf 77' lang='lat' dir='ltr'><strong>Paulus</strong></span> 
     </span>
    </p>
   </div>
   <div class='ocr_carea' id='block_1_62' title="bbox 1823 1795 3468 1885">
    <p class='ocr_par' dir='ltr' id='par_1_62' title="bbox 1823 1795 3468 1885">
     <span class='ocr_line' id='line_1_62' title="bbox 1823 1795 3468 1885; baseline -0.005 -15"><span class='ocrx_word' id='word_1_424' title='bbox 1823 1795 1862 1848; x_wconf 77' lang='grc' dir='ltr'><strong><em>Β</em></strong></span> <span class='ocrx_word' id='word_1_425' title='bbox 1893 1831 2126 1885; x_wconf 82' lang='lat' dir='ltr'><strong>magnus</strong></span> <span class='ocrx_word' id='word_1_426' title='bbox 2168 1814 2459 1883; x_wconf 80' lang='lat' dir='ltr'><strong>Apostolus</strong></span> <span class='ocrx_word' id='word_1_427' title='bbox 2494 1831 2506 1866; x_wconf 82' lang='lat'><strong>:</strong></span> <span class='ocrx_word' id='word_1_428' title='bbox 2551 1834 2567 1865; x_wconf 82' lang='grc' dir='ltr'><strong>ι</strong></span> <span class='ocrx_word' id='word_1_429' title='bbox 2611 1813 2837 1876; x_wconf 68' lang='lat' dir='ltr'><strong>Christi,</strong></span> <span class='ocrx_word' id='word_1_430' title='bbox 2877 1812 3075 1880; x_wconf 90' lang='lat' dir='ltr'><strong>inquit,</strong></span> <span class='ocrx_word' id='word_1_431' title='bbox 3118 1811 3293 1864; x_wconf 88' lang='lat' dir='ltr'><strong>bonus</strong></span> <span class='ocrx_word' id='word_1_432' title='bbox 3330 1810 3468 1862; x_wconf 75' lang='lat' dir='ltr'><strong>odor</strong></span> 
     </span>
    </p>
   </div>
   <div class='ocr_carea' id='block_1_63' title="bbox 1894 1902 3465 1974">
    <p class='ocr_par' dir='ltr' id='par_1_63' title="bbox 1894 1902 3465 1974">
     <span class='ocr_line' id='line_1_63' title="bbox 1894 1902 3465 1974; baseline -0.006 -11"><span class='ocrx_word' id='word_1_433' title='bbox 1894 1924 2086 1963; x_wconf 91' lang='lat' dir='ltr'><strong>sumus</strong></span> <span class='ocrx_word' id='word_1_434' title='bbox 2136 1908 2189 1961; x_wconf 92' lang='lat' dir='ltr'><strong>in</strong></span> <span class='ocrx_word' id='word_1_435' title='bbox 2251 1905 2361 1959; x_wconf 90' lang='lat' dir='ltr'><strong>Deo</strong></span> <span class='ocrx_word' id='word_1_436' title='bbox 2396 1906 2451 1959; x_wconf 93' lang='lat' dir='ltr'><strong>in</strong></span> <span class='ocrx_word' id='word_1_437' title='bbox 2494 1906 2600 1969; x_wconf 88' lang='lat' dir='ltr'><strong>iis,</strong></span> <span class='ocrx_word' id='word_1_438' title='bbox 2642 1904 2734 1974; x_wconf 89' lang='lat' dir='ltr'><strong>qui</strong></span> <span class='ocrx_word' id='word_1_439' title='bbox 2777 1904 2911 1959; x_wconf 87' lang='lat' dir='ltr'><strong>salvi</strong></span> <span class='ocrx_word' id='word_1_440' title='bbox 2966 1905 3137 1965; x_wconf 86' lang='lat' dir='ltr'><strong>liunt,</strong></span> <span class='ocrx_word' id='word_1_441' title='bbox 3179 1912 3234 1956; x_wconf 90' lang='lat' dir='ltr'><strong>et</strong></span> <span class='ocrx_word' id='word_1_442' title='bbox 3266 1902 3318 1954; x_wconf 93' lang='lat' dir='ltr'><strong>in</strong></span> <span class='ocrx_word' id='word_1_443' title='bbox 3366 1902 3465 1962; x_wconf 89' lang='lat' dir='ltr'><strong>iis.</strong></span> 
     </span>
    </p>
   </div>
   <div class='ocr_carea' id='block_1_64' title="bbox 1893 1993 3467 2070">
    <p class='ocr_par' dir='ltr' id='par_1_64' title="bbox 1893 1993 3467 2070">
     <span class='ocr_line' id='line_1_64' title="bbox 1893 1993 3467 2070; baseline -0.005 -16"><span class='ocrx_word' id='word_1_444' title='bbox 1893 2001 1983 2070; x_wconf 93' lang='lat' dir='ltr'><strong>qui</strong></span> <span class='ocrx_word' id='word_1_445' title='bbox 2017 2010 2263 2070; x_wconf 87' lang='lat' dir='ltr'><strong>pereunt,</strong></span> <span class='ocrx_word' id='word_1_446' title='bbox 2298 2000 2423 2053; x_wconf 88' lang='lat' dir='ltr'><strong>aliis</strong></span> <span class='ocrx_word' id='word_1_447' title='bbox 2452 1998 2671 2067; x_wconf 80' lang='lat' dir='ltr'><strong>quidem</strong></span> <span class='ocrx_word' id='word_1_448' title='bbox 2721 1998 2858 2050; x_wconf 83' lang='lat' dir='ltr'><strong>odor</strong></span> <span class='ocrx_word' id='word_1_449' title='bbox 2894 1996 3018 2050; x_wconf 74' lang='lat' dir='ltr'><strong>vita:</strong></span> <span class='ocrx_word' id='word_1_450' title='bbox 3054 1996 3106 2048; x_wconf 91' lang='lat' dir='ltr'><strong>in</strong></span> <span class='ocrx_word' id='word_1_451' title='bbox 3130 1995 3321 2059; x_wconf 85' lang='lat' dir='ltr'><strong>vitam,</strong></span> <span class='ocrx_word' id='word_1_452' title='bbox 3345 1993 3467 2047; x_wconf 71' lang='lat' dir='ltr'><strong>afiis</strong></span> 
     </span>
    </p>
   </div>
   <div class='ocr_carea' id='block_1_65' title="bbox 1893 2088 3030 2155">
    <p class='ocr_par' dir='ltr' id='par_1_65' title="bbox 1893 2088 3030 2155">
     <span class='ocr_line' id='line_1_65' title="bbox 1893 2088 3030 2155; baseline -0.011 -11"><span class='ocrx_word' id='word_1_453' title='bbox 1893 2101 2075 2144; x_wconf 78' lang='lat' dir='ltr'><strong>autem</strong></span> <span class='ocrx_word' id='word_1_454' title='bbox 2112 2091 2245 2142; x_wconf 89' lang='lat' dir='ltr'><strong>odor</strong></span> <span class='ocrx_word' id='word_1_455' title='bbox 2277 2089 2470 2141; x_wconf 89' lang='lat' dir='ltr'><strong>tnortis</strong></span> <span class='ocrx_word' id='word_1_456' title='bbox 2506 2088 2557 2139; x_wconf 88' lang='lat' dir='ltr'><strong>itt</strong></span> <span class='ocrx_word' id='word_1_457' title='bbox 2594 2096 2824 2139; x_wconf 79' lang='lat' dir='ltr'><strong>martem</strong></span> <span class='ocrx_word' id='word_1_458' title='bbox 2859 2088 3030 2155; x_wconf 65' lang='lat'><strong>(53).:</strong></span> 
     </span>
    </p>
   </div>
   <div class='ocr_carea' id='block_1_66' title="bbox 1960 2179 3468 2245">
    <p class='ocr_par' dir='ltr' id='par_1_66' title="bbox 1960 2179 3468 2245">
     <span class='ocr_line' id='line_1_66' title="bbox 1960 2179 3468 2245; baseline -0.003 -11"><span class='ocrx_word' id='word_1_459' title='bbox 1960 2182 2052 2235; x_wconf 85' lang='lat' dir='ltr'><strong>Ait</strong></span> <span class='ocrx_word' id='word_1_460' title='bbox 2094 2180 2287 2234; x_wconf 84' lang='lat' dir='ltr'><strong>deinde</strong></span> <span class='ocrx_word' id='word_1_461' title='bbox 2325 2179 2720 2233; x_wconf 70' lang='lat' dir='ltr'><strong>Ecclesiastes:</strong></span> <span class='ocrx_word' id='word_1_462' title='bbox 2764 2199 2781 2229; x_wconf 85' lang='grc' dir='ltr'><strong>ι</strong></span> <span class='ocrx_word' id='word_1_463' title='bbox 2826 2179 2884 2233; x_wconf 69' lang='lat' dir='ltr'><strong>lit</strong></span> <span class='ocrx_word' id='word_1_464' title='bbox 2920 2180 3036 2233; x_wconf 87' lang='lat' dir='ltr'><strong>dies</strong></span> <span class='ocrx_word' id='word_1_465' title='bbox 3071 2179 3262 2231; x_wconf 78' lang='lat' dir='ltr'><strong>mortis</strong></span> <span class='ocrx_word' id='word_1_466' title='bbox 3305 2192 3468 2245; x_wconf 77' lang='lat' dir='ltr'><strong>super</strong></span> 
     </span>
    </p>
   </div>
   <div class='ocr_carea' id='block_1_67' title="bbox 1890 2269 3468 2341">
    <p class='ocr_par' dir='ltr' id='par_1_67' title="bbox 1890 2269 3468 2341">
     <span class='ocr_line' id='line_1_67' title="bbox 1890 2269 3468 2341; baseline -0.004 -13"><span class='ocrx_word' id='word_1_467' title='bbox 1890 2272 2032 2328; x_wconf 90' lang='lat' dir='ltr'><strong>diem</strong></span> <span class='ocrx_word' id='word_1_468' title='bbox 2077 2273 2379 2327; x_wconf 77' lang='lat' dir='ltr'><strong>nativitatis</strong></span> <span class='ocrx_word' id='word_1_469' title='bbox 2420 2273 2561 2340; x_wconf 87' lang='lat' dir='ltr'><strong>ejus.</strong></span> <span class='ocrx_word' id='word_1_470' title='bbox 2603 2291 2621 2322; x_wconf 77' lang='grc' dir='ltr'><strong>ι</strong></span> <span class='ocrx_word' id='word_1_471' title='bbox 2658 2270 3006 2341; x_wconf 85' lang='lat' dir='ltr'><strong>annsnam?</strong></span> <span class='ocrx_word' id='word_1_472' title='bbox 3042 2269 3205 2323; x_wconf 86' lang='lat' dir='ltr'><strong>Probi</strong></span> <span class='ocrx_word' id='word_1_473' title='bbox 3242 2269 3468 2323; x_wconf 75' lang='lat' dir='ltr'><strong>omnii-.0</strong></span> 
     </span>
    </p>
   </div>
   <div class='ocr_carea' id='block_1_68' title="bbox 1890 2362 3465 2433">
    <p class='ocr_par' dir='ltr' id='par_1_68' title="bbox 1890 2362 3465 2433">
     <span class='ocr_line' id='line_1_68' title="bbox 1890 2362 3465 2433; baseline -0.005 -10"><span class='ocrx_word' id='word_1_474' title='bbox 1890 2375 1945 2423; x_wconf 88' lang='lat' dir='ltr'><strong>et</strong></span> <span class='ocrx_word' id='word_1_475' title='bbox 1998 2367 2066 2421; x_wconf 93' lang='lat' dir='ltr'><strong>ad</strong></span> <span class='ocrx_word' id='word_1_476' title='bbox 2112 2367 2332 2420; x_wconf 85' lang='lat' dir='ltr'><strong>virtutis</strong></span> <span class='ocrx_word' id='word_1_477' title='bbox 2381 2382 2628 2420; x_wconf 88' lang='lat' dir='ltr'><strong>normam</strong></span> <span class='ocrx_word' id='word_1_478' title='bbox 2686 2367 2938 2430; x_wconf 74' lang='lat' dir='ltr'><strong>viventis,</strong></span> <span class='ocrx_word' id='word_1_479' title='bbox 2998 2366 3310 2433; x_wconf 88' lang='lat' dir='ltr'><strong>bonumque</strong></span> <span class='ocrx_word' id='word_1_480' title='bbox 3360 2362 3465 2417; x_wconf 87' lang='lat' dir='ltr'><strong>sibi</strong></span> 
     </span>
    </p>
   </div>
   <div class='ocr_carea' id='block_1_69' title="bbox 1892 2455 3467 2529">
    <p class='ocr_par' dir='ltr' id='par_1_69' title="bbox 1892 2455 3467 2529">
     <span class='ocr_line' id='line_1_69' title="bbox 1892 2455 3467 2529; baseline -0.003 -17"><span class='ocrx_word' id='word_1_481' title='bbox 1892 2473 2087 2512; x_wconf 84' lang='lat' dir='ltr'><strong>nomen</strong></span> <span class='ocrx_word' id='word_1_482' title='bbox 2130 2458 2335 2526; x_wconf 84' lang='lat' dir='ltr'><strong>adepti,</strong></span> <span class='ocrx_word' id='word_1_483' title='bbox 2378 2473 2441 2512; x_wconf 93' lang='lat' dir='ltr'><strong>ac</strong></span> <span class='ocrx_word' id='word_1_484' title='bbox 2487 2458 2670 2512; x_wconf 90' lang='lat' dir='ltr'><strong>multis</strong></span> <span class='ocrx_word' id='word_1_485' title='bbox 2712 2455 2872 2529; x_wconf 69' lang='grc'><strong>164</strong></span> <span class='ocrx_word' id='word_1_486' title='bbox 2916 2457 3190 2525; x_wconf 85' lang='lat' dir='ltr'><strong>variisque</strong></span> <span class='ocrx_word' id='word_1_487' title='bbox 3234 2471 3467 2525; x_wconf 80' lang='lat' dir='ltr'><strong>evange-</strong></span> 
     </span>
    </p>
   </div>
   <div class='ocr_carea' id='block_1_70' title="bbox 1891 2548 3463 2621">
    <p class='ocr_par' dir='ltr' id='par_1_70' title="bbox 1891 2548 3463 2621">
     <span class='ocr_line' id='line_1_70' title="bbox 1891 2548 3463 2621; baseline -0.002 -16"><span class='ocrx_word' id='word_1_488' title='bbox 1891 2553 2008 2606; x_wconf 65' lang='lat' dir='ltr'><strong>lica&#39;.</strong></span> <span class='ocrx_word' id='word_1_489' title='bbox 2044 2560 2099 2605; x_wconf 91' lang='lat' dir='ltr'><strong>et</strong></span> <span class='ocrx_word' id='word_1_490' title='bbox 2133 2552 2436 2621; x_wconf 88' lang='lat' dir='ltr'><strong>spiritualis</strong></span> <span class='ocrx_word' id='word_1_491' title='bbox 2462 2552 2828 2606; x_wconf 86' lang='lat' dir='ltr'><strong>institutionis</strong></span> <span class='ocrx_word' id='word_1_492' title='bbox 2858 2549 3120 2618; x_wconf 88' lang='lat' dir='ltr'><strong>operibus</strong></span> <span class='ocrx_word' id='word_1_493' title='bbox 3158 2548 3463 2617; x_wconf 83' lang='lat' dir='ltr'><strong>promeriti.</strong></span> 
     </span>
    </p>
   </div>
   <div class='ocr_carea' id='block_1_71' title="bbox 1891 2642 3466 2714">
    <p class='ocr_par' dir='ltr' id='par_1_71' title="bbox 1891 2642 3466 2714">
     <span class='ocr_line' id='line_1_71' title="bbox 1891 2642 3466 2714; baseline -0.005 -13"><span class='ocrx_word' id='word_1_494' title='bbox 1891 2645 2066 2714; x_wconf 87' lang='lat' dir='ltr'><strong>llnjus</strong></span> <span class='ocrx_word' id='word_1_495' title='bbox 2112 2646 2258 2699; x_wconf 92' lang='lat' dir='ltr'><strong>enim</strong></span> <span class='ocrx_word' id='word_1_496' title='bbox 2304 2660 2452 2698; x_wconf 89' lang='lat' dir='ltr'><strong>mors</strong></span> <span class='ocrx_word' id='word_1_497' title='bbox 2501 2653 2882 2713; x_wconf 83' lang='lat' dir='ltr'><strong>susceptorum</strong></span> <span class='ocrx_word' id='word_1_498' title='bbox 2931 2658 3031 2711; x_wconf 89' lang='lat' dir='ltr'><strong>pro</strong></span> <span class='ocrx_word' id='word_1_499' title='bbox 3064 2642 3261 2693; x_wconf 89' lang='lat' dir='ltr'><strong>virtute</strong></span> <span class='ocrx_word' id='word_1_500' title='bbox 3292 2650 3466 2694; x_wconf 47' lang='lat' dir='ltr'><strong>certa-</strong></span> 
     </span>
    </p>
   </div>
   <div class='ocr_carea' id='block_1_72' title="bbox 1891 2734 3466 2804">
    <p class='ocr_par' dir='ltr' id='par_1_72' title="bbox 1891 2734 3466 2804">
     <span class='ocr_line' id='line_1_72' title="bbox 1891 2734 3466 2804; baseline -0.003 -16"><span class='ocrx_word' id='word_1_501' title='bbox 1891 2737 2101 2789; x_wconf 85' lang='lat' dir='ltr'><strong>mittunt</strong></span> <span class='ocrx_word' id='word_1_502' title='bbox 2139 2736 2501 2804; x_wconf 90' lang='lat' dir='ltr'><strong>laborumque</strong></span> <span class='ocrx_word' id='word_1_503' title='bbox 2538 2736 2808 2789; x_wconf 88' lang='lat' dir='ltr'><strong>terminus</strong></span> <span class='ocrx_word' id='word_1_504' title='bbox 2840 2745 2938 2788; x_wconf 87' lang='lat' dir='ltr'><strong>est.</strong></span> <span class='ocrx_word' id='word_1_505' title='bbox 2971 2734 3211 2803; x_wconf 87' lang='lat' dir='ltr'><strong>quicum</strong></span> <span class='ocrx_word' id='word_1_506' title='bbox 3243 2749 3364 2785; x_wconf 89' lang='lat' dir='ltr'><strong>eum</strong></span> <span class='ocrx_word' id='word_1_507' title='bbox 3399 2734 3466 2785; x_wconf 91' lang='lat' dir='ltr'><strong>ad</strong></span> 
     </span>
    </p>
   </div>
   <div class='ocr_carea' id='block_1_73' title="bbox 1893 2827 3468 2895">
    <p class='ocr_par' dir='ltr' id='par_1_73' title="bbox 1893 2827 3468 2895">
     <span class='ocr_line' id='line_1_73' title="bbox 1893 2827 3468 2895; baseline 0 -15"><span class='ocrx_word' id='word_1_508' title='bbox 1893 2827 2110 2881; x_wconf 86' lang='lat' dir='ltr'><strong>beatum</strong></span> <span class='ocrx_word' id='word_1_509' title='bbox 2180 2828 2473 2881; x_wconf 77' lang='lat' dir='ltr'><strong>transferat</strong></span> <span class='ocrx_word' id='word_1_510' title='bbox 2550 2829 2752 2889; x_wconf 86' lang='lat' dir='ltr'><strong>tinent,</strong></span> <span class='ocrx_word' id='word_1_511' title='bbox 2825 2827 3001 2895; x_wconf 89' lang='lat' dir='ltr'><strong>pre:io</strong></span> <span class='ocrx_word' id='word_1_512' title='bbox 3057 2838 3221 2893; x_wconf 85' lang='lat' dir='ltr'><strong>atque</strong></span> <span class='ocrx_word' id='word_1_513' title='bbox 3279 2840 3468 2880; x_wconf 83' lang='lat' dir='ltr'><strong>amore</strong></span> 
     </span>
    </p>
   </div>
   <div class='ocr_carea' id='block_1_74' title="bbox 1891 2917 3465 2986">
    <p class='ocr_par' dir='ltr' id='par_1_74' title="bbox 1891 2917 3465 2986">
     <span class='ocr_line' id='line_1_74' title="bbox 1891 2917 3465 2986; baseline -0.001 -19"><span class='ocrx_word' id='word_1_514' title='bbox 1891 2917 2118 2986; x_wconf 80' lang='lat' dir='ltr'><strong>dignum</strong></span> <span class='ocrx_word' id='word_1_515' title='bbox 2164 2918 2335 2986; x_wconf 79' lang='lat' dir='ltr'><strong>magis</strong></span> <span class='ocrx_word' id='word_1_516' title='bbox 2362 2918 2602 2971; x_wconf 88' lang='lat' dir='ltr'><strong>ostendit</strong></span> <span class='ocrx_word' id='word_1_517' title='bbox 2646 2918 2841 2971; x_wconf 90' lang='lat' dir='ltr'><strong>mortis</strong></span> <span class='ocrx_word' id='word_1_518' title='bbox 2888 2917 3051 2980; x_wconf 86' lang='lat' dir='ltr'><strong>diem,</strong></span> <span class='ocrx_word' id='word_1_519' title='bbox 3104 2931 3269 2985; x_wconf 89' lang='lat' dir='ltr'><strong>quam</strong></span> <span class='ocrx_word' id='word_1_520' title='bbox 3314 2930 3465 2984; x_wconf 86' lang='lat' dir='ltr'><strong>eum,</strong></span> 
     </span>
    </p>
   </div>
   <div class='ocr_carea' id='block_1_75' title="bbox 1890 3007 3463 3079">
    <p class='ocr_par' dir='ltr' id='par_1_75' title="bbox 1890 3007 3463 3079">
     <span class='ocr_line' id='line_1_75' title="bbox 1890 3007 3463 3079; baseline -0.001 -17"><span class='ocrx_word' id='word_1_521' title='bbox 1890 3010 1983 3078; x_wconf 88' lang='lat' dir='ltr'><strong>qui</strong></span> <span class='ocrx_word' id='word_1_522' title='bbox 2030 3010 2230 3079; x_wconf 79' lang='lat' dir='ltr'><strong>genitis</strong></span> <span class='ocrx_word' id='word_1_523' title='bbox 2282 3010 2491 3063; x_wconf 89' lang='lat' dir='ltr'><strong>aditum</strong></span> <span class='ocrx_word' id='word_1_524' title='bbox 2540 3010 2593 3062; x_wconf 94' lang='lat' dir='ltr'><strong>in</strong></span> <span class='ocrx_word' id='word_1_525' title='bbox 2649 3010 2789 3063; x_wconf 90' lang='lat' dir='ltr'><strong>hanc</strong></span> <span class='ocrx_word' id='word_1_526' title='bbox 2830 3009 2998 3062; x_wconf 88' lang='lat' dir='ltr'><strong>vitam</strong></span> <span class='ocrx_word' id='word_1_527' title='bbox 3047 3008 3303 3077; x_wconf 81' lang='lat' dir='ltr'><strong>patefecit</strong></span> <span class='ocrx_word' id='word_1_528' title='bbox 3330 3007 3463 3078; x_wconf 56' lang='grc' dir='ltr'>(δίε.</span> 
     </span>
    </p>
   </div>
   <div class='ocr_carea' id='block_1_76' title="bbox 1890 3098 3467 3170">
    <p class='ocr_par' dir='ltr' id='par_1_76' title="bbox 1890 3098 3467 3170">
     <span class='ocr_line' id='line_1_76' title="bbox 1890 3098 3467 3170; baseline 0 -18"><span class='ocrx_word' id='word_1_529' title='bbox 1890 3098 2023 3154; x_wconf 70' lang='lat' dir='ltr'><strong>Nam</strong></span> <span class='ocrx_word' id='word_1_530' title='bbox 2057 3101 2145 3155; x_wconf 90' lang='lat' dir='ltr'><strong>ille</strong></span> <span class='ocrx_word' id='word_1_531' title='bbox 2190 3100 2411 3169; x_wconf 82' lang='lat' dir='ltr'><strong>quidem</strong></span> <span class='ocrx_word' id='word_1_532' title='bbox 2452 3101 2821 3170; x_wconf 82' lang='lat' dir='ltr'><strong>periculorum</strong></span> <span class='ocrx_word' id='word_1_533' title='bbox 2862 3100 3154 3153; x_wconf 87' lang='lat' dir='ltr'><strong>multorum</strong></span> <span class='ocrx_word' id='word_1_534' title='bbox 3185 3110 3240 3154; x_wconf 89' lang='lat' dir='ltr'><strong>et</strong></span> <span class='ocrx_word' id='word_1_535' title='bbox 3267 3115 3467 3153; x_wconf 66' lang='lat' dir='ltr'><strong>aerum-</strong></span> 
     </span>
    </p>
   </div>
   <div class='ocr_carea' id='block_1_77' title="bbox 1890 3191 3466 3246">
    <p class='ocr_par' dir='ltr' id='par_1_77' title="bbox 1890 3191 3466 3246">
     <span class='ocr_line' id='line_1_77' title="bbox 1890 3191 3466 3246; baseline 0 -1"><span class='ocrx_word' id='word_1_536' title='bbox 1890 3207 2084 3245; x_wconf 87' lang='lat' dir='ltr'><strong>narum</strong></span> <span class='ocrx_word' id='word_1_537' title='bbox 2153 3201 2204 3244; x_wconf 90' lang='lat' dir='ltr'><strong>et</strong></span> <span class='ocrx_word' id='word_1_538' title='bbox 2256 3191 2509 3246; x_wconf 82' lang='lat' dir='ltr'><strong>dolorum</strong></span> <span class='ocrx_word' id='word_1_539' title='bbox 2580 3200 2636 3246; x_wconf 91' lang='lat' dir='ltr'><strong>et</strong></span> <span class='ocrx_word' id='word_1_540' title='bbox 2701 3192 3089 3246; x_wconf 79' lang='lat' dir='ltr'><strong>necessitatum</strong></span> <span class='ocrx_word' id='word_1_541' title='bbox 3141 3192 3248 3244; x_wconf 92' lang='lat' dir='ltr'><strong>vim</strong></span> <span class='ocrx_word' id='word_1_542' title='bbox 3308 3191 3466 3245; x_wconf 88' lang='lat' dir='ltr'><strong>nobis</strong></span> 
     </span>
    </p>
   </div>
   <div class='ocr_carea' id='block_1_78' title="bbox 1889 3281 3465 3353">
    <p class='ocr_par' dir='ltr' id='par_1_78' title="bbox 1889 3281 3465 3353">
     <span class='ocr_line' id='line_1_78' title="bbox 1889 3281 3465 3353; baseline 0.001 -16"><span class='ocrx_word' id='word_1_543' title='bbox 1889 3283 2161 3353; x_wconf 71' lang='lat' dir='ltr'><strong>ingentem</strong></span> <span class='ocrx_word' id='word_1_544' title='bbox 2196 3283 2413 3346; x_wconf 85' lang='lat' dir='ltr'><strong>attulit;</strong></span> <span class='ocrx_word' id='word_1_545' title='bbox 2450 3298 2549 3337; x_wconf 89' lang='lat' dir='ltr'><strong>nec</strong></span> <span class='ocrx_word' id='word_1_546' title='bbox 2581 3282 2763 3336; x_wconf 60' lang='lat' dir='ltr'><strong>solum</strong></span> <span class='ocrx_word' id='word_1_547' title='bbox 2806 3282 3213 3337; x_wconf 87' lang='lat' dir='ltr'><strong>calamitatibus</strong></span> <span class='ocrx_word' id='word_1_548' title='bbox 3244 3281 3465 3350; x_wconf 85' lang='lat' dir='ltr'><strong>objecit.</strong></span> 
     </span>
    </p>
   </div>
   <div class='ocr_carea' id='block_1_79' title="bbox 1888 3374 3466 3443">
    <p class='ocr_par' dir='ltr' id='par_1_79' title="bbox 1888 3374 3466 3443">
     <span class='ocr_line' id='line_1_79' title="bbox 1888 3374 3466 3443; baseline 0 -16"><span class='ocrx_word' id='word_1_549' title='bbox 1888 3391 2008 3442; x_wconf 67' lang='lat' dir='ltr'><strong>quae</strong></span> <span class='ocrx_word' id='word_1_550' title='bbox 2044 3382 2238 3443; x_wconf 65' lang='lat' dir='ltr'><strong>praeter</strong></span> <span class='ocrx_word' id='word_1_551' title='bbox 2283 3375 2596 3439; x_wconf 71' lang='lat' dir='ltr'><strong>opinionem</strong></span> <span class='ocrx_word' id='word_1_552' title='bbox 2633 3375 2905 3442; x_wconf 89' lang='lat' dir='ltr'><strong>adrepunt</strong></span> <span class='ocrx_word' id='word_1_553' title='bbox 2954 3374 3322 3435; x_wconf 76' lang='lat' dir='ltr'><strong>extrinsecus,</strong></span> <span class='ocrx_word' id='word_1_554' title='bbox 3369 3374 3466 3428; x_wconf 85' lang='lat' dir='ltr'><strong>sed</strong></span> 
     </span>
    </p>
   </div>
   <div class='ocr_carea' id='block_1_80' title="bbox 1888 3466 3463 3536">
    <p class='ocr_par' dir='ltr' id='par_1_80' title="bbox 1888 3466 3463 3536">
     <span class='ocr_line' id='line_1_80' title="bbox 1888 3466 3463 3536; baseline -0.002 -14"><span class='ocrx_word' id='word_1_555' title='bbox 1888 3468 2051 3522; x_wconf 77' lang='lat' dir='ltr'><strong>etiam</strong></span> <span class='ocrx_word' id='word_1_556' title='bbox 2080 3469 2302 3520; x_wconf 62' lang='lat' dir='ltr'><strong>thlllih</strong></span> <span class='ocrx_word' id='word_1_557' title='bbox 2340 3469 2423 3529; x_wconf 66' lang='lat' dir='ltr'><strong>iis,</strong></span> <span class='ocrx_word' id='word_1_558' title='bbox 2457 3471 2549 3536; x_wconf 87' lang='lat' dir='ltr'><strong>qui</strong></span> <span class='ocrx_word' id='word_1_559' title='bbox 2585 3467 2795 3535; x_wconf 87' lang='lat' dir='ltr'><strong>jamdiu</strong></span> <span class='ocrx_word' id='word_1_560' title='bbox 2829 3477 3025 3520; x_wconf 90' lang='lat' dir='ltr'><strong>natura</strong></span> <span class='ocrx_word' id='word_1_561' title='bbox 3060 3466 3303 3519; x_wconf 88' lang='lat' dir='ltr'><strong>incidere</strong></span> <span class='ocrx_word' id='word_1_562' title='bbox 3331 3480 3463 3519; x_wconf 89' lang='lat' dir='ltr'><strong>con-</strong></span> 
     </span>
    </p>
   </div>
   <div class='ocr_carea' id='block_1_81' title="bbox 1888 3557 3465 3621">
    <p class='ocr_par' dir='ltr' id='par_1_81' title="bbox 1888 3557 3465 3621">
     <span class='ocr_line' id='line_1_81' title="bbox 1888 3557 3465 3621; baseline -0.002 -8"><span class='ocrx_word' id='word_1_563' title='bbox 1888 3569 2199 3614; x_wconf 85' lang='lat' dir='ltr'><strong>sueverunt.</strong></span> <span class='ocrx_word' id='word_1_564' title='bbox 2243 3557 2411 3611; x_wconf 75' lang='lat' dir='ltr'><strong>Morbi</strong></span> <span class='ocrx_word' id='word_1_565' title='bbox 2459 3560 2607 3611; x_wconf 87' lang='lat' dir='ltr'><strong>enim</strong></span> <span class='ocrx_word' id='word_1_566' title='bbox 2651 3558 2723 3611; x_wconf 86' lang='lat' dir='ltr'><strong>ita</strong></span> <span class='ocrx_word' id='word_1_567' title='bbox 2757 3559 3052 3621; x_wconf 84' lang='lat' dir='ltr'><strong>alternam,</strong></span> <span class='ocrx_word' id='word_1_568' title='bbox 3095 3570 3150 3611; x_wconf 88' lang='lat' dir='ltr'><strong>et</strong></span> <span class='ocrx_word' id='word_1_569' title='bbox 3181 3566 3261 3611; x_wconf 81' lang='lat' dir='ltr'><strong>tot</strong></span> <span class='ocrx_word' id='word_1_570' title='bbox 3295 3557 3465 3611; x_wconf 82' lang='lat' dir='ltr'><strong>animi</strong></span> 
     </span>
    </p>
   </div>
   <div class='ocr_carea' id='block_1_82' title="bbox 1888 3648 3469 3710">
    <p class='ocr_par' dir='ltr' id='par_1_82' title="bbox 1888 3648 3469 3710">
     <span class='ocr_line' id='line_1_82' title="bbox 1888 3648 3469 3710; baseline -0.002 -6"><span class='ocrx_word' id='word_1_571' title='bbox 1888 3652 2205 3704; x_wconf 63' lang='lat' dir='ltr'><strong>allec-tiones</strong></span> <span class='ocrx_word' id='word_1_572' title='bbox 2236 3666 2299 3701; x_wconf 81' lang='lat' dir='ltr'><strong>ae</strong></span> <span class='ocrx_word' id='word_1_573' title='bbox 2337 3656 2518 3701; x_wconf 89' lang='lat' dir='ltr'><strong>motus</strong></span> <span class='ocrx_word' id='word_1_574' title='bbox 2557 3650 2852 3702; x_wconf 89' lang='lat' dir='ltr'><strong>lmmanam</strong></span> <span class='ocrx_word' id='word_1_575' title='bbox 2891 3648 3143 3703; x_wconf 90' lang='lat' dir='ltr'><strong>obsident</strong></span> <span class='ocrx_word' id='word_1_576' title='bbox 3180 3649 3370 3710; x_wconf 85' lang='lat' dir='ltr'><strong>vitam,</strong></span> <span class='ocrx_word' id='word_1_577' title='bbox 3407 3657 3469 3701; x_wconf 90' lang='lat' dir='ltr'><strong>ut</strong></span> 
     </span>
    </p>
   </div>
   <div class='ocr_carea' id='block_1_83' title="bbox 1888 3740 3464 3808">
    <p class='ocr_par' dir='ltr' id='par_1_83' title="bbox 1888 3740 3464 3808">
     <span class='ocr_line' id='line_1_83' title="bbox 1888 3740 3464 3808; baseline -0.002 -14"><span class='ocrx_word' id='word_1_578' title='bbox 1888 3756 2030 3808; x_wconf 66' lang='lat' dir='ltr'><strong>stepz-</strong></span> <span class='ocrx_word' id='word_1_579' title='bbox 2070 3754 2244 3793; x_wconf 87' lang='lat' dir='ltr'><strong>morte</strong></span> <span class='ocrx_word' id='word_1_580' title='bbox 2282 3741 2581 3793; x_wconf 85' lang='lat' dir='ltr'><strong>tristiorem</strong></span> <span class='ocrx_word' id='word_1_581' title='bbox 2625 3741 2921 3794; x_wconf 86' lang='lat' dir='ltr'><strong>ostendant</strong></span> <span class='ocrx_word' id='word_1_582' title='bbox 2959 3758 2972 3793; x_wconf 89' lang='lat'><strong>:</strong></span> <span class='ocrx_word' id='word_1_583' title='bbox 3015 3740 3159 3807; x_wconf 85' lang='lat' dir='ltr'><strong>quod</strong></span> <span class='ocrx_word' id='word_1_584' title='bbox 3191 3748 3247 3793; x_wconf 89' lang='lat' dir='ltr'><strong>et</strong></span> <span class='ocrx_word' id='word_1_585' title='bbox 3274 3740 3464 3793; x_wconf 90' lang='lat' dir='ltr'><strong>divino</strong></span> 
     </span>
    </p>
   </div>
   <div class='ocr_carea' id='block_1_84' title="bbox 1887 3830 3465 3899">
    <p class='ocr_par' dir='ltr' id='par_1_84' title="bbox 1887 3830 3465 3899">
     <span class='ocr_line' id='line_1_84' title="bbox 1887 3830 3465 3899; baseline -0.002 -14"><span class='ocrx_word' id='word_1_586' title='bbox 1887 3831 2003 3885; x_wconf 83' lang='lat' dir='ltr'><strong>Jobi</strong></span> <span class='ocrx_word' id='word_1_587' title='bbox 2037 3832 2261 3884; x_wconf 90' lang='lat' dir='ltr'><strong>oraculo</strong></span> <span class='ocrx_word' id='word_1_588' title='bbox 2306 3831 2650 3899; x_wconf 70' lang='lat' dir='ltr'><strong>designatur,</strong></span> <span class='ocrx_word' id='word_1_589' title='bbox 2696 3831 2786 3884; x_wconf 90' lang='lat' dir='ltr'><strong>ubi</strong></span> <span class='ocrx_word' id='word_1_590' title='bbox 2834 3832 2954 3884; x_wconf 85' lang='lat' dir='ltr'><strong>ait:</strong></span> <span class='ocrx_word' id='word_1_591' title='bbox 2998 3850 3016 3881; x_wconf 88' lang='grc' dir='ltr'><strong>ι</strong></span> <span class='ocrx_word' id='word_1_592' title='bbox 3050 3833 3231 3895; x_wconf 77' lang='lat' dir='ltr'><strong>Quare</strong></span> <span class='ocrx_word' id='word_1_593' title='bbox 3261 3830 3465 3882; x_wconf 88' lang='lat' dir='ltr'><strong>misero</strong></span> 
     </span>
    </p>
   </div>
   <div class='ocr_carea' id='block_1_85' title="bbox 1887 3921 3467 3990">
    <p class='ocr_par' dir='ltr' id='par_1_85' title="bbox 1887 3921 3467 3990">
     <span class='ocr_line' id='line_1_85' title="bbox 1887 3921 3467 3990; baseline -0.003 -14"><span class='ocrx_word' id='word_1_594' title='bbox 1887 3924 2011 3977; x_wconf 89' lang='lat' dir='ltr'><strong>data</strong></span> <span class='ocrx_word' id='word_1_595' title='bbox 2048 3931 2131 3976; x_wconf 87' lang='lat' dir='ltr'><strong>est</strong></span> <span class='ocrx_word' id='word_1_596' title='bbox 2161 3923 2275 3985; x_wconf 78' lang='lat' dir='ltr'><strong>lux,</strong></span> <span class='ocrx_word' id='word_1_597' title='bbox 2305 3932 2359 3975; x_wconf 85' lang='lat' dir='ltr'><strong>et</strong></span> <span class='ocrx_word' id='word_1_598' title='bbox 2389 3923 2497 3975; x_wconf 87' lang='lat' dir='ltr'><strong>vita</strong></span> <span class='ocrx_word' id='word_1_599' title='bbox 2530 3923 2633 3985; x_wconf 88' lang='lat' dir='ltr'><strong>his,</strong></span> <span class='ocrx_word' id='word_1_600' title='bbox 2670 3923 2763 3990; x_wconf 89' lang='lat' dir='ltr'><strong>qui</strong></span> <span class='ocrx_word' id='word_1_601' title='bbox 2800 3924 2852 3975; x_wconf 92' lang='lat' dir='ltr'><strong>in</strong></span> <span class='ocrx_word' id='word_1_602' title='bbox 2882 3922 3247 3975; x_wconf 86' lang='lat' dir='ltr'><strong>amaritudine</strong></span> <span class='ocrx_word' id='word_1_603' title='bbox 3269 3921 3467 3974; x_wconf 67' lang='lat' dir='ltr'><strong>animat</strong></span> 
     </span>
    </p>
   </div>
   <div class='ocr_carea' id='block_1_86' title="bbox 1889 4007 3461 4081">
    <p class='ocr_par' dir='ltr' id='par_1_86' title="bbox 1889 4007 3461 4081">
     <span class='ocr_line' id='line_1_86' title="bbox 1889 4007 3461 4081; baseline -0.004 -14"><span class='ocrx_word' id='word_1_604' title='bbox 1889 4017 2060 4068; x_wconf 78' lang='lat' dir='ltr'><strong>sunt?</strong></span> <span class='ocrx_word' id='word_1_605' title='bbox 2112 4013 2203 4081; x_wconf 91' lang='lat' dir='ltr'><strong>qui</strong></span> <span class='ocrx_word' id='word_1_606' title='bbox 2244 4022 2563 4081; x_wconf 78' lang='lat' dir='ltr'><strong>exspectant</strong></span> <span class='ocrx_word' id='word_1_607' title='bbox 2608 4021 2861 4073; x_wconf 86' lang='lat' dir='ltr'><strong>mortem,</strong></span> <span class='ocrx_word' id='word_1_608' title='bbox 2902 4021 2957 4065; x_wconf 90' lang='lat' dir='ltr'><strong>et</strong></span> <span class='ocrx_word' id='word_1_609' title='bbox 3004 4027 3112 4064; x_wconf 89' lang='lat' dir='ltr'><strong>non</strong></span> <span class='ocrx_word' id='word_1_610' title='bbox 3152 4007 3407 4063; x_wconf 75' lang='lat' dir='ltr'><strong>venit&quot;?</strong></span> <span class='ocrx_word' id='word_1_611' title='bbox 3444 4029 3461 4055; x_wconf 76' lang='grc' dir='ltr'><strong><em>ο</em></strong></span> 
     </span>
    </p>
   </div>
   <div class='ocr_carea' id='block_1_87' title="bbox 1887 4102 3467 4172">
    <p class='ocr_par' dir='ltr' id='par_1_87' title="bbox 1887 4102 3467 4172">
     <span class='ocr_line' id='line_1_87' title="bbox 1887 4102 3467 4172; baseline -0.004 -13"><span class='ocrx_word' id='word_1_612' title='bbox 1887 4106 2011 4159; x_wconf 89' lang='lat' dir='ltr'><strong>Dies</strong></span> <span class='ocrx_word' id='word_1_613' title='bbox 2046 4116 2228 4159; x_wconf 77' lang='lat' dir='ltr'><strong>autem</strong></span> <span class='ocrx_word' id='word_1_614' title='bbox 2270 4109 2464 4158; x_wconf 88' lang='lat' dir='ltr'><strong>mortis</strong></span> <span class='ocrx_word' id='word_1_615' title='bbox 2499 4104 2642 4172; x_wconf 90' lang='lat' dir='ltr'><strong>ejus,</strong></span> <span class='ocrx_word' id='word_1_616' title='bbox 2687 4104 2779 4171; x_wconf 91' lang='lat' dir='ltr'><strong>qui</strong></span> <span class='ocrx_word' id='word_1_617' title='bbox 2822 4104 2989 4172; x_wconf 84' lang='lat' dir='ltr'><strong>probe</strong></span> <span class='ocrx_word' id='word_1_618' title='bbox 3017 4103 3152 4156; x_wconf 81' lang='lat' dir='ltr'><strong>vixit</strong></span> <span class='ocrx_word' id='word_1_619' title='bbox 3184 4111 3238 4156; x_wconf 91' lang='lat' dir='ltr'><strong>et</strong></span> <span class='ocrx_word' id='word_1_620' title='bbox 3268 4102 3467 4154; x_wconf 82' lang='lat' dir='ltr'><strong>virtute</strong></span> 
     </span>
    </p>
   </div>
   <div class='ocr_carea' id='block_1_88' title="bbox 1885 4198 3466 4270">
    <p class='ocr_par' dir='ltr' id='par_1_88' title="bbox 1885 4198 3466 4270">
     <span class='ocr_line' id='line_1_88' title="bbox 1885 4198 3466 4270; baseline -0.003 -17"><span class='ocrx_word' id='word_1_621' title='bbox 1885 4200 2102 4257; x_wconf 85' lang='lat' dir='ltr'><strong>enituit.</strong></span> <span class='ocrx_word' id='word_1_622' title='bbox 2140 4201 2249 4253; x_wconf 86' lang='lat' dir='ltr'><strong>illis</strong></span> <span class='ocrx_word' id='word_1_623' title='bbox 2277 4201 2496 4270; x_wconf 84' lang='lat' dir='ltr'><strong>quidem</strong></span> <span class='ocrx_word' id='word_1_624' title='bbox 2532 4200 2793 4253; x_wconf 82' lang='lat' dir='ltr'><strong>omnibus</strong></span> <span class='ocrx_word' id='word_1_625' title='bbox 2825 4199 3039 4258; x_wconf 88' lang='lat' dir='ltr'><strong>liberat,</strong></span> <span class='ocrx_word' id='word_1_626' title='bbox 3089 4213 3213 4251; x_wconf 89' lang='lat' dir='ltr'><strong>cum</strong></span> <span class='ocrx_word' id='word_1_627' title='bbox 3251 4198 3466 4266; x_wconf 87' lang='lat' dir='ltr'><strong>pericu-</strong></span> 
     </span>
    </p>
   </div>
   <div class='ocr_carea' id='block_1_89' title="bbox 1887 4290 3464 4359">
    <p class='ocr_par' dir='ltr' id='par_1_89' title="bbox 1887 4290 3464 4359">
     <span class='ocr_line' id='line_1_89' title="bbox 1887 4290 3464 4359; baseline -0.001 -15"><span class='ocrx_word' id='word_1_628' title='bbox 1887 4292 2061 4344; x_wconf 91' lang='lat' dir='ltr'><strong>lorum</strong></span> <span class='ocrx_word' id='word_1_629' title='bbox 2096 4293 2219 4345; x_wconf 72' lang='lat' dir='ltr'><strong>vita:</strong></span> <span class='ocrx_word' id='word_1_630' title='bbox 2256 4296 2415 4345; x_wconf 85' lang='lat' dir='ltr'><strong>liuent</strong></span> <span class='ocrx_word' id='word_1_631' title='bbox 2459 4294 2668 4354; x_wconf 72' lang='lat' dir='ltr'><strong>atterat,</strong></span> <span class='ocrx_word' id='word_1_632' title='bbox 2711 4300 2765 4344; x_wconf 89' lang='lat' dir='ltr'><strong>et</strong></span> <span class='ocrx_word' id='word_1_633' title='bbox 2807 4291 2879 4352; x_wconf 90' lang='lat' dir='ltr'><strong>ei,</strong></span> <span class='ocrx_word' id='word_1_634' title='bbox 2919 4291 3010 4359; x_wconf 92' lang='lat' dir='ltr'><strong>qni</strong></span> <span class='ocrx_word' id='word_1_635' title='bbox 3044 4290 3245 4343; x_wconf 89' lang='lat' dir='ltr'><strong>bonum</strong></span> <span class='ocrx_word' id='word_1_636' title='bbox 3287 4300 3464 4343; x_wconf 83' lang='lat' dir='ltr'><strong>certa-</strong></span> 
     </span>
    </p>
   </div>
   <div class='ocr_carea' id='block_1_90' title="bbox 1889 4383 3462 4442">
    <p class='ocr_par' dir='ltr' id='par_1_90' title="bbox 1889 4383 3462 4442">
     <span class='ocr_line' id='line_1_90' title="bbox 1889 4383 3462 4442; baseline -0.004 -3"><span class='ocrx_word' id='word_1_637' title='bbox 1889 4400 2009 4439; x_wconf 81' lang='lat' dir='ltr'><strong>Ittt‘ll</strong></span> <span class='ocrx_word' id='word_1_638' title='bbox 2041 4392 2291 4437; x_wconf 81' lang='lat' dir='ltr'><strong>eertavrt.</strong></span> <span class='ocrx_word' id='word_1_639' title='bbox 2323 4396 2377 4436; x_wconf 88' lang='lat' dir='ltr'><strong>et</strong></span> <span class='ocrx_word' id='word_1_640' title='bbox 2402 4400 2526 4437; x_wconf 81' lang='lat' dir='ltr'><strong>curn</strong></span> <span class='ocrx_word' id='word_1_641' title='bbox 2556 4384 2755 4435; x_wconf 87' lang='lat' dir='ltr'><strong>virtute</strong></span> <span class='ocrx_word' id='word_1_642' title='bbox 2786 4397 3009 4435; x_wconf 69' lang='lat' dir='ltr'><strong>cursum</strong></span> <span class='ocrx_word' id='word_1_643' title='bbox 3035 4383 3462 4442; x_wconf 86' lang='lat' dir='ltr'><strong>consuttttnavit,</strong></span> 
     </span>
    </p>
   </div>
   <div class='ocr_carea' id='block_1_91' title="bbox 206 4465 1787 4546">
    <p class='ocr_par' dir='ltr' id='par_1_91' title="bbox 206 4465 1783 4542">
     <span class='ocr_line' id='line_1_91' title="bbox 206 4465 1783 4542; baseline 0.004 -24"><span class='ocrx_word' id='word_1_644' title='bbox 206 4465 609 4535; x_wconf 76' lang='grc' dir='ltr'>ἀπολυτροῦται</span> <span class='ocrx_word' id='word_1_645' title='bbox 655 4469 754 4537; x_wconf 87' lang='grc' dir='ltr'>μὲν</span> <span class='ocrx_word' id='word_1_646' title='bbox 788 4467 1059 4521; x_wconf 87' lang='grc' dir='ltr'>κάκείνων</span> <span class='ocrx_word' id='word_1_647' title='bbox 1094 4469 1383 4534; x_wconf 85' lang='grc' dir='ltr'>ἀπάντων,</span> <span class='ocrx_word' id='word_1_648' title='bbox 1437 4471 1531 4524; x_wconf 81' lang='grc' dir='ltr'>ἆτε</span> <span class='ocrx_word' id='word_1_649' title='bbox 1574 4471 1639 4542; x_wconf 80' lang='grc' dir='ltr'>δὴ</span> <span class='ocrx_word' id='word_1_650' title='bbox 1675 4474 1783 4525; x_wconf 89' lang='grc' dir='ltr'><strong>τῶν</strong></span> 
     </span>
    </p>
   </div>
   <div class='ocr_carea' id='block_1_92' title="bbox 1889 4465 3463 4546">
    <p class='ocr_par' dir='ltr' id='par_1_92' title="bbox 1889 4474 3463 4546">
     <span class='ocr_line' id='line_1_92' title="bbox 1889 4474 3463 4546; baseline -0.005 -13"><span class='ocrx_word' id='word_1_651' title='bbox 1889 4479 2159 4546; x_wconf 73' lang='lat' dir='ltr'><strong>fidemque</strong></span> <span class='ocrx_word' id='word_1_652' title='bbox 2205 4478 2474 4536; x_wconf 71' lang='lat' dir='ltr'><strong>servavit,</strong></span> <span class='ocrx_word' id='word_1_653' title='bbox 2542 4474 2829 4527; x_wconf 73' lang='lat' dir='ltr'><strong>exordium</strong></span> <span class='ocrx_word' id='word_1_654' title='bbox 2878 4475 3113 4527; x_wconf 86' lang='lat' dir='ltr'><strong>adducat</strong></span> <span class='ocrx_word' id='word_1_655' title='bbox 3178 4476 3463 4527; x_wconf 85' lang='lat' dir='ltr'><strong>beatorum</strong></span> 
     </span>
    </p>
   </div>
   <div class='ocr_carea' id='block_1_93' title="bbox 210 4558 1783 4635">
    <p class='ocr_par' dir='ltr' id='par_1_93' title="bbox 210 4558 1783 4635">
     <span class='ocr_line' id='line_1_93' title="bbox 210 4558 1783 4635; baseline 0.007 -25"><span class='ocrx_word' id='word_1_656' title='bbox 210 4558 484 4627; x_wconf 81' lang='grc' dir='ltr'>βιωτικῶν</span> <span class='ocrx_word' id='word_1_657' title='bbox 549 4563 924 4633; x_wconf 88' lang='grc' dir='ltr'>πειρατηρίων</span> <span class='ocrx_word' id='word_1_658' title='bbox 969 4562 1340 4633; x_wconf 83' lang='grc' dir='ltr'>ἐπιφερομένη</span> <span class='ocrx_word' id='word_1_659' title='bbox 1390 4564 1490 4635; x_wconf 86' lang='grc' dir='ltr'><strong>τὴν</strong></span> <span class='ocrx_word' id='word_1_660' title='bbox 1536 4565 1783 4621; x_wconf 81' lang='grc' dir='ltr'>παῦλαν·</span> 
     </span>
    </p>
   </div>
   <div class='ocr_carea' id='block_1_94' title="bbox 1890 4565 3251 4639">
    <p class='ocr_par' dir='ltr' id='par_1_94' title="bbox 1890 4565 3251 4639">
     <span class='ocr_line' id='line_1_94' title="bbox 1890 4565 3251 4639; baseline -0.004 -16"><span class='ocrx_word' id='word_1_661' title='bbox 1890 4569 2263 4639; x_wconf 60' lang='lat' dir='ltr'><strong>praemiorum,</strong></span> <span class='ocrx_word' id='word_1_662' title='bbox 2297 4577 2351 4621; x_wconf 79' lang='lat' dir='ltr'><strong>et</strong></span> <span class='ocrx_word' id='word_1_663' title='bbox 2374 4567 2600 4635; x_wconf 73' lang='lat' dir='ltr'><strong>justitta:</strong></span> <span class='ocrx_word' id='word_1_664' title='bbox 2633 4580 2892 4619; x_wconf 89' lang='lat' dir='ltr'><strong>coronam</strong></span> <span class='ocrx_word' id='word_1_665' title='bbox 2927 4565 3251 4633; x_wconf 70' lang='lat' dir='ltr'><strong>imponat”.</strong></span> 
     </span>
    </p>
   </div>
   <div class='ocr_carea' id='block_1_95' title="bbox 203 4658 3467 4739">
    <p class='ocr_par' dir='ltr' id='par_1_95' title="bbox 203 4658 3467 4739">
     <span class='ocr_line' id='line_1_95' title="bbox 203 4658 3467 4739; baseline -0.006 -12"><span class='ocrx_word' id='word_1_666' title='bbox 203 4658 383 4727; x_wconf 80' lang='grc' dir='ltr'>ἀρχὴν</span> <span class='ocrx_word' id='word_1_667' title='bbox 424 4658 480 4710; x_wconf 71' lang='grc' dir='ltr'><strong>δὲ</strong></span> <span class='ocrx_word' id='word_1_668' title='bbox 530 4658 712 4712; x_wconf 80' lang='grc' dir='ltr'>δίδωσι</span> <span class='ocrx_word' id='word_1_669' title='bbox 758 4660 836 4729; x_wconf 72' lang='grc' dir='ltr'><strong>τῷ</strong></span> <span class='ocrx_word' id='word_1_670' title='bbox 880 4661 1059 4724; x_wconf 82' lang='grc' dir='ltr'>καλῶς</span> <span class='ocrx_word' id='word_1_671' title='bbox 1091 4663 1514 4734; x_wconf 71' lang='grc' dir='ltr'>ἀγωνισαμένῳ,</span> <span class='ocrx_word' id='word_1_672' title='bbox 1565 4668 1661 4719; x_wconf 68' lang='grc' dir='ltr'><strong>καλ⁵</strong></span> <span class='ocrx_word' id='word_1_673' title='bbox 1698 4669 1788 4719; x_wconf 68' lang='grc' dir='ltr'>τὸν</span> <span class='ocrx_word' id='word_1_674' title='bbox 1828 4671 1945 4722; x_wconf 86' lang='grc' dir='ltr'>κατ’</span> <span class='ocrx_word' id='word_1_675' title='bbox 2008 4669 2211 4739; x_wconf 77' lang='grc' dir='ltr'>ἀρετὴν</span> <span class='ocrx_word' id='word_1_676' title='bbox 2280 4668 2629 4721; x_wconf 74' lang='grc' dir='ltr'>τελειώσαντι</span> <span class='ocrx_word' id='word_1_677' title='bbox 2661 4665 2880 4735; x_wconf 69' lang='grc' dir='ltr'>δρόμον,</span> <span class='ocrx_word' id='word_1_678' title='bbox 2914 4663 3007 4716; x_wconf 69' lang='grc' dir='ltr'><strong>καὶ</strong></span> <span class='ocrx_word' id='word_1_679' title='bbox 3032 4660 3128 4730; x_wconf 82' lang='grc' dir='ltr'><strong>τὴν</strong></span> <span class='ocrx_word' id='word_1_680' title='bbox 3170 4659 3352 4710; x_wconf 84' lang='grc' dir='ltr'>πίστιν</span> <span class='ocrx_word' id='word_1_681' title='bbox 3372 4673 3467 4725; x_wconf 84' lang='grc' dir='ltr'>τη-</span> 
     </span>
    </p>
   </div>
   <div class='ocr_carea' id='block_1_96' title="bbox 209 4748 2357 4829">
    <p class='ocr_par' dir='ltr' id='par_1_96' title="bbox 209 4748 2357 4829">
     <span class='ocr_line' id='line_1_96' title="bbox 209 4748 2357 4829; baseline 0.007 -32"><span class='ocrx_word' id='word_1_682' title='bbox 209 4748 436 4817; x_wconf 79' lang='grc' dir='ltr'>ρήσαντι</span> <span class='ocrx_word' id='word_1_683' title='bbox 462 4790 477 4813; x_wconf 82' lang='grc'><strong><em>,</em></strong></span> <span class='ocrx_word' id='word_1_684' title='bbox 524 4748 633 4801; x_wconf 87' lang='grc' dir='ltr'><strong>τῶν</strong></span> <span class='ocrx_word' id='word_1_685' title='bbox 668 4751 955 4820; x_wconf 86' lang='grc' dir='ltr'>μακαρίων</span> <span class='ocrx_word' id='word_1_686' title='bbox 990 4751 1245 4805; x_wconf 77' lang='grc' dir='ltr'>ἐπάθλων</span> <span class='ocrx_word' id='word_1_687' title='bbox 1292 4754 1383 4807; x_wconf 78' lang='grc' dir='ltr'>καὶ</span> <span class='ocrx_word' id='word_1_688' title='bbox 1415 4756 1524 4809; x_wconf 83' lang='grc' dir='ltr'><strong>τῶν</strong></span> <span class='ocrx_word' id='word_1_689' title='bbox 1570 4759 1667 4829; x_wconf 78' lang='grc' dir='ltr'><strong>τῆς</strong></span> <span class='ocrx_word' id='word_1_690' title='bbox 1704 4759 2051 4829; x_wconf 71' lang='grc' dir='ltr'>δικαιοσύνης</span> <span class='ocrx_word' id='word_1_691' title='bbox 2085 4760 2357 4826; x_wconf 48' lang='grc' dir='ltr'>στεφάνων,</span> 
     </span>
    </p>
   </div>
   <div class='ocr_carea' id='block_1_97' title="bbox 279 4859 1300 4933">
    <p class='ocr_par' dir='ltr' id='par_1_97' title="bbox 279 4859 1300 4933">
     <span class='ocr_line' id='line_1_97' title="bbox 279 4859 1300 4933; baseline 0.003 -18"><span class='ocrx_word' id='word_1_692' title='bbox 279 4862 323 4894; x_wconf 90' lang='grc'><strong>³⁷</strong></span> <span class='ocrx_word' id='word_1_693' title='bbox 360 4859 465 4916; x_wconf 83' lang='lat' dir='ltr'><strong>Job</strong></span> <span class='ocrx_word' id='word_1_694' title='bbox 501 4878 584 4928; x_wconf 86' lang='grc' dir='ltr'>ιιι,</span> <span class='ocrx_word' id='word_1_695' title='bbox 625 4864 717 4919; x_wconf 72' lang='lat'><strong>20.</strong></span> <span class='ocrx_word' id='word_1_696' title='bbox 794 4864 838 4895; x_wconf 82' lang='grc'><strong>³⁸</strong></span> <span class='ocrx_word' id='word_1_697' title='bbox 878 4863 922 4917; x_wconf 88' lang='lat' dir='ltr'><strong>ll</strong></span> <span class='ocrx_word' id='word_1_698' title='bbox 954 4864 1098 4919; x_wconf 89' lang='lat' dir='ltr'><strong>&#39;l‘im.</strong></span> <span class='ocrx_word' id='word_1_699' title='bbox 1132 4881 1207 4933; x_wconf 86' lang='lat' dir='ltr'><strong>tv,</strong></span> <span class='ocrx_word' id='word_1_700' title='bbox 1250 4866 1300 4918; x_wconf 82' lang='grc'><strong>7.</strong></span> 
     </span>
    </p>
   </div>
   <div class='ocr_carea' id='block_1_98' title="bbox 222 5037 1783 5117">
    <p class='ocr_par' dir='ltr' id='par_1_98' title="bbox 222 5037 1783 5117">
     <span class='ocr_line' id='line_1_98' title="bbox 222 5037 1783 5117; baseline 0.006 -26"><span class='ocrx_word' id='word_1_701' title='bbox 222 5037 403 5117; x_wconf 76' lang='lat' dir='ltr'><strong>(SI-2)</strong></span> <span class='ocrx_word' id='word_1_702' title='bbox 439 5042 495 5097; x_wconf 92' lang='lat' dir='ltr'><strong>ld</strong></span> <span class='ocrx_word' id='word_1_703' title='bbox 526 5045 796 5117; x_wconf 44' lang='lat' dir='ltr'><strong>ipsum}:</strong></span> <span class='ocrx_word' id='word_1_704' title='bbox 827 5043 1156 5117; x_wconf 59' lang='lat' dir='ltr'><strong>Symmacho</strong></span> <span class='ocrx_word' id='word_1_705' title='bbox 1180 5048 1481 5115; x_wconf 88' lang='lat' dir='ltr'><strong>protulerat</strong></span> <span class='ocrx_word' id='word_1_706' title='bbox 1501 5046 1783 5117; x_wconf 32' lang='lat' dir='ltr'><strong>Olympio;</strong></span> 
     </span>
    </p>
   </div>
   <div class='ocr_carea' id='block_1_99' title="bbox 197 5115 1782 5185">
    <p class='ocr_par' dir='ltr' id='par_1_99' title="bbox 197 5115 1782 5185">
     <span class='ocr_line' id='line_1_99' title="bbox 197 5115 1782 5185; baseline 0.002 -18"><span class='ocrx_word' id='word_1_707' title='bbox 197 5116 374 5167; x_wconf 85' lang='lat' dir='ltr'><strong>dorus</strong></span> <span class='ocrx_word' id='word_1_708' title='bbox 414 5117 511 5183; x_wconf 85' lang='lat' dir='ltr'><strong>(p.</strong></span> <span class='ocrx_word' id='word_1_709' title='bbox 545 5115 649 5169; x_wconf 71' lang='grc'><strong>644</strong></span> <span class='ocrx_word' id='word_1_710' title='bbox 681 5115 723 5169; x_wconf 86' lang='grc' dir='ltr'><strong>Ε</strong></span> <span class='ocrx_word' id='word_1_711' title='bbox 760 5116 815 5168; x_wconf 90' lang='lat' dir='ltr'><strong>in</strong></span> <span class='ocrx_word' id='word_1_712' title='bbox 856 5116 1012 5169; x_wconf 81' lang='lat' dir='ltr'><strong>Auct.</strong></span> <span class='ocrx_word' id='word_1_713' title='bbox 1056 5115 1243 5183; x_wconf 89' lang='lat' dir='ltr'><strong>Due.).</strong></span> <span class='ocrx_word' id='word_1_714' title='bbox 1282 5118 1547 5170; x_wconf 59' lang='lat' dir='ltr'><strong>Creterntn</strong></span> <span class='ocrx_word' id='word_1_715' title='bbox 1573 5115 1634 5171; x_wconf 81' lang='lat' dir='ltr'><strong>et</strong></span> <span class='ocrx_word' id='word_1_716' title='bbox 1668 5120 1782 5185; x_wconf 64' lang='lat' dir='ltr'><strong>ipsa</strong></span> 
     </span>
    </p>
   </div>
   <div class='ocr_carea' id='block_1_100' title="bbox 205 5185 1785 5259">
    <p class='ocr_par' dir='ltr' id='par_1_100' title="bbox 205 5185 1785 5259">
     <span class='ocr_line' id='line_1_100' title="bbox 205 5185 1785 5259; baseline 0.003 -23"><span class='ocrx_word' id='word_1_717' title='bbox 205 5185 543 5259; x_wconf 75' lang='lat' dir='ltr'><strong>vox_o_leum</strong></span> <span class='ocrx_word' id='word_1_718' title='bbox 611 5200 754 5259; x_wconf 56' lang='lat' dir='ltr'><strong>sape</strong></span> <span class='ocrx_word' id='word_1_719' title='bbox 808 5200 910 5259; x_wconf 88' lang='lat' dir='ltr'><strong>pro</strong></span> <span class='ocrx_word' id='word_1_720' title='bbox 966 5198 1245 5252; x_wconf 69' lang='lat' dir='ltr'><strong>unguento</strong></span> <span class='ocrx_word' id='word_1_721' title='bbox 1300 5196 1598 5259; x_wconf 86' lang='lat' dir='ltr'><strong>usurpatur</strong></span> <span class='ocrx_word' id='word_1_722' title='bbox 1654 5206 1667 5240; x_wconf 90' lang='lat'><strong>:</strong></span> <span class='ocrx_word' id='word_1_723' title='bbox 1728 5198 1785 5241; x_wconf 90' lang='lat' dir='ltr'><strong>ut</strong></span> 
     </span>
    </p>
   </div>
   <div class='ocr_carea' id='block_1_101' title="bbox 201 5253 1781 5323">
    <p class='ocr_par' dir='ltr' id='par_1_101' title="bbox 201 5253 1781 5323">
     <span class='ocr_line' id='line_1_101' title="bbox 201 5253 1781 5323; baseline 0 -16"><span class='ocrx_word' id='word_1_724' title='bbox 201 5253 363 5323; x_wconf 80' lang='lat' dir='ltr'><strong>apud</strong></span> <span class='ocrx_word' id='word_1_725' title='bbox 386 5254 587 5308; x_wconf 87' lang='lat' dir='ltr'><strong>Lucam</strong></span> <span class='ocrx_word' id='word_1_726' title='bbox 611 5294 628 5317; x_wconf 94' lang='lat'><strong>,</strong></span> <span class='ocrx_word' id='word_1_727' title='bbox 666 5253 976 5323; x_wconf 70' lang='lat' dir='ltr'><strong>Oleo&#39;caput</strong></span> <span class='ocrx_word' id='word_1_728' title='bbox 1008 5271 1178 5308; x_wconf 80' lang='lat' dir='ltr'><strong>meum</strong></span> <span class='ocrx_word' id='word_1_729' title='bbox 1214 5272 1315 5309; x_wconf 86' lang='lat' dir='ltr'><strong>non</strong></span> <span class='ocrx_word' id='word_1_730' title='bbox 1350 5253 1554 5309; x_wconf 64' lang='lat' dir='ltr'><strong>imiiin</strong></span> <span class='ocrx_word' id='word_1_731' title='bbox 1577 5258 1649 5319; x_wconf 81' lang='grc' dir='ltr'>(ιι.</span> <span class='ocrx_word' id='word_1_732' title='bbox 1688 5273 1781 5319; x_wconf 88' lang='lat' dir='ltr'><strong>vtt,</strong></span> 
     </span>
    </p>
   </div>
   <div class='ocr_carea' id='block_1_102' title="bbox 206 5322 1783 5393">
    <p class='ocr_par' dir='ltr' id='par_1_102' title="bbox 206 5322 1783 5393">
     <span class='ocr_line' id='line_1_102' title="bbox 206 5322 1783 5393; baseline 0.003 -19"><span class='ocrx_word' id='word_1_733' title='bbox 206 5340 260 5393; x_wconf 59' lang='grc' dir='ltr'><strong>νῗ</strong></span> <span class='ocrx_word' id='word_1_734' title='bbox 304 5322 419 5392; x_wconf 75' lang='grc'><strong>46).</strong></span> <span class='ocrx_word' id='word_1_735' title='bbox 457 5327 637 5393; x_wconf 83' lang='lat' dir='ltr'><strong>Atque</strong></span> <span class='ocrx_word' id='word_1_736' title='bbox 678 5325 730 5378; x_wconf 93' lang='lat' dir='ltr'><strong>id</strong></span> <span class='ocrx_word' id='word_1_737' title='bbox 785 5322 993 5379; x_wconf 76' lang='lat' dir='ltr'><strong>Latinis</strong></span> <span class='ocrx_word' id='word_1_738' title='bbox 1034 5324 1303 5380; x_wconf 80' lang='lat' dir='ltr'><strong>familiare</strong></span> <span class='ocrx_word' id='word_1_739' title='bbox 1351 5327 1455 5379; x_wconf 81' lang='lat' dir='ltr'><strong>fuit</strong></span> <span class='ocrx_word' id='word_1_740' title='bbox 1489 5344 1503 5379; x_wconf 86' lang='lat'><strong><em>:</em></strong></span> <span class='ocrx_word' id='word_1_741' title='bbox 1560 5326 1783 5379; x_wconf 78' lang='lat' dir='ltr'><strong>Nemon’</strong></span> 
     </span>
    </p>
   </div>
   <div class='ocr_carea' id='block_1_103' title="bbox 200 5391 1781 5463">
    <p class='ocr_par' dir='ltr' id='par_1_103' title="bbox 200 5391 1781 5463">
     <span class='ocr_line' id='line_1_103' title="bbox 200 5391 1781 5463; baseline 0.003 -18"><span class='ocrx_word' id='word_1_742' title='bbox 200 5391 383 5445; x_wconf 81' lang='lat' dir='ltr'><strong>oleum</strong></span> <span class='ocrx_word' id='word_1_743' title='bbox 410 5391 768 5459; x_wconf 42' lang='lat' dir='ltr'><strong>[eret&#39;ociusi’</strong></span> <span class='ocrx_word' id='word_1_744' title='bbox 808 5395 946 5447; x_wconf 86' lang='lat' dir='ltr'><strong>dixit</strong></span> <span class='ocrx_word' id='word_1_745' title='bbox 982 5395 1238 5448; x_wconf 82' lang='lat' dir='ltr'><strong>Horatius</strong></span> <span class='ocrx_word' id='word_1_746' title='bbox 1283 5396 1301 5463; x_wconf 91' lang='lat'><strong>(</strong></span> <span class='ocrx_word' id='word_1_747' title='bbox 1339 5396 1455 5449; x_wconf 82' lang='lat' dir='ltr'><strong>Sal.</strong></span> <span class='ocrx_word' id='word_1_748' title='bbox 1495 5395 1605 5459; x_wconf 85' lang='lat' dir='ltr'><strong>VII,</strong></span> <span class='ocrx_word' id='word_1_749' title='bbox 1647 5399 1680 5449; x_wconf 93' lang='grc' dir='ltr'><strong>Ι.</strong></span> <span class='ocrx_word' id='word_1_750' title='bbox 1724 5413 1781 5459; x_wconf 83' lang='grc' dir='ltr'>ιι,</span> 
     </span>
    </p>
   </div>
   <div class='ocr_carea' id='block_1_104' title="bbox 202 5463 1782 5531">
    <p class='ocr_par' dir='ltr' id='par_1_104' title="bbox 202 5463 1782 5531">
     <span class='ocr_line' id='line_1_104' title="bbox 202 5463 1782 5531; baseline 0.003 -19"><span class='ocrx_word' id='word_1_751' title='bbox 202 5479 260 5515; x_wconf 85' lang='grc' dir='ltr'>ν.</span> <span class='ocrx_word' id='word_1_752' title='bbox 298 5463 412 5531; x_wconf 65' lang='grc'><strong>54),</strong></span> <span class='ocrx_word' id='word_1_753' title='bbox 450 5464 516 5518; x_wconf 89' lang='lat' dir='ltr'><strong>de</strong></span> <span class='ocrx_word' id='word_1_754' title='bbox 546 5466 666 5518; x_wconf 89' lang='lat' dir='ltr'><strong>oleo</strong></span> <span class='ocrx_word' id='word_1_755' title='bbox 698 5465 765 5517; x_wconf 82' lang='lat' dir='ltr'><strong>ad</strong></span> <span class='ocrx_word' id='word_1_756' title='bbox 794 5468 1102 5518; x_wconf 89' lang='lat' dir='ltr'><strong>unctionem</strong></span> <span class='ocrx_word' id='word_1_757' title='bbox 1141 5468 1193 5517; x_wconf 88' lang='lat' dir='ltr'><strong>in</strong></span> <span class='ocrx_word' id='word_1_758' title='bbox 1221 5465 1432 5520; x_wconf 79' lang='lat' dir='ltr'><strong>balneis</strong></span> <span class='ocrx_word' id='word_1_759' title='bbox 1460 5484 1471 5518; x_wconf 91' lang='lat'><strong>:</strong></span> <span class='ocrx_word' id='word_1_760' title='bbox 1521 5476 1574 5521; x_wconf 85' lang='lat' dir='ltr'><strong>et</strong></span> <span class='ocrx_word' id='word_1_761' title='bbox 1612 5466 1782 5520; x_wconf 81' lang='lat' dir='ltr'><strong>oleum</strong></span> 
     </span>
    </p>
   </div>
   <div class='ocr_carea' id='block_1_105' title="bbox 199 5535 1783 5603">
    <p class='ocr_par' dir='ltr' id='par_1_105' title="bbox 199 5535 1783 5603">
     <span class='ocr_line' id='line_1_105' title="bbox 199 5535 1783 5603; baseline 0.004 -21"><span class='ocrx_word' id='word_1_762' title='bbox 199 5535 507 5599; x_wconf 78' lang='lat' dir='ltr'><strong>gratuitum</strong></span> <span class='ocrx_word' id='word_1_763' title='bbox 541 5535 592 5587; x_wconf 92' lang='lat' dir='ltr'><strong>in</strong></span> <span class='ocrx_word' id='word_1_764' title='bbox 631 5535 860 5588; x_wconf 85' lang='lat' dir='ltr'><strong>thermis</strong></span> <span class='ocrx_word' id='word_1_765' title='bbox 892 5535 1081 5588; x_wconf 87' lang='lat' dir='ltr'><strong>datuttt</strong></span> <span class='ocrx_word' id='word_1_766' title='bbox 1115 5550 1255 5603; x_wconf 63' lang='lat' dir='ltr'><strong>smpe</strong></span> <span class='ocrx_word' id='word_1_767' title='bbox 1288 5537 1545 5590; x_wconf 81' lang='lat' dir='ltr'><strong>exhibent</strong></span> <span class='ocrx_word' id='word_1_768' title='bbox 1589 5538 1783 5591; x_wconf 79' lang='lat' dir='ltr'><strong>inseri-</strong></span> 
     </span>
    </p>
   </div>
   <div class='ocr_carea' id='block_1_106' title="bbox 201 5604 1779 5674">
    <p class='ocr_par' dir='ltr' id='par_1_106' title="bbox 201 5604 1779 5674">
     <span class='ocr_line' id='line_1_106' title="bbox 201 5604 1779 5674; baseline 0.005 -20"><span class='ocrx_word' id='word_1_769' title='bbox 201 5604 425 5671; x_wconf 81' lang='lat' dir='ltr'><strong>ptiones</strong></span> <span class='ocrx_word' id='word_1_770' title='bbox 483 5614 755 5674; x_wconf 61' lang='lat' dir='ltr'><strong>antrquat,</strong></span> <span class='ocrx_word' id='word_1_771' title='bbox 818 5614 878 5658; x_wconf 90' lang='lat' dir='ltr'><strong>ut</strong></span> <span class='ocrx_word' id='word_1_772' title='bbox 934 5607 1072 5659; x_wconf 83' lang='lat' dir='ltr'><strong>alias</strong></span> <span class='ocrx_word' id='word_1_773' title='bbox 1121 5606 1505 5660; x_wconf 82' lang='lat' dir='ltr'><strong>adnotavimus</strong></span> <span class='ocrx_word' id='word_1_774' title='bbox 1544 5606 1659 5673; x_wconf 83' lang='lat' dir='ltr'><strong>(De</strong></span> <span class='ocrx_word' id='word_1_775' title='bbox 1708 5624 1779 5662; x_wconf 77' lang='lat' dir='ltr'><strong>ss.</strong></span> 
     </span>
    </p>
   </div>
   <div class='ocr_carea' id='block_1_107' title="bbox 199 5674 1783 5795">
    <p class='ocr_par' dir='ltr' id='par_1_107' title="bbox 199 5674 1783 5795">
     <span class='ocr_line' id='line_1_107' title="bbox 199 5674 1783 5795; baseline 0.004 -70"><span class='ocrx_word' id='word_1_776' title='bbox 497 5676 608 5740; x_wconf 81' lang='lat'><strong>9|),</strong></span> <span class='ocrx_word' id='word_1_777' title='bbox 657 5676 804 5744; x_wconf 85' lang='lat' dir='ltr'><strong>quod</strong></span> <span class='ocrx_word' id='word_1_778' title='bbox 840 5676 1101 5741; x_wconf 79' lang='lat' dir='ltr'><strong>Apuleius</strong></span> <span class='ocrx_word' id='word_1_779' title='bbox 1140 5677 1312 5730; x_wconf 76' lang='lat' dir='ltr'><strong>oleum</strong></span> <span class='ocrx_word' id='word_1_780' title='bbox 1357 5676 1650 5731; x_wconf 76' lang='lat' dir='ltr'><strong>balsamum</strong></span> <span class='ocrx_word' id='word_1_781' title='bbox 1687 5692 1783 5747; x_wconf 86' lang='lat' dir='ltr'><strong>ap-</strong></span> 
     </span>
     <span class='ocr_line' id='line_1_108' title="bbox 200 5759 447 5795; baseline 0 0"><span class='ocrx_word' id='word_1_782' title='bbox 200 5760 242 5795; x_wconf 80' lang='grc' dir='ltr'>ο</span> <span class='ocrx_word' id='word_1_783' title='bbox 319 5759 400 5795; x_wconf 78' lang='lat' dir='ltr'><strong>avt</strong></span> <span class='ocrx_word' id='word_1_784' title='bbox 434 5782 447 5795; x_wconf 94' lang='lat'><strong>.</strong></span> 
     </span>
    </p>
   </div>
   <div class='ocr_carea' id='block_1_108' title="bbox 200 5751 447 5817">
    <p class='ocr_par' dir='ltr' id='par_1_108' title="bbox 200 5751 447 5817">
     <span class='ocr_line' id='line_1_109' title="bbox 200 5751 447 5817; baseline 0 -20"><span class='ocrx_word' id='word_1_785' title='bbox 200 5751 447 5817; x_wconf 75' lang='lat' dir='ltr'><strong>pellam.</strong></span> 
     </span>
    </p>
   </div>
   <div class='ocr_carea' id='block_1_109' title="bbox 1971 5044 3462 5113">
    <p class='ocr_par' dir='ltr' id='par_1_109' title="bbox 1971 5044 3462 5113">
     <span class='ocr_line' id='line_1_110' title="bbox 1971 5044 3462 5113; baseline 0.001 -16"><span class='ocrx_word' id='word_1_786' title='bbox 1971 5044 2085 5113; x_wconf 83' lang='lat' dir='ltr'><strong>(55t</strong></span> <span class='ocrx_word' id='word_1_787' title='bbox 2123 5044 2163 5097; x_wconf 96' lang='lat' dir='ltr'><strong>Il</strong></span> <span class='ocrx_word' id='word_1_788' title='bbox 2196 5046 2262 5097; x_wconf 88' lang='lat' dir='ltr'><strong>ad</strong></span> <span class='ocrx_word' id='word_1_789' title='bbox 2314 5046 2439 5099; x_wconf 84' lang='lat' dir='ltr'><strong>Cor.</strong></span> <span class='ocrx_word' id='word_1_790' title='bbox 2492 5062 2564 5107; x_wconf 85' lang='lat' dir='ltr'><strong>ll,</strong></span> <span class='ocrx_word' id='word_1_791' title='bbox 2617 5048 2703 5102; x_wconf 79' lang='lat' dir='ltr'><strong>l5.</strong></span> <span class='ocrx_word' id='word_1_792' title='bbox 2747 5048 2806 5101; x_wconf 89' lang='lat' dir='ltr'><strong>In</strong></span> <span class='ocrx_word' id='word_1_793' title='bbox 2839 5046 3086 5113; x_wconf 68' lang='lat' dir='ltr'><strong>Vulgatis</strong></span> <span class='ocrx_word' id='word_1_794' title='bbox 3137 5046 3462 5113; x_wconf 83' lang='lat' dir='ltr'><strong>legtntns....</strong></span> 
     </span>
    </p>
   </div>
   <div class='ocr_carea' id='block_1_110' title="bbox 1892 5114 3464 5189">
    <p class='ocr_par' dir='ltr' id='par_1_110' title="bbox 1892 5114 3464 5189">
     <span class='ocr_line' id='line_1_111' title="bbox 1892 5114 3464 5189; baseline -0.001 -21"><span class='ocrx_word' id='word_1_795' title='bbox 1892 5115 2066 5184; x_wconf 80' lang='grc' dir='ltr'>ἐσμὲν</span> <span class='ocrx_word' id='word_1_796' title='bbox 2088 5116 2498 5189; x_wconf 20' lang='grc' dir='ltr'><strong>τῷλθεῴηληηυῑ</strong></span> <span class='ocrx_word' id='word_1_797' title='bbox 2527 5114 2607 5178; x_wconf 77' lang='grc' dir='ltr'>οἷς</span> <span class='ocrx_word' id='word_1_798' title='bbox 2628 5119 2726 5186; x_wconf 84' lang='grc' dir='ltr'><strong>μὲν</strong></span> <span class='ocrx_word' id='word_1_799' title='bbox 2762 5118 2905 5189; x_wconf 81' lang='grc' dir='ltr'>ὀσμὴ</span> <span class='ocrx_word' id='word_1_800' title='bbox 2935 5116 3166 5168; x_wconf 81' lang='grc' dir='ltr'>θανάτου</span> <span class='ocrx_word' id='word_1_801' title='bbox 3202 5118 3280 5177; x_wconf 78' lang='grc' dir='ltr'><strong>είς</strong></span> <span class='ocrx_word' id='word_1_802' title='bbox 3305 5115 3464 5167; x_wconf 78' lang='grc' dir='ltr'>Οέινα-</span> 
     </span>
    </p>
   </div>
   <div class='ocr_carea' id='block_1_111' title="bbox 1891 5180 2877 5257">
    <p class='ocr_par' dir='ltr' id='par_1_111' title="bbox 1891 5180 2877 5257">
     <span class='ocr_line' id='line_1_112' title="bbox 1891 5180 2877 5257; baseline 0 -19"><span class='ocrx_word' id='word_1_803' title='bbox 1891 5180 1981 5238; x_wconf 75' lang='grc' dir='ltr'><strong>τον</strong></span> <span class='ocrx_word' id='word_1_804' title='bbox 2011 5206 2019 5215; x_wconf 93' lang='grc'><strong>·</strong></span> <span class='ocrx_word' id='word_1_805' title='bbox 2057 5180 2213 5257; x_wconf 42' lang='grc' dir='ltr'>οἶς-δὲ</span> <span class='ocrx_word' id='word_1_806' title='bbox 2244 5180 2386 5257; x_wconf 81' lang='grc' dir='ltr'>ὀσμὴ</span> <span class='ocrx_word' id='word_1_807' title='bbox 2419 5188 2561 5256; x_wconf 71' lang='grc' dir='ltr'>ζωῆς</span> <span class='ocrx_word' id='word_1_808' title='bbox 2601 5180 2680 5248; x_wconf 68' lang='grc' dir='ltr'>εἰς</span> <span class='ocrx_word' id='word_1_809' title='bbox 2714 5180 2877 5257; x_wconf 76' lang='grc' dir='ltr'>ζωήν.</span> 
     </span>
    </p>
   </div>
   <div class='ocr_carea' id='block_1_112' title="bbox 1964 5254 3465 5325">
    <p class='ocr_par' dir='ltr' id='par_1_112' title="bbox 1964 5254 3465 5325">
     <span class='ocr_line' id='line_1_113' title="bbox 1964 5254 3465 5325; baseline -0.002 -15"><span class='ocrx_word' id='word_1_810' title='bbox 1964 5257 2077 5325; x_wconf 72' lang='grc'><strong>(54)</strong></span> <span class='ocrx_word' id='word_1_811' title='bbox 2123 5254 2275 5307; x_wconf 83' lang='lat' dir='ltr'><strong>llum:</strong></span> <span class='ocrx_word' id='word_1_812' title='bbox 2309 5254 2652 5310; x_wconf 69' lang='lat' dir='ltr'><strong>l&#39;lerlesiastze</strong></span> <span class='ocrx_word' id='word_1_813' title='bbox 2695 5254 2871 5310; x_wconf 81' lang='lat' dir='ltr'><strong>locum</strong></span> <span class='ocrx_word' id='word_1_814' title='bbox 2917 5256 3213 5311; x_wconf 80' lang='lat' dir='ltr'><strong>Christiani</strong></span> <span class='ocrx_word' id='word_1_815' title='bbox 3255 5266 3465 5308; x_wconf 80' lang='lat' dir='ltr'><strong>veteres</strong></span> 
     </span>
    </p>
   </div>
   <div class='ocr_carea' id='block_1_113' title="bbox 1892 5326 3464 5391">
    <p class='ocr_par' dir='ltr' id='par_1_113' title="bbox 1892 5326 3464 5391">
     <span class='ocr_line' id='line_1_114' title="bbox 1892 5326 3464 5391; baseline -0.002 -11"><span class='ocrx_word' id='word_1_816' title='bbox 1892 5328 1965 5380; x_wconf 87' lang='lat' dir='ltr'><strong>ob</strong></span> <span class='ocrx_word' id='word_1_817' title='bbox 2011 5332 2203 5379; x_wconf 84' lang='lat' dir='ltr'><strong>oculos</strong></span> <span class='ocrx_word' id='word_1_818' title='bbox 2260 5328 2517 5378; x_wconf 71' lang='lat' dir='ltr'><strong>habuisse</strong></span> <span class='ocrx_word' id='word_1_819' title='bbox 2568 5328 2824 5379; x_wconf 87' lang='lat' dir='ltr'><strong>videntur</strong></span> <span class='ocrx_word' id='word_1_820' title='bbox 2880 5326 3193 5387; x_wconf 79' lang='lat' dir='ltr'><strong>Mazoehio,</strong></span> <span class='ocrx_word' id='word_1_821' title='bbox 3241 5326 3464 5391; x_wconf 81' lang='lat' dir='ltr'><strong>quando</strong></span> 
     </span>
    </p>
   </div>
   <div class='ocr_carea' id='block_1_114' title="bbox 1894 5394 3463 5451">
    <p class='ocr_par' dir='ltr' id='par_1_114' title="bbox 1894 5394 3463 5451">
     <span class='ocr_line' id='line_1_115' title="bbox 1894 5394 3463 5451; baseline -0.002 -2"><span class='ocrx_word' id='word_1_822' title='bbox 1894 5399 2182 5450; x_wconf 88' lang='lat' dir='ltr'><strong>transitum</strong></span> <span class='ocrx_word' id='word_1_823' title='bbox 2203 5411 2264 5447; x_wconf 76' lang='lat' dir='ltr'><strong>ex</strong></span> <span class='ocrx_word' id='word_1_824' title='bbox 2288 5398 2389 5449; x_wconf 86' lang='lat' dir='ltr'><strong>hae</strong></span> <span class='ocrx_word' id='word_1_825' title='bbox 2407 5398 2510 5448; x_wconf 85' lang='lat' dir='ltr'><strong>vita</strong></span> <span class='ocrx_word' id='word_1_826' title='bbox 2537 5407 2802 5450; x_wconf 78' lang='lat' dir='ltr'><strong>vocarunt</strong></span> <span class='ocrx_word' id='word_1_827' title='bbox 2821 5396 3070 5451; x_wconf 72' lang='lat' dir='ltr'><strong>Natalem</strong></span> <span class='ocrx_word' id='word_1_828' title='bbox 3096 5406 3190 5447; x_wconf 90' lang='lat' dir='ltr'><strong>aut</strong></span> <span class='ocrx_word' id='word_1_829' title='bbox 3208 5394 3393 5446; x_wconf 80' lang='grc' dir='ltr'><strong>ΓενὲΟ)</strong></span> <span class='ocrx_word' id='word_1_830' title='bbox 3410 5410 3463 5446; x_wconf 84' lang='grc' dir='ltr'><strong>ια</strong></span> 
     </span>
    </p>
   </div>
   <div class='ocr_carea' id='block_1_115' title="bbox 1881 5464 3462 5536">
    <p class='ocr_par' dir='ltr' id='par_1_115' title="bbox 1881 5464 3462 5536">
     <span class='ocr_line' id='line_1_116' title="bbox 1881 5464 3462 5536; baseline -0.002 -17"><span class='ocrx_word' id='word_1_831' title='bbox 1881 5483 1976 5520; x_wconf 83' lang='lat' dir='ltr'><strong>seu</strong></span> <span class='ocrx_word' id='word_1_832' title='bbox 2012 5467 2234 5518; x_wconf 78' lang='grc' dir='ltr'>Γενέσια</span> <span class='ocrx_word' id='word_1_833' title='bbox 2295 5466 2461 5533; x_wconf 80' lang='lat' dir='ltr'><strong>tSpt&#39;c.</strong></span> <span class='ocrx_word' id='word_1_834' title='bbox 2499 5466 2638 5521; x_wconf 77' lang='lat' dir='ltr'><strong>Bibl.</strong></span> <span class='ocrx_word' id='word_1_835' title='bbox 2675 5479 2710 5520; x_wconf 91' lang='lat' dir='ltr'><strong>t.</strong></span> <span class='ocrx_word' id='word_1_836' title='bbox 2746 5468 2809 5526; x_wconf 89' lang='lat' dir='ltr'><strong>ll,</strong></span> <span class='ocrx_word' id='word_1_837' title='bbox 2844 5484 2877 5535; x_wconf 88' lang='lat' dir='ltr'><strong>p</strong></span> <span class='ocrx_word' id='word_1_838' title='bbox 2938 5468 3087 5536; x_wconf 51' lang='lat' dir='ltr'><strong>ait}.</strong></span> <span class='ocrx_word' id='word_1_839' title='bbox 3124 5464 3298 5536; x_wconf 10' lang='lat' dir='ltr'><strong>Velut,</strong></span> <span class='ocrx_word' id='word_1_840' title='bbox 3337 5481 3462 5517; x_wconf 70' lang='lat' dir='ltr'><strong>eum</strong></span> 
     </span>
    </p>
   </div>
   <div class='ocr_carea' id='block_1_116' title="bbox 1883 5533 3461 5605">
    <p class='ocr_par' dir='ltr' id='par_1_116' title="bbox 1883 5533 3461 5605">
     <span class='ocr_line' id='line_1_117' title="bbox 1883 5533 3461 5605; baseline 0 -16"><span class='ocrx_word' id='word_1_841' title='bbox 1883 5538 1957 5589; x_wconf 89' lang='lat' dir='ltr'><strong>ait</strong></span> <span class='ocrx_word' id='word_1_842' title='bbox 1988 5537 2328 5602; x_wconf 68' lang='lat' dir='ltr'><strong>Augustinus</strong></span> <span class='ocrx_word' id='word_1_843' title='bbox 2360 5554 2371 5587; x_wconf 87' lang='lat'><strong>:</strong></span> <span class='ocrx_word' id='word_1_844' title='bbox 2420 5555 2437 5586; x_wconf 81' lang='grc' dir='ltr'><strong>ι</strong></span> <span class='ocrx_word' id='word_1_845' title='bbox 2480 5537 2643 5605; x_wconf 80' lang='lat' dir='ltr'><strong>Digne</strong></span> <span class='ocrx_word' id='word_1_846' title='bbox 2678 5533 2925 5590; x_wconf 71' lang='lat' dir='ltr'><strong>Natalem</strong></span> <span class='ocrx_word' id='word_1_847' title='bbox 2960 5533 3183 5590; x_wconf 77' lang='lat' dir='ltr'><strong>istorum</strong></span> <span class='ocrx_word' id='word_1_848' title='bbox 3219 5533 3461 5589; x_wconf 77' lang='lat' dir='ltr'><strong>colimus.</strong></span> 
     </span>
    </p>
   </div>
   <div class='ocr_carea' id='block_1_117' title="bbox 1882 5606 3464 5675">
    <p class='ocr_par' dir='ltr' id='par_1_117' title="bbox 1882 5606 3464 5675">
     <span class='ocr_line' id='line_1_118' title="bbox 1882 5606 3464 5675; baseline -0.002 -18"><span class='ocrx_word' id='word_1_849' title='bbox 1882 5623 2010 5675; x_wconf 85' lang='lat' dir='ltr'><strong>quos</strong></span> <span class='ocrx_word' id='word_1_850' title='bbox 2075 5608 2280 5659; x_wconf 75' lang='lat' dir='ltr'><strong>beatius</strong></span> <span class='ocrx_word' id='word_1_851' title='bbox 2331 5616 2541 5659; x_wconf 69' lang='lat' dir='ltr'><strong>(Nerua:</strong></span> <span class='ocrx_word' id='word_1_852' title='bbox 2592 5608 2711 5661; x_wconf 76' lang='lat' dir='ltr'><strong>vim:</strong></span> <span class='ocrx_word' id='word_1_853' title='bbox 2766 5610 2991 5659; x_wconf 83' lang='lat' dir='ltr'><strong>mundus</strong></span> <span class='ocrx_word' id='word_1_854' title='bbox 3041 5606 3242 5665; x_wconf 78' lang='lat' dir='ltr'><strong>edidit,</strong></span> <span class='ocrx_word' id='word_1_855' title='bbox 3303 5619 3464 5672; x_wconf 79' lang='lat' dir='ltr'><strong>quam</strong></span> 
     </span>
    </p>
   </div>
   <div class='ocr_carea' id='block_1_118' title="bbox 1888 5675 3458 5747">
    <p class='ocr_par' dir='ltr' id='par_1_118' title="bbox 1888 5675 3458 5747">
     <span class='ocr_line' id='line_1_119' title="bbox 1888 5675 3458 5747; baseline 0.003 -21"><span class='ocrx_word' id='word_1_856' title='bbox 1888 5679 2081 5728; x_wconf 81' lang='lat' dir='ltr'><strong>mundo</strong></span> <span class='ocrx_word' id='word_1_857' title='bbox 2157 5688 2513 5728; x_wconf 80' lang='lat' dir='ltr'><strong>mam-norum</strong></span> <span class='ocrx_word' id='word_1_858' title='bbox 2589 5679 2843 5731; x_wconf 73' lang='lat' dir='ltr'><strong>viscerum</strong></span> <span class='ocrx_word' id='word_1_859' title='bbox 2922 5689 3104 5747; x_wconf 79' lang='lat' dir='ltr'><strong>partus</strong></span> <span class='ocrx_word' id='word_1_860' title='bbox 3176 5675 3388 5745; x_wconf 61' lang='lat' dir='ltr'><strong>effudit.</strong></span> <span class='ocrx_word' id='word_1_861' title='bbox 3441 5696 3458 5726; x_wconf 73' lang='grc' dir='ltr'><strong>ι</strong></span> 
     </span>
    </p>
   </div>
   <div class='ocr_carea' id='block_1_119' title="bbox 1887 5747 2621 5813">
    <p class='ocr_par' dir='ltr' id='par_1_119' title="bbox 1887 5747 2621 5813">
     <span class='ocr_line' id='line_1_120' title="bbox 1887 5747 2621 5813; baseline -0.008 -12"><span class='ocrx_word' id='word_1_862' title='bbox 1887 5748 2101 5813; x_wconf 81' lang='lat' dir='ltr'><strong>(Serm.</strong></span> <span class='ocrx_word' id='word_1_863' title='bbox 2146 5749 2207 5802; x_wconf 82' lang='lat' dir='ltr'><strong>l0</strong></span> <span class='ocrx_word' id='word_1_864' title='bbox 2246 5748 2315 5801; x_wconf 75' lang='lat' dir='ltr'><strong>Ile</strong></span> <span class='ocrx_word' id='word_1_865' title='bbox 2348 5747 2574 5801; x_wconf 71' lang='lat' dir='ltr'><strong>Sanctis.</strong></span> <span class='ocrx_word' id='word_1_866' title='bbox 2611 5758 2621 5795; x_wconf 67' lang='grc' dir='ltr'><strong>ι</strong></span> 
     </span>
    </p>
   </div>
  </div>
