4166 6434
203 387 305 452 989

1277 392 1355 451 ΙΝ
1386 392 1972 455 ECCLESIASTEN.
2004 398 2243 457 -LIB.
2279 399 2378 458 VI.

3372 403 3474 472 990

202 503 483 570 κατάγαγέ
513 501 756 573 δάκρυα,
797 521 813 551 ›
852 503 986 572 φησί
1036 520 1137 556 που
1176 505 1236 557 τὸ
1269 506 1455 576 λόγιον
1488 510 1588 577 τῆς
1635 510 1785 571 θείας

1891 526 1956 565 ac
2019 512 2625 579 ptenitentia°veniam
2684 514 2844 586 166
2905 529 3095 570 eorum
3158 517 3474 587 cﬂlagitant,

200 594 429 664 Γραφῆς
467 612 480 625 ·
520 595 550 662 ἢ
584 596 694 647 τὶιν
726 595 821 648 ἐπὶ
845 598 965 658 ταῖς
999 595 1161 659 ίδίαις
1192 598 1493 669 ἁμαρτίαις
1530 600 1790 671 θρηνούν-

212 708 328 755 των,
366 690 459 743 καὶ
508 689 594 742 διὰ
633 693 732 760 τῆς
771 689 1183 758 ὲξαγορεύσεως
1232 693 1326 743 καὶ
1364 692 1463 762 τῆς
1494 694 1786 762 μετανοίας

196 783 298 853 τὴν
344 781 696 853 συγχώρησιν
727 782 906 835 αὐτῶν
948 781 1339 847 ὲξαιτούντωψ
1373 783 1488 854 ἀλλ’
1524 786 1648 853 οὐχὶ
1674 784 1787 838 τῶν

197 874 293 926 ἐπὶ
337 877 459 936 ταῖς
500 873 819 943 δυστυχίαις
855 873 964 925 τῶν
1013 874 1335 944 ἐμπορικῶν
1378 874 1719 939 ὑποθέσεων,
1752 877 1784 946 ἢ

196 968 319 1029 ταῖς
347 965 681 1030 ἁποτεύξεσι
711 965 823 1018 τῶν
853 966 1216 1036 ἀνθρωπίνων
1262 966 1447 1036 ἀρχῶν
1495 968 1591 1020 καὶ⁸
1630 968 1780 1021 δυνα-

199 1058 395 1111 στειῶν
458 1059 555 1111 καὶ
591 1057 781 1122 δοξῶν.
827 1057 951 1111 Τῶν
989 1059 1098 1129 γὰρ
1142 1058 1406 1112 τοιούτων
1437 1059 1467 1111 ὁ
1506 1054 1656 1122 οἶκος
1687 1059 1788 1112 οὐκ

197 1149 405 1216 ἀγαθὸς
431 1189 446 1213 ,
475 1150 581 1203 κᾶν
621 1150 840 1219 πλήρης
869 1149 1196 1220 ὀλοφυρμῶν
1224 1149 1473 1220 εὑρεθείη
1521 1151 1617 1203 καὶ
1662 1149 1790 1202 πέν-

197 1238 325 1302 θους
345 1254 362 1271 ⁸
394 1239 492 1293 ἅτε
517 1240 582 1311 δὴ
610 1239 674 1293 τὸ
719 1240 913 1304 πένθος
947 1240 1044 1293 καὶ
1075 1240 1137 1293 τὸ
1166 1240 1365 1311 θρῆνος
1401 1241 1503 1296 οὑκ
1534 1243 1629 1296 ἐπὶ
1667 1244 1790 1305 ταῖς

198 1330 433 1395 ἐννοίαις
477 1334 575 1385 καὶ
619 1336 741 1395 ταῖς
770 1333 992 1401 ἐφέσεσι
1031 1332 1143 1386 τῶν
1172 1334 1504 1404 κρειττόνων
1544 1336 1641 1388 καὶ
1678 1335 1788 1389 τῶν

197 1420 577 1491 ἐλπιζομένων
620 1422 842 1491 ἀγαθῶν
884 1425 943 1477 ὲν
982 1426 1050 1494 τῇ
1096 1423 1345 1496 βασιλείᾳ
1386 1425 1495 1478 τῶν
1537 1426 1788 1496 οὐρανῶν

196 1515 566 1582 ποιουμένων,
614 1515 732 1569 ἀλλ’
772 1514 1013 1586 ἔμπαλιν
1061 1518 1119 1569 ἐν
1165 1520 1233 1587 τῇ
1283 1517 1512 1587 ζητήσει
1546 1518 1656 1570 τῶν
1695 1519 1789 1571 ἀν-

197 1600 492 1669 θρωπίνων
541 1604 638 1656 καὶ
690 1604 1046 1675 προσκαίρων
1094 1607 1188 1658 καὶ
1243 1607 1649 1677 φθειρομένων,
1691 1610 1788 1661 καὶ

197 1691 300 1759 τῆς
326 1693 606 1763 ἁμαρτίας
631 1694 705 1757 ὡς
730 1695 937 1747 ἐπίπαν
962 1697 1287 1766 ποιητικῶν.

268 1785 442 1837 Τοῦτο
490 1786 597 1856 γὰρ
638 1786 865 1856 ἐμπεδοῖ
908 1786 979 1839 δι’
1030 1781 1105 1841 ὧν
1146 1783 1304 1841 εἶπεν
1348 1789 1603 1858 ἀμέσωςο
1650 1791 1783 1860 φησὶ

195 1877 327 1946 γὰρ,
364 1896 381 1927 ι
435 1878 575 1931 Καθ’
628 1879 712 1931 ὅτι
756 1878 915 1931 τοῦτο
957 1879 1111 1944 τέλος
1156 1880 1358 1945 παντὸς
1405 1880 1717 1953 ἀνθρώπου.
1758 1900 1775 1932 ι

1889 1876 2054 1944 ierit;
2096 1874 2173 1927 ait
2216 1872 2361 1926 enim
2403 1890 2414 1924 :

194 1968 389 2031 Τοῦτο,
443 1973 630 2033 nuto»;
676 1965 750 2022 ἸΙ
802 1971 1046 2041 δηλονότι
1094 1971 1154 2025 τὸ
1200 1972 1462 2041 τελευτᾷν
1514 1973 1604 2025 καὶ
1653 1973 1781 2044 θνή-

195 2075 386 2110 σκειν’
434 2059 519 2126 ἐφ’
563 2052 607 2126 ᾧ
656 2059 749 2111 καὶ
794 2059 893 2129 τὴν
946 2059 1183 2130 μελέτην
1232 2061 1331 2130 τῆς
1366 2060 1596 2131 καρδίας
1635 2060 1781 2129 ἔχειν

194 2150 490 2220 ὀφείλομεν
516 2152 777 2215 ἅπαντες,
818 2150 1056 2204 θανάτου
1088 2151 1325 2223 μελέτην
1360 2152 1452 2205 τὸν
1485 2152 1616 2205 ἴδιον
1656 2153 1781 2205 ἐπι-

190 2242 540 2312 δεικνύμενοι
576 2242 691 2312 βίον
713 2260 729 2275 ο
765 2244 797 2313 ἦ
821 2242 883 2296 τὸ
914 2243 1351 2313 μεταγινώσκειν
1379 2245 1473 2296 καὶ
1499 2248 1781 2314 μετανοεῖν

191 2331 292 2385 καὶ
337 2332 549 2388 κλαίειν
579 2334 672 2389 ἐπὶ
714 2338 833 2399 ταῖς
865 2336 1167 2406 ἁμαρτίαις
1194 2335 1373 2407 ήμῶν.
1408 2336 1506 2388 Διὰ
1537 2337 1643 2406 γὰρ
1674 2336 1781 2388 τῶν

193 2423 439 2493 συνεχῶν
483 2426 580 2478 καὶ
624 2424 867 2496 δαψιλῶν
910 2426 1188 2496 δακρύων,
1228 2425 1304 2489 ὡς
1354 2428 1411 2478 ἐν
1442 2426 1654 2497 λουτρῷ
1690 2429 1782 2478 τὸν

193 2516 465 2585 σαρκικὸν
489 2516 938 2589 ἀποκαθαίρομεν
976 2517 1169 2589 ῥύπον,
1200 2517 1374 2581 οὕτως
1404 2517 1783 2587 ἁπολουόμεθα

191 2607 417 2671 καὶτὰς
458 2610 697 2680 ψυχικὰς
728 2610 1117 2681 ἀποπλύνομεν
1143 2601 1368 2681 κηλίδας
1410 2611 1502 2662 καὶ
1543 2609 1785 2679 βεϐηλώ-

199 2716 337 2762 σεις.
387 2700 482 2753 Ἐκ
511 2701 567 2754 δὲ
596 2699 691 2754 τοῦ
728 2705 1065 2774 προσφοιτᾷν
1105 2705 1183 2766 είς
1217 2702 1310 2756 τὸν
1333 2697 1484 2756 οἷκον
1516 2702 1610 2754 τοῦ
1655 2704 1782 2757 πένο

191 2789 325 2854 θους
394 2791 755 2859 προσγίνεται
823 2792 904 2862 τῷ
962 2791 1365 2862 προσφοιτῶντι
1436 2792 1782 2859 κατανύξεως

189 2881 422 2953 ἀφορμὴ
458 2884 553 2937 καὶ
584 2884 861 2955 πρόφασις
895 2885 1190 2955 μετανοίας
1212 2927 1226 2949 ,
1257 2885 1342 2953 ἐφ’
1371 2879 1451 2949 οἷς
1492 2886 1781 2956 ἐπλημμέ-

171 2973 328 3041 λησε
350 2990 364 3004 ·
398 2972 696 3027 κάντεῦθεν
728 2974 1085 3046 παρεκκλίνει
1119 2975 1219 3044 μὲν
1241 2977 1352 3029 τῶν
1383 2977 1783 3046 χειρρνων,καὶ

193 3064 608 3136 μεταϐέϐληται
663 3067 800 3135 πρὸς
847 3068 948 3137 τὴν
1000 3067 1204 3139 πρᾶξιν
1251 3068 1363 3123 τῶν
1415 3068 1640 3137 ἀγαθῶν
1686 3072 1782 3125 καὶ

190 3171 224 3205 κ
232 3155 544 3225 ρειττόνων.
583 3156 791 3210 Τούτου
825 3157 985 3228 χάριν
1021 3159 1273 3228 ἐπήγαγε
1300 3176 1312 3188 ·

1891 620 2237 675 nequaquam
2274 621 2404 660 vero
2431 606 2499 661 ab
2528 606 2629 671 iis,
2664 610 2760 677 qui
2805 608 2873 663 de
2913 608 3139 663 adversa
3171 607 3389 664 fortuna
3423 623 3476 666 et

1890 699 2156 753 mercium
2211 698 2425 768 jactura
2479 709 2829 768 queruntur,
2899 710 2995 755 aut
3043 701 3112 757 de
3159 702 3475 759 interversis

1888 790 2302 860 magistratibus
2324 802 2378 844 et
2400 791 2778 845 dominatione
2800 802 2964 862 atque
2984 793 3160 863 gloria
3188 795 3474 864 subrepta.

1888 880 2094 936 Horum
2128 882 2275 937 enim
2305 882 2502 939 domus
2537 899 2648 937 non
2686 884 2850 948 bona,
2880 886 3248 940 lamentorum
3278 903 3477 956 quam—

1889 975 1971 1029 vis
2024 975 2181 1044 plena
2231 974 2545 1029 inveniatur
2595 983 2759 1044 atque
2812 975 3274 1047 luctus:quippe
3327 980 3473 1048 quod

1889 1065 2068 1121 luetus
2104 1066 2196 1121 ille
2225 1074 2279 1119 et
2324 1072 2561 1119 lamenta
2610 1084 2717 1120 non
2762 1082 2957 1121 eorum
3000 1077 3147 1131 sunt,
3188 1069 3283 1138 qui
3325 1071 3477 1138 cogi-

1889 1167 2002 1212 tent
2031 1169 2083 1212 et
2112 1156 2431 1211 desiderent
2481 1159 2694 1227 potiora
2723 1174 2787 1212 ea
2830 1159 2996 1239 bona,
3039 1174 3161 1228 quae
3204 1161 3256 1214 in
3308 1161 3477 1215 coelo-

1888 1266 2009 1304 rum
2077 1264 2246 1319 regno
2310 1250 2661 1319 sperantibus
2723 1251 3061 1317 obveniunt,
3121 1254 3215 1308 sed
3278 1269 3472 1308 eorum

1889 1340 2113 1409 potius,
2169 1340 2264 1409 qui
2322 1341 2562 1393 humana
2620 1350 2875 1409 quaerunt
2927 1348 3002 1394 et‘
3041 1345 3368 1412 temporaria
3420 1359 3475 1399 et

1888 1430 2143 1495 caduca,
2218 1432 2365 1487 unde
2433 1432 2703 1502 originem
2774 1433 3101 1501 plerumque
3186 1446 3470 1504 peceatum

1886 1520 2058 1575 duett.

1960 1781 2093 1835 Nam
2133 1781 2237 1834 ltoc
2280 1779 2370 1833 ille
2407 1778 2697 1833 conﬁrmat
2733 1778 2822 1844 iis,
2858 1794 2984 1848 quze
3025 1789 3288 1848 protinus
3339 1782 3473 1836 sub-

2458 1889 2477 1921 ‹
2537 1870 2616 1925 Eo
2663 1872 2811 1940 quod
2857 1871 2949 1927 hic
2993 1882 3077 1925 est
3116 1873 3238 1926 linis
3286 1874 3470 1928 omnis

1885 1966 2239 2021 lwmiuis‘ti
2264 1964 2679 2034 Hic,inquit;at
2716 1965 2885 2034 quis?
2918 1965 3176 2019 nimirum
3211 1981 3471 2021 excessus

1882 2071 1933 2116 et
1981 2074 2132 2115 mors
2172 2078 2183 2113 :
2221 2059 2274 2113 itt
2314 2073 2423 2128 qua
2472 2058 2661 2126 utique
2710 2041 3015 2127 reputanda
3057 2072 3248 2112 curam
3297 2056 3467 2110 animi

1884 2169 2087 2227 ponere
2133 2152 2421 2210 debemus,
2469 2158 2523 2203 et
2578 2150 2727 2202 hanc
2775 2152 2902 2204 vitae
2936 2158 3141 2204 nostra:
3191 2163 3465 2204 summam

1884 2259 2095 2321 putare,
2147 2255 2207 2301 ut
2250 2245 2639 2313 resipiscentes
2680 2242 3051 2297 admissorum
3090 2240 3466 2311 pmttitentiam

1884 2358 2134 2415 agamus,
2192 2349 2247 2393 et
2313 2346 2533 2407 peccata
2594 2348 2780 2390 nostra
2837 2336 3133 2404 plot-emus.
3184 2333 3466 2403 Perpetuis

1884 2434 2030 2490 enim
2059 2430 2428 2498 uberibusque
2460 2427 2741 2498 laerymis,
2786 2427 2931 2480 sicut
2961 2426 3016 2479 in
3055 2426 3275 2487 lavacro
3308 2423 3468 2479 [aedi-

1887 2536 2024 2581 tates
2068 2524 2345 2579 abluimus
2375 2521 2646 2590 corporis,
2692 2520 2765 2572 ita
2817 2519 3065 2572 maculas
3113 2519 3311 2572 animae
3343 2532 3467 2571 sor-

1886 2617 2094 2686 dcsque
2125 2613 2484 2681 detergimus.
2521 2610 2755 2665 Adeunti
2798 2626 2962 2679 porro
3010 2611 3236 2664 domum
3286 2610 3460 2665 luctus

1886 2710 1941 2763 in
1975 2709 2094 2777 ipso
2132 2721 2361 2759 accessu
2400 2702 2757 2770 resipiseettdi
2797 2716 2929 2754 ansa
2963 2702 3237 2770 praebetur
3268 2710 3322 2754 et
3352 2714 3469 2769 pa.

1888 2798 2131 2854 nitentiie
2162 2796 2382 2850 oet-asio
2412 2810 2469 2848 se
2488 2794 2648 2849 oll'et't
2674 2808 2838 2861 super
2873 2794 2962 2855 iis,
2989 2807 3111 2861 quae
3141 2791 3467 2861 deliquerit:

1887 2893 2072 2961 itaque
2114 2904 2173 2944 se
2213 2903 2243 2941 a
2283 2888 2463 2941 noxiis
2496 2886 2781 2947 avertitur,
2831 2894 2885 2938 et
2919 2884 2986 2937 ad
3024 2898 3087 2937 ea
3132 2882 3467 2952 praestanda,

1887 3000 2009 3054 qua:
2064 2982 2205 3036 bona
2254 2992 2318 3034 ac
2372 2980 2588 3049 potiora
2647 2986 2799 3041 sunt,
2859 2976 3186 3031 traducitur.
3238 2973 3352 3029 llac
3400 2973 3469 3028 de

1887 3090 2051 3133 causa
2088 3074 2289 3144 adjecit
2327 3092 2341 3125 :

1761 3321 1886 3393 5v.

267 3453 373 3506 Καί
409 3456 441 3507 ὀ
472 3450 584 3512 ζῶν
607 3453 789 3508 δώσει
810 3455 1043 3524 ἀγαθὸν
1068 3461 1157 3524 εἰς
1190 3462 1451 3529 καρδίαν
1479 3464 1692 3517 αὑτοῦ.

270 3546 575 3616 Μονονουχὶ
604 3548 714 3616 γάρ
765 3565 927 3616 φησιν
954 3565 967 3577 °
1006 3549 1177 3605 Ὅταν
1222 3552 1302 3616 εἰς
1353 3553 1443 3606 τὸν
1490 3549 1642 3609 οἷκον
1687 3555 1785 3609 τοῦ

196 3636 433 3700 πένθους
480 3638 725 3709 πορευθῇ
760 3640 854 3692 καὶ
891 3640 1000 3692 τῶν
1031 3641 1357 3713 ὀλοφυρμῶν
1392 3646 1488 3698 καὶ
1536 3646 1787 3701 κοπετῶν

194 3733 225 3784 ὁ
259 3730 366 3792 ζῶν
397 3730 684 3799 ἄνθρωπος
719 3732 932 3805 ἀκούσῃ
975 3735 1086 3789 τῶν
1132 3737 1414 3804 συγγενῶν
1460 3741 1554 3792 καὶ⁵
1592 3740 1783 3809 φίλων,

200 3819 692 3890 συνδιατεθήσεται
724 3825 946 3886 πάντως
989 3829 1111 3891 ταῖς
1144 3829 1296 3894 σφῶν
1342 3829 1651 3895 διαθέσεσι,
1692 3832 1789 3883 καὶ

201 3911 341 3982 πρὸς
391 3911 669 3981 κλαυθμὸν
717 3915 813 3966 καὶ
862 3915 1078 3986 δάκρυα
1136 3918 1382 3987 κινηθεὶς
1439 3922 1519 3983 εἰς
1574 3920 1789 3988 ἀγαθὰς

200 4002 412 4065 ἐννοίας
441 4004 729 4073 προελθεῖν
759 4007 1185 4076 παρασκευάσει
1218 4010 1318 4080 τὴν
1352 4010 1489 4063 ἰδίαν
1516 4011 1748 4081 καρδίαν
1772 4027 1786 4042 ⁸

200 4096 299 4148 καὶ
333 4096 436 4149 κᾶν
484 4097 761 4165 ἁμαρτίας
793 4098 1046 4170 εὑρεθείη
1080 4101 1422 4172 πεποιηκὼς,
1461 4105 1789 4172 μετανοήσει

202 4186 427 4259 πᾴντως
452 4226 466 4249 ,
503 4189 597 4242 καὶ
630 4187 697 4240 δι’
728 4186 1147 4259 ὲξαγορεύσεως
1200 4194 1296 4245 καὶ
1324 4192 1584 4262 δαψιλοῦς
1633 4194 1790 4263 ὲλεη-

205 4276 450 4347 μοσύνης
479 4277 579 4348 τὴν
610 4278 968 4351 συγχώρησιν
999 4281 1179 4335 αὐτῶν
1222 4283 1412 4336 λαὸεἰν
1444 4284 1788 4354 ἐπιζητήσει,

203 4370 381 4436 λέγων
413 4373 553 4438 μετὰ
579 4368 673 4422 τοῦ
701 4372 986 4442 προφήτου
1011 4374 1197 4437 Δαὸὶδ,
1228 4392 1246 4423 ι
1281 4374 1406 4426 Ὅτι
1436 4373 1533 4445 τήν
1558 4373 1790 4443 ἀνομίαν

208 4479 314 4530 μου
381 4460 493 4529 ἐγὼ
563 4464 890 4531 ἁναγγελῶ,
958 4464 1055 4518 καὶ
1114 4466 1437 4536 μεριμνήσω
1501 4466 1647 4535 ὑπὲρ
1690 4466 1791 4535 τῆς

205 4552 487 4621 ἁμαρτίας
526 4569 650 4623 μου.
683 4572 702 4605 ι
735 4554 856 4607 Κᾶν
896 4554 1210 4621 ὲξοιδαίνων
1244 4557 1363 4609 ἐστὶ
1390 4558 1487 4609 καὶ
1518 4557 1792 4628 φλεγμαί-

204 4661 317 4697 νων
378 4644 478 4713 τὴν
543 4645 807 4713 καρδίαν,
875 4649 971 4699 καὶ
1036 4649 1457 4719 πεφυσιωμένος
1514 4651 1643 4714 τοὺς
1708 4651 1793 4704 λο-

1960 3465 2031 3519 Et
2060 3465 2151 3532 qui
2182 3464 2328 3522 vivit,
2372 3458 2520 3511 dabit
2557 3458 2752 3509 bonum
2786 3454 2855 3508 ad
2886 3470 2977 3506 cor
3007 3469 3185 3505 suum.

1957 3555 2094 3612 Nam
2125 3556 2215 3609 ltic
2252 3553 2544 3607 verborum
2591 3550 2787 3601 horum
2842 3560 3039 3601 sensus
3077 3554 3181 3610 est,
3238 3559 3363 3597 cum
3419 3544 3471 3597 in

1885 3652 2110 3707 domum
2158 3650 2340 3703 luctus
2386 3647 2575 3698 vivens
2600 3642 2903 3695 etiamnum
2937 3638 3103 3692 homo
3142 3635 3472 3705 pervenerit,

1888 3740 2072 3809 ibique
2097 3745 2457 3808 cognatorum
2491 3733 2648 3803 167
2676 3740 2839 3799 atque
2869 3729 3172 3781 amicorum
3200 3726 3357 3781 ﬂetus
3380 3742 3473 3797 ge-

1888 3834 2168 3902 mitusque
2199 3829 2458 3892 audierit,
2499 3826 2617 3879 fore
2657 3824 2907 3884 omnino,
2945 3828 3006 3874 ut
3043 3834 3235 3873 eorum
3285 3819 3474 3872 induat

1889 3921 2135 3990 allectus,
2176 3932 2227 3976 et
2263 3922 2329 3975 ad
2378 3931 2672 3972 masrorem
2716 3930 2781 3969 ac
2826 3914 3096 3983 laerytnas
3138 3922 3471 3972 commotus,

1890 4017 2033 4072 seria
2066 4015 2283 4069 tandem
2327 4026 2391 4064 ac
2432 4018 2581 4063 recta
2616 4006 2869 4060 meditari
2913 4004 3157 4057 attitnum
3199 4002 3423 4054 inducat
3456 4019 3468 4053 :

1890 4120 2057 4179 alque
2084 4118 2143 4161 ut
2186 4113 2431 4175 peccata,
2460 4117 2583 4171 qua:
2612 4099 2917 4158 admiserit,
2960 4093 3283 4165 pmnitentia
3316 4093 3481 4162 plane-

1890 4198 2210 4257 detestetur,
2244 4194 2574 4259 veniamque
2608 4203 2798 4242 eorum
2835 4184 3185 4239 confessione
3208 4192 3267 4237 et
3300 4181 3473 4251 largis

1892 4288 2117 4355 inopum
2177 4281 2444 4339 subsidiis
2504 4282 2798 4347 impetrare
2851 4275 3182 4337 contendat,
3249 4271 3472 4326 Davidis

1891 4378 2169 4449 propheta:
2197 4387 2474 4440 usurpans
2511 4370 2675 4424 verba
2706 4385 2720 4421 :
2763 4387 2782 4418 ι
2824 4365 3095 4432 Quoniam
3125 4364 3473 4433 iniquitatem

1892 4484 2069 4524 meam
2117 4481 2218 4537 ego
2276 4462 2642 4524 annuntiabo,
2695 4468 2749 4513 et
2800 4459 3056 4529 cogitabo
3109 4472 3207 4526 pro
3247 4466 3472 4526 peccato

1893 4574 2017 4614 meo
2040 4557 2110 4610 “.
2142 4575 2161 4607 ι
2210 4554 2353 4609 Idem
2394 4553 2478 4607 vel
2513 4552 2561 4605 si
2597 4549 2839 4604 tutnidus
2878 4548 2949 4603 sit
2975 4559 3029 4602 et
3061 4548 3248 4600 animo
3273 4546 3473 4608 elatus,

1894 4650 2263 4721 superbiaque
2287 4656 2564 4701 assuetam
2593 4641 3017 4712 cogitationibus
3041 4650 3274 4693 mentem
3300 4649 3475 4705 gelat,

206 4733 444 4801 γισμοὺς
479 4732 557 4802 τῷ
604 4735 767 4789 πάθει
803 4737 901 4807 τῆς
936 4739 1351 4809 ὑπερηφανείας
1391 4742 1488 4794 καὶ
1517 4742 1617 4813 τῆς
1657 4743 1787 4797 ἁλα-

1897 4753 1950 4798 et
1995 4741 2140 4796 fastu
2187 4740 2486 4793 insolenter
2533 4750 2592 4791 se
2633 4736 2836 4805 jactet,
2878 4734 2943 4787 ad
2987 4738 3252 4802 pudorem
3285 4743 3348 4783 ac
3379 4729 3475 4782 de-

281 4914 329 4944 ”
364 4914 539 4971 Eecle.
574 4933 671 4983 vn,
710 4919 773 4987 _5.
853 4920 896 4953 ‘3
931 4919 1077 4974 Psal.
1122 4937 1308 4975 xxxvn
1339 4963 1352 4985 ,
1392 4921 1485 4979 l9.

207 5127 394 5166 eorum
425 5112 755 5183 confessione
796 5113 1043 5183 etim-gis
1091 5115 1306 5182 inopum
1337 5114 1586 5169 subsidiis
1630 5115 1796 5182 impe-

212 5192 356 5255 trare
404 5182 711 5255 contendat.
777 5202 795 5236 ι
854 5182 1181 5237 Εειίοιιωιιι
1240 5183 1593 5255 ἐξαγόρευσις
1652 5185 1793 5237 indi-

212 5253 361 5306 cium
414 5253 490 5323 rei
532 5268 786 5313 areanis.
830 5263 888 5307 ut
936 5254 1282 5321 grammatici
1329 5253 1640 5323 explicant,
1687 5270 1797 5321 quo

212 5322 487 5375 vocabulo
534 5332 747 5378 veteres
776 5325 965 5377 Patres
1005 5325 1296 5378 salutarem
1335 5322 1631 5379 criminum
1666 5339 1795 5377 con-

215 5391 540 5454 fessionem,
578 5408 702 5461 qna:
763 5394 1034 5448 sacerdoti
1099 5404 1313 5449 secreto
1371 5396 1467 5455 tit,
1505 5395 1795 5461 designare

215 5461 411 5515 soliti:
459 5477 773 5530 quanquam
826 5465 1072 5517 eamdem
1129 5465 1334 5532 passim
1404 5463 1795 5533 ἐξομολόγησιν

216 5545 438 5602 quoque
494 5534 791 5599 appellant.
844 5533 1112 5586 ueterum
1177 5535 1304 5602 quia
1370 5544 1601 5601 utraque
1661 5548 1792 5587 voce

220 5600 307 5671 nsi
352 5602 679 5669 quandoque
724 5603 912 5656 l’atres
963 5612 1092 5656 sunt
1126 5600 1207 5655 ad‘
1240 5600 1571 5671 poenitentiae
1625 5603 1787 5657 etiam

220 5670 704 5739 signiﬁcationem,
737 5689 901 5741 qttatn
934 5673 1042 5725 Deo
1075 5673 1126 5725 in
1155 5670 1631 5727 obsitcrtttiOItibtts
1664 5688 1789 5741 pro—

223 5740 359 5793 litet'i
391 5742 685 5809 testarique
722 5740 1023 5806 debemus;
1071 5759 1171 5796 nec
1211 5744 1392 5797 minus
1420 5749 1495 5809 ad
1528 5740 1783 5796 arcanam

221 5818 275 5863 ct
305 5808 605 5878 privatam,
640 5827 799 5881 quam
849 5812 1193 5870 manifestam
1241 5830 1301 5869 ac
1336 5808 1606 5883 publicam
1654 5832 1785 5870 ron-

1897 5116 2224 5179 fessionem,
2274 5130 2397 5183 quze
2446 5114 2764 5183 aliquandiu
2815 5113 2869 5165 in
2920 5111 3161 5165 Ecclesia
3210 5109 3478 5163 celebrata

1894 5196 2010 5251 est,
2055 5187 2402 5239 indicandam
2440 5200 2452 5237 :
2504 5186 2703 5237 tnirnm
2744 5191 2825 5237 est
2869 5191 3135 5251 quantum
3175 5183 3479 5251 allaborent

1896 5256 2132 5310 lneretici
2170 5266 2392 5310 aetatum
2428 5265 2740 5309 nostrarum
2776 5250 2899 5305 eum
2947 5269 3047 5305 suo
3081 5252 3173 5303 illo
3205 5250 3478 5301 Kenmitm

1893 5336 1948 5379 et
1983 5326 2219 5391 Dallaro,
2274 5336 2333 5379 ut
2380 5326 2601 5378 Patrum
2656 5325 3012 5376 auctoritates
3070 5323 3178 5373 alio
3230 5320 3475 5396 trahant,

1894 5411 1994 5451 nec
2013 5396 2186 5468 pullam
2217 5412 2285 5450 ex
2325 5397 2391 5449 iis
2430 5396 2495 5468 ad
2545 5409 2801 5447 arcanam
2829 5408 3090 5468 unquam
3124 5400 3179 5443 et
3212 5399 3476 5468 prtvatatn

1893 5467 2299 5521 confessionem
2336 5466 2609 5539 pertinere
2636 5465 2956 5539 concedant.
3001 5462 3054 5514 ltt
3088 5476 3321 5529 quorum
3349 5462 3480 5539 qui-

1900 5540 2021 5589 dum
2074 5534 2589 5604 manus,’quattdo
2641 5534 2745 5607 alia
2795 5534 3481 5607 contemtttntt,__ntax_ime

1899 5608 2083 5679 velim
2115 5599 2429 5674 perveniant
2485 5605 2720 5674 egregiae
2760 5602 2971 5679 _Ja_cobi
3047 5599 3476 5679 Schelfmaelteri

1896 5678 2174 5744 epistolae,
2239 5685 2298 5730 ut
2356 5685 2607 5746 quartam
2660 5675 3008 5744 potissimum
3062 5675 3232 5740 partis
3282 5675 3476 5738 prima:

1896 5754 2098 5803 attente
2130 5748 2327 5815 legant.
