4166 6434
690 416 782 479 99.
1823 402 1881 459 S.
1915 400 2295 459 GREGORH
2340 401 2543 459 AGRI‘
2592 400 2854 460 FNTINI

3899 400 3996 464 :36

2243 510 2269 580 §
2332 508 2438 564 'Ill.

771 610 929 679 170
969 606 1133 659 νεῖμε.
1315 602 1518 657 Bonum
1549 611 1625 655 est
1652 603 1795 653 audi;
1818 620 1839 654 ι
1862 604 2279 669 increpatiomu
2314 610 2353 660 Α

694 721 808 769 attpt
856 703 951 751 nis
992 714 1149 766 super
1187 697 1354 748 uirum
1388 696 1686 748 audientem
1720 711 1931 747 carmen
1962 705 2276 755 stultorum,

696 798 819 864 quia
860 794 995 844 sicut
1036 804 1135 841 vox
1166 790 1438 857 spinarum
1482 788 1576 840 sub
1616 786 1722 838 olla
1750 827 1764 849 ,
1805 788 1883 839 ita
1914 788 2053 840 risus
2084 784 2279 839 stulto-

696 898 813 933 rum
856 879 986 946 ’59).

766 995 1127 1064 Persequitur
1186 992 1489 1046 etiamnum
1546 1007 1669 1061 qua:
1716 992 1857 1045 inter
1906 1005 1966 1044 se
2026 988 2279 1060 Opposita

696 1088 953 1158 protulit,
1004 1104 1069 1141 ac
1107 1086 1241 1139 scite
1259 1084 1412 1137 mala
1448 1099 1476 1137 a
1517 1083 1677 1137 bonis
1705 1083 2018 1152 sejungens,
2061 1092 2280 1136 senten-

699 1182 828 1232 tiam
881 1180 1074 1232 statuit
1112 1191 1333 1241 veram,
1373 1175 1521 1243 quod
1550 1176 1704 1244 juvat
1734 1175 1934 1227 bonum
1981 1176 2279 1243 appellans,

698 1279 862 1339 atque
888 1271 1021 1323 adeo
1053 1267 1199 1337 quod
1229 1251 1291 1320 in.
1317 1268 1653 1321 c0ntrarium
1679 1267 1878 1332 fertur,
1913 1268 2141 1321 malum.
2166 1265 2281 1320 Etsi

698 1367 839 1416 enim
882 1363 1160 1415 dicendo:
1211 1379 1229 1411 ι
1264 1376 1427 1428 super
1464 1360 1641 1413 virum
1696 1362 2008 1415 audientem
2052 1374 2275 1415 carmen

701 1455 993 1509 stultorum
1046 1473 1064 1503 ι
1118 1494 1133 1517 ,
1185 1466 1281 1520 per
1345 1452 1810 1519 comparationem
1871 1451 2279 1521 quodammodo

704 1565 722 1598 ι
757 1548 961 1600 bonum
999 1564 1017 1596 ι
1053 1544 1321 1612 appellare
1359 1542 1603 1607 videtur,
1646 1543 1877 1597 minime
1932 1551 2112 1597 tamen
2153 1560 2284 1612 prte-

701 1638 971 1705 positione
994 1636 1083 1688 illa
1120 1654 1136 1684 ι
1178 1649 1343 1702 super
1365 1652 1383 1684 ι
1424 1648 1556 1687 usus
1589 1642 1693 1699 est,
1732 1634 1878 1687 velut
1910 1634 1954 1687 si
1986 1634 2148 1687 etiam
2180 1635 2285 1687 hoc

706 1728 1009 1781 habendum
1044 1726 1115 1780 sit
1167 1726 1409 1790 bonum;
1441 1725 1533 1779 sed
1584 1724 1729 1795 quod
1771 1725 1914 1779 bona
1944 1740 2043 1795 per
2077 1740 2136 1779 se
2166 1726 2281 1795 ipsa

704 1820 777 1873 sit
806 1818 1107 1887 increpatio
1146 1816 1405 1883 sapientis
1434 1854 1447 1876 ,
1482 1830 1701 1868 carmen
1737 1830 1871 1869 vero
1904 1815 2280 1883 insipientium

707 1911 933 1964 n.alum.
964 1907 1097 1961 Nam
1134 1907 1239 1959 hoc
1268 1905 1489 1975 quidem
1523 1905 1589 1959 ad
1635 1920 1852 1959 omnem
1898 1906 2184 1960 mollitiem
2221 1920 2283 1959 ac

702 2003 1031 2068 voluptatem
1080 1998 1334 2066 pellicere
1381 1997 1551 2061 Solet,
1613 1997 1949 2051 audientium
2005 1997 2283 2052 fascinans

702 2107 885 2155 aures,
921 2101 976 2145 et
1013 2090 1258 2143 animum
1282 2090 1558 2143 adducens
1590 2104 1653 2143 ac
1685 2089 2011 2158 pertrahens
2044 2089 2282 2145 absurda

702 2186 767 2237 ad
800 2182 941 2237 facta
971 2222 986 2246 ,
1030 2195 1151 2251 qua!
1196 2196 1227 2234 a
1261 2179 1369 2233 Deo
1399 2188 1650 2233 avertunt
1676 2220 1691 2246 ,
1745 2179 2001 2249 viamque
2047 2181 2113 2234 ad
2156 2196 2280 2234 eum

701 2277 965 2331 ferentem
997 2272 1390 2327 intercludunt.
1420 2275 1487 2326 At
1510 2288 1635 2326 vero
1664 2272 1753 2325 illa
1783 2273 2011 2325 istorum
2036 2272 2281 2326 omnium

700 2367 1065 2438 cogitationes
1100 2365 1334 2425 inhibet,
1372 2378 1437 2416 ac
1479 2364 1733 2417 incitatos
1776 2362 2124 2433 libidinisque
2169 2362 2284 2432 ple-

704 2475 807 2513 nos
839 2457 1088 2526 corporis
1126 2465 1307 2509 motus
1329 2454 1455 2508 odio
1486 2454 1707 2516 habere,
1741 2464 1903 2523 atque
1932 2454 2059 2523 fuga
2089 2454 2284 2522 dignos

703 2561 896 2620 putare
942 2548 1128 2602 docet.
1179 2547 1391 2601 Rursus
1448 2560 1670 2599 carmen
1736 2548 2029 2600 stultorum
2083 2546 2285 2601 effusos

705 2642 935 2695 nimium
962 2640 1176 2692 animos
1211 2638 1549 2691 audientium
1577 2638 1726 2699 facit,
1750 2647 1806 2691 ct
1821 2638 2097 2692 eﬂ‘eminat
2123 2646 2287 2706 atque

702 2726 911 2778 cnmllit
938 2724 1209 2794 cogitandi
1244 2724 1377 2779 vim.
1409 2733 1468 2775 ut
1499 2723 1888 2777 immoderatos
1910 2732 2094 2776 ament
2118 2723 2282 2784 risus,

701 2818 980 2871 ctinsanis
1006 2815 1340 2867 clamoribus
1362 2813 1721 2867 delectentur.
1752 2815 1819 2867 At
1846 2824 2036 2868 contra
2070 2814 2285 2884 sapien—

706 2912 775 2962 tis
824 2906 1122 2975 increpatio
1164 2905 1330 2958 animi
1380 2912 1564 2957 motus
1607 2904 1963 2973 comprimit,
2013 2914 2069 2959 et
2122 2906 2288 2961 corde

704 2996 942 3050 stimulis
977 3001 1213 3065 puncto,
1264 2992 1330 3044 ad
1378 2992 1750 3061 Iacrymarum
1785 2990 1964 3045 fontes
2011 3007 2075 3045 ex
2116 2992 2289 3046 oculis

704 3088 928 3142 ciendos
973 3086 1213 3140 adducit.
1261 3082 1375 3139 Hoc
1426 3099 1590 3151 porro
1629 3099 1725 3152 per
1772 3084 2012 3153 seipsum
2060 3084 2288 3136 omnino

706 3182 907 3234 bonum
938 3186 1044 3240 est,
1078 3192 1201 3231 cum
1230 3176 1523 3229 utilitatem
1550 3174 1743 3230 aﬂ'erat
1763 3184 1817 3230 et
1848 3175 2078 3230 salutem
2107 3194 2121 3229 :
2156 3176 2285 3228 illud

2469 605 2724 670 Ἀγαθὸν
2769 604 2832 654 τὸ
2868 598 3123 654 ἀκοῦσαι
3164 600 3517 668 ἑππίωισν
3554 601 3794 670 σοφοῦ,
3845 605 3993 667 ὑπὲρ

2378 695 2573 763 ἄνδρα
2608 696 2963 749 ἀκούσαντα
3013 688 3182 762 ᾆσμα
3222 684 3506 759 ἂρρόνων
3532 710 3545 722 ·
3572 693 3669 745 ὅτι
3699 694 3793 758 ὡς
3820 696 3991 761 φωνὴ

2381 786 2500 841 τῶν
2520 786 2803 841 ἀκανθῶν
2829 785 2949 841 ὑπὸ
2974 787 3084 837 τὸν
3104 785 3353 852 λέϐητα,
3383 784 3574 850 οὕτως
3597 788 3634 838 ὀ
3655 785 3864 854 γέλως
3880 787 3994 837 τῶν

2379 881 2536 949 iipr
2542 896 2683 933 νων.

2449 972 2571 1025 Τῶν
2624 972 2985 1036 ἀντιθετικῶς
3061 972 3451 1041 ἐκφερομένων
3517 972 3801 1042 ἐχόμενος
3872 971 3987 1031 ἔτι,

2384 1066 2710 1136 πρεπόντως
2738 1066 3154 1119 ἀποδιαστέλλει
3179 1065 3288 1117 τῶν
3313 1064 3579 1133 χειρόνων
3613 1067 3687 1117 τά
3726 1064 3991 1133 κρείττω,

2381 1156 2479 1208 καὶ
2495 1154 2709 1224 τίθησιν
2726 1155 2905 1225 ἀληθῆ
2925 1154 3106 1219 δόξαν,
3128 1153 3224 1206 καὶ
3245 1154 3656 1224 προσαγορεύει
3682 1154 3749 1205 τὸ
3776 1152 3993 1204 λυσιτε-

2382 1246 2473 1309 λὲς
2496 1247 2725 1316 ἀγαθὸν,
2749 1247 2845 1300 καὶ
2872 1246 3015 1300 κατά
3036 1247 3099 1298 τδ
3119 1244 3415 1299 ἀκόλουθον
3445 1246 3506 1297 τὸ
3537 1242 3995 1297 ἀντιδιαστελλόο

2386 1355 2547 1409 μενον
2599 1338 2867 1409 πονηρόν.
2901 1338 2965 1390 Εἰ
3009 1337 3120 1407 γάρ
3174 1339 3270 1390 καὶ
3331 1337 3482 1389 δοκεῖ
3519 1353 3643 1399 πως
3676 1339 3837 1387 κατα
3870 1335 3996 1400 σύγ-

2385 1448 2568 1502 κρισιν
2602 1451 2621 1482 ι
2659 1434 2721 1484 τὸ
2746 1430 2954 1498 ἀγαθὸν
3000 1450 3018 1481 s
3069 1430 3405 1501 ὀνομάζειν,
3463 1432 3521 1481 ὲν
3580 1428 3662 1498 τῷ
3730 1430 3993 1496 φάσκειν,

2394 1542 2413 1573 ι
2460 1522 2605 1593 ὑπὲρ
2656 1522 2827 1593 ἄνδρα
2855 1521 3125 1575 ἀκούοντα
3154 1518 3307 1593 ᾆσμα
3346 1522 3627 1591 ἀφρόνων,
3669 1539 3691 1571 ι
3732 1522 3861 1572 ἀλλ’
3901 1523 3994 1587 οἰχ

2383 1614 2461 1676 ὡς
2528 1613 2739 1680 ἀγαθοῦ
2793 1614 2891 1665 καὶ
2943 1612 3140 1664 τούτου
3211 1612 3806 1683 παραλαμϐανομένου
3838 1651 3856 1674 ,
3900 1613 3993 1680 τὴν

2391 1726 2411 1757 ι
2447 1708 2589 1777 ὑπὲρ
2623 1726 2641 1757 ι
2676 1707 2863 1776 τίθησι
2915 1706 3179 1776 πρόθεσιν
3204 1724 3219 1738 ο
3265 1708 3384 1761 ἀλλ’
3418 1706 3494 1770 ὡς
3544 1708 3674 1759 κατ’
3706 1706 3853 1759 αὐτὸ
3904 1707 3995 1775 μὲν

2385 1799 2596 1866 ἀγαθοῦ
2632 1800 2944 1866 πεφυκυίας
2972 1800 3072 1869 τῆς
3126 1801 3507 1870 ἐπιτιμήσεως
3542 1799 3640 1852 τοῦ
3672 1798 3882 1867 σοφοῦ,
3906 1817 3993 1850 πε-

2387 1890 2556 1960 νηροῦ
2583 1891 2641 1943 δὲ
2670 1889 2765 1944 τοῦ
2798 1890 3046 1962 ᾅσματος
3069 1892 3179 1945 τῶν
3212 1893 3486 1962 ἀφρόνων,
3518 1891 3701 1944 Τοῦτο
3746 1894 3855 1961 μὲν
3889 1892 3993 1958 γὰρ

2388 1982 2530 2052 πρὸς
2560 1984 2743 2036 πᾶσαν
2805 1983 3021 2049 πέφυκε
3071 1983 3435 2049 καταθέλγειν
3464 1984 3824 2053 ἡδυπάθειαν
3867 2001 3994 2052 σαρ-

2386 2076 2571 2146 κικὴν,
2609 2076 3027 2146 καταγοητεῦον
3048 2077 3160 2130 τῶν
3195 2077 3511 2130 ἀκουόντων
3534 2079 3636 2138 τὰς
3666 2079 3879 2139 ἀκοὰ..)
3904 2077 3993 2129 καὶ

2385 2166 2707 2238 παρασύρον
2744 2168 2842 2220 καὶ
2895 2167 3199 2221 κατασπῶν
3240 2169 3341 2239 τὴν
3372 2167 3554 2238 ψυχὴν
3584 2171 3666 2230 είς
3696 2170 3805 2231 τὰς
3838 2172 3991 2222 ἀναι-

2390 2259 2612 2327 ρετικάς
2676 2261 2771 2312 καὶ
2831 2259 3145 2330 φθαρτικὰς
3202 2260 3304 2331 τῆς
3362 2260 3500 2331 πρὸς
3532 2260 3673 2314 Θεὸν
3708 2263 3989 2330 φερούσης

2385 2350 2508 2404 ὁδοῦ
2540 2350 2774 2420 πράξεις
2798 2352 3056 2415 ἀτόπους.
3102 2349 3319 2423 Ἑκείνη
3360 2353 3417 2407 δὲ
3452 2354 3668 2407 τούτων
3725 2356 3988 2409 ἁπάντων

2386 2442 2710 2495 ἀναστέλλει
2738 2444 2865 2507 τοὺς
2923 2444 3243 2513 λογισμοὺς,
3269 2446 3366 2497 καὶ
3422 2446 3702 2515 στυγητάς
3736 2450 3838 2500 καὶ
3870 2466 3989 2516 φευ-

2387 2536 2522 2598 κτὰς
2551 2536 2807 2603 ἡγεῖσθαι
2842 2537 3260 2607 παρασκευάζει
3292 2538 3391 2601 τὰς
3422 2540 3701 2609 ἐμπαθεῖς
3735 2543 3837 2594 καὶ
3868 2542 3986 2609 φιλ-

2384 2626 2610 2693 ηδόνους
2649 2628 2897 2697 κινήσεις
2924 2626 3021 2680 τοῦ
3056 2629 3331 2698 σώματος.
3361 2630 3436 2683 Τὸ
3463 2626 3619 2701 ᾆσμα
3659 2632 3775 2684 τῶν
3811 2634 3987 2701 ἀφρόο

2391 2738 2495 2773 νων
2529 2719 2936 2791 διακεχυμένας
2971 2724 3117 2774 ποιεῖ
3160 2722 3259 2785 τὰς
3288 2722 3398 2775 τῶν
3431 2727 3823 2791 πεπυσμένων
3852 2741 3987 2789 καρσ

2387 2810 2528 2874 δίας,
2557 2809 2649 2861 καὶ
2702 2790 3071 2878 κατέθηλύνει
3097 2811 3193 2862 καὶ
3253 2790 3701 2878 καταμαλακίζει
3737 2812 3871 2873 τοὺς
3907 2810 3990 2860 λο-

2390 2902 2644 2970 γισμοὺς,
2677 2900 2772 2953 καὶ
2800 2902 2940 2971 πρὸς
2996 2901 3240 2966 γέλωτας
3296 2902 3569 2962 ἀτάκτους
3610 2902 3712 2953 καὶ
3751 2900 3990 2969 μεγαλο-

2391 2992 2603 3062 φώνους
2628 2992 3019 3061 μετακαλεῖται
3052 2994 3148 3046 καὶ
3176 2992 3507 3061 διατίθησιν.
3552 2990 3615 3044 ’11
3660 2993 3722 3045 δὲ
3760 2991 3863 3045 τοῦ
3902 3010 3992 3045 σο-

2391 3086 2493 3154 φοῦ
2526 3086 2848 3156 ἐπιτίμησις
2888 3085 3129 3155 ἔμπαλιν
3189 3086 3475 3139 συστέλλει
3533 3085 3637 3155 τῆς
3672 3086 3865 3155 ψυχῆς
3894 3087 3991 3148 τὰς

2390 3176 2656 3245 κινήσεις,
2689 3178 2785 3228 καὶ
2810 3175 3145 3229 κατανύσσει
3173 3176 3273 3245 τὴν
3316 3177 3573 3247 καρδίαν,
3600 3179 3699 3231 καὶ
3732 3180 3991 3249 δακρύων

705 3286 836 3326 vero
870 3270 1237 3332 malum,cum
1274 3266 1435 3321 saluti
1469 3266 1809 3331 adversetur,
1832 3275 1998 3334 atque
2022 3267 2086 3320 ad
2119 3266 2286 3321 inter-

2395 3267 2523 3337 ροἀς
2579 3268 2931 3336 ἀναπέμπειν
2989 3269 3297 3337 εἰσηγεῖται
3348 3269 3436 3321 διὰ
3479 3269 3590 3321 τῶν
3655 3271 3989 3340 ὀφθαλμῶν.

711 3366 846 3417 itum
894 3363 1092 3414 trahat.
1168 3360 1461 3427 Propterea
1519 3358 1656 3411 dixit
1705 3373 1718 3407 :
1770 3375 1788 3407 ι
1819 3356 1956 3422 Quia
1994 3357 2139 3411 sicut
2182 3372 2287 3409 vox

707 3455 989 3523 spinarum
1040 3452 1145 3506 sub
1197 3450 1302 3504 olla
1326 3492 1341 3514 ,
1388 3449 1461 3501 ita
1500 3448 1645 3502 risus
1682 3448 2044 3502 stultorum.»
2081 3448 2292 3518 Quippe

708 3550 854 3601 risus
884 3545 1174 3599 stultorum
1206 3543 1367 3595 inde:
1401 3550 1484 3594 est
1506 3540 1757 3604 desidize,
1795 3555 1917 3608 quae
1954 3541 2087 3608 ipsis
2121 3540 2288 3593 inhae-

707 3647 822 3701 rct,
859 3645 914 3691 et
939 3634 1096 3689 eﬂ‘usi
1156 3634 1323 3688 animi
1361 3648 1425 3687 ac
1452 3632 1585 3685 nihil
1611 3632 1677 3685 de
1716 3632 1782 3685 iis
1813 3632 2140 3698 laborantis,
2169 3647 2292 3701 quae

709 3726 967 3797 prodesse
986 3726 1186 3786 solent,
1218 3732 1273 3777 et
1298 3722 1460 3777 saluti
1489 3737 1610 3776 esse
1632 3726 1860 3791 possu‘nt
1886 3740 1899 3773 :
1931 3723 2291 3791 quemadmo-

709 3823 837 3873 dum
869 3826 924 3871 et
948 3818 1231 3885 spinarum
1262 3815 1477 3869 sonitus
1510 3813 1577 3866 iis
1601 3828 1844 3883 quoque,
1875 3814 1965 3881 qui
1996 3828 2091 3868 eas
2121 3815 2289 3867 mini-

711 3926 799 3965 me
831 3908 1052 3972 vident,
1094 3908 1138 3962 si
1177 3906 1462 3975 strepitum
1492 3905 1760 3957 duntaxat
1794 3904 2106 3967 exaudiant,
2144 3906 2292 3973 ipsas

708 4001 956 4057 comburi
994 3998 1281 4065 signiﬁcat.
1316 3995 1452 4050 Nam
1492 3998 1756 4064 strepitus
1796 4011 1986 4049 carum
2028 3997 2290 4066 subjecta:

710 4092 952 4148 materiae
981 4090 1188 4143 indicat
1220 4088 1461 4157 speciem
1500 4102 1608 4139 non
1648 4086 1834 4140 minus
1855 4126 1871 4151 ,
1903 4102 2067 4155 quam
2096 4088 2291 4141 stulto-

711 4202 832 4240 rum
873 4185 1017 4238 risus
1056 4182 1138 4235 vel
1184 4181 1304 4235 sine
1350 4180 1459 4233 ulla
1492 4178 1596 4231 alia
1639 4178 1947 4247 cognitione
1992 4180 2287 4233 ridentium

707 4277 1037 4332 dementiam
1084 4273 1421 4327 manifestat.
1478 4272 1776 4339 Propterea
1831 4272 1985 4340 171
2039 4271 2286 4326 divinum

708 4372 839 4423 item
883 4366 1162 4421 oraculum
1199 4373 1323 4418 est:
1361 4383 1378 4414 ι
1412 4365 1663 4417 Amictus
1698 4362 1936 4416 hominis
1975 4372 2028 4417 ct
2067 4380 2288 4433 gressus

709 4464 863 4534 pedis
889 4471 943 4514 et
979 4461 1123 4514 risus
1158 4457 1401 4511 dentium
1448 4454 1853 4507 annuntiabunt
1887 4455 1955 4509 de
1987 4470 2053 4508 eo
2097 4454 2232 4524 (60).
2265 4474 2282 4505 ι

711 4556 794 4608 Fit
818 4552 964 4607 enim
992 4546 1420 4619 quodammodo,
1446 4553 1505 4598 ut
1536 4544 1848 4598 interiorem
1878 4544 2289 4598 hominishabi-

2394 3354 2564 3406 Τοῦτο
2593 3355 2651 3406 δὲ
2679 3356 2797 3408 κατ’
2828 3356 2961 3409 αὐτὸ
2992 3356 3237 3424 πέφυκεν
3259 3359 3463 3425 ἀγαθὸν
3490 3362 3738 3423 παντως,
3760 3363 3845 3423 ὡς
3867 3366 3992 3430 ὀνη-

2396 3449 2620 3517 σιφόρον
2650 3448 2745 3500 καὶ
2805 3449 3095 3514 σωστικὸν,
3136 3451 3318 3503 ἐκεῖνο
3354 3450 3413 3503 δὲ
3453 3453 3721 3521 πονηρὸν,
3748 3454 3832 3514 ὡς
3864 3455 3990 3523 βλα-

2394 3540 2591 3592 πτικὸν
2615 3539 2716 3609 τῆς
2747 3540 3026 3611 σωτηρίας
3046 3541 3142 3593 καὶ
3166 3541 3489 3612 φθαρτικόν.
3543 3545 3645 3597 Διά
3680 3546 3855 3599 τοῦτό
3891 3565 3992 3615 φη-

2396 3646 2501 3694 σιν,
2536 3648 2555 3682 ι
2591 3630 2714 3683 Ὀτι
2740 3631 2816 3693 ὡς
2844 3631 2999 3701 φωνὴ
3044 3632 3156 3686 τῶν
3188 3632 3445 3687 ἀκανθῶν
3484 3636 3591 3687 ὑπὸ
3618 3635 3714 3688 τὸν
3757 3638 3988 3712 λέϐητα,

2391 3721 2567 3784 οὕτως
2614 3724 2642 3775 ὀ
2695 3724 2869 3789 γέλως
2894 3725 2922 3777 6
2951 3723 3060 3777 τῶν
3112 3724 3390 3794 ἀφρόνων.
3427 3746 3444 3778 ο
3486 3727 3846 3797 Σημαντικῦς
3884 3732 3989 3798 γάρ

2394 3816 2543 3867 ἐστιν
2594 3817 2623 3867 6
2662 3816 2772 3868 τῶν
2804 3816 3058 3886 ἀφρόνων
3086 3818 3261 3883 γέλως
3287 3820 3389 3887 τῆς
3447 3819 3769 3890 προσούσης
3801 3822 3988 3882 αὐτοῖς

2392 3901 2726 3972 ἀπροσεξίας
2763 3904 2858 3955 καὶ
2880 3903 3284 3983 διακεχυμένης
3308 3907 3539 3976 καρδίας
3582 3910 3686 3976 καὶ,
3715 3912 3988 3981 μηδαμῶς

2393 3992 2670 4063 νηφούσης
2704 3996 2762 4047 ἐν
2786 3996 2898 4057 τοῖς
2920 3996 3269 4066 ὀνησιφόρως
3314 3999 3409 4051 καὶ
3442 4002 3839 4063 σωστικοίς,όν
3868 4005 3989 4070 τρόο

2392 4102 2494 4138 πον
2522 4087 2640 4137 ἐστὶ
2668 4087 2981 4156 σημαντικὴ
3015 4089 3110 4140 καὶ
3158 4087 3267 4140 τῶν
3312 4090 3569 4144 ἀκανθῶν
3608 4094 3642 4162 ἡ
3680 4096 3845 4167 φωνὴ
3896 4099 3987 4150 καὶ

2390 4178 2506 4237 τοῖς
2570 4176 2645 4245 μὴ
2703 4176 2996 4246 βλέπουσιν
3048 4177 3219 4240 αὑτὰς
3261 4180 3327 4232 ὲκ
3358 4180 3453 4232 τοῦ
3500 4181 3664 4250 μόνον
3690 4184 3787 4235 τὸν
3812 4185 3986 4253 ψόφον

2392 4267 2690 4321 ἀκούεσθαι
2734 4270 2832 4338 τῆς
2872 4269 3025 4337 σφῶν
3081 4271 3475 4336 κατακαύσεως
3502 4288 3515 4300 ’
3551 4274 3578 4324 6
3627 4274 3743 4345 γὰρ
3812 4277 3986 4345 ςρόφος

2390 4358 2571 4411 αὐτῶν
2607 4362 3008 4430 χαρακτηρίζει
3036 4361 3135 4430 τῆς
3158 4362 3528 4434 ὑποκειμένης
3557 4364 3692 4435 ὕλης
3726 4367 3789 4419 τὺ
3816 4364 3982 4430 εἶδος,

2392 4450 2570 4511 καθὼς
2593 4452 2622 4501 6
2655 4452 2830 4517 γέλως
2854 4454 2964 4504 τῶν
2987 4454 3241 4523 ἀφρόνων
3258 4457 3663 4525 χαρακτηρίζει
3689 4461 3788 4511 καὶ
3811 4463 3983 4530 χωρὶς

2389 4541 2557 4610 ἄλλης
2590 4541 2736 4605 τινὸς
2772 4542 3117 4609 διαγνώσεως
3162 4544 3262 4614 τὴν
3313 4547 3423 4601 τῶν
3482 4549 3781 4616 γελώντων
3823 4558 3983 4607 dum-

707 4659 849 4709 tum,
875 4657 1057 4697 mores
1077 4640 1285 4694 scilicet
1306 4636 1572 4705 cujusque
1592 4643 1647 4690 et
1667 4634 2004 4697 affectiones,
2028 4645 2286 4691 externus

2392 4634 2568 4687 εσίαν.
2592 4635 2693 4687 Διά
2736 4634 2895 4687 τοῦτο
2922 4636 3086 4689 πάλιν
3132 4641 3193 4689 τὸ
3226 4637 3442 4705 λόγιον·
3488 4660 3507 4692 ι
3545 4642 3855 4712 Στολισμὸς
3897 4646 3983 4697 ἀν-

706 4734 1041 4805 quibusdam
1067 4730 1229 4783 veluti
1261 4729 1449 4797 liguris
1468 4736 1629 4796 atque
1657 4728 1802 4780 notis
1816 4726 2082 4797 designet.
2100 4726 2280 4781 Enim-

707 4843 837 4882 vero
867 4823 1101 4893 subjecit
1134 4821 1352 4890 sapiens
1386 4818 1743 4874 Ecclesiastes
1771 4836 1785 4871 :

2387 4725 2512 4794 δρὸς
2542 4724 2632 4776 καὶ
2665 4724 2817 4793 βῆμα
2848 4725 3006 4787 ποδὸς
3028 4729 3125 4779 καὶ
3155 4728 3330 4793 γέλως
3376 4730 3610 4783 ὀδόντων
3646 4734 3979 4800 ἀγγέλλουσι

2388 4817 2457 4869 τὰ
2490 4818 2618 4886 περὶ
2652 4816 2842 4869 αὐτοῦ.
2890 4838 2907 4868 s
2945 4818 3164 4887 Πέφυκε
3200 4820 3310 4890 γάρ
3337 4838 3454 4886 πως
3499 4824 3603 4894 τὴν
3628 4830 3980 4883 κατάστασιν

704 4920 803 4974 τοῦ
862 4915 1011 4976 ἐντὸς
1068 4909 1360 4981 ἀνθρώπου
1426 4907 1854 4979 χαρακτηρίζειν
1900 4910 1930 4961 6
1979 4909 2179 4973 ἔξωθεν
2208 4912 2285 4975 ὡς
2358 4913 2451 4967 διὰ,
2514 4926 2675 4961 τινων
2740 4910 3027 4962 εἰκονικῶν
3084 4915 3456 4983 χαρακτήρων
3500 4917 3596 4968 καὶ
3652 4925 3975 4991 σχημάτων,

706 5013 818 5067 τῶν
853 5008 997 5062 ἰδίων
1026 5004 1174 5073 ἡυῶν
1227 5002 1479 5072 δηλονότι
1516 5004 1611 5056 καὶ
1677 5005 2019 5073 κινημάτων.
2070 5005 2289 5075 Ἀμέλει
2328 5007 2510 5060 τοίνυν
2545 5005 2828 5072 ἐπήγαγεν
2860 5002 2889 5054 6
2926 5004 3091 5073 σοφὸς
3133 5004 3569 5077 Ἐκκλησιαστής
3595 5026 3610 5038 -

2274 5122 2301 5193 ς
2338 5122 2423 5175 Ix.

782 5243 949 5295 Vens.
988 5240 1111 5294 7-8.
1158 5237 1337 5292 Etiam
1380 5238 1475 5289 hoc
1504 5236 1716 5290 uanitas
1747 5251 1766 5289 :
1793 5238 2043 5305 quoniam
2074 5238 2280 5290 calum-

706 5340 801 5393 nia
850 5332 1154 5400 circumfert
1217 5332 1548 5398 sapientem,
1598 5338 1647 5385 et
1712 5329 1881 5398 perdit
1941 5346 2032 5383 cor
2091 5332 2281 5399 rigori,

704 5426 984 5501 cjuswl).
1062 5470 1070 5480 .
2122 5480 2123 5483 η
2210 5440 2213 5441 ⁷

782 5561 894 5632 (59)
936 5561 1088 5631 Apud
1126 5558 1260 5632 LXX
1298 5560 1494 5628 legitur
1536 5558 1802 5614 ἀκούοντα
1840 5554 2012 5629 ᾆσμα,
2044 5566 2097 5612 ct
2124 5557 2272 5614 dcsi-

710 5630 933 5688 deratur
960 5633 1043 5684 ὅτι
1077 5644 1203 5685 ante
1228 5630 1302 5689 ὡς
1333 5633 1507 5699 φωνή.

785 5704 895 5771 (till)
933 5701 1300 5757 Ecclesiastic.
1336 5698 1457 5762 m.
1496 5700 1585 5765 27,
1674 5698 1777 5771 sed
1815 5698 1966 5771 apud
1995 5698 2157 5771 LXX
2206 5699 2285 5754 sic

712 5768 973 5840 1,.g'i.mis,
1010 5772 1301 5840 Στολισμὸς
1333 5772 1525 5841 ἀνδρὸς
1567 5772 1657 5820 καὶ
1682 5770 1874 5841 γέλως
1920 5768 2146 5841 ὀδόντων
2191 5770 2284 5822 καὶ

714 5839 934 5915 βήματα
977 5839 1263 5915 ἀνθρώπου
1294 5839 1613 5911 ἀναγγέλλει
1640 5840 1705 5893 τὰ
1735 5843 1860 5911 περὶ
1896 5839 2082 5893 αὐτοῦ.

2467 5243 2573 5294 Καὶ
2608 5258 2673 5309 τε
2730 5239 2907 5293 τοῦτο
2955 5244 3287 5308 ματαιότης
3320 5244 3451 5297 ’ὅτι
3496 5245 3535 5311 ἡ
3587 5254 3977 5316 συκοφαντία

2389 5333 2687 5401 περιφέρει
2730 5331 2946 5399 σοφὸν,
2983 5333 3079 5384 καὶ
3110 5334 3408 5388 ἀπολλύει
3436 5336 3551 5405 τὴν
3590 5340 3851 5405 καρδίαν
3881 5348 3980 5396 εί·-

2386 5424 2593 5487 τονίιις
2621 5424 2827 5476 αὑτοῦ.

2458 5560 2568 5634 (61)
2612 5561 2679 5615 At
2721 5561 2861 5616 LXX
2888 5562 3083 5617 habent
3120 5564 3220 5634 τὴν
3268 5563 3495 5634 καρδίαν
3551 5566 3841 5633 εὐγενείας
3880 5570 3976 5620 αὖε

2385 5632 2504 5695 τοῦ,
2541 5634 2592 5684 in
2627 5635 3036 5703 exemplaribus
3100 5632 3285 5702 utique
3348 5632 3558 5689 tantum
3590 5632 3760 5703 ,quaa
3828 5655 3972 5692 nunc

2386 5717 2683 5777 versamus
2717 5719 2908 5777 :_nam
2972 5720 3094 5774 qum
3165 5707 3299 5758 vidit
3366 5704 3767 5777 Hieronymus,
3821 5709 3976 5761 stltu—

2387 5772 2506 5835 νίας
2539 5774 2893 5827 exhibebant.
