4166 6434
731 380 839 447 999

1844 378 1904 437 S.
1948 376 2327 437 GREGORII
2370 377 2891 439 AGRIGENTINI

3909 376 4036 446 Ῑθω

734 507 962 561 verant,
994 493 1216 567 prazmia
1250 493 1526 548 inventuri
1559 494 1687 548 sint.
1729 492 2021 548 Enimvero
2047 495 2175 548 dum
2208 494 2322 548 ha-c

2429 492 2807 558 κακοπαθείας
2841 495 3142 566 ἀνονήτους
3201 496 3599 566 ἀνθαιροῦνται
3650 497 3754 549 καὶ⁵
3808 496 4035 565 φέροις.

732 590 1059 660 insipientes
1084 586 1355 656 garriunt,
1397 599 1540 654 sape
1568 584 1659 653 qui
1689 586 1911 655 sapiens
1942 601 2065 641 esse
2088 586 2326 650 videtur,

737 699 863 737 cum
897 696 958 735 ea
991 679 1185 734 crebro
1215 687 1588 748 perpetuoque
1618 679 1825 741 audiat,
1867 677 2174 745 despondet
2202 677 2323 730 ani-

740 787 911 833 mum,
940 780 1104 839 atque
1136 770 1191 823 in
1219 769 1436 823 virtutis
1465 769 1649 823 studio
1676 778 1730 822 et
1754 777 1898 821 recte
1931 766 2091 821 lactis
2116 766 2326 819 virilem

736 840 1103 917 constantiam
1146 876 1210 914 ac
1262 861 1432 914 rohur
1482 861 1737 925 remittit;
1792 869 2053 929 tanquam
2109 858 2203 927 qui
2257 858 2329 911 ob

738 958 1029 1011 stultorum
1049 954 1420 1008 contumelias
1445 952 1594 1021 gravi
1624 952 1856 1005 nimium
1887 951 2109 1006 tristitia
2139 966 2205 1004 ac
2226 950 2329 1004 do-

740 1051 858 1106 lore
890 1062 1187 1118 oppressus
1225 1045 1414 1099 fuerit.

2426 584 2716 647 γενναίως,
2772 583 2833 646 ἐξ
2887 578 2962 637 ῶν
3018 584 3175 636 οὐδὲν
3223 586 3704 655 ὠφεληθήσονται,
3760 585 4034 653 μηδεμίαν

2424 672 2535 725 τῶν
2574 672 2957 742 ἐλπιζομένων
2988 673 3174 734 αὐτοῖς
3223 674 3531 743 μελλόντων
3580 676 3829 742 ἀγαθῶν
3875 675 4032 742 εὑρήο

2427 782 2615 826 σοντες
2644 764 2906 834 ἀμοιϐήν.
2939 764 3128 817 Ταῦτα
3154 765 3213 817 δὲ
3240 765 3511 833 λεγόντων
3542 766 3657 818 τῶν
3686 767 3979 835 ἀφρόνων,
4004 768 4025 815 ὁ

2427 856 2593 923 σοφὸς
2622 854 2767 909 εἶναι
2794 850 2996 919 δοκῶν,
3031 856 3251 910 ἀκούων
3284 856 3721 927 ἀλλεπαλλήλως
3755 862 3861 909 καὶ
3912 876 4025 910 συν-

2425 948 2593 1018 εχῶς,
2622 950 2828 1019 πάσχει
2872 949 3139 1012 πολλάκις
3175 950 3402 1017 ἀγεννὲς
3422 950 3620 1013 πάθος,
3661 952 3767 1003 καὶ
3813 950 3920 1019 τῆς
3945 953 4028 1021 dp-

2427 1042 2677 1111 ρενωποῦ
2703 1042 2945 1113 καρδίας
2992 1042 3098 1112 τὴν
3151 1043 3443 1095 συντονίαν
3477 1043 3579 1112 τὴν
3611 1044 3717 1095 ἐπὶ
3749 1045 3877 1104 τοῖς
3902 1044 4025 1109 ἀγα·

738 1140 853 1199 θαίς
888 1140 980 1190 καὶ
1004 1136 1319 1197 σπουδαίοις
1351 1134 1537 1205 ἔργοις
1558 1133 1897 1203 καθυςίησιν
1922 1150 1935 1163 ·
1984 1128 2076 1187 οἷα
2163 1132 2231 1203 δὴ
2266 1130 2589 1201 πληρωθεὶς
2642 1132 2948 1204 ἀχθηδόνος
3014 1132 3113 1186 καὶ
3163 1132 3344 1203 λύπης
3377 1134 3471 1187 ἐπὶ
3503 1133 3585 1203 τῷ
3624 1134 3749 1186 τῶν
3781 1133 4031 1203 ἀςρόνων

736 1233 1051 1303 ὀνειδισμῷ.

809 1326 947 1381 Hinc
1004 1327 1149 1381 enim
1192 1342 1317 1381 cum
1357 1325 1565 1380 Davide
1606 1326 1871 1395 propheta
1919 1326 1973 1379 in
2020 1340 2117 1379 eos
2160 1324 2325 1378 etiam

738 1421 967 1488 questtis
992 1419 1342 1489 prorumpit:
1380 1437 1398 1468 ι
1435 1417 1572 1472 Ecce
1608 1418 1697 1471 isti
1735 1427 2048 1487 peccatores
2073 1427 2126 1471 et
2154 1418 2325 1471 abun-

739 1514 933 1565 dantes
958 1512 1011 1565 in
1045 1512 1302 1563 szeculum
1343 1509 1699 1562 obtinuerunt
1728 1510 1946 1564 divitias
1972 1510 2039 1573 ⁸⁷,
2076 1525 2094 1557 ι
2129 1507 2191 1561 Et
2216 1508 2320 1560 ite-

742 1619 863 1656 rum
894 1622 905 1654 :
936 1622 953 1653 ι
977 1602 1076 1655 Mei
1102 1612 1282 1654 autem
1314 1617 1448 1670 pene
1476 1603 1607 1654 moti
1640 1610 1771 1655 sunt
1800 1602 1986 1671 pedes,
2012 1616 2150 1669 pene
2168 1600 2325 1653 ell'usi

741 1704 869 1745 sunt
909 1706 1130 1760 gressus
1170 1692 1319 1756 mei;
1368 1692 1498 1761 quia
1552 1693 1723 1747 zelavi
1773 1708 1940 1761 super
1977 1700 2324 1761 peceatores,

743 1799 930 1852 pacem
955 1792 1303 1853 peccatorum
1329 1784 1516 1837 videns
1539 1783 1604 1836 ⁸⁸.
1631 1803 1649 1834 ι
1677 1784 1755 1837 Ac
1778 1800 1998 1837 rursum
2024 1802 2037 1836 :
2067 1802 2084 1833 ι
2114 1782 2323 1851 Usque-

742 1889 852 1941 quo
884 1871 1040 1941 173
1072 1880 1408 1939 peccatores,
1433 1871 1680 1931 Domine.
1703 1886 1991 1941 usquequo
2012 1881 2330 1941 peccatores

741 1962 1123 2030 gloriabuntur
1148 1979 1159 2012 :
1196 1961 1506 2016 cﬂ‘abuntur
1535 1972 1589 2014 et
1618 1962 1913 2030 loquentur
1942 1962 2317 2031 iniquitatem,

743 2053 1033 2120 loquentur
1077 2066 1305 2114 omnes,
1344 2052 1449 2121 quia
1486 2062 1781 2123 Operantur
1825 2053 2152 2122 injnstitiam
2182 2052 2267 2106 ⁸³2
2306 2072 2324 2103 ι

742 2139 922 2209 Atque
947 2142 1115 2195 etiam
1150 2157 1275 2196 cum
1306 2141 1541 2198 Jermia
1574 2161 1588 2197 :
1635 2161 1655 2196 ι
1685 2143 1867 2209 Quare
1896 2145 1982 2198 via
2028 2145 2321 2215 impiorum

741 2244 1096 2303 prosperatur
1122 2234 1165 2265 '°
1191 2235 1214 2289 ?
1247 2254 1265 2286 ι
1293 2245 1493 2290 etcum
1526 2237 1728 2290 athleta
1769 2237 1861 2291 illo
1904 2238 2123 2306 pietatis
2142 2237 2284 2293 Jobo
2314 2265 2327 2300 ε

745 2344 765 2376 ι
799 2324 1033 2379 Gemens
1049 2326 1319 2379 dimittam
1340 2328 1624 2381 adversum
1650 2342 1775 2380 eum
1804 2327 2084 2397 eloquium
2114 2344 2317 2394 meum,

743 2419 941 2487 loquar
987 2418 1040 2471 in
1071 2418 1438 2472 amaritudine
1464 2412 1662 2474 animm
1705 2436 1873 2481 mete,
1913 2431 1969 2474 et
2005 2422 2185 2475 dicam
2224 2419 2331 2475 Do-

744 2511 915 2574 tnino,
947 2510 1022 2564 Ne
1051 2526 1137 2565 me
1167 2512 1393 2580 impium
1419 2526 1539 2566 esse
1572 2512 1803 2573 doceas;
1838 2522 1895 2567 et
1934 2529 2101 2582 quare
2133 2528 2219 2568 me
2249 2515 2330 2569 sic

741 2602 1001 2669 iudicasti
1027 2602 1049 2655 ?
1081 2618 1148 2655 an
1184 2604 1385 2656 bonum
1418 2611 1502 2655 est
1530 2601 1650 2668 tibi,
1688 2604 1734 2656 si
1761 2604 1947 2673 inique
1977 2620 2174 2673 egero,
2196 2606 2328 2674 quia

751 2694 1049 2763 repndiasti
1078 2710 1241 2764 opera
1274 2710 1533 2749 manuum
1564 2710 1808 2749 mearum
1831 2735 1845 2759 ,
1871 2706 1924 2750 et
1946 2697 2012 2750 ad
2034 2697 2326 2753 c0nsilium

748 2785 1039 2852 impiorum
1071 2785 1541 2839 animadvertisti?
1583 2801 1711 2841 num
1750 2796 1810 2841 ut
1854 2788 2020 2841 homo
2052 2789 2234 2854 videt,
2270 2800 2326 2844 ιιι

743 2881 1031 2950 despectas
1060 2879 1208 2950 (ιδῃ
1242 2899 1261 2932 ι

818 2973 1141 3042 Hnjnsmodi
1210 2988 1340 3042 ergo
1402 2973 1455 3026 in
1521 2988 1806 3028 sermones
1866 2975 2112 3043 sapiente
2160 2976 2324 3030 etiam

2500 1317 2726 1387 Πρόεισι
2777 1316 2888 1385 γὰρ
2948 1316 3204 1371 ἐντεῦθεν
3248 1319 3343 1369 καὶ
3373 1319 3453 1380 είς
3512 1318 3576 1370 τὸ
3604 1318 3867 1386 φάσκειν
3906 1320 4032 1386 μετὰ

2427 1408 2523 1463 τοῦ
2556 1409 2843 1479 προφήτου
2892 1408 3063 1461 Δαϐίδ
3086 1426 3099 1437 ·
3127 1428 3147 1459 ι
3196 1409 3331 1461 Ἰδοὺ
3382 1403 3530 1461 οὗτοι
3576 1408 3928 1478 ἁμαρτωλοὶ
3951 1414 4033 1459 καὶ

2427 1499 2790 1567 εὐθηνοῦντες
2823 1500 2903 1561 είς
2958 1500 3048 1551 τὸν
3092 1500 3293 1561 αἰῶνα,
3349 1502 3619 1568 κατέσχον
3681 1501 3975 1552 alo-3193'
4012 1518 4026 1547 ι

2426 1593 2523 1645 καὶ
2554 1593 2741 1652 πάλιν,
2790 1609 2809 1641 ι
2860 1588 3027 1658 Ἐμοῦ
3056 1590 3116 1642 δὲ
3166 1590 3320 1657 παρά
3381 1594 3581 1660 μικρὶν
3644 1590 4031 1659 ὲσαλεύὓησαν

2426 1684 2479 1735 oi
2529 1684 2728 1739 πόδεςο
2760 1683 2891 1751 παρ’
2927 1681 3111 1748 ὀλίγον
3158 1682 3502 1751 ἐξεχύθησαν
3577 1682 3653 1734 τά
3708 1681 4031 1750 διαϐήματά

2436 1793 2539 1846 μου
2562 1793 2575 1805 ·
2611 1777 2693 1828 ὅτι
2725 1775 2979 1845 ἐζήλωσα
3022 1775 3119 1827 ἐπὶ
3164 1778 3281 1837 τοῖς
3308 1776 3530 1844 ἀνόμοις
3579 1779 3823 1847 είρήνην
3862 1779 4028 1845 ἁμαρ-

2430 1866 2621 1921 τωλῶν
2646 1866 2893 1937 θεωρῶν.
2937 1886 2955 1918 ι
2986 1867 3100 1921 Καὶ
3126 1866 3315 1933 πάλιν,
3350 1887 3369 1919 ι
3408 1870 3555 1932 Ἕως
3589 1872 3729 1922 πότε
3764 1871 4027 1939 ἀμαρτω-

2431 1959 2535 2021 λοὶ,
2563 1958 2761 2029 Κύριε,
2784 1958 2891 2021 ἕως
2915 1959 3044 2011 πότε
3063 1961 3383 2031 ἁμαρτωλοὶ
3416 1964 3805 2033 καυχήσονται
3836 1982 3852 1994 ·
3880 1965 4030 2033 φθέγ-

2434 2051 2617 2117 ξονται
2645 2052 2741 2105 καὶ
2785 2051 3120 2122 λαλήσουσιν
3171 2054 3431 2107 ἀδικίαν·
3467 2055 3785 2126 λαλήσουσι
3838 2059 4029 2111 πάντες

2431 2146 2482 2197 ot
2512 2142 2875 2214 ἐργαζόμενοι
2902 2143 3007 2213 τὴν
3035 2145 3274 2216 ἀνομίαν
3302 2162 3317 2211 ;
3345 2165 3363 2197 ι
3399 2148 3511 2201 Καὶ
3542 2149 3741 2218 μέντοι
3767 2152 3869 2203 καὶ
3903 2154 4027 2220 μετὰ

2431 2235 2526 2288 τοῦ
2556 2234 2822 2305 Ἱερεμίου
2850 2250 2864 2264 ”
2905 2253 2924 2285 ι
2951 2235 3017 2287 Τί
3040 2237 3123 2289 ὅτι
3147 2237 3267 2300 ὁδός
3290 2239 3508 2291 ἀσεϐῶν
3531 2240 3831 2294 εὖοδοῦται
3854 2259 3870 2303 ;
3902 2261 3922 2291 ι
3945 2244 4027 2293 καὶ

2434 2327 2596 2381 πάλιν
2630 2329 2771 2398 μετά
2800 2327 2897 2381 τοῦ
2919 2328 3161 2398 ἀθλητοῦ
3191 2330 3295 2399 τῆς
3318 2332 3609 2396 εὐσεϐείας
3643 2334 3775 2386 Ἰὼϐ
3800 2352 3813 2364 ·
3847 2353 3869 2385 ι
3915 2336 4029 2387 Στέ-

2431 2436 2539 2473 νων
2560 2420 2761 2489 ἀφήσω
2794 2419 2881 2472 ἐπ’
2915 2420 3081 2475 αὑτὸν
3130 2422 3199 2475 τά
3255 2424 3483 2493 ῥήματά
3524 2442 3631 2493 μου
3656 2441 3670 2455 '
3706 2426 3941 2495 λαλήσω
3979 2428 4027 2478 δὲ

2431 2511 2631 2582 πικρίᾳ
2653 2511 2836 2582 ψυχῆς
2871 2514 3261 2583 συνεχόμενος,
3296 2518 3391 2569 καὶ
3424 2516 3536 2586 ἐρῶ
3581 2516 3731 2587 πρὸς
3782 2518 3991 2587 Κύριον
4012 2534 4024 2545 ·

2431 2604 2523 2675 Μή
2558 2620 2630 2674 με
2654 2605 2874 2658 ἀσεϐεῖν
2904 2606 3127 2659 δίδασκε
3151 2625 3165 2639 ’
3200 2608 3297 2661 καὶ
3327 2609 3417 2661 διὰ
3456 2611 3510 2661 τί
3550 2628 3621 2680 με
3667 2612 3854 2674 οὕτως
3889 2614 4028 2681 Expr-

2430 2713 2526 2761 νας
2558 2714 2574 2763 ;
2611 2698 2645 2769 ἦ
2683 2697 2847 2751 καλόν
2884 2715 2989 2761 σοι,
3022 2700 3119 2752 ἐὰν
3164 2700 3432 2769 ἀδικήσω,
3482 2704 3567 2755 ὅτι
3610 2705 3867 2765 ἀπεῖπας
3901 2707 4026 2775 ἔργα

2429 2788 2636 2859 χειρῶν
2674 2807 2800 2860 μου,
2837 2790 3003 2859 βουλῇ
3044 2790 3104 2843 δὲ
3131 2792 3346 2844 ἀσεϐῶν
3380 2795 3693 2864 προσέσχες
3731 2813 3746 2859 ;
3776 2797 3811 2865 ἧ
3845 2795 4028 2865 ὥσπερ

2430 2882 2459 2933 ὁ
2495 2880 2685 2949 βροτὸς
2713 2884 2838 2953 ὁρᾷ,
2880 2883 3167 2953 καθορᾷς;
3208 2902 3227 2934 ι

2503 2974 2647 3042 Πρὸς
2680 2976 2807 3037 τοὺς
2842 2975 3125 3037 τοιούτους
3154 2972 3250 3029 οὖν
3277 2976 3471 3044 λόγους
3503 2978 3920 3049 ὑπενεχθέντος
3941 2985 4027 3034 καὶ

742 3067 998 3135 prolapso
1032 3066 1103 3119 ob
1132 3067 1429 3121 instructas
1474 3068 1577 3121 sihi
1624 3083 1653 3121 a
1692 3066 1877 3121 stultis
1922 3066 2228 3122 calumnias
2271 3078 2326 3122 et

2429 3064 2523 3116 τοῦ
2557 3063 2724 3133 σοφοῦ
2750 3065 2839 3119 διά
2866 3066 2965 3136 τὴν
2995 3066 3106 3119 τῶν
3136 3068 3388 3135 ἀφρόνων
3410 3072 3722 3141 γενομένην
3761 3076 3848 3136 εἰς
3871 3076 4028 3127 αὐτον

750 3167 1039 3227 perpetuas
1069 3160 1382 3212 eorumdent
1431 3159 1852 3214 obtreCtationes
1898 3168 1965 3221 et,
1991 3160 2233 3214 convicia
2273 3168 2328 3214 et

752 3251 1013 3313 ludthria;
1042 3266 1165 3304 cum
1205 3250 1293 3303 ille
1324 3250 1554 3303 subinde
1585 3250 1653 3304 ad
1694 3265 1753 3304 se
1782 3250 1892 3303 cito
1926 3252 2128 3315 redeat,
2153 3260 2207 3304 et
2238 3267 2329 3304 su-

749 3340 1191 3411 pervenientibus
1222 3340 1321 3407 ipsi
1352 3338 1510 3392 facile
1534 3380 1546 3398 .
1596 3350 1656 3393 ut
1701 3340 1939 3393 humana
1977 3340 2327 3394 imbecillitas

750 3433 887 3495 fert,
921 3431 1381 3501 cogitationibus,
1413 3446 1535 3499 quae
1565 3429 1742 3483 virum
1774 3447 1881 3484 non
1907 3430 2171 3495 deceant,
2207 3431 2329 3485 ani-

748 3540 897 3578 mum
931 3525 1057 3578 item
1094 3540 1157 3578 ac
1186 3524 1425 3594 linguam
1474 3525 1539 3577 ad
1576 3526 1875 3595 gratiarum
1908 3527 2175 3581 actionem
2209 3543 2331 3581 rur-

746 3631 868 3668 sum
899 3624 1209 3680 convertat,
1243 3626 1406 3683 atqne
1449 3616 1513 3668 ad
1544 3617 1760 3670 laudem
1790 3618 1980 3685 optimi
2021 3617 2330 3673 Conditoris

748 3705 919 3759 nostri
948 3704 1039 3758 Dei
1068 3721 1131 3759 ac
1160 3706 1394 3769 Domini,
1418 3706 1510 3775 qui
1537 3708 1724 3760 omnia
1748 3708 2011 3763 divinitus
2038 3711 2326 3777 ponderat,

745 3798 967 3866 etjusta
1005 3797 1160 3852 lance
1193 3799 1476 3852 hominum
1517 3815 1603 3853 res
1698 3800 2076 3863 amdinistrat,
2114 3803 2333 3871 sapien-

748 3900 831 3943 ter
857 3890 1083 3943 omnino
1114 3900 1277 3956 atque
1306 3891 1543 3956 utiliter;
1578 3892 1781 3946 idcirco
1804 3893 2023 3961 sapiens
2057 3891 2330 3949 Ecclesia-

733 3994 844 4038 stes
857 3981 1087 4049 subjecit
1118 3983 1367 4050 protinus
1394 3998 1410 4036 :

2431 3155 2805 3223 συκοφαντίαν
2835 3159 2929 3210 καὶ
2957 3158 3214 3230 διαϐολὴν
3247 3161 3473 3230 συνεχῆ,
3510 3165 3608 3215 καὶ
3646 3164 3747 3216 τὸν
3795 3170 4027 3233 καταγέ-

2430 3244 2576 3296 λωτα
2630 3245 2725 3297 καὶ
2768 3244 2868 3314 τὴν
2923 3249 3254 3317 παροινίαν’
3291 3245 3414 3303 εἶτα
3455 3251 3621 3304 πάλιν
3653 3253 3867 3307 θᾶττον
3903 3259 4028 3323 πρῖς

2431 3335 2624 3387 ἑαυτὸν
2653 3338 2993 3401 ἐπανιόντος,
3024 3339 3121 3391 καὶ
3152 3340 3265 3392 τῶν
3292 3341 3428 3410 πρὸς
3463 3344 3665 3413 μικρὸν
3689 3345 4027 3399 ἐπανελθουο

2433 3426 2543 3478 σῶν
2580 3428 2729 3498 αὐτῷ
2766 3428 2840 3499 μὴ
2874 3432 3276 3499 προσηκουσῶν
3332 3433 3693 3505 ἐνθυμήσεων
3724 3438 3791 3501 ἐξ
3820 3438 4026 3509 ἀνθρω-

2431 3519 2598 3587 πίνης
2639 3521 3039 3589 μικροψυχίας,
3085 3522 3184 3574 καὶ
3216 3523 3378 3577 πάλιν
3410 3528 3551 3594 πρὸς
3576 3528 3923 3597 εὐχάριστον
3950 3534 4027 3583 αἰ-

2431 3628 2582 3665 νεσιν
2613 3612 2711 3663 καὶ
2740 3611 3054 3679 δοξολογίαν
3081 3612 3177 3665 καὶ
3203 3613 3302 3683 τὴν
3324 3615 3560 3685 καρδίαν
3583 3619 3683 3669 καὶ
3712 3619 3827 3687 τὴν
3860 3620 4025 3687 γλῶτο

2424 3720 2524 3756 ταν
2556 3705 2879 3773 κινήσαντος
2909 3705 3006 3774 τὴν
3038 3705 3175 3775 πρὸς
3204 3705 3297 3758 τὸν
3333 3707 3541 3775 ἀγαθὸν
3588 3710 3750 3779 ἡμῶν
3789 3713 4023 3781 Ποιητῇ

2425 3798 2519 3847 καὶ
2574 3794 2709 3846 Θεὸν
2764 3796 2858 3847 καὶ
2903 3796 3211 3868 Δεσπότην,
3242 3798 3305 3850 τὸ
3335 3800 3405 3851 τά
3453 3802 3635 3854 πάντα
3694 3803 4022 3872 θεοπρεπῶς

2408 3886 2848 3955 σαλαντεύοντα,
2881 3889 2975 3941 καὶ
3032 3889 3221 3960 δικαίᾳ
3260 3894 3506 3963 τρυτάνῃ
3565 3892 3635 3945 τὰ
3696 3896 4024 3967 ἀνθρώπιηα

2433 3979 2728 4046 πανσόςως
2802 3982 3113 4034 διοικοῦντα
3169 3983 3264 4035 καὶ
3319 3987 3758 4055 συμφερόντως·
3798 3990 4022 4058 ipsa»;

2426 4070 2711 4140 ἐπήγαγεν
2739 4072 2767 4124 ὁ
2801 4072 2965 4139 σοφὸς
3007 4072 3448 4143 Ἐκκλησιαστής
3470 4093 3484 4106 ·

2329 4206 2445 4278 5x.

824 4310 989 4373 Vens.
1024 4319 1075 4374 9.
1121 4317 1325 4376 Bonum
1357 4333 1431 4378 cst
1466 4326 1806 4381 novissimum
1836 4340 2137 4382 sermonum
2166 4346 2325 4400 super
2356 4334 2403 4393 ι)

747 4412 1069 4479 principium
1103 4412 1241 4481 ejus.

824 4498 1148 4564 Sermones,
1194 4504 1289 4572 qui
1322 4506 1559 4574 primum
1591 4524 1656 4561 ex
1695 4508 1930 4563 humana
1969 4511 2283 4566 inllrmitate
2309 4551 2325 4576 ,

751 4599 917 4659 atque
947 4592 1000 4643 in
1034 4591 1151 4661 ipsa
1183 4597 1383 4649 mentis
1416 4599 1822 4665 perturbatione
1855 4602 2116 4657 adversus
2141 4602 2327 4668 .Dcum

750 4697 1068 4748 supremum
1102 4686 1295 4752 prolati
1321 4701 1469 4753 sunt,
1499 4697 1558 4742 ut
1582 4700 1640 4743 ut
1668 4706 1696 4742 a
1726 4707 1885 4746 servo
1912 4694 2210 4761 prodierint
2240 4697 2328 4764 pio

748 4784 915 4842 atque
952 4774 1235 4841 benevolo,
1271 4792 1336 4832 ac
1362 4778 1575 4834 Domini
1600 4790 1812 4835 tantum
1845 4798 2043 4839 causas
2075 4786 2331 4854 ignorana

751 4871 836 4926 te,
885 4863 927 4915 si
966 4877 1090 4917 cum
1133 4880 1197 4919 eo
1231 4882 1486 4923 sermone
1532 4885 1847 4940 compares,
1882 4874 1975 4943 qni
2013 4889 2042 4926 a
2088 4877 2333 4944 sapiente

749 4954 957 5008 scilicet
996 4956 1100 5010 sub
1130 4957 1291 5012 linem
1324 4966 1709 5030 pronuntiatus
1740 4976 1844 5032 est,
1872 4970 2077 5038 quique
2111 4970 2328 5024 laudem

748 5047 995 5101 continet
1034 5057 1089 5103 et
1121 5052 1420 5119 gratiarum
1459 5057 1729 5111 actionem
1775 5058 1844 5113 de
1875 5060 2163 5126 omnibus,
2211 5076 2332 5130 quae

750 5153 847 5208 per
868 5140 1057 5195 orbem
1090 5142 1565 5213 administrantur,
1594 5148 1683 5203 hic
1710 5151 1901 5220 utique
1932 5152 2106 5207 multo
2135 5154 2331 5208 melior

2513 4333 2718 4403 Ἅγαϐὶρ
2750 4334 2981 4404 ἐσχάτη
3007 4334 3211 4403 λόγων
3234 4336 3384 4406 ὑπὲρ
3403 4338 3605 4407 ἀρχὴν
3624 4340 3851 4395 αὑτοῦ.

2501 4511 2624 4564 Τῶν
2652 4513 2713 4577 ἐξ
2740 4514 3095 4587 ἀνθρωπίνης
3155 4519 3529 4591 μικροψυχίας
3564 4524 3688 4575 κατ’
3710 4526 3905 4594 ἀρχᾶς
3940 4530 4027 4578 καὶ

2429 4603 2524 4656 τοῦ
2585 4605 2749 4660 σάλου
2785 4607 2893 4660 τῶν
2920 4609 3205 4680 λογισμῶν
3240 4613 3622 4682 προελθόντων
3664 4616 3854 4684 λόγων
3902 4621 4025 4689 πρὶς

2430 4697 2524 4749 τὸν
2556 4697 2651 4750 ἐπὶ
2690 4700 2912 4753 πάντων
2954 4702 3109 4765 Θεὸν,
3166 4706 3521 4775 ἀγιοπρεπῶς
3577 4708 3679 4778 μὲν
3736 4713 3841 4762 καὶ
3877 4712 4025 4777 δίκην

2433 4789 2780 4861 εὐγνώμονος
2806 4794 3043 4861 οἰκέτου,
3077 4796 3177 4860 τὰς
3230 4798 3409 4862 αἰτίας
3447 4799 3505 4852 δὲ
3548 4802 3612 4854 οὐ
3653 4804 4025 4869 γινώσκοντος

2435 4881 2543 4933 τῶν
2581 4882 2687 4934 ὑπὸ
2714 4884 2811 4936 τοῦ
2842 4887 3122 4940 Δεσπότου
3144 4888 3541 4961 διοικουμένων
3563 4907 3577 4920 ·
3602 4893 3714 4945 ὑπὸ
3738 4895 3841 4947 τοῦ
3870 4897 4023 4966 σονςςό

2432 4973 2634 5045 δηλαδή
2692 4978 3241 5049 προσαγορευθέντος
3273 4984 3307 5053 ή
3336 4982 3423 5037 ἐπ’
3448 4984 3702 5052 ὲσχάτων
3763 4990 4023 5057 γινομένη

2428 5064 2538 5117 τῶν
2560 5065 2736 5119 λόγων
2773 5069 3203 5141 εὐχαριστήριος
3231 5073 3440 5138 αῐνεσις
3474 5074 3619 5145 ὑπὲρ
3664 5078 3901 5132 πάντων
3928 5080 4025 5131 etis

2427 5158 2569 5211 κατὰ
2633 5158 2843 5227 κόσμον
2874 5161 3288 5233 διοικουμένων,
3320 5165 3501 5237 ἀγαθὴ
3554 5167 3766 5237 μᾶλλον
3794 5170 4025 5243 εὕρηται

747 5240 803 5283 et
838 5232 1168 5287 conveniens
1193 5249 1257 5288 ac
1281 5247 1681 5293 consentaneus
1715 5243 2039 5309 reperiatur.
2070 5241 2206 5297 Nam
2235 5244 2328 5313 qui

2429 5248 2521 5300 καὶ
2581 5248 2867 5317 πρέπουσα
2922 5254 3015 5305 καὶ
3063 5232 3424 5325 κατάλληλος,
3474 5232 3680 5329 *γὰρ
3734 5232 4019 5330 σοφός-τες

748 5334 939 5374 revera
974 5325 1191 5392 sapiens
1221 5328 1290 5381 sit
1314 5365 1329 5390 ,
1370 5330 1634 5401 quidquid
1663 5332 1805 5387 circa
1844 5333 2127 5389 hominum
2157 5335 2326 5390 vitam

2429 5340 2541 5393 θντι
2577 5342 2684 5393 πᾶν
2712 5341 2741 5394 ὃ
2774 5340 2966 5412 βλέπει
2997 5348 3092 5399 καὶ
3137 5346 3500 5415 διαγινώσκει
3529 5350 3926 5422 διοικούμενον
3952 5357 4023 5414 εἰς

747 5411 1107 5467 constitutum
1141 5416 1318 5473 videat
1351 5434 1417 5475 ac
1449 5431 1675 5489 noscat,
1709 5424 1782 5478 ita
1813 5425 1974 5481 debet
1993 5426 2281 5483 admittere
2308 5469 2323 5495 ,

2429 5432 2527 5503 τὴν
2543 5411 2896 5505 ἀνθρωπίνην
2919 5438 3089 5507 ζωὴν,
3114 5411 3605 5513 μετ’-εὐχαριστίας
3626 5411 3850 5515 ὀφείλει
3869 5411 4029 5521 προσζ

821 5589 865 5620 ⁵⁷
907 5589 1050 5646 l'sal.
1088 5608 1231 5647 Lxxtt
1262 5634 1277 5660 ,
1310 5596 1393 5649 Η..
1466 5597 1511 5631 ⁸⁸
1551 5600 1685 5656 ibid.
1715 5600 1769 5657 2.
1839 5602 1884 5634 δ’
1914 5601 2056 5659 Psal.
2083 5621 2241 5685 xcnt,
2274 5606 2327 5661 5.

2434 5608 2453 5639 °
2485 5608 2690 5665 Jerem.
2740 5628 2815 5666 xu
2840 5652 2854 5673 ,
2883 5614 2933 5667 l.

816 5766 937 5832 (65;
979 5769 1081 5823 Joh
1106 5788 1158 5835 χ,
1199 5775 1214 5827 l
1248 5790 1399 5846 seqq.
1438 5778 1540 5833 Se!
1577 5785 1717 5852 apud
1749 5784 1882 5839 LXX
1911 5785 2161 5857 legimus,
2189 5790 2273 5843 ὅτι
2313 5792 2329 5844 ἐ

2429 5790 2533 5847 ἔπιε)
2566 5796 2698 5869 ἔργα
2732 5801 2935 5871 χειρῶν
2966 5820 3201 5860 domum
