4166 6434
681 341 816 409 1003
1770 353 1833 415 S.
1889 354 2268 415 GREGORII
2324 358 2419 418 AG
2430 359 2839 425 RIGENTINI

3812 373 3961 438 100i

677 471 798 519 sum
832 464 887 509 et
914 453 1021 508 Deo
1048 456 1270 512 charum
1305 473 1368 510 ac
1411 458 1597 511 virtuti
1637 458 1875 514 deditum
1918 474 2171 531 praestet,
2212 474 2264 519 et

2368 486 2502 533 τοις.
2541 473 2710 525 Ὅταν
2736 476 2793 528 δέ
2826 494 2910 539 τις
2954 476 3245 548 ἄνθρωπος
3284 483 3568 549 σπουδαῖος
3593 486 3688 538 καὶ
3722 487 3964 556 φιλαλή-

679 546 949 615 quosdam
978 545 1173 599 viderit
1204 547 1405 613 injusta
1440 547 1725 615 loquentes
1755 559 1917 618 atque
1964 551 2127 619 impia
2164 551 2259 604 ad-

680 660 870 699 versus
898 660 1168 699 summam
1211 646 1300 699 De:
1332 646 1632 699 bonitatem
1671 662 1734 701 ac
1768 649 2141 715 majestatem,
2175 651 2257 704 vel

680 739 1025 791 tvrannidem
1054 748 1371 793 exercentes
1400 739 1457 791 in
1487 741 1723 808 pupillos
1746 748 1793 791 et
1827 740 2018 795 viduas
2051 753 2104 796 ct
2132 759 2259 812 pau~

681 845 853 893 neres,
888 846 952 885 ac
980 830 1277 898 nullojure
1302 837 1354 884 et
1388 845 1483 899 per
1511 832 1617 885 vim
1649 834 1957 899 proximum
1987 850 2259 904 quemque

678 923 845 977 rrbns
875 923 991 977 suis
1022 923 1320 992 spoliantes
1358 940 1371 975 :
1422 933 1534 977 tum
1580 928 1629 978 is
1674 924 1917 993 profecto
1959 940 2065 995 qua
2105 927 2260 982 decet

678 1018 757 1071 ira
786 1024 845 1070 et
884 1015 1260 1084 indignatione
1290 1022 1646 1078 succenseat,
1674 1025 1913 1085 oportet,
1936 1025 2127 1072 contra
2157 1018 2252 1072 im-

674 1107 878 1176 probos
932 1117 985 1162 et
1032 1108 1280 1163 veritatis
1323 1108 1669 1162 adversarios
1707 1124 1770 1162 ac
1821 1109 2085 1164 mendacii
2127 1125 2261 1166 con-

677 1202 841 1255 scios.
868 1198 973 1255 Sed
996 1200 1278 1254 enimvero
1310 1198 1525 1267 singula
1560 1199 1915 1254 considerare
1942 1200 2257 1271 diligenter,

675 1304 729 1347 ct
780 1301 940 1346 caute
989 1299 1102 1344 tam
1152 1304 1315 1359 opera
1358 1305 1524 1359 quam
1584 1306 1870 1346 sermones
1922 1293 2261 1362 perpendere

675 1400 862 1440 eorum
903 1384 996 1454 qui
1045 1384 1209 1436 vitam
1260 1382 1549 1437 nobiscum
1602 1392 1800 1453 agunt,
1856 1398 2081 1440 necesse
2128 1395 2256 1441 est.

678 1485 737 1530 ut
773 1492 953 1545 neque
989 1473 1261 1543 superbire
1290 1473 1425 1528 vitio
1450 1481 1548 1527 aut
1580 1474 1756 1528 animi
1787 1475 2160 1531 imbecillitate
2193 1477 2261 1532 iis

678 1568 981 1620 irascamur
1002 1604 1017 1629 ,
1059 1562 1153 1633 qui
1187 1562 1323 1615 nihil
1353 1577 1385 1616 a
1420 1564 1623 1631 pietate
1651 1563 2056 1626 discesserunt;
2086 1580 2261 1634 neque

679 1672 899 1712 rursum
928 1655 1081 1710 taciti
1127 1654 1371 1708 feramus
1409 1662 1467 1707 et
1501 1653 1773 1722 patienter
1806 1670 1901 1710 eos
1925 1656 2257 1723 toleremus,

2362 565 2463 634 θης
2491 568 2585 618 καὶ
2626 568 2883 638 θεοφιλὴς
2910 571 3006 622 κα)⁸
3031 572 3326 638 φιλόκαλος
3351 574 3616 647 θεάσηται
3644 596 3807 641 τινας
3847 581 3965 632 tibi.

2361 657 2487 719 κίας
2544 657 2857 723 λαλοῦντας-
2899 664 2993 715 καὶ
3055 662 3410 735 βλασφημίας
3460 668 3541 730 είς
3599 668 3657 721 τὸ
3683 669 3824 738 ὕψος
3855 673 3962 740 τῆς

2361 750 2721 817 θεοπρεποῦς.
2752 752 3096 824 ἀγαθότητος
3137 757 3233 809 καὶ
3271 759 3693 832 μεγαλωσύνης,
3724 764 3757 832 ἦ
3787 781 3965 817 κατα-

2360 843 2789 908 δυναστεύοντας
2815 846 2924 899 τῶν
2960 848 3219 920 ὀρφανῶν
3247 852 3343 904 καὶ
3366 852 3475 906 τῶν
3496 855 3685 925 χηρῶν
3708 859 3811 909 καὶ
3843 856 3959 909 τῶν)

2360 934 2619 1004 πτωχῶν,
2652 936 2751 988 καὶ
2785 938 2853 991 τά
2899 939 3011 991 τῶν
3046 940 3297 1009 πλησίων
3335 943 3781 1013 ἀφαιρουμένους
3811 949 3961 998 κατά

2363 1028 2534 1098 μόνην
2571 1032 2901 1099 τυραννικὴν
2936 1030 3188 1096 ἐξουσίαν
3237 1035 3331 1087 καὶ
3385 1036 3530 1088 κατὰ
3572 1037 3912 1091 δυναστείαν
3938 1055 3955 1069 ·

2359 1120 2667 1189 τηνικαῦτα
2723 1123 2822 1175 καὶ
2867 1123 2961 1176 τὸν
3000 1127 3351 1197 προσήκοντα
3387 1126 3562 1196 θυμὸν
3608 1129 3709 1183 καὶ
3741 1129 3848 1199 τὴν
3880 1130 3961 1181 διο

2361 1210 2525 1262 καίαν
2550 1210 2724 1281 ὀργὴν
2740 1212 2799 1276 ἐξ
2821 1212 3075 1283 ἀνάγκης
3098 1218 3273 1268 κινεῖν
3302 1215 3513 1286 ὀφείλει
3545 1218 3691 1271 κατά
3710 1220 3827 1271 τῶν
3860 1236 3961 1271 πο-

2362 1305 2747 1372 νηρευομένων
2777 1305 2873 1360 καὶ
2906 1306 3008 1375 τῆς
3053 1307 3314 1378 ἀληθείας
3351 1310 3669 1363 ἀντιπάλων
3706 1312 3808 1365 καὶ
3845 1330 3965 1365 συν-

2365 1393 2594 1463 ιστόρων
2637 1394 2734 1447 τοῦ
2764 1395 3018 1464 ψεύδους.
3069 1398 3193 1469 Χρὴ
3250 1400 3434 1452 τοίνυν
3468 1402 3563 1453 ἐπὶ
3601 1405 3744 1455 πᾶσι
3784 1420 3966 1474 προσ-

2363 1484 2509 1555 έχειν
2536 1485 2786 1555 ἀκριὸῶς
2814 1488 2912 1541 καὶ
2941 1490 3137 1556 νήφειν
3169 1493 3285 1553 τοῖς
3315 1490 3501 1561 ἔργοις
3530 1494 3627 1546 καὶ
3643 1494 3834 1561 λόγοις
3851 1493 3963 1544 τῶν

2363 1574 2461 1639 τὰς
2487 1575 2773 1648 διατριϐάς
2814 1578 2937 1648 μεθ’
2967 1580 3125 1651 ἡμῶν
3168 1583 3513 1653 ποιουμένων
3540 1601 3554 1614 ο
3583 1585 3682 1637 καὶ
3716 1585 3865 1654 μήτε
3894 1586 3962 1637 δι’

2366 1662 2782 1739 ὑπερηφανείας
2801 1671 3027 1744 δγκονῆ
3062 1673 3234 1737 πάθος
3268 1676 3644 1746 μικροψυχίας
3683 1678 3962 1747 παροργίο

676 1750 773 1821 qui
831 1748 1167 1804 contrariam
1225 1748 1350 1801 vita:
1401 1746 1669 1801 rationem
1720 1748 1893 1803 iniere
1924 1788 1938 1803 .
1972 1748 2064 1804 Sic
2112 1751 2258 1805 enim

2367 1757 2562 1820 ζεσθαι
2627 1759 2773 1814 κατὰ
2813 1759 2925 1813 τῶν
2983 1759 3255 1831 μηδαμῶς
3300 1764 3694 1832 ἠσεόηκότων·
3727 1746 3861 1837 μήτ’
3890 1763 3959 1819 αὖ

680 1839 1048 1895 mansuetudo
1081 1847 1267 1892 nostra
1291 1845 1346 1892 et
1371 1837 1657 1907 patientia,
1677 1838 1758 1892 sic
1788 1839 1870 1892 ira
1900 1840 2062 1895 etiam
2098 1851 2261 1912 atque

2367 1847 2532 1901 πάλιν
2570 1848 2865 1918 ἀνέχεσθαι
2906 1851 3004 1903 καὶ
3039 1855 3407 1924 παρασιωπᾷν
3441 1854 3537 1906 καὶ
3574 1856 3959 1927 μακροθυμεῖν

677 1932 978 2004 indignatio
1026 1930 1260 1986 Domino
1293 1937 1348 1986 et
1393 1931 1539 1986 bono
1568 1940 1623 1986 et
1647 1931 1801 2001 justo
1864 1932 2261 2005 hominumque

2367 1940 2461 1993 ἐπὶ
2485 1940 2598 1993 τῶν
2626 1941 2695 1994 τά
2750 1944 2870 1995 κατ’
2912 1943 3232 1997 ἐναντίωσιν
3280 1946 3631 2019 ἐκφερόμενα
3675 1948 3957 2019 δρώντων.

677 2026 881 2081 amanti
913 2033 1069 2096 grata
1092 2024 1210 2079 sine
1232 2022 1407 2080 dubio
1440 2024 1625 2078 futura
1660 2034 1767 2089 est,
1791 2039 1917 2079 nam
1950 2024 2053 2080 hoc
2082 2026 2257 2095 ipsum

2368 2028 2527 2082 Οὕτω
2551 2030 2661 2100 γὰρ
2685 2031 2782 2085 καὶ
2808 2031 2869 2084 τὸ
2898 2033 3075 2104 πρᾶον
3109 2032 3268 2102 ἡμῶν
3293 2033 3391 2086 καὶ
3441 2035 3829 2106 μακρόθυμον,
3861 2036 3960 2089 καὶ

677 2118 1009 2175 cmiﬁrmans
1032 2118 1252 2185 sapiens
1275 2115 1637 2172 Ecclesiastes
1662 2116 1752 2182 iis,
1775 2132 1899 2187 quas
1930 2129 2258 2188 sequuntur,

2370 2122 2681 2190 μέντοικαὶ
2705 2123 2736 2175 ό
2764 2122 2936 2193 θυμὸς
2959 2123 3054 2176 καὶ
3080 2124 3115 2193 ἡ
3145 2124 3287 2194 ὀργὴ
3325 2125 3481 2195 παρά
3518 2118 3596 2196 τῷ
3633 2127 3833 2197 ἀγαθῷ
3863 2128 3960 2180 καὶ

677 2211 881 2281 adjecit
916 2209 1169 2280 protinus
1196 2227 1211 2264 :

2367 2212 2563 2283 δικαίῳ
2592 2214 2689 2268 καὶ
2715 2213 3091 2286 φιλανθρώπῳ
3128 2216 3320 2287 Κυρίῳ
3361 2218 3466 2289 τὴν
3494 2218 3777 2291 ἀποδοχὴν
3803 2218 3959 2284 ἐξου-

678 2318 765 2356 σιν
830 2300 1124 2372 ἀριδήλως.
1184 2298 1356 2354 Τοῦτο
1424 2301 1532 2370 γὰρ
1586 2301 1679 2353 καὶ
1730 2300 1985 2368 ἐμπεδῶν
2039 2302 2135 2355 καὶ
2199 2305 2314 2368 τοῖς
2389 2305 2679 2376 ἑπομένοις
2742 2307 2772 2358 ό
2834 2306 3000 2376 σοφὸς
3062 2307 3503 2382 Ἐκκλησιαστὴς
3561 2310 3790 2380 ἀμέσως
3855 2313 3959 2364 ἐπ·-

677 2396 890 2465 ήγαγε·

2231 2495 2258 2566 §
2290 2493 2403 2551 xu.
2470 2522 2471 2525 ~

754 2580 920 2636 Vsus.
956 2581 1010 2636 9.
1069 2578 1153 2635 Ne
1197 2582 1533 2651 festinaveris
1585 2584 1639 2637 in
1688 2586 1879 2653 spiritu
1931 2594 2020 2639 tuo
2062 2586 2258 2652 irasci;

678 2677 803 2746 quia
837 2674 991 2743 furor
1021 2675 1075 2728 in
1098 2674 1226 2727 sinu
1261 2675 1551 2729 stultorum
1576 2678 1856 2746 requiescit
1881 2678 2014 2745 (66;.

754 2767 899 2822 Idem
923 2768 1069 2822 enim
1102 2766 1155 2819 id
1192 2775 1298 2831 est,
1331 2782 1395 2821 ac
1419 2769 1464 2821 si
1491 2767 1700 2823 diceret
1734 2787 1746 2823 :
1788 2768 1933 2824 Care
1962 2785 2029 2825 ne
2062 2770 2165 2824 levi
2196 2770 2263 2825 de

680 2874 847 2916 causa
885 2858 1205 2928 indigneris,
1242 2874 1306 2912 ac
1328 2868 1532 2914 temere
1565 2860 1649 2913 vel
1683 2875 1750 2914 cx
1776 2862 1978 2915 mentis
2004 2862 2260 2932 superbia

681 2954 766 3007 vel
795 2967 861 3006 ea
892 2952 1059 3006 animi
1100 2951 1476 3006 imbecillitate
1507 2952 1575 3006 iis
1604 2967 1934 3007 succenseas
1958 2994 1973 3018 ,
2002 2955 2095 3023 qui
2127 2954 2263 3008 nihil

682 3041 944 3096 adversus
988 3039 1158 3094 Deum
1203 3039 1585 3109 deliquerunt,
1645 3051 1742 3095 aut
1778 3058 1920 3112 quos
1960 3044 2013 3097 iu
2054 3045 2263 3098 crimen

683 3134 961 3188 voluntate
983 3133 1167 3202 lapsos
1188 3148 1311 3189 esse
1336 3149 1446 3187 non
1470 3142 1711 3189 constat.
1729 3134 1872 3199 Quin
1894 3135 2082 3200 etiam,
2101 3152 2266 3206 quan-

683 3236 799 3282 tum
818 3223 900 3279 fas
923 3234 1000 3279 est
1012 3265 1027 3290 ,
1045 3238 1199 3290 cura,
1218 3225 1443 3295 ut176
1459 3226 1671 3294 patiens
1686 3226 1762 3280 sis
1774 3235 1937 3296 atque
1958 3228 2266 3296 indulgens,

682 3331 809 3372 cum
840 3314 908 3370 iis
934 3316 1120 3380 etiam,
1157 3315 1251 3384 qui
1285 3315 1528 3370 minimis
1582 3317 1636 3371 in
1681 3319 1847 3374 rebus
1894 3320 2220 3389 delinquunt
2249 3338 2265 3376 :

682 3415 738 3460 et
776 3406 925 3462 Otlllii
955 3406 1136 3461 studio
1162 3406 1369 3460 eui-tere
1391 3446 1408 3472 ,
1440 3418 1502 3462 ut
1526 3406 1606 3462 vir
1628 3409 1708 3463 sis
1746 3419 2069 3466 mansuetus
2103 3420 2269 3481 atque

685 3498 1104 3569 magnanimus;
1145 3514 1211 3554 ne
1240 3509 1292 3555 te
1333 3514 1553 3570 quoque
1594 3515 1765 3556 sacrae
1795 3501 2013 3557 Litteras
2041 3505 2267 3558 stultum

684 3591 973 3660 appellent.
988 3591 1243 3645 Aitenim
1272 3610 1284 3646 :
1323 3610 1342 3643 ι
1370 3590 1510 3657 Quia
1538 3591 1694 3647 furor
1726 3594 1781 3647 in
1814 3596 1941 3649 sinu
1975 3597 2264 3651 stultorum

686 3681 1000 3752 requiescit.
1033 3700 1056 3737 ι
1116 3682 1321 3737 Idcirco
1357 3694 1413 3737 et
1455 3681 1659 3739 Paulus
1717 3700 1947 3754 magnus
1990 3688 2269 3756 apostolus

686 3771 923 3844 quodam
978 3773 1032 3825 in
1078 3772 1198 3826 loco
1237 3773 1407 3827 dicit:
1466 3792 1485 3825 ι
1529 3774 1790 3829 Modestia
1828 3785 2007 3830 vestra
2040 3787 2168 3831 uota
2202 3778 2271 3832 sit

686 3861 949 3915 omnibus
989 3860 1302 3915 hominibus
1338 3862 1407 3915 “.
1434 3861 1560 3917 illla
1601 3864 1749 3917 enim
1788 3880 1974 3919 rerum
2022 3867 2267 3921 omnium

689 3953 972 4007 tolerantia
994 3967 1059 4006 ac
1080 3954 1361 4022 patientia,
1384 3969 1507 4023 qua:
1532 3956 1855 4010 modestiam
1912 3973 2127 4013 morum
2162 3974 2270 4029 pra:

684 4060 745 4101 se
785 4042 887 4097 fert
934 4054 990 4098 et
1014 4042 1379 4099 aﬂ‘ectiouum
1410 4046 1898 4114 tranquillitatem,
1926 4064 2161 4117 quorum
2213 4051 2268 4103 in

684 4137 885 4191 animis
939 4136 1119 4208 viget,
1179 4137 1233 4190 iu
1278 4137 1347 4191 iis
1382 4137 1624 4207 reginam
1674 4139 2065 4211 dominamque
2101 4142 2271 4196 virtu-

676 4236 801 4280 tum
842 4227 1089 4280 omnium
1139 4226 1320 4281 inesse
1350 4235 1621 4295 testatur,
1662 4231 2008 4298 prudentiam
2039 4234 2267 4290 scilicet.

2438 2585 2534 2653 Μὴ
2568 2587 2850 2653 σπεύσῃς
2883 2586 2955 2639 ἐν
2980 2586 3279 2655 πνεύματί
3303 2602 3423 2641 σου
3445 2587 3559 2642 τοῦ
3583 2588 3926 2657 θυμοῦσθαι
3944 2605 3962 2621 ο

2365 2677 2456 2731 ὅτι
2489 2678 2677 2746 θυμὸς
2695 2678 2766 2731 ἐν
2786 2680 2997 2751 κόλπῳ
3023 2666 3305 2746 ἀφρόκων
3348 2679 3744 2734 ἀναπαύεται.

2436 2770 2742 2839 Μονσνουχὶ
2781 2771 2892 2841 γάρ
2927 2787 3063 2840 φησι
3086 2786 3101 2799 ο
3133 2770 3417 2841 Μηδαμῶς
3461 2773 3705 2841 ἀνάσχου
3749 2771 3965 2843 θυμοῖμ

2368 2862 2495 2915 σθαι
2548 2862 2749 2933 ῥᾳδίως
2816 2864 2913 2916 καὶ
2976 2862 3416 2934 παροργίζεσθαι
3444 2864 3626 2934 μάτην
3676 2864 3738 2931 ἐξ
3792 2866 3965 2933 ὑπερ-

2366 2954 2579 3024 ηφάνου
2608 2954 2841 3025 καρδίας
2865 2954 2899 3024 ἦ
2932 2955 3028 3008 καὶ
3060 2952 3432 3025 μικροψυχίας
3471 2956 3618 3009 κατά
3640 2954 3754 3008 τῶν
3786 2956 3966 3026 μηδὲν

2368 3050 2454 3112 εἰς
2476 3048 2611 3102 Θεὸν
2636 3048 2994 3118 ἠσεϐηκότων
3015 3089 3028 3113 ,
3065 3048 3099 3117 ἢ
3148 3047 3392 3118 τοσαύτῃ
3434 3048 3793 3118 πλημμελείᾳ.
3816 3048 3967 3113 ,καθ’

2370 3136 2620 3191 ἑκούσιον
2645 3137 2873 3207 γνώμην
2893 3136 3255 3190 ἑαλωκότων.ο
3290 3135 3406 3189 ἀλλ’
3435 3137 3563 3189 ὅσον
3580 3132 3694 3189 οἷόν
3724 3139 3783 3189 τέ
3821 3139 3965 3202 ἐστι,

2373 3229 2731 3301 μακράθυμος
2762 3227 3160 3300 εὑρέθητι⁶καὶ
3195 3229 3671 3296 συγγνωμονικός,
3703 3228 3800 3280 καὶ
3829 3230 3969 3296 apo;

2370 3322 2573 3384 αὐτοὺς
2602 3322 2729 3383 τοὺς
2753 3321 2825 3373 τά
2860 3320 3123 3389 ἐλάχιστα
3146 3318 3635 3387 πλημμελοῦντας,
3670 3318 3771 3371 καὶ
3810 3319 3967 3389 πάσῃ

2370 3409 2602 3479 δυνάμει
2627 3411 2803 3479 πρᾶος
2824 3409 3084 3479 εὑρίσκον
3108 3408 3203 3461 καὶ
3229 3408 3612 3478 μεγαλόψυχος
3634 3407 3929 3478 ἄνθρωπος
3949 3424 3963 3439 ·

2371 3503 2459 3555 ἶνα
2490 3501 2565 3572 μὴ
2594 3503 2690 3555 καὶ
2730 3501 2797 3553 σὺ
2857 3501 3012 3570 παρὰ
3033 3499 3132 3568 τῆς
3162 3499 3317 3563 θείας
3356 3500 3585 3571 Γραφῇ
3615 3500 3811 3571 ἄφρων
3841 3500 3968 3555 ὀνο-

2373 3592 2611 3664 μασθῇς.
2643 3592 2788 3664 Φησὶ
2814 3593 2946 3662 γάρ,
2991 3612 3009 3643 ι
3038 3592 3164 3645 ’Ότι
3190 3592 3365 3662 θυμὸς
3394 3594 3454 3644 ἐν
3480 3592 3671 3663 κόλπῳ
3704 3593 3965 3668 ἀφρόνων

2368 3685 2735 3740 ἀναπαύεται.
2774 3705 2795 3737 ι
2825 3685 2925 3737 Διά
2951 3684 3115 3737 τοῦτο
3140 3684 3275 3756 φησί
3304 3699 3410 3736 που
3445 3685 3543 3737 καὶ
3571 3682 3789 3746 Παῦλος
3809 3685 3842 3736 ό
3866 3687 3967 3754 μέ-

2371 3795 2475 3846 γας
2526 3778 2836 3840 ἀπόστολος
2874 3794 2888 3807 ο
2928 3795 2947 3827 ι
3003 3772 3078 3829 Τὸ
3143 3776 3391 3839 ἐπιεικὲς
3448 3776 3604 3845 ὑμῶν
3656 3774 3965 3844 γνωσθήτω

2371 3873 2539 3922 πᾶσιν
2567 3867 2899 3938 ἀνθρώποις.
2932 3886 2951 3918 ι
3001 3869 3067 3919 Ἠ
3094 3867 3205 3936 γὰρ
3238 3868 3297 3920 ἐν
3336 3868 3505 3919 πᾶσιν
3534 3868 3704 3936 ἀνρχὴ
3736 3869 3836 3920 καὶ
3856 3886 3964 3936 μα-

2370 3962 2669 4033 κροθυμία,
2696 3960 2796 4031 τὴν
2822 3962 3130 4013 ἐπιείκειαν
3145 3960 3535 4030 ὲνδεικνυμένη
3552 3960 3663 4012 τῶν
3683 3961 3835 4029 ἠθῶν
3858 3961 3960 4013 καὶ

2370 4054 2766 4109 καταστάσεων
2793 4053 2895 4122 τῆς
2914 4053 3118 4123 ψυχῆς,
3138 4052 3244 4121 ’τὴν
3273 4051 3713 4122 βασιλικωτάτην
3736 4054 3838 4105 καὶ
3861 4056 3963 4122 τὴν

2372 4139 2721 4217 κυριωτάτην
2775 4144 2885 4198 τῶν
2942 4143 3178 4212 γενικῶν
3220 4143 3436 4213 ἀρετῶν
3485 4143 3821 4211 ἐνυπάρχειν
3847 4146 3962 4203 τοῖς

2369 4237 2635 4301 τοιούτοις
2691 4237 2952 4308 κηρύττει
2978 4275 2993 4299 ,
3017 4235 3263 4304 δηλονότι
3319 4233 3420 4303 τὴν
3464 4234 3752 4304 φρόνησιν.
3790 4235 3960 4289 Ὥστε

685 4319 1298 4389 Ουοπιοὺιεριηνοροηει
1322 4358 1339 4383 ,
1382 4327 1445 4374 ut
1485 4321 1581 4390 qui
1621 4323 1909 4391 prudentia
1944 4325 2182 4396 regitur,
2218 4328 2264 4382 is

2376 4329 2643 4398 προσήκει
2664 4327 2757 4379 τὸν
2793 4325 2897 4379 ὑπὸ
2927 4326 3242 4395 φρονήσεως
3280 4323 3617 4393 ίθυνόμενον,
3651 4324 3791 4393 μηδὲ
3824 4324 3962 4395 πρὸς

686 4423 756 4462 ne
785 4408 1048 4477 improbis
1078 4410 1298 4479 quidem
1327 4418 1381 4464 et
1401 4409 1589 4488 impiis
1604 4422 1659 4466 et
1691 4415 1873 4468 avaris
1902 4425 1956 4469 et
1978 4417 2268 4475 homicidis

686 4500 1069 4568 pr0perantius
1105 4510 1464 4565 succenseat,
1499 4510 1555 4556 et
1606 4502 1764 4559 facile
1814 4506 2144 4577 indignetur.
2202 4512 2270 4565 At

689 4592 779 4644 u-bi
810 4607 910 4646 nec
949 4593 1272 4647 auctoritate
1300 4592 1629 4663 quidquam,
1660 4611 1761 4652 nec
1791 4598 2103 4654 mitioribus
2135 4616 2269 4654 erm.

686 4681 829 4735 ciliis
866 4691 961 4735 aut
1014 4682 1125 4736 ulla
1170 4696 1452 4737 sacrarum
1502 4683 1838 4740 Litterarum
1884 4688 2269 4745 adhortatione

686 4771 939 4834 ilclinitig
985 4771 1039 4824 iu
1069 4771 1257 4826 eadem
1289 4772 1365 4825 illi
1398 4773 1679 4829 voluntate
1724 4791 1783 4830 se
1821 4792 2046 4833 manere
2080 4789 2266 4835 osten-

686 4862 857 4927 dant,
900 4870 956 4914 et
980 4861 1417 4916 emendationem
1461 4878 1752 4933 respuere;
1792 4875 1905 4920 tum
1940 4883 2069 4923 vero
2095 4869 2269 4937 ajusta:

688 4969 784 5008 me
813 4964 976 5022 atque
995 4953 1388 5023 indignationis
1407 4957 1707 5011 acutiorem
1728 4959 1980 5028 expediat
2000 4961 2265 5031 gladium,

686 5061 799 5115 quo
827 5045 1026 5098 callum
1056 5044 1348 5099 obductum
1376 5047 1662 5101 exscindat
1681 5087 1695 5109 ,
1728 5060 1783 5103 et
1810 5050 1978 5105 animi
2006 5051 2265 5108 duritiem

687 5137 754 5192 ad
788 5137 1123 5191 medicorum
1154 5136 1394 5191 rationes
1415 5147 1609 5193 sanet:
1650 5141 1742 5208 qui
1774 5142 2011 5209 primum
2045 5144 2266 5213 quidem

690 5226 1040 5281 unctionibus
1069 5225 1399 5294 quibusdam
1435 5235 1601 5297 atque
1642 5231 1988 5301 malagmatis
2021 5242 2267 5290 tumores

690 5319 977 5371 vulnerum
1003 5326 1058 5370 et
1091 5316 1575 5372 inﬂammationem
1614 5321 1862 5391 mitigare
1894 5333 2185 5391 conantur,
2213 5336 2269 5382 et

688 5409 753 5462 azl
768 5407 1055 5462 sanitatem
1087 5408 1399 5477 perducere.
1424 5408 1627 5465 Atcum
1654 5415 1879 5469 morbus
1899 5416 2136 5475 difllcilis
2158 5429 2266 5485 est,

689 5508 741 5552 et
775 5499 979 5555 leniora
1029 5510 1191 5570 atque
1227 5501 1477 5555 molliora
1516 5506 1651 5560 artis
1679 5506 2076 5565 medicamenta
2109 5510 2267 5584 longe

689 5602 943 5663 Superat,
994 5606 1107 5648 tum
1157 5593 1520 5652 severioribus
1570 5612 1790 5667 quoque
1851 5601 2161 5671 pharmacis
2213 5613 2267 5659 et

760 5704 805 5735 ”
828 5702 1062 5775 Philipp.
1106 5720 1179 5771 tv,
1213 5706 1265 5762 ὅ.

762 5794 877 5868 (66)
916 5795 984 5851 At
1016 5793 1149 5850 LXX
1190 5796 1393 5855 ’λυζαξ
1425 5793 1823 5851 ἀναπαύσεται.

2371 4419 2498 4479 τοὺς
2544 4416 3021 4486 πονηρευομένους
3056 4415 3152 4467 καὶ
3180 4413 3471 4475 δυσσεϐεῖς
3497 4413 3595 4467 καὶ
3620 4414 3962 4477 πλεονέκτας

2370 4508 2466 4560 καὶ
2515 4507 2871 4577 μιαιφόνους,
2924 4505 3169 4576 εὐχερῶς
3217 4505 3675 4576 παροργίζεσθαι,
3719 4507 3817 4559 καὶ
3863 4507 3961 4559 θυ-

2374 4597 2609 4668 μοῦσθαι
2665 4597 2865 4670 ῥαδίως
2892 4613 2905 4626 ⁸
2941 4595 3055 4649 ἀλλ’
3084 4596 3217 4649 ὅταν
3260 4595 3352 4649 διὰ
3393 4597 3494 4665 τῆς
3543 4597 3961 4668 ἐπιεικεστέρας

2370 4686 2654 4754 ἀξιώσεως
2693 4688 2789 4741 καὶ
2843 4687 3191 4758 συμϐουλῆς,
3220 4689 3322 4741 καὶ
3364 4689 3466 4757 τῆς
3505 4688 3825 4757 πραοτέρας
3850 4687 3959 4740 τῶν

2370 4778 2603 4849 Γραφῶν
2624 4780 2970 4849 εἰσηγήσεως
2992 4777 3255 4849 οὐδεμίαν
3275 4778 3477 4832 ἐκεῖνοι
3505 4777 3815 4848 μεταϐολὴν
3834 4779 3959 4830 ἐπιο

2368 4870 2682 4925 δείκνυνται
2715 4871 2853 4940 πρὸς
2885 4871 2947 4924 τὸ
2987 4872 3239 4940 κρεῖττον
3267 4886 3281 4898 ·
3305 4870 3608 4939 τηνικαῦτα
3648 4868 3750 4940 τὴν
3772 4886 3958 4940 τομω-

2368 4963 2536 5034 τέραν
2569 4962 2666 5015 τοῦ
2717 4962 2895 5033 θυμοῦ
2925 4962 3022 5014 καὶ
3065 4962 3165 5032 τῆς
3187 4961 3405 5024 δικαίας
3434 4960 3612 5031 ὀργῆς
3637 4961 3956 5031 μεταχειρὶ-

2370 5055 2561 5117 ζεσθαι
2591 5055 2872 5123 μάχαιραν
2896 5054 2979 5113 είς
3002 5052 3246 5122 ἐκτομὴν
3268 5050 3370 5120 τῆς
3390 5050 3620 5103 ἐκείνων
3640 5051 3959 5119 πωρώσεως

2346 5144 2463 5197 ’καὶ
2520 5143 2781 5207 λάξευσιν
2835 5144 2937 5212 τῆς
2988 5141 3248 5204 λιθώδους
3279 5141 3511 5210 καρδίας
3538 5140 3683 5193 κατὰ
3712 5140 3814 5211 τὴν
3840 5142 3959 5193 ἐπι-

2372 5238 2589 5306 στήμην
2645 5236 2755 5288 τῶν
2811 5234 3012 5305 ἰατρῶν
3039 5248 3053 5263 ·
3087 5234 3157 5297 οἶ,
3198 5235 3469 5304 πρότερον
3543 5232 3798 5300 ἀλοιφαῖς
3847 5250 3957 5286 τισι

2369 5329 2465 5382 καὶ
2523 5329 2846 5399 μαλάγμασι
2904 5327 3004 5390 τάς
3054 5326 3297 5397 οίδήσεις
3348 5327 3445 5378 καὶ
3496 5324 3814 5395 φλεγμονὰς
3848 5324 3959 5377 τῶν

2368 5420 2707 5490 τραυμάτων
2732 5419 3147 5489 καταπραΰνειν
3173 5417 3477 5488 πειρῶνται
3500 5417 3595 5469 καὶ
3626 5417 3961 5487 μεταφέρειν

2370 5513 2508 5583 πρὸς
2558 5513 2747 5582 ρῶσιν.
2780 5512 2950 5566 Ὅταν
3000 5511 3058 5565 δὲ
3107 5510 3347 5580 χαλεπὸν
3386 5508 3460 5561 τὸ
3512 5506 3684 5571 πάθος
3711 5508 3960 5579 ὑπάρχον

2370 5603 2679 5675 ὑπερϐαίνῃ
2703 5605 2801 5668 τὰς
2832 5602 3193 5672 ἀπαλωτέρας
3227 5601 3325 5655 καὶ
3364 5599 3677 5673 πραοτέρας
3711 5599 3963 5671 ἰατρείας

4142 68 4151 103 i
