4166 6434
800 321 935 390 1007

1901 323 1961 382 S.
2004 322 2381 381 GREGOHII
2444 322 2958 384 AGRIGENTINT

3920 322 4021 387 1008

803 436 965 506 178
989 449 1113 489 esse
1134 434 1405 503 sapientes
1438 433 1703 498 homines,
1724 433 1818 502 qui
1853 434 2078 486 minime
2103 434 2207 488 huc
2236 432 2376 485 amr-

2484 450 2582 495 τας
2598 435 2731 505 μηδὲ
2750 435 2858 488 τῶν
2881 433 3103 505 ἀψύχων
3120 435 3327 504 καταψε
3336 437 3646 505 υδομένους,
3664 436 3794 504 άφιέ
3804 452 3917 499 vta;
3929 440 4020 499 τοὺς

796 538 968 589 ineut,
992 534 1087 579 aut
1114 526 1352 578 inanima
1388 524 1695 592 culpantes,
1721 538 1818 578 eos
1852 525 2162 587 absolvant,
2186 525 2278 591 qui
2308 525 2374 577 li-

798 619 980 671 beraui
1009 615 1210 670 habent
1238 614 1599 677 voluntatem,
1622 622 1676 666 et
1705 627 1816 682 quo
1846 615 2039 667 malim
2074 613 2373 668 inelinandi

794 710 1079 763 arbitrium
1111 724 1126 780 ξ
1171 705 1317 760 addit
1358 721 1545 760 nunc:
1583 723 1602 756 ι
1651 705 1798 759 Bona
1826 715 1909 761 est
1940 707 2205 776 sapientia
2245 722 2372 760 cum

794 801 1143 856 lnereditate:
1172 816 1190 849 ι
1214 797 1303 864 iis,
1334 797 1426 866 qui
1459 812 1753 867 supernam
1773 797 2127 867 divinamque
2153 798 2375 866 sapien-

794 893 925 946 tiam
956 890 1103 945 nacti
1139 898 1287 951 sunt,
1319 896 1590 958 praecepta
1626 889 1873 952 tradens,
1901 899 1962 944 ut
2008 897 2063 942 et
2084 888 2226 942 alios
2255 901 2377 941 om-

795 998 892 1038 nes
940 983 1224 1045 edoceant,
1257 994 1456 1033 vanum
1485 979 1618 1032 nihil
1647 981 1893 1049 cogitare
1917 987 2012 1032 aut
2043 978 2218 1048 loqui,
2276 992 2375 1032 nec

793 1075 1013 1129 vitiatas
1049 1088 1113 1126 ac
1141 1080 1418 1126 tortuosas
1479 1071 1771 1139 opiniones
1811 1071 2094 1139 amplecti,
2146 1078 2201 1124 et
2249 1082 2374 1140 qua:

795 1180 1065 1235 nusquam
1098 1172 1246 1229 sunt,
1281 1162 1385 1217 sibi
1427 1162 1630 1233 lingere
1664 1183 1677 1217 :
1718 1172 1772 1217 at
1800 1172 1952 1218 recto
1989 1162 2179 1217 animo
2208 1172 2373 1216 natu-

801 1274 915 1313 ram
951 1272 1134 1313 rerum
1164 1255 1625 1325 contemplantes,
1659 1256 1875 1310 veritati
1903 1256 2135 1312 sincerae
2160 1271 2227 1310 ac
2272 1255 2376 1309 nii—

796 1352 944 1405 nime
974 1350 1171 1404 fucata:
1194 1349 1587 1414 adluerere,et
1613 1350 1807 1404 diebus
1841 1349 2102 1403 omnibus
2144 1347 2374 1418 gloriam

797 1443 1029 1498 Domino
1060 1443 1321 1505 tribuere,
1350 1444 1442 1510 qui
1474 1443 1590 1495 dies
1652 1441 1946 1495 universos
2006 1454 2165 1510 pares
2239 1454 2374 1495 con-

794 1535 992 1597 stituit,
1025 1540 1299 1603 quotquOt
1330 1535 1593 1587 hactenus
1640 1532 1921 1596 exstitere,
1982 1541 2035 1587 et
2066 1545 2375 1587 mensuram

796 1627 865 1681 iis
891 1625 1252 1693 ordinemque
1310 1623 1701 1693 pt'mscripsil:
1765 1632 1880 1677 tum
1937 1638 2114 1692 neque
2169 1623 2377 1693 primos

796 1732 973 1787 neque
1000 1727 1303 1785 postremos
1332 1702 1686 1769 distinctione
1716 1716 1937 1769 inducta
1983 1716 2158 1771 bonos
2185 1716 2373 1785 appel-

2478 524 2825 587 αὐτεξούσιον
2859 524 3182 595 προαίρεσιν
3198 525 3443 594 ἔχοντας,
3465 528 3559 576 καὶ
3586 526 3687 594 τὴν
3716 527 3803 592 ἐφ’
3826 527 4018 596 ἑκάτερα

2480 616 2655 686 ῥοπὴν
2682 620 3053 687 κεκτημένους
3091 634 3103 647 ·
3139 618 3237 671 νῦν
3270 635 3427 686 φησι,
3459 636 3477 668 ι
3532 617 3743 687 ’Δγαθὴ
3773 619 3926 687 σοφία
3946 639 4018 689 με·

2478 707 2544 761 τὰ
2582 708 2942 778 κληροδοσίας
2973 725 2987 740 ·
3029 729 3047 760 ι
3091 710 3486 780 εἰσηγούμενος
3544 712 3674 773 τοὺς
3703 712 3806 779 τῆς
3851 710 4017 765 ἄνωθεν

2476 800 2572 853 καὶ
2601 799 2751 862 θείας
2786 800 3225 865 καταξιωθέντας
3281 801 3496 869 σοφίας,
3514 806 3611 853 καὶ
3627 801 3840 863 πάντας
3868 801 4017 865 ἄλλους

2476 890 2752 944 διδάσκειν
2792 892 2869 962 μὴ
2912 897 3121 961 μάταια
3146 891 3555 961 διενθυμείσθαι
3574 894 3671 944 καί
3695 893 3892 958 λέγειν,
3917 895 4014 961 μηδὲ

2473 980 2574 1041 τὰς
2603 981 2951 1051 ὲσφαλμένας
2985 983 3080 1034 καὶ
3111 981 3408 1050 καμπύλας
3440 982 3596 1047 δόξας
3658 981 4013 1051 amussim

2477 1074 2571 1124 καὶ
2600 1073 2667 1125 τὰ
2706 1074 2780 1141 μὴ
2814 1071 2944 1126 ὄντα
2972 1071 3217 1138 δοξάζειν
3236 1088 3251 1102 ο
3315 1072 3432 1125 ἀλλ’
3457 1073 3517 1123 ἐν
3538 1072 3808 1141 εὐθύτητι
3835 1074 4012 1141 καρδίας

2479 1164 2614 1233 πρὸς
2638 1163 2737 1234 τὴν
2771 1163 2936 1233 φύσιν
2968 1163 3081 1216 τῶν
3110 1164 3453 1235 πραγμάτων
3481 1162 4011 1234 ἁποὸλέτεοντας,ἑχεο

2480 1254 2603 1308 σθαι
2636 1258 2735 1325 τῆς
2783 1255 2953 1319 δντως
3004 1252 3173 1323 οὔσης
3199 1254 3479 1324 ἀληθείας,
3530 1255 3623 1307 καὶ
3656 1254 3897 1318 δοξάζειν
3943 1256 4010 1322 μὲν

2478 1348 2537 1397 ὲν
2571 1346 2776 1408 πάσαις
2806 1347 2927 1407 ταῖς
2957 1344 3198 1415 ἡμέραις
3223 1344 3314 1397 τὸν
3354 1344 3557 1415 Κύριον
3585 1344 3680 1396 τὸν
3751 1346 3809 1396 ὲν
3858 1345 4008 1412 ἰσότητι

2479 1437 2659 1500 πάσας
2687 1436 3080 1506 ὑποστήσαντα
3110 1436 3211 1499 τὰς
3241 1436 3482 1506 ἡμέρας.
3521 1437 3651 1487 ὅσον
3672 1430 3812 1505 ἧκεν
3833 1438 3901 1497 εἰς
3944 1440 4007 1500 τέ·

2477 1544 2625 1581 νεσιν
2656 1530 2750 1580 καὶ
2772 1528 3014 1595 φυσικὴν
3034 1526 3296 1598 ὓπαρξιν,
3320 1526 3489 1580 καὶτὸ
3520 1528 3724 1596 μέτρον
3740 1527 3837 1594 τῆς
3858 1527 4007 1589 τάξεως

2478 1621 2574 1673 καὶ
2606 1622 2743 1691 μήτε
2778 1621 2878 1683 τὰς
2904 1622 3100 1691 πρώην
3129 1622 3267 1691 μήτε
3289 1622 3387 1683 τὰς
3408 1622 3645 1689 taxata;
3675 1621 4007 1690 διῃρημένος·

2479 1710 2693 1777 ἀγαθάς
2725 1712 3036 1780 ὀνομάζειν.
3070 1711 3210 1764 ἀλλὰ
3245 1712 3427 1773 πάσας
3464 1711 3674 1775 ἁπλῶς,
3713 1713 3789 1774 ὡς
3813 1714 3866 1778 ἐξ
3914 1714 4005 1776 by»

799 1810 932 1873 lare,
964 1806 1058 1861 sed
1086 1820 1280 1859 omnes
1311 1805 1658 1873 simpliciter,
1682 1814 1946 1874 tanquam
1974 1798 2038 1859 ei
2070 1806 2215 1860 bono
2244 1822 2374 1875 pro-

2479 1801 2573 1853 θοῦ
2604 1801 2912 1869 γεγονυίας.
2940 1802 3033 1855 καὶ
3051 1802 3343 1871 γινομένας
3380 1802 3469 1853 διὰ
3495 1803 3593 1873 τῆς
3618 1803 3851 1872 ἡλιακῆς
3886 1806 4005 1872 φορᾶς

797 1902 1049 1964 lluentes,
1080 1906 1134 1951 et
1159 1913 1328 1953 cursu
1358 1898 1492 1952 solis
1537 1914 1601 1953 ac
1669 1909 1817 1953 iuotu
1884 1900 2331 1969 circumscriptus
2361 1918 2375 1954 :

798 1992 959 2048 simul
999 2000 1054 2045 et
1086 1990 1345 2044 virtutem
1377 1999 1433 2044 et
1461 1992 1661 2045 vitium
1712 1992 1781 2045 ab
1855 1994 2097 2045 humano
2148 1991 2379 2045 arbitrio

798 2080 1057 2152 pendere,
1095 2096 1159 2136 ac
1206 2090 1494 2151 propterea
1556 2091 1663 2137 tam
1713 2092 1960 2152 pacatam
2012 2096 2380 2151 serenamque

800 2174 1083 2231 hominum
1140 2174 1332 2238 vitam,
1398 2190 1562 2245 quam
1622 2176 1993 2229 turbulentam
2057 2177 2377 2230 earumdem

802 2283 864 2323 ac
910 2267 1303 2343 tumultuosam
1331 2267 1705 2321 conditionem
1750 2286 1763 2321 :
1815 2275 1874 2321 ut
1903 2270 2159 2322 virtutem
2194 2270 2375 2339 magni

801 2357 1502 2427 l'acientes,improbitatem
1539 2369 1799 2430 tanquam
1828 2360 2202 2415 detestabilem
2229 2376 2381 2417 arer-

803 2461 1016 2507 seritur.

873 2542 973 2608 Qui
1008 2543 1174 2611 igitur
1196 2540 1519 2609 sapientiam
1562 2556 1590 2592 a
1630 2539 1738 2593 Deo
1794 2540 2026 2609 accepit,
2080 2556 2189 2594 non
2260 2556 2378 2595 eam

803 2639 906 2693 sibi
944 2638 1035 2692 uni
1070 2638 1370 2692 attribuere
1399 2637 1561 2690 debet
1631 2652 1695 2690 ac
1752 2637 2220 2697 circumscribere,
2286 2639 2380 2690 sed

802 2731 970 2786 veluti
1005 2731 1239 2800 diligens
1271 2730 1495 2798 quidam
1540 2727 1936 2797 paterfamilias
1993 2740 2047 2784 et
2087 2730 2378 2782 liberorum

805 2838 1017 2886 amans,
1069 2837 1188 2876 eam
1241 2822 1455 2876 caneris
1507 2836 1727 2889 quoque
1785 2821 2123 2883 hominibus,
2179 2830 2379 2889 quanta

804 2914 972 2969 menti
1002 2912 1171 2966 indita
1202 2912 1384 2974 fuerit,
1416 2912 1651 2979 singulis
1679 2912 2032 2972 distribuere,
2099 2924 2157 2966 ut
2208 2913 2383 2966 mani-

805 3000 944 3055 festo
977 3000 1112 3053 bona
1145 3011 1199 3053 et
1229 3000 1495 3053 habeatur
1531 3008 1585 3053 et
1609 3001 1944 3053 nominetur.
1981 2998 2115 3052 Nam
2186 3000 2383 3053 habere

805 3093 1154 3162 sapientiam,
1194 3101 1249 3145 et
1287 3092 1427 3144 hanc
1458 3093 1613 3160 quasi
1658 3092 2026 3145 haereditateui
2065 3108 2170 3144 non
2201 3102 2383 3145 trans-

808 3184 1023 3237 mittere
1083 3184 1150 3236 ad
1178 3182 1338 3247 alios,
1388 3183 1657 3235 bonorum
1693 3184 1878 3252 utique
1913 3198 2020 3236 non
2073 3194 2177 3237 est.
2240 3182 2375 3237 Nam

802 3275 899 3344 qui
934 3275 1040 3328 hoc
1062 3272 1212 3337 facit,
1254 3273 1453 3327 similis
1486 3283 1653 3327 estet
1685 3274 1842 3342 plane
1876 3274 2279 3343 comparandus
2304 3276 2375 3338 ei,

806 3367 895 3436 qui
929 3382 1121 3429 unum,
1148 3364 1292 3434 quod
1324 3374 1635 3433 acceperat,
1690 3366 1953 3419 talentum
1989 3366 2059 3420 ob
2090 3367 2377 3436 segnitiem

806 3467 860 3511 et
888 3458 1156 3526 ignaviam
1189 3456 1290 3509 sub
1320 3467 1461 3509 terra
1498 3456 1765 3509 condidit.
1796 3456 1899 3520 Qui
1926 3472 2056 3510 vero
2089 3472 2210 3510 eam
2236 3458 2379 3510 mul-

806 3551 875 3604 tis
907 3550 1028 3602 aliis
1061 3547 1251 3601 dividit
1276 3554 1329 3600 et
1359 3556 1619 3615 tanquam
1670 3546 2040 3601 hmreditatem
2097 3548 2282 3613 tradit,
2312 3548 2379 3600 il-

806 3644 919 3696 lum
948 3641 1209 3703 imitatur,
1243 3637 1335 3703 qui
1363 3639 1568 3691 talenta
1596 3638 1860 3707 quinque,
1890 3638 2095 3707 quique
2124 3638 2233 3692 duo
2287 3654 2379 3693 ac-

804 3733 967 3801 cepit,
994 3740 1049 3785 et
1094 3729 1284 3784 sedqu
1314 3730 1654 3797 honestoque
1683 3728 1915 3782 consilio
1949 3728 2163 3783 lucrum
2190 3745 2378 3784 eorum

805 3824 955 3877 auxit
996 3838 1058 3876 ac
1087 3820 1402 3889 duplicavit.
1438 3819 1592 3886 Quod
1626 3820 1845 3889 sapiens
1895 3818 2257 3874 Ecclesiastes
2303 3820 2377 3874 si-

804 3916 1064 3983 gniﬁcare
1099 3929 1224 3968 eum
1260 3913 1440 3977 vellet,
1488 3913 1564 3965 ait
1595 3929 1609 3966 :
1637 3929 1656 3962 ι
1699 3910 1765 3965 Ει
1786 3911 2025 3981 amplius
2065 3912 2377 3966 videntibus

804 4008 998 4063 solem.
1041 4024 1059 4055 ι
1092 4005 1193 4071 Qui
1228 3998 1372 4057 enim
1409 4004 1591 4060 datam
1620 4002 1725 4057 sibi
1761 4002 2024 4056 divinitus
2055 4002 2377 4072 sapientiam

802 4098 1072 4166 dispertit,
1107 4096 1153 4149 is
1204 4096 1404 4148 bonum
1460 4108 1679 4163 quoque
1724 4102 2006 4163 acceptum
2060 4093 2376 4161 amplilieat,

804 4189 1065 4242 talentum
1104 4186 1402 4255 adaugens,
1436 4186 1637 4255 quippe
1663 4186 1757 4254 qui
1810 4185 1996 4239 erudit
2052 4185 2276 4250 multos,
2324 4194 2379 4237 et

803 4283 933 4333 dum
968 4280 1149 4347 plures
1178 4293 1391 4342 eorum,
1416 4278 1510 4347 qui
1558 4278 1728 4332 solem
1782 4278 1929 4331 hunc
1990 4277 2377 4346 aspectabilem

806 4374 1110 4433 intuentur,
1160 4370 1225 4423 ad
1260 4386 1413 4424 veras
1442 4370 1744 4423 sententias
1781 4378 1836 4423 et
1856 4369 2156 4437 spiritalem
2210 4370 2376 4421 vitam

803 4463 1071 4533 perducit,
1125 4461 1285 4531 179
1332 4462 1497 4517 simul
1540 4460 1630 4514 Dei
1690 4461 1917 4531 gloriam
1967 4476 2155 4514 eorum
2207 4461 2376 4515 salute

2486 4454 2578 4507 τοῦ
2614 4455 2748 4508 Θεοῦ
2776 4455 2866 4509 διά
2893 4458 2994 4525 τῆς
3029 4458 3178 4525 σφῶν
3214 4460 3484 4529 σωτηρίας
3510 4461 3791 4524 ἑπαύξων.
3823 4456 3981 4519 Οἷοδτέε

803 4556 1053 4624 adauget.
1083 4554 1220 4606 Nam
1254 4553 1414 4607 veluti
1451 4553 1640 4606 umbra
1660 4552 1893 4620 quadam
1925 4554 2039 4606 sive
2070 4561 2379 4621 teguinento

804 4644 1085 4713 Sapientiae
1117 4659 1229 4697 su:e
1254 4643 1322 4697 ab
1372 4653 1727 4698 externorum
1780 4643 2129 4712 captionibus
2174 4653 2374 4706 tuetur,

804 4746 859 4789 et
889 4738 956 4789 ab
995 4746 1130 4789 metu
1186 4735 1392 4805 peccati
1422 4744 1584 4803 atque
1643 4734 1933 4803 impiarum
1983 4734 2377 4804 cogitationum

805 4827 1078 4877 immunes
1107 4832 1345 4893 praestat,
1386 4822 1451 4876 Et
1479 4825 1580 4877 hoc
1613 4824 1803 4893 utique
1834 4825 1951 4878 sine
2000 4826 2375 4879 controversia

804 4922 909 4977 est,
956 4913 1100 4981 quod
1139 4913 1321 4966 addit:
1356 4931 1373 4963 ι
1406 4912 1543 4978 Qui:
1575 4914 1627 4964 in
1674 4913 1865 4966 umbra
1913 4914 2031 4981 ejus
2086 4914 2375 4983 sapientia,

804 5006 945 5058 sicut
978 5004 1168 5056 unihra
1202 5003 1407 5071 argenti
1441 5019 1455 5066 ;
1504 5020 1520 5050 ι
1556 5001 2021 5069 quemadmodum
2075 5004 2221 5056 enim
2282 5005 2374 5072 qui

804 5096 944 5149 dona
983 5094 1214 5147 all'erunt
1243 5107 1292 5147 et
1327 5103 1609 5162 argentum
1637 5094 1767 5147 dant
1812 5093 1881 5147 iis
1913 5108 1943 5146 a
1992 5094 2196 5163 quibus
2252 5094 2374 5149 ltedi

802 5194 1052 5255 possunt,
1090 5186 1171 5237 vel
1204 5185 1507 5252 perieulum
1537 5193 1620 5238 est
1688 5198 1755 5238 ne
1782 5184 2070 5249 laedantur,
2103 5186 2185 5239 vel
2211 5188 2377 5255 aqui-

801 5288 905 5332 bus
934 5275 1133 5345 captivi
1170 5276 1439 5328 habentur
1465 5284 1522 5329 et
1573 5276 1718 5329 male
1775 5286 2043 5329 vexantur
2083 5286 2139 5331 at
2187 5279 2374 5347 pejora

802 5367 856 5419 in
898 5366 1014 5419 dies
1049 5374 1317 5428 metuunt,
1351 5364 1509 5434 quasi
1550 5366 1743 5419 umbra
1808 5367 2059 5434 protecti,
2123 5368 2376 5437 nequitia:

799 5474 988 5514 eorum
1022 5467 1215 5512 aestum
1243 5458 1471 5519 evitant,
1504 5467 1558 5512 et
1592 5458 1957 5526 periculorum
1989 5458 2189 5513 ﬂuctus
2244 5461 2378 5515 εσυ-

798 5550 954 5617 giunt
1001 5568 1012 5601 :
1049 5551 1129 5603 sic
1156 5558 1212 5602 et
1253 5549 1451 5602 divinae
1487 5550 1768 5617 sapientiae
1820 5551 2141 5604 distributio
2181 5564 2230 5605 et
2255 5562 2376 5607 tau-

799 5656 964 5710 quam
999 5642 1334 5696 limreditatis
1357 5640 1576 5705 divisio,
1646 5656 1769 5695 etim
1817 5642 2024 5697 umbrze
2088 5644 2261 5698 instar
2302 5648 2372 5699 ah

799 5740 932 5785 testu
960 5741 1205 5801 protegat
1272 5742 1492 5785 tentata:
1550 5733 1751 5787 mentis
1783 5742 1835 5786 et
1866 5734 2223 5788 allieientium
2292 5739 2372 5790 vi-

2480 1895 2575 1947 καὶ
2610 1896 2879 1963 κινήσεως
2901 1910 2915 1923 ·
2949 1895 3155 1964 ἀρετὴν
3182 1894 3241 1945 δὲ
3273 1895 3367 1945 κα)⁸
3389 1894 3591 1945 κακίαν
3619 1895 4003 1964 ἐξηρτῆσθαιτῆς

2479 1986 2833 2055 ἀνθρωπίνης
2854 1988 3105 2056 γνώμης,
3138 1986 3235 2039 καὶ
3266 1989 3412 2038 κατὰ
3438 1986 3501 2039 τὸ
3533 1987 3852 2047 ἀκόλουθον,
3897 1990 4001 2055 rigg-

2482 2079 2638 2131 ναίαν
2672 2080 2766 2131 καὶ
2793 2078 3143 2150 γαληνιῶσαν
3176 2080 3535 2141 κατάστασιν,
3567 2080 3668 2131 καὶ
3739 2081 3903 2148 μέντοι
3942 2082 4001 2129 n':

2480 2169 2772 2241 ταραχώδη
2813 2172 2908 2223 καὶ
2940 2170 3249 2242 πολεμικὴν
3280 2169 3561 2223 πολιτείαν
3601 2186 3614 2200 ο
3648 2171 3739 2222 ἵνα
3770 2173 3890 2239 περὶ
3919 2171 4001 2221 πολ·

2482 2262 2575 2314 λοῦ
2605 2263 2870 2315 ποιῶνται
2905 2262 3006 2333 τὴν
3031 2262 3258 2333 ἀρετὴν,
3306 2261 3551 2329 φεύγωσι
3611 2261 3671 2313 δὲ
3708 2262 3805 2331 τὴν
3864 2264 4000 2322 mir.

2482 2354 2557 2417 ὡς
2588 2357 2887 2424 στυγητὴν.

2565 2536 2624 2588 Ὀ
2656 2535 2838 2588 τοίνυν
2870 2537 2935 2589 ἐκ
2963 2536 3096 2588 Θεοῦ
3139 2536 3336 2604 σοφίαν
3366 2535 3567 2599 λαϐὼν,
3617 2539 3819 2608 ἥκιστα
3856 2540 3981 2603 ταύτῇ

2483 2627 2687 2694 ὀφείλει
2736 2627 2997 2698 διορίζειν
3030 2629 3125 2682 καὶ
3188 2633 3555 2700 περιγράφειν
3589 2637 3672 2695 εἰς
3729 2635 3901 2686 taurini
3942 2652 3999 2683 ιιι

2486 2721 2670 2790 μόνον,
2702 2721 2818 2774 ἀλλ’
2854 2718 2967 2774 οἷόν
2981 2740 3066 2786 τις
3103 2723 3415 2791 φιλότεκνος
3446 2728 3633 2798 πατὴρ
3670 2730 3762 2779 καὶ
3790 2728 4001 2795 φιλόπικ-

2484 2827 2600 2877 γος,
2632 2811 2912 2882 διανέμειν
2940 2815 3110 2866 αὐτὴν
3160 2817 3255 2868 καὶ
3316 2820 3483 2870 πᾶσιν
3522 2819 3709 2881 ἄλλοις
3764 2820 4001 2888 ἀνθρώπω,

2484 2904 2609 2955 ὅσον
2634 2898 2769 2973 ἧκεν
2791 2906 2869 2965 εἰς
2904 2904 3150 2975 γνώμην,
3192 2908 3281 2963 ἵνα
3314 2908 3585 2976 λογίζοιτο
3645 2912 3744 2963 καὶ
3771 2916 4001 2978 κατανομι-

2487 2994 2633 3059 ζοιτο
2646 2997 2834 3064 σαφῶς
2850 2998 3050 3068 ἀγαθή.
3068 2999 3142 3051 Τὸ
3164 3000 3275 3070 γὰρ
3290 3002 3434 3069 ἔχειν
3463 3004 3686 3069 σοφίαν,
3706 3007 3799 3056 καὶ
3813 3007 3876 3073 μὴ
3890 3021 4000 3054 κατε·

2410 3124 2453 3179 C
2489 3089 2834 3158 κληρώοτείν
2854 3091 3025 3160 αὐτὴν
3043 3092 3294 3145 καίτισιν
3307 3094 3508 3157 ἄλλοις,
3537 3096 3642 3147 οὑκ
3666 3097 3780 3149 ἔστι
3798 3098 3891 3148 ’ὢν
3915 3099 3999 3157 ἀγι-

2487 3181 2617 3234 θῶν.
2658 3179 3044 3244 ’Λπεικάζεται
3072 3181 3182 3252 γάρ
3204 3183 3233 3233 ό
3261 3183 3505 3246 τοιοῦτος
3537 3186 3637 3236 καὶ
3664 3185 3926 3255 προφανῶς
3948 3185 3997 3243 ἐξ·

2484 3272 2766 3341 ωμοίωται
2790 3273 2868 3342 τῷ
2885 3272 3103 3325 λαϐόντι
3126 3275 3188 3324 τὸ
3209 3273 3268 3325 ἓν
3292 3274 3555 3327 τάλαντον
3573 3277 3674 3327 καὶ
3697 3277 3995 3344 meum”,
4064 3292 4065 3295 η

2484 3364 2573 3417 διὰ
2605 3364 2893 3435 ῥᾳστώνης
2932 3365 3027 3418 καὶ
3048 3365 3323 3436 ῥᾳθυμίας
3361 3368 3444 3429 είς
3474 3367 3599 3435 γῆν.
3647 3367 3709 3419 '0
3724 3368 3779 3419 δὲ
3801 3367 3995 3431 διανέμει

2485 3456 2656 3525 αὐτὴν
2690 3456 2789 3509 καὶ
2820 3456 3303 3525 κατακληροδοτῶν
3344 3459 3437 3510 καὶ
3449 3459 3673 3522 πολλοῖς
3704 3460 3888 3522 ἄλλοις,
3909 3460 3995 3509 Ectz;

2485 3546 2563 3615 τῷ
2593 3546 2811 3599 λαϐόντι
2841 3548 3004 3599 πέντε
3034 3548 3278 3600 τάλαντα
3304 3548 3491 3601 καὶτὰ
3525 3549 3648 3613 δύο,
3683 3552 3776 3602 καὶ
3801 3550 3878 3601 διὰ
3902 3550 3993 3617 είλε-

2488 3635 2651 3687 πόνου
2680 3636 2773 3687 καὶ⁵
2824 3635 3117 3703 φιλοκάλου
3170 3637 3549 3707 προαιρέσεως
3608 3639 3896 3709 αὑξήσαντι
3943 3654 3991 3685 ιι

2484 3727 2904 3781 διπλασιάσαντι
2930 3728 2989 3780 τὸ
3021 3729 3211 3796 κέρδος
3238 3730 3437 3782 αὐτῶν.
3472 3730 3663 3801 Ὅπερ
3707 3731 3992 3797 αἰνιττόμενις

2484 3821 2513 3871 ὁ
2548 3818 2711 3886 σοφὸς
2738 3819 3192 3890 Ἑκκλησιαστὴς,
3228 3816 3350 3873 εἷπε
3378 3838 3392 3852 ο
3428 3840 3446 3872 ι
3489 3823 3603 3873 Καὶ
3646 3822 3913 3893 περισσεία
3929 3821 3991 3875 τίς

2486 3910 2755 3981 Θεοιροῦοι
2784 3911 2877 3962 τὸν
2912 3912 3086 3981 ἣλιον.
3127 3930 3145 3962 ι
3200 3912 3258 3964 ’0
3293 3915 3402 3983 γὰρ
3454 3913 3912 3984 κληρώοτῷν.τὴν
3946 3912 3989 3960 Ξέ-
4048 3960 4049 3971 η

2484 4002 2719 4072 δομένην
2742 4004 2892 4073 αὐτῷ
2940 4005 3132 4072 σοφίαν
3163 4004 3351 4057 θεόθεν
3377 4007 3472 4058 καὶ
3519 4007 3845 4076 περισσείαν
3883 4008 3937 4063 εἰς
3960 4004 3988 4051 τὲ
4046 4040 4047 4055 κ

2485 4091 2691 4159 ἀγαθὸν
2734 4090 3137 4163 ἀπεργάζεται,
3180 4094 3689 4159 πολλαπλασιάζων
3714 4097 3773 4148 τὸ
4044 4108 4045 4139 ι

2487 4182 2583 4236 ἆτε
2623 4182 2689 4254 δὴ
2718 4184 3015 4246 συνετίξων
3038 4184 3288 4247 πολλοὺς,
3333 4187 3427 4238 καὶι
3473 4188 3621 4254 πρὸς
3655 4187 3864 4257 ἀληθείς

2487 4275 2581 4328 καὶ
2633 4276 3012 4346 πνευματικὰς
3039 4277 3406 4340 καταστάσεις
3439 4278 3809 4349 ἐφελκόμενος
3826 4275 3988 4341 siin
4039 4244 4041 4307 ί

2488 4365 2700 4418 πόντων
2746 4367 2839 4419 τὸν
2872 4366 3131 4437 αἰσθητὸν
3168 4368 3320 4438 ἧλιον
3344 4367 3560 4432 τοῦτον,
3621 4372 3723 4423 καὶ
3753 4371 3843 4439 τὴν
3896 4366 3983 4427 uir
4035 4418 4037 4475 4

2488 4454 2576 4475 “⁴”
2615 4455 2746 4475 n”-
2781 4456 2804 4472 ἡ
2843 4455 2855 4475 λ
2904 4458 2951 4475 τ’,
3112 4458 3136 4469 ’⁸
3407 4460 3420 4475 Ι
3514 4461 3527 4475 ο
3646 4461 3695 4475 ορ
3827 4456 3877 4475 Av
3956 4458 3981 4475 ζ,

2482 4563 2589 4599 τινι
2624 4549 2751 4617 σκιᾷ
2785 4548 2905 4618 ἦτοι
2932 4551 2996 4618 τῇ
3031 4549 3208 4619 σκέπῃ
3253 4550 3353 4618 τῆς
3384 4550 3581 4617 σοφίας
3618 4552 3788 4604 αὐτοῦ
3811 4551 3896 4603 τῶν
3934 4546 3981 4595 tl-

2482 4637 2727 4706 λοφύλων
2770 4638 3173 4707 ἐνθυμημάτων
3208 4638 3437 4709 ἐξαιρεῖ,
3504 4642 3605 4693 καὶ
3650 4644 3746 4695 τοῦ
3794 4640 3981 4693 καύτοῖς

2481 4729 2881 4802 άπολυτροῦται
2905 4730 3007 4800 τῆς
3033 4732 3332 4801 ἁμαρτίας,
3361 4735 3454 4783 καὶ
3489 4733 3608 4786 τῶν
3641 4734 3846 4787 ἀσεϐῶν
3894 4728 3979 4782 Mr

2484 4820 2725 4891 μήσεων.
2789 4820 2902 4875 Καὶ
2947 4822 3109 4875 τοῦτό
3166 4826 3318 4876 ἐστιν
3376 4826 3485 4895 ἄρα
3555 4826 3755 4895 σαφῶς
3805 4829 3830 4879 δ
3870 4839 3973 4891 φηςι

2487 4930 2507 4962 ι
2541 4914 2665 4965 Ὅτι
2700 4914 2759 4966 ὲν
2791 4916 2921 4984 σκιᾷ
2951 4914 3122 4984 αὐτῆς
3154 4917 3186 4984 ή
3220 4918 3406 4985 σοφία,
3448 4918 3527 4981 ὼς
3563 4920 3704 4973 σκιὰ
3758 4918 3841 4971 τοῦ
3882 4919 3975 4984 ἀρτυ-

2485 5003 2600 5071 ρίου
2622 5021 2635 5035 -
2672 5023 2688 5054 ι
2740 5006 2996 5078 καθάπερ
3017 5010 3125 5078 γὰρ
3154 5011 3203 5061 oi
3244 5010 3665 5081 προσφέροντες
3709 5014 3842 5081 δῶρα
3864 5006 3974 5059 καὶ

2480 5097 2659 5160 δόντες
2702 5098 2762 5149 τὸ
2797 5100 3062 5169 ἀργύριον
3095 5103 3209 5163 τοῖς
3260 5100 3591 5171 δυναμένοις
3649 5104 3747 5157 καὶ
3796 5111 3972 5169 πειρωῲ

2482 5204 2590 5249 νοις
2635 5189 2833 5250 αὐτοὺς
2870 5190 3329 5260 παραὸλάπτειν,
3372 5192 3404 5261 ἢ
3462 5194 3568 5245 καὶ
3630 5196 3911 5263 τατὲχουσιν
3939 5186 3971 5237 ti

2480 5278 2859 5346 αἰχμαλώτους
2890 5281 2982 5332 καὶ
3028 5280 3402 5333 συνθλίὸουσιν
3431 5284 3531 5335 καὶ
3564 5292 3641 5337 τὰ
3693 5288 3842 5355 χείρω
3881 5289 3969 5347 τρλτ·

2478 5374 2815 5439 απειλοῦσιν,
2853 5375 2929 5438 ὼς
2972 5378 3031 5427 ἐν
3063 5379 3194 5448 σκιᾷ
3228 5379 3642 5448 φυλαττόμενοι
3676 5382 3767 5434 τού
3796 5379 3967 5433 urbe:

2477 5466 2576 5534 τῆς
2608 5466 2809 5528 κακίας
2839 5467 3019 5520 αὐτῶν
3049 5468 3457 5538 ὲκλυτροῦνται,
3492 5473 3728 5525 καὶτῶν
3754 5459 3965 5541 πειριεὲθ

2477 5557 2919 5627 διαδιδράσκουσι
2945 5558 3007 5609 τὸ
3038 5558 3330 5611 κλυδώνιον
3364 5576 3377 5589 ·
3418 5559 3571 5614 οὕτω
3616 5566 3716 5617 καὶ
3772 5564 3852 5630 τῆς
3889 5554 3965 5607 θῖέίί

2481 5647 2673 5714 σοφίας
2707 5650 2739 5716 ἡ
2786 5648 3017 5719 διανομὴ
3054 5651 3149 5702 καὶ
3173 5651 3501 5721 κληροδοσία
3551 5656 3719 5725 δίκην
3769 5652 3889 5709 σκιᾶς
3919 5657 3961 5691 τί·

2484 5737 2819 5807 ρισκέπουσα
2848 5740 2944 5792 τοῦ
2972 5741 3254 5804 καύσωνος
3304 5744 3411 5795 τὼν
3471 5747 3693 5825 νοητῶν
3749 5734 3957 5811 nigrescit
