4166 6434
211 410 361 474 1039'

1286 417 1365 475 1N
1409 417 1986 478 ECCLESIASTEN.
2028 442 2097 453 —
2137 418 2285 479 LIB.
2325 419 2426 479 VI.

3314 412 3450 480 1010

208 525 302 578 καὶ
337 523 438 594 τῆς
470 525 765 596 ἁμαρτίας,
805 525 904 589 τὰς
938 526 1086 597 σφῶν
1145 528 1766 600 ἀπολυτροῦταιψυχάς,

1898 529 2072 584 iorum
2097 569 2112 594 ,
2151 528 2363 584 animos
2388 541 2580 584 eorum
2621 535 2852 594 servat;
2905 541 3006 582 nec
3057 525 3259 591 solum,
3292 535 3450 596 quot-

203 619 267 668 οὐ
300 617 459 686 μόνον
503 618 559 670 δὲ
608 617 708 688 τῆς
751 619 948 689 νοητῆς
1022 621 1400 690 αἰχμαλωσίας
1445 621 1775 674 ἀπαλλάττει

203 709 330 772 τοὺς
365 711 957 780 μυσταγωγουμένους,
992 711 1130 765 ἀλλὰ
1159 712 1256 765 καὶ
1285 713 1383 782 τῆς
1412 712 1632 765 αἰωνίου
1672 731 1777 765 πα-

209 802 538 870 ρασκευάζει
567 802 978 872 καταξιωθῆναι
1003 803 1169 872 ζωῆς.

277 892 449 944 Τοῦτο
469 892 577 962 γὰρ
601 894 876 963 ἐσήμανεν
902 896 930 948 ὁ
955 895 1120 964 σοφὸς
1170 895 1597 968 Ἐκκλησιαστὴς
1623 894 1781 962 αὖθις

205 982 377 1036 εἱπῶν
402 1001 417 1016 ο
451 1003 470 1035 ι
515 984 626 1039 Καὶ
657 985 945 1056 περισσεία
981 985 1236 1053 γνώσεως
1265 989 1364 1058 τῆς
1415 989 1608 1058 σοφίας
1641 989 1778 1054 ζωο-

207 1077 426 1145 ποιήσει
455 1077 547 1130 τὺν
578 1079 709 1147 παρ’
743 1077 916 1146 αὐτῆς
949 1094 963 1108 '
1011 1097 1029 1130 ι
1062 1080 1184 1133 ἀντὶ
1209 1079 1326 1145 τοῦ,
1381 1081 1504 1133 καθ’
1542 1082 1666 1134 ὅσον
1716 1082 1781 1134 ἄν

207 1185 291 1231 τις
321 1170 379 1223 ὲν
402 1173 467 1239 τῇ
518 1169 680 1240 σοφίᾳ
707 1171 807 1239 τῆς
836 1169 1091 1238 γνώσεως
1121 1172 1418 1242 ποιήσηται
1456 1171 1555 1242 τὴν
1584 1172 1782 1243 κληρο·

205 1262 392 1316 δοσίαν
421 1264 501 1324 είς
529 1263 745 1326 ἄλλους,
783 1263 922 1316 κατὰ
956 1263 1211 1317 τοσοῦτον
1239 1265 1462 1335 εὑρήσεί
1489 1265 1783 1330 ζωοποιοῦ-

212 1369 372 1422 μενος
404 1353 496 1404 ὑπ’
525 1352 696 1420 αὐτῆς
724 1353 817 1405 καὶ¹
843 1353 905 1405 τὸ
955 1352 1160 1422 πλῆθος
1214 1354 1326 1407 τῶν
1386 1371 1782 1423 μυσταγωγου-

210 1445 386 1512 μένων
415 1444 508 1496 καὶ
540 1444 847 1514 δεχομένων
885 1445 994 1497 τῶν
1020 1444 1314 1515 νοημάτων
1343 1445 1513 1513 αὐτῆς
1538 1445 1601 1497 τὸ
1660 1444 1785 1497 κάλ-

206 1537 298 1598 λος
325 1536 421 1589 καὶ
457 1536 592 1604 φῶς.
621 1536 713 1607 Μὴ
740 1536 918 1590 τοίνυν
947 1538 1025 1599 εἰς
1053 1537 1281 1600 ἑαυτοὺς
1325 1537 1780 1607 περιγράψωμεν,

207 1630 259 1681 οἱ
287 1627 544 1689 λαϐόντες
578 1628 828 1682 ὁπωσοῦν
862 1628 1061 1698 μέτρον
1093 1627 1245 1691 θείας
1280 1629 1471 1696 σοφίας
1510 1628 1610 1698 τὴν
1658 1626 1784 1679 τού-

206 1737 304 1771 του
341 1719 524 1789 χάριν,
563 1719 700 1772 ἀλλά
755 1719 922 1771 παντὶ
976 1718 1150 1772 σθένει
1214 1719 1312 1772 καὶ
1353 1719 1568 1781 πολλοῖς
1601 1719 1785 1782 ἄλλοις

207 1810 700 1880 κατακληροδοτεῖν
760 1811 929 1879 αὐτὴν
995 1809 1490 1882 προθυμηθῶμεν,
1553 1812 1640 1865 ἵνα
1709 1812 1782 1880 μὴ

205 1903 288 1972 τῷ
347 1902 566 1956 λαὸόντι
614 1901 676 1954 τὸ
735 1901 792 1954 ἓν
848 1902 1108 1956 τάλαντον
1156 1902 1632 1972 ἀφομοιωθῶμεν,
1689 1903 1784 1956 καὶ
1819 1884 1860 1938 Β

209 1995 350 2066 πρὸς
416 1994 478 2047 τὸ
550 1992 664 2061 πῦρ
731 1996 831 2064 τῆς
918 1993 1148 2063 γεέννης
1222 1994 1721 2064 παραπεμφθῶμεν
1770 2010 1786 2026 ο

207 2087 326 2140 ἀλλ’
364 2085 600 2154 ἔμπαλιν
627 2087 866 2150 ἐοικότες
920 2084 1238 2156 εὑρεθῶμεν
1272 2089 1382 2148 τοῖς
1427 2085 1498 2138 τὰ
1547 2085 1640 2139 δύο
1697 2087 1791 2140 καὶ

206 2179 278 2232 τὰ
354 2179 517 2232 πέντε
594 2178 830 2231 τάλαντα
901 2179 1126 2232 λαϐοῦσι
1157 2223 1170 2242 ,
1245 2177 1356 2231 καὶ·
1401 2179 1468 2232 τὰ
1531 2177 1789 2247 δεδομένα

207 2270 633 2324 διπλασιάσασι·
674 2270 769 2322 καὶ
804 2269 1232 2340 καταξιωθῶμεν
1265 2270 1498 2324 ἀκοῦσαι
1531 2269 1684 2339 παρὰ
1697 2268 1791 2322 τοῦ

209 2363 423 2417 δικαίου
456 2364 550 2415 καὶ
573 2361 961 2431 φιλανθρώπου
993 2362 1266 2415 Δεσπότου
1299 2362 1395 2415 καὶ
1412 2361 1506 2414 νῦν
1531 2361 1628 2415 καὶ
1651 2361 1793 2414 κατά

208 2457 313 2523 τὴν
369 2455 584 2525 ἡμέραν
635 2454 734 2522 τῆς
785 2452 894 2505 τῶν
940 2452 1289 2522 βεϐιωμένων
1344 2452 1789 2516 ἀνταποδόσεως,

216 2563 234 2593 ι
272 2541 369 2607 Εὖ,
399 2545 551 2596 δοῦλε
584 2545 754 2612 ἀγαθὲ
800 2544 896 2596 καὶ
918 2547 1099 2604 πιστὲ,
1135 2545 1228 2596 ἐπὶ
1270 2544 1426 2611 ὀλίγα
1482 2539 1550 2612 ἦς
1580 2545 1791 2612 πιστὸς.

211 2637 310 2690 ἐπὶ
355 2636 568 2688 πολλῶν
620 2653 679 2689 σε
711 2637 1060 2706 καταστήσω,
1090 2637 1298 2688 εἴσελθε
1330 2637 1406 2698 εἰς
1461 2635 1559 2705 τὴν
1620 2636 1793 2705 χαράν

210 2728 309 2780 τοῦ
344 2727 549 2797 Κυρίου
581 2744 697 2781 σου.
730 2749 746 2780 ο
773 2727 1078 2800 ’Τοιγαροῦν
1105 2727 1205 2796 τῆς
1236 2725 1528 2779 ἀκολούθου
1557 2725 1795 2790 διανοίας

211 2819 474 2888 ἐχόμενος
510 2821 538 2872 ὁ
567 2819 731 2887 σοφδς
771 2819 1202 2890 Ἐκκλησιαστὴς
1227 2821 1472 2888 ἐπήγαγε
1487 2820 1577 2873 καί
1607 2837 1790 2889 φησιν·

1880 631 2014 690 quot
2043 620 2290 677 initiatos
2322 619 2502 683 habet,
2540 634 2570 672 a
2600 620 2831 688 spiritali
2891 618 3206 688 captivitate
3241 617 3454 679 eximit.

1879 713 1975 767 sed
2025 713 2223 783 dignos
2283 728 2503 784 quoque
2558 710 2763 776 eﬂicit,
2801 719 2861 766 ut
2926 720 3129 767 acterna
3179 709 3290 765 vita
3337 724 3454 778 po-

1881 807 2110 862 tiantur.

1953 901 2090 955 Nam
2126 900 2232 954 hoc
2262 899 2592 971 signiﬁcavit
2634 898 2855 970 sapiens
2908 896 3286 960 Ecclesiastes,
3327 911 3452 950 cum

1882 1011 2101 1051 rursum
2155 995 2278 1049 ait:
2325 1013 2344 1045 ι
2391 991 2455 1046 Ει
2511 994 2840 1048 abundantia
2890 993 3131 1048 scientia:
3181 991 3456 1060 sapientia:

1883 1087 2178 1142 viviﬁcahit
2203 1102 2351 1151 eum,
2389 1085 2482 1155 qui
2514 1086 2582 1139 ab
2609 1101 2669 1139 ca
2707 1085 2859 1155 (69);
2903 1103 2922 1136 ι
2956 1084 3004 1138 id
3038 1094 3140 1148 est,
3172 1098 3284 1153 quo
3337 1084 3456 1151 plus

1883 1176 2126 1231 scientiae
2152 1175 2277 1244 quis
2309 1175 2376 1229 de
2405 1173 2671 1243 sapientia
2729 1190 2826 1228 sua
2889 1184 3146 1244 tanquam
3183 1174 3458 1228 haeredita-

1836 1327 1838 1330 τ
1885 1277 1991 1322 tem
2019 1267 2086 1321 ad
2119 1268 2256 1322 alios
2289 1266 2674 1333 transmittet;
2732 1283 2796 1321 eo
2838 1267 3103 1336 majorem
3159 1266 3305 1321 illius
3357 1280 3460 1334 ope

1883 1355 2302 1411 reviviscentem
2366 1355 2604 1410 inveniet
2638 1356 3040 1410 multitudinem
3079 1356 3412 1409 initiatorutn
3440 1395 3456 1421 ,

1884 1463 2023 1516 quos
2058 1448 2149 1501 illa
2184 1448 2428 1502 scicntia:
2459 1465 2571 1503 suae
2603 1448 3008 1518 pulchritudine
3066 1463 3130 1500 ac
3174 1447 3459 1517 splendore

1884 1539 2257 1608 compleverit.
2291 1537 2369 1593 Ne
2396 1538 2690 1608 igitur,qui
2723 1539 2920 1592 divinae
2949 1538 3227 1608 sapientia:
3258 1539 3459 1592 donum

1885 1631 2217 1701 accepimus,
2253 1645 2581 1701 quocunque
2614 1631 2664 1684 id
2701 1633 2862 1685 modo
2904 1631 3089 1685 datum
3117 1629 3301 1696 fuerit,
3357 1647 3458 1684 no-

1885 1732 1997 1776 stra
2027 1723 2202 1777 solum
2252 1721 2308 1775 in
2370 1721 2656 1776 commoda
2711 1722 3123 1785 contrahemus,
3179 1722 3270 1776 sed
3311 1722 3459 1774 omni

1886 1815 2068 1868 studio
2111 1828 2409 1877 conemur,
2461 1822 2520 1866 ut
2567 1813 2932 1867 haereditatem
2975 1813 3094 1881 ejus
3142 1815 3208 1866 ad
3262 1815 3462 1866 multos

1889 1907 2026 1959 alios
2052 1907 2459 1976 prorogemus:
2516 1920 2627 1977 quo
2685 1906 2908 1960 minime
2959 1905 3031 1959 illi
3089 1905 3320 1969 similes,
3368 1907 3458 1974 qui

1889 2014 2061 2052 unum
2094 1999 2374 2053 'talentum
2427 1998 2660 2066 accepit,
2701 1998 2962 2066 gehennae
2994 1997 3172 2068 ignem
3236 1998 3462 2070 cﬂttgia-

1891 2104 2053 2154 ntus;
2094 2096 2256 2158 atque
2293 2088 2362 2142 iis
2392 2089 2574 2156 potius
2622 2086 2976 2154 comparandi
3032 2087 3317 2141 videamur
3369 2089 3459 2155 qui

1889 2179 1998 2234 dno
2034 2188 2088 2234 et
2116 2180 2361 2248 quinque
2391 2180 2592 2233 talenta
2619 2180 2788 2243 nacti,
2826 2180 2939 2234 haec
2991 2179 3104 2248 ipsa
3151 2180 3463 2249 geminave-

1891 2279 2058 2326 runt:
2097 2272 2281 2340 itaque
2315 2269 2466 2340 digni
2494 2270 2816 2334 habeantur,
2847 2271 2942 2340 qui
2988 2278 3044 2324 et
3077 2285 3221 2325 nunc
3269 2280 3324 2324 et
3373 2287 3464 2324 su-

1889 2380 2077 2435 premo
2111 2362 2570 2418 remunerationis
2601 2361 2688 2417 die
2724 2363 2791 2417 ab
2826 2362 2978 2432 justo
3015 2377 3078 2416 ac
3110 2363 3463 2416 misericorde

1889 2456 2121 2510 Domino
2148 2455 2471 2509 audiamus:
2511 2472 2530 2506 ‹
2579 2453 2910 2526 Euge,ser.ve
2961 2455 3102 2511 bene
3155 2465 3207 2510 et
3271 2455 3460 2519 ﬁdelis,

1890 2549 2022 2618 quia
2050 2564 2214 2617 super
2243 2563 2413 2618 pauca
2445 2547 2597 2602 fuisti
2630 2548 2822 2610 lidclis.
2858 2564 3022 2617 super
3051 2547 3217 2602 Inulta
3262 2559 3314 2601 te
3333 2563 3464 2601 con-

1892 2641 2137 2705 stituam,
2190 2641 2327 2694 intra
2365 2641 2418 2694 in
2443 2640 2700 2708 gaudium
2755 2639 2973 2694 Domini
3022 2640 3098 2694 tui
3126 2640 3230 2698 ",l
3289 2638 3468 2705 Quare

1894 2732 1947 2785 in
1981 2747 2230 2786 conuexo
2264 2741 2586 2802 argumento
2617 2748 2972 2802 perseverans
3014 2731 3231 2801 sapiens
3277 2730 3464 2786 Eccle-

1901 2824 2100 2878 siastes
2134 2823 2333 2893 adjecit
2355 2833 2517 2894 atque
2543 2825 2616 2878 ait
2646 2844 2658 2880 :

1808 2938 1923 2993 XV.

294 3030 415 3084 ’Ἴδε
445 3029 515 3084 τὰ
548 3030 844 3099 ποιήματα
879 3029 990 3084 τοῦ
1030 3028 1200 3094 Θεοῦ,
1233 3029 1325 3082 ὅτι
1350 3030 1443 3094 τίς
1464 2937 1792 3094 δυνήσετιξι

1975 3035 2137 3104 180
2165 3033 2332 3090 Vens.
2375 3035 2460 3090 l5.
2509 3033 2638 3089 Vide
2689 3051 2848 3104 opera
2901 3032 3017 3096 Dei,
3060 3032 3308 3100 quoniam
3355 3031 3471 3100 quis

213 3123 328 3178 τοῦ
350 3123 653 3192 κοσμῆσαι
679 3123 751 3176 ὃν
779 3123 856 3176 ἂν
902 3126 936 3176 d
992 3123 1136 3189 Θεὸς
1183 3120 1520 3190 διαστρέψῃ
1569 3125 1794 3184 amor;

299 3215 654 3285 Κωμῳδήσας
683 3217 775 3268 τὸν
815 3216 1250 3284 ἀποφαινόμενον
1277 3215 1372 3268 καὶ
1391 3215 1679 3280 δοξάζοντα
1697 3215 1794 3277 τὰς

221 3307 665 3378 προγενεστέρας
685 3308 898 3379 ἡμέρας
921 3308 1132 3376 ἀγαθὰς
1152 3303 1293 3360 εἶναι
1325 3307 1526 3378 μᾶλλον
1547 3306 1654 3360 τῶν
1677 3307 1794 3375 νῦν,

219 3397 302 3460 ὡς
336 3398 523 3451 πασῶν
556 3399 799 3468 δηλονότι
847 3400 946 3468 τὴν
992 3399 1297 3468 ταυτότητά
1352 3400 1451 3468 τῆς
1513 3400 1797 3469 ὑπάρξεως

221 3489 467 3558 ἐχουσῶν
496 3491 647 3560 παρὰ
675 3490 773 3560 τῆς
801 3490 1014 3562 ἀγαθῆς
1060 3491 1170 3543 τῶν
1211 3492 1466 3544 ἁπάντων
1508 3492 1797 3561 ποιητικῆς

219 3581 431 3644 αἰτίας,
508 3581 944 3651 παρακελεύεται
992 3584 1103 3644 τοῖς
1161 3583 1442 3635 ἐπαΐουσιν
1495 3581 1798 3651 ἀποϐλέψαι

223 3671 368 3734 πρὸς
411 3673 510 3742 τὴν
562 3672 840 3752 ποικιλίαν
869 3673 976 3727 τῶν
1003 3673 1098 3726 τοῦ
1139 3673 1276 3726 Θεοῦ
1325 3674 1668 3744 ποιημάτων,
1702 3673 1798 3726 καὶ

223 3764 599 3833 παρεξετάσαι
633 3765 728 3817 καὶ
755 3765 1557 3834 διαγνῶναισαφῶς,ὼ;οὑδεὶς
1592 3765 1801 3837 ἀνθρὼ-

225 3872 352 3907 πων
383 3855 607 3908 δύναταί
637 3874 690 3908 τι
715 3856 822 3909 τῶν
851 3857 1002 3928 παρὰ
1041 3856 1134 3910 τοῦ
1165 3861 1370 3927 Δημιου
1383 3856 1512 3926 ργοῦ
1576 3855 1802 3924 γεγονό-

218 3941 338 3999 των
399 3947 430 4016 ἤ
496 3947 703 4015 βέλτιον
725 3948 999 4017 ἀποφῆναι
1028 3949 1123 4001 καὶ
1154 3947 1439 4018 κρείττονα
1473 3949 1611 4018 ὑπὲρ
1646 3947 1674 4000 δ
1705 3947 1802 4000 πέ-

225 4053 423 4106 φυκεν,
451 4038 483 4107 ἢ
525 4037 847 4105 τὸ-ἕμπαλιν
876 4041 1075 4109 χεῖρον.
1123 4040 1210 4100 Ὡς
1239 4034 1332 4091 οὖν
1356 4039 1448 4091 τὸν
1481 4039 1804 4108 ἑτερόφθαλο

229 4146 338 4198 μον
368 4129 398 4198 ἢ
435 4129 604 4199 χωλὸν
636 4131 921 4198 γεγονότα,
949 4131 1043 4182 καὶ
1069 4130 1335 4200 στρεϐλάς
1367 4128 1558 4199 ἔχοντα
1594 4129 1801 4200 βάσεις,

227 4220 333 4273 καὶ
359 4223 475 4283 τοῖς
517 4221 922 4294 παραπλησίοις
962 4220 1192 4273 πάθεσιν
1231 4221 1680 4291 εὑρισκομένους,
1709 4221 1804 4274 καὶ

229 4313 373 4385 πρὸς
399 4313 496 4383 τὴν
531 4313 826 4382 ἀρτιότητα
852 4312 946 4365 καὶ
974 4312 1252 4366 τελείωσιν
1286 4315 1386 4383 τῆς
1413 4313 1630 4380 φύσεως
1658 4311 1803 4364 ἐλλι-

1901 3127 2090 3194 poterit
2119 3126 2401 3190 adamare,
2431 3142 2581 3196 quem
2614 3125 2754 3179 Deus
2789 3125 3090 3194 pervertet-it
3118 3125 3286 3194 ipsum
3315 3121 3472 3186 ('10)?

1970 3216 2262 3286 Postquam
2295 3233 2418 3272 eum
2461 3217 2802 3287 perstrinxit,
2835 3216 2926 3286 qui
2958 3216 3124 3286 jactet
3155 3224 3318 3284 atque
3358 3214 3473 3283 opi-

1900 3318 2058 3362 netur
2085 3309 2222 3374 dies,
2258 3291 2512 3378 quiante
2533 3325 2634 3364 nos
2669 3309 2909 3370 fuerunt,
2948 3307 3018 3363 iis
3047 3307 3301 3361 meliores
3329 3319 3470 3369 esse.

1900 3402 1992 3470 qui
2032 3417 2176 3456 nunc
2214 3413 2360 3464 sunt,
2389 3403 2535 3470 quod
2584 3415 2779 3470 nempe
2814 3416 2845 3454 a
2886 3401 3029 3454 bona
3085 3399 3176 3453 illa
3227 3398 3472 3454 omnium

1900 3493 2171 3547 ellectrice
2209 3508 2376 3547 causa
2405 3493 2652 3547 eamdem
2681 3507 2872 3545 omnes
2903 3491 3168 3560 originem
3201 3498 3256 3544 ct
3313 3498 3474 3543 natu-

1901 3597 2016 3636 ram
2059 3582 2389 3638 sortiantur:
2429 3583 2704 3638 auditores
2744 3582 2856 3651 jam
2897 3582 3239 3646 cohortatur,
3305 3589 3362 3633 ut
3407 3580 3474 3631 ad

1902 3673 2213 3727 divinorum
2243 3688 2470 3742 Operam
2502 3672 2816 3727 varietatem
2844 3673 3035 3726 oculos
3067 3671 3338 3735 attollant,
3377 3670 3472 3724 iis-

1903 3780 2009 3834 que
2035 3772 2240 3819 attente
2287 3764 2670 3828 consideratis,
2709 3765 2854 3819 clare
2903 3764 3248 3834 dignoscant,
3304 3762 3478 3816 nemi-

1905 3871 2031 3910 nem
2059 3870 2127 3910 ex
2163 3856 2474 3911 hominibus
2507 3871 2651 3918 esse,
2683 3856 2778 3925 qui
2805 3857 2870 3910 de
2896 3856 2963 3909 iis
2995 3855 3321 3925 quidquam,
3355 3869 3478 3923 qua

1904 3964 1933 4001 a
1968 3945 2405 4001 conditorefacta
2434 3956 2582 4012 sunt,
2617 3947 2697 4001 vel
2719 3947 2914 4002 melius
2941 3955 3106 4015 atque
3133 3944 3480 4014 praestantius

1905 4041 1990 4094 vel
2047 4049 2238 4094 contra
2288 4039 2443 4109 pejus
2489 4040 2714 4094 reddere
2756 4041 2951 4108 possit.
3008 4036 3476 4103 Quemadmodum

1908 4132 2073 4202 igitur
2099 4131 2190 4201 qui
2221 4131 2390 4184 altero
2424 4130 2586 4183 oculo
2644 4140 2740 4184 aut
2775 4128 3020 4183 membro
3039 4136 3231 4196 captus
3264 4127 3360 4188 sit.
3399 4126 3478 4178 vel

1908 4223 2124 4292 plantas
2150 4222 2346 4275 haheat
2378 4221 2661 4281 distortus,
2702 4217 2909 4288 quique
2936 4216 3211 4272 similibus
3236 4217 3482 4269 laborent

1907 4311 2153 4380 corporis
2182 4312 2348 4374 vitiis,
2383 4320 2438 4363 rt
2470 4310 2839 4364 membrorum
2871 4309 3186 4377 integritate
3235 4317 3479 4367 careant,

227 4405 354 4468 ττιῖις
381 4405 606 4477 ἔχοντας
632 4405 806 4468 οὐδεὶς
835 4406 1020 4475 ἔτερος
1051 4403 1295 4468 δύναται,
1341 4403 1482 4474 πλὴν
1515 4403 1608 4456 τοῦ
1643 4407 1798 4474 ποιή-

1910 4409 2052 4462 alius
2081 4407 2180 4460 hos
2204 4419 2384 4468 nemo,
2419 4411 2615 4472 praeter
2659 4418 2809 4466 cum,
2850 4401 2946 4470 qui
3003 4399 3248 4454 condidit
3278 4407 3333 4452 ct
3364 4409 3483 4451 om-

230 4513 436 4560 σαντος
468 4497 562 4550 καὶ
603 4496 673 4550 τά
716 4496 896 4550 πάντα
941 4493 1456 4558 κατασκευάσαντος
1481 4532 1497 4558 ,
1540 4493 1806 4548 ἀνακαλέ-

231 4588 437 4642 σασθαι
469 4589 564 4640 καὶ
593 4586 981 4660 μετοχετεῦσαι
1024 4587 1161 4658 πρὸς
1210 4586 1310 4658 τὴν
1342 4585 1578 4658 φυσικὴν
1605 4586 1798 4638 1:515:6-

231 4696 376 4748 τητα
425 4679 521 4732 καὶ
558 4680 882 4750 διόρθωσιν·
932 4678 1104 4742 οὕτως
1151 4678 1273 4732 οὐδὲ
1327 4679 1427 4742 τὰς
1477 4678 1575 4748 τῆς
1637 4677 1808 4746 αὐτῆς

233 4772 338 4826 καὶ¹
372 4774 497 4842 μιᾶς
531 4772 817 4844 ὑπάρξεως
865 4773 962 4826 καὶ
989 4769 1254 4841 γενέσεως
1287 4769 1510 4824 δύναται
1548 4768 1808 4838 διαιρεῖν,

233 4863 340 4916 καὶ
369 4864 467 4928 τὰς
503 4865 602 4936 μὲν
627 4864 861 4932 ἀγαθὰς,
919 4863 1016 4927 τὰς
1076 4862 1135 4916 δὲ
1191 4861 1435 4933 πονηρὰς
1500 4861 1806 4930 ὀνομάζειν.

234 4957 400 5010 Πᾶσα
428 4955 537 5026 γάρ
581 4955 764 5026 ἡμέρα
816 4953 913 5026 τὴν
942 4955 1064 5024 ἴσην
1099 4952 1366 5022 ὑπόληψιν
1409 4951 1521 5022 ἔχει
1571 4951 1666 5004 καὶ
1714 4951 1811 5019 τὴν

235 5047 431 5117 αὐτὴν,
465 5046 644 5117 ἀγαθὴ
674 5049 952 5117 πεφυκυῖα
983 5045 1135 5116 παρὰ
1171 5042 1266 5102 τοῦ
1305 5041 1513 5112 ἀγα.θοῦ
1542 5047 1813 5113 Δημιουρ-

314 5176 360 5209 ⁸⁶
387 5175 576 5231 Mattb.
603 5190 727 5239 xxv,
767 5174 856 5229 9.5.

322 5291 431 5360 (69)
463 5289 667 5358 Supple
695 5304 832 5354 eum,
861 5290 956 5360 qui
977 5288 1040 5341 ab
1086 5304 1149 5342 ea
1181 5287 1323 5360 dives
1348 5297 1451 5360 est.
1480 5285 1616 5360 sive,
1651 5293 1710 5360 ut
1761 5286 1814 5340 in

243 5355 560 5424 Hebraicis,
584 5355 685 5421 nui
710 5375 772 5412 ea
803 5355 1055 5427 pra:Jiltts
1085 5368 1180 5414 est.
1224 5357 1282 5412 lu
1355 5355 1599 5425 Vulgatis
1652 5357 1817 5427 leges,

246 5432 371 5487 Hoc
401 5445 578 5484 autem
608 5432 725 5496 plus
753 5425 907 5482 habet
943 5429 1170 5482 eruditio
1241 5437 1290 5496 et
1339 5427 1619 5496 sapientia.
1680 5425 1818 5495 quod

245 5505 411 5558 vitam
438 5494 672 5553 tribuunt
705 5499 996 5566 possessori
1046 5515 1165 5552 suo.
1220 5494 1535 5566 (Capavtt,
1589 5511 1641 5548 ν.
1694 5494 1814 5566 ⁷15).

240 5575 517 5628 Caeterum
546 5565 740 5623 Noster
775 5569 852 5624 ita
901 5572 1012 5626 haec
1038 5565 1376 5636 interpretari
1413 5565 1644 5620 subinde
1672 5565 1823 5618 vide-

246 5655 363 5699 tur.
401 5650 459 5694 ut
487 5657 603 5692 cum
639 5639 726 5708 qui
765 5641 829 5690 ab
854 5655 937 5698 ea.
981 5654 1088 5690 non
1157 5643 1331 5708 ipsum
1367 5636 1699 5708 sapientem
1734 5650 1822 5688 ve-

246 5726 506 5769 teranum
542 5705 663 5764 esse
696 5719 864 5777 putet,
906 5710 998 5762 sed
1035 5705 1186 5768 eum,
1209 5707 1301 5774 qui
1367 5705 1530 5777 hujus
1566 5706 1820 5777 magiste-

250 5785 341 5838 rio
371 5774 829 5847 sapientiam'tiro
862 5779 1072 5838 ediscit,
1105 5789 1154 5830 et
1189 5778 1256 5829 ab
1281 5791 1340 5828 ea
1375 5776 1526 5828 dives
1592 5777 1666 5828 tit.
1712 5774 1816 5826 ila-

257 5857 348 5909 bet
386 5866 512 5906 vero
545 5852 654 5904 haec
690 5849 1060 5916 interpretatio
1093 5847 1357 5902 acuminis
1380 5859 1485 5900 non
1518 5859 1727 5915 parum,
1765 5854 1818 5896 et

1910 4500 2000 4556 nia
2022 4499 2325 4562 constituit,
2361 4497 2428 4551 ad
2477 4495 2784 4550 naturalem
2842 4493 3232 4563 perfectionem
3293 4503 3486 4546 emen-

1909 4593 2295 4660 dationemque
2324 4604 2578 4645 revocare
2604 4603 2668 4643 ac
2691 4586 2984 4642 transferre
3014 4595 3189 4655 potest
3227 4585 3339 4655 (7|)
3369 4585 3487 4648 ;sic

1913 4697 2075 4738 nemo
2107 4698 2227 4751 quae
2259 4680 2506 4750 ejusdem
2533 4694 2761 4749 prorsus
2795 4679 3116 4732 substantiae
3161 4692 3224 4730 ac
3278 4687 3488 4729 natura:

1914 4782 2063 4838 sunt,
2088 4773 2334 4829 dividere
2353 4773 2463 4826 ullo
2499 4770 2658 4825 modo
2707 4771 2872 4832 valet,
2907 4778 3071 4838 atque
3101 4768 3239 4822 alios
3267 4765 3484 4835 quidem

1913 4866 2030 4918 dies
2094 4863 2286 4926 bonos,
2357 4861 2494 4914 alios
2569 4860 2741 4914 malos
2805 4859 3186 4912 denominare.
3246 4854 3486 4920 Quilibet

1913 4953 2060 5006 enim
2095 4952 2210 5006 dies
2245 4966 2428 5020 parem
2454 4948 2811 5017 eamdemque
2845 4947 3006 5000 habet
3038 4945 3485 5007 aestimationem,

1914 5052 1968 5099 et
2013 5045 2192 5098 bonus
2228 5059 2257 5095 a
2286 5042 2428 5096 bono
2471 5038 2771 5095 Conditore
2828 5047 2989 5106 atque
3048 5035 3281 5090 Domino
3335 5048 3490 5101 teque

1920 5285 1988 5340 iis
2011 5283 2213 5350 optime
2239 5278 2550 5350 respondet,
2577 5293 2698 5350 quae
2725 5274 2973 5350 proxime
3003 5271 3340 5350 praecedunt.

1993 5339 2106 5424 (T0)
2139 5339 2354 5421 Olymp'.
2387 5339 2688 5418 διαστρέφῃ
2717 5339 2880 5398 αὐτὸν
2919 5345 2976 5396 ἐν
3004 5339 3223 5412 ’ἡμέρα
3267 5339 3488 5408 ἀγαθω-

1924 5441 2108 5478 συνης.

2151 5491 2228 5545 Ex
2284 5485 2728 5562 interpretatione
2778 5483 3292 5562 Chaldaicausu‘am
3351 5479 3493 5562 hanc

1926 5547 2121 5616 Noster
2141 5547 2458 5629 expressit}
2497 5557 2575 5609 sit:
2605 5555 2747 5629 enim
2778 5571 2838 5629 se
2871 5547 3488 5629 habet-illaParapltra-

1927 5635 2042 5688 sis:
2082 5649 2099 5680 ι
2137 5621 2517 5697 Cobtemplare
2548 5641 2686 5697 opus
2717 5624 2806 5676 Dei
2841 5632 2893 5675 et
2929 5621 3487 5697 fortitudinem"ejus,

1932 5703 2023 5772 qui
2051 5700 2177 5754 fecit
2205 5689 2494 5772 czeeunrrt
2534 5689 2809 5772 claudunt,
2844 5703 2899 5746 ut
2933 5693 3042 5772 sint
3101 5689 3370 5768 mirabilia
3436 5689 3486 5772 in

1925 5763 2122 5827 sier-nlo
2148 5787 2160 5823 :
2193 5770 2318 5837 quis
2343 5768 2487 5820 enim
2521 5774 2624 5836 est,
2659 5763 2761 5837 qui
2791 5764 2981 5837 poterit
3018 5763 3290 5837 corripere
3320 5770 3487 5837 unum

1925 5826 1987 5897 ex
2021 5845 2105 5906 iis,
2142 5826 2243 5894 nisi
2289 5831 2560 5892 Dominus
2583 5826 2802 5897 mundi,
2852 5832 2941 5899 qui
3005 5829 3204 5884 Creavit
3261 5826 3428 5879 cum?
3466 5839 3483 5870 δ
