4166 6434
689 293 816 359 i311

1809 297 1870 356 S.
1922 293 2299 356 GREGORII
2342 293 2855 365 AGRIGENTlNl

3832 291 3962 353 1MP.

685 405 908 475 prodiit.
973 404 1091 470 llis,
1123 403 1315 474 inquit,
1363 420 1396 457 ο
1454 405 1736 471 mortales,
1803 404 2049 469 omissis,
2105 419 2257 473 quae—

2394 401 2467 454 ὀὖ
2517 403 2612 460 καὶ
2644 403 2920 457 Δεσπότου
2953 421 2968 434 ·
3025 404 3222 467 ταῦτα,
3272 403 3465 474 φησὶν,
3520 403 3826 475 παρέντες,
3874 405 3961 455 dv-

687 507 907 568 ctanue
943 500 1075 552 tiant
1131 512 1221 552 res
1278 506 1441 566 atque
1481 497 1838 566 Contingant,
1909 497 2116 566 gratias
2156 495 2267 551 Deo

687 590 925 644 universi
963 588 1172 644 reddite
1201 604 1266 644 ac
1297 589 1522 644 meritas
1555 590 1745 644 laudes
1786 605 1800 642 :
1841 601 1900 643 ut
1930 605 2113 660 neque
2169 590 2260 654 iis,

685 696 806 749 quae
835 681 974 734 bona
1003 681 1311 744 videantur,
1345 682 1538 736 tumidi
1571 681 1810 750 elatique
1866 679 2012 751 fastu
2071 695 2264 749 super-

682 773 869 835 biatis,
904 778 954 825 ct
989 788 1183 842 magna
1211 787 1338 826 cum
1369 772 1603 827 aliorum
1650 782 1975 842 contemptu
2003 771 2260 844 jactetis;

684 879 864 934 neque
920 864 1007 930 iis,
1040 881 1162 936 quae
1221 865 1399 920 tristia
1459 877 1722 934 apparent
1786 874 1951 935 atque
2006 867 2262 929 molesta,

684 959 946 1026 perculsi,
978 956 1046 1011 ad
1087 958 1380 1027 ignobilem
1449 958 1809 1012 humilitatem
1875 969 1930 1014 et
1988 974 2260 1013 summam

687 1049 854 1102 animi
892 1049 1256 1118 abjectiunem
1296 1049 1571 1105 recidatis.
1613 1049 1919 1118 Utrumque
1969 1049 2115 1103 enim
2173 1049 2260 1102 in-

689 1140 951 1195 decorum
994 1149 1100 1206 est,
1140 1150 1197 1196 et
1223 1141 1455 1196 cordato
1487 1141 1679 1208 utique
1707 1141 1829 1196 viro
1861 1150 2026 1210 atque
2059 1141 2261 1195 intelli-

687 1241 849 1304 gente
877 1232 1102 1288 minime
1127 1232 1375 1305 dignum,
1401 1233 1609 1288 Idcirco
1648 1233 1918 1303 subjecit.-

2370 494 2599 564 θρωποι,
2630 495 2733 566 τὴν
2762 496 2858 548 ἐπὶ
2891 497 3027 549 πᾶσι
3051 499 3164 560 τοῖς
3186 498 3442 565 γεγονόσι
3465 498 3558 550 καὶ
3592 495 3960 566 συμϐαίνουσι

2369 587 2664 657 πράγμασι
2709 587 2810 658 τὴν
2838 588 3165 660 εὐχάριστον
3203 588 3562 656 ἀναπέμπετε
3590 588 3673 658 τῷ
3695 587 3825 657 Θεῷ
3857 587 3961 639 τῶν

2367 677 2505 732 ὅλων
2542 679 2759 748 δοξολογ
2771 679 2858 732 ίαν
2885 679 3241 750 χρεωστικῶς
3267 697 3282 712 ’
3319 681 3416 734 καὶ
3446 682 3583 752 μήτε
3624 684 3742 744 τοῖς
3773 679 3959 734 δοκοῦ-

2368 787 2423 824 σι
2467 774 2724 840 χρηστοῖς
2750 770 3356 842 προσεξογκοῦσθε,κα“ι
3374 773 3512 842 πρὸς
3541 774 3952 842 ὑπερηφάνειαν

2369 861 2646 930 ἑπάρθητε
2681 863 2774 915 καὶ¹
2809 861 3375 933 μεγαλορρημοσύνην
3393 861 3487 920 καὶ
3517 863 3954 932 καταφρόνησιν,

2375 958 2514 1022 μήτε
2543 955 2658 1015 τοῖς
2693 949 2851 1023 άνιᾷν
2880 953 3102 1006 δοκοῦσι
3131 953 3224 1006 καὶ
3252 953 3520 1024 λυπηροῖς
3583 954 3726 1024 πρὸς
3762 954 3955 1021 ἀγεννῆ

2371 1046 2762 1115 ταπεινότητα,
2797 1046 2896 1097 καὶ
2925 1045 3132 1116 πολλὴν
3161 1046 3405 1114 ἀθυμίαν
3441 1046 3678 1116 καρδίας
3733 1046 3958 1098 καταϐι-

2374 1135 2630 1199 ϐάζεσθε.
2673 1133 2896 1188 Τούτων
2925 1133 3036 1205 γὰρ
3070 1134 3335 1204 ἑκάτερον
3365 1135 3617 1204 ἀπρεπὲς
3685 1135 3783 1186 καὶ
3849 1135 3957 1185 δια-

2379 1228 2529 1290 νοίας
2563 1227 2784 1291 ἀνάξιον
2814 1227 3090 1297 ἔμφρονος
3112 1226 3360 1298 δηλονότι
3383 1227 3479 1279 καὶ
3501 1227 3756 1296 συνετῆς.
3799 1226 3957 1295 Ἀμέ-

2377 1323 2461 1378 λει
2493 1321 2674 1375 τοίνυν
2697 1323 2977 1391 ἐπήγαγεν
3009 1337 3022 1349 ·

2229 1438 2256 1508 §
2295 1437 2434 1494 χιι.

776 1523 932 1594 18]
971 1523 1131 1581 Vens.
1165 1527 1251 1581 Η.
1286 1525 1348 1582 In
1383 1529 1469 1582 die
1502 1529 1758 1583 bonitatis
1789 1532 1894 1584 rice
1923 1531 1975 1582 in
2003 1531 2161 1595 bona,
2222 1539 2273 1582 et
2308 1541 2348 1593 υ

695 1615 748 1667 in
778 1615 864 1668 die
897 1617 1025 1668 ntali
1060 1617 1177 1670 ride
1201 1619 1490 1672 bonitatem
1523 1635 1540 1672 :
1597 1622 1712 1674 vide
1757 1624 1920 1675 etiam
1983 1623 2078 1675 hoc
2134 1638 2263 1675 con-

695 1723 889 1776 gruum
915 1709 1041 1761 huic
1069 1711 1204 1780 (72,.

773 1798 925 1852 Diem
955 1800 1210 1855 bonitatis
1241 1805 1476 1873 appellat
1509 1814 1723 1875 tempus
1747 1809 1898 1861 auris
1952 1817 2117 1876 atque
2168 1811 2274 1864 im-

698 1890 890 1947 bribus
950 1892 1177 1962 placidis
1237 1896 1649 1966 Inoderatisque
1717 1907 2100 1968 temperatum,
2153 1917 2275 1970 qua:

699 1993 860 2039 terrae
895 1987 962 2039 ad
1003 1985 1188 2056 fruges
1228 1987 1484 2044 ferendas
1519 1992 1756 2058 prosint,
1798 2000 2094 2057 eteorum,
2153 2010 2277 2063 qua:

698 2076 1019 2133 hominibus
1051 2081 1119 2134 ad
1161 2096 1314 2135 esum
1357 2084 1670 2138 necessaria
1702 2095 1854 2146 sunt,
1910 2085 2126 2153 copiam
2189 2086 2273 2154 gi—

699 2180 869 2236 gnant
902 2187 914 2222 :
955 2169 1207 2239 idemque
1260 2182 1508 2240 pacatum
1549 2184 1603 2226 et
1632 2174 1814 2229 hostili
1869 2175 2185 2231 incursione
2214 2192 2278 2230 ac

701 2258 1130 2327 praedationibus
1173 2261 1426 2316 liberum.
1502 2263 1709 2319 Contra
1765 2281 1899 2320 vero
1953 2269 2092 2320 diem
2147 2268 2279 2322 mali

702 2361 938 2417 tempus,
969 2366 1080 2420 quo
1133 2354 1411 2407 contraria
1485 2355 1570 2409 his
1633 2355 1909 2410 dominari
1971 2359 2276 2422 videamus,

700 2439 853 2493 velut
891 2442 1036 2495 aeris
1071 2442 1472 2512 intemperiem,
1514 2456 1613 2498 aut
1655 2447 1940 2513 penuriam
2000 2465 2276 2518 aquarum

701 2537 798 2582 aut
825 2530 1036 2598 pluvias
1071 2533 1316 2602 iungentes
1345 2533 1574 2588 nimium
1615 2551 1680 2590 ae
1731 2552 1950 2604 graves,
2008 2549 2100 2594 aut
2153 2540 2282 2593 hos-

706 2621 840 2675 tium
883 2621 1215 2692 irruptiones
1245 2639 1310 2679 ac
1341 2625 1648 2691 latrocinia,
1711 2637 1877 2697 atque
1935 2628 2020 2682 his
2052 2628 2277 2683 similia.

704 2713 970 2769 llortatur
1019 2731 1204 2784 porro,
1264 2731 1332 2772 ne
1375 2716 1649 2787 prioribus
1718 2718 1799 2774 sic
1851 2718 2165 2785 eﬂ‘eramur,
2224 2731 2284 2776 ut

706 2805 938 2859 rationis
969 2820 1034 2859 ac
1065 2807 1263 2861 mentis
1291 2808 1400 2861 vim
1430 2808 1487 2862 in
1521 2809 1789 2864 desidiam
1844 2810 2175 2876 relaxemus,
2229 2822 2285 2867 et

706 2895 967 2964 praeclara
1019 2895 1147 2951 honi
1207 2897 1674 2969 intelligentisque
1722 2900 1913 2969 judicii
1964 2902 2281 2958 conditione

2463 1535 2566 1585 Ἐν
2609 1531 2799 1599 ἡμέρᾳ
2853 1530 3257 1599 ιὶπιιὶωσὺνης
3313 1527 3440 1594 ζῆθι
3475 1528 3546 1580 ἐν
3595 1523 3823 1593 ἀγαθῷ,
3868 1516 3957 1576 καὶ

2373 1623 2444 1674 ἐν
2477 1621 2668 1690 ἡμέρᾳ
2697 1621 2913 1684 κακίας
2947 1618 3040 1670 ἴδε
3079 1619 3488 1684 ἀγαθωσύνην
3516 1633 3531 1647 ·
3597 1615 3694 1668 ἴδε
3748 1615 3853 1667 καί
3899 1630 3960 1681 τρ

2377 1713 2556 1765 τοῦτο
2583 1713 2914 1779 σύμφωνον
2946 1709 3158 1772 τούτῳ.

2448 1804 2560 1874 Τῆς
2589 1800 2957 1870 ἀγαθωσύνης
2979 1801 3200 1871 ἡμέραν
3223 1801 3313 1853 τὸν
3341 1799 3532 1870 καιρὸν
3585 1795 3850 1868 ὀνομάζει
3880 1793 3958 1846 τοι

2379 1901 2438 1952 ἐν
2468 1901 2538 1970 τῇ
2571 1895 2843 1967 εὐκρασίᾳ
2868 1894 2978 1947 τῶν
3006 1895 3188 1964 ἀέρων
3219 1894 3314 1947 καὶ
3343 1894 3454 1946 τῶν
3507 1889 3812 1961 εἰρηνικῶν
3873 1886 3964 1956 δμ-

2379 1993 2526 2062 6ρων
2557 1989 2655 2043 καὶ
2688 1986 3045 2056 συμμέτρων,
3091 1988 3187 2038 καὶ
3235 1985 3373 2056 πρὸς
3448 1982 3834 2051 καρποφορίαν
3871 1978 3966 2044 τῆς

2377 2083 2480 2150 γῆς
2510 2079 3001 2150 συμϐαλλομένων,
3052 2078 3146 2129 καὶ
3197 2076 3302 2145 τῆς
3365 2074 3474 2127 τῶν
3526 2073 3816 2142 ἐδωδίμων
3862 2071 3966 2131 τοῖς

2379 2170 2690 2244 ἀνθρὼ“ποις
2755 2169 3016 2240 εὐθηνίας
3074 2165 3418 2237 ποιητικῶνο
3486 2167 3583 2219 καὶ
3633 2163 3824 2233 μέντοι
3875 2159 3966 2229 τῆς

2377 2267 2636 2338 δῃώσεως
2679 2264 2773 2318 καὶ
2816 2263 3052 2332 ληῖσεως
3077 2260 3190 2313 τῶν
3233 2257 3550 2327 ἀλλοφύλων
3607 2250 3969 2325 ἀπηλλαγμέ-

2380 2375 2500 2412 νον·
2539 2356 2770 2425 ἡμέραν
2810 2355 2868 2408 δὲ
2897 2353 3117 2418 κακίας
3165 2342 3406 2422 ἔμπαλιν
3469 2348 3562 2402 τὸν
3623 2347 3827 2418 καιρὸν
3883 2343 3970 2396 τὸν

2380 2449 2787 2518 διαγνωσθέντα
2835 2447 2948 2499 τῶν
3017 2445 3230 2508 τούτοις
3277 2441 3676 2510 ἀντικειμένων
3750 2439 3967 2508 πλῆρψ

2381 2538 2494 2596 οἷον
2539 2541 2721 2610 ἀέρων
2773 2538 3111 2608 δυσκρασίας
3164 2533 3530 2606 ἣπαντελοῦς
3577 2530 3888 2601 ἀνομϐρίας
3936 2527 3968 2599 1

2385 2632 2768 2701 σφοδροτάτων
2784 2629 2880 2683 καὶ
2902 2625 3141 2680 καθ’ὑπε
3151 2624 3352 2696 ρϐολὴν
3367 2621 3562 2682 ὑετῶν,
3592 2620 3626 2688 ἢ
3655 2616 3973 2687 πολεμικῶν

2384 2721 2748 2794 καταδρομῶν
2776 2722 2870 2774 καὶ
2893 2721 3150 2790 ληῖσεων,
3197 2718 3293 2771 καὶ
3347 2713 3458 2767 τῶν
3513 2710 3734 2772 τούτοις
3796 2724 3974 2775 παρα·-

2386 2815 2651 2884 πλησίων.
2687 2813 3085 2883 Παρεγγυᾶται
3117 2809 3299 2861 τοίνυν
3333 2807 3475 2876 μήτε
3523 2805 3640 2865 τοῖς
3680 2800 3975 2872 προτέροις

2386 2904 2733 2977 ἐπαίρεσθαι,
2761 2901 3021 2970 καὶπρὸς
3056 2897 3335 2970 ρᾳθυμίαν
3365 2894 3647 2964 ύποχαλᾷν
3691 2893 3831 2953 τοὺς
3885 2888 3978 2956 τῆς

708 2988 1042 3055 posthabita,
1085 2989 1156 3043 ab
1179 2989 1348 3044 animi
1381 2991 1663 3061 vigilantia
1685 3001 1851 3064 atque
1886 3008 1916 3047 a
1953 3001 2101 3049 recto
2124 2994 2278 3051 labo-

2394 2969 2570 3068 ψυχης
2598 2969 2936 3064 λογισμοὺς,
2967 2993 3065 3045 καὶ
3097 2969 3462 3058 καταφρονεῖν
3487 2987 3586 3055 τῆς
3624 2981 3849 3052 ἀγαθῆς
3893 2977 3982 3030 καὶ

713 3093 834 3132 rum
866 3082 1053 3135 studio
1081 3080 1398 3136 decidamus
1436 3101 1448 3136 :
1487 3085 1578 3138 sed
1613 3093 1670 3139 ut
1701 3101 1808 3139 non
1844 3086 2043 3142 minori
2075 3103 2212 3143 cura
2235 3098 2288 3144 et

713 3170 941 3224 consilia
981 3172 1170 3234 eadem
1200 3173 1341 3228 bona
1377 3184 1432 3229 et
1471 3191 1620 3246 spem
1678 3176 1950 3249 ﬁdemque
2006 3195 2070 3236 ac
2104 3182 2289 3249 perfe-

713 3273 856 3315 ctam
888 3263 1213 3317 charitatem
1268 3280 1395 3335 erga
1449 3281 1725 3321 summum
1785 3269 1954 3323 Deum
2015 3280 2288 3335 tueamur,

715 3350 1016 3407 bonitatem
1042 3363 1319 3411 sectantes
1347 3372 1492 3423 eam,
1519 3374 1639 3427 quae
1667 3360 1748 3414 illi
1793 3363 2022 3415 omnino
2065 3364 2288 3425 charos,

719 3452 814 3496 aut
840 3453 1008 3509 certe,
1031 3455 1296 3514 quantum
1350 3447 1466 3503 ﬁeri
1522 3460 1721 3518 potest,
1763 3461 2016 3520 acceptos
2073 3453 2288 3510 eﬂiciat.

722 3533 899 3588 Simili
932 3545 1112 3589 autem
1149 3537 1313 3592 modo
1351 3547 1407 3594 et
1443 3540 1496 3594 in
1555 3542 1952 3610 posterioribus
2023 3547 2290 3610 hortatur,

722 3637 785 3680 ut
815 3631 1063 3687 eamdem
1094 3630 1218 3684 vitae
1246 3631 1676 3700 aequabilitatem
1707 3651 1988 3692 servemus
2014 3653 2079 3691 ac
2109 3648 2295 3692 custo-

723 3721 962 3783 diamus,
1000 3737 1280 3790 nunquam
1319 3723 1387 3777 de
1413 3725 1632 3780 virtutis
1662 3727 1834 3796 gradu
1862 3730 2053 3797 deiecti
2093 3749 2106 3784 :
2163 3732 2296 3784 nihil

727 3820 787 3864 ut
818 3810 1048 3866 moleste
1077 3811 1337 3875 feramus,
1369 3823 1465 3867 aut
1497 3826 1730 3869 mentem
1763 3816 1830 3870 ad
1869 3818 2108 3874 nefarias
2141 3819 2295 3889 cogi-

725 3905 959 3959 tationes
993 3913 1047 3959 et
1094 3905 1288 3960 noxios
1341 3921 1556 3962 errores
1606 3909 1781 3962 delabi
1827 3913 2100 3978 patiamur
2139 3931 2152 3965 :
2204 3913 2300 3968 sed

728 3998 780 4050 in
809 3997 895 4051 his
925 3997 1111 4063 etiam,
1148 3990 1402 4052 laudibus
1441 4014 1658 4053 summo
1707 4000 1817 4054 Deo
1846 4003 2066 4058 tributis
2098 4015 2152 4058 et
2181 4020 2303 4073 gra-

726 4091 818 4144 tiis
846 4089 1008 4153 actis,
1049 4091 1405 4145 stabilitatem
1431 4093 1600 4146 animi
1626 4097 2103 4165 constantiamque
2159 4113 2302 4166 prae-

729 4191 960 4234 stemus.
994 4178 1130 4234 Nam
1153 4181 1222 4246 si,
1255 4181 1452 4251 inquit,
1497 4183 1749 4237 eumdem
1799 4184 1998 4239 all'eres
2057 4187 2302 4240 animum

729 4273 794 4325 ad
832 4272 1059 4327 adversa
1090 4283 1255 4343 atque
1282 4273 1580 4337 contraria,
1617 4275 1755 4328 scito
1777 4287 1832 4330 et
1879 4291 1978 4346 pro
2018 4287 2305 4346 comperto

731 4366 950 4429 habeto,
977 4363 1375 4418 contrariorum
1406 4375 1701 4418 eventuum
1730 4373 2024 4436 utrumque
2051 4369 2303 4423 eumdem

729 4453 938 4506 exitum
974 4453 1242 4523 planeque
1275 4454 1509 4509 similem
1536 4453 1807 4518 futurum,
1835 4455 1891 4508 id
1939 4467 2025 4510 eSt
2058 4455 2262 4510 bonum
2290 4475 2303 4509 :

731 4545 878 4615 quod
913 4545 1158 4599 animum
1188 4560 1342 4616 teque
1370 4546 1438 4600 ad
1467 4554 1762 4615 utrumque
1802 4555 2052 4616 paratum
2103 4547 2312 4602 habue-

735 4639 834 4700 ris,
857 4647 910 4691 et
936 4646 1045 4690 tam
1075 4640 1444 4692 secundarum
1473 4654 1682 4704 rerum,
1737 4653 1903 4708 quam
1955 4639 2310 4693 adversarum

737 4746 972 4785 occursu
1005 4732 1290 4784 immotum
1318 4745 1555 4801 semper,
1585 4746 1649 4785 ac
1679 4732 1811 4786 boni
1843 4731 2059 4788 consilii
2114 4749 2315 4803 propo-

738 4823 940 4891 sitique
967 4832 1233 4877 tenacem.
1281 4819 1414 4876 Nam
1462 4822 1568 4877 hoc
1621 4822 1904 4889 iudicavit,
1961 4839 2085 4882 eum
2127 4824 2311 4877 dixit:

744 4933 762 4964 ι
805 4913 934 4967 Vide
964 4914 1129 4968 etiam
1161 4915 1265 4970 hoc
1325 4930 1627 4992 congruum
1691 4916 1837 4978 huic,
1873 4934 1892 4966 ι
1945 4932 2044 4986 pro
2106 4917 2318 4971 ratione

743 5006 956 5060 scilicet
995 5006 1250 5060 humana:
1276 5006 1606 5071 all‘ectionis,
1640 5022 1766 5062 cum
1797 5025 1860 5062 ea
1891 5009 2080 5074 etiam,
2108 5023 2230 5077 quae
2251 5023 2317 5062 ex

743 5099 975 5154 adtcrso
1003 5100 1349 5169 contingunt,
1379 5101 1582 5153 bonum
1610 5100 1677 5154 ad
1713 5099 2007 5153 terminum
2046 5115 2319 5154 consensu

745 5191 984 5260 quodam
1014 5191 1174 5262 182
1199 5193 1604 5262 concordiaque
1662 5191 1929 5246 ferantur.
1985 5192 2076 5247 Ait
2127 5191 2323 5248 deinde

749 5281 1114 5337 Ecclesiastes
1140 5300 1151 5334 :

829 5665 940 5730 1ῖί)
972 5664 1127 5732 Apud
1161 5661 1301 5734 LXX
1334 5663 1659 5734 legimus”,
1705 5661 1794 5734 Ἐν
1837 5659 2074 5734 ἀγαθῴη
2101 5660 2194 5711 καὶ
2253 5659 2328 5734 ἴδε

746 5741 803 5795 ἐν
831 5728 1009 5807 ἡμέρα
1022 5728 1262 5799 -κακίας,
1278 5733 1374 5788 ίδε.
1387 5728 1498 5787 Καί
1513 5733 1690 5802 γέσὺν
1708 5732 1879 5801 τούτῳ
1894 5728 2196 5800 συμφώνως
2215 5728 2308 5781 τοῦ
2321 5759 2336 5772 -

2391 3086 2713 3159 πρεπούσης
2740 3085 2967 3155 λογικῆς
2999 3083 3414 3144 καταστάσεως,
3455 3080 3664 3145 καὶτῆς
3698 3073 3981 3145 νηφούσης

2390 3179 2631 3242 διανοίας
2683 3179 2775 3230 καὶ
2827 3176 3121 3246 φιλοπόνου
3193 3174 3423 3242 γνώμης
3495 3167 3937 3223 κατολισθαίνειν
3966 3179 3981 3193 ’

2391 3272 2507 3327 ἀλλ’
2546 3271 2698 3324 οὐδὲν
2723 3265 2887 3342 ἦττον
2913 3271 2971 3322 ἐν
2989 3268 3280 3334 ταυτότητι
3310 3265 3589 3332 διαμένειν
3621 3260 3738 3312 τῶν
3764 3257 3972 3324 ἀγαθὼ

2395 3364 2614 3420 ἐννοιῶν
2640 3362 2738 3417 καὶ
2767 3363 2869 3433 τῆς
2901 3361 3038 3430 πρὸς
3075 3361 3167 3412 τὸν
3199 3359 3291 3411 ἐπὶ
3329 3357 3549 3410 πάντων
3587 3353 3726 3405 Θεὸν
3775 3349 3987 3410 ἐλπίδος

2395 3458 2491 3511 καὶ
2531 3456 2768 3517 πίστεως
2807 3455 2900 3507 καὶ
2948 3451 3162 3514 τελείας
3216 3451 3460 3516 ἀγάπης,
3501 3448 3596 3498 καὶ
3648 3440 3986 3509 ἀγαθωσύνῃ

2396 3550 2496 3619 τῆς
2525 3548 2662 3617 πρὸς
2697 3546 2860 3600 αὐτὸν
2895 3545 3309 3616 εὐαρεστήσεως
3342 3537 3642 3599 παντελοῦς
3673 3537 3707 3605 ἦ
3770 3537 3882 3587 κᾶν
3933 3547 3988 3598 γε

2397 3642 2500 3711 τῆς
2532 3641 2677 3693 κατὰ
2702 3636 2956 3706 δύναμιν.
3003 3634 3285 3695 Ὡσαύτως
3326 3632 3382 3684 δὲ
3415 3633 3520 3683 κάν
3555 3630 3667 3688 τοῖς
3706 3625 3990 3694 δευτέροκ

2399 3733 2497 3803 τὴν
2530 3733 2654 3801 ἴσην
2691 3730 2785 3782 καὶ
2829 3729 2929 3798 τὴν
2993 3727 3165 3795 αὐτὴν
3215 3725 3498 3792 διατηρεῖν
3553 3719 3647 3771 καί
3693 3716 3990 3783 φυλάττει-ι

2399 3825 2640 3879 διάθεσιν
2669 3822 2762 3876 καὶ
2793 3820 3150 3879 κατάστασιν,
3188 3816 3284 3868 καὶ
3307 3811 3572 3884 μηδαμῶς
3621 3808 3716 3863 τοῦ
3786 3805 3992 3874 ἀγαθώ

2404 3916 2835 3989 παρεξεστασθαι
2871 3931 2884 3944 ο
2913 3915 3049 3982 μήτε
3079 3910 3185 3979 μὴν
3208 3906 3604 3976 δυσχεραίνειν,
3665 3902 3770 3954 καὶ
3805 3901 3944 3972 πρὸς
3964 3897 3994 3949 ε

2407 4008 2482 4078 μὴ
2507 4007 2665 4076 θέμις
2697 4003 3059 4073 ἐνθυμήματα
3089 4002 3188 4069 τῆς
3238 3997 3503 4067 πονηρίας
3565 3995 3659 4045 καὶ
3722 3991 3833 4043 τοῦ
3879 3989 3996 4056 6,35-

2403 4103 2528 4161 δους
2568 4091 3036 4155 καταϐιϐάζεσθαι
3069 4089 3159 4142 τὸν
3190 4087 3320 4141 νοῦν
3350 4085 3680 4153 συγχωρεῖν.
3756 4078 3913 4132 Ἀλλ’
3948 4079 3994 4128 ἐν

2408 4189 2652 4262 ὑμνῳδίᾳ
2681 4187 2775 4240 καὶ
2797 4183 3080 4252 δοξολογία
3114 4181 3218 4233 κάν
3259 4178 3476 4239 τούτοις
3501 4178 3570 4243 τῇ
3611 4173 3758 4242 πρὸς
3798 4173 3902 4223 τὸν
3917 4167 3998 4221 ἐπὶ

2411 4284 2628 4336 πάντων
2663 4279 2797 4332 Θεὸν
2828 4278 2889 4330 τὸ
2921 4277 3250 4343 κατάστημα
3307 4271 3596 4339 συντηρεῖν
3657 4267 3765 4334 τῆς
3801 4264 3997 4332 ψυχῆς.

2413 4374 2474 4426 Εἰ
2503 4371 2611 4442 γὰρ
2649 4369 2822 4432 οὕτως
2853 4364 3160 4433 διατεθείης
3188 4363 3283 4415 ἐπὶ
3311 4363 3426 4423 τοῖς
3472 4355 3902 4423 ἀντικειμένοις
3921 4352 4001 4442 καὶ

2408 4440 2732 4523 ἀντιθέτοις,
2764 4459 2839 4511 ῑδε
2871 4457 2966 4509 καὶ
2990 4453 3160 4523 γνῶθι
3193 4451 3404 4520 σαφῶς,
3435 4449 3512 4510 ὡς
3571 4443 3879 4512 ἑκατέρων
3907 4440 4000 4493 τῶν

2412 4554 2670 4608 ἐναντίων
2698 4549 3025 4619 συμϐάσεων
3072 4546 3134 4597 τὸ
3167 4544 3340 4614 πέρας
3393 4539 3657 4608 ἑκάτερον
3704 4534 4004 4603 σύμφωνον

2414 4645 2666 4716 εὕρηται,
2702 4640 2980 4695 τουτέστιν
3014 4635 3241 4704 ἀγαθὸν,
3273 4632 3361 4686 διά
3391 4632 3453 4684 τὸ
3481 4629 3582 4699 τὴν
3612 4625 3880 4716 καρδίαν
3931 4623 4004 4688 ἐρ’

2416 4715 2702 4806 ἑκατέροις
2759 4726 3096 4784 διατίθεσθαι
3129 4723 3269 4777 κατά
3299 4722 3365 4774 τὰ
3406 4718 3544 4773 αύτά
3577 4716 3676 4770 κα.)⁸
3713 4715 4007 4773 ὡσαύτως,

2417 4829 2514 4883 καὶ⁵
2580 4827 2705 4879 οὔτε
2743 4825 2866 4884 ταῖς
2927 4820 3037 4872 τῶν
3101 4814 3405 4870 δοκούντων
3466 4809 3793 4880 χαροποιῶν
3821 4849 3838 4868 ,
3900 4805 4006 4858 οὔτε

2418 4925 2538 4984 ταῖς
2596 4918 2705 4972 τῶν
2764 4911 3030 4982 λυπηρῶν
3089 4909 3446 4976 συναντήσεσι
3505 4902 3605 4970 τῆς
3658 4899 3902 4968 ἀγαθῆς
3937 4898 4008 4947 ἐνα

2422 5015 2573 5073 νοίας
2635 5009 2729 5062 καὶ
2779 5005 2939 5072 δόξης
3005 5003 3099 5054 καὶ
3192 4995 3587 5053 καταστάσεως
3666 4990 4007 5060 παρεξιστα-

2426 5106 2595 5176 μένην
2664 5101 2726 5153 τὸ
2777 5095 3032 5150 σύνολον.
3085 5090 3257 5143 Τοῦτο
3314 5088 3424 5156 γάρ
3463 5086 3747 5153 ἐσήμανεν
3824 5080 4006 5134 εἰπὼν·

2429 5175 2448 5248 ά
2489 5193 2593 5247 Ἰδε
2622 5192 2716 5244 καί
2742 5206 2808 5257 γε
2832 5186 2989 5239 τοῦτο
3019 5183 3312 5250 σύμφωνον
3343 5176 3538 5244 τούτῳ,
3581 5192 3600 5224 ι
3618 5175 3692 5243 τῇ
3719 5175 4010 5257 taeta-:3;

2422 5291 2523 5358 τῆς
2554 5255 2902 5353 ἀνθρωιιίνης
2921 5275 3233 5337 διαθέσεως,
3251 5271 3329 5332 εἰς
3357 5267 3550 5322 ταυτὸν
3582 5265 3680 5318 καὶ
3720 5255 4010 5336 σύμφωνον

2429 5382 2604 5452 πέρας
2642 5373 2845 5443 ἀγαθὸν
2905 5367 3195 5422 συνιόντων
3245 5359 3479 5416 καὶτῶν
3513 5358 3635 5411 κατ’
3694 5359 4014 5411 ἐναντίωσιν

2433 5451 2861 5541 συμϐαινόντων.
2921 5455 3055 5513 Εἶτά
3086 5472 3252 5526 φησιν
3278 5457 3308 5507 ὁ
3356 5451 3806 5520 Ἐκκλησιαστής
3836 5468 3851 5479 ⁸

2440 5667 2500 5704 το
2535 5644 2792 5714 ἐποίησεν
2823 5641 2852 5692 ὁ
2879 5636 3082 5714 Θεὸς..)
3101 5631 3331 5714 plymp.
3366 5627 3459 5682 καί
3483 5645 3547 5697 γε
3576 5625 3751 5680 τοῦτο
3804 5627 4012 5696 σύμφω-

2447 5703 2535 5772 νον
2562 5703 2738 5784 τούτῳ
2770 5709 3026 5778 ἐποίησεν
3047 5705 3076 5755 ὁ
3098 5703 3250 5766 Θεὸς,
3279 5710 3382 5754 etc.
