4166 6434
180 398 316 463 1025

1221 394 1295 453 IN
1350 393 1929 453 ECCLESIASTEN-
1972 421 2036 429 -··
2070 397 2219 455 LIB.
2264 396 2393 455 ΥΙῘ.

3312 396 3448 461 1096

243 507 401 561 οὕτω
442 508 541 578 μὲν
570 501 663 561 οῦν
695 506 756 560 τὸ
798 505 971 578 παρὸν
1020 505 1182 575 ῥητὸν
1227 504 1556 574 διεσάφησεν
1608 505 1636 556 ὁ
1667 504 1752 558 iti-

1927 505 2019 560 Sie
2069 507 2236 575 igitur
2294 507 2620 561 sententiam
2656 508 2797 562 hanc
2836 523 3090 565 sermone
3122 520 3311 565 nostro
3346 530 3447 573 ex-

177 616 290 668 γος,
320 600 415 652 καὶ
444 600 543 668 τὴν
569 600 677 654 ἀπὸ
709 598 810 667 τῆς
838 596 991 659 θείας
1024 596 1217 664 σοφίας
1247 595 1501 668 βοήθειαν
1528 596 1760 667 ὑπερτέ-

176 708 276 762 ραν
312 689 483 754 ἔδειξε
526 690 625 759 τῆς
659 690 922 763 ἀῤῥωγῆς
955 689 1051 743 καὶ
1098 687 1193 740 τοῦ
1229 686 1607 756 συνασπισμοῦ
1652 686 1759 739 τῶν

173 782 233 832 ἐν
267 784 333 851 τῇ
364 781 514 833 πόλει
539 780 674 835 δέκα
702 780 1067 847 ἐξουσιαστῶν
1099 796 1159 834 τε
1185 779 1283 834 καὶ
1312 779 1419 832 τῶν
1460 777 1756 841 δυναστῶν,

176 868 365 932 ἁπλῶς
411 870 596 935 οὕτως.
640 871 1112 943 παραληφθέντων
1159 869 1437 940 αίσθητῶς
1483 868 1626 923 κατὰ
1666 869 1758 922 τὸν

180 963 469 1032 πρόχειρον
494 963 589 1016 τοῦ
638 964 967 1034 γράμματος
993 961 1139 1017 νοῦν.
1171 964 1235 1016 Εἰ
1279 962 1336 1016 δὲ
1366 962 1758 1033 βουληθείημεν

175 1054 278 1108 καὶ
304 1056 451 1108 κατά
482 1056 574 1108 τὸν
598 1055 699 1126 τῆς
727 1058 1022 1127 ἀναγωγῆς
1049 1056 1206 1124 λόγον
1231 1056 1564 1126 διασαφῆσαι
1591 1055 1654 1108 τὸ
1680 1058 1758 1108 εί-

174 1148 435 1219 ρημινον,
472 1148 638 1202 πάλιν
682 1149 780 1218 μὲν
810 1150 1165 1221 ἐκληψόμεθα
1208 1150 1303 1203 τοῦ
1332 1148 1625 1220 ἀνθρώπου
1660 1150 1760 1220 τὴν

174 1238 337 1305 φύσιν
367 1240 463 1292 καὶ
491 1240 595 1311 τὴν
626 1240 950 1305 ὑπόστασιν,
991 1243 1051 1293 ὲν
1165 1240 1303 1294 δέκα
1348 1241 1489 1295 είσὶν
1528 1242 1576 1295 oi
1606 1241 1760 1308 ἐξουσ-

175 1331 480 1410 σιάςοντες,
528 1333 775 1404 δηλονότι
822 1333 923 1403 τῆς
951 1334 1132 1405 ψυχῆς
1162 1334 1219 1387 αί
1263 1333 1425 1387 πέντε
1473 1332 1757 1403 δυνάμεις.

172 1422 319 1488 νοῦς,
350 1423 581 1487 διάνοια,
611 1425 882 1494 φαντασία
911 1424 1007 1479 καὶ
1051 1424 1180 1490 δόξα
1213 1425 1310 1479 καὶ
1342 1424 1619 1495 αἴσθησις.
1663 1423 1759 1477 καὶ

170 1512 337 1565 πέντε
367 1512 463 1565 τοῦ
506 1512 781 1584 σώματος,
810 1516 1022 1585 ὅρασις.
1057 1515 1218 1586 ἀκοὴ,
1247 1515 1537 1585 ὄσφρησις,
1571 1515 1760 1579 γεῦσις

171 1603 269 1656 καὶ
296 1604 432 1675 ἁφὴ,
460 1605 527 1657 δι’
563 1599 639 1658 ὧν
670 1605 897 1677 εὓρηται
942 1608 1053 1672 ζῶν
1083 1608 1179 1661 καὶ
1210 1608 1633 1677 πολιτευόμενος
1666 1611 1759 1663 καὶ

166 1692 546 1765 διοικούμενος
586 1698 615 1749 ὀ
663 1699 817 1761 ἐντὸς
865 1700 962 1751 καὶ
1018 1701 1177 1763 ἐκτὸς
1222 1701 1384 1771 ἡμῶν
1435 1699 1755 1771 ἄνθρωπος·

170 1782 311 1837 ἀλλὰ
347 1784 451 1855 τῆς
479 1784 688 1839 ἀνωθεν
718 1787 914 1857 σοφίας
949 1788 1219 1858 ἀπούσης,
1251 1790 1405 1843 οὐδὲν
1451 1790 1758 1843 ἀπόνασθαι

169 1875 395 1930 δύναται
438 1877 551 1931 τῶν
582 1879 843 1933 τοιούτων
894 1882 928 1950 ἡ
972 1881 1396 1952 παραληφθεῖσα
1428 1880 1526 1933 νῦν
1572 1882 1757 1946 πόλιςο
1789 1856 1832 1910 Β

177 1968 343 2023 παντὶ
374 1968 485 2041 γὰρ
522 1970 792 2040 σάλωκαὶ
834 1969 1065 2025 κλύδωνι
1091 1971 1199 2025 τῶν
1228 1972 1381 2042 παρά
1408 1970 1518 2026 τῶν
1551 1970 1758 2042 νοητῶν

173 2060 409 2114 καὶτῶν
460 2062 736 2134 αίσθητῶν
774 2063 1056 2134 δυσμενῶν
1095 2063 1609 2135 ἀναῤῥιπιζομένων
1640 2081 1760 2136 τριο

173 2150 396 2221 κυμιῶν
448 2152 548 2205 καὶ
600 2153 1484 2221 καταιγίδωνίκαταόαπτίζεται,
1540 2156 1635 2209 καὶ
1679 2154 1759 2225 τῷ

174 2243 323 2313 βυθῷ
354 2244 755 2297 κατολισθαίνει
782 2248 879 2313 τῆς
912 2246 1207 2317 ἁμαρτίας.
1242 2243 1338 2309 οἷς
1378 2246 1437 2298 δὲ
1466 2246 1757 2317 πρόσεστιν

169 2336 207 2403 ἡ
262 2334 471 2387 ἀνωθεν
528 2333 725 2403 σοφία,
781 2334 1041 2403 βοήθειαν
1093 2336 1310 2390 δίδωσιν
1369 2338 1757 2408 ἀλκιμωτάτην

174 2424 321 2495 ὑπὲρ
352 2427 480 2489 τοὺς
518 2427 843 2497 είρημένους
891 2427 1026 2479 δέκα
1073 2428 1199 2490 τοὺς
1245 2426 1658 2492 ἐξουσιάζοντας
1700 2431 1757 2482 ὲν

172 2521 241 2587 τῇ
277 2518 694 2589 παραληφθείσῃ
723 2520 899 2583 πόλει,
929 2520 1025 2572 καὶ
1054 2520 1318 2589 μηδαμῶς
1357 2521 1529 2589 αὐτὴν
1556 2521 1758 2574 διασώ-

174 2629 401 2676 σαντας.

249 2706 371 2767 Πῶς
401 2701 492 2759 οὖν
523 2706 645 2775 οὐχὶ
672 2705 733 2757 τὸ
759 2706 943 2758 πλεῖον
974 2706 1119 2775 ἔχειν
1148 2707 1181 2773 ἡ
1232 2706 1394 2772 σοφία
1428 2705 1757 2775 δοξασθήσε-

171 2811 265 2849 ται
294 2796 392 2864 τῆς
426 2797 767 2865 ἀντιλήψεως
819 2798 913 2849 καὶ
951 2796 1225 2865 βοηθείας,
1256 2797 1323 2848 δι’
1352 2792 1420 2865 ἦς
1450 2796 1759 2867 ἀπόρθητον

173 2890 268 2956 7,ρί
301 2889 580 2951 παντελῶς
615 2890 1044 2957 ἀπροσμάχητον
1088 2893 1199 2951 τοῖς
1243 2889 1558 2951 ἀντιπάλοις
1584 2892 1758 2941 ἐνακ-

165 2973 344 3049 ἰῲηνε
372 2982 470 3051 τὴν
512 2982 689 3044 πόλιν,
720 2976 951 3055 ὲν-ᾖπέρ
982 2983 1132 3045 ἑστι;
1165 2971 1250 3033 διὰ
1294 2982 1454 3033 τοῦτό
1485 2998 1614 3050 φησι
1665 2983 1760 3034 ναὶ

174 3074 385 3134 chba,
427 3077 454 3125 ὸ
504 3075 680 3141 μέγας
735 3072 1048 3137 ἀπόστολος,
1088 3092 1105 3124 ι
1174 3074 1262 3126 Ἐν
1305 3078 1469 3143 σοφία
1519 3091 1759 3141 περιπα-

1862 598 2167 662 posuimus,
2236 595 2544 665 divinaeque
2597 597 2878 664 sapientia)
2916 599 3183 652 auxilium
3218 615 3319 669 ope
3359 602 3445 655 illa

1859 694 1912 738 et
1950 685 2275 741 defensione
2309 687 2661 756 praestantius
2699 689 3066 755 ostendimtts,
3116 705 3283 760 quam
3345 692 3447 743 ba-

1859 775 1990 831 bere
2025 777 2220 833 civitas
2253 778 2431 848 possit
2459 794 2489 833 a
2511 779 2840 835 decemviris
2874 780 2927 833 in
2979 782 3097 850 ipsa
3152 782 3445 836 dominan-

1861 869 2005 923 tibus
2037 887 2051 923 :
2108 868 2279 923 Verba
2310 885 2506 940 nempe
2533 871 2864 941 simpliciter
2901 880 3087 941 atque,
3131 883 3190 928 ut
3224 883 3443 935 sonant.

1859 958 2182 1026 planissime
2223 959 2585 1028 interpretati.
2621 962 2679 1015 Si
2710 976 2845 1016 vero
2873 961 3081 1016 dictum
3118 964 3249 1017 illud
3275 965 3442 1018 etiam

1862 1050 1927 1102 ad
1956 1064 2228 1119 anagoges
2255 1052 2500 1105 rationes
2539 1054 2815 1122 explicare
2871 1054 3129 1117 velimus,
3187 1065 3439 1109 naturam

1859 1139 2343 1209 conditionemque
2374 1142 2611 1196 hominis
2640 1146 3066 1211 constituemus,
3109 1147 3163 1199 in
3194 1162 3302 1212 qua
3345 1149 3443 1199 de-

1859 1245 1975 1285 cem
2027 1243 2178 1297 sunt,
2203 1233 2297 1300 qui
2343 1241 2669 1301 potestatem
2703 1246 2982 1299 exercent,
3017 1238 3263 1306 quinque
3298 1238 3446 1291 scili-

1858 1331 1946 1378 cet
1973 1324 2173 1378 animae
2205 1323 2515 1388 facultates,
2560 1325 2938 1396 intelligentia,
2982 1329 3260 1399 cogitatio,
3298 1328 3441 1383 ima--

1860 1416 2087 1486 ginatio,
2132 1416 2340 1485 opinio,
2366 1431 2587 1480 sensus,
2620 1427 2677 1473 et
2709 1420 2951 1488 quinque
2974 1420 3240 1487 corporis,
3266 1421 3438 1482 visus,

1858 1508 2102 1571 auditus,
2139 1508 2426 1573 odoratus,
2477 1522 2691 1579 gustus,
2747 1518 2948 1571 tactus,
2998 1526 3120 1580 quze
3161 1512 3438 1565 hominem

1859 1599 2001 1652 intra
2031 1600 2236 1667 pariter
2258 1608 2420 1670 atque
2447 1612 2602 1655 extra
2637 1603 2816 1655 vivere
2864 1613 2916 1656 et
2965 1603 3081 1656 vice
3134 1618 3234 1658 sua
3288 1604 3439 1671 fungi

1858 1691 2180 1746 declarant:
2225 1701 2282 1746 at
2315 1692 2361 1746 si
2405 1693 2651 1747 cmlestis
2702 1695 2966 1757 sapientia
3012 1694 3266 1758 abfuerit,
3304 1697 3438 1748 nihil

1861 1784 1986 1838 inde
2023 1785 2275 1839 utilitatis
2325 1799 2412 1847 ea,
2470 1784 2538 1837 de
2588 1800 2696 1854 qua
2755 1802 2901 1841 nunc
2953 1786 3188 1853 agimus,
3246 1788 3442 1841 civitas

1861 1878 2145 1947 percipere
2186 1886 2383 1945 potest.
2421 1875 2616 1930 Totius
2662 1878 2806 1929 enim
2847 1878 3013 1931 maris
3051 1888 3183 1932 astu
3213 1894 3278 1934 ac
3320 1895 3444 1947 pro-

1860 1970 2015 2025 cellis
2041 1978 2097 2025 et
2126 1969 2384 2025 ﬂuctibus
2426 1971 2767 2024 internorum
2794 1970 2947 2041 191
2980 1979 3442 2041 externorumque

1861 2064 2102 2119 hostium
2129 2063 2315 2118 furore
2343 2063 2635 2119 concitatis
2679 2065 2953 2128 obruitur,
3013 2073 3067 2117 et
3125 2065 3179 2118 in
3233 2071 3438 2135 peccati

1860 2155 2074 2225 gurgite
2120 2155 2475 2225 demergitur.
2524 2153 2735 2220 Quibus
2782 2166 2961 2208 autem
3003 2172 3235 2225 superna
3298 2157 3440 2210 adsit

1859 2246 2149 2316 sapientia,
2178 2246 2245 2300 iis
2280 2246 2455 2301 multo
2489 2245 2702 2300 firmius
2732 2246 2995 2300 auxilium
3029 2247 3249 2315 praebet.
3274 2263 3437 2315 quant

1858 2339 2049 2394 decem
2082 2339 2180 2399 illi.
2211 2354 2349 2409 quos
2382 2339 2434 2391 in
2464 2339 2566 2392 hac
2594 2340 2814 2393 civitate
2839 2349 3162 2407 potestatem
3186 2350 3440 2395 exercere

1858 2433 2121 2499 diximus,
2154 2447 2255 2487 nec
2292 2442 2473 2486 tamen
2516 2447 2734 2486 servare
2767 2440 3085 2500 potuerunt.

1931 2698 2130 2765 Quidni
2158 2715 2287 2767 ergo
2316 2700 2569 2767 majusin
2609 2699 2873 2767 sapientia
2928 2700 3245 2769 prtesidium
3283 2704 3443 2756 auxi-

1861 2793 2107 2859 liumque
2127 2791 2368 2858 positum
2400 2793 2673 2851 videatur,
2701 2791 2861 2860 cujus
2882 2806 2983 2860 ope
3011 2793 3444 2862 inexpugnabilis

1860 2893 1915 2934 et
1963 2883 2214 2935 hostibus
2269 2882 2497 2935 omnino
2556 2882 2815 2950 impervia
2875 2883 3073 2936 civitas
3103 2886 3213 2946 fiat,
3250 2886 3301 2937 in
3334 2901 3442 2953 qua

1863 2974 1979 3041 ipsa
2036 2973 2336 3026 versetur?
2391 2980 2682 3040 propterea
2741 2981 2795 3025 et
2829 2972 3028 3027 Paulus
3056 2990 3284 3042 magnus
3316 2991 3446 3045 τινος

1863 3066 2041 3119 stolus
2072 3065 2195 3117 ait:
2241 3083 2257 3110 ι
2299 3066 2353 3115 In
2404 3064 2673 3130 sapientia
2733 3065 3007 3119 ambulate.
3060 3068 3123 3120 ad
3180 3082 3298 3126 eos.
3350 3070 3444 3136 qui

171 3166 317 3217 τεῖτε
377 3166 511 3235 πρὸς
558 3166 685 3228 τοὺς
733 3164 966 3228 ἐξωθενο
1007 3185 1025 3215 ι
1069 3166 1260 3232 σοφίαν
1299 3164 1600 3234 ὀνομάζων,
1638 3166 1758 3234 οὐχὶ

1865 3154 1999 3210 foris
2035 3165 2173 3209 sunt
2202 3155 2283 3219 ⁶³ς
2318 3174 2335 3205 ο
2372 3156 2695 3229 sapieptiam
2728 3158 3007 3223 appellans
3042 3173 3149 3211 non
3173 3175 3292 3213 eam
3324 3177 3445 3228 qua

170 3257 273 3326 τὴν
300 3259 395 3309 ἐπὶ
434 3260 501 3325 τῇ
536 3255 798 3326 ἀναλήψει
823 3256 933 3309 τῶν
972 3256 1208 3327 θύραθεν
1242 3258 1579 3326 μαθημάτων
1618 3256 1757 3325 λαμ-

172 3350 505 3419 εανομένην,
529 3348 665 3411 ἀλλά
691 3349 791 3417 τὴν
822 3344 913 3400 διὰ
941 3348 1050 3399 τῶν
1082 3348 1305 3414 ἀγαθῶν
1334 3350 1430 3401 καὶ
1452 3347 1759 3400 σπουδαίων

171 3442 354 3512 ἔργων
407 3440 993 3510 χαρακτηριζομένην,
1029 3440 1151 3509 ἣτις
1208 3442 1454 3493 κατοικεῖ
1497 3442 1555 3493 ἐν
1596 3441 1757 3492 παντὶ

168 3532 254 3601 τῷ
281 3532 636 3601 κατορθοῦντι
679 3532 776 3601 τὴν
803 3532 1025 3599 ἁγνείαν
1054 3533 1149 3584 καὶ
1195 3531 1294 3594 τὴν
1339 3531 1623 3601 είρηναίαν
1659 3548 1757 3605 κατ

170 3624 437 3676 τάστασιν
480 3622 577 3675 καὶ
618 3622 718 3690 τὴν
744 3622 1047 3674 ἐπιείκειαν
1079 3624 1173 3674 καὶ
1200 3622 1298 3693 τὴν
1323 3622 1633 3675 εὐπείθειαν
1664 3623 1759 3674 καὶ

168 3715 275 3784 τὴν
304 3713 677 3784 ἐλεημοσύνην
708 3713 949 3776 καὶτοὺς
979 3712 1174 3775 ἄλλους
1202 3714 1328 3776 τοὺς
1353 3713 1596 3781 ἀγαθοὺς
1626 3731 1760 3784 καρ-

173 3802 335 3865 πούς.
370 3803 468 3855 Διά
501 3802 659 3855 τοῦτο
687 3803 780 3856 καί
808 3802 913 3855 πού
946 3820 1110 3872 φησιν
1141 3804 1172 3872 ἡ
1200 3803 1383 3873 βίϐλος
1405 3802 1499 3856 τοῦ
1523 3804 1756 3871 ἀθλητοῦ

173 3895 276 3962 τῆς
302 3892 585 3955 εὐσεϐείας
630 3891 782 3945 Ἰώ6’
822 3911 841 3943 ι
884 3888 1053 3947 Εἶπεν
1090 3895 1119 3945 ὁ
1148 3893 1279 3956 Θεὸς
1314 3893 1392 3962 τῷ
1438 3892 1713 3964 ἀνθρώπῳ
1740 3911 1754 3925 ’

189 3982 323 4034 Ἰδοὺ
355 3984 387 4050 ἠ
428 3980 709 4034 θεοσέϐεια
743 3982 863 4033 ἐστὶ
912 3982 1096 4050 σοφία,
1133 3982 1195 4033 τὸ
1232 3982 1287 4034 δὲ
1318 3982 1619 4051 ἀπέχεσθαι
1649 3982 1759 4034 ἀπὸ

174 4062 366 4125 κακῶν
402 4072 551 4123 ἐστὶν
593 4072 892 4141 ἐπιστήμη.
954 4092 972 4122 ι
1022 4072 1133 4142 Τὴν
1184 4072 1440 4141 τοιαύτην
1483 4069 1573 4125 οὖν
1613 4074 1757 4143 ἔχειν

179 4163 372 4230 σοφίαν
428 4164 522 4215 καὶ
560 4163 721 4231 ἡμεῖς
768 4163 916 4233 πάσῃ
950 4162 1178 4231 δυνάμει
1218 4164 1633 4234 σπουδάσωμεν,
1671 4166 1758 4217 ἵνα

177 4253 579 4323 περισώσωμεν
625 4252 858 4315 ἕκαστος
887 4253 984 4323 τὴν
1018 4254 1152 4306 ἰδίαν
1184 4254 1339 4307 πόλιν
1376 4255 1499 4307 ἀπο
1523 4256 1630 4308 τῶν
1663 4270 1760 4307 πο-

176 4342 542 4414 λιορκούντων
580 4344 750 4413 αὐτὴν
781 4343 1055 4415 αἰσθητῶν
1116 4346 1207 4396 καὶ
1259 4345 1462 4415 νοητῶν
1516 4346 1757 4416 ἐφέδρων

177 4437 273 4489 καὶ
305 4437 605 4505 δυσμενῶν.

1862 3255 2213 3301 externatum
2275 3248 2690 3312 disciplinarum
2760 3250 3009 3301 subsidio
3076 3264 3443 3319 comparatur,

1862 3342 1953 3393 sed
1989 3356 2111 3408 qua:
2149 3341 2442 3393 virtutibus
2475 3349 2529 3392 et
2580 3350 2725 3393 recte
2775 3339 2929 3394 fat-tis
2953 3358 3012 3395 se
3062 3345 3261 3410 prodit,
3305 3354 3358 3398 et
3392 3347 3445 3398 in

1863 3445 2192 3499 unoquoque
2228 3430 2456 3486 habitat.
2494 3430 2589 3499 qui
2632 3431 2953 3498 pudicitiam
2986 3442 3037 3484 et
3072 3436 3447 3492 mansuetudi-

1861 3538 1983 3574 nem
2019 3533 2073 3576 et
2105 3522 2415 3590 aequitatem
2448 3533 2500 3575 et
2531 3522 2895 3576 obedientiam
2928 3532 2981 3576 et
3008 3523 3444 3579 misericordiam

1859 3621 1915 3665 et
1940 3620 2171 3665 caeteros
2213 3611 2388 3664 bonos
2432 3610 2644 3666 fruetus
2673 3621 3042 3667 consectetur.
3088 3611 3294 3667 Idcirco
3326 3613 3447 3668 .lubi

1861 3717 2085 3772 quoque
2116 3702 2334 3755 athleta:
2370 3703 2592 3771 pietatis
2630 3702 2767 3755 liber
2799 3703 3039 3770 quodam
3073 3703 3127 3755 in
3167 3703 3290 3756 loco
3336 3704 3450 3756 haec.

1863 3794 2031 3848 habet
2070 3811 2084 3847 :
2123 3811 2146 3845 ‹
2188 3793 2336 3847 Dixit
2370 3792 2514 3847 Deus
2552 3793 2768 3846 homini
2810 3811 2823 3845 :
2858 3792 2997 3847 Ecce
3028 3793 3190 3847 timor
3232 3793 3448 3851 Domini

1860 3886 1977 3951 ipsa
2012 3894 2096 3940 est
2126 3886 2420 3954 sapientia,
2458 3893 2514 3938 et
2565 3886 2821 3938 recedere
2865 3900 2893 3937 a
2957 3886 3101 3937 malo
3144 3885 3451 3953 intelligen-

1862 3974 2015 4027 tia“.
2034 3993 2050 4026 ι
2077 3974 2247 4027 Porro
2280 3972 2601 4039 sapientiam
2638 3971 2952 4039 hujusmodi
2983 3989 3083 4025 nos
3112 3976 3275 4026 etiam
3292 3976 3450 4028 omni

1861 4064 2213 4117 contentione
2239 4062 2441 4116 habere
2468 4063 2808 4125 Studeamus,
2837 4072 2895 4116 ut
2916 4078 3186 4131 propriam
3217 4066 3451 4134 quisque

1861 4157 2137 4208 civitatem
2175 4156 2245 4208 ab
2283 4165 2722 4224 oppugnatorum
2771 4155 2895 4209 telis
2945 4168 2999 4209 rt
3053 4156 3296 4211 hostium
3328 4173 3452 4212 cor-

1861 4244 2011 4312 poris
2040 4252 2205 4311 atque
2234 4244 2401 4297 animi
2436 4243 2725 4297 obsidione
2759 4243 3126 4297 vindicetnus.

257 4530 323 4579 Ὃ
360 4528 416 4579 δέ
450 4545 613 4596 φησιν
640 4570 654 4592 ,
690 4546 710 4578 ι
747 4529 872 4581 ’Ὁτι
907 4528 1194 4598 ἄνθρωπος
1231 4530 1342 4584 ,οῦκ
1391 4528 1506 4582 ἔστι
1551 4531 1759 4595 δίκαιος

1936 4541 2092 4607 Quod
2131 4552 2313 4595 autem
2344 4542 2488 4596 addit
2528 4561 2540 4595 :
2578 4562 2595 4593 ι
2627 4542 2767 4609 Quia
2800 4544 2967 4598 homo
3004 4560 3113 4600 non
3153 4556 3237 4600 est
3263 4547 3450 4617 justus

176 4620 237 4669 ἐν
285 4621 351 4688 τῇ
399 4622 495 4688 γῇ,
543 4619 601 4681 ὃς
638 4620 855 4688 ποιήσει
902 4620 1127 4686 ἀγαθὶν,
1181 4623 1273 4672 καὶ
1313 4621 1409 4689 οὐχ
1440 4623 1757 4695 ἁμαρτήσε-

176 4726 293 4774 ται,
336 4729 354 4760 ι
390 4710 526 4779 πρὸς
558 4711 774 4762 πλείονα
820 4712 1328 4780 ταπεινοφροσύνην
1378 4713 1592 4766 ἕλκεται
1632 4719 1759 4779 τοὺς

179 4802 502 4865 ἀκούοντας,
550 4802 687 4871 πρὶς
731 4802 792 4855 τὸ
826 4804 968 4854 κατᾶ
1000 4806 1061 4855 τι
1096 4804 1296 4872 μᾶλλον
1345 4803 1623 4873 ἐπιζητεῖν
1660 4807 1759 4877 τὴν

176 4892 386 4945 ἄνωθεν
425 4892 616 4958 σοφίαν
648 4897 739 4946 καὶ
788 4896 886 4963 τὴν
936 4896 1147 4946 ἐκεῖθεν
1182 4894 1452 4964 βοήθειαν,
1490 4897 1565 4960 ὡς
1597 4898 1758 4951 οὐδα-

183 4983 301 5048 μῶς
358 4982 697 5051 ἐξισχύοντος
758 4981 851 5035 τοῦ
912 4983 1202 5053 ἀνθρώπου
1256 4984 1603 5053 κατορθῶσαι
1659 4989 1759 5057 τὴν

176 5073 645 5144 ἀῘναῙμαρτησίαν
675 5075 769 5125 ἐπὶ
798 5077 895 5141 τῆς
921 5074 1046 5142 γῆς,
1065 5074 1167 5149 οὐκ
1190 5072 1403 5142 ἔχοντος
1425 5075 1522 5145 τὴν
1551 5077 1758 5131 ἄνωθεν

177 5166 436 5236 ὸῤῥωγὴν
468 5166 560 5217 καὶ
605 5164 917 5234 συνεργίαν.
971 5165 1123 5216 Ιιοιεῖ
1180 5165 1279 5233 μὲν
1307 5164 1366 5216 τὸ
1407 5167 1613 5234 ἀγαθὸν
1664 5169 1754 5221 ἄν·

174 5260 417 5323 ωρωπτς,
456 5257 552 5309 καὶ
579 5258 698 5316 ταῖς
728 5256 985 5323 φυσικαῖς
1018 5254 1294 5322 ἐπιμένων
1324 5256 1419 5307 καὶ
1459 5261 1759 5329 στοιχειού-

254 5380 299 5408 ’³
334 5379 545 5433 Coloss.
590 5395 661 5433 tv.
698 5386 751 5432 5.
830 5375 999 5431 “Job
1024 5392 1220 5439 xxrttt,
1245 5377 1337 5432 28.

251 5495 365 5561 (87)
407 5494 580 5560 Quam
629 5495 715 5547 hic
762 5494 952 5546 Noster
986 5495 1374 5561 interpretatur
1425 5492 1767 5551 Ecelesiaslm

174 5568 531 5629 sententiam,
580 5581 641 5617 ea
689 5575 791 5623 est,
823 5580 929 5633 qua
980 5564 1282 5617 llalviniani
1333 5565 1657 5633 abutuntur,
1707 5580 1763 5622 ut

173 5641 451 5703 jnstut'um
482 5637 644 5687 etiam
693 5632 1057 5687 facta’onmia
1096 5649 1201 5686 non
1250 5632 1408 5685 modo
1443 5650 1546 5689 non
1598 5637 1758 5700 bona,

178 5707 274 5759 secl
320 5709 481 5757 etiam
516 5716 732 5772 peccata
788 5706 942 5769 plane
985 5719 1107 5763 esse
1144 5705 1489 5757 contendant.
1547 5706 1756 5770 Quibus

179 5775 479 5840 iiregotius
535 5777 669 5829 adeo
714 5776 1070 5832 advetsatur.
1115 5782 1173 5826 ιιι
1226 5775 1294 5826 ah
1343 5790 1534 5827 eorum
1585 5780 1748 5831 etiam

182 5846 443 5913 npllthDB
468 5845 786 5906 dissentiat,
828 5844 919 5911 qui
953 5844 1173 5896 elhnit-o
1209 5844 1434 5899 homini,
1465 5854 1517 5896 et
1550 5847 1747 5913 cuique

182 5916 348 5967 etiam
382 5914 475 5982 qui
516 5916 783 5968 cltaritato
823 5914 1009 5966 divina
1045 5923 1249 5975 careat,
1285 5913 1555 5983 quidquid
1607 5920 1738 5985 agit,

1868 4634 2112 4687 interra.
2148 4636 2241 4701 qui
2267 4633 2430 4688 faciet
2458 4635 2685 4699 bonunt,
2718 4646 2770 4689 et
2808 4653 2914 4691 non
2957 4639 3224 4704 peccabit,
3269 4660 3286 4691 ι
3330 4642 3452 4695 ideo

1868 4730 2099 4788 spectat.
2138 4730 2195 4774 ut
2231 4723 2511 4775 auditores
2549 4722 2615 4774 ad
2652 4724 2817 4776 animi
2860 4725 3249 4779 demissionem
3278 4729 3447 4781 addu-

1866 4821 1975 4874 cat,
2039 4824 2089 4865 et
2139 4812 2205 4865 ad
2253 4814 2533 4867 emlestem
2582 4815 2907 4882 sapientiam
2947 4825 3110 4885 atque
3148 4832 3305 4885 opem
3342 4820 3445 4872 im-

1868 4904 2094 4972 pensius
2127 4906 2551 4973 inquirendam;
2588 4923 2711 4959 eum
2748 4909 2957 4975 peccati
3011 4908 3187 4962 labent
3239 4924 3435 4977 nequa-

1868 5010 2032 5063 quam
2071 4995 2124 5048 in
2158 4996 2259 5050 hac
2292 4998 2399 5050 vita
2423 4997 2664 5065 effugere
2699 4999 2864 5051 homo
2914 4999 3118 5061 valeat,
3162 5000 3264 5053 nisi
3315 5004 3456 5053 sob-

1868 5086 2067 5140 sidium
2104 5088 2179 5141 illi
2207 5088 2583 5157 auxiliumque
2608 5089 2872 5144 divinitus
2896 5101 3099 5159 praesto
3122 5091 3214 5144 sit.
3242 5090 3453 5147 Bonum

1866 5178 2086 5248 quidem
2144 5183 2254 5249 agit
2296 5183 2481 5240 homo.
2540 5193 2793 5237 naturam
2843 5199 3064 5252 quoque
3098 5198 3319 5239 secutus
3351 5187 3455 5240 du-

1868 5286 1988 5325 cem
2026 5271 2139 5339 (87)
2173 5290 2183 5323 :
2220 5288 2408 5324 verum
2446 5272 2609 5327 facile
2644 5274 2943 5327 admodum
2988 5283 3255 5337 mutatur,
3291 5285 3344 5327 et
3386 5279 3452 5329 ad

1877 5505 2046 5573 eulpae
2076 5512 2314 5557 \‘t‘rtllltt.
2370 5504 2578 5570 Quippe
2609 5502 2811 5557 diserte
2849 5504 3099 5563 allirmat.
3135 5504 3335 5560 bonum
3365 5518 3450 5571 agt

1872 5576 1940 5624 ab
1999 5592 2064 5628 eo
2120 5590 2359 5642 quoque.
2414 5577 2505 5642 qui
2560 5574 2638 5624 vel
2690 5575 2813 5625 unis
2872 5584 3075 5626 natura:
3123 5576 3453 5640 praiseriptts

1869 5645 2193 5713 obsequitur
2221 5656 2269 5697 et
2320 5645 2521 5697 insistit
2552 5662 2563 5696 :
2602 5644 2708 5695 Καὶ
2738 5646 2852 5704 ταῖς
2894 5644 3150 5712 φυσικαῖς
3174 5645 3454 5712 ἐπιμένων

1868 5718 1959 5766 καὶ
2004 5715 2438 5784 στοιχειούμενος
2494 5713 2919 5784 καταστάσεσιν,
2966 5714 3223 5779 (μιιιιιιγὶε
3264 5714 3453 5784 divina

1865 5782 2287 5852 sapientiasive
2318 5784 2526 5836 eorlesti
2558 5785 2728 5849 pratia
2778 5783 3017 5834 nondum
3054 5794 3248 5837 auctus
3277 5782 3369 5850 sit,
3393 5791 3454 5837 ut

1865 5869 2059 5923 nempe
2093 5871 2155 5908 ex
2191 5856 2257 5907 iis
2288 5855 2477 5923 liquet,
2511 5869 2630 5923 qtne
2662 5854 2909 5922 protinus
2940 5863 3272 5921 sequuntur.
