4166 6434
183 340 321 409 1033

1251 329 1329 397 ΙΝ
1366 332 1941 395 ECCLESIASTEV-
1974 357 2035 366 -
2065 331 2210 392 ΠΒ.
2245 333 2375 390 ΠΙ.

3309 329 3444 400 1034

247 451 529 502 Δείκνυται
551 445 604 499 δὲ
628 444 720 497 καὶ
743 443 919 514 πολλῷ
936 442 990 496 δὲ
1022 440 1214 512 πρώην
1237 445 1264 496 ὁ
1287 443 1490 510 ἀγαθὸς
1515 442 1756 510 Ποιητὴς

1935 441 2096 511 196
2124 440 2469 506 Manifestum
2505 453 2663 507 porro
2693 445 2795 505 est,
2833 441 3009 493 multo
3042 440 3196 507 prius
3239 441 3438 495 bonum

175 547 284 595 τῶν
310 540 570 593 ἁπάντων
608 536 780 598 αἴτιος
807 537 915 589 τῶν
938 535 1145 598 κακῶν,
1177 535 1273 588 ἆτε
1303 536 1368 603 δὴ
1403 534 1512 587 τῶν
1541 534 1631 586 ὑπ’
1661 535 1758 585 αύ-

175 633 270 684 τοῦ
305 629 610 699 γεγονότων
643 629 889 698 ἀστέρων
922 626 1236 680 κακοποιῶν
1267 627 1610 694 πεφυκότων.
1669 627 1762 678 καὶ

173 725 272 793 τῆς
301 723 496 785 κακίας
527 722 694 774 ὄντων
729 720 939 774 αἰτίων.
974 719 1048 773 Οὐ
1070 719 1249 771 τοίνυν
1281 719 1393 796 τῶν
1415 717 1761 786 ἀστρολόγων

175 816 272 885 τὴν
303 815 501 883 τέχνην
536 812 875 882 καταμαθεῖν
903 811 1137 881 ἐζήτησε
1165 810 1301 880 πρὸς
1333 810 1394 862 τὸ
1423 809 1646 863 τοιαῦτα
1679 810 1764 862 δο-

175 903 359 969 ξάζειν
386 903 565 955 ἄτοπα
592 905 688 955 καὶ
709 902 959 970 παλίμφη
971 919 1044 969 μα
1069 902 1163 952 καὶ¹
1198 901 1415 962 πάντως
1437 898 1564 964 ἄξια
1594 917 1764 953 κατα-

173 995 442 1060 γέλωτος’
487 995 606 1047 ἀλλ’
666 995 751 1047 ἵνα
799 993 1001 1063 μᾶλλον
1050 993 1289 1063 ἔμπαλιν
1342 992 1409 1045 δι’
1447 993 1616 1061 αὐτῆς
1666 994 1764 1062 τῆς

174 1087 319 1138 κατὰ
341 1085 540 1151 γνῶσιν
571 1088 767 1155 πείρας
799 1084 1001 1153 διαγνῷ
1023 1085 1122 1156 τὴν
1149 1083 1471 1155 ἀφροσύνην
1501 1085 1608 1137 τῶν
1633 1085 1764 1136 ἀσε-

175 1175 284 1228 ϐῶν
304 1177 398 1229 καὶ
425 1176 523 1248 τὴν
553 1177 821 1247 ὀχληρίαν
849 1178 944 1229 καὶ
969 1193 1034 1228 πε
1046 1179 1295 1248 ριφοράν.
1329 1177 1631 1246 Ὀνομάσας
1655 1177 1764 1244 γὰρ

180 1284 201 1319 ι
227 1267 418 1335 σοφίαν
461 1271 556 1322 καὶ
585 1270 786 1340 ψῆφον,
819 1287 837 1320 ι
889 1268 989 1341 τὴν
1032 1270 1143 1322 τῶν
1189 1267 1537 1340 ἀστρολόγων
1571 1269 1764 1338 τέχνην

170 1360 627 1430 ὁμολογουμένως
679 1361 949 1431 ἐδήλωσεν
990 1378 1004 1393 ο
1060 1360 1201 1431 αὕτη
1251 1363 1360 1433 γὰρ
1407 1364 1643 1432 μάλιστα
1676 1361 1765 1415 διὰ.

173 1451 526 1522 ψηφοφορίας
551 1452 652 1523 τὴν
684 1453 821 1506 ίδίαν
852 1453 1000 1507 δοκεῖ
1022 1454 1282 1508 σύστασιν
1303 1455 1470 1525 ἔχειν.
1495 1457 1764 1526 Σημαίνε-

171 1560 263 1597 ται
284 1544 340 1596 δὲ
362 1545 456 1596 καὶ
489 1545 577 1597 διὰ
603 1545 712 1597 τῶν
735 1545 1044 1614 ὀνομασιῶν
1069 1587 1083 1610 ,
1138 1547 1248 1616 τῆς
1293 1549 1586 1617 ὀχληρίας
1623 1547 1765 1615 λέγω

173 1637 269 1688 καὶ
298 1636 410 1703 τῆς
434 1636 782 1705 περιφορᾶς,
814 1639 848 1708 ἡ
883 1640 1046 1708 τέχνη
1097 1639 1207 1692 τῶν
1237 1640 1604 1708 ἀστρολόγων,
1667 1639 1774 1692 ἅτε·

163 1726 371 1797 65110:,-
404 1729 684 1796 μετιοῦσιν
709 1730 899 1799 αὐτὴν,
925 1730 1196 1799 ἐνδελεχῆ,
1225 1730 1428 1801 μᾶλλον
1449 1732 1505 1787 δὲ
1535 1733 1758 1802 διηνεκῆ

172 1818 582 1888 παρενόχλησιν
615 1820 946 1889 ἐμποιοῦσα,
978 1824 1076 1873 καὶ
1114 1825 1226 1884 τοῖς
1259 1822 1758 1875 κατακολουθοῦσιν

171 1909 359 1972 αὐτοῖς
398 1911 495 1964 καὶ
520 1912 873 1964 πιστεύουσιν
895 1913 1354 1983 ἀπαγγελλομένη
1389 1913 1485 1966 καὶ
1517 1929 1759 1983 προκατ-

171 2003 512 2070 αγγέλλουσα
568 2004 728 2057 τοῦτο
776 2006 1030 2058 κάκεῖνο·
1083 2007 1218 2076 πρὸς
1253 2006 1352 2074 τὴν
1400 2006 1649 2057 ἐναντίαν
1701 2005 1758 2057 δὲ

168 2093 498 2147 καταντῶσα
532 2095 862 2167 περιφορὰν.
923 2097 1000 2161 ὡς
1025 2097 1333 2168 προσδοκᾷν
1387 2098 1486 2168 μὲν
1516 2098 1605 2150 ἀεὶ
1631 2100 1759 2161 τοὺς

161 2183 271 2247 τὰς
309 2184 643 2254 ἐπαγγελίας
681 2189 780 2258 τῆς
807 2190 1152 2258 εἰσηγήσεως
1180 2188 1360 2241 αὐτῶν
1379 2189 1756 2258 δεδεγμένους,

170 2275 271 2346 τὴν
313 2277 544 2331 ἐκδασιν
571 2279 680 2332 τῶν
721 2279 1149 2352 εύφραινόντων,
1197 2280 1227 2349 ἧ
1261 2279 1369 2332 τῶν
1420 2281 1755 2346 λυπούντων,

167 2369 272 2421 καὶ
322 2369 412 2422 διὰ
457 2369 620 2423 τοῦτο
661 2371 931 2441 μηδέποτε
965 2369 1065 2442 τὴν
1126 2371 1260 2424 ίδίαν
1306 2371 1532 2441 καρδίαν
1580 2371 1762 2440 ἀπηλ-

172 2459 454 2529 λαγμένην
481 2461 832 2531 εὑρίσκοντες
864 2462 1062 2532 λύπης,
1100 2462 1192 2517 διὰ
1237 2462 1337 2533 τὴν
1361 2463 1471 2517 τῶν
1498 2461 1760 2517 τοιούτων

174 2551 512 2621 καραδοκίαν
543 2553 574 2621 ἢ
613 2554 874 2622 περιττῆς
911 2552 1196 2622 θυμηδίας,
1228 2554 1329 2624 τῆς
1366 2553 1635 2624 μηδεμίαν
1663 2554 1761 2607 αὑ-

173 2647 290 2704 τοῖς
329 2642 697 2713 προξενούσης
753 2643 962 2714 χαράν·
1017 2644 1133 2697 ἀλλ’
1175 2644 1252 2707 ὡς
1283 2645 1642 2714 ἀτημελήτως
1692 2645 1739 2697 δι

173 2734 314 2786 αὑτό
363 2752 425 2800 γε
456 2733 613 2787 τοῦτο
650 2735 1034 2800 διατεθέντας,
1071 2739 1129 2790 ἐν
1177 2739 1297 2799 ταῖς
1351 2737 1505 2799 ίδίαις
1546 2738 1760 2807 ἀπροσ-

173 2825 349 2891 εξίαις
371 2827 466 2879 καὶ
489 2829 624 2896 πρὶς
642 2829 1020 2899 χαλεπότητας
1039 2828 1490 2899 περιενεχθέντας
1506 2830 1600 2882 καὶ
1618 2847 1760 2899 συμ-

170 2917 371 2987 φοράς.
399 2917 569 2970 Τοῦτο
599 2921 708 2988 γὰρ
735 2919 1007 2989 ἐδήλωσεν
1058 2922 1086 2971 ὁ
1121 2921 1282 2987 σοφὸς
1329 2919 1761 2990 Ἐκκλησιαστὴς

173 3008 369 3061 alr-43w
405 3029 422 3061 ι
466 3010 575 3063 Καὶ
605 3011 846 3080 εὑρίσκω
884 3009 998 3079 ἐγὼ
1032 3011 1200 3082 αὐτὴν
1235 3012 1568 3082 πικροτέραν
1619 3012 1762 3082 ὑπὲρ

173 3099 432 3156 θάνατον.
475 3121 494 3154 ι

244 3193 482 3260 Αὐτὴν,
512 3193 672 3259 τίνα;
701 3193 914 3264 Δηλαδὴ
959 3211 977 3246 ι
1007 3193 1105 3266 τὴν
1147 3195 1341 3263 σοφίαν
1384 3196 1478 3249 καὶ
1516 3196 1614 3267 τὴν
1659 3197 1768 3268 ψῆ-

175 3301 303 3353 φον,
331 3303 350 3335 ι
387 3286 506 3355 ἦτοι
531 3286 728 3354 τέχνην
757 3285 866 3337 τῶν
897 3286 1267 3355 ἀστρολόγων,
1307 3286 1383 3348 ὡς
1429 3287 1516 3339 ἀεὶ
1551 3288 1766 3358 μυρίοις

177 3378 432 3439 θανάτοις
459 3377 984 3431 καθυποδὰλλουσαν
1012 3379 1138 3440 τοὺς
1163 3378 1580 3432 κατακολουθεῖν
1625 3383 1761 3451 αὐτῇ

177 3468 536 3536 βουλομένους
557 3483 571 3499 °
605 3470 701 3520 καὶ
739 3468 824 3521 διὰ
854 3471 953 3537 τὴν
983 3470 1310 3539 προσδοκίαν
1342 3471 1450 3525 τῶν
1478 3471 1761 3543 λυπηρῶν,

176 3558 276 3609 καὶ
303 3558 390 3609 διὰ
411 3557 507 3627 τὴν
529 3556 816 3622 ἀπότευξιν
839 3558 946 3610 τῶν
977 3559 1304 3630 χαροποιῶν.
1334 3559 1514 3626 ’Ἃπαξ
1536 3563 1634 3630 μὲν
1655 3565 1763 3633 γὰρ

178 3650 438 3719 θνήσκειν
468 3649 758 3720 ἄνθρωπος
799 3649 1043 3716 πέφυκεν
1062 3668 1075 3681 ·
1113 3651 1207 3704 ᾶτε
1241 3652 1305 3720 δὴ
1325 3653 1418 3704 καὶ
1448 3653 1637 3722 θνητὸς
1661 3653 1757 3710 ῶν.

178 3741 256 3792 Τὸ
283 3739 339 3792 δὲ
368 3740 648 3801 τοιαύταις
677 3739 896 3802 πολλαῖς
932 3741 1026 3792 καὶ
1076 3741 1344 3811 διηνεκέσι
1395 3743 1489 3794 καὶ
1517 3744 1761 3814 χρονίαις

180 3829 698 3900 καθυπο6-6λῆσθαι
728 3832 836 3885 τῶν
856 3832 1135 3902 δυσχερῶν
1175 3835 1270 3886 καὶ
1301 3835 1560 3904 λυπηρῶν
1583 3854 1760 3906 προσ-

175 3921 409 3984 δοκίαις,
435 3923 528 3975 καὶ
569 3923 751 3992 μέντοι
777 3922 884 3975 τῶν
910 3923 1068 3991 δῆθεν
1091 3925 1309 3989 ἀγαθῶν
1338 3927 1433 3978 καὶ
1453 3929 1760 3996 χαροποιῶν

176 4013 525 4077 ἀποτεύξεσι,
568 4014 685 4076 πῶς
719 4014 839 4083 οὐχὶ
865 4017 957 4065 καὶ
1005 4014 1238 4067 θανάτου
1298 4019 1629 4088 πικροτέραν
1662 4019 1760 4092 τὴν

173 4105 434 4174 τοιαύτην
461 4105 699 4156 δείκνυσι
731 4105 1079 4177 ψηφοερορίαν
1103 4109 1193 4158 καὶ
1215 4109 1411 4179 τέχνην
1434 4127 1448 4175 ;
1480 4113 1544 4163 Ὀ
1570 4112 1624 4164 δέ
1656 4131 1759 4180 φη-

175 4204 313 4253 σινό
355 4201 804 4269 Ἐκκλησιαστής·
846 4219 862 4250 ι
888 4201 1206 4255 Ἑκύκλωσα
1241 4204 1350 4270 ἐγὼ
1378 4206 1470 4257 καὶ
1499 4208 1531 4276 ἡ
1561 4208 1758 4276 καρδία

177 4311 285 4364 μου
306 4308 318 4321 ·
347 4311 365 4343 ι
398 4295 584 4362 μηδεὶς
613 4294 825 4363 οἰηθείη
865 4294 1058 4364 δηλοῦν
1090 4296 1150 4346 τὸ
1176 4295 1289 4364 ἐγὼ
1330 4297 1477 4361 ἄλλο,
1512 4299 1605 4351 καὶ
1643 4301 1758 4367 τὴν

172 4387 432 4456 καρδίαν
477 4389 637 4441 ἄλλο·
670 4389 972 4458 ἀδιαίρετος
1031 4389 1140 4458 γάρ
1185 4392 1336 4442 ἐστιν
1380 4393 1408 4442 ὁ
1445 4391 1754 4460 ἄνθρωπος,

1868 547 2050 586 rerum
2073 535 2317 586 omnium
2354 531 2728 592 Conditorem.
2764 533 3032 586 malarum
3063 546 3282 602 quoque
3315 549 3447 588 cau-

1866 641 1983 679 sam
2013 627 2309 689 exstitisse,
2345 639 2470 679 cum
2511 624 2578 677 ab
2617 638 2683 678 eo
2714 634 2862 678 astra
2900 625 3118 679 condita
3167 626 3298 692 sint,
3327 641 3450 698 quae

1867 718 2010 771 mala
2041 717 2232 772 alferre
2266 725 2321 770 et
2359 716 2616 770 vitiorum
2649 729 2828 770 causa:
2863 731 2984 771 esse
3033 716 3302 786 feruntur,
3339 735 3446 773 non

1866 810 2029 879 igitur
2061 811 2464 879 astrologorum
2501 817 2671 863 artem
2700 807 2944 862 ediscere
2968 809 3196 875 studuit,
3233 822 3292 865 ut
3322 811 3446 864 talia

1866 902 2202 969 epinaretur,
2227 915 2351 969 qua:
2372 899 2684 969 importuna
2715 907 2846 952 sunt
2875 907 2928 952 ct
2952 898 3202 963 infamia,
3234 915 3297 953 ac
3328 901 3448 969 pla-

1868 1007 1936 1045 ne
1968 992 2265 1046 deridicula
2302 1008 2314 1044 :
2347 991 2441 1045 sed
2473 999 2530 1044 ut
2563 991 2744 1062 potius
2773 1004 2804 1043 e
2838 988 3119 1043 contrario
3159 990 3447 1058 impiorum

1867 1084 2152 1138 stultitiam
2195 1090 2249 1137 et
2289 1083 2678 1137 turbulentiam
2719 1097 2772 1137 et
2809 1082 3293 1136 circumactionem
3331 1082 3448 1151 ipsa

1866 1177 2110 1233 scientias
2139 1177 2471 1246 experientia
2517 1177 2809 1244 detegeret.
2844 1175 2980 1230 Cum
3019 1175 3165 1229 enim
3211 1177 3450 1245 appella-

1866 1270 1938 1323 rit
1971 1289 1988 1322 ι
2034 1270 2359 1339 sapientiam
2383 1275 2437 1322 et
2465 1267 2760 1330 calculum,
2795 1285 2813 1317 ι
2848 1268 3254 1337 astrologorum
3276 1276 3446 1322 artem

1865 1362 2066 1418 diserte
2089 1361 2395 1432 designavit
2420 1379 2433 1426 ;
2463 1360 2664 1431 quippe
2688 1375 2811 1429 quae
2838 1360 2891 1414 in
2919 1359 3252 1415 calculorum
3285 1361 3451 1414 ratio-

1866 1457 2028 1511 nibus
2062 1455 2315 1509 ineundis
2342 1455 2577 1508 maxime
2599 1453 2901 1508 consistere
2937 1453 3168 1507 videtur.
3201 1454 3313 1508 Nec
3343 1453 3448 1508 mi-

1868 1564 1972 1602 nus
2005 1547 2405 1614 astrologorum
2454 1554 2624 1597 artem
2659 1544 2764 1598 illa:
2794 1543 3101 1612 signiﬁcant
3125 1545 3448 1613 appellatio-

1865 1655 1987 1702 nes,
2013 1637 2371 1698 turbulentice,
2397 1636 2640 1703 inquam,
2658 1644 2711 1691 et
2736 1636 3196 1700 circumactionis;
3215 1651 3337 1692 eum
3357 1637 3445 1702 iis,

1865 1732 1959 1801 qui
1994 1746 2114 1786 eam
2167 1733 2372 1797 colunt,
2428 1731 2728 1796 assiduam,
2764 1729 2847 1783 vel
2899 1730 3081 1798 potius
3129 1737 3443 1798 perpetuam

1863 1823 2054 1877 aﬂ'erat
2077 1823 2569 1892 perturbationem,
2588 1820 3018 1876 etsectatnribus
3041 1836 3232 1874 eorum
3258 1820 3446 1875 fidem~

1861 1929 1969 1984 que
2008 1915 2333 1970 habentibus
2364 1915 2468 1969 hoc
2501 1923 2553 1968 et
2589 1913 2721 1968 illud
2756 1913 3042 1967 denuntiet
3079 1927 3143 1966 ac
3189 1913 3446 1982 pollicea-

1863 2011 1974 2066 tur,
2007 2004 2339 2073 eosdemque
2380 2004 2434 2057 in
2483 2001 2816 2057 contrariam
2865 2009 3174 2071 retorqueat
3208 2003 3444 2057 circum-

1861 2095 2150 2155 actionem,
2178 2102 2238 2148 ut
2271 2107 2489 2161 semper
2521 2099 2861 2160 exspectent,
2892 2091 3021 2145 dum
3057 2090 3322 2160 promissa
3355 2108 3446 2148 ac-

1863 2186 2090 2255 cipiant,
2119 2199 2242 2255 qua;
2277 2184 2352 2238 illi
2384 2184 2600 2243 dedere.
2633 2182 2845 2238 faustos
2885 2183 3093 2238 scilicet
3137 2186 3316 2239 exitus
3351 2196 3444 2238 aut

1865 2277 2049 2330 tristes
2079 2293 2094 2330 :
2131 2275 2315 2345 itaque
2340 2290 2621 2344 nunquam
2650 2276 2894 2328 animum
2928 2290 3060 2328 cura
3094 2290 3326 2330 vacuum
3362 2278 3444 2331 in-

1864 2366 2108 2432 veniant,
2134 2367 2324 2420 talium
2358 2381 2541 2423 rerum
2571 2365 2977 2434 exspectatione
3012 2373 3066 2418 et
3093 2367 3247 2420 vanis
3279 2365 3444 2421 illecti

1864 2458 2162 2524 blanditiis,
2192 2473 2314 2529 quae
2337 2458 2546 2511 nullum
2579 2457 2712 2525 ipsis
2735 2456 2993 2526 gaudium
3018 2457 3264 2512 allatura:
3289 2458 3440 2514 sint:

1866 2565 1928 2606 ac
1967 2560 2254 2620 propterea
2300 2549 2665 2620 negligentius
2709 2563 2767 2604 se
2801 2557 3010 2618 gerant,
3040 2562 3092 2604 et
3140 2551 3193 2604 in
3230 2559 3444 2606 suamet

1864 2642 2072 2697 desidia
2119 2641 2364 2710 undique
2409 2639 2821 2694 difﬁcultatibus
2858 2640 3228 2710 terumnisque
3255 2640 3446 2695 confli-

1865 2740 2099 2786 ctentur.
2129 2729 2264 2783 Nam
2309 2730 2409 2784 hoc
2443 2728 2619 2798 ipsum
2662 2727 2880 2797 sapiens
2919 2727 3273 2784 Ecclesiastes
3301 2729 3447 2785 indi--

1865 2823 2030 2885 cavit,
2054 2837 2179 2877 cum
2205 2822 2343 2876 dixit
2373 2841 2386 2878 :
2415 2840 2434 2872 ι
2473 2819 2539 2874 Ει
2559 2821 2776 2876 invenio
2809 2835 2912 2892 ego
2942 2836 3060 2876 eam
3091 2829 3267 2879 morte
3291 2837 3450 2878 amav

1866 2929 2086 2968 norem.
2132 2932 2152 2965 ι

1941 3198 2097 3264 Εαηι,
2123 3213 2413 3268 qnamnam
2433 3199 2456 3252 ?
2479 3198 2583 3253 nisi
2614 3217 2632 3249 ι
2664 3198 3000 3268 Sapientiam
3027 3205 3082 3252 et
3103 3197 3397 3262 calculum,
3421 3215 3443 3248 ι

1865 3291 1980 3346 sive
2033 3300 2204 3344 artem
2259 3290 2700 3360 astrologorum;
2755 3305 2879 3344 cum
2935 3291 3051 3345 ha‘c
3102 3291 3299 3346 millies
3350 3305 3449 3347 eos

1865 3379 2002 3433 mori
2039 3379 2444 3449 quodammodo
2482 3387 2660 3448 cogat,
2716 3382 2813 3447 qui
2863 3393 2922 3432 se
2958 3378 3032 3430 illi
3066 3377 3444 3433 'dediderunt:

1864 3475 2060 3544 partim
2095 3471 2167 3526 ob
2199 3472 2435 3527 tristium
2475 3470 2844 3533 formidinem,
2886 3471 3082 3540 partim
3124 3471 3194 3525 ob
3236 3470 3449 3527 fausto-

1862 3580 1982 3617 rum
2016 3563 2450 3617 frustrationem.
2482 3562 2656 3617 Semel
2683 3564 2828 3616 enim
2862 3561 3069 3616 homini
3101 3564 3448 3618 moriendum

1861 3665 1969 3714 est.
2001 3663 2060 3708 ut
2101 3655 2347 3708 mortalis
2391 3655 2511 3722 ejus
2563 3665 2759 3708 natura
2811 3654 2931 3708 fert.
2968 3656 3036 3706 At
3071 3671 3199 3709 vero
3235 3671 3297 3708 ea
3326 3671 3449 3711 esse

1861 3750 2197 3814 conditione,
2234 3757 2293 3802 ut
2331 3748 2545 3802 funesta
2582 3757 2742 3815 atque
2792 3746 2968 3800 tristia
3026 3746 3284 3801 diuturna
3325 3764 3450 3816 per-

1861 3851 2131 3911 petuaque
2182 3839 2543 3908 trepidatione
2589 3839 2781 3893 timere
2833 3839 3055 3903 debeas,
3106 3839 3247 3894 bona
3282 3849 3448 3908 atque

1862 3935 1983 3988 laeta
2034 3948 2313 4002 nunquam
2363 3932 2657 3985 adventare
2689 3931 2896 3994 videas,
2931 3932 3209 3999 quomodo
3239 3947 3447 4000 suppu-

1862 4025 2121 4078 tationem
2188 4022 2343 4092 197
2405 4020 2673 4089 ejusmodi
2735 4030 2897 4086 atque
2959 4028 3129 4073 artem
3171 4036 3278 4073 non
3329 4021 3446 4089 ipsa

1862 4126 2041 4170 morte
2087 4116 2414 4168 amuriorem
2447 4112 2722 4167 declarat?
2750 4111 2904 4178 Quod
2935 4120 3117 4163 autem
3164 4112 3310 4164 dicat
3341 4111 3446 4165 Ei;-

1861 4207 2138 4262 clesiastes
2178 4225 2190 4260 :
2231 4226 2247 4256 ι
2287 4205 2525 4265 Circuivi
2578 4221 2679 4272 ego
2729 4214 2782 4258 et
2833 4220 2929 4258 eor
2968 4221 3173 4269 meum,
3210 4223 3227 4256 ι
3283 4221 3446 4259 nemo

1860 4308 2030 4368 putet,
2077 4299 2223 4351 aliud
2269 4313 2402 4351 voce
2431 4297 2566 4365 Ego,
2617 4297 2762 4350 aliud
2794 4312 2925 4350 voce
2969 4294 3072 4350 Cor
3115 4296 3435 4365 significari.

1860 4391 2179 4445 lndividuns
2205 4390 2347 4442 enim
2376 4398 2458 4442 est
2487 4391 2671 4452 homo,
2703 4389 2987 4440 nominum
3013 4388 3139 4441 licet
3169 4387 3445 4455 signiﬁca-

170 4483 278 4534 κᾶν
307 4481 557 4552 διῄρηται
608 4483 729 4540 ταῖς
777 4480 1074 4549 σημασίαις
1116 4481 1223 4533 τῶν
1267 4482 1572 4550 ὀνομάτωψ
1620 4484 1755 4536 ἀλλὰ

1862 4483 2106 4537 tionibus
2139 4481 2430 4534 dividatur.
2462 4480 2662 4532 Verum
2701 4480 2779 4533 sic
2809 4478 3012 4547 accipe,
3042 4488 3102 4532 ut
3143 4480 3219 4533 rei
3261 4479 3442 4548 inqui-

169 4573 475 4640 λογιζέσθω
498 4571 596 4641 τὴν
615 4571 722 4624 ἀπὸ
742 4573 967 4642 καρδίας
993 4573 1086 4623 ἐπὶ
1108 4571 1184 4640 τῷ
1211 4573 1492 4642 πράγματι
1523 4575 1751 4645 ζήτησιν

166 4668 234 4719 τὸ
258 4665 545 4735 εἰρημένον
584 4663 798 4731 δηλοῦν.
829 4664 1180 4733 Παρεμπεδοί
1205 4664 1260 4715 δὲ
1289 4666 1381 4716 καὶ
1410 4683 1750 4738 κατακωμῳ-

168 4758 253 4808 δεῖ
286 4755 390 4807 τῶν
419 4754 679 4806 τοιούτων
709 4755 805 4823 τὴν
837 4753 1115 4823 ὲξαπάτην
1143 4755 1237 4806 καὶ
1265 4754 1350 4807 διὰ
1396 4756 1504 4808 τῶν
1530 4759 1749 4822 ἀαέσως

169 4850 454 4918 ἑπομένων
485 4846 673 4900 είπὼν.
703 4847 840 4917 Φησὶ
870 4846 1006 4917 γάρ·

1863 4573 2115 4628 sitionem
2146 4587 2177 4624 a
2214 4571 2376 4626 corde
2421 4573 2655 4639 pendere
2706 4571 2811 4625 illis
2857 4571 3040 4625 verbis
3079 4571 3437 4640 significetur.

1861 4661 2040 4733 Pergit
2061 4677 2222 4731 porro
2242 4661 2546 4731 praestigias
2578 4661 2808 4714 istorum
2834 4671 2887 4713 et
2914 4659 3157 4715 fallacias
3179 4661 3442 4729 perstrin-

1861 4770 1985 4824 gere
2022 4754 2086 4808 iis
2115 4753 2298 4819 etiam,
2326 4767 2448 4821 qua:
2481 4752 2730 4822 protinus
2761 4762 3083 4822 sequuntur.
3120 4752 3208 4805 Ait
3241 4753 3384 4807 enim
3419 4769 3437 4806 :

1738 4967 1866 5039 sv.

242 5057 368 5111 Σὺν
400 5057 514 5124 τὴν
560 5058 847 5127 γυναῖκα.
904 5057 1038 5125 ἥτις
1075 5057 1204 5110 ἐστί
1240 5061 1600 5133 θηρεύματα,
1654 5066 1752 5117 καὶ

167 5149 433 5217 σαγνῆναι
461 5149 675 5217 καρδία
696 5149 904 5217 αὐτῆς,
935 5149 1162 5218 δεσμὸς
1189 5153 1275 5214 εἰς
1301 5151 1499 5218 χεῖρας
1539 5154 1748 5221 αὐτῆς.

180 5242 420 5310 Ἀγαθός
461 5243 574 5308 πρὸ
615 5241 937 5308 προσώπου
973 5241 1079 5294 τοῦ
1120 5240 1268 5293 Θεοῦ
1306 5241 1750 5308 ἐξαιρεθήσεται

170 5332 273 5388 ἀπ’
306 5331 497 5400 αὐτῆς
522 5372 537 5400 ,
589 5331 688 5385 καί
731 5331 1082 5401 ἁμαρτάνων
1121 5333 1624 5402 συλληφθήσεται
1681 5339 1751 5389 ἐν

172 5421 346 5490 αὐτῇ.

172 5537 428 5602 prarditus
460 5544 576 5600 est;
619 5535 710 5587 sed
737 5536 897 5588 reluti
923 5535 1144 5589 vinculis
1187 5537 1522 5606 quibusdam,
1555 5553 1618 5590 ac
1657 5556 1747 5593 ne-

169 5608 452 5665 cessitatis,
479 5617 534 5657 ut
559 5607 636 5659 ita
660 5607 854 5671 dicam,
874 5607 1091 5658 nexibus
1114 5608 1426 5660 constrictus
1454 5611 1522 5659 ad
1546 5620 1750 5662 utrum-

167 5695 279 5756 que
303 5677 588 5756 adducitur
626 5693 642 5728 :
677 5678 807 5754 nihil
840 5687 894 5728 ut
946 5677 1200 5756 reliquum
1227 5678 1330 5756 sit,
1361 5695 1461 5756 qua
1493 5695 1522 5756 α
1564 5680 1745 5732 bestiis

170 5747 409 5814 differat.
445 5748 533 5815 qui
574 5750 804 5798 omnium
836 5763 1017 5799 earum
1051 5747 1328 5815 imperium
1351 5749 1607 5800 divinitus
1645 5764 1743 5802 na-

173 5829 286 5870 rtas
322 5825 420 5869 est.

451 5911 719 5973 PATHOL.
765 5913 809 5970 ὓ
824 5933 879 5971 ιι.
909 5913 1060 5973 XCV
1075 5913 1180 5972 l'Zl.

1932 5066 2094 5123 Vens.
2127 5067 2216 5120 9.6.
2257 5065 2532 5120 Mulierem
2559 5084 2676 5136 qua:
2701 5077 2777 5121 est
2808 5069 2984 5137 laquei
3023 5079 3345 5134 venatorum,
3387 5080 3436 5123 et

1857 5176 2060 5229 sagenaz
2106 5176 2194 5212 cor
2226 5159 2361 5228 ejus,
2396 5160 2658 5213 vinculum
2690 5163 2742 5212 in
2778 5163 3017 5215 manibus
3064 5162 3198 5230 ejus.
3254 5163 3434 5217 Bonus

1855 5268 2032 5303 coram
2061 5251 2163 5303 Deo
2191 5263 2406 5304 eruetur
2440 5253 2502 5304 ab
2549 5269 2630 5319 ea,
2663 5261 2711 5304 et
2741 5254 2831 5321 qui
2859 5263 3059 5322 peccat,
3105 5257 3343 5322 rapietur
3382 5257 3435 5307 in

1855 5344 1949 5396 illa
1979 5345 2111 5412 (at).

1926 5542 2044 5618 (94)
2078 5541 2218 5618 LXX
2269 5545 2472 5618 habent
2500 5544 2779 5618 θηρευμα
2830 5561 2927 5614 pro
2976 5547 3322 5618 θηρεύματα.
3365 5549 3434 5606 At

1855 5629 1986 5667 vero
2037 5616 2088 5665 in
2128 5614 2612 5670 Constitutionibus'
2659 5614 2963 5684 apostolicis
3003 5614 3275 5673 sententia
3322 5633 3429 5674 tota

1852 5686 1932 5736 sic
1963 5685 2184 5760 affertur
2217 5686 2333 5754 (lib.
2374 5701 2412 5748 l,
2447 5705 2493 5739 ρ.
2519 5688 2613 5760 "9):
2662 5689 2934 5757 Ἐμίσηςα
2969 5690 3112 5760 ὑπὲρ
3143 5693 3232 5743 τὸν
3264 5691 3435 5742 (lava;

1852 5771 1943 5805 τον
1968 5756 2070 5832 air)
2101 5756 2199 5832 τῂν
2226 5759 2633 5832 γυναίκαηῆτις
2661 5761 2778 5832 ἐστὶ
2809 5756 3061 5828 θηρευμα
3085 5756 3190 5814 ’καὶ
3219 5763 3430 5832 σαγήνη

1855 5826 2102 5895 καρδιας,
2133 5827 2322 5892 δεσμοὶ
2348 5829 2405 5879 δέ
2435 5829 2616 5897 χεῖρες
2646 5831 2837 5899 αὐτῆς.

2995 5926 3067 5983 33
