4166 6434
186 368 296 431 .‘Oti
1222 377 1305 438 IN
1350 380 1743 442 LCCLESIAS

1846 383 1930 443 IN-
1981 410 2001 416 -ο
2057 385 2200 444 LIB.
2242 387 2369 445 ΥΠ.

3287 382 3418 444 10-2?

182 479 321 529 τεετω
350 474 540 543 σοφοὶ),
573 474 771 545 ἄνδρας
806 474 895 527 καὶ
928 492 987 527 σι.
1007 480 1204 544 ίετοῦς,
1236 484 1364 548 τοὺς
1392 484 1454 539 τὸ
1482 487 1742 558 θεωρητι-

1846 496 1947 554 tes,
1980 490 2074 559 qui
2109 490 2355 550 nativam
2382 489 2550 545 animi
2581 491 2650 546 ad
2688 488 3089 560 dispiciendum
3125 494 3421 561 agendum-

181 564 262 615 κὸν
297 564 390 629 τῆς
446 562 641 633 ψυχῆς,
674 565 769 616 καὶ
807 565 868 617 τὸ
920 569 1223 637 πρακτικὸν
1282 574 1740 630 ἀνεπιϐούλευτον

178 654 553 715 διασωσαντας,
581 652 674 705 καὶ
698 652 785 705 διὰ
814 654 970 709 τοῦτο
991 657 1321 729 δυναμένους
1351 664 1451 735 τὴν
1480 665 1739 737 ἀλήθειαν

179 744 476 813 ἀποκρίνειν
507 744 599 796 τοῦ
626 745 874 815 ψεύδους,
906 750 1000 801 καὶ
1028 749 1133 804 τῶν
1161 753 1517 827 ἐσφαλμένων
1541 758 1742 830 ὑπολή-

176 834 305 902 dator
338 835 701 889 ἀπαλλάττειν
752 838 879 902 τοὺς
922 844 1372 911 προσφοιτῶντας
1414 850 1618 913 αὐτοῖς,
1647 852 1741 904 καὶ

179 924 300 993 πρὸς
351 925 449 989 τὰς
487 928 767 997 ἀτραποὺς
810 933 909 1002 τῆς
953 935 1225 1006 σωτηρίας
1277 939 1623 1010 καθοδηγεῖν.
1675 944 1740 996 Οί

174 1016 390 1070 τοιοῦτοι
420 1018 528 1089 γὰρ
554 1020 703 1072 ἴσασι
736 1022 832 1075 παλ⁸
858 1023 1012 1079 λύσιν
1043 1028 1288 1097 ῥήματος
1320 1030 1505 1086 δοῦναι
1543 1034 1741 1097 παντὸς

175 1107 560 1179 προϐληθέντος
600 1111 660 1178 ἐξ
713 1114 968 1186 ἀπορίας,
1018 1119 1115 1171 καὶ
1148 1120 1383 1189 φωτίσαι
1418 1124 1514 1178 τοῦ
1564 1127 1742 1198 μαθη-

174 1198 381 1262 τιῶντος
433 1200 492 1252 τὸ
535 1202 725 1272 νοητὸν
784 1207 1099 1276 πρόσωπον,
1142 1211 1217 1275 ὡς
1252 1215 1345 1267 καὶ
1386 1216 1548 1269 πάλιν
1577 1219 1740 1273 αὐτὸν

174 1288 251 1341 διὰ
284 1289 379 1359 τῆς
411 1292 624 1345 ἐκεῖθεν
655 1295 802 1365 αὐτῷ
828 1305 1263 1370 προσγεγονυίας
1294 1306 1498 1371 λύσεως
1523 1311 1617 1363 καὶ
1648 1328 1738 1363 σο-

175 1381 513 1474 φίαςάλλους
543 1386 824 1450 φωτίζειν.
851 1392 913 1443 Oi
945 1393 1056 1461 γὰρ
1080 1398 1137 1447 ὲν
1170 1400 1613 1474 μετριοφροσύνῃ
1646 1405 1740 1456 καὶ

174 1473 429 1543 πραότητι
459 1476 555 1529 καὶ
581 1477 816 1533 διαθέσει
850 1483 1079 1552 καρδίας
1120 1487 1465 1559 ἀπεριέργως
1508 1473 1619 1555 τοῗς
1649 1511 1739 1545 σο-

174 1567 283 1630 φοῖς
314 1567 653 1635 προσιόντες,
693 1561 790 1624 καῖ
825 1573 1201 1646 διδασκόμενοι
1252 1583 1380 1651 παρ’
1420 1581 1597 1635 αὐτῶν
1631 1584 1739 1637 τῶν

170 1655 495 1728 ἀσυμφόρων
522 1661 615 1712 καὶ
641 1662 749 1715 τῶν
770 1664 1061 1721 λυσιτελῶν
1088 1670 1188 1739 τὴν
1213 1673 1437 1740 γνῶσιν,
1464 1675 1740 1746 ἀπρόσκο-

170 1763 263 1839 πον
291 1746 588 1804 καθιστῶσι
615 1753 714 1824 τὴν
742 1756 878 1808 ἰδίαν
908 1756 1079 1829 ζωήν.
1105 1761 1316 1835 Ὥσπερ
1341 1767 1369 1819 ό
1396 1767 1615 1839 ἀναιδὴς
1644 1770 1739 1824 καὶ

168 1837 508 1909 ὑπερήφανος
538 1843 633 1896 καὶ
670 1848 1040 1919 μεγάλαυχος,
1076 1853 1343 1923 μηδαμῶς
1377 1855 1456 1927 τῷ
1486 1837 1740 1914 διδασκα-

169 1928 288 1999 λείῳ
312 1930 407 1983 τοῦ
436 1933 746 2005 πνεύματος
776 1941 1056 2011 προσιέναι
1089 1944 1438 2015 βουλόμενος,
1474 1953 1745 2023 στυγητὸς

168 2018 387 2092 εὓρηται
440 2025 535 2079 καὶ
586 2029 821 2095 φευκτὸς
864 2036 977 2097 τοῖς
1013 2040 1255 2101 συνετοῖς
1295 2039 1389 2092 καὶ
1421 2045 1607 2111 σοφοῖς
1645 2045 1745 2114 τῆς

172 2112 300 2177 ιδίας
330 2116 705 2189 μεγαλαυχίας
736 2122 943 2193 ταύτην
966 2126 1238 2197 εὑρίσκων
1260 2129 1357 2200 τὴν
1381 2132 1635 2205 ἀμοιϐήν.
1664 2112 1745 2189 Τά

168 2207 443 2277 πρέποντα
499 2212 608 2283 γάρ
672 2216 768 2268 καὶ
821 2219 1173 2289 συμφέροντα
1232 2224 1423 2293 μαθεῖν
1475 2227 1581 2280 ὑπὸ
1635 2228 1743 2283 τῶν

168 2298 342 2366 σοφῶν
391 2302 491 2356 οὐκ
546 2304 829 2377 ἐθελήσας,
886 2309 1003 2363 ἀλλ’
1052 2314 1111 2365 ὲν
1161 2315 1582 2386 πονηρολογίαις
1646 2318 1740 2373 καὶ

164 2390 431 2463 ψευδοῤῥη
441 2395 701 2462 μοσύναις
767 2403 1112 2472 παρῤησιαζό
1120 2422 1280 2475 μενος
1343 2408 1735 2480 ἀναισχύντως,

167 2482 324 2547 αὐτὸς
351 2486 545 2543 ἑαυτὸν
570 2488 860 2561 καθίστησι
892 2495 1142 2565 ιιισητόν.
1175 2493 1310 2552 Εἶτά
1353 2516 1519 2572 φησιν
1555 2502 1582 2553 ὁ
1617 2502 1739 2556 Ἐκ-

168 2572 500 2649 κλησιαστής
535 2593 549 2608 ·

1842 596 1949 650 que
2002 580 2317 637 facultatem
2377 581 2635 637 intactam
2690 584 3070 655 integramque
3125 587 3418 647 servarint.

1842 674 2026 742 itaque
2063 689 2193 728 .vera
2229 690 2258 727 a
2292 673 2444 728 falsis
2475 688 2761 729 secernere
2788 678 3020 744 possint,
3051 688 3104 731 et
3149 674 3420 731 ventitané

1843 771 1925 820 tes
1956 764 2022 819 ad
2054 778 2113 819 se
2139 779 2249 818 non
2296 766 2457 820 modo
2482 765 2553 819 ab
2582 780 2768 819 errore
2814 783 3090 832 revocare,
3133 770 3225 823 sed
3255 770 3420 822 etiam

1842 858 1898 913 in
1928 858 2152 914 semitas
2200 860 2392 915 salutis
2438 859 2729 914 deducere.
2760 857 2873 913 Viri
2924 862 3068 915 enim
3104 861 3419 931 liujusmodi

1840 950 2253 1006 dissolutionem
2301 965 2518 1022 quoque
2549 951 2698 1006 verbi
2740 952 3012 1023 cujusque
3052 967 3118 1006 ex
3153 952 3423 1021 ambigui-

1842 1051 1952 1098 tate
1998 1044 2263 1113 propositi
2301 1044 2527 1099 reddere
2573 1054 2803 1109 norunt,
2856 1054 2911 1099 et
2950 1045 3191 1100 discendi
3226 1046 3423 1115 cupido

1842 1135 2044 1190 mentis
2075 1136 2286 1190 vultum
2320 1142 2471 1190 tanta
2498 1136 2620 1190 luce
2648 1134 2999 1206 perfundere,
3034 1144 3094 1190 ut
3122 1136 3238 1206 ipse
3259 1138 3420 1192 etiam

1845 1241 1954 1280 non
1984 1226 2189 1290 minus,
2217 1226 2289 1281 ob
2316 1226 2609 1281 enodatum
2637 1228 2925 1297 quaesitum
2959 1235 3013 1281 ct
3045 1238 3254 1296 partam
3299 1229 3423 1282 inde

1843 1317 2212 1387 sapientiam,
2263 1317 2387 1372 aliis
2420 1317 2600 1371 lucem
2640 1316 2836 1372 afferre
2891 1319 3086 1386 possit.
3138 1316 3272 1370 Nam
3326 1319 3420 1387 qui

1844 1407 2123 1463 moderate
2151 1415 2448 1477 paeateque
2476 1416 2533 1462 et
2575 1407 2760 1461 animo
2791 1417 2984 1476 parato
3018 1423 3083 1462 ac
3118 1409 3422 1478 composito

1843 1498 1910 1553 ad
1941 1499 2216 1567 sapientes
2255 1498 2542 1563 accedunt,
2588 1506 2752 1566 atque
2784 1497 2851 1551 ab
2888 1498 3022 1566 ipsis
3053 1498 3420 1567 c0gnitionem

1842 1588 2105 1643 hauriunt
2148 1603 2362 1654 eorum,
2396 1604 2519 1658 qua:
2550 1597 2804 1651 noceant,
2843 1604 3073 1658 quaeque
3115 1590 3347 1658 prosint,
3385 1590 3421 1644 ii

1842 1682 2011 1735 vitam
2045 1694 2202 1735 suam
2243 1679 2425 1735 omnis
2455 1680 2615 1750 plane
2656 1678 2974 1733 offensionis
3003 1688 3281 1749 expertem
3321 1681 3422 1735 im-

1848 1785 2178 1841 munemque
2207 1771 2547 1825 constituant
2579 1788 2593 1824 :
2622 1785 2746 1825 cum
2774 1784 2804 1824 e
2827 1771 3109 1824 contrario
3136 1769 3424 1840 impudens

1846 1875 1897 1919 et
1924 1862 2178 1934 superbia
2213 1862 2464 1932 fastuque
2493 1861 2689 1928 elatus,
2721 1861 2815 1932 qui
2859 1861 2926 1915 ad
2958 1860 3125 1914 animi
3172 1861 3416 1915 scholam

1842 1957 1984 2011 itare
2018 1955 2176 2020 nolit,
2218 1957 2365 2010 hunc
2391 1954 2777 2009 ostentationis
2805 1969 2919 2008 suae
2945 1952 3184 2008 fructum
3218 1953 3420 2023 capiat,

1850 2057 1908 2103 ut
1937 2065 1990 2101 ,ιι
2031 2046 2389 2117 prudentium
2415 2044 2855 2115 sapientiumque
2903 2044 3088 2098 odium
3126 2052 3180 2099 et
3216 2043 3425 2099 aliena-

1846 2141 2051 2195 tionem
2104 2140 2370 2193 incurrat.
2406 2136 2461 2192 ls
2508 2138 2676 2204 enim,
2713 2139 2805 2208 qui
2854 2152 2886 2191 a
2932 2136 3269 2206 sapientibus
3303 2151 3424 2206 qua:

1842 2233 2093 2298 deceant,
2137 2246 2368 2301 quaeque
2406 2229 2558 2284 utilia
2610 2230 2741 2294 siut,
2782 2230 3028 2285 ediscere
3068 2230 3327 2294 noluerit,
3371 2240 3424 2289 et

1846 2326 1900 2379 in
1926 2324 2109 2395 pravis
2146 2323 2326 2393 potius
2356 2320 2622 2392 falsisque
2657 2321 3003 2377 sermonibus
3040 2321 3208 2375 libere
3243 2322 3423 2391 impu-

1846 2418 2148 2485 dentcrque
2205 2429 2266 2469 se
2328 2422 2597 2479 exerceat,
2658 2413 2953 2482 semetipse
3010 2412 3078 2467 ad
3134 2429 3426 2469 commune

1846 2506 2032 2560 odium
2063 2504 2305 2576 exponit.
2343 2503 2505 2559 Addit
2537 2502 2735 2559 deinde
2771 2502 3131 2559 Ecclesiastes
3163 2522 3176 2557 :

1673 2712 1699 2783 ξ
1746 2710 1878 2765 Vlll.

234 2781 446 2871 .‘erpd
469 2782 780 2852 ,βασιλέως
820 2791 1119 2859 φύλαξον,
1149 2796 1246 2849 καί
1277 2798 1409 2865 περὶ
1441 2801 1630 2870 λόγου
1657 2781 1744 2871 ὅρ-

1910 2802 2071 2871 202
2101 2800 2269 2857 Vens.
2305 2801 2427 2856 2-4.
2473 2800 2546 2858 Os
2598 2803 2734 2873 regis
2791 2801 3022 2865 custodi,
3062 2812 3111 2855 et
3162 2805 3224 2853 de
3270 2802 3424 2854 verba

163 2886 278 2922 κου
313 2870 461 2923 Θεοῦ
490 2872 578 2941 μὴ
618 2877 919 2939 σπούδαζῖε
942 2897 953 2908 ·
997 2882 1115 2935 ἀπὸ
1172 2886 1498 2952 προσώπου
1552 2870 1743 2945 αὑτοῦ

1846 2870 2135 2958 inminenti
2165 2891 2263 2946 Dei
2317 2910 2381 2947 ne
2408 2902 2625 2963 satagas
2703 2910 2734 2947 a
2765 2893 2905 2963 facie
2938 2893 3052 2962 ejus
3078 2892 3378 2946 ambulabis
3406 2906 3421 2943 :

153 2958 471 3055 ξορεύσηο
520 2961 606 3055 μὴ
659 2964 814 3033 στῆς
862 2967 934 3020 ἐν
972 2972 1135 3040 λόγῳ
1190 2974 1452 3042 πονηρῷ,
1492 2977 1582 3030 ὅτι
1620 2980 1743 3034 πᾶν

1846 3001 1905 3038 ne
1936 2995 2042 3038 stes
2073 2987 2129 3038 in
2166 2986 2319 3039 verba
2369 2987 2532 3050 malo,
2571 2987 2829 3055 quoniam
2866 3000 3038 3050 omne,
3081 2986 3219 3055 quod
3250 2987 3425 3039 votue-

162 3044 198 3096 ὂ
240 3046 348 3101 ἐὰν
390 3051 624 3123 θελήσῃ
676 3054 940 3124 ποιήσει,
992 3060 1187 3128 καθὼς
1231 3064 1409 3117 λαλεῖ
1442 3067 1745 3137 βασιλεὺς

159 3138 530 3201 ἐξουσιάζων
549 3157 562 3173 ⁶
595 3148 694 3199 καί
722 3148 813 3214 τίς
839 3149 964 3217 ἐρεῖ
982 3153 1164 3218 αὐτῷ,
1204 3156 1266 3209 Τί
1285 3155 1617 3226 ἐποίησας;

234 3233 690 3307 Εἰσηγησάμενος
719 3240 819 3304 τὰς
850 3242 1071 3314 ἀληθεῖς
1116 3249 1244 3317 περὶ
1277 3248 1413 3303 Θεοῦ
1454 3252 1743 3321 φυλάττειν

161 3325 485 3396 ὑπολήψεις,
516 3331 611 3383 καὶ
644 3333 915 3403 μηδαμῶς
943 3340 1394 3411 παραχαράττειν
1431 3346 1530 3414 τήν
1558 3347 1744 3401 είκόνα

156 3415 264 3485 τῆς
303 3418 589 3483 εὐσεϐείας
633 3425 748 3486 τοῖς
793 3425 1055 3482 ἀκαλλέσι
1088 3431 1182 3482 καὶ
1216 3431 1554 3500 ψευδοδόξοις
1608 3436 1746 3507 χρώ-

159 3524 303 3575 μασι
337 3508 448 3562 τῶν
473 3512 534 3563 ὲν
562 3514 682 3575 ταῖς
723 3514 1144 3586 ἀπρολογικαίς
1177 3521 1382 3593 ψήφοις
1409 3525 1743 3598 ἀσχολουμέ-

157 3616 294 3664 νων,
344 3600 482 3654 ἀλλά
519 3603 650 3672 μίαν
679 3605 890 3659 οίεσθαι
933 3609 1028 3661 καὶ
1075 3614 1468 3682 καταγγέλλειν
1510 3619 1744 3690 ἀρχικήν

154 3690 328 3759 φύσιν
377 3691 476 3763 τὴν
523 3696 645 3749 τότε
688 3698 747 3749 τὸ
796 3700 905 3751 πᾶν
929 3700 1284 3771 διεξάγουσαν
1312 3710 1602 3777 πανσὸφως
1650 3714 1746 3763 καὶ

154 3787 579 3854 συμφερόντως.
622 3791 714 3841 καὶ
754 3790 853 3858 τὴν
894 3793 1129 3848 ἑκάστου
1160 3800 1484 3869 προαίρεσιν
1525 3801 1625 3871 τῆς
1658 3803 1745 3871 ἐφ’

148 3874 405 3943 ἑκάτερα
438 3877 635 3947 ῥοπῆς,
684 3881 930 3950 δηλονότι
963 3886 1071 3938 τῶν
1098 3888 1183 3956 ἐφ’
1215 3889 1350 3959 ήμίν
1393 3892 1486 3943 καὶ
1512 3891 1620 3945 τῶν
1644 3894 1745 3945 οὐκ

149 3965 247 4033 ἐφ’
270 3968 404 4037 ἡμῖν
429 3967 573 4038 ἔχειν
596 3970 695 4040 τὴν
718 3971 991 4036 ἐξουσίαν’
1018 3978 1112 4031 νῦν
1135 3982 1218 4048 ἐφ’
1241 3983 1436 4051 ἑτέραν
1461 3985 1745 4054 εἰσήγησιν

151 4058 401 4126 μέτεισι,
431 4061 526 4115 καὶ
560 4068 1055 4136 κατασφαλίζεται,
1093 4074 1360 4144 μηδαμῶς
1380 4078 1447 4129 τά
1478 4076 1743 4149 λελεγμέ-

139 4167 225 4202 να
268 4154 421 4219 παρά
450 4153 719 4222 βασιλέως
743 4159 1090 4229 δημοσιεύειν
1114 4205 1127 4226 ,
1164 4165 1252 4219 ἵνα
1297 4167 1375 4236 μὴ
1411 4169 1747 4239 πρόσκομμα

136 4240 257 4291 καὶ
308 4241 517 4296 σκῶλον
560 4243 696 4317 εὕρῃ
741 4249 836 4301 καὶ
885 4252 1194 4323 πειρασμὸν
1236 4255 1493 4326 ἀνόνητον
1532 4261 1560 4312 ὁ
1588 4260 1748 4313 τοῦτο

130 4334 359 4387 ποιῶν.
413 4336 559 4389 Διότι
612 4340 707 4392 καί
758 4342 860 4395 πού
925 4362 1057 4414 φησι
1110 4347 1170 4399 τὸ
1217 4349 1399 4417 λόγιον
1456 4352 1553 4422 τῆς
1595 4353 1747 4419 θείας

128 4426 427 4495 Γραφῆς·
498 4448 517 4480 ι
564 4431 883 4505 Μυστήριον
954 4435 1219 4504 βασιλέως
1293 4440 1582 4508 φυλάττειν
1648 4462 1745 4499 κα-

120 4517 275 4571 λόν.
323 4538 340 4568 ι

232 4610 476 4665 Ἔπειτα
527 4618 934 4685 παρεγγυᾶται,
998 4622 1093 4672 καὶ
1142 4622 1216 4691 μὴ
1278 4625 1568 4695 πρόχειρον
1606 4622 1747 4681 εἶναι

108 4698 304 4770 πηὸς
357 4700 543 4769 ὅρκον,
600 4704 736 4773 μηδὲ
788 4707 892 4776 τὴν
939 4709 1187 4775 γλῶτταν
1244 4713 1524 4767 εὐόλιοοον
1582 4710 1750 4768 οὖσαν

103 4794 472 4863 συγχωρεῖν
496 4792 668 4863 ὄνομα
698 4794 833 4849 Θεοῦ
867 4801 1129 4868 προάγειν
1165 4803 1245 4860 είς
1271 4806 1365 4866 τὰς
1397 4806 1615 4872 ὁμιλίας
1650 4807 1747 4871 τὰς

93 4879 302 4950 πρὸς
332 4882 459 4945 τοὺς
494 4882 689 4948 πέλας.
714 4886 885 4940 Τοῦτο
912 4889 967 4941 δὲ
996 4890 1181 4962 διττὴν
1206 4893 1316 4963 ἔχει
1338 4898 1437 4964 τὴν
1467 4896 1706 4967 ἔμφασιν
1733 4916 1747 4929 ο

87 4974 161 5044 ἦ
203 4969 278 5024 τὸ
310 4972 578 5043 μηδαμῶς
605 4975 939 5048 ἐπ’ὀνόματι
969 4979 1105 5033 Θεοῦ
1132 4982 1219 5036 δια
1235 4999 1353 5038 τινα
1382 4989 1748 5060 προκειμένην

226 5149 421 5231 (4)“Αι
448 5150 860 5231 _L}_iK_l3abcn_t_.
884 5196 897 5209 .
920 5195 934 5208 .
968 5156 1413 5231 pipczouaiang.
1439 5203 1451 5215 .
1480 5199 1492 5215 .
1518 5202 1530 5215 .
1562 5172 1616 5217 et
1647 5182 1747 5217 κα-

75 5222 269 5282 θὼς
318 5221 571 5288 βασιλεὺς
600 5221 1079 5288 ἐξουσιάζων,’καὶ
1108 5228 1282 5292 τίς...
1303 5272 1315 5284 .
1334 5221 1590 5287 "Aduolat
1618 5251 1747 5288 vero

72 5292 610 5362 ()lympiodorus,
664 5294 835 5347 Ἀλλα
879 5295 935 5347 δὲ
990 5295 1171 5365 βιϐλία
1227 5298 1411 5370 ἔχουσι
1451 5304 1747 5372 πορευθῆ-

66 5377 261 5423 φνάι
272 5400 287 5414 .

224 5432 313 5514 (5ξ
342 5429 477 5514 :I'ob.
509 5447 613 5514 ιλιι,
640 5433 693 5487 7.
719 5434 821 5514 sed
848 5440 988 5514 apt_I_d
1012 5438 1156 5514 LXX
1179 5442 1747 5514 ΙθιξίιιιιιεΑΜυστήριον

62 5501 433 5583 peculi-fui;
470 5502 632 5583 καλὸν
666 5501 897 5583 κρρψαιξ
928 5501 1246 5583 Epltrztftuus
1289 5512 1341 5583 in
1384 5501 1740 5568 Eitcont."Ba-

58 5573 211 5651 ξεί-Ι
229 5608 249 5623 .
279 5573 549 5651 κρύπτειν
577 5573 674 5651 μὲν
834 5577 940 5651 τάξ
965 5573 1155 5651 βουλὰς
1180 5581 1289 5651 τῶν
1323 5582 1609 5651 βασιλέων,
1644 5602 1745 5636 κα-

52 5641 682 5720 λότῌμψωλςυιοι.
715 5641 860 5720 Mori.
894 5641 1078 5702 ECGr.
1115 5641 1151 5703 ιζ
1187 5650 1272 5713 lll,
1398 5654 1513 5720 54.)

226 5712 317 5781 (6)
358 5712 415 5763 lu
456 5711 702 5791 Vulgatis
753 5717 1017 5792 habemus
1053 5735 1064 5771 :
1106 5721 1213 5787 Ego
1258 5711 1322 5773 os.
1351 5711 1506 5792 regis
1534 5724 1748 5778 observo

41 5796 166 5851 ει
232 5792 506 5851 praecepta
542 5787 837 5850 juramenti
884 5787 976 5841 Dei
1001 5806 1017 5842 .'
1048 5807 1168 5859 quze
1220 5787 1427 5846 melius
1471 5794 1749 5850 lleln'aieis

1843 3076 1935 3139 rit,
1964 3075 2145 3144 faciet,
2190 3078 2328 3130 sicut
2370 3076 2608 3146 loquitur
2642 3093 2734 3131 rex
2761 3084 3081 3147 potestatem
3109 3075 3345 3141 habens;
3373 3087 3423 3133 et

1769 3205 1812 3263 Ω
1844 3168 1961 3263 quis
1988 3168 2125 3221 dicet
2159 3168 2208 3221 ei
2232 3182 2251 3220 :
2284 3166 2428 3263 Quid
2460 3168 2595 3263 focis
2629 3168 2749 3239 (4)?

1915 3258 2213 3328 Postquam
2245 3260 2554 3321 admonuit,
2590 3266 2650 3313 ut
2681 3274 2838 3315 veras
2868 3259 2934 3315 de
2966 3259 3078 3313 Deo
3126 3260 3425 3314 sententias

1847 3358 2119 3415 tueamur,
2159 3363 2223 3404 ac
2256 3364 2325 3403 ne
2364 3350 2581 3418 pietatis
2623 3349 2917 3419 imaginem
2951 3351 3229 3405 indecoris
3270 3348 3424 3403 fuca-

1846 3445 2023 3510 tisque
2052 3457 2242 3496 eorum
2272 3440 2551 3496 coloribus
2592 3440 2985 3505 deformemus,
3028 3442 3123 3510 qui
3156 3457 3215 3496 se
3246 3451 3420 3494 astror

1845 3534 2001 3603 logia:
2049 3533 2277 3588 calculis
2335 3531 2699 3599 dediderunt,
2754 3534 2944 3603 utique
3000 3535 3302 3588 sentiamus
3364 3550 3427 3586 ac

1845 3627 2203 3697 proﬁteamur
2250 3642 2414 3682 unam
2462 3642 2583 3683 esse
2640 3628 2939 3698 principem
2995 3638 3268 3688 naturam,
3305 3642 3427 3696 qut

1847 3718 2003 3772 initio
2048 3719 2234 3772 omnia
2281 3720 2556 3788 sapienter
2602 3730 2767 3789 atque
2803 3721 3011 3774 utiliter
3058 3720 3345 3778 erdiuarit,
3375 3731 3428 3771 et

1846 3808 2117 3862 voluntati
2150 3809 2420 3879 cujusque
2464 3811 2676 3875 datum,
2712 3824 2771 3865 ut
2808 3811 2863 3864 iu
2898 3822 3188 3880 utramque
3218 3820 3424 3879 partem

1848 3899 2112 3954 inclinare
2172 3917 2231 3955 se
2282 3910 2487 3970 pessot,
2550 3912 2659 3957 tam
2715 3904 2782 3958 ad
2831 3919 2894 3958 ea
2944 3919 3136 3973 nempe
3194 3920 3315 3973 qua:
3372 3921 3425 3957 ιιι

1848 3990 2007 4046 nobis
2036 3999 2186 4059 sunt,
2212 4008 2376 4061 quam
2407 4008 2530 4062 quae
2577 3993 2630 4045 in
2676 3993 2835 4048 nobis
2872 4009 2978 4048 non
3016 4005 3142 4049 sunt
3171 4014 3182 4049 z
3213 3996 3324 4063 jam
3361 3994 3427 4047 ad

1848 4079 2073 4133 alteram
2121 4081 2550 4135 admonitionem
2599 4081 2815 4145 transit,
2866 4091 2923 4135 et
2962 4083 3263 4135 cavendum
3295 4096 3430 4148 prte-

1849 4172 2056 4236 scribit,
2104 4188 2173 4226 ne
2209 4187 2446 4241 utiquam
2492 4172 2634 4242 regis
2675 4174 2820 4227 dicta
2857 4172 3141 4241 vulgemus
3179 4192 3189 4224 :
3223 4189 3288 4225 ne
3335 4172 3429 4239 qui

1849 4262 1953 4317 hoc
1992 4262 2203 4327 fecerit,
2245 4263 2505 4324 offendat,
2546 4279 2802 4333 magnum
2840 4264 2987 4317 nulla
3021 4266 3255 4318 utilitate
3288 4264 3430 4333 peri-

1850 4354 2032 4406 eulum
2060 4352 2271 4407 subeat.
2304 4351 2672 4417 Quamobrem
2697 4353 2939 4418 quodam
2982 4353 3033 4405 in
3067 4354 3187 4405 loco
3217 4352 3429 4406 divina-

1850 4460 1971 4497 rum
2000 4443 2327 4498 Litterarum
2362 4445 2413 4497 id
2452 4458 2672 4513 quoque
2701 4454 2878 4499 exstat
2907 4446 3187 4501 oraculum
3220 4463 3233 4498 :
3266 4462 3284 4494 ι
3316 4440 3428 4514 My-

1779 4552 1822 4608 D
1853 4534 2079 4588 stet-ium
2111 4534 2255 4603 regis
2286 4534 2563 4588 custodire
2598 4535 2797 4588 bonum
2826 4544 2909 4588 est
2938 4534 3013 4605 (5)
3069 4553 3087 4585 ι

1922 4620 2182 4675 Hortatur
2231 4620 2460 4686 deinde,
2526 4638 2595 4677 ne
2653 4624 2946 4695 quisquam
3003 4623 3178 4677 facilis
3229 4624 3302 4678 sit
3362 4624 3429 4678 ad

1841 4713 2264 4783 jusjurandum,
2313 4728 2445 4767 neve
2505 4714 2664 4775 ferat,
2722 4726 2778 4769 ut
2830 4716 3013 4784 lingua
3059 4716 3112 4768 in
3162 4716 3428 4785 proximis

1848 4805 2187 4875 alloquendis
2229 4803 2323 4859 Dei
2359 4820 2556 4859 nomen
2594 4817 2797 4861 temere
2831 4808 2975 4862 ciere
3017 4818 3299 4862 assuescat
3328 4808 3422 4877 (6).

1845 4896 1900 4951 Id
1923 4906 2105 4951 autem
2139 4897 2412 4967 geminam
2450 4898 2614 4951 habet
2648 4888 3126 4967 significationem,
3176 4914 3243 4953 ne
3279 4901 3432 4953 scili-

1846 4999 1933 5045 cet
1966 4990 2020 5043 in
2048 4988 2146 5044 Dei
2178 4989 2423 5055 nomine,
2457 4990 2775 5060 quicunque
2810 5006 2868 5046 se
2896 5001 3190 5060 piat-textus
3213 4991 3424 5055 offerat,

1845 5164 2197 5233 respondent,
2223 5176 2276 5219 et
2302 5166 2441 5219 hanc
2468 5168 2793 5220 sententiam
2827 5168 3111 5222 continere
3137 5169 3421 5224 videatur:

1848 5235 2105 5303 Equidem
2147 5244 2257 5305 tam
2313 5246 2632 5304 prwccptum
2687 5238 2819 5304 regis
2869 5238 3183 5291 servandum
3222 5255 3424 5305 censeo,

1845 5321 2002 5375 quant
2023 5304 2161 5373 quod
2190 5304 2299 5357 Deo
2314 5306 2638 5373 jurarimus.
2669 5306 2764 5360 Vel
2807 5309 2969 5362 etiam
3014 5310 3210 5362 docent
3240 5304 3429 5364 sancte

1848 5376 2175 5428 servandum
2205 5377 2348 5442 regis
2379 5387 2730 5443 praeceptum,
2756 5394 2880 5431 eum
2919 5380 3262 5435 subditorum
3295 5382 3427 5434 fides

1842 5445 2202 5515 jurejurando
2235 5446 2471 5513 obligata
2502 5447 2611 5513 regi
2646 5448 2735 5502 sit.
2774 5452 2840 5502 At
2864 5447 3061 5503 Noster
3089 5448 3231 5501 LXX
3263 5451 3424 5510 inter:

1852 5526 2032 5584 pretes
2096 5518 2368 5583 sequitur,
2415 5524 2470 5570 et
2497 5533 2619 5583 qtae
2659 5520 2708 5571 in
2742 5534 2935 5571 eorum
2981 5520 3160 5573 verbis
3202 5522 3423 5581 eminet,

1856 5585 2179 5658 sententiam
2227 5587 2468 5653 exponit.
2508 5590 2872 5656 Symmachus
2916 5590 3228 5658 liabetzltliq
3260 5591 3426 5645 σπεύο

1858 5672 1977 5729 σῃς,
2003 5656 2147 5729 quod
2177 5658 2367 5729 eodem
2400 5658 2610 5729 recidit.
2648 5658 2773 5712 Sive
2804 5660 2947 5713 enim
2980 5661 3126 5728 legas
3153 5656 3226 5729 μῆ
3255 5675 3427 5713 σπου-

1856 5726 2046 5795 δὰσῃς,
2084 5727 2201 5779 sive
2232 5727 2306 5795 μὴ
2332 5727 2593 5797 σπεύσῃς,
2629 5730 2761 5784 ιιιαά
2797 5726 3107 5793 monemur,
3144 5726 3213 5783 ne
3244 5732 3308 5785 ad
3338 5732 3428 5799 juo

1861 5804 2089 5851 randum
2116 5799 2385 5866 proclives
2413 5799 2609 5856 simus.
