4166 6434
198 398 333 463 1015

1221 402 1301 462 IN
1364 401 1942 462 ECCLESIASTEN.
1978 428 2045 438 τ·-
2098 404 2246 463 LIB.
2288 404 2419 467 VII.

3311 400 3458 465 1016

192 504 297 559 τοῦ
317 504 514 574 σοφοῦ
542 504 842 576 δεδήλωκεν
867 503 1186 575 ὀνομασίας,
1216 507 1289 572 ώς
1316 510 1350 579 ἡ
1372 509 1589 563 δοθεῖσα
1620 509 1770 577 παρά

1900 511 2022 566 ioue
2074 512 2402 581 significavit
2440 534 2453 566 ι
2496 510 2706 577 Sciant,
2753 512 3000 581 inquam,
3050 512 3116 565 de
3178 512 3456 576 mandato,

192 611 337 660 τινος
362 596 551 667 δντολὴ
578 598 770 668 καιρὸν
799 598 931 652 ἴδιον
957 598 1069 662 ἕξει
1099 603 1199 670 τῆς
1222 599 1479 671 κρίσεωλ,
1511 603 1569 654 ὲν
1601 594 1645 669 ᾧ
1673 600 1770 670 λή-

193 688 358 759 ψεται
393 690 491 754 τὰς
536 690 811 755 ἐξετάσεις
859 695 956 747 καὶ
984 695 1081 758 τὰς
1114 673 1340 763 ἕρεύνας
1366 694 1466 763 τῆς
1506 695 1646 748 κατὰ
1679 693 1775 763 τὴν

194 780 416 852 ἐντολὴν
443 781 685 851 δηλονότι
719 783 970 855 φυλακῆς
1001 784 1033 854 ἦ
1064 783 1450 854 παραϐάσεως.
1471 785 1592 837 Ὅτι
1615 785 1779 836 παντὶ

196 873 484 945 πράγματι
518 874 888 946 πληρουμένῳ
918 876 986 929 δι’
1020 875 1245 945 ὲντολῆς
1279 874 1340 939 ἐξ
1372 875 1620 945 ἀνάγκης
1649 878 1778 929 ἀκοο

196 964 378 1019 λουθεί
394 967 583 1037 καιρὸς
605 968 908 1034 ἐξετάσεως
936 970 1030 1023 καὶ
1059 969 1294 1041 κρίσεως
1323 968 1457 1039 πρὸς
1476 968 1778 1039 ἀντάληψιν

196 1057 468 1128 ἀποδοχῆς
496 1059 530 1129 ἦ
565 1059 887 1129 καταδίκης.

266 1150 659 1221 Παρεγγυάται
692 1150 873 1206 τοίνυν
915 1150 1015 1215 τὰς
1050 1152 1345 1224 δεδομένας
1379 1154 1621 1218 ἐντολὰς,
1656 1154 1779 1209 ὅθεν

197 1241 264 1295 ἂν
286 1241 553 1312 εὑρεθῶσι
583 1242 879 1313 διδόμεναι,
908 1244 1198 1312 φυλάττειν
1226 1245 1283 1313 ἐξ
1310 1230 1578 1311 άπαντος,
1609 1248 1697 1301 διὰ
1720 1248 1780 1301 τὸ

201 1333 517 1403 μένειν-τὴν
553 1333 699 1405 ζωὴν
728 1335 821 1388 τοῦ
848 1336 1108 1401 λαϐόντος
1142 1342 1244 1407 τὴν
1273 1340 1513 1411 ἐντολὴν,
1545 1341 1780 1411 ἀπείρα-

199 1442 325 1477 στον
370 1426 466 1477 καὶ
503 1427 685 1495 πάσης
720 1426 902 1497 λώϐης
940 1428 1032 1481 καὶ
1069 1429 1343 1500 τιμωρίας
1390 1432 1676 1502 ἀμέτοχον.
1724 1433 1782 1485 '0

197 1520 309 1589 γάρ
353 1519 737 1589 ὲντελλόμενός
772 1537 883 1573 τισι
921 1520 1123 1588 μείζων
1162 1520 1393 1593 εὓρηται
1430 1523 1650 1586 πάντως
1684 1524 1780 1577 καὶ

199 1609 467 1681 κρείττων
505 1610 615 1663 τῶν
660 1610 1000 1681 δεδεγμένων
1044 1612 1137 1664 καὶ
1178 1612 1451 1668 λαϐόντων
1498 1614 1685 1685 αὐτὴν,
1731 1616 1777 1668 εί

200 1703 296 1756 καὶ
330 1701 439 1755 τῶν
472 1702 879 1772 ὲντελλομένων
911 1703 1045 1756 πολὺ
1093 1704 1229 1775 πρὸς
1257 1704 1519 1776 ἀλλήλους
1550 1704 1779 1776 εὓρηται

199 1796 261 1848 τὸ
288 1795 544 1866 διάφορον
564 1811 579 1827 ο
608 1795 705 1848 καὶ
731 1796 950 1859 πάντως
980 1796 1479 1867 εἰσπραχθήσονται
1509 1797 1663 1860 δίκας
1687 1799 1779 1851 εύ-

1876 604 2023 674 quod
2071 605 2194 676 quis
2243 605 2310 658 ab
2362 603 2546 672 aliquo
2592 604 3202 674 acceperit,-judieiutn
3263 603 3458 656 idoneo

1877 707 2120 765 tempore
2151 696 2417 762 futurum,
2463 697 2519 750 in
2550 711 2660 765 quo
2706 697 3013 767 inquiretur
3044 705 3207 764 atque
3242 694 3461 748 investi.

1878 788 2117 857 gabitur,
2137 796 2407 856 quatenus
2425 785 2745 839 mandatum
2770 786 3104 839 custoditum
3132 785 3461 838 violatumve

1881 879 2067 935 fuerit.
2117 878 2331 948 Quippe
2365 894 2480 933 rem
2522 877 2826 948 quamlibet
2865 894 2927 931 ex
2971 886 3240 946 praecepto
3282 877 3461 947 perfe-

1881 980 2023 1026 ctam
2066 970 2382 1027 necessario
2410 979 2621 1040 tempus
2664 969 3023 1038 consequitur
3055 970 3377 1038 quarstionis
3406 978 3461 1023 et

1876 1062 2093 1132 judieii,
2126 1069 2185 1116 ut
2215 1060 2500 1130 prtemium
2538 1059 2741 1114 feratur
2768 1066 2862 1114 aut
2894 1074 3075 1130 poena.

1956 1152 2217 1207 Ilortatur
2237 1151 2427 1222 igitur,
2461 1158 2521 1204 ut
2550 1160 2769 1219 accepta
2796 1151 3074 1213 mandata,
3102 1150 3462 1219 undecunque

1883 1246 2009 1301 data
2061 1246 2190 1308 sint,
2247 1244 2472 1296 omnino
2514 1257 2818 1308 servemus,
2861 1257 2971 1311 quo
3018 1243 3123 1296 vita
3176 1241 3316 1311 ejus,
3366 1242 3457 1310 qui

1884 1336 2204 1390 mandatum
2253 1335 2544 1403 acceperit,
2588 1335 2792 1388 intacta
2826 1344 3062 1397 maneat,
3095 1343 3146 1386 et
3176 1333 3461 1387 dedecoris

1885 1438 2047 1498 atque
2072 1442 2247 1497 poenae
2278 1426 2537 1480 immunis
2578 1426 2669 1480 sit.
2700 1424 2836 1479 Nam
2866 1424 2958 1494 qui
2987 1425 3108 1479 aliis
3144 1425 3458 1478 mandatum

1883 1519 1997 1585 dat,
2053 1518 2228 1588 major
2279 1517 2439 1587 plane
2492 1525 2659 1586 atque
2703 1514 3052 1586 praestantior
3099 1516 3167 1569 iis
3213 1524 3316 1580 est,
3369 1517 3460 1584 qui

1882 1614 2071 1669 datum
2131 1621 2497 1680 acceperunt:
2532 1621 2673 1675 esto,
2736 1609 2879 1663 inter
2929 1626 3024 1664 eos
3075 1624 3311 1679 quoque,
3369 1610 3461 1677 qui

1885 1703 2243 1776 prazcipiunt,
2302 1702 2640 1757 discriminis
2694 1716 2803 1754 non
2859 1716 3052 1771 parum
3109 1701 3459 1755 inveniatur:

1886 1798 2073 1865 itaque
2122 1794 2216 1864 qui
2272 1794 2528 1849 mandata
2580 1807 2839 1863 accepere
2874 1792 2981 1859 iis,
3020 1793 3114 1863 qui
3163 1792 3461 1856 dederunt,

201 1887 409 1957 καίρως
439 1888 545 1941 ὑπὸ
569 1887 679 1941 τῶν
713 1888 1025 1942 δεδωκότων
1047 1889 1144 1952 τὰς
1179 1890 1398 1953 ἐντολάς
1423 1892 1470 1943 οἱ
1493 1890 1773 1954 λαϐόντες.

1892 1896 2198 1959 opportuno
2230 1896 2470 1957 tempore
2491 1887 2714 1941 omnino
2743 1902 2931 1957 pinnas
2955 1886 3183 1952 dabunt,
3218 1896 3457 1957 propter-

203 1977 314 2030 Καὶ
360 1976 450 2031 διὰ
493 1977 656 2031 τοῦτο
692 1977 1019 2043 σπουδάζειν
1049 1980 1157 2050 χρὴ
1199 1981 1296 2033 καὶ
1327 1980 1435 2035 τῶν
1464 1980 1784 2035 δεδωκότων

201 2070 483 2141 ἀρχόντων
514 2070 609 2125 καὶ
639 2070 908 2142 βασιλέων
941 2073 1035 2125 καὶ
1073 2071 1278 2140 γονέων
1322 2073 1416 2126 καὶ
1447 2072 1784 2128 διδασκάλων

200 2164 272 2216 τὰ
303 2164 656 2234 Θεσπίσματα
686 2165 979 2232 φυλάττειν
1006 2165 1065 2232 ἐξ
1096 2165 1356 2232 ἅπαντος,
1394 2168 1487 2220 καὶ
1517 2166 1697 2236 πολλῷ
1728 2165 1784 2219 δὲ

206 2255 410 2326 μᾶλλον
464 2255 558 2309 τοῦ
617 2258 842 2327 ποιητοῦ
896 2260 993 2313 καὶ
1037 2259 1173 2313 Θεοῦ
1227 2260 1322 2313 καὶ
1367 2260 1628 2313 δεσπότου
1676 2258 1785 2312 τῶν

201 2347 337 2400 ὅλων
360 2363 371 2375 ·
405 2348 491 2428 ίνα
517 2350 612 2403 καὶ
638 2351 738 2422 τὴν
771 2351 1071 2422 εὐμάρειαν
1097 2352 1192 2406 τοῦ
1229 2353 1348 2424 βίου
1388 2352 1571 2421 σφίσιν
1604 2351 1786 2415 αὐτοῖς

202 2440 252 2492 οἱ
285 2439 657 2509 φυλάσσοντες
680 2444 1124 2514 πρυτανεύσωσι,
1164 2447 1260 2499 καὶ
1293 2444 1576 2510 τεύξονται
1606 2443 1663 2497 δὲ
1693 2443 1789 2498 καὶ

201 2531 312 2583 τῶν
352 2533 693 2605 ἐπουρανίων
740 2536 832 2587 καὶ
863 2534 1187 2607 θεοπρεπῶν
1225 2537 1568 2591 ἀντιδόσεων.
1608 2534 1789 2589 Ἐντο-

202 2624 303 2689 λὴν
332 2622 390 2676 δέ
429 2641 593 2695 φησιν
638 2626 666 2678 ὁ
700 2626 857 2695 λόγος
890 2627 989 2698 τὴν
1026 2628 1258 2699 ἔχουσαν
1290 2628 1352 2682 τὺ
1382 2628 1498 2697 φῶς
1526 2629 1625 2697 τῆς
1659 2627 1791 2697 ἀλη-

204 2714 354 2777 θείας
385 2718 481 2769 καὶ
510 2720 609 2787 τῆς
639 2718 1014 2791 δικαιοσύνης,
1052 2722 1172 2792 οὐχὶ
1202 2721 1300 2793 τὴν
1339 2723 1431 2775 ἐπὶ
1472 2724 1586 2785 τοῖς
1609 2721 1791 2793 χειρί-

207 2823 353 2870 στοις
402 2807 507 2861 ὑπό
537 2827 697 2863 τινων
726 2811 946 2878 φαύλων
986 2814 1080 2867 καὶ
1127 2814 1422 2886 μοχθηρῶν
1468 2814 1781 2887 γινομένην.

204 2892 342 2955 Εἶτά
372 2917 535 2970 φησιν
565 2902 593 2953 ὁ
628 2901 1058 2973 Ἐκκλησιαστης
1081 2920 1093 2933 ·

1881 1997 1944 2050 ea
1979 1997 2127 2037 cura:
2169 1996 2294 2037 esse
2335 1980 2517 2043 debet,
2556 1989 2616 2034 ut
2660 1995 2782 2050 quae
2835 1995 2866 2033 a
2916 1979 3328 2050 magistratibus
3374 1989 3467 2033 aut

1882 2075 2105 2145 regibus
2162 2084 2256 2129 aut
2306 2072 2627 2143 parentibus
2679 2082 2774 2126 aut
2821 2072 3100 2143 magistris
3147 2081 3464 2142 praescripta

1884 2166 2109 2231 fuerint,
2146 2165 2213 2221 ad
2259 2163 2529 2219 amussim
2568 2179 2885 2231 servemus;
2921 2164 3089 2218 multo
3119 2178 3246 2217 vero
3288 2163 3463 2231 magis

1881 2277 2001 2332 qua:
2032 2262 2101 2316 ab
2132 2270 2355 2315 auctore
2390 2269 2443 2315 et
2471 2259 2579 2315 Deo
2611 2260 2953 2327 Dominoque
2996 2258 3237 2314 universi
3266 2277 3278 2311 :
3307 2266 3365 2313 ut
3397 2259 3466 2312 iis

1885 2353 2198 2414 custoditis,
2247 2353 2372 2406 vita:
2411 2350 2729 2405 facilitatem
2771 2352 2931 2406 nobis
2964 2365 3369 2420 comparemus,
3410 2362 3467 2403 et

1885 2445 2128 2502 caelestia
2165 2444 2329 2499 simul
2374 2459 2438 2498 ac
2477 2444 2661 2497 divina
2694 2443 2916 2511 praemia
2958 2458 3338 2511 assequamur.
3371 2440 3467 2495 Est

1885 2547 2067 2591 autem
2112 2535 2200 2589 hic
2229 2549 2411 2588 sermo
2440 2533 2507 2588 de
2548 2533 2807 2586 mandato
2839 2532 3015 2586 lucem
3062 2532 3295 2585 habente
3322 2532 3466 2584 veri—

1885 2630 2015 2685 tatis
2047 2638 2211 2697 atque
2236 2626 2483 2697 iustitiae,
2532 2640 2639 2679 non
2676 2628 2743 2678 de
2790 2638 2878 2689 eo,
2913 2624 3058 2693 quod
3098 2622 3467 2693 pessimarum

1886 2736 2071 2777 rerum
2103 2735 2271 2775 causa
2299 2736 2326 2772 a
2366 2720 2523 2773 malis
2558 2717 2887 2785 quibusdam
2913 2726 2967 2771 et
2997 2717 3263 2787 improbis
3290 2717 3468 2785 profe-

1894 2826 2040 2870 ctum
2069 2814 2159 2868 sit.
2194 2812 2283 2865 Ait
2312 2809 2505 2865 deinde
2541 2807 2897 2865 Ecclesiastes
2928 2828 2940 2863 :

1778 3024 1899 3095 §x.

281 3109 407 3161 Ὀτι
438 3109 660 3178 γνῶσις
706 3112 813 3166 τοῦ
842 3112 1157 3183 ἀνθρώπου
1186 3114 1390 3182 πολλὴ
1440 3115 1534 3169 ἐπ’
1566 3116 1782 3170 αὐτόν’

1964 3114 2129 3169 νειιε.
2161 3110 2214 3165 6.
2259 3110 2399 3175 Quia
2426 3109 2648 3161 scientia
2678 3107 2909 3162 hominis
2938 3106 3107 3159 multa
3139 3122 3294 3174 super
3316 3122 3430 3159 cuin
3452 3144 3469 3170 ,

208 3200 294 3254 ὅτι
318 3203 430 3255 οὐκ
459 3202 591 3255 ἔστι
621 3203 930 3272 γινώσκων
956 3207 1013 3259 τί
1041 3207 1108 3260 τὸ
1129 3207 1447 3277 ἐσόμενον,
1475 3207 1564 3261 ὅτι
1595 3208 1789 3274 καθὼς

206 3294 402 3356 ἔσται,
424 3296 514 3362 τίς
543 3297 869 3366 ἀναγγελεῖ
885 3300 1081 3365 αὑτῷὶ

278 3389 392 3450 Τάς
422 3392 863 3458 προφασιστικὰς
894 3393 1074 3457 αἰτίας
1098 3394 1317 3464 ἀναιρεῖ
1343 3393 1454 3446 τῶν
1480 3393 1791 3463 λαμϐανόν-

205 3500 316 3535 των
346 3483 444 3546 τάς
477 3485 715 3547 ἐντολὰς,
751 3487 879 3555 παρ’
910 3478 986 3537 ὧν
1021 3486 1086 3539 ἂν
1110 3487 1208 3539 καὶ
1232 3486 1462 3543 λάϐωσι,
1488 3487 1583 3538 καὶ
1621 3485 1793 3555 μηδα-

211 3574 330 3641 μῶς
356 3574 669 3644 τηρούντων
701 3576 797 3628 καὶ
830 3576 1207 3643 φυλαττόντων
1228 3591 1246 3608 ⁸
1276 3578 1370 3630 καὶ
1394 3577 1471 3647 τῷ
1496 3594 1588 3630 και
1596 3576 1674 3646 ρῷ
1698 3580 1793 3644 τῆς

208 3666 446 3734 κρίσεως
495 3667 589 3719 καὶ
631 3668 729 3735 τῆς
764 3668 1069 3732 ἐξετάσεως
1101 3668 1199 3737 τὴν
1238 3668 1505 3737 ἀνάλογον
1536 3670 1795 3737 κατάκρι-

210 3773 295 3807 σιν
346 3756 709 3825 δεδεγμένων,
760 3758 860 3826 τῆς
914 3758 1232 3829 ἀθετήσεως
1286 3760 1382 3813 καὶ
1429 3760 1795 3832 παραϐάσεως

206 3849 453 3911 ἄγνοιαν.
484 3848 516 3919 ἢ
549 3849 648 3918 τῆς
676 3849 887 3903 ἑαυτῶν
925 3850 1167 3914 διανοίας
1204 3852 1487 3921 ἀφέλειαν,
1517 3853 1549 3922 ἦ
1589 3853 1717 3906 ἄλλο
1743 3869 1795 3904 τι

204 3936 319 3989 τῶν
358 3938 766 4008 παραπλησίων
797 3941 1069 3996 εἰωθότων
1098 3943 1299 4012 λέγειν,
1330 3946 1439 3997 τῶν
1472 3946 1570 4009 τάς
1600 3946 1796 3999 (molo-

206 4029 333 4095 γίας
358 4030 415 4081 ἐν
444 4030 520 4099 τῷ
544 4032 974 4100 κατακρίνεσθαι
1011 4037 1372 4105 ποιουμένων.
1406 4038 1498 4107 Μὴ
1528 4046 1636 4109 γάρ
1664 4054 1797 4107 προ-

205 4120 442 4191 φασὶσῃ,
470 4122 655 4193 φησὶν,
687 4121 912 4190 ἄγνοιαν
954 4125 1012 4177 ὲν
1042 4126 1121 4195 τῷ
1150 4116 1225 4197 μῆ
1257 4127 1489 4197 φυλάξαι
1520 4130 1618 4193 τὴν
1646 4132 1796 4182 ἐντο-

205 4211 325 4280 λὴν,
364 4212 430 4281 ἢν
470 4212 620 4283 παρὰ
646 4212 739 4265 τοῦ
779 4213 1025 4283 μείζονος
1048 4216 1142 4269 καὶ
1179 4218 1486 4288 κρείττονος
1528 4220 1756 4288 εἴληφας
1779 4235 1792 4248 ⁸

205 4302 483 4375 εύρεθήτῃ
531 4304 640 4374 γάρ
675 4305 773 4372 τῆς
808 4304 1068 4373 ἀληθείας
1095 4306 1590 4377 καταψευδόμενος.
1624 4311 1701 4363 Δι’
1731 4312 1797 4380 ἣν

204 4394 423 4461 aitiav;
462 4415 479 4446 (
515 4396 639 4447 Ὀτι
679 4395 883 4465 γνῶσις
917 4396 1011 4449 τοῦ
1055 4398 1344 4468 ἀνθρώπου
1383 4400 1551 4470 πολλὴ
1580 4402 1664 4453 ἐπ’
1696 4403 1796 4454 αὐ-

1892 3210 2018 3278 quia
2046 3224 2148 3260 non
2170 3214 2269 3267 est,
2297 3206 2387 3275 qui
2411 3213 2714 3273 cognoscat,
2744 3200 2870 3270 quid
2896 3201 3134 3269 futurum
3163 3202 3235 3253 sit
3254 3201 3476 3270 :quippe

1893 3301 2029 3354 sicut
2055 3300 2178 3361 erit,
2206 3300 2322 3369 quis
2352 3295 2689 3349 aununtiabit
2714 3294 2760 3346 ei
2784 3292 2902 3363 t9)?

1978 3392 2281 3446 Pra-textus
2340 3397 2395 3442 et
2438 3384 2822 3440 excusationes
2872 3386 3068 3439 evertit
3118 3399 3333 3449 eorum,
3384 3385 3475 3451 qui

1896 3496 2115 3554 accepta
2162 3483 2440 3543 mandata,
2487 3481 2799 3548 quicunque
2839 3494 2901 3532 ea
2941 3477 3210 3532 dederint.
3255 3477 3478 3530 minime

1897 3588 2116 3633 servant
2160 3584 2254 3629 aut
2287 3573 2641 3637 custodiunt;
2674 3587 2911 3640 cumque
2937 3571 3131 3640 judicii
3167 3580 3219 3624 et
3252 3569 3481 3635 inquisi-

1900 3672 2069 3724 tionis
2097 3677 2312 3735 tempus
2358 3664 2660 3727 advenerit,
2710 3678 2820 3732 quo
2849 3663 3041 3715 merita
3096 3676 3257 3731 pmna
3304 3660 3478 3715 afiecti

1899 3762 2051 3819 sint,
2113 3756 2341 3825 neglecti
2403 3754 2699 3822 violatique
2755 3753 2915 3805 oliicii
2969 3753 3330 3819 ignorantiam
3391 3762 3483 3805 aut

1899 3850 2101 3905 mentis
2160 3863 2274 3901 sua:
2335 3845 2743 3914 simplicitatem
2800 3844 2881 3896 vel
2938 3843 3100 3913 295
3146 3843 3292 3898 aliud
3352 3842 3481 3911 quid

1902 3938 2214 4009 hujusntodi
2267 3937 2511 4006 proferre
2568 3936 2767 3998 solent,
2809 3951 2920 4003 quo
2945 3950 3025 3996 se,
3054 3936 3183 3987 dum
3215 3935 3478 3989 condem-

1897 4043 2119 4095 nautur,
2168 4030 2350 4100 aliqua
2398 4028 2609 4083 ratione
2650 4025 2963 4080 defendant.
2991 4024 3066 4079 Ne
3089 4027 3257 4091 enim,
3285 4026 3483 4095 inquit,

1900 4126 2267 4196 ignorantiam
2299 4130 2568 4190 praetean
2591 4119 2656 4173 ad
2693 4119 3057 4188 patrocinium
3086 4133 3193 4171 non
3226 4119 3484 4172 custoditi

1902 4211 2166 4275 mandati,
2196 4211 2340 4279 quod
2370 4225 2398 4262 a
2428 4208 2637 4277 majore
2678 4219 2733 4261 et
2763 4210 3142 4276 prmsmntiore
3182 4207 3439 4276 accepisti
3472 4226 3484 4257 :

1898 4304 2184 4355 veritatem
2211 4303 2357 4354 enim
2390 4300 2615 4353 minime
2639 4316 2667 4353 a
2704 4309 2755 4353 te
2780 4310 2947 4365 stare,
2983 4301 3276 4353 constabit.
3312 4299 3486 4363 Quam

1900 4396 1970 4448 oh
2022 4393 2284 4448 causam?
2317 4412 2334 4445 ι
2369 4392 2507 4458 Quia
2556 4393 2781 4447 scientia
2831 4391 3071 4445 hominis
3114 4390 3281 4445 multa
3324 4406 3488 4461 super

206 4486 328 4546 τὸν,
372 4504 391 4537 ι
426 4488 674 4540 τουτέστι
708 4490 786 4549 είς
812 4489 880 4541 τά
916 4490 1267 4558 συμφέροντα
1296 4491 1392 4543 καὶ
1419 4492 1671 4562 λυσιτελῆ
1702 4495 1790 4563 τῆς

1905 4502 2051 4547 eum,
2091 4505 2108 4537 ι
2145 4486 2196 4538 id
2243 4493 2349 4545 est.
2398 4486 2462 4537 ad
2511 4500 2573 4537 ea
2622 4484 3003 4553 co;;uoscentla
3049 4500 3170 4550 ιιυιο
3209 4484 3332 4536 vine
3376 4499 3490 4538 sure

210 4577 351 4639 ἰδίας
398 4576 566 4647 ζωῆς.
628 4579 739 4630 Καὶ
800 4579 980 4648 μάτην
1024 4580 1139 4648 ἐρεῖ
1188 4597 1311 4643 τιςο
1349 4583 1463 4645 Οῲκ
1512 4583 1681 4653 ᾔδειν,
1730 4585 1804 4646 ὡς

209 4670 693 4739 κατακριθήσομαι
749 4671 824 4739 μὴ
866 4669 1108 4737 φυλάξας
1138 4672 1239 4741 τὴν
1270 4674 1514 4742 ἐντολήν.
1556 4676 1803 4742 ESSE?-

206 4762 367 4829 χετάι
408 4759 519 4829 γὰρ
564 4759 871 4827 γινώσκων,
932 4761 1006 4822 ὡς
1065 4763 1172 4823 πᾶς
1227 4761 1516 4834 ἄνθρωπος
1563 4765 1662 4835 τὴν
1717 4766 1805 4818 δε-

205 4851 446 4920 δομένην
494 4850 642 4919 α’)τῷ
706 4850 781 4921 μὴ
827 4851 1070 4918 φυλάξας
1114 4852 1355 4922 ἐντολὴν,
1404 4855 1683 4923 ἀναλόγως
1736 4860 1801 4927 τῇ

207 4940 424 5009 ταύτης
488 4941 801 5012 παραϐάσει
854 4940 953 5012 τὴν
1001 4942 1157 5011 δίκην
1193 4942 1306 5008 ἕξει
1356 4945 1448 4998 καὶ
1485 4945 1585 5011 τὴν
1630 4949 1803 5000 κατά-

209 5049 418 5086 κοισιν.

292 5212 368 5277 (9)
410 5211 625 5283 Olymp.
649 5250 699 5267 ..
732 5254 745 5267 .

215 5298 402 5351 μενον.

292 5353 402 5415 (10)
440 5352 913 5428 Diversamplane
940 5357 1267 5411 sententiam
1300 5358 1521 5411 exhibet
1554 5356 1801 5428 Symma-

209 5422 377 5485 chus,
398 5425 496 5498 qui
529 5425 707 5498 locum
738 5422 889 5498 hunc
914 5428 995 5498 sic
1023 5430 1297 5481 transtulit.
1332 5444 1344 5482 :
1387 5428 1449 5480 'H
1481 5422 1799 5498 γάρ’κάκω-

212 5510 306 5567 σις
333 5493 423 5567 τού
455 5494 743 5564 ἀνθρώπου
775 5496 948 5567 πολλὴ
982 5498 1104 5551 κατ’
1124 5498 1321 5551 αὐτοῦ·
1359 5499 1407 5551 id
1438 5493 1798 5562 esthexatio

209 5563 355 5616 enim
384 5563 611 5619 hominis
645 5566 815 5620 multa
844 5563 1132 5621 est'contra
1154 5569 1361 5633 ipsum;
1395 5580 1449 5623 ιιι
1497 5570 1636 5621 hanc
1684 5586 1799 5621 ant-

214 5636 417 5708 plestts
457 5637 583 5689 item
628 5647 711 5690 est
748 5637 977 5692 Latinus
1014 5639 1303 5708 interpres.
1354 5641 1445 5705 qui
1488 5641 1693 5693 habet:
1733 5639 1796 5693 Et

211 5703 390 5777 multa
422 5708 648 5777 hominis
687 5709 922 5777 afﬂictio,
975 5703 1288 5777 quanquam
1339 5703 1697 5764 'limodotioui
1735 5728 1799 5763 ea

214 5774 423 5844 placuit
463 5774 862 5844 interpretatio,
900 5774 1063 5845 quam
1103 5774 1244 5847 apud
1295 5780 1434 5833 LXX
1474 5782 1620 5833 viros
1668 5783 1801 5847 legi-

216 5858 383 5915 mus;
420 5847 647 5902 reddidit
671 5850 839 5915 enim,
874 5850 993 5904 Ὀτι
1022 5850 1222 5920 γνῶσις
1244 5851 1335 5905 τοῦ
1365 5852 1650 5924 ἀνθρώπου
1682 5853 1801 5904 ἐστὶ

800 5215 924 5269 Ὅτι
992 5218 1091 5270 οὐκ
1155 5217 1269 5269 ἔστι
1333 5215 1618 5285 γινώσκων
1678 5219 1800 5270 ἐσό-

1904 4578 2123 4647 prosiut
2174 4585 2341 4644 atque
2386 4576 2715 4629 conducant.
2764 4574 2841 4627 Ae
2871 4574 3072 4629 frustra
3122 4576 3248 4643 quis
3296 4575 3484 4628 dicat:

1904 4656 2236 4721 Nescieham
2273 4681 2359 4719 me
2409 4665 2832 4718 condemnatum
2891 4665 2979 4729 iri,
3015 4664 3118 4717 nisi
3167 4666 3486 4718 mandatum

1905 4776 2235 4815 servassem.
2286 4758 2421 4812 lllud
2455 4760 2601 4812 enim
2652 4760 2764 4826 ipse
2800 4774 2962 4811 nosse
2995 4758 3360 4819 convint-itur,
3394 4759 3491 4813 ho-

1904 4854 2036 4906 mini
2070 4855 2292 4922 cuique,
2318 4853 2411 4921 qtti
2446 4853 2633 4906 datum
2669 4851 2771 4904 s‘hi
2808 4851 3121 4902 mandatum
3163 4866 3269 4902 non
3302 4853 3488 4903 custo-

1901 4946 2084 5009 diel'il,
2117 4946 2383 5013 judicium
2416 4952 2469 4997 tl.
2509 4941 3021 4997 condemnationem
3062 4952 3309 5012 paratam
3344 4957 3487 5005 esse,

1917 5055 2038 5105 quae
2072 5038 2271 5090 delicto
2300 5036 2626 5105 respondeat
2649 5036 2781 5106 (l0).
3224 5040 3231 5049 ‘

1901 5218 2070 5287 πολλὴ
2114 5218 2422 5271 ἐπάύτόν.
2475 5217 2677 5271 Horum
2736 5228 2914 5270 autem
2951 5220 3310 5281 discordiam,
3358 5222 3486 5288 quia

1902 5291 2105 5342 vocalia
2178 5298 2376 5356 puncta
2435 5291 2676 5342 nomium
2735 5290 2874 5356 apud
2946 5289 3205 5342 llehrzros
3271 5304 3485 5359 recepta

1899 5368 2074 5416 erant.
2131 5374 2237 5411 una
2306 5360 2533 5411 omnino
2592 5359 2774 5410 intuiit
2838 5362 3015 5413 littera
3062 5376 3075 5411 :
3120 5360 3493 5427 Symmachus

1897 5430 2041 5481 enim
2079 5429 2209 5497 legit
2242 5440 2385 5493 mh,
2416 5430 2559 5498 quod
2596 5438 2679 5482 est
2705 5429 2916 5498 afﬂictio
2955 5431 3068 5483 sive
3114 5430 3311 5491 lia/rat,
3364 5448 3490 5484 euut

1898 5498 2037 5552 LXX
2077 5501 2401 5569 interpretes
2435 5501 2695 5569 legissent
2740 5510 2874 5561 mn.
2931 5500 3075 5569 quod
3130 5510 3214 5554 est
3247 5502 3494 5569 Arogm'tio

1909 5572 2021 5623 sive
2059 5567 2247 5640 vehat,
2284 5572 2383 5623 rati
2413 5567 2621 5624 scilicet
2647 5586 2767 5624 esse
2802 5567 3011 5637 Daleth,
3047 5572 3191 5639 quod
3237 5567 3497 5640 Symma-

1910 5642 2014 5693 eho
2050 5639 2227 5694 lieseh
2264 5642 2438 5695 visum
2464 5652 2582 5705 est;
2610 5644 2809 5709 quippe
2843 5645 3127 5709 utriusque
3157 5639 3351 5695 littera}
3387 5657 3495 5696 una

1910 5727 2074 5779 prope
2120 5712 2293 5766 forma
2341 5722 2445 5774 est,
2480 5728 2672 5781 raque,
2721 5722 2773 5764 ut
2825 5714 3077 5767 lectorem
3130 5712 3315 5767 fallere
3350 5722 3499 5782 sape

1913 5794 2104 5849 posStl.
