4166 6434
735 377 871 447 1047

734 587 1009 651 rationes,
1054 588 1225 641 multa
1279 586 1487 642 homini
1548 588 1777 643 scientia
1832 598 2109 643 estzeum
2161 588 2309 642 enim

735 676 951 731 utilium
988 678 1118 733 latet
1154 678 1310 733 nihil.
1352 680 1532 749 Atque
1579 680 1709 733 eniti
1737 682 1974 749 quisque
2013 680 2201 744 debet,
2244 695 2311 734 ne

732 767 863 835 quid
909 782 1141 832 eorum,
1194 784 1315 837 quae
1368 768 1473 824 sibi
1516 769 1835 839 praescripta
1885 779 2050 840 atque
2108 766 2309 824 indicta

732 856 957 923 fuerint,
1005 873 1100 927 per
1126 858 1413 929 segnitiem
1447 868 1541 914 aut
1584 854 1955 929 contemptum
2000 869 2097 914 aut
2138 858 2309 913 animi

731 938 1111 1004 remissionem
1137 951 1617 1021 praetergrediatur
1643 968 1707 1006 ac
1728 954 1967 1021 negligat
1995 972 2010 1006 :
2038 952 2139 1007 etsi
2157 952 2309 1006 enim

730 1038 971 1105 ignorat,
1008 1048 1213 1108 quanta
1250 1038 1621 1096 damnationis
1653 1055 1766 1095 suae
1800 1056 1961 1115 poma
1998 1040 2182 1095 futura
2214 1041 2307 1105 sit,

730 1142 797 1181 ac
825 1142 956 1182 num
982 1129 1163 1198 gravis
1190 1138 1244 1184 et
1262 1131 1577 1197 vehemens,
1618 1147 1686 1185 an
1719 1132 1852 1186 levis
1878 1147 1947 1194 ac
1969 1132 2151 1199 mitis;
2176 1131 2309 1186 iilnd

731 1227 882 1273 certe
916 1220 1069 1274 novit
1096 1234 1161 1275 ac
1205 1220 1344 1276 bene
1388 1222 1652 1293 ﬁrmeque
1685 1224 1963 1293 cognitum
1993 1223 2180 1288 habet,
2213 1224 2309 1293 qui

730 1309 1051 1364 mandatum
1087 1312 1435 1379 custodierit,
1492 1314 1561 1369 ab
1605 1328 1694 1379 eo,
1744 1314 1838 1384 qui
1883 1315 2052 1381 dedit,
2086 1315 2309 1386 dignum

724 1403 1036 1473 indicatum
1088 1405 1176 1468 iri.
1217 1414 1277 1459 ut
1310 1406 1615 1460 mercedem
1663 1418 1716 1460 et
1748 1408 1965 1475 prmmia
2003 1406 2139 1462 ierat
2170 1426 2181 1460 :
2217 1407 2311 1476 qui

731 1510 863 1549 vero
894 1510 1005 1550 non
1045 1497 1394 1562 custodierit,
1429 1512 1459 1552 e
1498 1498 1778 1551 contrario
1806 1498 2054 1566 ilignum,
2093 1509 2149 1551 ut
2174 1498 2311 1565 judi-

729 1587 878 1639 cium
928 1598 984 1642 et
1029 1588 1545 1643 condemnationem
1592 1597 1644 1643 et
1690 1605 1906 1659 pmuam
1956 1606 2054 1660 pro
2099 1590 2312 1647 meritis

729 1677 941 1731 subeat.

799 1768 955 1833 Quod
984 1770 1276 1824 autem'ait
1304 1788 1317 1825 :
1353 1791 1370 1823 ‹
1399 1770 1609 1841 Quippe
1638 1773 1782 1827 sicut
1807 1775 1930 1836 erit,
1954 1775 2077 1844 quis
2102 1791 2313 1830 annun-

730 1858 887 1913 tiabit
915 1860 1003 1915 ei?
1030 1878 1048 1912 ι
1083 1861 1446 1932 ignorantiam
1489 1864 1743 1918 similiter
1780 1864 2032 1935 designat
2063 1867 2313 1923 vindicta:

729 1958 894 2017 at.,ue
920 1950 1136 2021 judieii.
1168 1950 1356 2023 Neque
1380 1954 1524 2008 enim
1551 1955 1843 2024 quisquam
1878 1956 2160 2011 hominum
2193 1974 2311 2012 mo-

729 2040 860 2115 dum
912 2042 1064 2119 novit
1098 2043 1193 2098 ira:
1241 2046 1387 2115 regis
1419 2058 1514 2100 aut
1558 2057 1848 2117 parentum
1885 2059 1980 2103 aut
2022 2052 2315 2120 magistro-

730 2149 875 2197 rum,
922 2128 1206 2205 muneque
1261 2137 1444 2194 minus
1470 2137 1811 2208 judiciorum
1848 2142 2314 2212 consiliorumque

732 2225 847 2289 Dei,
909 2226 1069 2296 cujus
1106 2228 1379 2297 justitiam
1439 2232 1658 2301 assequi
1714 2248 1874 2287 nemo
1926 2244 2121 2302 potest.
2175 2232 2311 2289 Nam

731 2318 982 2374 homines
1036 2320 1256 2389 quidem
1290 2363 1305 2385 ,
1365 2338 1510 2388 eum,
1544 2324 1833 2378 minimum
1900 2342 1959 2380 se
2017 2326 2314 2397 deliquisse

732 2410 1139 2479 existimarent,
1177 2428 1418 2484 persaepe
1456 2399 1484 2469 a
1527 2402 1811 2484 judicihus
1849 2418 2147 2488 plurimum
2188 2435 2313 2489 pec-

732 2516 892 2557 casse
947 2505 1183 2558 convicti
1233 2515 1361 2559 suut
1395 2526 1408 2561 :
1443 2509 1616 2561 multo
1662 2509 1835 2579 magis
1885 2511 1954 2565 ab
1984 2528 2072 2578 eo,
2116 2514 2209 2582 qui
2260 2522 2315 2569 et

733 2594 900 2648 corda
946 2606 1247 2661 scrutatur,
1296 2608 1349 2652 ct
1400 2599 1687 2674 hominum
1735 2603 2093 2673 cogitationes
2139 2609 2310 2674 novit,

736 2686 901 2756 206
922 2686 988 2741 de
1018 2704 1125 2757 quo
1156 2699 1209 2743 et
1237 2689 1481 2746 Joannes
1516 2671 2077 2764 tiicoioguquuodam
2108 2700 2160 2751 iu
2194 2671 2315 2755 loco

733 2779 809 2831 ait
833 2778 878 2808 ‘”
915 2798 927 2832 :
969 2797 987 2830 ι
1018 2778 1289 2845 Quoniam
1330 2786 1505 2851 major
1538 2796 1623 2839 est
1658 2784 1800 2841 Deus
1839 2789 2002 2844 corde
2042 2801 2251 2846 nostro.
2289 2814 2307 2844 ι

805 2866 886 2921 Tu
934 2868 1120 2939 igitur,
1168 2887 1200 2925 o
1245 2874 1515 2939 mortalis,
1560 2876 1903 2940 mandatum,
1948 2880 2315 2952 quodcunque

736 2956 833 3011 tibi
872 2958 1192 3013 Dominator
1228 2976 1410 3014 rerum
1452 2962 1700 3016 omnium
1743 2962 1890 3019 Deus
1929 2968 2181 3034 dederit,
2225 2980 2315 3027 aut

733 3048 877 3104 alius
922 3050 1219 3119 quisquam
1264 3071 1478 3115 eorum,
1530 3056 1624 3124 qui
1676 3056 2173 3130 quomodocunque
2224 3080 2316 3117 su-

733 3142 1076 3208 peremineat
1097 3158 1162 3199 ac
1185 3146 1427 3214 majores
1449 3155 1598 3210 sunt,
1624 3162 1915 3217 capessere
1946 3152 2078 3207 totis
2101 3155 2310 3213 viribus
2336 3177 2379 3236 α

733 3229 958 3296 gestias,
1002 3248 1341 3304 operamque
1383 3236 1500 3301 des,
1550 3246 1607 3289 ut
1649 3238 1931 3295 custodias
1977 3258 2041 3299 ac
2088 3260 2318 3304 serves:

734 3335 833 3373 nec
857 3322 923 3375 ad
947 3326 1331 3381 excusationes
1361 3340 1415 3381 ct
1441 3340 1735 3398 prmtestus
1764 3333 2062 3403 confugere
2090 3340 2318 3407 cegites,

733 3412 805 3465 ob
827 3427 1059 3484 eamque
1084 3433 1196 3472 rem
1230 3419 1299 3473 ad
1325 3421 1454 3475 illud
1478 3424 1914 3491 praetereundum
1942 3430 2281 3496 perlraharis
2306 3449 2320 3496 ;

734 3505 824 3556 sed
866 3508 1226 3564 custodiendo
1267 3514 1649 3582 set-validoque
1683 3517 1969 3584 praemium
2020 3529 2073 3572 et
2105 3519 2319 3577 laudem

734 3594 830 3647 tibi
862 3596 1163 3654 ohventui-a
1199 3612 1352 3657 certo
1383 3621 1595 3675 speres.
1633 3606 1841 3665 Idcirco
1886 3610 2077 3680 utique
2123 3613 2323 3682 adjecit

736 3699 989 3756 protinus
1021 3708 1035 3744 :

1858 385 1918 445 S.
1947 384 2326 444 GREGORII
2364 383 2879 443 AGRIGENTINI

804 496 979 563 Super
1012 497 1186 565 ipsum
1217 498 1380 566 igitur
1407 495 1707 561 hominem,
1740 494 1854 551 sive.
1877 497 2024 551 circa
2047 498 2167 549 vita:
2194 512 2307 548 sua:
2336 502 2385 553 Α

2496 493 2613 546 Ἐπ’
2660 494 2825 547 αὐτὸν
2864 490 2958 547 οὖν
3003 493 3096 546 τὸν
3121 491 3428 564 ἄνθρωπον,
3471 491 3646 562 ἤγουν.
3674 492 3757 554 είς
3799 492 3869 545 τὰ
3915 493 4009 560 τῆς

2417 585 2551 647 ιδίας
2604 585 2949 654 διεξαγωγῆς
2990 586 3086 638 καὶ
3135 584 3302 655 ζωῆς,
3334 583 3484 636 ἔστιν
3524 584 3558 653 ὴ
3603 582 3815 651 γνῶσις
3860 584 4006 653 αὐτῷ

2412 676 2582 746 πολλή
2604 691 2619 705 ⁸
2656 676 2912 731 λανθάνει
2943 675 3052 747 γὰρ
3082 676 3245 730 αὑτὸν
3271 675 3379 728 τῶν
3404 674 3799 745 συμφερόντων
3830 674 4001 727 οὐδέν.

2408 768 2525 821 Καὶ
2560 768 2644 821 δεῖ
2676 767 3184 837 κατασφαλίζεσθαι
3215 766 3484 838 μηδαμῶς
3518 766 3888 837 παρεξελθεῖν
3918 767 4005 820 καὶ

2410 856 2798 929 παρεκκλίνειν
2823 858 2932 911 τῶν
2960 858 3369 928 ἐντεταλμένων
3394 857 3547 927 αὑτῷ
3571 856 4005 910 καὶθεσπισθέν-

2404 969 2519 1005 των
2554 952 2623 1019 ἐξ
2663 951 2997 1022 ἀπροσεξίας
3032 952 3127 1005 καὶ
3158 952 3623 1020 καταφρονήσεως
3656 951 3759 1002 καί
3792 967 4001 1016 γνωμι-

2411 1042 2515 1112 κῆς
2544 1038 2817 1113 ρᾴθυμίας
2840 1058 2853 1071 ο
2890 1041 2972 1094 ὅτι
2999 1042 3110 1093 κᾶν
3138 1042 3237 1092 οὐκ
3258 1039 3376 1091 ἔστι
3400 1038 3708 1105 γινώσκων,
3739 1039 4005 1106 ὁπηλίκον

2404 1132 2567 1187 ἔσται
2594 1132 2656 1187 τὸ
2675 1135 3049 1205 ὁοθησόμενον
3073 1132 3416 1202 αὺτῷκρίμα
3435 1132 3541 1201 τῆς
3574 1130 3913 1199 καταδίκης,
3935 1131 4004 1182 εί-

2408 1242 2471 1279 τε
2512 1225 2754 1296 χαλεπὸν
2789 1229 2884 1279 καὶ
2932 1224 3185 1294 σφοδρὸν.
3236 1225 3349 1277 εἴτε
3395 1224 3579 1295 ῥᾴδιον
3617 1225 3715 1275 καὶ
3761 1222 4000 1291 κοῦφον

2413 1319 2552 1389 πλὴν
2596 1317 2735 1372 ἀλλά
2773 1318 2883 1389 γὰρ
2922 1313 3071 1372 οἶδεν
3113 1315 3377 1384 ἀσφαλῶς
3404 1315 3499 1368 καὶ
3545 1314 3814 1383 βεϐαίως,
3870 1314 3946 1375 ὡς
3980 1315 4005 1365 ό

2412 1408 2700 1477 φυλάττων
2728 1408 2975 1478 ἐντολὴν,
3007 1407 3281 1475 ἀποδοχῆς
3313 1399 3462 1469 ἄξιος
3493 1406 3746 1475 κρίνεται
3790 1407 3892 1456 καὶ
3921 1420 4003 1470 γε·

2418 1499 2525 1570 ρῶν
2558 1500 2712 1569 παρὰ
2737 1499 2833 1552 τοῦ
2872 1497 3165 1560 δεδωκότος
3186 1514 3201 1527 ο
3228 1499 3257 1549 ὁ
3285 1496 3342 1547 δὲ
3370 1493 3444 1563 μὴ
3477 1493 3794 1561 φυλάττων,
3834 1494 4003 1561 ἐμπα-

2413 1590 2497 1643 λιν
2534 1591 2795 1660 μέμψεως
2829 1592 2925 1643 καὶ
2948 1589 3047 1657 τῆς
3078 1588 3348 1655 ἀναλόγου
3376 1584 3678 1648 καταδίκης
3710 1584 3815 1636 καὶ
3852 1600 4007 1652 κατα-

2412 1683 2671 1753 κρίσεως.

2490 1776 2555 1827 Ὃ
2594 1774 2650 1826 δέ
2701 1787 2887 1841 φησιν’
2925 1790 2945 1822 ι
2977 1771 3100 1824 Ὅτι
3143 1768 3326 1833 καθὼς
3372 1769 3547 1829 ἔσται.
3580 1768 3666 1831 τίς
3712 1766 4008 1834 ἀναγγελεῖ

2414 1863 2599 1934 acup;
2638 1883 2656 1916 ι
2690 1862 2955 1926 ὡσαύτως
2977 1862 3076 1934 τὴν
3096 1862 3318 1931 ἄγνοιαν
3344 1863 3600 1931 σημαίνει
3631 1860 3737 1929 τῆς
3776 1862 4005 1927 καταλη-

2413 1958 2658 2028 ψομένης
2686 1956 2851 2010 αὑτὸν
2882 1954 3037 2026 δίκης
3078 1955 3174 2009 καὶ
3202 1954 3459 2024 κρίσεως.
3492 1954 3685 2015 Οὐδεὶς
3717 1954 3837 2021 γὰρ
3883 1948 4008 2004 οἶδεν

2414 2052 2512 2104 ἀνθ
2524 2051 2723 2120 ρώπων
2740 2047 2864 2102 οὔτε
2900 2047 3103 2118 μέτρον
3127 2046 3394 2117 βασιλέως
3419 2047 3613 2114 ὀργῆς,
3659 2045 3692 2115 ᾖ
3715 2062 3955 2112 γονεων,
3980 2044 4005 2108 ἦ

2413 2144 2774 2203 διδασκάλων,
2824 2142 2856 2211 ἢ
2908 2139 3092 2208 πολλῷ
3160 2138 3361 2209 μᾶλλον
3402 2138 3513 2190 τῶν
3545 2138 3874 2204 ἀνεφίκτων
3928 2135 4007 2187 τοῦ

2415 2236 2551 2290 Θεοῦ
2577 2234 2912 2289 δικαστικῶν
2937 2232 3228 2302 κριμάτων
3249 2231 3343 2284 καὶ
3368 2229 3787 2300 βουλευμάτων.
3808 2227 4009 2294 Ἑὶαχέο

2416 2346 2549 2400 στην
2599 2328 2709 2398 γὰρ
2750 2327 2800 2380 οἱ
2834 2325 3113 2397 ἄνθρωποι
3146 2322 3407 2386 πολλάκις
3446 2324 3694 2392 οίόμενοι
3735 2323 3852 2391 τὴν
3890 2322 4013 2373 ίδΞαν

2415 2421 2818 2491 πλημμέλειαν,
2855 2417 3119 2489 μεγίστην
3143 2416 3557 2486 ἐξηλέγχθησαν
3588 2415 3741 2485 ἔχειν
3771 2416 3885 2467 ὑπὸ
3913 2415 4014 2466 τῶν

2412 2514 2745 2577 δικαζόντων
2766 2508 2990 2580 ’πολλῷ
3018 2508 3220 2579 μᾶλλον
3259 2510 3352 2561 ἐπὶ
3380 2507 3477 2562 τοῦ
3509 2508 3606 2562 καὶ
3642 2507 3748 2569 τὰς
3793 2507 4014 2574 καρδίας

2415 2605 2766 2678 ἐρευνῶν-τος,
2800 2603 2894 2655 καὶ
2926 2600 2993 2653 τὰ
3033 2600 3390 2669 ἐνθυμήματα
3427 2597 3540 2650 τῶν
3580 2595 3906 2666 ἀνθρώπων
3941 2614 4016 2663 γι-

2416 2698 2737 2760 νώσκοντος,
2805 2695 2933 2765 περὶ
2990 2686 3052 2746 οῦ
3119 2692 3253 2762 φησι
3317 2709 3422 2743 που
3483 2689 3579 2743 καὶ
3655 2689 3933 2757 Ἰωάννης
3993 2688 4018 2738 ό

2416 2789 2688 2856 θεολόγος⁶
2730 2805 2749 2839 ι
2790 2786 2913 2837 Ὀτι
2940 2786 2969 2838 ὁ
2997 2785 3129 2848 Θεὸς
3153 2782 3358 2853 μείζων
3382 2782 3482 2851 τῆς
3511 2780 3749 2850 καρδίας
3773 2779 3962 2848 ἡμῶν.
3999 2798 4015 2828 ι

2485 2881 2559 2933 Σὺ
2588 2881 2791 2942 τοίνυν,
2821 2876 3102 2947 ἄνθρωπε,
3142 2876 3328 2929 πᾶσαν
3372 2892 3457 2927 σοι
3492 2874 3753 2927 δοθεῖσαν
3801 2873 4020 2940 ἐντολήν

2416 2972 2570 3041 παρά
2598 2970 2695 3024 τοῦ
2732 2972 3007 3023 Δεσπότου
3047 2969 3140 3023 καὶ
3173 2966 3309 3021 Θεοῦ
3340 2966 3449 3019 τῶν
3475 2966 3765 3024 ἁπάντων,
3813 2965 3851 3031 ἢ
3897 2965 4022 3032 παρ’

2417 3063 2580 3116 ἄλλου
2610 3063 2753 3125 τινὸς
2775 3063 2886 3115 τῶν
2914 3060 3164 3114 ὁπωσοῦν
3190 3059 3573 3128 ὑπερεχόντων
3596 3056 3701 3108 καὶ
3726 3056 4023 3124 μειζόνων,
4120 3128 4121 3131 η

2416 3154 2871 3226 παραλαμϐάνειν
2923 3153 3085 3206 παντὶ
3156 3151 3335 3203 σθένει
3405 3146 3815 3217 προθυμήθητι
3846 3188 3861 3209 ,
3946 3149 4028 3197 καί

2418 3248 2720 3301 σπούδασον
2764 3245 3056 3315 φυλάττειν
3092 3246 3186 3297 καὶ
3230 3245 3518 3311 συντηρεῖν
3552 3258 3566 3271 ·
3612 3240 3912 3309 μηδαμῶς
3958 3242 4027 3299 εἰς

2420 3334 2716 3401 ἀπολογίας
2746 3332 3188 3403 προφασιστικάς
3212 3329 3678 3399 διενθυμούμενος
3713 3330 4025 3398 προελθεῖν,

2420 3429 2515 3481 καὶ
2553 3427 2642 3480 διὰ
2698 3427 2858 3480 τοῦτο
2894 3427 3029 3497 πρὸς
3072 3428 3172 3495 τὴν
3217 3426 3533 3495 παράϐασιν
3570 3424 4026 3494 καθελκόμενοςο

2420 3520 2535 3574 ἀλλ’
2561 3521 2617 3572 ἐν
2647 3522 2713 3589 τῇ
2752 3520 2969 3588 φυλακῇ
2999 3519 3093 3571 καὶ
3128 3518 3459 3586 συντηρήσει
3490 3518 3590 3585 τὴν
3612 3517 3918 3586 ἀποδοχὴν
3950 3518 4026 3567 καὶ

2417 3614 2509 3665 τὸν
2539 3611 2758 3664 ἔπαινον
2791 3609 3246 3681 ὁμολογουμένως
3288 3608 3549 3671 ἐλπίζων.
3585 3609 3832 3678 Ἀμέλει
3862 3612 4029 3661 τοίνυν

2420 3705 2643 3773 ἀμέσως
2674 3704 2944 3774 ἐπήγαγε·

2291 3814 2439 3883 §XL

806 3901 974 3957 Vens.
1012 3903 1066 3965 8,
1101 3906 1157 3956 9.
1204 3900 1326 3954 Non
1377 3912 1452 3954 est
1482 3903 1637 3956 homo
1675 3914 1988 3973 potestatem
2022 3908 2218 3963 habens
2266 3912 2318 3963 in

734 3994 1005 4063 spiritum,
1040 4002 1096 4046 ut
1130 3992 1401 4062 pra/libeat
1433 3994 1705 4059 spiritum.
1742 3994 1805 4046 Et
1842 4014 1948 4051 non
1979 4010 2053 4053 est
2092 4011 2323 4068 potestas

734 4088 790 4140 in
813 4089 897 4140 die
923 4088 1130 4149 mcrtis,
1159 4096 1206 4138 et
1237 4102 1338 4139 nou
1370 4097 1445 4139 est
1475 4088 1689 4139 emissio
1724 4088 1779 4140 in
1816 4089 1904 4143 die
1936 4092 2058 4144 belli
2086 4109 2103 4145 :
2128 4103 2176 4146 et
2218 4110 2324 4146 non

734 4180 964 4233 :alvabit
984 4180 1225 4247 impietas
1254 4194 1370 4231 eum
1386 4179 1476 4247 qui
1502 4186 1580 4233 est
1614 4179 1678 4231 ab
1698 4198 1780 4234 ea.
1822 4182 1885 4235 Et
1915 4200 2064 4239 omne
2079 4186 2174 4240 hoc
2192 4189 2322 4251 ridi,

734 4282 783 4326 et
809 4272 928 4325 dedi
963 4288 1052 4324 cur
1084 4287 1252 4324 meum
1280 4271 1335 4323 in
1366 4286 1514 4324 omne
1541 4287 1693 4340 opus,
1728 4277 1866 4344 quod
1893 4276 2095 4345 factum
2121 4290 2197 4333 est
2224 4280 2320 4333 sub

736 4364 865 4425 sole,
900 4380 1018 4433 qua:
1047 4380 1144 4432 pro
1183 4372 1449 4431 potestate
1480 4363 1605 4431 fecit
1646 4365 1800 4419 homo
1850 4369 1899 4421 iu
1933 4369 2219 4439 hominem,
2261 4383 2319 4429 ut

737 4456 986 4525 u/jligeret
1015 4471 1132 4508 eum
1165 4453 1307 4522 (li).

816 4720 1228 4792 Diligentiorem
1275 4730 1441 4790 atque
1493 4721 1891 4777 accuratiorem
1936 4740 2210 4794 quemque
2259 4740 2325 4779 es

741 4812 1092 4867 auditoribus
1130 4813 1311 4867 reddit
1345 4812 1564 4881 sapiens
1603 4811 1962 4870 Ecclesiastes
1994 4816 2048 4869 in
2079 4816 2187 4870 vita
2225 4832 2325 4870 sua

741 4906 805 4961 ad
838 4903 1097 4959 mandata
1116 4905 1262 4959 bona
1291 4920 1413 4974 qua:
1436 4906 1726 4973 acceperit,
1751 4921 1968 4977 semper
1992 4908 2323 4973 ordinanda,

741 5007 795 5050 et
851 4996 904 5049 in
956 4997 1206 5050 moribus
1265 4996 1567 5050 secundum
1618 4996 1891 5064 potiorum
1955 4998 2325 5053 institutiones

742 5088 1193 5155 conformandis,
1246 5088 1459 5143 ratione
1510 5088 1695 5143 habita
1742 5104 1956 5153 eorum,
2011 5105 2137 5159 quae
2179 5105 2325 5158 saepe

741 5181 1091 5249 contingunt,
1122 5195 1223 5235 nec
1270 5190 1396 5234 ante
1432 5190 1697 5248 apparent
1746 5189 1841 5235 aut
1870 5181 2320 5252 prospiciuntur:

744 5272 1091 5327 adventantis
1121 5288 1317 5341 nempe
1351 5272 1457 5325 dici
1511 5272 1657 5326 illius
1699 5273 1963 5341 supremi,
2004 5289 2116 5341 quo
2155 5272 2324 5326 homo

740 5382 809 5423 ex
857 5365 1114 5420 humanae.
1162 5366 1495 5421 conditionis
1544 5365 1805 5435 periculis
1838 5380 1903 5420 ac
1955 5365 2083 5420 sede
2120 5365 2322 5430 luctus,

740 5456 858 5511 sive
894 5472 961 5511 ex
996 5456 1101 5511 hac
1141 5458 1253 5511 vita
1297 5457 1365 5511 ad
1403 5456 1668 5520 futuram,
1696 5472 1861 5526 quam
1902 5465 2106 5526 sperat,
2141 5468 2323 5512 trans-

741 5546 938 5603 fertur.
976 5546 1162 5618 Neque
1206 5549 1352 5602 cnim
1393 5549 1445 5601 in
1478 5550 1708 5619 spiritus
1749 5550 1997 5617 humani,
2036 5550 2153 5604 sive
2187 5566 2320 5619 pto-

830 5686 876 5717 ’ί
905 5685 1077 5757 Epist.
1116 5705 1153 5748 ι.
1185 5702 1305 5758 cap.
1336 5689 1389 5752 3,
1426 5706 1479 5742 u.
1511 5689 1599 5742 ‘20.

2499 3915 2620 3964 Οὐκ
2663 3910 2836 3964 ἔστιν
2866 3910 3181 3979 ἅνθρωπος
3216 3908 3585 3973 ἐξουσιάζων
3612 3911 3693 3963 ἐν
3734 3910 3828 3977 τῷ
3861 3914 4029 3965 πνεύ-
4106 3892 4107 3897 η

2415 4019 2559 4071 ματι
2592 4001 2696 4054 τοῦ
2724 4002 2996 4056 κωλῦσαι
3026 4002 3150 4056 σὺν
3178 4002 3246 4055 τὸ
3277 4000 3535 4069 πνεῦμα.
3562 4002 3681 4053 Kal
3708 4006 3838 4055 οὐκ
3872 4004 4032 4056 Eatur
4104 3990 4105 3995 “

2423 4093 2679 4156 ἐξουσιά
2710 4092 2781 4144 ἐν
2824 4093 3016 4160 ἡμέρᾳ
3043 4094 3330 4155 θανάτου,
3381 4094 3479 4145 καὶ
3516 4094 3631 4146 οὐκ
3669 4094 3865 4147 ἔστιν
3894 4096 4028 4148 ἀπε·
4102 4090 4103 4093 “

2424 4184 2620 4250 στολὴ
2653 4185 2721 4237 ἐν
2748 4184 2938 4253 ἡμέρᾳ
2971 4185 3242 4253 πολέμου
3262 4201 3277 4215 ⁸
3311 4185 3407 4237 καὶ
3445 4186 3516 4237 οὐ
3549 4185 3870 4239 διασώσει
3899 4186 4027 4239 ἀινέ-

2426 4280 2552 4331 6εια
2591 4279 2699 4330 τὸν
2731 4278 2869 4344 παρ’
2894 4275 3107 4344 αὐτῆς.
3146 4278 3255 4330 Καὶ
3294 4278 3547 4345 σύμπαν
3600 4278 3794 4331 τοῦτο
3855 4276 4029 4335 εἶδαν

2426 4369 2524 4422 καὶ
2578 4369 2773 4423 ἔδωκα
2828 4367 2947 4435 τὴν
2988 4363 3243 4435 καρδίαν
3290 4384 3410 4435 μου
3463 4369 3551 4432 εἰς
3602 4366 3741 4420 πᾶν
3810 4374 4032 4433 ,αρἠπο

2426 4461 2493 4514 τὸ
2553 4458 2963 4529 πεποιημένον
3014 4458 3134 4513 ὑπό
3179 4459 3286 4512 τὸν
3330 4458 3530 4524 ἣλιον,
3575 4457 3705 4510 ὅσα
3748 4460 4033 4521 ἐξουσιά-

2428 4570 2582 4607 σατο
2611 4557 2676 4608 ,ὀ
2730 4552 3045 4619 ἅνθρωπος
3094 4552 3165 4604 ἐν
3219 4549 3511 4619 ἀνθρώπῳ
3574 4549 3690 4603 τοῦ
3755 4549 4032 4603 κακῶσαι

2424 4644 2633 4695 αὐτόν.

2497 4732 3014 4803 Προσεκτικώτερον
3060 4731 3155 4783 καὶ⁵
3194 4727 3604 4799 νηφαλιὼτερον
3646 4729 3911 4783 ἕκαστον
3938 4731 4027 4781 ei:

2426 4822 2793 4892 πεπυσμένων
2815 4822 3138 4890 καθίστησιν
3162 4821 3193 4873 ὁ
3225 4820 3386 4888 σοφὸς
3420 4818 3890 4891 Ἐκκλησιαεῖτὴς
3916 4822 4029 4887 ερὲς

2424 4914 2486 4967 τὸ
2535 4916 2765 4967 πάντοτε
2818 4916 2940 4977 ταῖς
2982 4913 3303 4982 δεδομέναις
3351 4909 3586 4975 ἀγαθαῖς
3635 4911 3911 4972 ἐντολαῖς
3956 4914 4022 4961 τὶῖ

2428 5008 2559 5060 ἴδιον
2605 5005 2907 5076 στοιχειοῦν
2938 5004 3074 5074 βίον,
3116 5005 3212 5057 καὶ
3250 5003 3371 5063 ταῖς
3403 4999 3511 5052 τῶν
3548 5004 3909 5069 κρειττόνων
3940 5006 4025 5054 εἰς·

2425 5097 2659 5165 ηγήσεσι
2705 5092 2991 5165 ῥυθμίζειν
3020 5094 3118 5161 τὴν
3160 5093 3297 5145 ἰδίαν
3332 5089 3501 5159 ζωὴν,
3533 5090 3623 5143 διὰ
3667 5093 3733 5144 τὸ
3772 5095 4025 5163 ἁσυμῖνε·

2424 5189 2513 5251 νές
2543 5188 2638 5240 καὶ
2660 5187 2972 5257 ἀπρόοπτον
2995 5184 3105 5236 τῶν
3136 5184 3551 5254 συμϐαινόντων
3581 5186 3875 5248 πολλάκις
3903 5204 3917 5216 ·
3954 5203 4023 5236 ιε»

2427 5278 2613 5348 μέντοι
2647 5276 2743 5329 καὶ
2769 5276 2867 5345 τὴν
2894 5274 3076 5342 ἄφιξιν
3110 5272 3213 5342 τῆς
3246 5274 3461 5343 ἡμέρας
3506 5273 3606 5326 τοῦ
3641 5274 3907 5328 θανάτου
3950 5270 4021 5324 τεὶ

2438 5369 2801 5440 μεθιστῶντος
2829 5368 2921 5420 τὸν
2945 5366 3233 5440 ἄνθρωπον
3266 5367 3373 5418 ἀπὸ
3398 5365 3494 5419 τοῦ
3534 5366 3815 5436 βιωτικοῦ
3854 5385 4022 5434 πειραθ

2430 5429 2623 5531 τηρίου
2654 5461 2750 5514 καὶ
2778 5429 2873 5514 τοῦ
2900 5429 3067 5513 τόπου
3104 5429 3197 5510 τὼ
3227 5429 3613 5527 κλαυθμῶνος,
3649 5460 3921 5532 δηλονότι

2430 5554 2714 5626 παρούσης
2741 5552 2906 5625 ζωῆς,
2938 5553 3016 5616 εἰς
3043 5552 3142 5623 τὴν
3173 5549 3537 5624 ἐλπιζομένην
3562 5552 3662 5607 καὶ
3701 5552 4002 5625 pilleum

816 5804 1323 5877 Ui)0|ympiodor.
1379 5807 1470 5861 καὶ
1521 5808 1618 5861 οὐκ
1672 5806 1817 5860 ἔστιν
1872 5804 2200 5870 ἐξουσιάζων
2258 5806 2315 5860 ὲν
2355 5805 2553 5877 ἡμέρᾳ.

4090 4388 4095 4581 γ

4089 4588 4091 4679 Ι

4086 4680 4089 4798 Α
