4166 6434
194 337 309 403 1049

1184 350 1265 411 IN
1316 352 1896 416 ECCLESIASTEN.
1936 385 2001 393 --
2048 362 2196 419 LlB-
2249 363 2379 424 ΥΠ.

3279 361 3415 426 1050

186 448 287 540 οὐδὲ
312 446 415 540 γάρ
539 452 603 521 τῇ
627 450 843 523 ἐξουσίᾳ
880 452 973 506 τοῦ
1005 453 1346 527 ἀνθρωπίνου
1396 461 1725 532 πνεύματος,

1838 466 1971 534 pris:
2006 468 2327 537 voluntatis,
2374 469 2522 540 (nam
2569 470 2623 525 id
2662 471 2765 526 hoc
2792 471 2915 525 loco
2942 471 3161 540 spiritus
3192 470 3417 525 nomine

187 537 286 607 ήτοι
307 538 398 607 τῆς
425 538 560 601 ίδίας
584 542 957 611 προαιρέσεως
989 542 1217 617 (ταύτην
1246 548 1354 620 γὰρ
1377 549 1462 604 διὰ
1494 550 1595 619 τῆς
1619 552 1733 604 δνο-

189 628 363 698 μασίας
397 629 504 683 τοῦ
536 632 876 700 πνεύματος
930 634 1165 704 ἐδήλωσε
1199 636 1340 708 νῦν),
1397 639 1631 710 ὑπάρχει
1672 642 1733 693 τὸ

187 717 397 771 κωλῦσαι
437 719 725 790 διαστῆναι
757 723 853 793 τὴν
892 723 1068 795 ψυχὴν
1100 730 1163 779 ἐκ
1196 728 1290 781 τοῦ
1320 728 1591 798 σώματος,
1638 732 1733 785 καὶ

184 806 270 878 τὴν
289 810 493 880 ἡμέραν
516 811 609 863 τοῦ
635 813 866 868 θανάτου
900 820 1343 890 παραγινομένην
1377 822 1605 892 ἀμεῖψαι
1637 826 1732 878 καὶ

182 901 468 971 παρελθεῖν.
508 904 647 956 Ἀλλ’
686 908 743 959 ὲν
768 911 834 978 τῇ
867 908 1087 981 ἐξουσίᾳ
1117 912 1210 964 τοῦ
1246 915 1337 966 καὶ
1374 914 1733 985 συνδήσαντος

183 988 406 1060 ἀλλήλοις
450 994 713 1064 ἑκάτερον
767 997 863 1049 καὶ
896 996 1126 1067 θεμένου
1169 998 1376 1065 λύσεως
1423 1004 1568 1072 ὅρον,
1609 1005 1732 1061 καθ’

180 1079 233 1133 ὃν
271 1081 424 1146 αὐτὸς
482 1084 675 1153 καιρὸν
725 1086 1000 1160 ἠϐουλήθη
1055 1091 1144 1143 καὶ
1191 1091 1418 1162 κέκρικε
1463 1097 1554 1147 καὶ
1600 1114 1733 1167 προ-

177 1170 344 1240 ώρισε.
982 1172 985 1175 ’

238 1265 381 1337 Πάσῃ
425 1266 606 1319 τοίνυν
657 1270 863 1341 σπουδῇ
916 1272 1206 1340 φυλάττειν
1240 1276 1338 1338 τὰς
1369 1275 1519 1342 Θείας
1555 1282 1733 1352 χρεὼν

176 1352 394 1418 ἐντολὰς,
450 1356 547 1409 καὶ
593 1359 1022 1431 τὰς,ὑποθήκας
1079 1363 1173 1416 καὶ
1228 1366 1574 1431 διδασκαλίας
1624 1371 1734 1425 τῶν

174 1445 400 1498 ὁπωσοῦν
435 1449 904 1517 παραληφθέντων
947 1453 1106 1523 ήμῶν
1151 1458 1457 1527 είσηγητῶν
1505 1464 1599 1514 καὶ
1642 1482 1732 1517 σο-

173 1535 278 1603 φῶν
305 1538 622 1605 παιδευτῶν,
644 1541 732 1595 ἵνα
755 1561 1052 1615 προετοιμα
1063 1546 1276 1613 σθέντες
1301 1552 1395 1604 καὶ
1416 1570 1732 1624 προκαταρ-

170 1629 427 1693 τισθέντες
486 1633 606 1696 ταῖς
669 1633 780 1686 τῶν
836 1636 1049 1706 ἀρετῶν
1102 1639 1427 1713 τελειότησι,
1468 1647 1731 1716 φήσωμεν

173 1722 297 1788 μετά
321 1721 412 1774 τοῦ
436 1726 716 1794 προφήτου
742 1727 909 1780 Δαόὶδ
936 1730 1028 1782 καὶ
1051 1731 1211 1800 ἡμεῖς
1233 1749 1247 1761 ·
1285 1752 1303 1784 ‹
1335 1733 1727 1807 Ἠτοιμάσθην,

1833 559 2108 631 designat)
2166 558 2435 633 potestate
2492 574 2575 619 est
2634 565 2966 633 prohibere,
3024 578 3094 618 ne
3146 565 3328 618 anima
3383 580 3413 618 a

1834 668 2064 723 corpore
2111 666 2414 725 separetur,
2441 666 2506 712 .et
2537 658 2680 711 diem
2729 658 2922 714 mortis
2973 660 3415 728 appropinquan-

1834 752 1941 797 tem
1974 755 2286 814 permutare
2322 757 2484 817 atque
2522 750 2871 817 praetergredi
2908 768 2921 802 :
2960 748 3056 804 sed
3086 748 3138 803 id
3182 749 3414 803 arbitrio

1832 838 1953 903 ejus
1988 837 2243 902 vertitur,
2287 840 2379 909 qui
2416 848 2469 893 et
2506 850 2802 909 utrumque
2834 824 3107 911 cnlligaiit
3154 841 3408 896 invicem.

1833 924 1900 980 Et
1941 926 2323 984 dissolutionis
2376 933 2666 985 terminum
2719 931 2934 995 statuit,
2966 945 3077 1000 quo
3106 932 3228 1001 ipse
3275 942 3413 987 tem-

1834 1032 1964 1087 pore
1992 1019 2161 1074 voluit
2188 1028 2243 1075 et
2272 1020 2516 1075 decrevit
2547 1020 2601 1076 et
2630 1022 2937 1092 prazlinivit.

1906 1282 2067 1338 Omni
2108 1284 2276 1355 igitur
2305 1300 2436 1340 cura
2475 1284 2835 1339 custodienda
2864 1283 3023 1338 nobis
3062 1291 3191 1339 sunt
3227 1282 3411 1337 divina

1831 1376 2111 1442 mandata,
2158 1386 2212 1430 et
2252 1376 2460 1430 monita
2503 1392 2566 1431 ac
2599 1387 2867 1445 przecepta
2902 1384 3201 1437 rectorum,
3244 1388 3413 1441 quos-

1833 1483 2052 1538 cunque
2092 1469 2476 1539 delegerimus,
2505 1484 2568 1523 ac
2598 1468 2760 1538 207
2786 1467 3113 1538 sapientium
3156 1464 3411 1520 modera-

1834 1567 2039 1626 torum,
2072 1570 2133 1614 ut
2177 1561 2467 1629 prmparati
2522 1570 2576 1615 ct
2616 1560 2850 1615 summis
2894 1558 3149 1614 instructi
3197 1558 3415 1612 virtuti-

1831 1654 1958 1717 bus,
2017 1668 2143 1707 cum
2184 1652 2451 1721 propheta
2494 1652 2695 1706 Davide
2746 1666 2845 1705 nos
2903 1651 3067 1704 etiam
3118 1650 3408 1704 dicamus:

1836 1764 1854 1796 ι
1886 1744 2120 1799 Paratus
2169 1761 2314 1811 sum,
2362 1753 2417 1798 et
2462 1759 2577 1798 non
2620 1758 2741 1797 sum
2793 1743 3046 1797 turbatus
3066 1743 3144 1807 7’;
3177 1760 3194 1792 ι
3233 1756 3410 1809 neque

169 1813 254 1864 καὶ
274 1814 367 1865 οὐκ
394 1815 725 1886 ἐταράχθην·
759 1836 778 1870 ι
810 1820 905 1873 καὶ
930 1821 1192 1891 μηδαμῶς
1220 1824 1609 1897 θορυὸηθῶμεν
1634 1831 1725 1881 καὶ

1833 1838 2196 1907 pereellamur
2239 1852 2302 1892 ac
2341 1836 2749 1907 perturbentur,
2795 1849 2921 1889 cum
2958 1832 3179 1903 spiritus
3220 1840 3411 1885 noster

164 1906 532 1975 ταραχθῶμεν,
568 1909 730 1978 ἡνίκα
757 1912 818 1964 τὸ
858 1912 1067 1983 πνεῦμα
1095 1915 1271 1985 ήμῶν,
1304 1918 1472 1988 ἤγουν
1506 1920 1728 1991 ἡψυχὴ.

164 1997 452 2052 διίστασθαι
497 2001 681 2069 μέλλει
714 2002 809 2056 τοῦ
840 2003 1092 2075 σώματος
1118 2024 1131 2038 ·
1164 2010 1462 2078 τηνικαῦτα
1492 2012 1600 2082 γὰρ
1629 2016 1730 2068 ούκ

159 2087 300 2142 ἐστιν
326 2089 512 2162 ὄνησις
541 2092 617 2162 τῷ
643 2094 917 2167 ἀνθρώπῳ
952 2100 1089 2167 μετά
1114 2102 1213 2172 τὴν
1249 2103 1456 2156 ἄνωθεν
1483 2104 1727 2160 δοθεῖσαν

160 2180 421 2249 ἀπόφασιν
455 2184 605 2255 παρά
636 2188 734 2257 τῆς
772 2187 922 2250 θείας
957 2189 1173 2260 βουλῆς,
1208 2193 1312 2247 κᾶν
1341 2191 1524 2267 μυρία
1558 2216 1728 2268 προσ-

157 2272 450 2344 κλαίωμεν.
473 2277 672 2341 Καθὼς
702 2280 809 2349 γὰρ
835 2281 935 2334 οὐκ
968 2282 1116 2336 ἔστιν
1139 2287 1196 2337 ἐν
1219 2286 1401 2359 ἡμέρα
1426 2269 1728 2361 πολεμικῆς

160 2365 514 2433 παρατάξεως
548 2370 793 2439 ἐνεργεῖν
829 2387 883 2423 τι
930 2372 1201 2445 δυναμένη
1252 2376 1389 2446 πρὸς
1432 2378 1727 2451 διαλλαγὴν

154 2457 247 2506 καὶ
278 2454 861 2530 διάθεσιν“είρηνικὴν,
893 2464 1165 2538 ἀποστολὴ
1201 2470 1496 2538 πρεσϐείας
1530 2474 1727 2543 προϐε-

154 2545 394 2616 ϐλημένη
420 2564 433 2578 ³
462 2550 643 2619 πολλῷ
672 2551 780 2622 γὰρ
812 2554 1003 2625 πρώην
1030 2558 1225 2627 δρᾶσαι
1261 2562 1466 2633 ταύτην
1499 2561 1727 2631 ὤφειλον

153 2638 200 2687 οί
228 2638 526 2706 τηνικαῦτα
557 2640 792 2711 δρῶντες
814 2660 829 2674 ·
866 2646 926 2697 οὓ
940 2665 1037 2711 τως
1069 2651 1433 2720 ἐφεστηκότος
1454 2655 1547 2708 τοῦ
1571 2657 1729 2710 θανά-

150 2743 264 2789 του,
291 2730 385 2780 καὶ
415 2730 513 2798 τὴν
553 2732 727 2805 ψυχὴν
764 2736 919 2806 ήμῶν
948 2740 1276 2809 χωρίζοντος
1316 2746 1380 2797 ἐκ
1411 2746 1505 2799 τοῦ
1541 2747 1727 2819 σώμα-

147 2834 259 2881 τος,
306 2820 530 2891 οὐδεμία
576 2826 867 2894 πρόσεστιν
905 2831 1089 2899 δνησις
1122 2834 1200 2905 τῷ
1233 2837 1572 2905 τελευτῶντι,
1620 2842 1727 2895 κᾶν

151 2911 351 2981 μυρίας
376 2917 635 2990 προτείνῃ
666 2921 948 2991 ἱκετηρίας
985 2924 1079 2977 καὶ
1108 2925 1323 2997 δεήσεις
1358 2932 1495 3002 πρὸς
1525 2934 1726 3007 μείλλη⁴

150 3017 236 3094 σιν
262 3006 357 3057 καὶ
393 3009 653 3079 χρονικὴν
679 3010 996 3083 ὑπέρθεσιν,
1031 3018 1122 3071 καὶ
1155 3019 1290 3088 πρὸς
1316 3020 1377 3076 τὸ
1403 3026 1576 3094 παρὸν
1598 3006 1727 3079 ἀπο-

145 3092 438 3165 λύτρωσιν.

218 3184 392 3281 Τούτο
436 3189 536 3281 μὲν
576 3187 670 3245 οὖν
701 3195 764 3248 τὸ
791 3197 891 3264 τῆς
934 3200 1249 3271 ὡρισμένης
1292 3206 1507 3275 ἡμέρας
1540 3209 1633 3261 ἐπὶ
1658 3214 1722 3281 τῇ

140 3273 427 3330 διαστάσει
472 3280 569 3348 τῆς
594 3282 770 3354 ψυχῆς
802 3286 865 3338 ὲκ
893 3287 987 3339 τοῦ
1030 3289 1283 3359 σώματος
1328 3297 1725 3368 ἀπαραίτητον,

142 3373 330 3425 κοινόν
358 3376 474 3428 ἐστι
505 3379 598 3430 καὶ
633 3381 800 3433 πᾶσιν
826 3383 1155 3453 ἀνθρώποις.
1200 3389 1344 3460 Πλὴν
1376 3392 1512 3446 ἀλλὰ
1543 3395 1650 3465 γάρ
1678 3401 1726 3451 οί

139 3461 419 3533 ζήσαντες
447 3468 690 3533 εὐσεϐῶς
740 3474 834 3525 καὶ
870 3473 1095 3538 δικαίως
1142 3478 1199 3531 ὲν
1229 3479 1306 3550 τῷ
1339 3461 1564 3553 παρόντι
1604 3461 1724 3557 Ιῥίῳ,

138 3556 284 3625 πρὸς
314 3560 413 3628 τὴν
438 3560 548 3613 τῶν
575 3562 880 3631 μελλόντων
909 3567 1130 3634 ἀγαθῶν
1162 3570 1485 3641 ἀντάμειψιν
1516 3574 1602 3628 διὰ
1631 3556 1728 3647 τῆς

134 3647 360 3717 ἀγαθῆς
384 3650 474 3702 καὶ
498 3650 646 3714 θείας
670 3652 883 3716 ἐλπίδος
904 3657 1425 3728 χειραγωγούμενοι,
1452 3666 1726 3735 σωτηρίαν

130 3739 442 3809 εὑρήσουσι
476 3741 575 3813 τῆν
602 3742 841 3799 αἰώνιον.
886 3747 943 3800 Ὀ
974 3750 1157 3817 μέντοι
1187 3752 1436 3822 πονηρῶς
1478 3759 1572 3809 καὶ
1599 3758 1726 3811 δυσ-

132 3831 322 3894 σεϐῶς
378 3835 472 3886 καὶ
512 3836 732 3903 φαύλως
779 3839 1239 3912 πολιτευσάμενος
1278 3848 1336 3898 ὲν
1373 3851 1439 3917 τῇ
1473 3850 1724 3922 παρούσῃ

128 3925 278 3994 ζωῇ,
313 3925 646 3998 καὶπαύτην
685 3930 1020 3998 καταλιπὼν,
1052 3936 1188 4003 πρὸς
1230 3938 1590 4004 ἀνυποίστους
1634 3945 1727 3996 καὶ

127 4013 564 4079 διαιωνιζούσας
594 4020 1137 4091 παραπεμφθήσεται
1154 4027 1447 4096 τιμωρίας,
1468 4030 1605 4098 πρὸς
1626 4050 1728 4102 μη-

122 4104 332 4174 δεμίαν
356 4105 549 4160 ἐλπίδα
572 4110 849 4180 σωτηρίας
873 4129 1109 4183 χειραγιι.
1121 4116 1403 4185 γούμενος.
1426 4119 1596 4173 Τοῦτο
1617 4124 1726 4194 γὰρ

120 4199 423 4267 ἐσήμανεν
451 4199 644 4253 εἰπών·
676 4221 694 4253 ι
723 4203 831 4255 Καὶ
857 4204 918 4256 ού
950 4206 1205 4260 διασώσει
1232 4210 1455 4263 ἀσέϐεια
1483 4213 1573 4264 τὸν
1596 4216 1725 4285 παρ’

117 4288 335 4357 αὐτῆς,
378 4309 397 4341 ι
434 4291 553 4362 ἤτοι
590 4293 682 4345 τὸν
719 4294 956 4365 ἐραστὴν
990 4297 1164 4367 αὐτῆς
1198 4300 1291 4352 καὶ
1325 4302 1589 4373 τρόφιμον
1630 4307 1724 4359 καὶ

119 4383 464 4454 συνίστορα*
499 4386 704 4455 μᾶλλον
741 4387 840 4458 μὲν
866 4386 960 4442 οὖν
994 4391 1073 4453 εἰς
1108 4391 1328 4463 ἔλεγχον
1362 4395 1524 4449 αὐτοῦ
1557 4400 1723 4469 γενή-

116 4489 289 4525 σεται
317 4477 416 4526 καὶ
448 4477 787 4546 κατηγορίαν
816 4480 1203 4552 ὲνδικωτάτην.

199 4567 381 4619 Ταῦτ’
406 4565 501 4621 οὖν
532 4571 588 4621 ἐν
620 4573 685 4640 τῇ
731 4571 872 4624 κατά
898 4572 992 4627 νῦν
1027 4574 1230 4645 θεωρίᾳ
1261 4576 1552 4647 σύμπαντα
1590 4598 1726 4651 προ-

108 4833 356 4904 ποίημα
400 4837 461 4889 τὸ
503 4842 873 4909 πεποιημένον
905 4844 1011 4897 ὑπὸ
1047 4846 1138 4897 τὸν
1167 4846 1349 4917 ἥλιον·
1397 4868 1415 4903 ι
1464 4852 1584 4922 οὐχὶ
1615 4853 1726 4907 τῶν

104 4923 233 4978 ὑπὸ
267 4925 437 4991 Θεοῦ,
474 4929 576 4997 τῆς
621 4933 915 5002 ποιητικῆς
946 4934 1189 5004 δηλονότι
1223 4940 1333 4991 τῶν
1358 4941 1615 4997 ἁπάντων
1641 4949 1725 4998 αἱ-

101 5014 251 5077 τίας
284 5017 706 5088 πεποιημένων,
738 5022 858 5075 ἀλλ’
881 5024 986 5077 ὑπὸ
1024 5026 1134 5080 τῶν
1183 5030 1404 5097 φαύλων
1447 5034 1543 5087 καὶ
1572 5054 1724 5105 μισο-

102 5107 321 5163 γάλων
368 5110 697 5181 ἀνθρώπων,
741 5114 849 5169 τῶν
883 5116 1096 5181 ἀδικίας
1139 5121 1234 5174 καὶ
1270 5124 1584 5193 πλεονεξίας
1628 5132 1724 5185 καὶ

208 5296 259 5328 ⁷³
282 5295 439 5352 Psal.
477 5313 667 5370 cxvm,
710 5304 801 5359 60.

189 5407 324 5490 ([2)
357 5412 417 5490 [ιι
447 5410 984 5490 Vulgatishabemus
1020 5436 1033 5472 :
1067 5415 1249 5487 Neque
1270 5418 1511 5490 saivabit
1545 5422 1729 5490 impie-

65 5492 180 5537 tas
240 5482 479 5560 impium
508 5499 526 5537 :
556 5482 705 5560 quod
752 5487 910 5560 plane
941 5482 1231 5560 respondet
1269 5487 1569 5560 Hebraicis,
1604 5482 1726 5560 qua:

98 5560 355 5605 vertere
383 5553 676 5626 sicipossis
715 5553 947 5626 :Neque
975 5553 1167 5611 liberat
1204 5558 1512 5623 improbitas
1549 5553 1721 5615 doiui-

84 5636 216 5696 ηοξ
262 5637 428 5696 suos.
476 5625 663 5695 Itaque
713 5625 1078 5696 Symmachus
1119 5627 1350 5681 reddidit
1395 5628 1586 5696 ἔχοντα
1620 5638 1719 5686 αὑ-

78 5690 246 5760 τήν,
276 5694 431 5765 quod
460 5690 597 5748 idem
625 5707 727 5751 est.
755 5690 866 5751 Nec
890 5700 1049 5752 aliter
1073 5690 1513 5765 ()lyrnpiodor'us.
1543 5717 1717 5764 quan-

96 5777 300 5832 quam
368 5764 799 5837 signiﬁcantius;
851 5772 928 5823 sic
977 5771 1122 5822 enim
1174 5764 1405 5836 explicat
1445 5782 1457 5818 :
1503 5771 1607 5822 Καὶ
1655 5778 1713 5825 οὐ

1830 1932 1945 1988 sive
1990 1930 2175 1985 anima
2222 1929 2622 2001 profectionem
2657 1943 2686 1981 a
2725 1939 2960 1996 corpore
2998 1923 3230 1993 parabit.
3266 1923 3408 1975 Tum

1828 2023 1998 2087 enim,
2025 2030 2148 2091 post
2168 2022 2591 2090 praenuntiatam
2618 2018 2788 2073 divini
2819 2015 3033 2071 consilii
3058 2013 3408 2076 sententiam,

1828 2114 1963 2168 nihil
1991 2113 2102 2182 jam
2141 2110 2350 2165 homini
2384 2109 2646 2181 prodesse
2690 2117 2890 2178 potest,
2927 2108 3014 2161 vel
3052 2106 3099 2160 si
3144 2106 3197 2160 in
3230 2106 3408 2174 lacry~

1828 2221 1948 2260 mas
2008 2202 2375 2258 ell'undumur.
2433 2200 2905 2267 Quemadmodum
2968 2198 3113 2253 enim
3166 2212 3277 2267 quo
3323 2196 3410 2251 die

1827 2297 1973 2351 acies
2016 2295 2085 2350 ad
2117 2294 2470 2366 pugnandum
2500 2293 2780 2347 instructa:
2812 2298 2963 2356 sunt,
2995 2288 3132 2343 nihil
3168 2291 3234 2343 ad
3279 2304 3409 2343 con-

1827 2390 2119 2444 ciliandam
2172 2387 2722 2454 constituendamque
2769 2399 2958 2454 pacem
3006 2382 3187 2437 valere
3219 2381 3407 2437 oblata

1828 2484 2028 2552 legatio
2076 2488 2303 2551 potest:
2337 2481 2541 2549 quippe
2599 2478 2769 2532 multo
2827 2477 2977 2545 prius
3017 2491 3139 2530 eam
3190 2475 3409 2528 mittere

1824 2576 2115 2641 debebant,
2164 2574 2257 2644 qui
2309 2583 2443 2627 tunc
2498 2572 2755 2637 mittunt;
2810 2573 2890 2626 sic
2938 2571 3256 2625 imminente
3293 2570 3408 2638 jam

1829 2676 2001 2721 morte
2048 2673 2101 2720 et
2149 2665 2393 2719 animam
2443 2672 2687 2717 nostram
2744 2678 2775 2717 a
2820 2676 3048 2730 corpore
3096 2668 3406 2729 separante.

1828 2759 1964 2813 nihil
1989 2758 2241 2811 morienti
2267 2756 2463 2827 prosit,
2494 2756 2580 2810 vel
2617 2756 2661 2811 si
2689 2770 2881 2824 preces
2914 2764 2968 2808 et
2997 2753 3409 2809 obsecrationes

1827 2851 2088 2905 adhibeat
2127 2848 2581 2913 innumerabiles,
2614 2847 2679 2900 ad
2712 2847 3120 2901 cunctationem
3165 2854 3221 2899 et
3251 2844 3409 2898 indu-

1828 2943 1943 2998 cias
1976 2940 2370 3010 impetrandas,
2396 2949 2560 3010 atque
2580 2939 2649 2994 ad
2675 2936 2810 2994 illud
2835 2938 3236 3003 redimendum,
3258 2934 3408 3007 quod

1825 3033 1935 3103 jam
1974 3033 2196 3103 ingruit.

1902 3215 2245 3270 lnexorabile
2275 3213 2440 3283 igitur
2471 3213 2523 3267 id
2572 3221 2676 3278 est,
2722 3221 2776 3265 et
2814 3225 3111 3266 commune
3149 3211 3407 3265 omnibus

1832 3307 2173 3369 hominibus.
2218 3315 2277 3361 ut
2321 3308 2519 3360 anima:
2548 3320 2579 3359 a
2620 3319 2851 3373 corpore
2885 3304 3151 3358 discessio
3184 3302 3409 3357 definito

1828 3399 1915 3453 die
1968 3399 2080 3453 ﬁat.
2126 3398 2607 3453 Vcrumenimvero
2653 3396 2745 3465 qui
2780 3395 2866 3465 pie
2912 3410 2973 3448 ac
3018 3396 3165 3464 juste
3206 3395 3260 3447 in
3305 3395 3410 3450 hac

1830 3491 1940 3544 vita
1967 3492 2166 3545 versati
2217 3490 2347 3554 sint,
2403 3491 2469 3544 ad
2519 3489 2827 3543 futurorum
2872 3486 3143 3541 bonorum
3183 3486 3406 3556 praemia

1829 3588 1984 3641 bona:
2034 3586 2340 3654 divinaeque
2384 3584 2497 3652 spei
2549 3597 2650 3653 ope
2682 3582 2923 3647 deducti,
2975 3583 3205 3635 salutem
3258 3583 3410 3637 inve—

1831 3680 1983 3732 nient
2009 3677 2419 3746 sempiternam.
2457 3675 2644 3743 Atqui
2686 3674 2882 3726 malam
2923 3680 2977 3726 et
3022 3672 3243 3742 impiam
3286 3688 3409 3741 per-

1828 3784 2156 3838 versamque
2186 3767 2405 3821 duxerit
2447 3765 2634 3829 vitam,
2667 3766 2737 3818 ita
2788 3765 2933 3819 hanc
2961 3764 3197 3828 deseret,
3234 3773 3295 3817 ut
3337 3766 3405 3817 ad

1829 3862 2204 3917 intolerabiles
2257 3869 2610 3926 :eternosque
2656 3857 2934 3911 cruciatus
2980 3856 3405 3920 transmittatur,

1830 3971 1933 4010 nec
1958 3970 2109 4024 spem
2148 3953 2312 4009 ullam
2352 3951 2569 4016 salutis,
2594 3950 2680 4003 cui
2715 3948 2864 4012 ﬁdat,
2903 3947 3112 4001 sociam
3143 3945 3400 4000 inveniat.

1829 4044 1943 4099 Hoc
1969 4044 2116 4097 enim
2142 4040 2495 4111 signiﬁcavit,
2525 4054 2649 4093 cum
2674 4037 2811 4092 dixit
2838 4055 2851 4089 :
2889 4056 2906 4088 ι
2947 4037 3014 4090 Et
3042 4052 3149 4090 non
3176 4036 3409 4090 salvabit

1829 4138 2081 4205 impietas
2113 4150 2259 4198 eum,
2302 4134 2394 4202 qui
2427 4133 2493 4187 ah
2522 4148 2607 4196 ea,
2649 4151 2667 4183 ι
2702 4131 2751 4185 id
2798 4138 2902 4193 est,
2951 4139 3251 4184 amatorem
3286 4128 3408 4197 ejus

1825 4238 1880 4283 ct
1903 4228 2186 4281 alumnum
2214 4236 2267 4280 et
2296 4226 2563 4279 asseclam
2593 4242 2604 4277 :
2633 4237 2756 4291 quae
2787 4222 2965 4290 potius
2994 4219 3407 4290 reprehensioni

1829 4320 1952 4389 ejus
1979 4319 2413 4387 justissinrmque
2461 4312 2905 4370 condemnationi
2937 4312 3151 4382 pondus
3192 4318 3275 4366 est
3306 4310 3407 4366 ad—

1828 4413 2007 4467 ditura
2041 4412 2181 4484 (12).

1898 4588 2072 4642 Porro
2103 4587 2226 4640 haec
2255 4585 2440 4639 omnia
2474 4585 2690 4653 sapiens
2724 4582 3083 4638 Ecclesiastes
3122 4591 3405 4649 tanquam,

1825 4678 2121 4750 praesentia
2140 4676 2351 4746 jamdiu
2380 4675 2810 4744 contemplatus,
2842 4673 3076 4742 adjecit:
3109 4690 3127 4723 ι
3157 4670 3224 4725 Ει
3244 4686 3409 4727 omne

1823 4772 1933 4824 hoe
1964 4769 2097 4834 vidi,
2136 4776 2189 4821 et
2227 4766 2350 4820 dedi
2387 4780 2483 4820 cor
2533 4778 2713 4817 meum
2763 4762 2815 4814 in
2855 4777 3019 4815 omne
3052 4775 3209 4830 opus,
3262 4762 3408 4828 quod

1825 4861 2028 4915 factum
2057 4867 2141 4913 est
2170 4857 2272 4913 sub
2304 4857 2454 4921 sole;
2488 4874 2506 4906 ι
2544 4856 2770 4909 minime
2796 4853 3014 4923 quidem
3044 4866 3258 4912 eorum,
3284 4865 3409 4920 quae

1827 4969 1857 5007 a
1892 4952 2024 5019 Deo,
2054 4951 2106 5005 id
2140 4958 2246 5015 est,
2283 4964 2314 5002 a
2347 4949 2521 5018 prima
2568 4946 2658 5001 illa
2705 4947 3084 5001 universorum
3133 4943 3409 4998 ell’ectrice

1833 5060 2000 5099 causa
2030 5043 2171 5099 facta
2194 5051 2354 5110 sunt;
2384 5042 2476 5097 sed
2501 5058 2621 5111 qua:
2640 5041 2869 5111 improbi
2893 5039 3220 5108 scelestique
3235 5036 3410 5107 208

1835 5134 2084 5189 homines
2126 5133 2448 5197 moliuntur,
2495 5132 2696 5202 quibus
2731 5131 3072 5202 propositum
3123 5138 3208 5184 est
3244 5128 3409 5197 quid—

1826 5424 2082 5504 διασώσει
2100 5429 2336 5504 Δἀσέϐεια
2368 5432 2460 5485 τὸν
2489 5431 2619 5504 παρ’
2655 5433 2824 5501 αὐτῆς
2845 5448 2859 5462 '
2895 5432 3016 5484 ἀντὶ
3038 5430 3156 5504 τού,
3181 5428 3270 5481 τδν
3295 5430 3401 5504 iure

1824 5497 1925 5566 τῆς
1983 5500 2237 5563 άσεόείας
2294 5497 2727 5622 τυραννούμενον
2778 5497 2871 5555 καὶ
2917 5501 3303 5572 κρατούμενον.
3349 5500 3402 5554 Id

1824 5580 1905 5619 est
1938 5583 1952 5620 :
1990 5568 2056 5621 Et
2084 5586 2184 5622 non
2207 5570 2355 5622 salva
2396 5573 2435 5622 it
2465 5572 2707 5622 impietas
2739 5590 2878 5622 eum.
2903 5575 2993 5622 aui
3017 5574 3079 5622 ab
3109 5587 3190 5622 ea.
3225 5585 3402 5622 nempe

1823 5580 1905 5645 est
1938 5583 1952 5620 :
1990 5568 2056 5621 Et
2084 5586 2184 5645 non
2207 5568 2435 5645 salvaoit
2465 5568 2714 5645 impietas
2739 5590 2878 5637 eum,
2903 5568 2993 5642 qui
3017 5574 3079 5645 ab
3109 5568 3407 5645 emineme

1822 5637 1993 5719 illum,
2030 5642 2119 5707 qui
2154 5643 2426 5710 tyrannidi
2450 5637 2564 5710 ejus
2598 5644 2861 5711 subjectus
2891 5637 2989 5707 est,
3025 5644 3409 5711 imperiumque

1819 5722 2017 5777 arrepit
