4166 6434
180 366 297 435 1057

1202 371 1282 431 IN
1324 372 1883 436 ECCLESIASTEN
1942 401 2012 411 -
2054 377 2202 437 LIB.
2248 381 2379 443 VII.

3294 391 3432 456 3058

171 484 299 548 ξίαν,
330 485 447 535 ὅσον
484 474 623 553 ἧκεν
655 483 734 546 εἰς
764 482 863 551 τὴν
898 482 1193 554 πρόχειρον
1243 482 1378 535 θέαν
1414 484 1510 535 καὶ
1542 485 1713 553 φαινόε

1835 488 2146 543 ostenderit
2174 505 2315 555 sese,
2349 500 2400 547 et
2430 490 2481 543 itt
2516 500 2876 561 conspectum
2930 493 3217 551 hominum
3260 514 3430 555 vene-

172 593 329 644 μενον.
356 576 411 628 Et
438 576 550 646 γὰρ
582 575 676 628 καὶ
713 576 788 647 μὴ
828 576 1039 640 πάντας
1070 577 1202 639 τοὺς
1249 578 1472 644 ἀσεϐεῖς
1503 579 1731 649 ὠκυμό-

170 684 280 734 ρους
305 667 450 736 ῐσμεν
502 669 596 720 καὶ
655 666 1027 737 καρπαλίμως
1077 666 1406 740 δεχομένους
1474 670 1575 739 τὴν
1625 668 1733 723 ἀπὸ

164 758 255 827 τῆς
287 758 555 831 παρούσης
587 760 730 829 ζωῆς
766 760 1043 812 ἔκπτωσιν
1070 761 1170 813 καὶ
1210 764 1555 834 περιτροπήν
1577 778 1590 789 ·
1615 760 1733 812 ἀλλ’

162 849 255 902 οὐκ
291 850 348 902 ὲκ
374 849 482 902 τῶν
511 849 960 918 διαγνωσθέντων
1010 852 1143 920 ἡμῖν
1185 854 1445 907 τοιούτων
1474 853 1560 921 ἐφ’
1595 851 1729 904 ἑκά-

165 958 257 1014 στῃ
275 945 426 1015 γενεᾷ
450 944 698 1015 δηλονότι
724 944 821 997 καὶ
840 945 1028 1014 γενεᾷ,
1046 943 1124 1014 τῷ
1159 946 1569 1017 Ἐκκλησιαστῇ
1594 961 1735 1014 παρ-

162 1036 393 1106 εἱληπται
444 1035 509 1089 τὸ
561 1037 859 1107 εἰρημένον
902 1036 998 1089 καὶ
1026 1036 1140 1091 νῦν.
1170 1033 1306 1093 Εἶτά
1339 1055 1505 1110 φησιν
1532 1039 1560 1090 ό
1601 1035 1723 1088 Ἐκ-

161 1125 477 1198 κλησιαστής
510 1146 518 1157 '

1833 579 1924 634 rit.
1962 577 2100 634 Nam
2130 583 2234 636 etsi
2271 598 2379 637 non
2413 598 2608 639 omnes
2658 585 2858 654 impios
2912 587 3092 643 brevis
3122 592 3220 647 aevi
3258 592 3431 648 fuisse

1831 670 2063 734 scimus,
2091 680 2167 725 .et
2198 686 2264 726 ex
2310 672 2413 727 hac
2443 674 2551 727 vita
2594 674 2778 729 medio
2819 678 2872 731 in
2911 692 3078 734 cursu
3141 692 3431 753 correptos

1829 760 2066 815 celerius
2093 760 2398 831 migrasse;
2429 778 2536 816 non
2601 764 2745 831 ideo,
2772 766 2817 819 si
2848 768 2989 821 ratio
3028 770 3299 826 habeatur
3333 790 3430 829 eo-

1831 866 1952 904 rum
1982 867 2105 921 quaa
2156 853 2391 923 singulis
2438 856 2695 911 aetatibus
2750 860 3051 929 contigisse
3086 866 3425 935 accepimus,

1830 943 1983 1013 quod
2016 944 2106 999 hic
2137 946 2345 1001 dictum
2399 956 2503 1012 est,
2539 954 2743 1004 temere
2778 951 2849 1003 ab
2888 950 3223 1010 Ecclesiaste
3251 959 3428 1027 prola-

1829 1044 1944 1089 tum
1980 1036 2153 1091 videri
2182 1037 2341 1094 debet
2366 1038 2502 1110 (22).
2537 1039 2628 1095 Ait
2655 1042 2855 1098 deinde
2889 1042 3257 1104 Ecclesiastes
3286 1065 3299 1101 :

1672 1236 1700 1308 ς
1731 1232 1879 1290 xvr.

226 1334 383 1387 Ἐστι
404 1334 757 1402 ματαιότης,
786 1332 826 1401 ἢ
852 1334 1172 1404 πεποίηται
1200 1334 1298 1389 ἐπὶ
1326 1332 1435 1402 τῆς
1465 1331 1597 1406 γῆς,
1630 1333 1720 1385 ὅτι

154 1425 263 1477 εἰσί
292 1424 524 1490 δίκαιοι,
554 1425 643 1478 ὅτι
667 1425 881 1494 φθάνει
903 1426 1054 1494 πρὸς
1079 1428 1330 1494 αὐτοὺς,
1362 1428 1443 1492 ώς
1492 1427 1722 1495 ποίημα

154 1516 266 1569 τῶν
286 1516 516 1571 ἀσεϐῶν
535 1534 549 1548 ⁸
580 1518 682 1572 καί
720 1518 884 1571 εἰσιν
904 1519 1168 1587 ἀσεϐεῖς,
1200 1520 1293 1574 ὅτι
1330 1520 1545 1590 φθάνει
1569 1517 1723 1586 πρὸς

153 1608 361 1676 αὐτοὺς
375 1609 455 1675 ὠς
491 1610 720 1679 ποίημα
746 1608 868 1662 τῶν
919 1609 1187 1666 δικαίων.
1241 1611 1355 1666 Καὶ
1389 1608 1531 1664 εἶπα
1557 1627 1571 1641 ο
1608 1611 1721 1665 Κιιί

152 1718 215 1769 γε
246 1700 412 1754 τοῦτο
440 1703 787 1770 ματαιότης.

216 1792 529 1862 ΙΙαράλογος
575 1793 805 1866 εὓρηται
856 1797 1001 1868 φορά
1046 1797 1142 1850 καὶ
1171 1796 1298 1864 δόξα
1342 1796 1717 1868 διεφθαρμένη

148 1887 238 1939 καὶ
258 1887 428 1957 πάντη
454 1886 680 1960 ψευδὴς,
706 1892 738 1959 ὴ
785 1890 932 1961 ιταρά
951 1890 1062 1944 τῶν
1093 1890 1403 1960 μισοκάλων
1430 1892 1524 1944 xui.
1553 1906 1721 1943 κακο-

143 1980 303 2044 δόξων
333 1978 636 2051 ἀνθρώπων
664 1983 761 2035 καὶ
810 1982 1092 2035 δυσσεσῶν
1120 1983 1386 2054 γινομένη
1419 1985 1537 2046 τοῖς
1562 1984 1720 2036 εὐσε-

145 2070 261 2124 ϐέσι
284 2073 374 2124 καὶ
409 2072 662 2137 δικαίοις,
690 2074 787 2126 καὶ
822 2068 925 2145 τῆς
968 2075 1177 2145 ἀρετῆς
1218 2076 1500 2146 ἐρασταῖς,
1539 2074 1720 2129 καὶτὸ

141 2160 371 2231 ἔμπαλιν
406 2165 521 2226 τοῖς
581 2163 811 2216 ἀσεϐέσι
844 2164 941 2217 καὶ
991 2168 1252 2235 πονηροῖς
1274 2167 1309 2236 ὴ
1346 2164 1571 2230 καὶτὰς
1604 2165 1717 2219 τῶν

138 2254 411 2325 ἑκατέρων
442 2255 744 2326 ὑπολήψεις
780 2257 1114 2327 ἀμείϐουσα,
1159 2258 1255 2311 καὶ
1287 2256 1471 2327 μέντοι
1492 2259 1589 2311 καὶ
1617 2258 1717 2321 τὰς

137 2346 522 2417 προσηκούσας
551 2349 645 2401 καὶ
668 2349 1047 2419 καταλλήλους
1061 2350 1426 2421 ἀνταμείψεις
1456 2352 1717 2406 έναλλάτ⁴

134 2454 321 2505 τουσα,
354 2439 585 2503 καὶτὰς
635 2440 737 2510 μὲν
786 2440 1151 2512 ὀφειλομένας
1209 2444 1324 2507 τοῖς
1364 2443 1590 2511 ἀγαθοῖς
1620 2444 1715 2498 καὶ

131 2530 358 2593 δικαίοις
386 2531 738 2603 ἀπονέμοντα
767 2536 885 2597 τοῖς
916 2534 1142 2589 ἀσεϐέσι
1161 2535 1258 2589 καὶ
1284 2538 1546 2607 πονηροῖς
1575 2553 1590 2568 ο
1620 2538 1714 2591 καὶ

130 2621 196 2673 τὸ
217 2622 452 2691 ἔμπαλιν
476 2624 577 2687 τὰς
603 2625 998 2696 ὲπηρτημένας
1014 2625 1247 2690 ἐκείνοις
1263 2627 1712 2697 ἀντιπαρέχουσα

131 2713 362 2779 τούτοις,
384 2715 506 2768 κατ’
535 2717 856 2771 ἐναντίωσιν
884 2718 985 2789 τῆς
1005 2718 1350 2790 θεοπρεποῦς
1372 2719 1713 2789 ἀγαθότητος

128 2808 229 2861 καὶ
275 2807 699 2879 δικαιοκρισίας.
746 2810 807 2863 '0
837 2810 938 2880 μὲν
974 2810 1085 2881 γὰρ
1135 2812 1271 2873 Θεὸς
1329 2814 1443 2874 τοῖς
1487 2812 1713 2880 ἀγαθοῖς

126 2900 343 2969 mea;
396 2900 628 2954 δίδωσιν
680 2902 981 2965 ἀντιδόσεις
1008 2943 1023 2967 ,
1051 2902 1315 2967 ὡσαύτως
1371 2921 1435 2973 γε
1485 2905 1593 2975 μὴν
1618 2905 1712 2957 καὶ

120 2994 239 3056 τοῖς
291 2995 553 3063 πονηροῖς
588 2994 865 3063 πονηράςο
901 2992 998 3048 ἀτε
1040 2994 1106 3065 δὴ
1138 2994 1446 3066 θεοπρεπεῖ
1466 2997 1709 3069 τρυτάνῃ

1899 1325 2056 1384 Vers.
2088 1329 2179 1383 Η.
2216 1326 2314 1383 Est
2340 1330 2575 1392 vanitas,
2606 1346 2724 1401 qua
2746 1330 2894 1399 facta
2915 1342 2992 1385 est
3017 1350 3174 1403 super
3202 1344 3419 1397 terram.

1825 1421 1951 1490 quia
1990 1429 2115 1474 sunt
2158 1422 2311 1486 iusti,
2340 1423 2470 1492 quia
2531 1422 2670 1475 venit
2723 1422 2793 1474 ad
2844 1439 2932 1475 eos
2962 1464 2976 1486 ,
3019 1426 3175 1494 quasi
3218 1427 3422 1497 factum

1824 1512 2152 1578 impiorum;
2182 1522 2231 1565 et
2288 1521 2412 1565 sunt
2467 1512 2617 1578 impii
2643 1553 2656 1575 ,
2682 1512 2809 1580 quia
2858 1514 2993 1566 renit
3023 1522 3093 1568 ad
3123 1532 3233 1581 eos,
3261 1523 3416 1587 quasi

1825 1600 2031 1669 factum
2087 1601 2384 1670 justorum.
2442 1601 2511 1655 Et
2569 1602 2741 1656 dixi:
2804 1600 2922 1655 Hoc
2983 1606 3146 1659 etiam
3208 1613 3417 1664 vanitas

1754 1724 1797 1779 Β
1824 1698 1901 1741 est
1935 1689 2071 1760 (ἳὸ).

1898 1778 2213 1834 Absurdam
2245 1779 2686 1837 distributionem
2717 1793 2770 1840 et
2799 1795 3117 1857 corruptum
3145 1788 3415 1857 judicium

1828 1884 1892 1923 ac
1915 1869 2074 1939 plane
2102 1870 2301 1927 falsum
2356 1873 2623 1930 induxere
2673 1876 2930 1933 homines
2960 1880 3258 1947 inhonesti,
3289 1898 3417 1951 pcr-

1826 1960 2084 2031 versique
2138 1973 2303 2032 atque
2352 1963 2525 2034 impii,
2557 1975 2666 2021 tam
2705 1971 2885 2037 quoad
2922 1972 3044 2039 pios
3070 1971 3319 2042 ctjustos
3350 1990 3414 2028 ac

1826 2052 2043 2109 virtutis
2068 2064 2364 2118 amatores,
2394 2073 2559 2127 quam
2588 2060 2773 2127 quoad
2833 2061 3035 2131 impios
3065 2078 3095 2117 e
3134 2067 3416 2119 contrario

1823 2156 1878 2199 et
1903 2145 2237 2215 ﬂagitiosus,
2290 2162 2403 2217 quo
2457 2164 2651 2219 nempe
2708 2162 3073 2225 utrorumque
3124 2156 3413 2226 opiniones

1824 2248 2159 2308 permutant,
2195 2250 2251 2295 et
2306 2244 2700 2299 convenientes
2755 2249 3115 2317 pr0priasque
3231 2261 3409 2304 remu-

1824 2331 2139 2386 nerationcs
2197 2333 2498 2400 invertunt,
2534 2343 2591 2388 ut
2648 2352 2771 2406 quae
2803 2338 2963 2393 bonis
3018 2355 3081 2394 ac
3121 2340 3290 2411 justis
3319 2343 3415 2397 de-

1824 2420 2043 2490 bentur,
2068 2438 2131 2478 ea
2164 2423 2350 2494 impiis
2380 2435 2434 2480 et
2458 2424 2745 2497 ﬂagitiosis
2775 2430 3060 2497 assignent
3086 2448 3101 2496 ;
3127 2440 3182 2486 et
3218 2448 3249 2487 e
3278 2448 3411 2487 con-

1825 2512 1995 2566 trario
2022 2530 2145 2583 quae
2176 2514 2296 2570 istis
2337 2516 2674 2585 impendent,
2710 2518 2762 2571 in
2801 2534 2900 2573 cos
2941 2519 3243 2588 reﬂectant,
3266 2523 3409 2577 divi-

1823 2618 1907 2658 na:
1942 2604 2174 2659 bonitati
2199 2616 2253 2661 et
2284 2607 2439 2677 justo
2478 2608 2690 2678 judicio
2737 2610 2896 2679 plane
2947 2614 3243 2668 adversati.
3273 2614 3407 2669 Nam

1823 2696 1966 2753 Deus
2012 2698 2231 2768 quidem
2293 2699 2455 2756 bonis
2486 2699 2659 2754 bonas
2701 2700 2793 2754 dat
2832 2704 3326 2770 rentttnerationes,
3356 2715 3411 2759 et

1821 2791 2012 2843 eodem
2050 2792 2240 2860 utique
2272 2792 2436 2845 modo
2477 2792 2637 2847 malls
2689 2795 2864 2847 malas
2894 2794 3095 2863 quippe
3124 2796 3218 2865 qui
3250 2796 3409 2851 lance

1819 2881 2138 2949 mquissinta
2174 2882 2442 2950 ponderat
2470 2890 2525 2935 et
2547 2883 2834 2937 distribuit
2856 2885 3089 2955 singulis
3111 2902 3234 2955 qua:
3254 2888 3409 2955 quis-

1819 2987 1927 3040 que
1952 2972 2184 3027 meritus
2230 2982 2333 3028 est.
2390 2975 2463 3027 At
2512 2973 2770 3028 humanae
2820 2976 3020 3030 mentis
3074 2975 3345 3046 judicium
3376 2995 3408 3031 e

120 3084 495 3144 ταλαντεύων,
526 3085 624 3137 καὶ
666 3084 939 3155 διανέμων
1002 3086 1222 3157 ἑκάστῳ
1275 3087 1346 3140 τά
1382 3090 1502 3141 κατ’
1532 3087 1710 3153 ἀξίαν.

1820 3067 2100 3117 contrario
2127 3064 2285 3119 bonis
2309 3066 2506 3131 malas,
2529 3076 2584 3120 et
2619 3067 2779 3122 malis
2817 3067 2992 3123 bonas
3024 3067 3258 3139 illosque
3287 3086 3405 3140 pm-

122 3176 203 3229 Τὺ
250 3175 306 3229 δὲ
359 3178 647 3248 κριτήριον
689 3177 789 3247 τῆς
822 3176 1174 3249 ἀνθρωπίνης
1207 3174 1440 3250 γνώμης
1473 3179 1713 3251 ἔμπαλιν

118 3271 242 3331 τοῖς
276 3268 509 3336 ἀγαθοῖς
555 3269 826 3338 πονηρὰς,
874 3273 989 3333 τοῖς
1046 3270 1102 3323 δὲ
1160 3274 1422 3341 πονηροῖς
1477 3271 1710 3339 ἀγαθὰς,

117 3360 414 3425 κάκείνους
439 3362 539 3431 μὲν
562 3363 823 3415 κολάσεσι
851 3362 1255 3417 καθυποὸἀλλει
1276 3367 1368 3417 καὶ
1390 3365 1708 3436 τιμωρίαις,

117 3452 401 3516 ποικίλαις
442 3451 685 3524 ὲξορίαις
719 3452 1198 3524 παραπέμπουσα,
1222 3456 1319 3507 καὶ
1336 3455 1711 3526 καθείργουσα

115 3542 368 3612 χρονίαις
396 3544 646 3611 εἱρκταῖς
670 3560 684 3573 ·
721 3544 897 3596 ἐνίοτε
943 3544 1000 3597 δὲ
1035 3546 1129 3596 καὶ
1163 3543 1308 3614 λιμῷ
1343 3546 1437 3597 καὶ
1481 3546 1710 3614 μάστιγι

114 3634 218 3684 καὶ
247 3632 384 3702 πυρὶ
412 3633 508 3685 καὶ
529 3632 774 3706 σιδήρῳ,
801 3635 896 3686 καὶ
952 3633 1118 3704 βορὰν
1163 3633 1375 3704 θηρίοις
1407 3635 1711 3706 παραπέμ-

110 3740 213 3776 πει
247 3725 345 3777 καὶ
377 3705 595 3777 δίδωσιν
623 3726 865 3795 ἀκρίτως
890 3725 986 3777 καὶ
1034 3726 1407 3796 παραφρόνως
1431 3742 1444 3756 ·
1480 3727 1710 3790 τούτους

109 3814 176 3869 δὲ
202 3817 626 3888 καταγεραίρει,
670 3818 765 3871 καὶ
790 3818 1015 3887 τρυφῶν
1048 3818 1194 3883 ἀξιοῖ
1243 3820 1338 3873 καὶ
1377 3820 1710 3875 δυναστειῶν

108 3909 213 3962 καὶ
245 3908 439 3975 δοξῶν.

186 4000 368 4052 Τοῦτο
413 3999 596 4053 τοίνυν
636 4000 819 4071 πάσης
865 4001 1185 4072 παραλόγου
1220 4001 1460 4073 κρίσεως
1490 4003 1702 4073 ἀνάμε-

104 4108 245 4145 στον
276 4092 511 4164 εὕρηται
540 4093 637 4146 καὶ
664 4093 768 4162 τῆς
797 4093 1039 4165 ἐσχάτης
1076 4095 1473 4166 παραπληξίας
1500 4112 1709 4166 σημαν-

1816 3156 1901 3211 nis
1956 3157 2350 3228 suppliciisque
2411 3158 2761 3229 subjicit,et
2812 3161 2975 3214 modo
3024 3163 3175 3215 varia
3208 3164 3406 3217 exsilia

1815 3249 2053 3303 tolerare
2073 3249 2254 3318 jubet.
2278 3249 2444 3305 modo
2474 3251 2794 3306 carceribus
2822 3252 2875 3304 in
2906 3251 3231 3307 diuturnum
3264 3263 3405 3308 tem--

1814 3350 1918 3406 pus
1964 3336 2196 3391 includit
2233 3354 2248 3391 :
2282 3338 2555 3393 interdum
2615 3354 2746 3393 vero
2787 3348 2841 3393 et
2873 3338 3015 3393 fame
3053 3348 3108 3395 et
3143 3340 3328 3412 ﬂagris
3351 3352 3405 3396 et

1815 3431 1940 3500 igne
1960 3442 2013 3484 et
2043 3429 2192 3483 ferro
2217 3430 2520 3493 excruciat,
2540 3438 2635 3483 aut
2653 3445 2835 3485 escam
2866 3430 3108 3485 destinat
3132 3433 3405 3503 traditque

1816 3523 2030 3587 belluis,
2060 3523 2258 3577 indicta
2291 3521 2452 3591 213
2482 3537 2649 3575 causa
2691 3531 2745 3575 et
2789 3524 2994 3577 amenti
3048 3525 3316 3588 consilio;
3349 3535 3406 3578 at

1815 3616 1915 3668 hos
1946 3614 2192 3683 praemiis
2222 3612 2410 3678 aﬂieit,
2445 3622 2500 3667 et
2528 3614 2763 3680 deliciis,
2802 3614 3070 3685 imperiis,
3107 3618 3281 3687 gloria
3320 3616 3404 3670 di-

1813 3717 2032 3779 gnatur.

1881 3998 1938 4053 ld
1967 4012 2135 4068 porro
2164 4007 2270 4065 est,
2305 3999 2451 4069 quod
2487 4000 2729 4070 perversi
2770 4000 2963 4069 judicii
3002 4001 3225 4071 plenum
3256 4001 3403 4057 vide-

1812 4102 1919 4158 tur,
1957 4102 2011 4147 et
2043 4092 2377 4147 dementiam
2415 4092 2623 4148 indicat
2650 4108 2923 4147 summam
2955 4103 3120 4163 atque
3151 4095 3404 4150 omnium

99 4182 290 4244 στικὸν,
356 4184 447 4235 καὶ
497 4181 901 4250 καταγνώσεως
939 4182 1111 4247 ἀξιον.
1166 4184 1265 4237 Διά
1306 4184 1469 4237 τοῦτό
1516 4201 1651 4256 φησι
1688 4202 1704 4218 ο

1820 4185 2162 4240 damnatione
2191 4183 2596 4253 dignissimam.
2631 4184 2839 4239 Idcirco
2878 4186 2995 4238 ait:
3031 4204 3049 4236 ι
3089 4185 3204 4241 Hoc
3233 4187 3398 4242 etiam

102 4293 128 4325 σ
178 4274 296 4327 Καί
326 4290 390 4342 γε
425 4274 587 4328 τοῦτο
620 4275 949 4345 ματαιότης,
989 4294 1009 4327 ι
1038 4274 1103 4327 τδ
1131 4274 1366 4341 σύνηθες
1402 4276 1707 4347 πρόσρημα

1820 4277 2024 4330 vanitas
2062 4284 2180 4338 est,
2222 4293 2240 4327 ι
2291 4282 2619 4329 consuetum
2675 4290 2950 4344 usurpans
2996 4276 3244 4339 dictum,
3288 4292 3402 4346 quo

94 4366 209 4437 τῆς
266 4365 653 4435 ὲκφαυλίσεως
710 4365 822 4419 τῶν
877 4364 1139 4418 τοιούτων
1187 4364 1380 4418 εἰπών.
1458 4366 1551 4418 Διδ
1605 4368 1706 4439 τὴν

1820 4367 1941 4421 talia
1994 4366 2345 4435 improbaret.
2379 4363 2612 4434 Jamque
2641 4365 2930 4435 objurgata
2959 4367 3402 4437 reprehensaque

93 4457 375 4526 τοιαύτην
390 4474 598 4511 κατακε
606 4476 700 4529 ρτο
707 4459 782 4530 μή
791 4475 890 4522 σας
905 4460 1001 4512 καὶ
1019 4458 1402 4529 κατακωμῳδή
1411 4475 1511 4519 σας
1531 4460 1701 4514 ἀκατ-

1820 4457 2166 4528 perversione
2197 4454 2469 4524 ejusmodi
2501 4454 2739 4509 absurda
2760 4463 2926 4523 atque
2942 4465 3297 4524 praepostera,
3330 4458 3399 4509 ad

91 4547 350 4617 ἀλληλον
393 4549 765 4619 ἀντιστροφὴν
804 4548 899 4601 καὶ⁵
946 4547 1282 4617 παράλογον,
1317 4547 1580 4612 ὡσαύτως
1613 4550 1707 4602 ἐπὶ

1820 4565 1995 4605 rerum
2044 4549 2233 4603 itidem
2265 4589 2278 4611 ,
2314 4564 2437 4617 quae
2485 4547 2539 4601 in
2578 4548 2683 4601 hac
2712 4547 2826 4600 vita
2862 4556 3154 4617 geruntur,
3191 4557 3401 4603 rectam

86 4640 206 4708 τὴν
238 4638 380 4708 εύθῆ
408 4638 569 4703 δόξαν
599 4638 711 4692 τῶν
740 4640 800 4692 έν
826 4638 907 4709 τῷ
931 4638 1032 4709 βίῳ
1059 4639 1492 4709 πολιτευομένων
1525 4657 1707 4711 πραγ-

1820 4640 2273 4696 existimationem
2305 4638 2545 4702 devenit,
2582 4654 2693 4708 quo
2727 4638 2867 4693 male
2902 4638 3174 4693 sentiendi
3204 4654 3396 4709 prave-

89 4731 303 4802 μάτων
356 4730 641 4801 ἐχώρησεν
667 4770 682 4793 ,
712 4732 788 4794 ὡς
842 4731 945 4802 τῆς
993 4731 1438 4803 διεστραμμένης
1475 4732 1706 4805 γνώμης

1820 4748 1916 4804 que
1961 4731 2159 4803 agendi
2215 4730 2493 4786 licentiam
2557 4729 2760 4797 perosi,
2802 4736 2856 4782 et
2895 4728 3202 4798 potioribus
3228 4729 3395 4784 rebus

83 4825 197 4876 καὶ
240 4822 699 4894 πονηροπραξίας
754 4824 1053 4893 ἀμέτοχοι,
1101 4826 1199 4878 καὶ
1248 4828 1538 4897 κρείττους
1564 4827 1704 4880 ἀπο-

1820 4822 2033 4888 addicti,
2076 4837 2185 4876 non
2222 4822 2406 4875 minus
2434 4820 2677 4874 debonis
2701 4828 2753 4873 ct
2782 4820 2885 4889 piis
2913 4820 3268 4890 honestisque
3294 4822 3393 4875 ho—

83 4913 437 4984 φανθέντες,
470 4916 571 4979 τὰς
615 4915 839 4986 ἀληθεῖς
893 4916 1196 4987 ὑπολήψεις
1242 4918 1342 4971 καὶ
1393 4918 1494 4982 τὰς
1524 4919 1704 4984 εύθεῖς

1820 4916 2075 4981 minibus,
2102 4930 2269 4985 quam
2296 4914 2364 4968 de
2393 4914 2579 4983 impiis
2625 4922 2677 4968 et
2712 4913 2870 4968 malis
2905 4914 3281 4983 improbisque
3305 4930 3398 4968 ve-

76 5006 263 5071 δόξας
296 5008 392 5061 ἐπὶ
428 5011 543 5071 τοῖς
582 5006 812 5077 ἀγαθοῖς
833 5009 929 5061 καὶ
954 5008 1236 5063 θεοσεσέσι
1261 5010 1358 5063 καὶ
1390 5010 1703 5074 σπουδαίοις

1820 5022 1900 5062 ras
1928 5008 2232 5061 sententias
2262 5014 2317 5060 et
2348 5016 2525 5061 rectas
2555 5006 2841 5074 opiniones
2869 5008 3008 5058 tueri
3037 5006 3395 5060 studeamus:

78 5097 447 5169 ἀνθρώποις,
478 5102 575 5153 καὶ
618 5100 680 5153 τὸ
708 5100 948 5170 ἔμπαλιν
995 5103 1111 5164 τοῖς
1152 5102 1377 5154 ἀσεσέσι
1410 5103 1506 5155 καὶ
1534 5119 1701 5173 πονη-

1820 5106 1870 5153 ut
1900 5097 2136 5167 quisque
2166 5107 2419 5153 nostrum
2454 5097 2641 5151 ﬁdenti
2687 5097 2874 5149 animo
2937 5096 3104 5150 Deum
3151 5096 3398 5151 universi

82 5190 218 5262 ροῖς
248 5191 349 5243 καὶ
376 5189 601 5256 φαύλοις
626 5190 955 5259 διαφυλάξαι
1003 5191 1398 5260 σπουδάσωμεν
1424 5207 1439 5222 °
1470 5192 1559 5246 ἵνα
1602 5209 1701 5245 πε-

1820 5205 1935 5246 τιιηι
1960 5187 2168 5244 Davide
2198 5189 2465 5260 propheta
2516 5189 2829 5258 alloquatur
2857 5197 2910 5243 et
2930 5187 3075 5243 dicat
3105 5205 3118 5240 :
3155 5206 3173 5239 ι
3217 5188 3397 5243 Parti-

1808 5326 2087 5397 quazsierit
2122 5327 2174 5380 in
2211 5326 2489 5396 praesenti,
2520 5326 2573 5378 itt
2603 5340 2713 5394 quo
2741 5338 2924 5397 omne,
2962 5321 3107 5397 quod
3134 5322 3395 5397 vivimus.

1809 5392 1973 5452 lin-vc
2000 5408 2052 5452 et
2079 5392 2272 5451 umbra
2302 5408 2385 5450 est
2430 5406 2485 5450 et
2520 5392 2703 5465 ima—go
2733 5412 2745 5465 ξ
2777 5392 2844 5445 In
2878 5394 3109 5464 imagine
3130 5394 3269 5465 enim
3307 5409 3400 5465 pe-

1809 5469 2077 5521 rambulat
2133 5470 2286 5520 homo
2318 5466 2436 5531 (Ps.
2466 5462 2694 5525 xxxviii.
2732 5464 2826 5532 7);
2864 5466 2955 5517 sed
2994 5462 3145 5533 Quod
3206 5463 3275 5516 de
3313 5462 3396 5515 fn-

1806 5549 1934 5593 turo
1970 5540 2178 5599 timeat,
2214 5554 2280 5592 ne
2306 5539 2591 5608 longitudo
2615 5539 2740 5591 vita:
2786 5536 2982 5605 ipsius,
3015 5535 3109 5591 ubi
3155 5548 3281 5586 vera
3315 5541 3400 5587 est

1806 5611 1936 5663 vita.
1964 5610 2260 5663 brevietur.
2300 5630 2317 5659 ι

1878 5680 1992 5747 (‘25)
2033 5681 2188 5747 Apud
2240 5678 2383 5731 LXX
2442 5681 2657 5750 leges...
2697 5680 2817 5731 ’Ὁτι
2870 5678 2979 5730 sici
3028 5676 3253 5750 δίκαιοι,
3314 5674 3399 5750 ὅτι

1812 5743 2007 5824 φθάνει
2057 5743 2154 5824 Δἐπ’
2212 5743 2522 5824 autem“:
2548 5752 2761 5824 Qlytnp.
2820 5750 2947 5802 ’Ότι
3016 5747 3212 5824 φθάνει
3259 5743 3399 5816 πρὸς

1812 5820 2008 5883 αὐτοὺς
2042 5820 2117 5885 ώς
2147 5820 2361 5892 ποίημα
2392 5824 2497 5875 τῶν
2532 5823 2778 5875 ἀδίκων..

167 5328 295 5400 (22)
334 5328 456 5400 Alia
473 5337 555 5382 est
576 5328 895 5400 Hieronymi
942 5328 1502 5399 interpretatiochon
1526 5329 1696 5394 enim,

73 5398 307 5469 inquit,
362 5398 438 5463 hi,
465 5400 560 5468 qui
591 5400 762 5452 multo
790 5398 1059 5468 tempore
1096 5398 1327 5459 vivunt.
1372 5400 1699 5469 prolongaut

74 5470 217 5523 dies
293 5483 462 5533 suos;
499 5470 592 5523 sed
639 5470 731 5537 qui
778 5473 1012 5539 grandes
1058 5485 1154 5539 eos
1194 5470 1401 5523 faciunt
1427 5472 1696 5524 bonorum

74 5554 339 5608 operum
380 5541 751 5609 magnitudine
774 5538 797 5593 εί
827 5542 971 5611 unde
1020 5550 1074 5593 et
1099 5538 1272 5594 Jacoh
1299 5542 1457 5609 quasi
1486 5558 1544 5593 se
1573 5556 1699 5611 pec-

74 5620 354 5666 catorem
402 5612 671 5664 conﬁtens
725 5612 894 5665 dicit:
940 5610 1103 5663 Parvi
1152 5622 1197 5663 et
1243 5612 1375 5663 mali
1429 5612 1542 5662 dies
1576 5610 1697 5663 'mci

74 5677 263 5751 (Gen.
314 5681 589 5747 xcvtt,9i;
633 5691 690 5735 et
745 5681 795 5735 itt
837 5680 1055 5733 l’saltno
1101 5682 1390 5742 conﬁtens,
1431 5681 1573 5741 Dies,
1615 5683 1698 5733 in-

71 5750 240 5817 quit,
301 5753 404 5804 mct'
454 5752 589 5803 sicut
623 5755 809 5803 umbra
867 5752 1115 5803 inclinati
1159 5763 1302 5809 sunt.
1336 5760 1386 5803 et
1426 5768 1520 5820 ego
1560 5753 1698 5803 sicut

74 5827 288 5877 {cuum
320 5822 445 5875 arui
482 5820 658 5892 (I’sal.
688 5838 762 5889 cr,
792 5821 914 5890 1?);
948 5836 1054 5875 non
1086 5822 1229 5892 quod
1284 5822 1500 5891 longam
1534 5822 1697 5876 vitant
