4166 6434
119 415 234 482 1061

1125 417 1204 477 IN
1245 414 1820 476 ECCLESIASTEV-
1862 440 1929 447 —
1964 415 2109 473 LIB.
2153 413 2315 474 Vill.

3248 410 3384 476 ιοιξι

113 524 356 596 βρώμασι
386 521 479 575 καὶ
497 521 708 590 πόμασι
747 522 1308 591 κατασκευαζομένης
1353 524 1437 573 ἐπ’
1475 521 1683 583 αὐτοῖς,

1794 519 2075 575 hominum
2111 507 2592 586 bonum'dusiguat
2635 533 2699 572 ac
2728 525 2968 589 separat,
3012 518 3140 587 quia
3177 520 3378 576 bonum

110 617 200 668 καὶ
228 613 387 684 μόνον
419 608 699 682 ἀφορίζων
731 612 825 664 καὶ
860 613 1229 681 προσαποκλη
1240 613 1346 682 ρῶν
1376 612 1484 664 τῶν
1507 612 1688 664 τοιού-

106 723 210 759 των
263 702 567 773 ἀνθρώπων
614 702 677 755 τὺ
719 701 946 771 ἀγαθὸν,
991 703 1066 763 ὡς
1096 703 1250 755 οὐδὲν
1274 703 1403 757 ἄλλο
1427 703 1687 772 δυνηθέν-

105 799 294 868 των,ἢ
337 797 538 868 μᾶλλον
568 797 744 850 εἰπεῖν
806 796 1184 865 βουληθέντων
1225 795 1533 866 κτήσασθαι
1584 813 1686 847 κα-

105 893 191 943 λὸν
216 892 354 944 κατά
377 892 472 943 τὸν
508 891 754 959 παρόντα
781 890 894 958 βίον
919 907 933 920 ο
976 889 1091 940 ἀλλ’
1114 891 1234 943 οὐδὲ
1260 889 1397 958 πρὸς
1421 889 1519 958 τὴν
1556 888 1687 957 μέλ-

105 987 300 1037 λουσαν
344 982 491 1054 ζωὴν
526 983 714 1046 αὐτοῖς
753 982 1115 1054 εὑρεθήσεται
1163 981 1223 1034 τὸ
1255 983 1539 1051 παράπαν,
1571 979 1686 1031 ἀλλ’

100 1077 136 1146 ἦ
173 1077 331 1145 μόνον
358 1077 391 1146 ἡ
431 1075 573 1128 κατά
593 1073 684 1126 τὸν
715 1075 960 1142 παρόντα
987 1073 1100 1142 βίον
1137 1073 1394 1142 εὐετηρία
1420 1073 1514 1124 καὶ
1546 1072 1686 1140 θυμ-

103 1167 223 1234 ηδία
268 1167 362 1219 καὶ
391 1166 582 1236 τέρψις
607 1166 640 1232 ἡ
671 1164 761 1218 διὰ
799 1164 903 1231 τῆς
928 1163 1186 1234 βρώσεως
1204 1163 1298 1216 καὶ
1322 1161 1423 1230 τῆς
1452 1163 1682 1224 πόσεως.

101 1258 400 1326 Μονονουχὶ
447 1258 555 1324 γάρ
588 1274 761 1327 φησι·
820 1257 1048 1309 Πάντων
1104 1253 1513 1324 ἀπεστέρηνται
1577 1253 1686 1304 τῶν

99 1349 320 1417 ἀγαθῶν
339 1349 435 1402 καὶ
487 1351 630 1402 κατά
661 1351 765 1419 τὴν
793 1347 1082 1418 παροῦσαν
1108 1347 1255 1414 ζωὴν
1285 1347 1382 1398 καὶ
1411 1347 1555 1397 κατὰ
1585 1345 1686 1414 τὴν

101 1441 422 1511 μέλλουσαν,
455 1441 550 1494 ἅτε
595 1440 660 1511 δὴ
723 1443 864 1509 σφᾶς
921 1441 1121 1502 αὐτοὺς
1165 1438 1508 1508 αὐθαιρέτως
1549 1437 1687 1500 πρὸς

100 1535 281 1586 πᾶσαν
318 1532 504 1585 ἄδικον
559 1532 761 1601 πρᾶξιν
835 1533 931 1585 καὶ
982 1533 1141 1597 δόξαν
1200 1529 1538 1601 κατάλληλον
1591 1528 1687 1581 καὶ

96 1627 416 1697 παράλογον
437 1625 850 1696 ἐπιρρίψαντες,
874 1625 950 1688 ὡς
983 1624 1222 1693 εὐλόγως
1254 1625 1351 1676 καὶ
1380 1621 1689 1692 προσηκόν-

95 1737 208 1772 των
240 1719 474 1772 ἀκοῦσαι
527 1717 624 1770 καὶ
656 1717 729 1770 δι’
760 1717 894 1770 αὐτὸ
939 1718 1102 1770 τοῦτο
1160 1714 1315 1786 παρά
1371 1714 1473 1785 τῆς
1535 1713 1688 1777 θείας

93 1811 299 1882 βουλῆς
333 1811 431 1864 καὶ
479 1809 906 1880 δικαιοκρισίας·
947 1828 966 1860 ι
1010 1808 1344 1862 Ἀπελάϐετε
1392 1806 1460 1859 τά
1501 1805 1686 1873 ἀγαθά

91 1905 254 1975 ὑμῶν
282 1906 341 1957 ἐν
370 1907 436 1975 τῇ
468 1904 580 1975 ζωῇ
607 1903 783 1973 ὑμῶν,
806 1905 901 1956 καὶ
923 1904 1012 1957 διὰ
1037 1903 1198 1956 τοῦτο
1226 1901 1322 1955 νῦν
1343 1902 1634 1957 ὀδυνᾶσθε.
1662 1921 1679 1952 ι

87 2001 310 2063 Ζῶντες
339 1999 451 2070 γὰρ
491 1999 597 2052 ὑπὸ
619 1998 714 2052 τὸν
742 1995 1008 2069 αἰσθητὸν
1031 1997 1208 2067 ἥλιον,
1235 1999 1331 2052 καὶ
1363 2000 1536 2068 μήπω
1582 2015 1687 2050 κα-

85 2094 396 2162 λυφθέντες
419 2093 526 2146 ὑπὸ
563 2093 666 2161 τῆς
690 2093 817 2162 γῆς,
847 2093 1113 2163 οὐδεμιᾶς
1145 2091 1419 2163 ἠξιώσατε
1465 2091 1687 2163 φροντί-

1792 612 1938 665 aliud
1975 611 2025 663 in
2061 611 2162 665 hac
2193 610 2305 663 vita
2347 610 2557 662 nullum
2594 610 2898 677 potuerint,
2942 626 3035 664 seu
3071 612 3255 677 potius
3283 629 3384 666 no-

1792 702 1988 756 luerint
2023 683 2378 771 comparare:
2420 704 2562 771 quod
2595 703 2818 771 quidem
2856 705 2907 758 in
2930 701 3114 758 futura
3139 707 3250 761 vita
3283 708 3384 760 mi-

1791 799 1936 850 ninze
1971 797 2078 850 illis
2101 806 2299 866 praesto
2331 798 2435 850 erit
2459 813 2474 861 ;
2498 807 2558 850 ut
2595 808 2724 862 tota,
2752 800 2875 854 dum
2900 801 3089 854 vivont
3115 843 3128 865 ,
3152 801 3384 856 felicitas

1791 900 1977 937 eorum
2013 895 2067 938 et
2103 885 2286 937 laetitia
2333 899 2381 937 et
2413 886 2733 954 jucunditas
2755 888 2946 940 edendi
2972 898 3026 940 et
3051 889 3264 942 ιιίιιροιιιιί
3291 905 3384 943 vo-

1790 976 1998 1043 luptate
2055 977 2470 1045 circumscripta
2530 979 2622 1032 sit.
2655 973 2812 1031 Velut
2839 981 2883 1033 si
2919 982 3122 1034 diceret
3150 1001 3162 1034 :
3194 981 3384 1035 Omni-

1788 1069 1890 1124 bus
1914 1070 2073 1123 bonis
2113 1069 2187 1122 illi
2221 1085 2452 1123 caruere
2496 1078 2550 1124 et
2595 1064 2779 1140 quoad
2842 1083 3166 1140 praesentem
3195 1076 3380 1140 vitam,

1789 1173 1842 1216 et
1869 1165 2046 1230 quoad
2071 1161 2304 1216 futuram
2328 1181 2342 1229 ;
2366 1179 2488 1216 cum
2522 1165 2734 1232 seipsos
2775 1174 2968 1234 sponte
3002 1167 3052 1218 in
3089 1182 3253 1221 omne
3281 1168 3382 1222 lla-

1788 1255 1977 1322 gilium
2016 1263 2182 1323 atque
2216 1256 2265 1308 in
2292 1257 2503 1308 similes
2526 1257 2793 1324 planeque
2813 1256 3077 1312 absurdus
3096 1260 3382 1328 Opinioan

1789 1348 2144 1416 projecerint,
2184 1355 2242 1399 ut
2287 1347 2413 1416 jure
2459 1348 2767 1416 meritoque
2803 1349 2884 1402 vel
2915 1350 2985 1402 ob
3018 1351 3068 1403 id
3115 1353 3289 1420 ipsum
3328 1354 3380 1404 in

1789 1441 1973 1494 divino
2040 1439 2272 1493 consilio
2308 1440 2632 1508 judicioque
2685 1441 2924 1494 addituri
2976 1443 3118 1494 sint:
3157 1462 3174 1492 ι
3212 1443 3384 1496 Recc-

1791 1531 1949 1600 pistis
1979 1534 2116 1585 bona
2143 1545 2321 1587 vestra
2350 1535 2400 1586 in
2426 1534 2542 1587 vita
2576 1542 2758 1589 vestra
2790 1553 2802 1586 :
2833 1549 2904 1588 ac
2930 1546 3213 1603 proptr-rea
3238 1551 3383 1588 nunc

1790 1624 2113 1678 cruciamini
2149 1625 2285 1695 (Ξῗὶ).
2319 1645 2338 1676 ι
2377 1625 2513 1679 Dum
2541 1629 2686 1680 enim
2725 1627 2826 1680 sub
2862 1629 2974 1680 sole
3008 1628 3102 1681 illo
3133 1640 3379 1696 aspecta-

1787 1719 1882 1773 bili
1912 1719 2082 1772 vitam
2114 1719 2412 1781 duceretis,
2469 1733 2571 1772 nec
2625 1733 2723 1773 vos
2755 1720 3056 1775 etiamnum
3099 1727 3246 1775 terra
3287 1722 3384 1775 ob-

1793 1809 2039 1879 tegisset,
2080 1809 2288 1862 nullam
2322 1810 2391 1864 de
2431 1825 2548 1864 aevo
2605 1809 2790 1866 futuro
2817 1828 3008 1866 curam
3037 1814 3381 1882 suscepistis.

1805 1902 2026 1958 Idcirco
2052 1917 2202 1957 nunc
2257 1903 2323 1956 ad
2367 1903 2468 1957 hoc
2527 1903 2800 1970 translati,
2837 1906 3157 1975 impietatis,
3198 1914 3255 1958 ut
3289 1920 3387 1975 par

1794 2005 1933 2060 erat,
1959 2003 2012 2049 et
2038 1995 2306 2050 scelerum
2339 2005 2643 2050 vestrorum
2667 1994 2872 2063 justam
2897 1999 3199 2052 mercedem
3230 1997 3386 2052 inve—

1793 2089 1976 2144 nislis.

80 2186 182 2248 δος
208 2186 342 2254 περὶ
378 2183 475 2238 τοῦ
514 2185 802 2255 μέλλοντος
828 2184 1052 2245 αἰῶνος.
1083 2184 1183 2237 Διά
1221 2184 1381 2237 τοῦτο
1453 2184 1549 2237 νῦν
1600 2181 1969 2253 ἀμειφθέντες
2003 2181 2086 2244 είς
2144 2177 2338 2233 τοῦτον
2361 2219 2376 2244 ,
2410 2179 2521 2232 τῶν
2561 2178 2711 2233 ἰδίων
2745 2178 3124 2252 ἀσεϐημάτων
3154 2180 3250 2233 καὶ
3280 2197 3382 2232 κα-

82 2279 551 2348 κοπραγημάτων
623 2277 780 2341 ἀξίας
849 2277 1126 2347 εὑρήκατε
1201 2276 1298 2328 καὶ
1363 2277 1464 2340 τὰς
1511 2275 1771 2346 ἀμοιὸάς.

165 2373 358 2427 Ταῦτα
391 2373 523 2445 γὰρ,
553 2375 718 2444 φησὶν
752 2376 779 2426 ὁ
807 2373 972 2441 σοφὸς
1019 2373 1477 2444 Ἐκκλησιαστὴς,
1502 2374 1690 2444 ὲννοή·

80 2484 196 2530 σας
233 2506 248 2529 ,
300 2486 317 2518 ι
364 2466 586 2519 Ἐδωκα
628 2466 732 2536 τὴν
786 2465 1019 2534 καρδίαν
1071 2483 1174 2535 μου
1214 2467 1312 2519 τοῦ
1349 2467 1554 2534 γνῶναι
1589 2465 1690 2535 τὴν

78 2559 317 2627 σοφίαν,
353 2557 450 2610 καὶ
474 2556 567 2610 τοῦ
603 2557 732 2609 ίδεῖν
779 2558 870 2609 τὸν
914 2558 1302 2627 περισπασμδν
1328 2559 1423 2609 τὸν
1449 2574 1689 2628 πεποιη-

81 2655 264 2722 μένον
287 2652 379 2703 ἐπὶ
408 2653 506 2720 τῆς
557 2651 660 2719 γῆς
683 2669 696 2681 ·
742 2669 760 2701 ι
791 2650 850 2703 ἓν
911 2651 958 2702 οἱ
992 2651 1224 2717 πονηροὶ
1267 2650 1362 2702 καὶ
1398 2651 1686 2718 μισόκαλοι

74 2744 353 2812 καθάπερ
417 2742 629 2795 ἔνοικον
658 2741 896 2810 ἔχοντες,
946 2741 1007 2794 οὑ
1061 2741 1298 2794 διδόασιν
1355 2740 1523 2794 ὕπνον
1571 2745 1684 2806 τοῖς

71 2827 459 2904 ὀφθαλμοῖςῆ
484 2833 800 2901 νυστατμὺν
825 2834 942 2894 τοῖς
965 2831 1258 2901 βλεφάροις
1282 2849 1295 2862 ·
1328 2833 1446 2886 ἀλλ’
1468 2836 1526 2886 ὲν
1550 2833 1686 2903 ἠμέ-

74 2939 192 2997 ρψ.
232 2925 384 2995 πάσῃ
434 2926 531 2977 καὶ
580 2925 738 2976 νυκτὶ
781 2923 880 2986 τὰς
902 2924 1044 2978 κατά
1077 2923 1187 2975 τῶν
1209 2925 1454 2977 εὐσεϐῶν
1482 2925 1579 2978 καὶ¹
1603 2926 1685 2977 δι-

68 3017 277 3068 καίων
309 3015 616 3085 ἀνθρώπων
668 3014 908 3068 τίθενται
957 3014 1191 3084 μελέτας
1226 3015 1448 3077 ἀδίκους
1467 3017 1564 3069 καὶ
1597 3033 1690 3068 πο-

66 3107 273 3176 νηρὰς
306 3107 386 3168 εἰς
416 3106 478 3157 τὸ
507 3104 702 3175 ἐξᾶραι
746 3107 842 3158 καὶ
873 3105 933 3156 τὸ
968 3107 1314 3175 μνημόσυνον
1360 3106 1540 3158 αὐτῶν
1578 3107 1687 3160 ἀπὸ

1863 2371 1991 2426 Ηίιιο
2038 2370 2206 2435 enim,
2240 2369 2418 2439 inquit
2454 2371 2674 2439 sapiens
2723 2369 3100 2434 Ecclesiastes,
3134 2387 3256 2426 cum
3285 2388 3379 2429 co-

1787 2461 2074 2532 gitassem:
2113 2480 2131 2512 ι
2181 2460 2313 2514 Delli
2367 2477 2461 2513 cor
2500 2476 2704 2527 meum,
2742 2469 2799 2514 ut
2848 2476 3238 2531 cognoscerem
3290 2480 3383 2519 sa—

1793 2555 2079 2624 pientiam,
2108 2562 2163 2606 ct
2190 2553 2436 2606 viderem
2471 2553 2897 2615 distensionem,
2932 2569 3055 2622 qua!
3109 2555 3246 2609 facta
3301 2572 3383 2610 est

1784 2660 1949 2713 super
1985 2654 2188 2697 terram
2220 2660 2233 2707 ;
2269 2662 2286 2694 ι
2327 2659 2491 2711 quam
2522 2643 2759 2712 improbi
2787 2643 3036 2697 homines
3063 2654 3115 2697 et
3147 2647 3380 2701 virtutes

1786 2738 2000 2802 hostes,
2037 2752 2157 2790 cum
2191 2737 2337 2788 intus
2384 2737 2436 2788 in
2477 2735 2659 2789 animo
2705 2721 3016 2803 patiantur,
3064 2751 3171 2789 non
3203 2738 3382 2792 oculis

1787 2844 2060 2892 somnum,
2099 2843 2205 2880 non
2261 2825 2537 2896 palpebris
2584 2827 2975 2880 dormitionem
3022 2828 3376 2883 concedunt:

1786 2924 1880 2974 sed
1907 2921 2048 2973 diem
2089 2927 2261 2972 totum
2292 2934 2356 2972 ac
2391 2929 2603 2972 noctem
2648 2917 2700 2970 in
2738 2933 2804 2970 eo
2841 2919 3153 2985 traducunt,
3182 2928 3242 2972 ut
3276 2920 3380 2988 pi’s

1788 3025 1848 3064 ac
1875 3010 2038 3079 juslis
2075 3010 2391 3063 hominibus
2427 3009 2726 3077 perniciem
2774 3009 3102 3074 moliantur,
3131 3021 3187 3064 et
3231 3015 3377 3064 omni

1787 3093 2299 3171 suppliciorum'ac
2356 3109 2755 3155 tormentorum
2818 3117 3018 3170 genere
3075 3104 3156 3155 vel
3209 3104 3375 3171 ipsam

64 3199 202 3267 γῆς
236 3197 326 3249 διά
361 3195 624 3248 ποικίλων
681 3196 775 3248 καὶ
832 3197 1195 3251 παντοδαπῶν
1260 3198 1546 3267 τιμωριῶν
1591 3201 1686 3250 καὶ

1794 3211 1976 3249 eorum
2014 3194 2330 3248 memoriam
2363 3208 2393 3246 e
2443 3193 2622 3246 medio
2671 3194 2964 3246 tollendam
3014 3205 3229 3248 curent.
3286 3195 3378 3249 Et-

65 3289 376 3360 βασάνων.
410 3288 521 3340 Καὶ
561 3287 672 3356 γάρ
722 3287 912 3357 ἐπειδὴ
961 3289 1402 3358 προηγουμένως
1458 3289 1683 3359 ἔφησεν,

70 3401 94 3431 ς
160 3381 294 3431 Ὀτι
322 3377 579 3445 γινώσκω
608 3376 719 3445 ἐγὼ
747 3379 949 3446 ἀγαθὸν
975 3375 1115 3432 εἶναι
1165 3383 1283 3443 τοῖς
1321 3380 1688 3451 φοῦουμένοις

62 3472 187 3523 τὶν
228 3467 383 3530 Θεὸν,
407 3469 544 3538 ὅπερ
604 3469 706 3520 οὐκ
745 3467 897 3521 ἔσται
927 3471 1039 3531 τοῖς
1079 3469 1306 3522 ἀσεϐέσι
1333 3486 1346 3499 ·
1384 3490 1403 3523 ι
1444 3488 1687 3541 προκατ-

57 3560 389 3629 αγγέλλων
417 3559 694 3624 ἐντεῦθεν,
739 3561 816 3623 ὡς
857 3556 1035 3631 οἶμαι,
1065 3561 1421 3631 προφητικῶς
1450 3564 1548 3634 τὴν
1581 3564 1688 3615 τῶν

60 3655 284 3723 ἁγίων
311 3653 632 3714 ἀποστόλων
685 3654 780 3708 καὶ
859 3654 1155 3725 μαρτύρων
1213 3655 1428 3725 ἀγαθὴν
1503 3656 1691 3708 θεόθεν

53 3745 435 3814 ἀντάμειψιν
487 3746 546 3796 ὲν
605 3747 668 3814 τῇ
735 3744 984 3816 βασιλείᾳ
1039 3745 1151 3797 τῶν
1201 3745 1467 3818 οὐρανῶν,
1500 3741 1692 3814 ὲφόἶς

55 3838 540 3905 καουπήνεγκαν
566 3836 750 3900 πόνοις
781 3838 875 3890 καὶ
899 3822 1094 3900 κόποις
1119 3837 1206 3891 διά
1230 3838 1443 3907 μυρίων
1465 3838 1690 3890 τελειω-

53 3931 297 3989 θέντες
322 3927 575 3996 βασάνων
605 3941 619 3956 ·
661 3922 781 3978 εἶτα
817 3927 1097 3997 παρευθὺς
1123 3927 1422 3996 ἐπαγαγὼν
1467 3931 1560 3982 καὶ
1591 3931 1695 4000 φή-

56 4037 227 4083 σας,
265 4038 285 4070 ι
319 4014 460 4072 εἶναι
487 4019 828 4088 ματαιότητα
855 4020 1236 4089 πεποιημένην
1269 4023 1362 4073 ἐπὶ
1387 4022 1485 4090 τῆς
1516 4022 1641 4090 γῆς,
1669 4041 1686 4073 ι

47 4112 352 4182 δηλονότι
381 4111 532 4181 παρὰ
558 4111 667 4163 τῶν
705 4111 909 4163 ἀδίκων
940 4110 1245 4180 ἀνθρώπων
1268 4114 1361 4166 καὶ
1389 4114 1691 4180 δυσσεῦῶν,

42 4208 224 4277 ἥτις
269 4202 589 4256 ὲναλλάττει
613 4202 712 4264 τὰς
750 4202 1051 4271 ὑπολήψεις
1077 4203 1185 4256 τῶν
1214 4204 1440 4257 δικαίων
1459 4207 1539 4268 εἰς
1567 4207 1694 4270 τοὺς

41 4296 354 4358 ἀδίκους,
374 4296 485 4348 -καὶ
513 4294 623 4346 τῶν
639 4294 852 4347 ἀσεὸῶν
877 4297 956 4357 είς
976 4295 1101 4356 τοὺς
1128 4295 1374 4358 εὐσεὸεῖς
1399 4313 1411 4326 ·
1443 4297 1537 4349 καὶ
1561 4315 1695 4368 προ-

39 4387 500 4454 καταγγέλλων
546 4387 633 4440 διὰ
686 4387 797 4438 τῶν
833 4387 1146 4457 εἰρημένων
1205 4389 1304 4456 τὴν
1333 4387 1444 4440 τῶν
1481 4388 1696 4442 ἀσεϐῶν

36 4480 187 4534 καὶ
229 4476 567 4545 παρανόμων
592 4475 860 4543 βασιλέων
894 4476 987 4526 καὶ
1017 4474 1304 4544 τυράννων
1335 4474 1695 4544 ἀντίστροφον

1790 3289 2093 3342 enimcmn
2154 3285 2410 3354 superius
2455 3284 2716 3340 dixisset:
2750 3303 2769 3334 ι
2804 3285 2986 3351 Quare
3017 3295 3070 3339 et
3109 3302 3381 3356 cognosco

1791 3395 1891 3449 ego
1923 3418 1936 3442 ,
1973 3379 2174 3432 bonum
2213 3394 2336 3432 esse
2383 3378 2702 3431 timentibus
2737 3376 2930 3440 Deum,
2961 3379 3106 3446 quod
3139 3395 3244 3434 non
3273 3381 3381 3434 crit

1793 3472 1975 3540 impiis
2004 3471 2049 3502 ‘°
2079 3489 2091 3524 :
2124 3488 2141 3520 ι
2179 3479 2234 3523 et
2262 3469 2462 3525 exinde
2499 3469 2916 3538 prophetarum,
2944 3478 3003 3522 ut
3041 3484 3190 3535 reor,
3228 3485 3379 3524 more

1793 3575 2109 3618 sanctorum
2170 3562 2544 3630 apostolorum
2589 3570 2750 3631 atque
2806 3571 3110 3628 martyrum
3157 3563 3380 3631 przrmia

1794 3657 2239 3727 praenuiitiasset,
2273 3670 2394 3723 quae
2446 3655 2498 3706 in
2534 3653 2920 3719 cwlestiretno
2942 3666 3154 3722 propter
3178 3656 3378 3708 tolera-

1797 3759 1879 3802 tos
1912 3747 2127 3803 labores
2156 3748 2548 3814 cruciatusque
2573 3744 2837 3814 plurimos
2858 3755 3238 3799 consummata
3270 3747 3380 3798 vita

1795 3850 1824 3887 a
1857 3833 1968 3887 Deo
2027 3833 2456 3902 acceperezjam
2504 3833 2807 3901 subjicieus
2853 3835 3142 3902 protinus;
3182 3851 3201 3883 ο
3263 3847 3384 3886 esse

1796 3924 2115 3985 vanitatem,
2147 3939 2270 3992 qua:
2330 3922 2469 3975 facta
2501 3933 2582 3975 est
2619 3937 2784 3991 super
2814 3932 3038 3986 terram,
3073 3940 3091 3972 ι
3131 3926 3198 3976 ab
3238 3924 3385 3992 inju-

1797 4016 1899 4069 stis
1928 4029 2125 4082 nempe
2145 4024 2311 4083 atque
2351 4013 2534 4080 impiis
2557 4014 2869 4067 hominibus
2891 4015 3245 4082 ,‘qnaejustos
3271 4023 3387 4068 tan-

1799 4123 1962 4176 quam
1994 4108 2249 4175 injustos,
2279 4114 2335 4159 et
2367 4108 2759 4174 piostanquam
2795 4108 2994 4175 impios
3021 4107 3262 4160 traducit
3285 4123 3300 4171 ;
3323 4122 3387 4158 ac

1797 4199 2046 4252 oratione
2062 4198 2360 4266 designans
2387 4198 2679 4266 impiorum
2716 4211 2902 4265 regum
2933 4207 2987 4273 et
3028 4196 3385 4251 scelcstorum

1805 4300 2168 4361 tyrannorum
2222 4288 2388 4357 216
2427 4303 2742 4355 perversum
2771 4287 2901 4340 illud
2927 4303 2988 4341 ac
3012 4285 3386 4357 pertu'rbatum

1801 4383 2284 4449 inordinatumque
2311 4381 2608 4449 judicium,
2652 4396 2763 4449 quo
2799 4381 2878 4433 usi
2915 4391 3043 4433 sunt
3089 4380 3142 4432 in
3172 4381 3389 4447 pietatis

1800 4473 2034 4527 athletas
2063 4483 2117 4527 et
2151 4472 2397 4526 veritatis
2429 4481 2862 4542 propugnatores
2900 4473 3238 4541 sini-ermque
3265 4488 3390 4540 pro-

35 4570 289 4640 κρίσιν
318 4567 411 4619 καὶ
457 4566 902 4635 διεστρμμένην
966 4566 1059 4616 καὶ
1094 4565 1314 4617 σκολιὰν
1341 4606 1352 4626 ,
1381 4567 1445 4636 ἢν
1477 4566 1691 4617 ἐποίουν

1803 4565 2058 4619 fessionis
2093 4575 2293 4617 nostra:
2328 4573 2633 4633 martyres:
2665 4563 2728 4615 iis
2769 4578 3010 4631 quoque,
3049 4565 3142 4629 qui
3179 4560 3386 4613 deliniti

27 4669 161 4725 είς
239 4660 369 4721 τοὺς
423 4658 666 4729 ἀθλητὰς
719 4657 820 4726 τῆς
867 4657 1154 4720 εὐσεϐείας
1182 4657 1402 4726 καὶτῆς
1435 4657 1693 4729 ἀληθείας

30 4749 432 4821 προμάχους
485 4749 580 4800 καὶ¹
609 4749 708 4817 τῆς
735 4745 1064 4817 εἰλικρινοῦς
1108 4747 1266 4816 ἡμῶν
1293 4748 1532 4810 πίστεως
1555 4750 1696 4818 μάρ-

26 4859 274 4914 τυρας
304 4856 317 4870 ·
355 4842 449 4892 καὶ
516 4839 700 4909 μέντοι
743 4839 869 4901 τοὺς
929 4837 1553 4907 καταμαλακιζομένους
1601 4839 1696 4890 καὶ

26 4958 134 4994 πε
151 4933 544 5003 ιθαρχοῦντας
568 4934 688 4994 ταῖς
722 4931 876 4999 σφῶν
909 4929 1226 4997 ἀξιώσεσιν,
1250 4932 1345 4983 καὶ
1373 4933 1696 4999 γινομένους

26 5029 392 5096 ἐξάρνους,
436 5025 530 5075 καὶ
579 5022 755 5076 ταῦτα
791 5023 970 5075 πάντα
993 5024 1112 5084 ταῖς
1148 5022 1416 5076 ἀνωτάτω
1453 5023 1695 5092 μέμψεσι

26 5114 511 5181 καθυποὸαλὼν
600 5116 696 5168 καὶ
789 5115 1316 5185 κατακωμῳδήσας’
1385 5114 1698 5178 ἀκολούθως

26 5207 388 5287 προῆλθεν
421 5210 598 5261 εἰπεῖν
626 5209 720 5260 καλ⁸
756 5209 997 5278 σημᾶναι
1029 5209 1126 5260 καὶ
1155 5207 1247 5260 τὸν
1274 5207 1512 5260 ἄτακτον
1543 5225 1699 5279 περι-

26 5300 389 5369 ςττασμὸν,
418 5299 477 5352 ὃν
530 5301 623 5352 καὶ
684 5301 742 5350 ἐν
770 5299 960 5370 ἡμέρᾳ
1011 5299 1105 5351 καὶ
1131 5299 1187 5350 ἐν
1232 5297 1392 5350 νυκτὶ
1418 5298 1560 5350 κατά
1591 5297 1700 5350 τῶν

26 5407 128 5471 κγ
142 5399 284 5450 iam
313 5391 618 5454 λυττῶντες
650 5386 795 5460 εἶχον
822 5391 959 5460 πρὸς
990 5390 1052 5442 τὸ
1098 5388 1434 5441 καθελκύσαι
1470 5387 1566 5441 καὶ
1596 5405 1700 5441 κα-

26 5485 394 5549 τασπᾶσαι
437 5483 526 5536 τὸν
560 5482 939 5548 ἀξιεπαίνετον
991 5481 1149 5533 τόνον
1181 5480 1280 5549 τῆς
1318 5480 1702 5550 γενναιότητος

26 5577 293 5648 ιῦτῶν
323 5577 421 5627 καὶ
451 5573 737 5644 θεοφιλοῦς
763 5574 1159 5645 προαιρέσεως.

128 5695 213 5730 σο
263 5688 580 5754 Eccle.vm,
619 5689 703 5743 12.

130 5821 306 5890 (25)
338 5819 471 5873 Luc.
509 5836 621 5883 im,
646 5820 739 5874 25.
772 5822 840 5873 At
875 5820 991 5888 ipsa
1022 5816 1316 5890 Evangelii
1341 5815 1700 5890 verba‘sunt:

33 5885 350 5962 ιέκνον,
385 5893 652 5964 μνήσθητι
696 5892 778 5945 ὃτι
825 5885 1097 5952 ἀπέλαϐες
1149 5891 1212 5941 συ
1265 5888 1333 5939 τὰ
1387 5885 1570 5953 ἀγαθά
1606 5901 1698 5937 σου

1798 4666 1961 4724 atque
1996 4655 2183 4719 illecti,
2219 4670 2408 4708 eorum
2472 4653 2783 4709 auctoritati
2829 4661 3155 4722 paruerunt,
3186 4662 3239 4705 et
3275 4667 3392 4720 pro-

1801 4749 2006 4802 ditores
2032 4747 2160 4802 facti
2189 4757 2340 4813 sunt,
2374 4747 2696 4812 catleriSque
2730 4745 3045 4813 hujus-modi
3077 4744 3238 4798 rebus
3263 4759 3387 4813 gra-

1804 4845 2034 4898 vissime
2077 4843 2405 4910 improbatis
2432 4856 2495 4894 ac
2525 4839 2908 4908 reprehensis,
2945 4853 3012 4892 eo
3033 4838 3250 4891 demum
3291 4838 3356 4891 de.

1801 4937 1969 4999 venit,
2000 4942 2059 4988 ut
2101 4935 2456 5003 irrequietam
2487 4934 2632 4986 illam
2678 4932 3073 4986 distensionem
3107 4931 3391 4995 indicaret,

1803 5041 1923 5095 quae
1958 5025 2076 5079 dies
2134 5035 2436 5093 noctesque
2483 5025 2751 5078 adversus
2780 5033 3001 5076 sanctos
3029 5021 3278 5075 exercuit
3300 5035 3395 5077 e0-

1807 5133 1929 5170 rum
1961 5117 2225 5179 furorem,
2260 5112 2306 5172 si
2335 5133 2441 5185 qua
2476 5119 2687 5170 ratione
2714 5130 3030 5185 germanam
3064 5114 3262 5166 borum
3285 5114 3393 5165 vir-

1806 5218 1977 5262 tutem
1997 5225 2027 5263 e
2054 5209 2164 5263 Deo
2188 5209 2513 5278 gratissima:
2536 5207 2834 5262 voluntatis
2859 5204 3220 5260 constantiam
3246 5220 3391 5259 nun-

1805 5319 1969 5372 quam
2028 5303 2162 5356 satis
2218 5302 2550 5356 laudandam
2606 5299 2936 5356 labelactare
2972 5313 3036 5352 ac
3090 5297 3394 5352 dissolvere

1807 5396 1918 5450 ullo
1948 5394 2108 5448 modo
2135 5405 2379 5462 possent.

1809 5814 1868 5866 ὲν
1902 5811 1968 5877 τῇ
2000 5807 2112 5875 ζωῇ
2174 5825 2289 5867 σου,
2333 5807 2428 5858 καὶ
2463 5804 2714 5874 Λάζαρος
2750 5805 2949 5872 ὁμοίως
2995 5802 3063 5856 τά
3095 5799 3273 5855 κακά’
3299 5796 3396 5852 νῦν

1811 5884 1864 5935 δὲ
1898 5881 1985 5937 ὁδε
2022 5877 2442 5949 παρακαλεῖται,
2480 5878 2544 5930 σὺ
2574 5877 2630 5928 δὲ
2657 5877 2931 5928 ὀδυνᾶσαι.
