4166 6434
178 388 310 453 Imb

1214 395 1296 456 IN
1352 396 1927 462 ECCLESIASTBN.
1963 429 2027 437 -—
2067 402 2210 467 LIB.
2267 404 2370 470 ῘΧ.

3287 406 3421 474 1086

171 501 434 552 ίπτασθαι
465 499 601 588 πρδς
625 499 724 564 τὰς
748 501 858 556 ἄνω
885 504 976 556 καὶ
1001 504 1194 576 νοητὰς
1221 506 1454 576 θεωρίας
1474 524 1487 538 ·
1521 507 1736 570 πένητα

1855 511 1920 565 ad
1949 526 2215 580 supernas
2242 527 2306 567 ac
2337 514 2610 580 spiritales
2656 515 3151 586 contemplationes
3205 519 3416 573 avolat:

166 590 256 643 διά
284 591 344 642 τὸ
380 590 694 661 πενητεύειν
721 595 834 657 τοις
858 593 951 648 τοῦ
995 594 1247 664 σώματος
1281 599 1465 658 ὅπλοις
1498 601 1591 652 καὶ
1627 601 1747 660 ταῖς

169 680 363 741 ἀλκαῖς
388 680 523 750 πρὸς
555 684 651 744 τὰς
687 684 794 736 τῶν
822 685 1029 755 νοητῶν
1061 687 1303 756 ἐφέδρων
1337 691 1431 742 καὶ
1463 690 1746 759 δυσμενῶν

169 770 365 834 πάλας.
415 766 585 835 υῦτος
627 769 722 827 οῦν
757 776 786 827 ὁ
825 776 1043 846 κληθεὶς
1085 778 1245 846 ἀνὴρ
1275 778 1487 846 πένης,
1522 780 1688 850 ἧγουν
1719 782 1747 833 ὁ

167 865 312 927 νοῦς,
343 865 399 917 ὲν
427 867 493 934 τῇ
527 865 787 938 δεδομένῃ
830 867 977 936 αὐτῷ
1019 867 1202 924 θεόθεν
1233 870 1396 939 σοφίᾳ
1440 872 1532 923 καὶ
1564 872 1745 940 χάριτι

169 956 533 1010 καταπαλαίει
560 958 654 1012 καὶ
680 957 1007 1017 καταὸάλλει
1031 960 1155 1023 τοὺς
1183 960 1514 1030 ἀλλοφύλους
1539 965 1630 1016 καὶ
1654 981 1748 1016 πο-

167 1049 414 1115 λεμίους,
468 1052 560 1102 καὶ
610 1052 908 1119 περισῶζει
955 1052 1054 1123 τὴν
1105 1053 1261 1105 πόλιν
1303 1053 1402 1122 τῆς
1444 1054 1646 1123 ψυχῆς,
1677 1050 1745 1126 ἦς

167 1139 285 1189 ἐστι
317 1139 547 1209 δύναμις
577 1141 914 1210 κυριωτάτη,
946 1143 1039 1193 καὶ
1064 1144 1122 1193 ἐν
1214 1145 1532 1212 καταμένει,
1559 1147 1658 1212 τῆς
1682 1148 1746 1198 ὲκ

168 1227 276 1281 τῶν
309 1229 700 1298 ἀντικειμένων
740 1230 1016 1295 ἁλώσεως,
1047 1234 1322 1304 αἰσθητῶν
1365 1235 1608 1302 δηλονότι
1651 1238 1746 1289 καὶ

166 1320 394 1388 νοητῶν.
452 1321 508 1372 '0
565 1322 674 1391 γάρ
723 1321 874 1376 θείαν
924 1324 1117 1389 σοφίαν
1172 1325 1268 1377 καὶ
1318 1326 1478 1395 χάριν
1537 1327 1744 1381 ἀνωθεν

166 1409 426 1478 εἰληφὼς,
468 1411 527 1463 οὑ
567 1412 728 1480 μόνον
771 1413 870 1476 τὰς
928 1412 1241 1476 διαϐολικὰς
1286 1417 1376 1466 καὶ
1423 1416 1744 1485 δαιμονικάς

165 1499 462 1563 ἐπιϐουλάς
492 1501 600 1555 τῶν
636 1502 886 1575 πονηρῶν
922 1503 1296 1571 ἐνθυμήσεων,
1329 1504 1464 1557 ἀλλά
1507 1507 1602 1559 καὶ
1644 1510 1742 1571 τὰς

163 1591 273 1643 τῶν
301 1591 623 1661 κακούργων
651 1595 743 1647 καὶ
767 1593 1090 1662 πανούργων
1116 1593 1206 1648 καὶ
1229 1594 1516 1665 βασκάνων
1542 1597 1744 1668 ἀνθρώ-

165 1699 286 1736 πων
323 1685 601 1750 ἐξαπάτας
639 1685 1100 1755 προῦπειδόμενος
1145 1686 1240 1740 καὶ
1277 1686 1741 1757 προκαταλαμϐά-

163 1792 271 1826 νων
292 1775 671 1846 διαρρήγνυσι,
695 1780 790 1830 καὶ⁸
812 1776 1090 1840 παντελῶς
1113 1778 1428 1847 ἀπράκτους
1452 1777 1738 1849 καθίστησι

163 1863 272 1915 τῶν
301 1864 577 1934 ἑκατέρων
603 1867 699 1927 τὰς
730 1867 998 1936 μηχανάς.

237 1956 361 2009 Ὀτι
389 1956 445 2008 δὲ
483 1957 634 2020 πόλις
663 1959 695 2027 ἡ
733 1957 929 2028 λογικὴ
957 1957 1103 2028 ψυχὴ
1133 1957 1595 2028 προσηγόρευται,
1625 1957 1734 2011 δεί-

163 2062 354 2099 κνυσιν
383 2049 412 2098 δ
439 2051 726 2119 προφήτης
750 2049 912 2102 Δασὶδ
941 2049 1117 2118 λέγων
1141 2065 1155 2078 ο
1194 2068 1212 2101 ι
1243 2049 1349 2102 Τοῦ
1386 2049 1630 2120 ποταμοῦ
1671 2049 1738 2103 τά

162 2140 462 2210 ὁρμήματά
479 2142 853 2210 ἐὐφραίνουσι
889 2142 989 2211 τὴν
1033 2141 1186 2194 πόλιν
1229 2142 1324 2195 τοῦ
1353 2140 1490 2195 Θεοῦ
1516 2159 1528 2172 ·
1571 2160 1589 2192 ι
1638 2140 1738 2203 τάς

163 2231 259 2283 τοῦ
287 2232 558 2299 παναγίου
584 2233 901 2303 Πνεύματος
932 2232 1212 2302 ἐνεργείας
1246 2234 1340 2286 καὶ
1377 2233 1609 2305 χάριτας
1641 2250 1737 2286 κα-

163 2323 324 2385 λέσας
372 2344 389 2373 ι
427 2326 725 2395 ὁρμήματα
756 2328 1026 2395 ποταμοῦ,
1066 2345 1085 2380 s
1141 2327 1207 2386 τά
1265 2327 1737 2394 κατευφραίνοντα

161 2414 262 2484 τὴν
282 2414 482 2487 ψυχὴν,
511 2416 611 2488 τὴν
641 2419 732 2470 ἐπὶ
753 2417 886 2469 Θεὸν
914 2417 1145 2487 ἔχουσαν
1174 2417 1274 2478 τὰς
1303 2416 1546 2479 ἐλπίδας.
1574 2418 1734 2486 Ἀμέ-

163 2506 245 2557 λει
280 2507 459 2560 τοίνυν
490 2508 588 2579 τὴν
621 2506 876 2577 τοιαύτην
902 2508 1151 2580 ἐκδοχὴν,
1182 2507 1549 2577 παρεμπεδῶν
1579 2511 1670 2561 καὶ
1708 2511 1736 2562 ό

165 2596 328 2662 σοφὸς
367 2597 800 2669 Ἐκκλησιαστὴς
827 2599 1075 2668 ἐπήγαγε
1095 2615 1108 2628 ·
1145 2615 1164 2648 ε
1195 2597 1303 2650 Καὶ
1330 2596 1614 2666 ἄνθρωπος
1636 2598 1736 2650 οὐκ

164 2688 411 2758 ἐμνήσθη
437 2689 532 2741 τοῦ
554 2689 744 2758 ἀνδρὸς
769 2688 861 2742 τοῦ
888 2688 1120 2759 πένητος
1149 2688 1379 2741 ἐκείνου.
1410 2706 1430 2740 s
1462 2689 1597 2740 Οὐδὲ
1627 2689 1736 2757 γάρ

163 2797 248 2842 τις
297 2780 526 2851 εὓρηται
580 2781 690 2834 τῶν
739 2781 916 2835 ἄλλων
965 2779 1268 2850 ἀνθρώπων
1329 2780 1584 2832 ἁπάντων
1637 2780 1735 2849 τὴν

165 2871 374 2923 ἐκείνου
425 2872 601 2942 πάλην
653 2875 746 2925 καὶ
792 2873 950 2942 νίκην
989 2871 1166 2935 εἰδὼς,
1221 2871 1343 2924 καθ’
1375 2871 1434 2924 ὃν
1465 2871 1654 2941 καιρὸν
1699 2875 1732 2941 ἡ

168 2963 466 3026 πολυορκία
510 2965 608 3029 τῆς
655 2966 850 3035 ψυχῆς,
905 2965 1023 3034 ἦτοι
1072 2965 1173 3033 τῆς
1223 2963 1430 3026 πόλεως
1471 2965 1731 3033 γέγονεν’

163 3055 284 3107 οῦδὲ
316 3055 369 3107 τί
397 3071 460 3122 γε
497 3056 602 3125 μήν
639 3074 656 3106 ε
692 3058 835 3108 είσιν
864 3055 1187 3125 ἀκουόμενοι
1229 3074 1249 3106 s
1286 3055 1438 3125 παρά
1464 3071 1606 3107 τισιν
1637 3055 1732 3130 άλ-

164 3142 275 3205 λοις
315 3162 333 3194 ε
373 3145 421 3196 oi
458 3145 606 3210 λόγοι
644 3142 832 3207 αὑτοῦ,
867 3163 886 3195 ι
931 3142 1171 3212 δηλονότι
1212 3141 1305 3196 τοῦ
1347 3142 1462 3205 νοῦ,
1495 3144 1615 3195 καθ’
1641 3142 1735 3206 οὓς

163 3237 374 3307 ἁπῆρξε
413 3239 538 3302 τοὺς
583 3237 930 3300 ἀντιπάλους.
972 3239 1085 3290 Καὶ·
1113 3237 1200 3290 διά
1238 3237 1397 3289 τοῦτο
1437 3237 1531 3288 καὶ
1569 3254 1736 3290 κατα-

165 3330 500 3400 πεφρόνηται
523 3331 615 3383 καὶ
638 3331 1095 3397 κατεξουδὲνωται
1121 3330 1379 3386 πολλάκις
1401 3332 1432 3401 ἡ
1460 3329 1620 3398 σοφία
1641 3330 1734 3383 τοῦ

161 3422 404 3475 τοιούτου
447 3422 697 3491 πένητος,
729 3422 805 3485 ῶς
829 3422 1190 3492 ἀγνοουμένη.
1224 3421 1454 3491 πηλίκον
1489 3423 1738 3493 παγκρά-

161 3530 276 3566 τιον
307 3514 656 3584 ἐνεπήσατο.
680 3513 778 3567 καὶ
813 3513 1075 3584 τρόπαιον
1102 3514 1342 3585 ἤγειρεν.
1514 3572 1519 3577 ,

247 3602 386 3654 Ἀλλ’
434 3604 462 3655 ό
512 3604 676 3671 σοφὸς
727 3603 1160 3673 Ἐκκλησιαστὴς
1223 3603 1586 3674 ἀνακηρῦττει
1645 3603 1738 3656 τὸν

163 3693 403 3763 ἀθλητὴν
424 3695 511 3747 διά
531 3695 630 3765 τὴν
657 3694 808 3764 παρά
836 3693 931 3747 τοῦ
963 3693 1250 3747 ἀθλοθέτου
1275 3694 1565 3765 δεδομένην
1590 3694 1738 3764 αὐτῷ

165 3784 358 3854 σοφίαν
397 3785 490 3838 καὶ
522 3785 702 3856 χάριν,
723 3784 815 3838 καί
847 3801 998 3855 φησι,
1028 3803 1046 3836 ι
1073 3785 1183 3838 Καὶ
1213 3779 1342 3838 εἶπα
1368 3782 1500 3853 ἐγὼ.
1535 3784 1735 3854 Ἀγαθὴ

162 3874 324 3943 σοφία
354 3875 492 3947 ὖπὶρ
517 3875 802 3946 δύναμιν.»
830 3874 1000 3928 Τοῦτο
1026 3874 1081 3929 δὶ
1117 3872 1301 3943 σαφῶς
1331 3872 1473 3928 Ιοικε
1499 3873 1558 3927 τὸ
1576 3873 1735 3946 ῥητὸν

158 3964 238 4034 τῷ
271 3965 533 4034 φάσκοντι
566 3963 710 4035 λόγῳ
742 3962 836 4018 τοῦ
864 3965 1140 4036 προφήτου
1173 3964 1357 4029 Δασὶδ,
1390 3983 1406 4016 ι
1443 3965 1555 4019 Οὐκ
1581 3965 1639 4018 ἐν
1668 3967 1733 4038 τῇ

157 4054 448 4126 δυναστείᾳ
483 4053 577 4108 τοῦ
615 4055 780 4110 ἵππου
809 4054 1044 4125 θελήσει.
1077 4055 1194 4110 οὐδε
1242 4056 1297 4108 ιν
1338 4058 1457 4118 ταῖς
1496 4056 1736 4127 κνήμαις

157 4144 254 4198 τοῦ
290 4144 482 4216 ἀνδρὸς
509 4144 738 4208 εὐδοκεῖ,
772 4141 890 4199 ἀλλέ
929 4145 1138 4199 εὐδοκεῖ
1164 4143 1368 4216 Κύριος
1406 4145 1464 4198 ιν
1497 4147 1610 4208 τοῖς
1639 4160 1735 4213 φο-

159 4235 445 4304 ϐουμενοις
471 4235 655 4299 αὑτὸν,
697 4235 788 4289 καί
821 4238 876 4290 ἐν
907 4239 1019 4299 τοῖς
1047 4235 1356 4300 ἐλπίζουσιν
1387 4235 1476 4290 ἐπὶ
1506 4235 1568 4289 τὸ
1590 4234 1736 4299 ιλεος

156 4324 346 4378 αὑτοῦ.
378 4344 394 4375 ι
429 4323 908 4378 Καταπαλαίονται
932 4325 1038 4394 γὰρ
1062 4328 1156 4378 καὶ
1179 4324 1506 4395 τροποῦνται
1535 4325 1735 4393 μᾶλλον

154 4416 227 4466 τὰ
258 4415 424 4483 στίφη
457 4414 564 4469 τῶν
604 4414 938 4471 ἀντιστατῶν
967 4415 1258 4485 δαιμόνων.
1291 4417 1371 4467 ἔτι
1403 4433 1465 4482 γε
1505 4415 1610 4485 μὴν
1638 4417 1733 4469 καὶ

1846 615 2126 669 pauperem
2157 614 2362 668 autem,
2393 605 2538 675 quod
2572 608 2823 676 corporis
2844 618 3030 664 careat
3055 608 3226 665 armis
3256 617 3421 680 atque

1847 693 2105 748 subsidiis
2123 695 2186 747 ad
2216 695 2541 765 spiritalium
2577 698 2963 755 insidiatorum
2997 711 3160 770 atque
3178 700 3418 756 hostium

1847 786 2045 840 luctas.
2088 786 2187 855 llic
2227 789 2415 857 igitur,
2444 792 2536 860 qui
2561 792 2641 846 vir
2668 807 2869 860 pauper
2898 793 3223 862 appellatur,
3262 790 3316 848 id
3335 802 3419 848 est

1846 876 2176 956 intellectus,
2213 894 2297 940 ea.
2351 896 2518 948 quam
2557 883 2821 936 divinitus
2853 881 3096 951 accepit,
3144 882 3416 952 sapientis

1843 980 2008 1035 atque
2056 973 2226 1039 gratia
2263 982 2521 1027 externos
2570 974 2763 1030 hostes
2798 973 3059 1030 luctando
3093 975 3412 1042 prosternit,

1844 1068 1896 1112 et
1936 1060 2124 1113 urbem
2158 1064 2376 1126 animm,
2409 1064 2567 1132 cujus
2609 1064 2892 1133 potissima
2939 1064 3172 1119 facultas
3196 1071 3281 1118 est
3306 1105 3322 1129 ,
3361 1073 3417 1118 et

1846 1149 1898 1199 iu
1931 1163 2036 1216 qua
2069 1160 2273 1228 manet,
2306 1155 2374 1204 ab
2417 1154 2857 1208 adversariorum
2909 1162 3021 1208 tam
3071 1152 3413 1208 sensibilium

1843 1255 2005 1306 quam
2046 1230 2373 1308 spiritalium
2429 1243 2744 1311 captivitate
2797 1244 3003 1297 salvam
3056 1253 3256 1298 tuetur.
3309 1246 3412 1310 Qui

1843 1331 1985 1382 enim
2019 1332 2258 1384 divinam
2314 1335 2637 1400 sapientiam
2694 1344 2861 1402 atque
2897 1335 3130 1400 gratiam
3166 1335 3233 1389 de
3273 1338 3414 1390 culo

1841 1423 2072 1490 accepit.
2104 1440 2209 1476 non
2245 1425 2420 1478 solum
2445 1426 2645 1483 diaboli
2680 1425 2900 1480 fraudes
2929 1443 2981 1479 et
3011 1413 3277 1480 malarum
3320 1442 3427 1482 co-

1839 1511 2161 1579 gitationum
2197 1513 2356 1582 232
2391 1515 2638 1578 insidias,
2682 1516 2773 1569 sed
2813 1516 2983 1574 etiam
3039 1515 3412 1585 improborum

1843 1603 2127 1660 hominum
2150 1605 2503 1658 calliditatem
2544 1615 2598 1659 et
2650 1607 2907 1670 invidiam
2942 1616 2998 1661 et
3021 1607 3179 1662 dolos
3225 1611 3412 1678 provi-

1840 1687 2019 1741 dendo
2041 1701 2384 1760 praeoccupat
2415 1691 2760 1762 dissipatque
2785 1735 2799 1756 ,
2845 1710 2909 1750 ac
2939 1705 3296 1767 utnorumque
3319 1712 3409 1752 ατ·
3456 1730 3459 1731 ν

1841 1779 2006 1833 tilicia
2041 1781 2254 1836 inutilia
2295 1798 2523 1852 prorsus
2547 1795 2711 1856 atque
2746 1786 2929 1840 inania
2959 1786 3156 1840 reddit.

1910 1954 2064 2020 Quod
2100 1971 2230 2012 vero
2264 1960 2548 2015 rationalis
2583 1961 2764 2015 anima
2791 1961 2944 2018 urbis
2977 1961 3196 2019 nomine
3229 1961 3414 2032 appel-

1839 2044 1944 2098 lata
1970 2046 2061 2107 sit,
2084 2046 2251 2101 David
2294 2051 2557 2118 propheta
2587 2051 2857 2116 ostendit,
2888 2067 3013 2110 cum
3062 2053 3180 2109 ait:
3223 2072 3242 2104 ε
3285 2051 3413 2106 Flu-

1842 2136 2005 2193 minis
2042 2136 2277 2207 impetus
2302 2140 2576 2196 lattilicant
2618 2142 2893 2196 civitatem
2928 2142 3020 2197 Dei
3052 2141 3138 2207 ”;
3180 2162 3200 2194 ι
3233 2143 3411 2198 sancti

1841 2229 2078 2298 Spiritus
2101 2231 2330 2288 virtutes
2357 2249 2420 2291 ac
2435 2235 2576 2289 dona
2594 2236 2874 2306 appellans
2893 2237 3130 2306 ﬂuminis
3149 2245 3373 2305 impetus
3390 2276 3408 2297 .

1837 2321 2037 2390 quibus
2081 2323 2259 2377 anima
2275 2325 2632 2391 exhilaratur,
2649 2342 2985 2396 (IUlBCIIIIQIle
3000 2341 3150 2395 spem
3172 2341 3327 2381 suam
3357 2327 3408 2379 in

1840 2413 1947 2466 Deo
1982 2414 2288 2469 collocarit.
2326 2415 2514 2486 Itaque
2559 2427 2612 2472 ut
2661 2420 3164 2488 interpretationem
3217 2418 3409 2488 bujus-

1838 2502 1981 2557 modi
2036 2503 2423 2572 conﬁrmaret,
2488 2510 2709 2577 sapiens
2773 2523 2993 2577 quoque
3044 2506 3409 2562 EcclesiaSles

1838 2595 2071 2663 adjecit:
2102 2615 2120 2647 ι
2163 2596 2228 2650 Et
2260 2597 2425 2652 homo
2471 2614 2576 2652 non
2617 2608 2701 2653 est
2743 2600 3062 2652 recordatus
3108 2599 3211 2650 viri
3263 2599 3411 2652 illius

1839 2686 2117 2754 pauperis.
2158 2705 2174 2736 ο
2214 2684 2399 2758 Neque
2425 2689 2571 2741 euim
2603 2706 2669 2742 ex
2716 2688 2974 2744 omnibus
3010 2689 3134 2742 aliis
3171 2689 3414 2771 homini:

1838 2779 1939 2832 ltus
1977 2779 2227 2833 iuventus
2257 2790 2337 2834 est
2365 2782 2662 2849 quispiam,
2695 2783 2809 2850 qui,
2852 2798 2961 2851 quo
2993 2794 3236 2852 tempore
3291 2783 3411 2836 ani-

1837 2884 1922 2922 ma
1954 2869 2070 2924 sive
2108 2870 2239 2924 urbs
2281 2871 2563 2925 obsidione
2616 2874 2982 2940 premebatur,
3029 2874 3230 2928 luctam
3265 2874 3409 2927 illius

1834 2967 1889 3012 et
1910 2959 2190 3013 victoriam
2228 2963 2481 3026 noverit;
2528 2978 2706 3031 neque
2746 2964 2814 3015 ab
2855 2965 2981 3020 aliis
3016 2965 3143 3018 ullis
3185 2981 3203 3014 s
3238 2979 3410 3016 exau-

1835 3051 1942 3104 uita
1969 3062 2095 3104 sunt
2136 3052 2298 3105 verba
2341 3052 2498 3120 ejus,
2555 3071 2574 3104 ›
2620 3054 2794 3122 ipsius
2840 3070 3031 3124 nempe
3076 3055 3407 3119 intellectus,

1836 3143 2040 3211 quibus
2074 3143 2422 3197 adversarios
2451 3143 2705 3197 exclusit.
2740 3143 2950 3198 Idcirco
2986 3159 3129 3213 saepe
3152 3146 3409 3213 pauperis

1836 3236 2106 3305 ejusmodi
2136 3236 2400 3304 sapientia
2435 3246 2746 3305 contempta
2794 3246 2919 3302 est,
2961 3251 3024 3290 ac
3075 3250 3176 3306 pro
3230 3236 3408 3289 nihilo

1841 3329 2044 3393 habita,
2069 3331 2212 3396 quod
2259 3329 2920 3398 iguoraretur,quantum
2976 3328 3069 3383 ille
3128 3337 3408 3383 certamen

1837 3421 2212 3490 sustinuisset,
2241 3430 2294 3476 et
2327 3429 2590 3490 quantum
2629 3431 2892 3490 tropa'um
2917 3424 3233 3475 excitasset.

1905 3588 1973 3651 At
1997 3599 2218 3668 sapiens
2249 3597 2610 3651 Ecclesiastes
2643 3598 2904 3652 athletam
2937 3598 3083 3652 hunc
3102 3597 3313 3651 extollit
3341 3598 3419 3652 al!

1837 3691 1962 3746 data
1997 3690 2070 3744 illi
2102 3705 2132 3744 a
2162 3689 2479 3743 certaminis
2518 3691 2880 3744 constitutore
2926 3689 3194 3756 sapientia
3240 3699 3408 3758 atque

1836 3784 2030 3858 gratia,
2059 3794 2112 3838 et
2146 3785 2259 3838 ait:
2302 3801 2322 3834 ε
2358 3782 2420 3838 Ει
2452 3783 2562 3838 dixi
2590 3798 2692 3852 ego
2720 3801 2733 3836 :
2770 3782 2912 3837 Bona
2944 3778 3213 3852 sapientia
3245 3798 3410 3852 super

1836 3878 2153 3948 potentiam.
2194 3894 2212 3928 ι
2243 3876 2395 3942 Quod
2431 3876 2634 3931 dictum
2669 3876 2827 3946 plane
2867 3875 3158 3945 respondet
3185 3874 3408 3929 Davidis

1836 3970 2117 4042 prophetas
2161 3969 2340 4023 verbis
2384 3968 2668 4023 dicentis:
2719 3985 2737 4021 ι
2791 3967 2906 4022 Non
2973 3967 3023 4020 in
3087 3966 3408 4022 lortitutline

1834 4061 1959 4130 equi
1986 4061 2316 4115 voluntatem
2349 4058 2590 4121 habebit.
2631 4074 2807 4129 neque
2853 4059 2903 4111 in
2937 4058 3084 4112 tibiis
3118 4057 3213 4111 viri
3245 4058 3408 4112 bene-

1837 4151 2093 4221 placitum
2144 4160 2228 4206 est
2263 4149 2407 4215 Deo.
2469 4151 2561 4206 sed
2617 4149 3021 4220 beuoplocitum
3057 4158 3137 4204 est
3178 4147 3408 4202 Domino

1834 4258 1998 4312 super
2049 4243 2301 4298 timentes
2331 4257 2480 4306 eum,
2522 4251 2577 4297 et
2619 4241 2671 4296 lu
2698 4241 2780 4312 eis
2846 4241 2939 4311 qui
2981 4249 3201 4310 sperant
3244 4253 3407 4310 super

1835 4334 2213 4388 misericordia
2257 4333 2378 4402 ejus
2419 4334 2488 4388 ".
2542 4352 2561 4386 ο
2607 4329 2827 4387 τυτηιω
2878 4334 3024 4386 enim
3065 4330 3404 4386 infensorum

1833 4426 2163 4490 daemonum,
2186 4440 2247 4477 ac
2271 4425 2577 4478 invidorum
2612 4424 3097 4491 improborumque
3128 4422 3405 4474 hominum

155 4506 264 4557 τῶν
297 4505 582 4574 βασκάνων
615 4507 706 4556 καὶ
732 4506 1042 4574 μισοκάλων
1074 4505 1378 4576 ἀνθρώπων
1409 4507 1511 4559 ὑπὸ
1539 4505 1729 4574 σοφίας

1838 4517 2008 4570 multo
2069 4515 2242 4584 magis
2288 4528 2316 4568 a
2354 4514 2623 4583 sapientia
2668 4524 2718 4566 et
2767 4513 2942 4582 gratia
2999 4523 3052 4564 et
3094 4508 3402 4577 prudentia.

157 4597 253 4649 καὶ
297 4599 518 4667 χάριτος
568 4596 661 4649 καὶ
711 4599 1044 4666 φρονήσεως,
1081 4598 1113 4667 ἢ
1149 4598 1433 4666 δυνάμεως
1467 4600 1725 4668 φυσικῆς.

153 4686 328 4739 Τοῦτο
357 4689 463 4756 γὰρ
499 4687 770 4756 ἐμπεδῶν,
795 4688 1012 4757 ἀμέσως
1039 4691 1322 4759 ἐπήγαγεν
1345 4691 1373 4740 ὁ
1404 4692 1565 4762 σοφὸς
1600 4693 1726 4753 Ἐκ-

152 4782 496 4850 κλησιαστής
517 4798 531 4810 ·

1833 4620 1996 4673 quam
2038 4620 2066 4657 a
2104 4614 2311 4657 naturae
2357 4615 2559 4658 virtute
2605 4603 2988 4673 propelluntur
3033 4617 3098 4655 ac
3142 4611 3407 4668 superat-.-

1836 4704 1944 4748 tur.
1978 4694 2031 4747 ιιι
2061 4695 2202 4748 enim
2229 4705 2287 4749 ut
2313 4693 2894 4764 coulirmaret,adjeclt
2924 4693 3172 4762 protinus
3187 4689 3405 4758 sapiens

1835 4783 2194 4843 Ecclesiastes
2226 4803 2238 4840 :

223 4987 401 5052 Λόγοι
452 4985 661 5054 σοφῶν
713 4986 783 5038 ἐν
820 4987 1156 5040 ἀναπαύσει
1204 4990 1523 5041 ἀκούονται
1579 4989 1729 5054 ὑπὲρ

148 5076 426 5145 κραυγὴν
459 5077 929 5141 ἐξουσιαζόντων
956 5078 1022 5130 ἐν
1048 5079 1441 5146 ἀφροσύναις.

221 5257 526 5327 Μονονουχὶ
545 5261 671 5328 γὰρ,
695 5259 880 5326 φησὶν,
919 5257 1265 5327 οί·λογισμοὶ
1306 5259 1401 5310 καὶ
1441 5259 1590 5326 λόγοι
1627 5259 1720 5311 τοῦ

149 5348 604 5416 παραληφθέντος
657 5349 822 5416 σοφοῦ
871 5351 983 5411 τοῖς
1044 5349 1226 5412 ἄλλοις
1274 5352 1440 5402 πᾶσιν
1496 5353 1723 5418 ἀφανεῖς

144 5444 282 5499 εἰσι.
325 5441 415 5490 καί¹
463 5438 702 5509 κρυφίαν
755 5439 936 5508 ἔχουσι
981 5439 1075 5492 καὶ
1124 5442 1392 5509 μυστικὴν
1429 5440 1530 5508 τὴν
1573 5443 1724 5492 ἀντι-

143 5528 460 5597 παράταξιν
505 5531 600 5582 καὶ
649 5531 1025 5600 κατασχολήν·
1058 5532 1170 5593 τοῖς
1216 5530 1488 5583 ἐθέλουσιν
1528 5532 1723 5597 αὐτοὺς

221 5685 270 5716 ⁸⁹
303 5685 443 5739 Psal.
475 5701 573 5739 ην
603 5685 693 5746 .5.
773 5686 818 5717 ’°
843 5684 1182 5746 l‘sal.cuvr,
1225 5687 1307 5739 l0.

223 5799 335 5866 (ιδ)
377 5797 587 5872 ΟΙ)“ΙΙΙΙ›.
626 5800 773 5867 λόγοι
805 5798 989 5867 σοφοῦ.

1910 4987 2073 5042 Vens.
2109 4989 2192 5042 l7.
2243 4987 2408 5043 Verba
2449 4990 2746 5058 sapientum
2789 4989 2844 5041 in
2883 4989 3057 5057 quiete
3083 4985 3410 5052 audiuntur,

1835 5093 1990 5144 super
2029 5077 2313 5131 clamorem
2361 5095 2574 5141 eorum,
2618 5079 2706 5148 qui
2741 5088 3053 5147 potestatem
3101 5074 3289 5131 habet"
3349 5072 3404 5122 in

1831 5167 2235 5234 slullitiis,,(43).

1902 5252 2183 5326 Tanqiiaan
2221 5260 2264 5312 si
2308 5259 2556 5313 diceret:
2589 5260 2956 5330 Cogitationes
2997 5273 3049 5315 et
3094 5265 3258 5319 verba
3315 5283 3403 5321 sa-

1831 5348 2052 5417 pientis,
2094 5348 2161 5400 de
2193 5364 2303 5418 quo
2360 5349 2655 5417 loquimur,
2900 5353 3110 5406 ueteris
3149 5355 3401 5411 omnibus

1830 5443 2042 5494 occulta
2073 5451 2237 5504 sunt,
2286 5451 2450 5510 atque
2494 5451 2749 5494 areanam
2803 5452 2858 5495 et
2905 5445 3184 5511 mystiram
3227 5447 3405 5499 conti-

1832 5542 1960 5587 nent
1992 5535 2268 5604 pugnandi
2302 5549 2466 5604 seque
2481 5535 2767 5591 exercendi
2793 5547 2999 5590 artem:
3030 5539 3116 5604 qui
3151 5539 3399 5596 ediscere
