4166 6434
176 363 283 429 1091

1154 357 1234 417 ΙΝ
1272 356 1852 418 ECCI.ESIASTEN'.
1889 383 1935 392 -
1996 362 2142 420 LIB.
2188 361 2291 421 IX.

3250 360 3386 431 1098

168 480 404 549 δουλικαῖς
437 477 737 547 ὑπολήψεσι
762 473 1052 538 διαζῶντες
1080 473 1171 524 ἐπὶ
1199 471 1298 540 τῆς
1321 471 1442 540 γῆς.
1490 472 1710 541 ’Ἄρχον-

1816 470 2547 555 Βίοοοιηίιιιιὶομειηιιυε
2608 473 2879 529 tenuerint
2942 474 3035 542 qui
3077 482 3205 531 ante
3243 478 3386 531 servi

167 586 248 633 τας
273 568 319 622 δέ
337 585 477 638 φημι
501 567 595 621 καὶ
626 565 912 626 πλουσίους
942 563 1067 625 τοὺς
1092 561 1330 632 ἀρχικῆς
1356 560 1433 628 τῷ
1456 561 1569 614 ὄντι
1593 576 1718 629 φρο-

167 661 342 732 νήσεως
370 659 738 729 άναμέστους,
785 655 878 708 καὶ
920 653 1150 706 πλοῦτον
1197 653 1417 723 ἔχοντας
1446 650 1716 719 ,φυσικῶν

165 750 353 803 ἐννοιῶν
378 750 521 817 άγαν
554 746 878 817 ἐπιτηδείων
916 743 1052 809 πρὸς
1092 743 1483 814 μεταχείρησιν
1508 742 1715 808 ἡγεμο-

165 843 296 909 νικῆς
318 840 588 906 ἐξουσίας.

222 929 373 984 Τοῦτο
400 929 584 981 τοίνυν
615 928 781 997 φησὶν
801 926 877 988 ὼς
912 924 1169 978 ἀκούσιον
1198 921 1467 989 πονηρίαν
1502 921 1605 973 ὑπὸ
1628 920 1717 973 τὸν

160 1021 290 1090 ἣλιον
318 1020 444 1072 ἰδεῖν
480 1021 509 1071 ὁ
529 1018 694 1084 σοφὸς
739 1015 1175 1084 Ἐκκλησιαστής
1194 1029 1210 1042 ⁸
1244 1012 1275 1081 ἢ
1306 1011 1394 1064 διὰ
1425 1010 1482 1063 τὸ
1506 1012 1717 1081 ἀγνοεῖ-

154 1111 267 1163 σθαι
322 1113 416 1162 καὶ
470 1108 756 1161 λανθάνειν
812 1107 942 1169 τοὺς
993 1102 1551 1174 προκεχειρισμένους
1602 1106 1717 1165 τοῖς

149 1196 576 1269 προχειρίζουσιν
597 1212 612 1226 ⁸
641 1196 675 1267 ἢ
702 1197 789 1249 διὰ
831 1196 893 1247 τὸ
923 1192 1321 1262 φενακισθῆναι
1349 1209 1493 1247 τισιν
1534 1192 1716 1247 ἐλπίσι

159 1291 459 1359 κρειττόνων
496 1288 803 1341 ὲκὸάσεων.
835 1287 1009 1339 Τοῦτο
1041 1287 1151 1355 γάρ
1191 1284 1479 1356 σημαίνειν
1500 1285 1716 1355 οἰητέον

158 1383 184 1434 ὃ
212 1398 356 1451 φησιν
388 1400 406 1431 ι
455 1369 531 1439 ῶς
570 1374 860 1433 ἀκούσιον·
902 1398 921 1430 ι
954 1378 1015 1431 οὐ
1047 1378 1158 1448 γὰρ
1191 1395 1210 1427 ι
1250 1376 1530 1440 παντελῶς
1553 1376 1716 1429 ἀκού⁹

162 1489 265 1523 σιον
313 1490 329 1521 ι
364 1469 524 1523 τοῦτό
584 1487 770 1542 φησιν,
823 1470 938 1523 ἀλλ’
976 1488 994 1519 ι
1054 1470 1129 1531 ὼς
1175 1470 1451 1530 ἀκούσιον,
1492 1488 1510 1519 ι
1547 1469 1714 1539 ήγουν

161 1560 436 1630 ὁμοιότητά
459 1575 581 1611 τινα
624 1558 778 1629 φέρει
819 1558 1138 1628 διοικήσεως
1174 1557 1437 1626 ἀθελήτου
1464 1571 1478 1585 ⁸
1505 1555 1586 1607 διδ
1619 1556 1714 1610 καὶ

160 1651 403 1713 πολλάκις
447 1652 496 1703 οἰ
547 1651 911 1720 κρατοῦντες.
975 1648 1450 1719 μεταμεληθέντες
1498 1649 1556 1701 ἐν
1593 1649 1713 1711 ταῖς

149 1744 420 1815 ἀδοκήτοις
462 1744 758 1806 ἐκδάσεσι,
796 1742 1098 1812 μεθιστῶσι
1137 1743 1264 1804 τοὺς
1321 1740 1599 1803 τοιούτους
1638 1734 1715 1795 ὧν

1815 570 1991 624 erant,
2023 562 2294 632 principes
2324 562 2506 633 servili
2554 564 2737 617 animo
2771 561 2937 617 vitam
2976 578 3137 631 agere
3174 564 3383 619 videas.

1814 648 2105 719 Principes
2139 667 2305 720 porro
2334 666 2398 705 ac
2426 650 2623 705 divites
2652 653 2864 721 appello
2887 691 2902 717 ,
2946 654 3040 722 qui
3099 654 3386 724 principali

1815 741 2102 810 prudentia
2137 755 2325 812 reapse
2355 742 2563 813 praediti
2596 744 2739 807 sint,
2791 752 2844 797 et
2876 750 3085 799 naturae
3113 760 3247 813 Opes
3287 746 3386 800 ba-

1815 830 1997 895 beant,
2022 832 2217 886 idonea
2251 850 2442 904 nempe
2470 834 2721 904 gerendae
2747 836 2999 902 potestati
3026 836 3276 893 consilia.

1888 922 1942 976 Id
1978 924 2143 991 igitur
2173 924 2304 977 illud
2336 934 2418 979 est
2446 925 2685 1002 malum,
2734 924 2880 994 quod
2932 926 3150 994 sapiens
3202 917 3390 981 Eccie—

1817 1013 2012 1068 siastes
2047 1014 2150 1068 sub
2175 1014 2289 1068 sole
2320 1030 2379 1069 se
2414 1016 2619 1070 vidisse
2650 1016 2726 1070 ait
2776 1027 3033 1085 tanquam
3081 1033 3188 1071 non
3224 1033 3391 1088 spon-

1814 1114 2059 1167 taneum,
2093 1105 2177 1158 vel
2207 1107 2349 1175 quod
2383 1108 2473 1176 qui
2500 1108 2635 1162 alios
2670 1116 2991 1177 promovent
3014 1147 3030 1171 ,
3055 1109 3306 1177 ignorant
3326 1126 3389 1164 ac

1812 1196 2039 1249 minime
2065 1195 2360 1265 dispiciunt
2383 1213 2522 1265 quos
2544 1199 2816 1265 evehant;
2845 1199 2928 1252 vel
2963 1200 3109 1269 quod
3136 1190 3230 1268 sp'e
3253 1217 3393 1270 qua-

1814 1286 1937 1339 dam
1965 1285 2206 1339 melioris
2239 1287 2416 1340 exitus
2440 1284 2799 1355 decipiuntur.
2847 1285 2982 1341 Nam
3016 1288 3155 1343 hanc
3189 1288 3391 1344 habere

1814 1377 2264 1447 signiﬁcationem
2280 1377 2642 1448 videturquod
2661 1378 2758 1431 ait:
2782 1396 2799 1427 ι
2813 1376 3091 1447 Tanquam
3110 1396 3216 1434 non
3236 1396 3393 1450 spon-

1817 1479 2056 1525 taneum.
2089 1492 2104 1521 ι
2150 1470 2334 1541 Neque
2363 1473 2505 1525 enim
2542 1470 2673 1525 dicit
2705 1489 2717 1525 :
2759 1490 2776 1522 ι
2820 1469 3059 1527 Omnino
3094 1488 3202 1527 non
3226 1489 3392 1545 spon-

1815 1574 2068 1627 taneum,
2126 1583 2142 1615 ι
2190 1564 2283 1617 sed
2340 1583 2359 1615 ι
2418 1573 2677 1633 tanquam
2726 1579 2835 1617 non
2903 1575 3315 1633 spontaneum,
3366 1585 3386 1618 ι

1811 1666 1976 1723 atque
2001 1656 2135 1707 adeo
2160 1654 2573 1707 similitudinem
2624 1655 2849 1708 exhibet
2884 1656 3179 1725 quamdam
3215 1658 3392 1713 admi-

1818 1745 2158 1800 nistrationis
2201 1744 2425 1799 minime
2468 1745 2809 1800 voluntariae.
2867 1748 3160 1816 Propterea
3201 1750 3389 1816 etiam,

150 1836 412 1891 διέπουσιν
440 1835 685 1908 ἀρχικῶν
719 1837 816 1890 καὶ
850 1835 1100 1904 μεγάλων
1132 1834 1461 1903 ἀξιωμάτων
1483 1851 1497 1865 ⁸
1534 1833 1713 1899 «ἐξου-

1816 1836 1910 1907 qui
1939 1848 2167 1890 summae
2196 1836 2269 1889 rei
2304 1846 2566 1906 praesunt,
2596 1851 2738 1907 saepe
2766 1836 2836 1892 ob
2884 1815 3191 1909 inopinatos
3213 1815 3392 1897 exitus

153 1928 390 1991 σιάζοντα
424 1948 448 1980 ι
488 1928 599 2000 γάρ
640 1927 736 1979 νῦν
770 1928 861 1980 τὸν
889 1926 1034 1979 κατά
1090 1926 1322 1996 καιροὺς
1370 1926 1598 1995 κρατεῖν
1632 1925 1725 1977 καὶ

151 2002 735 2090 βασιλεύεινλελαχὸτα
763 2015 915 2086 φησί.
957 2014 1378 2083 Καταγινώσκει
1414 2013 1592 2066 τοίνυν
1617 2012 1726 2065 τῶν

154 2108 225 2179 μή
256 2110 367 2162 κατ’
399 2109 630 2179 ἐκλογὴν
669 2106 1172 2178 προχειριζομένων
1215 2107 1342 2169 τοὺς
1382 2106 1724 2177 ἡγεμονικὴν

140 2199 370 2252 διάνοιαν
407 2199 549 2268 ἔχειν
582 2198 1037 2265 διεγνωσμένους,
1073 2195 1170 2248 καὶ
1202 2194 1301 2261 τῆς
1347 2193 1595 2259 δουλείας
1616 2196 1721 2249 τῶν

142 2289 382 2359 ψυχικῶν
408 2290 502 2341 καὶ
534 2287 815 2360 σαρκικῶν
842 2285 1032 2340 παθῶν
1058 2287 1405 2357 ἐλευθέρους,
1434 2289 1531 2340 καὶ
1560 2288 1722 2340 πλου-

144 2382 362 2445 τοῦντας
392 2384 449 2434 ὲν
485 2384 736 2451 φυσικοῖς
766 2381 861 2434 καὶ
887 2383 1303 2452 προαιρετικοῖς
1331 2380 1575 2448 ἀγαθοῖς.

1821 1927 2170 1996 ρατηίιεηῑρε,
2200 1926 2285 1990 iis,
2326 1942 2467 1996 quos
2510 1940 2744 1996 gerunt,
2789 1928 3199 1999 magistratibus
3242 1945 3393 1985 sum-

1820 2016 2033 2087 misque
2059 2017 2360 2070 honoribus
2392 2016 2530 2071 tales
2566 2017 2817 2072 homines
2862 2019 3012 2073 abire
3039 2029 3263 2090 cogunt.
3293 2019 3393 2075 llic

1820 2105 2077 2158 nimirum
2124 2124 2143 2156 ι
2204 2115 2523 2175 potestatem
2560 2106 2767 2163 habens
2818 2128 2835 2159 ι
2874 2110 2965 2163 ille
2999 2110 3238 2177 dicitur,
3294 2114 3390 2184 qui

1818 2194 1885 2247 ad
1924 2205 2140 2263 tempus
2170 2196 2456 2263 imperium
2488 2212 2823 2268 regnumque
2848 2209 3040 2255 nactus
3072 2210 3174 2255 est.
3206 2202 3393 2272 Itaque

1820 2301 1914 2340 eos
1941 2288 2289 2353 condemnat,
2342 2287 2435 2358 qui
2500 2290 2552 2343 in
2609 2288 2932 2343 mandandis
2979 2291 3391 2361 magistratibus

1818 2377 2085 2433 delectum
2133 2395 2236 2434 non
2276 2380 2475 2434 habent
2511 2381 2727 2434 illorum
2775 2381 2864 2450 qui
2909 2392 3149 2451 spectata
3202 2383 3256 2436 in
3284 2384 3391 2439 im-

145 2477 308 2544 periis
340 2477 540 2551 virtute
570 2486 721 2538 sunt,
755 2485 808 2529 et
838 2477 1034 2529 animo
1073 2475 1299 2535 minimc
1338 2473 1523 2529 servili
1549 2482 1723 2544 atque
1761 2490 1792 2527 a
1856 2474 2249 2543 cupiditatibus
2304 2474 2512 2540 libero,
2562 2489 2628 2528 ac
2668 2474 2824 2528 Louis
2868 2485 2923 2528 et
2966 2474 3309 2532 naturalibus
3339 2485 3395 2532 et

135 2573 311 2640 partis
340 2571 556 2625 divites.

211 2655 271 2716 Ei
304 2663 358 2714 δέ
388 2680 470 2725 τις
498 2661 1232 2735 ἀναγωγικῶςὲξειληφέναι
1261 2661 1323 2716 τὸ
1348 2662 1524 2733 παρδν
1553 2662 1718 2734 ῥητὸν

139 2750 404 2820 ἐθελήσοι,
437 2753 535 2821 τὴν
565 2751 792 2821 ἄμειψιν
822 2752 916 2805 καὶ
961 2751 1253 2824 μετάθεσιν
1283 2751 1479 2823 δηλοῦν
1506 2754 1716 2824 οἰηθείη

138 2840 458 2913 πρεπόντως
501 2840 609 2891 τῶν
650 2840 927 2910 ἑκατέρων
961 2840 1126 2906 λαῶν,
1162 2841 1258 2895 τοῦ
1312 2842 1583 2896 Ἰουδαίων
1622 2842 1715 2912 δη·

136 2932 271 3002 λαδὴ
298 2930 397 2984 καὶ
425 2930 519 2983 τοῦ
559 2926 634 2995 ἐξ.
661 2930 851 2985 ἐθνῶν.
894 2929 955 2985 '0
984 2932 1092 3002 γὰρ
1127 2933 1256 3002 πρὶν
1279 2932 1472 3003 ἄφρων
1497 2932 1713 2999 διεγνω-

137 3025 334 3094 σμένος
359 3025 387 3075 ὁ
408 3021 466 3087 ἐξ
493 3024 686 3084 ἐθνῶν,
720 3026 813 3077 καὶ
844 3025 1022 3091 λέγων
1037 3026 1096 3084 ιν
1112 3024 1315 3096 καρδίᾳ
1348 3023 1536 3089 αὑτοῦ,
1567 3025 1716 3077 «Οὐκ

1886 2660 1956 2713 At
1988 2660 2032 2712 si
2059 2658 2184 2729 quis
2215 2657 2422 2712 dictum
2463 2656 2564 2711 hoc
2596 2656 2897 2711 secundum
2941 2672 3222 2728 anagogen
3249 2660 3394 2716 acci-

1816 2765 1942 2821 pere
1970 2750 2223 2811 voluerit,
2258 2746 2454 2803 merito
2486 2746 2922 2814 existimaverit,
2954 2749 3389 2807 vicissitudinem

1815 2854 1879 2892 ac
1923 2836 2440 2891 transmutationem
2492 2834 2791 2903 signiﬁcari
2852 2837 3037 2904 papuli
3080 2838 3390 2908 utriusque,

1812 2927 2125 2983 Iudaeorum
2163 2926 2371 2981 scilicet
2400 2935 2564 2995 atque
2591 2926 2855 2994 gentium.
2891 2926 3027 2981 Nam
3052 2930 3146 2998 qui
3169 2929 3237 2984 de
3263 2947 3394 3001 gen-

1816 3020 1960 3074 tibus
1984 3019 2184 3075 stultus
2212 3029 2371 3071 antea
2412 3018 2733 3083 habebatur,
2770 3027 2826 3073 et
2874 3034 3061 3074 secum
3101 3021 3216 3089 ipse
3245 3022 3391 3077 dice-

122 3116 253 3167 ¹ἔστι
285 3114 436 3178 Θεὸς,
476 3135 493 3166 ι
531 3114 563 3184 ἢ
597 3114 690 3167 καὶ⁵
718 3113 795 3184 τῷ
814 3114 965 3183 λίθῳ,
998 3132 1019 3165 ι
1059 3114 1193 3177 Θεός
1223 3132 1327 3185 μου
1358 3111 1411 3167 εἴ
1438 3116 1525 3179 σὺ,
1563 3132 1580 3165 ι
1621 3114 1713 3167 καὶ

1819 3110 1909 3167 bat
1947 3129 1960 3162 :
2003 3130 2021 3161 ι
2054 3109 2171 3186 Non
2200 3120 2285 3165 est
2320 3110 2500 3178 Deus;
2539 3130 2557 3163 ι
2597 3120 2693 3166 aut
2720 3120 2773 3166 et
2804 3128 2973 3167 saxo:
3011 3130 3032 3162 ι
3071 3112 3211 3167 Deus
3239 3129 3393 3168 meus

130 3206 211 3275 τῷ
264 3204 427 3277 ξύλῳ,
462 3225 478 3255 ι
528 3206 614 3280 Σύ.
636 3223 703 3275 με
762 3206 1046 3276 ἐποίησας,
1086 3224 1111 3259 ιν
1143 3200 1321 3269 οὗτος.
1362 3205 1710 3273 ἀντεισῆλθεν

129 3297 217 3358 εἰς
246 3296 345 3357 τὰς
375 3295 585 3365 ὑψηλάς
614 3295 707 3347 καὶ
738 3294 981 3364 μεγάλας
1004 3293 1114 3347 τῶν
1143 3293 1467 3365 θεοπρεπῶν
1492 3293 1711 3361 ἀγαθῶν

127 3386 353 3454 δωρεῶν
396 3386 490 3440 καὶ
555 3386 798 3456 χαρίτων
850 3384 1239 3454 πνευματικὰς
1286 3384 1383 3437 καὶ
1439 3383 1712 3447 σωστικάς

126 3476 485 3539 ἀπολαύσεις.
521 3478 583 3530 Οἱ
620 3475 677 3528 δὲ
714 3474 1072 3538 πλουτοῦντες
1096 3474 1329 3545 ἔμπαλιν
1357 3475 1415 3527 ὲν
1446 3477 1561 3535 τοῖς
1595 3491 1709 3527 τοι-

124 3567 336 3631 ούτοις,
367 3569 537 3638 ἤγουν
554 3567 636 3637 τῷ
662 3566 943 3637 Μωσαῖκιῖι
969 3567 1117 3636 νόμῳ
1137 3568 1231 3619 καὶ
1259 3570 1371 3629 τοῖς
1402 3568 1713 3637 προφήταις

1817 3216 1880 3256 es
1915 3211 1967 3255 tu
1997 3219 2012 3267 ;
2042 3220 2059 3253 ι
2100 3212 2154 3256 et
2185 3202 2331 3273 ligno
2364 3220 2377 3256 :
2407 3220 2426 3254 ι
2472 3200 2553 3256 Tu
2592 3218 2681 3258 me
2732 3202 2933 3269 fecisti,
2970 3222 2988 3255 ι
3030 3202 3121 3258 hic
3161 3204 3395 3262 alterius

1818 3290 1938 3344 loco
1964 3291 2032 3344 ad
2079 3291 2341 3345 sublimes
2388 3305 2725 3361 magnasque
2775 3292 3045 3347 bonorum
3079 3292 3392 3349 divinorum

1818 3381 2163 3446 donationes,
2203 3397 2267 3436 ac
2290 3396 2579 3435 munerum
2616 3382 2944 3451 spiritalium
2980 3390 3034 3437 et
3067 3383 3391 3439 salutarium

1819 3468 2223 3540 pos'sessia'nem
2274 3474 2543 3542 pervenit.
2570 3473 2676 3539 Qui
2707 3488 2835 3528 vero
2866 3488 2895 3528 e
2935 3476 3215 3530 contrario
3246 3475 3395 3533 hisce

1821 3564 2114 3633 locuplelcs
2152 3574 2325 3624 erant,
2355 3565 2471 3635 lege
2519 3579 2713 3634 nempe
2740 3564 2979 3621 Mosaica
3016 3575 3070 3621 et
3115 3568 3393 3638 prophetis

1818 3671 1882 3711 ac
1933 3656 2021 3708 Dei
2068 3657 2449 3711 universorum
2505 3656 2880 3713 familiaritate
2928 3676 2993 3715 ac
3051 3662 3390 3732 promissis,

1818 3750 2081 3804 exinaniti
2110 3760 2258 3812 sunt,
2304 3763 2468 3819 atque
2505 3752 2700 3821 abjecti
2736 3754 2954 3822 penitus
2991 3756 3389 3811 conciderunt:

1820 3842 2003 3911 itaque
2055 3858 2199 3896 nunc
2252 3860 2536 3898 servorum
2600 3845 2772 3897 instar
2830 3845 3143 3901 universam
3190 3855 3391 3903 terram

1818 3934 1971 3989 obire
1998 3935 2410 4003 conspiciuntur
2431 3975 2445 3999 ,
2483 3937 2946 4003 quemadmodum
2976 3939 3239 4008 scriptum
3278 3949 3386 3995 est:

1824 4044 1843 4077 ι
1874 4026 2136 4080 Dominus
2166 4038 2429 4096 pauperat
2463 4036 2517 4082 et
2547 4028 2706 4093 ditat,
2742 4028 3000 4083 humiliat
3039 4038 3094 4084 et
3119 4032 3389 4092 sublevat,

1819 4120 2045 4173 suscitat
2078 4120 2144 4173 de
2189 4120 2409 4188 pulvere
2437 4135 2670 4190 egenum
2695 4161 2711 4184 ,
2753 4129 2808 4174 et
2842 4120 2910 4176 de
2954 4132 3200 4179 stercore
3233 4123 3392 4194 erigit

1818 4225 2112 4278 pauperem
2154 4212 2219 4265 9‘.
2262 4230 2280 4262 ι
2323 4210 2414 4265 Sic
2439 4213 2586 4266 enim
2621 4213 2909 4282 utriusque
2930 4216 3124 4284 populi
3152 4224 3391 4271 mutatas

121 3659 227 3711 καὶ
256 3662 378 3721 ταῖς
420 3660 557 3729 πρρς
589 3659 684 3712 τὸν
731 3660 825 3713 ἐπὶ
868 3660 1086 3713 πάντων
1112 3659 1247 3711 Θεὸν
1289 3660 1585 3728 οἰκειότησι
1619 3660 1711 3712 καὶ

116 3748 372 3809 ἐλπίσιν,
416 3749 761 3819 ἐκενώθησαν
789 3749 886 3803 καὶ
919 3749 1202 3811 παντελῶς
1226 3748 1669 3820 ἐταπεινώθησαν
1696 3767 1708 3779 ⁸

116 3839 225 3891 καὶ
262 3840 614 3910 καθορῶνται
641 3840 1004 3911 πορευόμενοι
1038 3838 1133 3894 νῦν
1178 3840 1336 3909 δίκην
1375 3840 1576 3893 deuiam:
1618 3842 1711 3893 ἐπὶ

92 3930 226 3998 ’τῆς
257 3931 365 3998 γῆς
394 3932 501 3983 ἀνά
524 3933 707 3984 πᾶσαν
733 3932 834 4000 τὴν
860 3931 1188 4001 οἰκουμένην
1212 3931 1354 3984 κατὰ
1381 3932 1440 3983 τὸ
1463 3949 1711 4002 γεγραμο

110 4022 323 4091 μένον·
371 4041 391 4072 ι
425 4022 629 4093 Κύριος
672 4022 939 4093 πτωχίζει
988 4022 1084 4075 καὶ
1129 4024 1429 4087 πλουτίζει,
1466 4026 1714 4076 ταπεινοῖ

100 4113 220 4163 ικαὶ
249 4111 471 4180 diruti/oi,
492 4115 688 4183 άνιστᾷ
716 4114 825 4165 ἀπὸ
844 4115 946 4183 γῆς
971 4115 1199 4182 πένητα,
1226 4116 1320 4168 καὶ
1347 4117 1453 4169 ἀπὸ
1479 4118 1711 4187 κοπρίας

102 4202 334 4270 ἐγείρει
374 4204 612 4271 πτωχόν.
654 4223 673 4255 ο
712 4204 870 4258 υῦτω
923 4206 1035 4276 γάρ
1089 4209 1317 4278 εὓρηται
1362 4208 1707 4279 προφανῶςή

100 4288 232 4339 ’τῶν
275 4290 559 4359 ἑκατέρων
602 4291 953 4369 ἀμειψιςκαὶ
994 4296 1288 4365 μετάθεσις
1321 4301 1596 4366 γεγονυῖα,
1623 4300 1710 4353 διὰ

1821 4315 1945 4354 esse
1978 4300 2128 4354 vices
2149 4311 2338 4369 aperte
2372 4310 2621 4366 constat,
2659 4303 2875 4371 rejectis
2910 4304 2981 4358 ob
3016 4304 3387 4359 inﬁdelitatem

96 4380 218 4442 τὴν
256 4380 401 4432 ἰδίαν
439 4381 701 4436 ἀπιστίαν
734 4384 1111 4455 ὲκῦληθέντων
1154 4388 1263 4441 τῶν
1303 4390 1592 4461 Ἰουδαίων,
1619 4393 1710 4443 καὶ

1818 4407 1972 4445 suam
2006 4391 2230 4456 Judazis,
2259 4402 2312 4445 et
2351 4395 2403 4446 in
2450 4409 2639 4447 eorum
2689 4394 2867 4449 locum
2906 4396 3267 4460 introductis,
3295 4399 3387 4467 qui

94 4469 172 4519 τὸ
210 4468 461 4538 ἔμπαλιν
508 4470 971 4541 ἀντεισαχθέντων
1021 4475 1127 4526 τῶν
1176 4474 1237 4539 ἐξ
1271 4476 1570 4541 ὲθνῶν,διὰ
1612 4478 1709 4547 την

1820 4481 1978 4553 241
2004 4498 2067 4536 ex
2103 4484 2358 4552 gentibus
2397 4495 2587 4550 erant,
2644 4500 2739 4555 per
2793 4502 2945 4557 spem
2988 4497 3154 4557 atque
3206 4489 3386 4556 ﬁdem,

84 4558 319 4612 ἐλπίδα
357 4562 452 4614 καὶ
486 4562 668 4613 πίστιν
693 4564 795 4632 τὴν
824 4564 957 4635 πρὸς
997 4565 1232 4635 Χριστὸν
1256 4566 1347 4619 τὸν
1373 4568 1465 4620 ἐπὶ
1493 4568 1709 4622 πάντιιιν

1816 4590 1979 4643 quam
2022 4574 2077 4627 in
2111 4573 2331 4630 Christo
2364 4577 2746 4632 universorum
2784 4578 2891 4633 Deo
2923 4590 3243 4648 posuerunt.

81 4652 279 4705 θεόν.

192 4745 432 4813 Ἀμέλει
479 4747 657 4799 τοίνυν
690 4750 785 4801 καὶ
828 4750 1252 4821 κατακωμῳδῶν
1284 4752 1379 4804 καὶ
1437 4753 1713 4822 φαυλίζων

82 4835 218 4905 τὴν
253 4837 523 4891 ἀπιστίαν
553 4841 647 4891 καὶ
674 4840 1108 4910 πονηροὸουλίαν
1136 4842 1244 4894 τῶν
1280 4843 1568 4909 Ἰουδαίων,
1596 4864 1613 4894 ι
1641 4845 1716 4908 ὡς

89 4927 413 4991 ἀκούσιον,
464 4948 481 4979 ι
531 4932 792 5000 πονηρίαν
843 4933 1049 5006 ταύτην
1083 4935 1405 5005 προσφόρως
1439 4936 1709 5006 ὠνόμασε.

79 5017 221 5085 Τῆς
259 5019 369 5085 μὲν
408 5020 515 5087 γάρ
546 5022 803 5084 ἀπιστίας
832 5028 952 5086 ταῖς
978 5024 1210 5094 ἄρκυσιν
1241 5026 1458 5089 ἑκόντες
1482 5026 1711 5079 κατὼλι-

78 5106 239 5157 σθον
266 5122 281 5135 ⁸
332 5110 435 5175 τὴν
471 5110 747 5163 ἔκπτωσιν
776 5112 833 5164 δὲ
878 5114 972 5165 καὶ
1022 5116 1313 5183 μετάθεσιν
1350 5116 1450 5185 τὴν
1480 5118 1545 5167 ὲκ
1576 5116 1713 5168 Θεοῦ

66 5202 195 5253 ναὶ
225 5201 351 5253 τῶν
382 5202 541 5255 θείων
563 5205 863 5258 πεπόνθασι
891 5208 984 5260 καὶ
1034 5207 1109 5278 μή
1140 5208 1409 5274 θέλοντες,
1440 5209 1581 5262 οὕτω
1609 5213 1709 5273 τῆς

156 5344 217 5375 ³⁵
302 5340 444 5411 Reg.
473 5357 532 5405 It,
558 5342 610 5395 7.

1887 4748 2067 4814 Quare
2106 4750 2344 4803 irridens
2380 4751 2639 4806 nimirum
2686 4761 2850 4824 atque
2887 4758 3262 4827 perstringens
3292 4757 3391 4814 Ju-

1816 4841 2057 4893 da-orum
2083 4840 2455 4894 inﬁdelitatem
2487 4856 2915 4914 perversumque
2935 4847 3249 4915 consilium,
3276 4863 3391 4901 ma-

1816 4930 1926 4982 lum
1984 4930 2118 4983 illud
2161 4931 2411 4999 apposite
2461 4948 2480 4982 ι
2520 4941 2782 5002 tanquam
2815 4949 2923 4988 non
2956 4936 3324 4991 voluntarium
3365 4956 3383 4986 ι

1815 5022 2127 5089 appellavit.
2182 5020 2314 5076 Nam
2372 5024 2617 5079 volentes
2664 5026 2886 5094 quidem
2942 5027 2997 5082 in
3050 5030 3388 5084 inﬁdelitatis

1813 5115 1949 5167 retia
1988 5114 2298 5168 inciderunt
2332 5133 2344 5167 :
2381 5124 2436 5168 at
2469 5130 2657 5170 casum
2697 5134 2858 5173 suum
2885 5127 2940 5173 et
2971 5118 3063 5173 Dei
3098 5135 3391 5189 rerumque

1818 5208 2123 5261 divinarum
2158 5208 2512 5264 amissionem
2541 5213 3064 5285 translationcmque
3089 5219 3233 5284 passi
3260 5228 3388 5273 sunt

50 5477 449 5553 μεγάλως,-
462 5479 708 5553 τουτέστι
737 5483 1089 5553 συνεχωρήθη
1118 5483 1398 5553 ὑψωθῆναι
1431 5486 1573 5539 κατὰ
1608 5487 1700 5537 τὸν

56 5547 323 5623 κόσμον
359 5547 571 5623 τοῦτον.
612 5547 1036 5620 Συγκεχώρηται
1069 5547 1125 5605 δὲ
1161 5555 1261 5606 οὐκ
1295 5547 1562 5623 ἀκρίτως,
1589 5557 1702 5609 ἀλλ’

55 5621 177 5689 ἵνα
217 5616 360 5669 λίαν
394 5620 687 5687 μετάρσιος
720 5616 1031 5687 ὲκῄὸανθεὶς.
1060 5624 1311 5675 κάκεῖθεν
1354 5616 1702 5689 καταπεσὼν,

50 5687 338 5769 ἀνίατον
363 5690 658 5770 συντριὸὴν
688 5691 977 5770 ὑπομείνῃ.
1007 5691 1058 5744 1«Ι
1087 5704 1189 5755 est,
1240 5693 1530 5770 Recordare
1562 5687 1706 5749 Scrié

1816 5687 2035 5767 indeque
2065 5702 2119 5753 in
2162 5716 2391 5770 praeceps
2434 5687 2602 5766 actus,
2636 5687 2899 5760 excidium

53 5769 284 5829 ptume
314 5755 664 5813 indumentis
696 5776 713 5813 :
754 5755 1035 5817 Datus'est
1070 5764 1267 5831 impius
1296 5766 1360 5817 in
1402 5762 1710 5821 sublitnita-
1817 5755 2005 5823 cubiie.

446 5874 710 5934 PATROL.
754 5877 870 5940 Gn.
910 5879 1180 5941 XCVII].

2969 5892 3046 5952 35

1812 5490 1959 5544 tibus
1990 5488 2203 5557 magnis
2238 5506 2251 5553 ;
2299 5491 2616 5557 permissum
2642 5489 2844 5547 scilic'ct
2889 5496 2972 5548 illi
3002 5506 3075 5549 ut
3117 5508 3174 5551 ut
3208 5516 3391 5553 serun-

1812 5564 1937 5611 ἄρηι
1969 5562 2122 5637 _ltu_i_rc_
2166 5562 2425 5637 ntttitdunt
2466 5562 2966 5637 exu_ltetnr._Neque
3000 5568 3124 5637 [th
3159 5570 3390 5637 [utullus

1814 5636 1925 5704 sine
1952 5629 2158 5704 judicio
2190 5631 2317 5683 data
2358 5642 2455 5691 est,
2487 5632 2575 5684 sed
2610 5644 2664 5685 ut
2709 5635 2799 5687 ille
2835 5629 2892 5688 iri
2920 5636 3142 5693 sublime
3159 5629 3390 5704 euectus,
