4166 6434
176 410 307 480 1105

1231 416 1311 475 IN
1350 414 1921 477 ECCLESIASTEN.
1947 441 2010 449 -
2042 415 2193 475 LIB.
2234 416 2339 475 IX.

3276 407 3414 475 1106

170 530 278 599 γὰρ
328 528 541 600 φρονῶν
574 528 641 583 τὰ
689 530 786 597 τῆς
838 530 1116 600 ἀληθείας,
1149 531 1244 583 καὶ
1295 534 1416 595 ταῖς
1454 532 1732 601 εὐθύτησιι

1850 529 1973 583 tatis
2025 539 2175 593 sunt,
2224 528 2413 589 sentit,
2460 535 2513 580 et
2562 540 2624 580 os
2668 526 2831 580 habet
2883 524 2951 579 ad
3000 524 3135 579 recti
3175 526 3415 596 regulam

172 620 485 688 ίθυνόμενον
529 619 625 672 καὶ
654 619 1069 689 κανονιξόμενον
1113 620 1254 690 ἔχων
1286 622 1347 674 τὸ
1390 622 1519 675 τδιον
1546 623 1738 692 στόμα,

168 709 355 777 λόγους
394 709 646 773 ὲκόλὺζει
680 710 826 764 κατὰ
848 709 908 762 τδ
937 710 1239 765 ἀκόλουθον·
1265 711 1505 780 ἀγαθοὺς
1533 714 1626 766 καὶ
1649 712 1743 783 χά-

171 817 256 868 ριν
286 802 392 861 τοῖς
426 802 708 854 ὲπαΐουσιν
754 801 1144 870 ἐμποιοῦντας,
1187 802 1281 855 καὶ
1310 804 1410 874 τῆς
1457 803 1557 872 μὲν
1583 820 1741 874 περι-

171 892 486 960 στοιχούσης
514 893 709 957 αὐτοὺς
737 895 1162 957 ἐπαναστάσεως
1207 894 1318 948 τῶν
1358 893 1549 948 παθῶν
1578 895 1611 967 ή
1655 912 1741 947 τι-

170 999 259 1043 νος
286 980 524 1050 ἀθυμίας
564 984 657 1035 καὶ
688 983 864 1055 λύπης
885 985 979 1037 τοῦ
1015 984 1227 1038 ἔνδοθεν
1251 983 1539 1055 ἀνθρώπου
1569 1003 1740 1040 κατα-

168 1072 475 1143 κρατούσης
532 1073 888 1144 ἐξαιροῦσαν,
941 1076 1037 1129 καὶ
1092 1076 1551 1145 μετοχετεύουσαν
1603 1079 1740 1149 πρὸς

167 1164 513 1234 παράκλησιν
555 1164 647 1217 καὶ
677 1164 1038 1235 ψυχαγωγίαν
1068 1168 1159 1219 καὶ
1202 1167 1491 1236 θυμηδίαν.

250 1252 388 1304 Ἀλλ’
420 1254 468 1304 οί
502 1251 771 1321 βάσκανον
799 1254 891 1305 καὶ
924 1255 1218 1322 μισόκαλον
1234 1254 1462 1326 ,ἔχοντες
1487 1257 1735 1328 γνώμην,

165 1341 259 1406 οὓς
279 1342 372 1396 καὶ
401 1344 671 1414 δεδήλωκε
698 1345 785 1398 διὰ
806 1345 905 1414 τῆς
928 1346 1222 1414 ὀνομασίας
1253 1365 1272 1399 ι
1312 1347 1406 1400 τοῦ
1428 1350 1679 1420 ἄφρονος,
1714 1370 1731 1402 ι

164 1434 571 1499 ἐπεισελθόντες
602 1438 719 1499 τοῖς
762 1437 940 1506 σοφῶς
985 1436 1320 1507 είσηγηθεῖσι
1366 1440 1460 1493 καὶ
1502 1442 1737 1504 συνετῶς

164 1526 464 1595 λαληθείσι,
493 1528 632 1596 μετὰ
664 1529 1057 1599 ραγδαιοτάτης
1085 1529 1194 1583 τῶν
1239 1530 1603 1601 παραφρόνων
1647 1530 1733 1583 λό-

162 1630 275 1681 γων
303 1615 593 1685 κινήσεως,
617 1615 775 1686 δίκην
797 1615 1102 1670 θαλαττίων
1124 1618 1385 1686 κυμάτων
1414 1620 1734 1688 συγχέουσιν

160 1706 357 1769 αὐτοὺς
388 1705 485 1758 καὶ
526 1702 1016 1773 κατασαπτίξουσι,
1049 1707 1231 1772 καθὼς
1265 1710 1494 1779 ὲμπεδοϊ
1523 1712 1623 1764 κάν
1665 1714 1731 1782 τῇ

162 1796 329 1867 βίϐλῳ
354 1798 463 1851 τῶν
484 1800 825 1870 Παροιμιῶν,
853 1803 1077 1869 φάσκων
1097 1819 1111 1833 ο
1133 1821 1151 1855 ι
1174 1802 1373 1873 Σοφίαν
1399 1803 1491 1855 καὶ
1515 1804 1733 1857 παιδίαν

158 1886 377 1951 ἁσεὸεῑς
414 1888 879 1961 ὲξουθενήσουσιν.
917 1910 936 1943 ι
971 1888 1048 1945 Ἦ
1086 1893 1300 1963 μήποτε
1332 1894 1399 1947 τά
1440 1895 1592 1965 χείλη
1636 1893 1729 1946 τοῦ

156 1976 391 2048 ἄφρονος
415 1979 579 2032 αὐτὸν
602 1983 810 2033 ἐκεῖνον
832 1983 1249 2048 καταποντίζειν
1273 1986 1458 2056 φησὶν,
1494 1984 1608 2038 ἀλλ’
1631 1987 1729 2057 οὺχ

160 2066 390 2138 ἓτερονς
428 2088 446 2122 ι
504 2070 598 2123 Ἐκ
628 2071 735 2141 γὰρ
764 2073 874 2126 τῶν
919 2073 1091 2143 λόγων
1128 2091 1222 2128 σου
1250 2076 1611 2149 δικαιωθήσῃ,
1638 2079 1731 2130 καὶ

156 2158 226 2211 ἐκ
252 2159 361 2212 τῶν
403 2161 579 2229 λόγων
610 2180 704 2217 σου
732 2166 1203 2239 καταδικασθήσῃ,
1253 2187 1272 2219 ι
1317 2169 1483 2238 φησὶν
1527 2171 1585 2222 ὲν
1617 2172 1730 2234 τοῖς

154 2251 510 2320 Εὑαγγελίοις
537 2257 566 2308 6
607 2256 810 2328 Κύριος
831 2274 843 2288 ·
876 2259 1125 2313 καθάπου
1173 2262 1309 2331 φησὶ
1337 2262 1430 2315 καὶ
1463 2262 1523 2316 τὸ
1549 2262 1729 2333 λόγιον

152 2341 251 2394 τοῦ
279 2342 513 2411 ἀθλητοῦ
558 2347 657 2416 τῆς
697 2347 978 2411 εὐσεϐείας
1022 2348 1172 2403 Ἰώὸο
1210 2368 1229 2402 ι
1279 2350 1524 2420 Ἐλέγξαι
1561 2369 1622 2406 σε
1664 2353 1728 2405 τὺ

156 2431 253 2484 σδν
279 2435 474 2503 στόμα,
492 2436 560 2487 τά
583 2436 639 2489 δὲ
662 2437 811 2510 χείλη
838 2455 930 2492 σου
958 2444 1514 2514 καταμαρτυρήσουσί
1541 2461 1635 2497 σου
1661 2462 1675 2475 ·
1703 2462 1722 2496 ι

152 2522 257 2590 τὴν
285 2522 370 2573 ἐπ’
404 2522 564 2576 αὑτὸν
602 2527 808 2579 ἐκεῖνον
845 2528 937 2580 τὸν
983 2529 1194 2599 ἄφρονα
1228 2532 1525 2602 γενομένην
1558 2533 1729 2587 κατά-

152 2630 340 2683 κρισιν
389 2617 479 2669 ἐπὶ
524 2620 636 2681 τοῖς
675 2618 825 2683 ἰδίοις
871 2621 1050 2689 λόγοις
1099 2626 1285 2692 σαφῶς
1334 2626 1726 2696 αἰνιττόμενον.

152 2702 270 2753 Καὶ
318 2702 580 2775 εὕρηνται
634 2706 896 2771 πολλάκις
939 2711 989 2761 οί
1036 2711 1382 2781 παράφρονες
1424 2711 1571 2780 λόγοι
1619 2711 1728 2765 τῶν

154 2794 469 2861 μισοκάλων
495 2796 819 2868 ἀνθρώπων,
860 2802 955 2855 καὶ
991 2800 1101 2855 τῶν
1145 2802 1323 2872 σοφῶν
1366 2804 1493 2867 τοὺς
1535 2804 1724 2872 λόγους

150 2884 491 2951 σϐεννύντες,
544 2890 638 2942 καὶ
688 2890 994 2956 δεικνύντες
1045 2894 1440 2964 άνενεργήτους
1486 2894 1575 2948 διά
1624 2896 1723 2965 τὴν

148 2974 542 3047 παρείσκρισιν
571 2980 664 3032 καὶ
690 2981 791 3050 τὴν
816 2982 1141 3054 ἀντίρρησιν
1170 2984 1277 3039 τῶν
1324 2985 1541 3055 ἀσόφων
1562 3001 1577 3016 °
1629 2985 1725 3039 οὓς

145 3063 524 3138 αίνιττόμενος
553 3065 707 3134 αὖθις
746 3073 1012 3143 ὲπήγαγε’

1841 630 2094 674 exactum
2129 634 2194 672 ac
2231 617 2659 679 conformatum,
2709 629 3015 678 εενηιοηθε,
3067 622 3126 668 ιιι
3170 630 3268 683 par
3312 625 3414 679 est,

1842 711 2016 766 bonos
2047 709 2277 765 eﬂ‘undit
2306 717 2361 764 et
2392 723 2513 763 eam
2562 706 2908 761 audientibus
2955 706 3262 777 ingerentes
3295 720 3416 775 gra-

1845 804 2006 866 tiam,
2065 817 2187 872 quae
2224 817 2329 855 non
2369 801 2549 856 solum
2603 799 3005 867 insurgentium
3054 796 3415 868 cupiditatum

1841 895 2100 963 impetum
2139 902 2193 948 et
2221 892 2663 961 desperationem
2706 904 2771 944 ac
2806 890 3047 944 dolorem
3096 889 3281 943 animo
3331 887 3419 941 in-

1842 988 2007 1041 ﬁxum
2048 986 2220 1048 tollat,
2264 984 2357 1038 sed
2397 984 2561 1037 etiam
2604 983 2657 1037 in
2698 981 2878 1036 solatii
2934 994 2989 1035 et
3036 979 3415 1036 oblectationis

1839 1090 1894 1132 et
1923 1076 2125 1131 laetitiae
2159 1073 2602 1131 communionem
2642 1080 2962 1142 partemque
2988 1077 3163 1124 vocet.

1909 1255 1977 1309 At
2012 1269 2140 1309 vero
2170 1257 2263 1324 qui
2298 1252 2538 1322 maligno
2572 1258 2701 1304 sunt
2750 1250 2935 1303 animo
2967 1257 3019 1303 et
3061 1246 3274 1302 honesti
3305 1246 3412 1299 ini-

1840 1348 2003 1411 mico,
2040 1361 2183 1416 quos
2215 1344 2377 1398 etiam
2421 1343 2719 1412 insipientis
2761 1341 3123 1409 appellatione
3161 1338 3414 1407 designa-

1837 1442 1932 1501 vit,
1987 1439 2053 1494 iis
2099 1437 2392 1499 adversati,
2448 1450 2571 1505 quae
2622 1434 2899 1502 sapienter
2948 1432 3245 1501 proposita.
3284 1446 3413 1500 pru-

1834 1534 2134 1599 denterque
2194 1528 2392 1582 tradita
2447 1534 2596 1589 sunt,
2665 1522 3065 1579 violentissimo
3122 1522 3413 1575 stultorum

1835 1622 2124 1676 verborum
2161 1620 2391 1688 impetu,
2433 1627 2690 1686 tanquam
2744 1614 2969 1669 marinis
3007 1612 3263 1667 ﬂuctibus
3313 1610 3415 1666 ob.

1834 1719 2001 1764 ruunt
2036 1710 2161 1763 illos
2198 1716 2363 1776 atque
2392 1707 2717 1775 demergunt
2754 1721 2767 1757 :
2803 1710 2863 1757 ut
2900 1704 2953 1757 in
2987 1700 3409 1757 Proverbiorum

1835 1818 2056 1873 quoque
2103 1801 2248 1855 libro
2292 1799 2615 1860 confirmat,
2670 1812 2792 1851 cum
2845 1796 2922 1849 ait
2958 1813 2971 1848 :
3013 1812 3031 1845 ι
3071 1793 3409 1863 Sapientiam

1835 1908 1997 1965 atque
2026 1891 2332 1948 doctrinam
2362 1890 2513 1961 impii
2544 1889 2847 1958 despicicnt
2872 1887 2940 1941 ’⁸.
2972 1905 2989 1937 ι
3023 1885 3166 1953 Quid
3198 1886 3243 1941 si
3267 1886 3409 1941 labia

1834 1983 2144 2054 ins‘pientis
2166 1982 2318 2037 illum
2343 1983 2518 2052 ipsum
2544 1981 2860 2049 demergere
2888 1978 3042 2042 dicit,
3069 1992 3173 2030 non
3204 1976 3411 2030 alium?

1842 2098 1860 2130 ι
1900 2076 1976 2130 Ex
2010 2076 2189 2130 verbis
2218 2073 2363 2129 enim
2410 2074 2519 2129 tuis
2554 2071 2966 2142 justilicaberis,
3018 2079 3073 2124 et
3121 2084 3187 2125 ex
3228 2069 3410 2123 verbis

1834 2168 1948 2222 tuis
1981 2165 2436 2223 condemnaberis
2459 2166 2528 2228 θ’,
2567 2183 2586 2215 ι
2631 2163 2810 2233 inquit
2843 2162 3108 2217 Dominus
3147 2161 3201 2216 in
3228 2160 3409 2215 Evan-

1835 2258 2031 2328 geliis;
2086 2255 2232 2310 sicut
2273 2253 2515 2323 quodam
2562 2253 2615 2305 in
2667 2252 2789 2306 loco
2824 2251 3026 2305 athleta
3074 2251 3162 2305 ille
3191 2251 3409 2320 pietatis

1831 2347 2002 2403 Jobus
2030 2345 2312 2401 oraculum
2348 2345 2519 2398 edidit
2553 2342 2871 2412 hujusmodi
2900 2360 2912 2396 :
2947 2360 2966 2394 ι
3004 2344 3210 2413 Arguat
3257 2352 3307 2397 te
3346 2359 3408 2398 os

1831 2449 2008 2502 tuum,
2035 2447 2091 2494 et
2120 2437 2262 2491 labia
2302 2445 2393 2491 tua
2430 2434 2867 2489 testilicabuntur
2896 2442 3087 2488 contra
3118 2441 3169 2487 te
3192 2431 3340 2503 ('74):
3385 2449 3415 2483 ι»

1831 2533 2036 2586 diserte
2072 2528 2390 2599 significans
2425 2534 2613 2581 contra
2651 2525 2803 2579 illum
2840 2524 3017 2594 ipsum
3058 2523 3407 2593 insipientem

1833 2622 1886 2675 in
1935 2620 2179 2690 ejusdem
2228 2617 2408 2672 verbis
2466 2617 2649 2670 inesse
2713 2615 3246 2669 condemnationem.
3297 2612 3409 2668 Nec

1832 2712 1942 2766 rari
1995 2718 2126 2765 sunt
2166 2708 2317 2764 stulti
2360 2707 2735 2777 improborum
2783 2707 3065 2762 hominum
3102 2720 3406 2769 sermones,

1831 2805 1926 2874 qui
1982 2800 2312 2871 sapientium
2368 2800 2717 2855 sermonibus
2772 2798 3027 2853 tenebras
3084 2797 3407 2859 oﬁ‘undant,

1832 2908 2038 2963 eosque
2062 2890 2437 2961 insipientium
2465 2891 2874 2959 comparatione
2899 2888 2963 2942 et'
2976 2888 3413 2944 contradictione

1835 2983 2113 3040 inﬁrment
2149 2993 2314 3052 atque
2350 2982 2592 3046 elevent;
2627 2996 2765 3051 quos
2799 2988 2858 3035 ut
2892 2979 3178 3045 indicaret,
3212 2980 3414 3049 adjecit

1837 3088 2052 3129 rursum
2080 3092 2093 3127 ζ

1736 3186 1873 3240 Χιίῖ.

239 3272 416 3342 Ἀρχὴ
456 3276 656 3345 λόγων
681 3279 980 3347 στόματος
1007 3283 1194 3336 αὑτοῦ
1233 3283 1549 3353 ἀφροσύνῃ
1573 3298 1585 3312 '
1628 3187 1725 3336 κὲί

1835 3187 1873 3240 ΐ.

1904 3278 2072 3334 Vens.
2115 3281 2199 3334 l5.
2229 3277 2454 3332 Initium
2483 3278 2757 3330 verborum
2787 3278 2895 3331 oris
2929 3278 3043 3346 ejus
3074 3277 3406 3345 insipientia,

141 3360 380 3429 ἐσχάτη
422 3368 719 3433 στόματος
747 3371 933 3425 αὑτοῦ
962 3373 1301 3442 περιφέρεια
1328 3374 1564 3442 πονηρά
1581 3392 1594 3406 ·
1626 3373 1728 3427 καί

142 3454 182 3506 ὁ
209 3453 414 3521 ἄφρων
451 3461 751 3524 πληθυνεῖ
781 3462 1025 3531 λόγους.

223 3546 321 3598 Διὰ
343 3546 451 3598 τῶν
478 3551 534 3601 ὲν
566 3552 706 3621 ἀρχῇ
741 3553 833 3605 καὶ
856 3555 966 3607 τῶν
993 3556 1238 3626 ἐσχάτως
1267 3557 1420 3625 παρὰ
1448 3556 1540 3611 τοῦ
1564 3556 1728 3627 depo-

138 3653 241 3698 νος
283 3638 591 3707 λεγομένων
624 3645 801 3697 πᾶσαν
846 3645 943 3715 τὴν
966 3646 1074 3698 τῶν
1120 3648 1296 3714 λόγων
1325 3648 1489 3701 αὐτοῦ
1525 3666 1727 3719 προφο-

144 3732 255 3798 ρὰν
303 3726 661 3797 ἐνδιαϐάλλων
698 3739 790 3790 καὶ
827 3739 1276 3806 κατασκώπτων,
1335 3742 1517 3806 καθὼς
1562 3743 1655 3795 καὶ
1697 3744 1725 3795 6

142 3824 437 3893 προφήτης
478 3826 748 3896 Ἱερεμίας
792 3832 903 3892 τοῖς
935 3830 1197 3891 τοιούτοις
1238 3833 1725 3903 παραινιττόμενος

144 3912 293 3965 οὕτω
343 3916 512 3983 φησί’
551 3936 568 3967 ι
613 3919 1011 3991 Μεμάθηκενή
1063 3923 1287 3990 γλῶσσα
1338 3923 1514 3976 αὐτῶν
1547 3925 1726 3977 λαλεῖν

140 4000 343 4071 ψεύδη,
398 4004 682 4075 ἠδίκησαν,
739 4010 835 4060 καὶ
892 4010 952 4062 οὐ
1009 4010 1246 4064 διελιπον
1298 4014 1641 4082 ἐπιπρέψαι.
1701 4033 1721 4067 ι

152 4112 172 4143 ι
218 4093 371 4157 Βολὶς
419 4096 796 4167 τιτρώσκουσα
846 4101 878 4169 ή
932 4102 1153 4167 γλῶσσα
1200 4104 1401 4169 αὐτῶν,
1454 4104 1604 4158 δόλια
1654 4106 1725 4159 τά

148 4184 373 4254 ῥήματα
405 4187 498 4238 τοῦ
545 4188 812 4256 στόματος
852 4191 1051 4254 αὐτῶν,
1090 4192 1169 4260 τῷ
1204 4193 1429 4264 πλησίον
1461 4196 1613 4249 λαλεῖ
1649 4197 1726 4248 εί-

147 4277 371 4345 ρηνικὰ,
403 4278 496 4330 καὶ
525 4280 584 4330 ὲν
611 4280 761 4349 αὐτῷ
793 4280 905 4351 ἔχει
939 4286 1037 4354 τὴν
1067 4284 1286 4355 ἔχθραν.
1333 4305 1352 4337 ι
1387 4286 1461 4338 Τὸ
1504 4286 1636 4339 αὐτὸ
1669 4287 1725 4339 δὲ

141 4363 310 4416 τοῦτο
379 4367 472 4419 καὶ
528 4369 690 4421 Δαϐὶδ
760 4374 787 4423 6
841 4375 1124 4442 προφήτης
1180 4376 1406 4440 ἐμπεδοί
1463 4377 1723 4443 φάσκων·

96 4454 101 4457 λ
151 4472 173 4507 ι
230 4455 643 4527 Ἦπαλύνθησαν
676 4461 724 4512 οἱ
776 4460 923 4527 λόγοι
972 4463 1152 4515 αὐτῶν
1202 4465 1341 4531 ὑπὲρ
1388 4464 1586 4531 ἔλαιον,
1638 4466 1728 4518 καὶ

140 4546 305 4599 αὐτοί
356 4548 461 4600 είσι
498 4548 721 4618 βολεδες.
781 4571 800 4603 ι
838 4553 949 4604 Kal.
995 4554 1056 4606 τὸ
1097 4554 1153 4605 δὲ
1204 4554 1601 4624 χαλεπώτερον,
1645 4556 1726 4608 ὅτι

1832 3382 1880 3426 et
1903 3374 2243 3427 novissimum
2275 3372 2382 3423 oris
2403 3370 2519 3439 ejus
2544 3370 2886 3423 circumactio
2906 3371 3153 3439 pessima.
3175 3367 3247 3422 Et
3274 3368 3409 3425 stul-

1830 3476 1915 3519 tus
1953 3464 2270 3533 multiplicat
2305 3465 2457 3516 verba
2488 3463 2624 3534 (75).

1899 3556 1970 3610 lis
2016 3570 2229 3623 nempe,
2281 3570 2402 3623 qua:
2451 3554 2716 3622 insipiens
2753 3555 2809 3609 in
2857 3555 3127 3609 sermonis
3184 3555 3407 3609 exordio

1824 3653 1988 3715 atque
2044 3645 2098 3698 in
2151 3644 2256 3698 ﬁne
2294 3644 2557 3714 loquitur,
2609 3646 2920 3699 universam
2982 3645 3249 3700 orationis
3289 3646 3411 3713 ejus

1827 3750 2100 3805 summam
2139 3737 2509 3805 perstringens
2560 3750 2624 3788 ne
2678 3743 2898 3800 notans,
2947 3737 3407 3805 quemadmodum

1827 3836 1880 3881 et
1914 3826 2180 3895 propheta
2212 3824 2485 3880 Jeremias
2516 3825 2773 3880 homines
2816 3825 3084 3894 ejusmodi
3113 3827 3408 3895 designans

1829 3918 1909 3973 sic
1945 3918 2023 3971 ait
2060 3936 2075 3972 :
2116 3935 2133 3967 ι
2176 3918 2375 3971 Didicit
2418 3918 2601 3986 lingua
2647 3932 2838 3971 eorum
2888 3917 3035 3985 loqui
3088 3917 3405 3981 mendacia,

1830 4008 2014 4077 inique
2042 4016 2291 4077 egerunt,
2320 4016 2375 4062 et
2402 4023 2508 4062 non
2538 4007 2971 4071 intermiserunt,
3004 4006 3168 4077 246
3186 4018 3244 4060 ιιι
3270 4022 3403 4061 con-

1829 4099 2260 4154 verterentur’.»
2290 4129 2355 4139 -
2378 4118 2399 4150 ι
2423 4098 2628 4169 Sagitta
2659 4098 2954 4153 vulnerans
2977 4098 3161 4167 lingua
3190 4112 3404 4159 eorum,

1829 4193 2019 4247 dolosa
2055 4192 2219 4246 verba
2253 4192 2306 4244 in
2341 4206 2438 4245 ore
2477 4206 2668 4244 eorum
2690 4231 2705 4255 ,
2746 4190 3000 4258 proximo
3044 4188 3284 4258 loquitur
3314 4202 3409 4257 pa-

1829 4284 2006 4349 ciﬁca,
2035 4292 2090 4336 et
2116 4286 2171 4336 in
2201 4298 2261 4337 se
2297 4282 2461 4336 habet
2486 4281 2826 4334 inimicitiam
2854 4282 2896 4335 ‘.
2932 4299 2952 4332 ι
2982 4279 3037 4333 id
3069 4294 3201 4334 vero
3228 4279 3406 4348 ipsum

1829 4386 1881 4429 et
1931 4372 2099 4427 David
2150 4374 2414 4443 propheta
2468 4372 2777 4433 conﬁrmat,
2837 4388 2962 4426 eum
3007 4373 3127 4426 ait;
3165 4396 3184 4423 ι
3219 4371 3407 4425 Molliti

1830 4474 1958 4517 sunt
2010 4481 2292 4519 sermones
2339 4480 2531 4518 eorum
2575 4480 2741 4533 super
2787 4464 2995 4524 oleum.
3030 4473 3083 4517 et
3131 4463 3231 4532 ipsi
3280 4472 3410 4517 sunt

1826 4555 2005 4623 jacula
2041 4554 2343 4625 (76).:lllud
2372 4570 2502 4609 vero
2534 4555 2772 4626 gravius,
2824 4556 2971 4623 quod
3013 4564 3216 4608 temere
3272 4569 3396 4621 gar-

140 4638 249 4689 καὶ
301 4641 663 4708 παραφρόνως
715 4644 1078 4713 φθεγγόμενοι
1114 4646 1207 4697 καὶ
1257 4645 1583 4716 παραλόγως
1626 4646 1723 4699 λα-

1833 4649 2034 4702 rieutes
2061 4655 2115 4701 et
2140 4647 2383 4701 absurda
2411 4646 2743 4700 blaterantes
2772 4661 2880 4699 non
2906 4645 3237 4714 intelligunt,
3267 4660 3325 4697 se
3350 4643 3405 4696 in

136 4726 369 4790 λοῦντες
397 4729 494 4781 οὐκ
519 4732 696 4784 ίτασιν
725 4732 799 4796 ὡς
836 4735 914 4796 είς
950 4735 1293 4801 κατάγνωσιν
1325 4737 1420 4789 καί¹
1459 4738 1726 4808 κατάκρις

1827 4736 2306 4807 reprehensionem
2345 4744 2398 4790 et
2447 4736 2959 4790 condemnationem
3008 4749 3164 4788 suam
3200 4734 3410 4803 garrire

141 4834 237 4872 σιν
270 4819 406 4872 ίὸίαν
435 4822 872 4892 ἁποφθέγγονται
904 4826 999 4878 καὶ
1030 4826 1271 4892 λαλοῦσι,
1306 4829 1399 4880 καὶ
1437 4827 1525 4881 διὰ
1569 4827 1729 4882 τοῦτο

1833 4846 1893 4883 ac
1934 4830 2223 4894 blaterare,
2258 4829 2443 4897 itaque
2477 4827 2640 4880 verba
2687 4841 2787 4881 sua
2833 4825 3219 4893 multiplicant.
3270 4821 3408 4875 Nam

139 4910 515 4978 πληθυνοῦσιν
546 4914 725 4966 αὐτῶν
770 4917 863 4968 καὶ
893 4918 1016 4979 τοὺς
1037 4917 1250 4986 λόγους·
1284 4918 1443 4970 τοῦτο
1480 4918 1589 4989 γὰρ
1616 4919 1732 4989 ᾐνί-

1830 4924 1934 4976 hoc
1965 4922 2247 4987 indicavit,
2284 4935 2409 4974 eum
2442 4920 2626 4973 dixit.
2665 4936 2683 4969 ι
2724 4916 2791 4970 Ει
2838 4918 3041 4973 stultus
3085 4915 3411 4983 multiplicat

140 5002 282 5066 ξατο
314 5002 490 5072 φήσας
513 5022 526 5035 ο
555 5024 572 5056 ι
613 5007 721 5059 Καὶ
750 5009 777 5060 6
810 5008 998 5077 ἄφρων
1032 5010 1294 5077 πληθυνεῖ
1332 5010 1542 5079 λόγους.
1594 5031 1612 5063 ι
1653 5013 1728 5065 Οὐ

1833 5012 2010 5065 verba.
2050 5030 2068 5061 ι
2111 5011 2296 5079 Neque
2324 5011 2469 5064 enim
2503 5008 2942 5063 admonitionem
2988 5007 3231 5076 percepit
3255 5004 3401 5074 ejus,

135 5094 260 5162 γὰρ
305 5094 504 5163 ἤκουσε
537 5097 635 5166 τῆς
679 5101 1056 5168 παραινέσεως
1084 5101 1177 5153 τοῦ
1209 5101 1528 5166 λαλοῦντος’
1565 5123 1584 5156 ι
1635 5104 1729 5157 Ἐκ
1826 5103 1919 5172 qui
1963 5104 2037 5156 ait
2092 5122 2103 5157 :

135 5184 477 5254 πολυλογίας
503 5190 601 5242 οὐκ
637 5192 872 5261 ἐκφεύξῃ
905 5194 1201 5261 ἁμαρτίαν.
1241 5213 1261 5245 ι

216 5278 535 5347 Είσηγεῖται
585 5282 765 5334 τοίνυν
813 5285 841 5336 6
892 5283 1054 5351 σοφὸς
1130 5284 1579 5355 Ἐκκλησιαστὴς,
1632 5288 1725 5339 καὶ

2158 5120 2177 5153 ι
2250 5103 2308 5156 In
2366 5100 2717 5170 multiloquio
2768 5115 2880 5154 non
2933 5099 3162 5168 etl'ugies
3213 5111 3409 5166 pecca-

1830 5207 1941 5249 tum
1968 5196 2007 5248 ³.
2036 5213 2054 5244 ι

1909 5286 2219 5339 Praescribit
2252 5284 2418 5354 igitur
2450 5282 2670 5351 sapiens
2705 5279 3084 5339 Ecclesiastes,
3122 5277 3409 5332 omnibus-

132 5370 616 5437 κατασφαλίζεται
683 5375 891 5438 πάντας
956 5377 1082 5439 τοὺς
1140 5378 1465 5442 ὲπαΐοντας,
1538 5378 1613 5450 μὴ
1672 5378 1731 5431 τὸ

1841 5390 1948 5446 que
1975 5377 2317 5432 auditoribus
2344 5385 2533 5429 auctor
2562 5383 2665 5440 est,
2701 5391 2767 5430 ne
2794 5391 2854 5430 os
2883 5374 3117 5428 lubeant
3145 5386 3405 5442 praeceps,

222 5482 274 5516 ³⁸
314 5483 475 5541 Prov.
515 5504 552 5550 I,
587 5488 640 5541 7.
717 5490 761 5520 ⁹⁹
803 5488 992 5543 Matth.
1037 5507 1143 5555 ιιι,
1182 5494 1271 5546 '57.
1354 5493 1368 5522 ¹
1408 5491 1612 5547 Jerem.
1657 5507 1740 5552 ιτ.

221 5591 341 5671 (7:6)
379 5592 483 5671 βοὶ)
513 5612 601 5671 xv,
648 5598 702 5651 ϐ.
738 5598 842 5671 Sed
880 5603 1019 5669 apud
1078 5600 1219 5654 LXX
1266 5604 1429 5669 leges,
1475 5604 1725 5671 Ἐλεγξαι

135 5681 208 5717 σε
233 5663 435 5742 ,εξ-σοιν
465 5666 657 5735 στόμα,
694 5670 795 5742 καὶ
828 5663 1067 5742 μὴ’ὲγὼ,
1101 5676 1167 5742 τὰ
1195 5673 1253 5724 δὲ
1283 5663 1554 5742 χείλη.....

223 5733 340 5802 (75)
376 5733 587 5805 Olymp'.
621 5738 715 5790 καὶ
748 5733 952 5810 inicito
978 5733 1259 5798 aurei"...

1913 5493 1931 5521 '
1976 5491 2107 5544 ibid.
2155 5490 2206 5544 8.
2286 5490 2307 5521 ³
2345 5488 2505 5542 Prov.
2543 5505 2596 5553 ς,
2632 5489 2717 5543 19.

1876 5598 2013 5684 ’(Ἱίξ)
2060 5599 2197 5658 Psal.
2240 5607 2457 5669 Liv,9‘2,
2501 5616 2684 5656 verum
2732 5596 2876 5653 LXX
2920 5597 3121 5653 habent
3163 5595 3214 5649 οί
3258 5594 3407 5664 λόγοι

1832 5685 1994 5723 αυτου
2006 5712 2015 5722 .
