4166 6434
135 406 260 470 1ὶθθ

1185 412 1264 471 1N
1307 408 1880 471 ECCEESIASTEN.
1929 433 1996 442 —
2024 408 2171 466 LIB.
2214 407 2313 464 IX.

3242 399 3374 462 illo

127 519 482 590 ἀπερινοήτου
539 521 674 575 Θεοῦ
732 522 1128 592 διαγινώσκειν.
1189 524 1389 574 Τοῦτον
1440 519 1555 577 οὖν.
1615 521 1731 582 ώςι

1834 519 1954 573 ιοιίο
1995 519 2229 580 aiebam,
2271 525 2346 570 et.
2381 523 2683 568 sectatores
2735 513 2856 580 ejus
2916 509 3136 579 sapiens
3184 509 3378 563 Eccle-

129 611 296 680 ιφθην
325 611 516 678 εἰπὼν,
546 618 637 669 καὶ
674 620 797 680 τοὺς
828 620 954 686 περὶ
992 617 1155 670 αὑτὸν
1187 619 1543 686 προφητικοῖς
1591 617 1692 683 δμ-

135 719 265 769 μασι
309 704 601 775 διαϐλέψας
647 711 675 762 ό
722 709 883 779 σοφὸς
943 708 1392 777 Ἐκκλησιαστὴς,
1443 710 1698 778 κατασπᾷ

133 796 229 864 τῆς
264 800 633 872 μεγαλαυχίας
680 802 773 855 καὶ
819 801 918 869 τῆς
972 799 1553 870 μεγαλορρημοσύνης,
1605 800 1701 852 καὶ

130 888 483 952 καταϐιϐάζει
529 891 667 961 πρὸς
711 891 808 961 τὴν
855 889 1168 960 σύμμετρον
1222 893 1334 952 τοῖς
1386 889 1698 960 ἀνθρώποις

129 983 459 1034 ταπείνωσιν
477 996 492 1012 ο
526 983 614 1036 ἵνα
647 983 810 1052 μηδὲν
833 983 1070 1035 τοιοῦτον
1100 981 1352 1034 ἑννοῶσιν
1383 980 1416 1050 ἢ
1448 981 1702 1048 λέγωσιν,

135 1070 270 1122 ἀλλὰ
302 1070 641 1138 γινώσκωσιν
673 1070 932 1136 ἀσφαλῶς
961 1071 1052 1124 καὶ
1081 1069 1246 1138 βοῶσι
1279 1071 1418 1139 μετὰ
1446 1069 1540 1122 τοῦ
1572 1087 1702 1140 χρυ-

139 1163 402 1229 σοστόμου
437 1161 672 1224 Παύλου,
708 1161 823 1213 Νῦν
860 1161 1116 1229 γινώσκω
1155 1179 1174 1212 ι
1222 1161 1282 1212 ἐν
1314 1161 1566 1230 ἐσόπτρῳ
1614 1162 1710 1214 καὶ

140 1251 200 1304 έν
230 1251 530 1320 αἰνίγματι,
575 1250 694 1302 τότε
720 1251 793 1304 δὲ’
815 1269 834 1301 ι
873 1248 1158 1320 γνώσομαι
1193 1267 1214 1302 ι
1251 1251 1544 1320 πρόσωπον
1573 1251 1710 1322 πρὸς

140 1343 450 1412 πρόσωπον.
492 1363 511 1396 ι

213 1434 317 1486 Καὶ
347 1436 536 1504 μηδεὶς
565 1439 762 1492 οἰέσθω
809 1455 877 1508 με
906 1440 1006 1508 τὴν
1034 1438 1288 1508 τοιαύτην
1319 1437 1586 1506 ὑπόληψιν
1611 1451 1712 1487 πε-

141 1522 464 1593 πλασμένως
509 1528 604 1582 καὶ
654 1529 1006 1598 κενοπρεπῶς
1053 1527 1448 1599 παρεισάγειν,
1495 1527 1570 1589 ὼς
1617 1524 1712 1578 τοῦ

156 1615 580 1695 Ἐκκλησιαστοῦ
642 1621 808 1690 μηδὲν
872 1621 1114 1673 τοιοῦτον
1193 1620 1574 1688 ὑπειληφότος.
1656 1618 1716 1668 Εἰ

141 1704 249 1772 γὰρ
294 1706 369 1776 μὴ
414 1710 524 1769 τοῖς
574 1711 833 1775 τοιούτοις
877 1712 1188 1780 προσώποις
1231 1712 1289 1763 τὸ
1333 1710 1508 1780 παρὸν
1556 1711 1718 1779 ῥητὸν

143 1785 606 1868 ἀποκληρώσομεν
641 1802 763 1854 καθ’
785 1802 851 1871 ἢν
880 1803 1057 1854 αἰτίαν
1085 1803 1407 1872 είρήκαμεν,
1446 1800 1717 1871 παρέλκον

1799 611 1996 663 siastcs
2032 607 2208 660 oculis
2260 593 2595 674 prepheticis
2633 603 2899 666 intuitus,
2958 615 2987 653 a
3029 597 3282 666 superbia
3327 607 3381 652 et

1797 698 2064 768 jactantia
2123 707 2377 758 revocat,
2426 701 2594 763 atque
2653 693 2720 746 ad
2769 708 2912 756 eam,
2957 705 3076 760 quae
3130 690 3383 743 homines

1802 788 1992 852 decet,
2037 785 2206 838 animi
2252 784 2643 838 demissionem
2693 781 2915 835 deducit
2946 790 3051 852 χιιι
3092 779 3229 832 nihil
3277 778 3384 832 tale

1805 880 2045 948 cogitent
2079 885 2173 929 aut
2213 875 2525 944 loquantur,
2577 873 2672 928 sed
2727 881 2878 926 certo
2933 879 3282 940 COgnoscant,
3331 877 3386 922 et

1808 987 1930 1025 cum
1965 984 2133 1023 aureo
2167 969 2260 1022 illo
2295 968 2448 1021 Pauli
2477 983 2571 1021 ore
2604 967 2880 1020 clament:
2915 963 3075 1018 Nunc
3114 978 3386 1034 cognosco

1816 1080 1834 1112 ι
1872 1063 1924 1116 in
1957 1062 2179 1131 speculo
2208 1071 2261 1114 et
2291 1061 2345 1113 in
2375 1060 2701 1128 aenigmate;
2743 1068 2858 1112 tum
2899 1071 3029 1112 vero
3057 1069 3383 1125 c0gnoscam

1814 1151 1953 1206 facie
1985 1151 2052 1206 ad
2097 1150 2293 1207 faciem
2327 1149 2460 1221 (80).
2488 1168 2506 1201 ι

1886 1440 1994 1494 Nec
2026 1440 2300 1509 quispiam
2331 1448 2514 1510 putet,
2552 1440 2878 1495 sententiam
2917 1438 3230 1509 huiusmodi
3260 1455 3391 1494 con-

1820 1530 1998 1583 ﬁctam
2036 1544 2065 1582 a
2119 1545 2202 1583 me
2253 1544 2316 1583 ac
2370 1531 2506 1584 citra
2556 1530 2813 1583 decorum
2866 1530 3179 1594 inductam,
3225 1531 3386 1598 quasi

1823 1621 2184 1676 Ecclesiastes
2214 1621 2348 1674 nihil
2384 1622 2489 1675 tale
2529 1620 2690 1676 fuerit
2734 1622 3065 1690 suspicatus.
3098 1620 3214 1675 Nisi
3243 1621 3392 1674 enim

1821 1712 2026 1766 dictum
2069 1713 2213 1767 istud
2243 1727 2309 1767 ex
2343 1727 2428 1775 ea,
2461 1728 2622 1780 quam
2657 1713 2917 1776 diximus,
2949 1729 3113 1767 causa
3145 1712 3395 1782 personis

1826 1805 1934 1859 illis
1966 1806 2311 1871 assignemus
2336 1844 2350 1867 ,
2389 1804 2622 1858 ascitum
2655 1804 2994 1858 extrinsecus
3045 1819 3108 1857 ac
3137 1819 3397 1872 superva-

143 1887 215 1938 ἂν
248 1889 492 1961 εὑρεθείη
545 1893 636 1944 καὶ
685 1894 955 1963 περιττόν.
1009 1895 1116 1946 Καὶ
1162 1894 1270 1964 γάρ
1303 1910 1486 1961 φησιν,
1546 1911 1563 1942 ι
1606 1892 1720 1944 Οὑκ

1834 1911 2051 1950 :aneum
2079 1895 2345 1950 videatur.
2382 1895 2594 1950 Etenim
2629 1896 2742 1950 ait:
2776 1915 2795 1947 ι
2835 1897 3050 1966 Ignorat
3082 1897 3245 1950 homo
3267 1894 3396 1964 quid

142 1979 290 2046 ἔγνω
316 1982 604 2052 ἄνθρωπος
625 1985 678 2036 τί
700 1985 760 2036 τὸ
785 1985 1076 2054 γενόμενον
1102 1987 1195 2038 καὶ
1221 1986 1273 2037 τί
1299 1985 1358 2036 τὸ
1390 1984 1664 2054 ἐσόμενον.
1693 2002 1709 2033 ι

143 2069 257 2119 Καὶ
296 2069 400 2138 μὴν
449 2071 766 2139 ἐγνώκαμεν
814 2073 1091 2143 ἀνθρωττοι
1143 2075 1342 2137 πάντες
1389 2074 1595 2143 σχεδὸν,
1645 2073 1720 2137 ώς

143 2159 252 2211 ὐπδ
291 2161 383 2213 τοῦ
417 2163 634 2215 πάντων
673 2165 1006 2234 δημιουργοῦ
1045 2169 1136 2218 καὶ
1169 2165 1496 2237 τεχνουργοῦ
1531 2165 1718 2232 γέγονε

138 2255 208 2304 το
240 2255 488 2322 οὐράνιον
517 2252 671 2326 εὖρος
700 2260 793 2309 καὶ
835 2259 892 2310 τὸ
941 2258 1106 2330 βάρος
1143 2260 1240 2328 τῆς
1287 2258 1390 2327 γῆς
1442 2257 1723 2327 παραχθὲν

140 2345 208 2408 ἐξ
259 2346 359 2397 οὑκ
408 2346 576 2398 ὄντων
625 2349 927 2421 άπῃωρήθη
998 2350 1144 2418 μόνῳ
1201 2350 1282 2419 τῷ
1332 2350 1722 2419 παντοδυνάμῳ

142 2433 446 2504 βουλήματι
477 2438 570 2488 τοῦ
618 2440 962 2508 ποιήσαντος,
999 2441 1093 2497 καὶ
1121 2439 1348 2494 ἄϐυσσοι
1379 2442 1470 2492 καὶ
1501 2441 1603 2510 ὅρη
1632 2442 1723 2492 καὶ

141 2526 314 2577 νάπαι
345 2526 434 2578 καὶ
463 2527 610 2596 ἥλιος
655 2531 747 2582 καὶ
782 2531 976 2600 σελήνη
1011 2532 1101 2583 καί¹
1146 2533 1250 2594 πᾶς
1282 2533 1309 2583 ὁ
1340 2531 1447 2583 τῶν
1480 2531 1725 2602 ἀστέρων

143 2617 316 2682 ἐσμὸς
354 2619 446 2669 καὶ
478 2619 695 2671 πάντων
733 2621 906 2673 ἄλλων
938 2621 1091 2684 ζώων
1126 2623 1311 2691 σαφῶς
1346 2625 1373 2675 ὁ
1403 2624 1724 2691 κατάλογος.

145 2705 344 2774 ’ίσμεν
381 2711 437 2763 δὲ
489 2713 583 2764 καὶ
629 2713 690 2765 τὸ
737 2715 1014 2783 ἐσόμενον,
1049 2714 1156 2767 ἀπὸ
1199 2713 1306 2765 τῶν
1354 2715 1728 2767 θεοπνεύστων

144 2800 383 2868 Γραφῶν
408 2803 783 2874 διδασκόμενοι
821 2807 914 2858 καὶ
952 2807 1475 2877 παραλαμϐάνοντες
1520 2806 1605 2858 διὰ
1641 2806 1728 2857 πί-

143 2909 344 2958 στεως,
379 2894 453 2956 ὡς
503 2888 902 2966 ἀλλαγήσονται
936 2899 1036 2968 μὲν
1073 2899 1294 2968 οὑρανοί⁵
1325 2899 1416 2950 καὶ
1445 2899 1476 2967 ἡ
1527 2898 1596 2968 γῆ
1637 2900 1730 2950 καί

138 2983 226 3034 εὖ
260 2986 317 3034 ὲν
347 2985 549 3048 αὑτοῖς,
581 2989 672 3039 καὶ
725 2988 858 3057 πρὸς
909 2989 1192 3059 κρείττονα
1241 2991 1729 3058 μεταστοιχειωθή-

145 3089 340 3130 unum.
382 3077 555 3146 λῆξιν.
603 3080 722 3141 HJ);
751 3078 844 3131 οὖν
901 3098 921 3130 ι
970 3082 1072 3133 οὐκ
1103 3081 1245 3148 ἔγνω
1275 3081 1559 3150 ἄνθρωπος
1589 3081 1639 3132 τί
1672 3082 1731 3135 τὸ

145 3169 466 3246 γενόμενον,
495 3171 588 3223 καὶ
621 3172 672 3223 τί
704 3172 764 3224 τὸ
791 3172 1069 3241 ἐσόμενον,
1105 3173 1185 3224 ὅτι
1213 3173 1388 3225 ὀπίσω
1432 3171 1597 3224 αὑτοῦ
1644 3189 1730 3234 τις

1823 1989 1894 2041 sit
1926 1987 2072 2055 quod
2122 1985 2326 2040 factum
2357 1998 2470 2052 est,
2517 1997 2570 2040 et
2597 1989 2724 2057 quid
2767 1988 2912 2056 quod
2949 1986 3191 2040 futurum
3237 1995 3339 2040 est.
3373 2003 3392 2036 ι

1825 2077 1990 2147 Atqui
2023 2092 2216 2131 omnes
2244 2077 2354 2132 fere
2391 2078 2641 2132 homines
2677 2079 2956 2142 novimus,
2990 2086 3183 2141 totum,
3221 2091 3398 2143 quan-

1825 2177 1936 2220 tum
1968 2174 2132 2234 patet,
2161 2167 2359 2220 coelum
2393 2183 2422 2219 a
2461 2181 2676 2221 summo
2709 2169 2953 2220 omnium
2987 2177 3209 2220 auctore
3237 2176 3400 2234 atque

1825 2255 2034 2307 artitice
2087 2255 2366 2308 conditum
2427 2271 2570 2320 esse,
2619 2258 2902 2326 ipsamque
2955 2257 3166 2310 telluris
3203 2257 3398 2310 molem

1824 2363 1889 2402 ex
1940 2348 2026 2412 iis,
2083 2365 2202 2417 qua:
2241 2365 2346 2402 non
2378 2357 2553 2414 erant,
2610 2350 2886 2412 eductam,
2938 2365 3048 2403 uno
3090 2349 3400 2404 Conditoris

1827 2439 2180 2508 omnipotenti
2224 2441 2455 2494 consilio
2515 2455 2641 2495 esse
2700 2456 3060 2509 suspensam;
3132 2457 3196 2495 ac
3238 2442 3399 2495 simul

1828 2531 2055 2598 aiiyssos
2094 2537 2149 2583 et
2187 2539 2398 2584 montes
2436 2539 2490 2584 ct
2526 2530 2711 2594 valles,
2751 2538 2804 2584 et
2841 2532 3011 2584 solem
3055 2529 3185 2586 iteni
3221 2548 3284 2585 ac
3316 2533 3399 2584 lu-

1830 2637 1953 2673 na'n
1995 2631 2048 2674 et
2081 2636 2240 2674 omne
2276 2631 2548 2677 astrorum
2585 2638 2777 2692 agmen
2801 2665 2815 2688 ,
2859 2639 2959 2677 nec
2998 2624 3176 2677 minus
3210 2633 3402 2678 Cretera

1830 2710 2012 2764 omnia
2047 2712 2344 2765 animantia
2388 2712 2579 2765 eodem
2620 2713 2785 2766 modo
2833 2715 3133 2768 exstitisse.
3188 2714 3406 2770 Scimus

1831 2817 1995 2871 porro
2041 2813 2091 2856 et
2129 2801 2393 2867 futurum,
2445 2787 2642 2858 divinis
2689 2804 2912 2860 Litteris
2963 2807 3165 2869 edocti,
3196 2822 3259 2861 ac
3311 2823 3408 2876 per

1834 2895 1990 2946 [idem
2034 2901 2302 2959 tenemus,
2346 2897 2514 2949 C(BIOS
2555 2896 2774 2964 quidem
2823 2906 2877 2951 et
2919 2906 3142 2959 terram,
3175 2914 3408 2968 quaqua

1835 2985 1886 3038 in
1923 2987 2007 3039 his
2039 2995 2189 3046 sunt,
2224 2996 2489 3039 mutatmn
2541 2988 2626 3050 iri,
2679 3003 2742 3042 ac
2784 2989 3064 3042 meliorem
3109 2989 3162 3041 in
3203 2998 3405 3042 statum

1837 3077 2130 3130 transitura
2166 3077 2206 3128 ⁸.
2259 3076 2544 3142 Quomodo
2574 3080 2737 3148 igitur
2783 3099 2800 3130 (
2842 3082 3053 3147 ignorat
3082 3081 3246 3134 homo
3276 3081 3406 3149 quid

1836 3171 1906 3221 sit
1951 3169 2096 3238 quod
2143 3167 2349 3222 factum
2396 3179 2478 3224 cst
2504 3211 2516 3232 ,
2558 3179 2613 3224 et
2657 3171 2788 3239 quid
2827 3172 2972 3239 quod
3012 3171 3256 3224 futurum
3283 3184 3406 3234 est,

145 3262 454 3328 ἑπαγγελεῖ
479 3264 659 3332 αὐτῷ;
702 3284 718 3314 ι
763 3265 870 3317 ίδοὺ
899 3264 1005 3334 γὰρ
1041 3265 1136 3318 καὶ
1157 3265 1224 3317 τά
1250 3265 1517 3334 γενόμενα
1547 3266 1640 3317 καὶ
1665 3266 1731 3317 τὰ

1837 3262 1964 3331 quia
1991 3272 2114 3327 post
2145 3277 2267 3315 eum
2300 3264 2802 3331 quisannuntiabit
2826 3265 2920 3318 ei?
2956 3283 2974 3315 ι
3021 3263 3158 3319 Ecce
3180 3266 3326 3318 enim
3358 3273 3409 3319 et

146 3353 394 3421 ἐσόμενα
423 3354 510 3407 διὰ
540 3356 648 3408 τῶν
699 3355 857 3408 θείων
892 3357 1188 3426 ὑποφητῶν
1236 3355 1591 3426 ἐδιδάχθημεν
1637 3357 1732 3408 καὶ

146 3444 521 3512 γινώσκομεν.
566 3446 703 3498 Ἀλλ’
727 3445 968 3515 εὑδηλον,
1000 3448 1076 3510 ὡς
1101 3447 1199 3516 τὴν
1228 3447 1604 3518 ὑπερηφανίαν
1639 3449 1735 3500 καὶ

154 3535 483 3604 βλάσφημον
510 3535 704 3604 οἴησιν,
731 3537 821 3588 καὶ
853 3536 1289 3606 δυσσεϐεστάτην
1319 3538 1733 3607 μεγαλορρημο-

153 3627 330 3695 σύνην
355 3627 460 3678 τῶν
492 3630 814 3696 εἰρημένων,
848 3629 939 3680 καὶ
977 3628 1084 3680 τῶν
1119 3627 1520 3699 παραπλησίων
1549 3631 1730 3692 αὑτοῖς

151 3719 532 3788 αἰρεσιαρχῶν
548 3720 1068 3789 παραινιττόμενος,
1103 3721 1238 3791 πρὸς
1280 3720 1377 3792 τὴν
1421 3721 1733 3792 σύμμετρον

244 3919 265 3950 ⁸
307 3916 348 3971 li
385 3913 531 3968 Pelr.
555 3925 629 3977 Iit,
663 3910 746 3974 19..
777 3912 858 3964 l5.

155 4073 264 4126 καὶ
303 4072 539 4140 ἄσθματι
588 4073 868 4142 συνέχεται
912 4072 1076 4126 αὑτοῦ
1124 4075 1156 4142 ἡ
1208 4073 1320 4141 ζωή
1375 4073 1480 4142 ’ᾲεί
1529 4070 1738 4142 ὀστέοις

153 4143 228 4194 τὸ
266 4139 420 4209 σῶμα
454 4139 756 4222 διείληπται
789 4159 805 4176 ·
835 4146 882 4195 εἰ
927 4139 1281 4222 νεύροιςκαξ
1300 4139 1740 4222 συνδέσμοιςιτάς

156 4213 434 4279 ἁρμονίας
479 4212 769 4264 τετόνωται
804 4229 816 4242 ·
854 4214 901 4264 εί
937 4209 1088 4282 μυῶν
1119 4211 1379 4282 περιϐολῇ
1413 4213 1506 4262 καὶ
1535 4209 1738 4261 άδένων

159 4285 194 4347 ἡ
251 4282 355 4352 τῶν
405 4283 610 4352 νεύρων
649 4283 1071 4352 ’περικρατεῖται
1116 4281 1278 4347 φύσις
1319 4297 1332 4352 ξ
1381 4282 1428 4352 εἰ
1468 4282 1585 4352 τοῖς
1640 4296 1739 4352 νω-

158 4349 362 4411 τιαίοις
394 4351 702 4413 σπονδύλοις
732 4349 794 4403 ἐκ
831 4349 926 4403 τοῦ
961 4351 1271 4420 βρέγματος
1315 4349 1409 4400 ἐπὶ
1434 4349 1491 4400 τὸ
1520 4349 1740 4420 οὑραίον

155 4424 189 4470 ὁ
232 4419 430 4489 μυελὸς
459 4417 1008 4489 συμπαρατείνεταιῖ
1040 4417 1161 4487 alii)
1207 4420 1435 4489 περιοχὴ
1479 4417 1574 4469 τοῦ
1620 4434 1744 4468 νευ-

163 4487 386 4569 ριῦδουί
399 4487 622 4569 ,ὑμένος
645 4487 756 4551 τοῖς
785 4488 1123 4557 κινουμένοις
1155 4487 1343 4569 μέλεσι
1372 4489 1741 4569 τῂντόρμητιτ

1839 3368 1960 3422 quae
1987 3351 2126 3406 facta
2152 3361 2367 3416 sunt,ct
2392 3369 2513 3422 quae
2547 3353 2726 3408 futura
2756 3363 2949 3418 sunt,a
2975 3355 3176 3408 divinis
3199 3355 3410 3410 vatibus

1838 3446 2016 3501 edocti
2043 3445 2357 3499 didicimus.
2408 3445 2475 3498 At
2511 3446 2860 3500 manifestum
2891 3456 2994 3514 est,
3043 3448 3125 3501 sic
3151 3462 3276 3500 eum
3321 3461 3420 3500 su-

1835 3536 2061 3605 perbam
2121 3551 2185 3588 ac
2249 3535 2568 3588 maledicunt
2634 3535 2947 3603 Opinionem
3009 3545 3062 3590 ct
3112 3535 3412 3604 impietatis

1840 3628 2052 3696 plenam
2090 3627 2408 3696 jactantiam
2444 3627 2495 3679 in
2543 3627 2650 3692 his,
2681 3643 2820 3696 quos
2857 3629 3119 3690 diximus,
3161 3637 3326 3696 atque
3356 3627 3410 3678 in

1841 3719 2113 3773 similibus
2170 3727 2440 3772 sectarum
2503 3718 2733 3773 ducibus
2793 3721 3194 3788 perstringere,
3245 3729 3302 3770 ut
3346 3717 3413 3771 ad

1838 4071 1983 4122 iuicm
2041 4079 2230 4121 natura
2277 4069 2362 4128 sit,
2419 4068 2614 4121 dicat:
2667 4066 2812 4120 Num
2852 4068 3042 4134 spiritu
3084 4078 3130 4120 et
3175 4066 3409 4120 anhelitu

1838 4143 1942 4192 vita
2001 4139 2115 4205 ejus
2172 4139 2540 4201 contineatur;
2610 4153 2731 4189 num
2791 4153 2977 4202 corpus
3031 4135 3218 4188 habeat
3273 4152 3402 4188 co-n-

1839 4218 2052 4278 pactum
2081 4210 2324 4272 ossibus;
2357 4210 2589 4259 net-visne
2627 4224 2689 4258 ac
2714 4207 2982 4278 juncturis
3015 4221 3289 4274 compages
3319 4223 3411 4259 c.11-

1841 4277 2031 4348 pticet;
2085 4295 2152 4331 an
2208 4279 2564 4329 musculorum
2612 4293 2660 4330 et
2712 4277 3093 4354 glandularum
3140 4278 3414 4354 complexu

1843 4365 2116 4400 nervorum
2168 4355 2360 4398 natura
2415 4356 2789 4410 conservetur;
2851 4363 2916 4398 an
2968 4363 2998 4398 a
3043 4348 3282 4413 sincipite
3325 4363 3413 4413 per

1843 4419 2078 4470 dorsales
2113 4417 2374 4469 vertebras
2426 4416 2492 4467 ad
2545 4418 2770 4468 caudam
2820 4432 2980 4483 usque.
3028 4417 3258 4467 medulla
3293 4433 3416 4482 pro-

1845 4489 2107 4548 ducatur;
2163 4495 2339 4538 utrum
2379 4501 2443 4537 ea:
2482 4501 2712 4538 nervosa:
2759 4485 3020 4554 pellicula:
3060 4485 3416 4552 complexione

160 4552 276 4626 ὲὴν
301 4552 540 4628 ἐνδίδωσι
567 4558 793 4627 δύναμιν
821 4575 833 4588 ·
868 4562 915 4612 εἰ
941 4552 1086 4611 ἐστιν
1119 4552 1178 4611 ὲν
1205 4557 1350 4625 αὐτῴ
1380 4552 1438 4608 τὸ
1466 4552 1622 4628 ἧπαρ
1645 4552 1731 4628 καί

1850 4559 2013 4628 motis
2047 4557 2289 4610 membris
2341 4556 2408 4608 sit
2436 4552 2823 4628 progrediendi
2855 4555 3086 4628 facultas
3105 4570 3278 4628 ,'_nt_tm
3312 4557 3416 4628 ha-

158 4625 241 4678 τ’)
266 4627 546 4695 χοληδόχον
576 4625 817 4694 ἀγγεῖον,
845 4631 935 4680 ἐπὶ
965 4628 1058 4679 τοῦ
1091 4630 1322 4695 ἥπατος,
1343 4625 1532 4697 νεφροί
1562 4625 1746 4697 τεκαὶ

160 4697 376 4762 καρδία
423 4697 514 4747 καὶ
561 4699 820 4766 ἀρτηρίαι
863 4700 956 4750 καὶ
988 4698 1202 4764 φλέϐες,
1250 4695 1460 4766 ὑμένες
1493 4695 1586 4747 καὶ
1632 4695 1749 4766 δια-

161 4717 376 4762 καροια
423 4717 514 4747 και
561 4717 697 4766 αρτη
745 4717 820 4750 ιαι
863 4717 956 4750 και
988 4717 1202 4764 φΑεοες,
1250 4717 1446 4764 υμενες
1493 4717 1586 4747 και
1632 4717 1749 4745 οια-

161 4767 476 4832 φράγματα
524 4782 536 4794 ·
589 4771 637 4818 εἰ
687 4717 840 4833 duo;
895 4770 1065 4829 ἐστιν,
1121 4767 1152 4836 ἢ
1201 4765 1528 4836 τετρίχωται
1579 4762 1750 4836 μονώ-

161 4836 337 4901 νυχόν
378 4836 547 4898 ἐστιν,
587 4837 620 4905 ἢ
661 4837 998 4905 πολυσχιδεῖς
1040 4838 1150 4904 ἔχει
1191 4836 1289 4896 τὰς
1327 4835 1548 4903 βάσεις·
1587 4835 1749 4905 πόσον

165 4906 230 4955 δὲ
265 4905 369 4974 βιοῖ
396 4904 484 4954 τὸν
517 4901 730 4974 χρόνον,
769 4901 864 4958 καί
902 4905 982 4966 τίς
1015 4901 1196 4968 αὐτοῖς
1237 4908 1264 4956 ὁ
1306 4901 1505 4973 τρόπος
1555 4904 1652 4970 τῆς
1693 4901 1750 4974 ἐξ

161 4973 423 5044 ἀλλήλων
472 4973 948 5044 γεννήσεωςήὲπὶ
995 4977 1161 5026 πόσον
1227 4974 1282 5026 δὲ
1348 4973 1632 5044 κυΐσκεται
1693 4973 1751 5023 τὸ

163 5043 494 5110 τικτόμενον
526 5043 762 5106 καὶπῶς
790 5043 913 5096 οὔτε
939 5046 1097 5108 πεζοὶ
1126 5045 1328 5104 πάντες
1354 5043 1403 5093 oi
1438 5043 1748 5112 μύρμηκες,

162 5113 302 5165 οὔτε
362 5113 658 5181 ὑπόπτεροι
707 5115 926 5176 πάντες,
977 5115 1091 5166 ἀλλ’
1129 5117 1175 5164 οἰ
1241 5115 1338 5181 μὲν
1404 5113 1513 5163 τῶν
1578 5114 1751 5178 χαμοιί⁵

167 5181 492 5250 ἐρχομένων
521 5187 680 5244 εἰσιν,
719 5185 767 5234 οἱ
793 5185 848 5234 δὲ
881 5184 1110 5251 δοαέριοι
1158 5183 1460 5251 φέρονται.-
1483 5183 1542 5233 Ὀ
1573 5185 1752 5251 τοίνυν

164 5253 290 5331 τῷν
316 5253 484 5302 ὄντων
509 5253 608 5335 την
653 5253 853 5320 γνῶσιν
884 5250 1300 5338 ἐπικομῆπάςων,
1340 5252 1476 5312 τέως
1523 5251 1619 5333 τὴν
1657 5250 1751 5338 ⁶τοῦ

171 5320 472 5390 μύρμηκος
513 5323 674 5389 φύσιν
725 5324 933 5375 εἰπάτω
973 5340 986 5352 ·
1025 5320 1124 5374 εἷθ’
1151 5321 1321 5382 οὓτως
1362 5321 1753 5390 φυσιολογείτω

165 5389 281 5459 ’τὴν
326 5392 500 5461 πάντα
555 5391 703 5446 νοῦν,
730 5393 1105 5461 ὑπερέχουσαν
1156 5392 1382 5461 δύναμιν
1409 5407 1420 5418 ·
1458 5393 1506 5442 εἰ
1549 5391 1604 5442 δὲ
1659 5389 1750 5440 τοῦ

172 5460 527 5530 βραχυτάτου
568 5459 854 5530 μύρμηκος
896 5461 1046 5513 οὔπω
1079 5459 1402 5530 περιέλαϐεγς
1444 5464 1510 5529 τῇ
1552 5461 1749 5526 γνώσει

168 5529 284 5598 ’τὴν
311 5530 485 5595 φύσιν,
519 5529 764 5599 πὼςτὴν
804 5533 1185 5599 ἀκατάληπτον
1221 5529 1314 5582 τοῦ
1342 5529 1484 5599 ῨΘεοῦ
1519 5532 1749 5596 δύναμιν

175 5599 549 5669 μεγαλαυχεῖς
603 5598 968 5668 φαντάζεσθαι
1005 5598 1108 5663 ,1ιί
1157 5609 1272 5659 est,
1328 5598 1518 5666 Itaque
1565 5600 1654 5668 qui
1697 5614 1750 5650 se

169 5669 550 5722 assistentium
589 5674 861 5723 scientiam
924 5687 1032 5723 esse
1089 5681 1385 5721 assecutum
1451 5671 1746 5738 gloriatur.

171 5749 412 5803 exponat
439 5740 610 5803 nobis,
638 5741 896 5809 quomodo
934 5741 1070 5808 quod
1122 5741 1394 5790 minimum
1434 5750 1510 5792 est
1549 5755 1746 5802 eorum,

176 5825 307 5877 qua:
340 5809 392 5860 in
432 5810 595 5863 lucem
631 5812 958 5877 prodierunt,
990 5812 1148 5863 vitam
1181 5809 1386 5871 habeat,
1421 5819 1466 5863 et
1496 5827 1611 5878 qua:
1641 5812 1750 5877 for-

1851 4633 1966 4678 beat
1997 4627 2174 4692 hepar,
2209 4642 2330 4677 num
2362 4625 2454 4676 sub
2491 4625 2659 4688 iecore
2692 4629 2758 4677 sit
2786 4625 2938 4692 ﬂava'
2964 4624 3083 4676 bilis
3113 4624 3414 4691 folliculus;

1852 4707 2028 4748 utrum
2062 4712 2205 4748 renes
2249 4697 2458 4757 habeat,
2493 4707 2537 4747 et
2567 4711 2676 4755 cor,
2708 4704 2754 4745 et
2797 4694 3047 4753 arterias,
3071 4703 3118 4746 et
3158 4710 3332 4754 venas,
3366 4705 3415 4746 ct

1850 4767 2211 4826 membranas,
2248 4775 2295 4817 et
2344 4766 2674 4829 sepimenta;
2713 4765 2926 4816 nudane
2965 4765 3032 4814 sit
3067 4780 3135 4815 an
3181 4765 3415 4826 crinita;

1853 4852 2143 4905 unguemne
2205 4851 2366 4886 unum
2433 4851 2501 4886 an
2567 4833 2854 4905 f‘luresnin
2913 4832 3131 4905 pedibus
3187 4833 3417 4905 habeat;

1850 4903 2086 4972 quandiu
2130 4906 2288 4966 vivat,
2320 4913 2368 4956 et
2418 4919 2532 4973 qui?
2579 4907 2647 4956 sit
2693 4903 2772 4956 illi
2818 4903 3173 4972 propaganda
3222 4903 3419 4956 sobolis

1853 4977 2028 5034 ratio;
2070 4976 2153 5028 sin
2193 4976 2386 5037 minus,
2442 4974 2726 5042 quotuplex
2765 4973 2828 5024 ab
2885 4989 2946 5024 ea
3001 4975 3137 5040 fetus
3176 4973 3226 5023 in
3272 4982 3418 5026 utero

1853 5055 2124 5112 gestatur;
2157 5055 2203 5097 et
2239 5045 2495 5113 quomodo
2539 5059 2628 5096 nec
2660 5043 2925 5110 pedestres
2961 5058 3134 5093 omnes
3168 5044 3270 5091 sint
3306 5042 3418 5108 for-

1854 5117 2022 5178 micte,
2060 5132 2150 5168 nec
2181 5115 2342 5166 alata:
2371 5130 2566 5177 omnes,
2606 5115 2694 5164 sed
2725 5114 2847 5164 alite
2874 5113 3018 5162 humi
3053 5121 3254 5176 repunt,
3295 5113 3418 5164 alite

1854 5202 1970 5236 vero
2029 5201 2118 5253 per
2177 5200 2305 5236 aera
2355 5183 2588 5236 volitent.
2657 5182 2811 5234 Dicat
2856 5183 3018 5250 igitur
3072 5182 3418 5247 formicarum

1855 5254 2000 5307 nobis
2053 5263 2320 5315 naturam,
2375 5254 2462 5322 qui
2500 5267 2701 5314 eorum,
2753 5268 2869 5319 qute
2919 5254 2970 5301 in
3025 5263 3221 5302 natura
3274 5262 3416 5313 sunt,

1853 5326 2132 5376 scientiam
2183 5340 2303 5375 cum
2354 5325 2498 5390 fastu
2548 5341 2601 5375 se
2654 5323 2905 5388 prmdicat
2955 5328 3276 5372 assecutum.
3335 5332 3419 5370 ut-

1852 5411 1948 5462 que
1987 5396 2062 5446 ittt
2097 5395 2306 5446 demum
2336 5395 2397 5444 de
2423 5395 2650 5462 potentia
2695 5391 2791 5443 illa
2832 5394 3064 5442 omnium
3097 5390 3419 5462 intellectum

1854 5461 2132 5531 superante
2189 5467 2434 5528 disputet.
2488 5461 2545 5514 Si
2597 5479 2713 5514 vero
2769 5462 2990 5513 scientia
3051 5461 3420 5531 minutis-simtu

1854 5536 2086 5601 formica:
2121 5546 2359 5584 naturam
2411 5532 2639 5582 nondum
2689 5543 2864 5593 tenes;
2917 5530 3173 5596 quomodo
3220 5530 3422 5583 incom—

1852 5605 2242 5671 prehensibilent
2277 5602 2371 5654 Dei
2412 5603 2698 5670 potentiam
2739 5601 3120 5668 imaginatione
3155 5609 3246 5650 tua
3274 5612 3420 5653 rom--

1852 5675 2156 5740 prehensum
2187 5688 2296 5724 esse
2321 5672 2612 5740 gloriaris?
2645 5671 2852 5737 (Epist.
2891 5671 3046 5740 16$.)

1922 5745 2035 5810 (80)
2073 5744 2230 5794 ltjor.
2259 5735 2374 5805 xuii,
2406 5742 2489 5793 l2.
2515 5741 2616 5793 Sed
2642 5735 2691 5792 in
2729 5735 2965 5806 \‘ulgatis
2999 5735 3168 5810 leges,
3297 5735 3406 5785 ἐσό-

1854 5807 2022 5885 πτρου
2043 5815 2096 5865 ἐν
2118 5812 2418 5880 αἰνίγματι,
2440 5813 2555 5863 τότε
2577 5811 2631 5862 δὲ
2651 5811 2933 5879 πρόσωπον
2953 5809 3085 5876 προς
3107 5807 3414 5874 πρόσωπον.
