  <div class='ocr_page' id='page_1' title='image "/cluster/home/n/w/nwhite01/storage/ocr_20150623/98/nnc1.0046979697/564.png"; bbox 0 0 4166 6434; ppageno 0'>
   <div class='ocr_carea' id='block_1_1' title="bbox 161 397 287 465">
    <p class='ocr_par' dir='ltr' id='par_1_1' title="bbox 161 397 287 465">
     <span class='ocr_line' id='line_1_1' title="bbox 161 397 287 465; baseline 0.024 -3"><span class='ocrx_word' id='word_1_1' title='bbox 161 397 287 465; x_wconf 74' lang='grc'><strong>1121</strong></span> 
     </span>
    </p>
   </div>
   <div class='ocr_carea' id='block_1_2' title="bbox 1197 394 2320 459">
    <p class='ocr_par' dir='ltr' id='par_1_2' title="bbox 1197 394 2320 459">
     <span class='ocr_line' id='line_1_2' title="bbox 1197 394 2320 459; baseline 0 -4"><span class='ocrx_word' id='word_1_2' title='bbox 1197 395 1285 457; x_wconf 69' lang='lat' dir='ltr'><strong>1N</strong></span> <span class='ocrx_word' id='word_1_3' title='bbox 1330 394 1907 459; x_wconf 65' lang='lat' dir='ltr'><strong>ECCLESIASTEN.</strong></span> <span class='ocrx_word' id='word_1_4' title='bbox 1950 420 2013 429; x_wconf 63' lang='grc' dir='ltr'><strong>-κ</strong></span> <span class='ocrx_word' id='word_1_5' title='bbox 2049 396 2197 456; x_wconf 77' lang='lat' dir='ltr'><strong>LIB.</strong></span> <span class='ocrx_word' id='word_1_6' title='bbox 2236 397 2320 455; x_wconf 75' lang='lat' dir='ltr'><strong>1X</strong></span> 
     </span>
    </p>
   </div>
   <div class='ocr_carea' id='block_1_3' title="bbox 3248 396 3394 460">
    <p class='ocr_par' dir='ltr' id='par_1_3' title="bbox 3248 396 3394 460">
     <span class='ocr_line' id='line_1_3' title="bbox 3248 396 3394 460; baseline 0 -1"><span class='ocrx_word' id='word_1_7' title='bbox 3248 396 3394 460; x_wconf 67' lang='lat' dir='ltr'><strong>1H2</strong></span> 
     </span>
    </p>
   </div>
   <div class='ocr_carea' id='block_1_4' title="bbox 150 510 1743 582">
    <p class='ocr_par' dir='ltr' id='par_1_4' title="bbox 150 510 1731 582">
     <span class='ocr_line' id='line_1_4' title="bbox 150 510 1731 582; baseline -0.004 -13"><span class='ocrx_word' id='word_1_8' title='bbox 150 520 425 569; x_wconf 69' lang='grc' dir='ltr'>πείθονται</span> <span class='ocrx_word' id='word_1_9' title='bbox 466 514 661 576; x_wconf 69' lang='grc' dir='ltr'>πάντες</span> <span class='ocrx_word' id='word_1_10' title='bbox 696 513 883 582; x_wconf 56' lang='grc' dir='ltr'>σχεδον</span> <span class='ocrx_word' id='word_1_11' title='bbox 918 512 1009 564; x_wconf 71' lang='grc' dir='ltr'>καὶ</span> <span class='ocrx_word' id='word_1_12' title='bbox 1056 510 1307 580; x_wconf 74' lang='grc' dir='ltr'>θητεύειν</span> <span class='ocrx_word' id='word_1_13' title='bbox 1328 512 1422 565; x_wconf 79' lang='grc' dir='ltr'><strong>καὶ</strong></span> <span class='ocrx_word' id='word_1_14' title='bbox 1455 512 1731 581; x_wconf 87' lang='grc' dir='ltr'>παρεστά-</span> 
     </span>
    </p>
   </div>
   <div class='ocr_carea' id='block_1_5' title="bbox 1845 510 3415 582">
    <p class='ocr_par' dir='ltr' id='par_1_5' title="bbox 1845 510 3415 579">
     <span class='ocr_line' id='line_1_5' title="bbox 1845 510 3415 579; baseline 0 -13"><span class='ocrx_word' id='word_1_15' title='bbox 1845 512 1978 567; x_wconf 74' lang='lat' dir='ltr'><strong>iihili</strong></span> <span class='ocrx_word' id='word_1_16' title='bbox 2017 510 2163 565; x_wconf 92' lang='lat' dir='ltr'><strong>enim</strong></span> <span class='ocrx_word' id='word_1_17' title='bbox 2214 518 2439 579; x_wconf 75' lang='lat' dir='ltr'><strong>argento</strong></span> <span class='ocrx_word' id='word_1_18' title='bbox 2470 524 2661 567; x_wconf 86' lang='lat' dir='ltr'><strong>omnes</strong></span> <span class='ocrx_word' id='word_1_19' title='bbox 2693 513 2804 566; x_wconf 67' lang='lat' dir='ltr'><strong>iure</strong></span> <span class='ocrx_word' id='word_1_20' title='bbox 2849 511 3128 576; x_wconf 81' lang='lat' dir='ltr'><strong>obediunt,</strong></span> <span class='ocrx_word' id='word_1_21' title='bbox 3180 520 3238 566; x_wconf 94' lang='lat' dir='ltr'><strong>ut</strong></span> <span class='ocrx_word' id='word_1_22' title='bbox 3286 514 3415 569; x_wconf 81' lang='lat' dir='ltr'><strong>illud</strong></span> 
     </span>
    </p>
   </div>
   <div class='ocr_carea' id='block_1_6' title="bbox 157 603 1737 675">
    <p class='ocr_par' dir='ltr' id='par_1_6' title="bbox 157 603 1737 675">
     <span class='ocr_line' id='line_1_6' title="bbox 157 603 1737 675; baseline -0.001 -18"><span class='ocrx_word' id='word_1_23' title='bbox 157 622 239 658; x_wconf 82' lang='grc' dir='ltr'><strong>ναι</strong></span> <span class='ocrx_word' id='word_1_24' title='bbox 301 604 395 655; x_wconf 73' lang='grc' dir='ltr'><strong>καὶ</strong></span> <span class='ocrx_word' id='word_1_25' title='bbox 431 603 849 657; x_wconf 71' lang='grc' dir='ltr'><strong>κατακολουθεῖν</strong></span> <span class='ocrx_word' id='word_1_26' title='bbox 894 606 1007 666; x_wconf 80' lang='grc' dir='ltr'>τοῖς</span> <span class='ocrx_word' id='word_1_27' title='bbox 1056 603 1377 675; x_wconf 67' lang='grc' dir='ltr'>παρέχουσι,</span> <span class='ocrx_word' id='word_1_28' title='bbox 1434 604 1530 656; x_wconf 74' lang='grc' dir='ltr'><strong>καὶ</strong></span> <span class='ocrx_word' id='word_1_29' title='bbox 1577 604 1737 656; x_wconf 87' lang='grc' dir='ltr'>πλοῖα</span> 
     </span>
    </p>
   </div>
   <div class='ocr_carea' id='block_1_7' title="bbox 154 686 1735 763">
    <p class='ocr_par' dir='ltr' id='par_1_7' title="bbox 154 686 1735 763">
     <span class='ocr_line' id='line_1_7' title="bbox 154 686 1735 763; baseline -0.002 -15"><span class='ocrx_word' id='word_1_30' title='bbox 154 693 601 757; x_wconf 68' lang='grc' dir='ltr'><strong>κατασκευάζειν,</strong></span> <span class='ocrx_word' id='word_1_31' title='bbox 622 694 718 747; x_wconf 81' lang='grc' dir='ltr'><strong>καὶ</strong></span> <span class='ocrx_word' id='word_1_32' title='bbox 747 693 925 755; x_wconf 84' lang='grc' dir='ltr'>οίκίας</span> <span class='ocrx_word' id='word_1_33' title='bbox 943 686 1268 762; x_wconf 81' lang='grc' dir='ltr'>οἰκοδομεῖν,</span> <span class='ocrx_word' id='word_1_34' title='bbox 1299 693 1393 745; x_wconf 76' lang='grc' dir='ltr'>καὶ</span> <span class='ocrx_word' id='word_1_35' title='bbox 1414 692 1515 763; x_wconf 78' lang='grc' dir='ltr'><strong>τὴν</strong></span> <span class='ocrx_word' id='word_1_36' title='bbox 1541 692 1735 760; x_wconf 70' lang='grc' dir='ltr'>διάφο-</span> 
     </span>
    </p>
   </div>
   <div class='ocr_carea' id='block_1_8' title="bbox 159 784 1740 859">
    <p class='ocr_par' dir='ltr' id='par_1_8' title="bbox 159 784 1740 859">
     <span class='ocr_line' id='line_1_8' title="bbox 159 784 1740 859; baseline -0.001 -21"><span class='ocrx_word' id='word_1_37' title='bbox 159 803 247 859; x_wconf 88' lang='grc' dir='ltr'><strong>ρον</strong></span> <span class='ocrx_word' id='word_1_38' title='bbox 270 785 368 838; x_wconf 72' lang='lat' dir='ltr'><strong>xal.</strong></span> <span class='ocrx_word' id='word_1_39' title='bbox 390 784 641 855; x_wconf 78' lang='grc' dir='ltr'><strong>ποικίλην</strong></span> <span class='ocrx_word' id='word_1_40' title='bbox 658 784 767 837; x_wconf 81' lang='grc' dir='ltr'><strong>τῶν</strong></span> <span class='ocrx_word' id='word_1_41' title='bbox 789 785 964 839; x_wconf 74' lang='grc' dir='ltr'>ἄλλων</span> <span class='ocrx_word' id='word_1_42' title='bbox 988 784 1346 855; x_wconf 79' lang='grc' dir='ltr'><strong>ἀνθρωπίνων</strong></span> <span class='ocrx_word' id='word_1_43' title='bbox 1363 785 1564 855; x_wconf 84' lang='grc' dir='ltr'>χρειῶν</span> <span class='ocrx_word' id='word_1_44' title='bbox 1588 787 1740 837; x_wconf 85' lang='grc' dir='ltr'>ὲκτε-</span> 
     </span>
    </p>
   </div>
   <div class='ocr_carea' id='block_1_9' title="bbox 158 876 1737 947">
    <p class='ocr_par' dir='ltr' id='par_1_9' title="bbox 158 876 1737 947">
     <span class='ocr_line' id='line_1_9' title="bbox 158 876 1737 947; baseline -0.001 -18"><span class='ocrx_word' id='word_1_45' title='bbox 158 877 266 929; x_wconf 83' lang='grc' dir='ltr'>λετν</span> <span class='ocrx_word' id='word_1_46' title='bbox 297 878 578 947; x_wconf 74' lang='grc' dir='ltr'>ἐργασίαν.</span> <span class='ocrx_word' id='word_1_47' title='bbox 614 876 834 947; x_wconf 78' lang='grc' dir='ltr'>Ἐπειδὴ</span> <span class='ocrx_word' id='word_1_48' title='bbox 859 876 915 929; x_wconf 76' lang='grc' dir='ltr'>δὲ</span> <span class='ocrx_word' id='word_1_49' title='bbox 960 877 1057 929; x_wconf 75' lang='grc' dir='ltr'>καὶ</span> <span class='ocrx_word' id='word_1_50' title='bbox 1086 878 1273 947; x_wconf 76' lang='grc' dir='ltr'>νοητὸν</span> <span class='ocrx_word' id='word_1_51' title='bbox 1300 876 1564 947; x_wconf 80' lang='grc' dir='ltr'>ἀργύριον</span> <span class='ocrx_word' id='word_1_52' title='bbox 1602 876 1737 928; x_wconf 75' lang='grc' dir='ltr'>ῶνοο</span> 
     </span>
    </p>
   </div>
   <div class='ocr_carea' id='block_1_10' title="bbox 162 965 1742 1037">
    <p class='ocr_par' dir='ltr' id='par_1_10' title="bbox 162 965 1742 1037">
     <span class='ocr_line' id='line_1_10' title="bbox 162 965 1742 1037; baseline 0.001 -19"><span class='ocrx_word' id='word_1_53' title='bbox 162 968 433 1036; x_wconf 83' lang='grc' dir='ltr'>μασμένον</span> <span class='ocrx_word' id='word_1_54' title='bbox 461 966 692 1037; x_wconf 77' lang='grc' dir='ltr'>εὓρηται</span> <span class='ocrx_word' id='word_1_55' title='bbox 712 969 834 1029; x_wconf 88' lang='grc' dir='ltr'>ταῖς</span> <span class='ocrx_word' id='word_1_56' title='bbox 853 968 1027 1029; x_wconf 82' lang='grc' dir='ltr'>θείαις</span> <span class='ocrx_word' id='word_1_57' title='bbox 1051 968 1317 1037; x_wconf 80' lang='grc' dir='ltr'>Γραφαῖς,</span> <span class='ocrx_word' id='word_1_58' title='bbox 1340 966 1483 1035; x_wconf 63' lang='grc' dir='ltr'>’ὅπερ</span> <span class='ocrx_word' id='word_1_59' title='bbox 1521 965 1672 1019; x_wconf 68' lang='grc' dir='ltr'>ἐστὶν</span> <span class='ocrx_word' id='word_1_60' title='bbox 1713 967 1742 1020; x_wconf 82' lang='grc' dir='ltr'><strong>ὁ</strong></span> 
     </span>
    </p>
   </div>
   <div class='ocr_carea' id='block_1_11' title="bbox 156 1054 1742 1126">
    <p class='ocr_par' dir='ltr' id='par_1_11' title="bbox 156 1054 1742 1126">
     <span class='ocr_line' id='line_1_11' title="bbox 156 1054 1742 1126; baseline -0.002 -17"><span class='ocrx_word' id='word_1_61' title='bbox 156 1057 505 1124; x_wconf 48' lang='lat' dir='ltr'><strong>tamen»;</strong></span> <span class='ocrx_word' id='word_1_62' title='bbox 532 1056 630 1109; x_wconf 76' lang='grc' dir='ltr'>καὶ</span> <span class='ocrx_word' id='word_1_63' title='bbox 662 1056 1040 1119; x_wconf 72' lang='grc' dir='ltr'><strong>διδασκαλικὸς</strong></span> <span class='ocrx_word' id='word_1_64' title='bbox 1067 1056 1257 1124; x_wconf 78' lang='grc' dir='ltr'>λόγος’</span> <span class='ocrx_word' id='word_1_65' title='bbox 1292 1054 1477 1118; x_wconf 86' lang='grc' dir='ltr'>καθώς</span> <span class='ocrx_word' id='word_1_66' title='bbox 1514 1072 1680 1126; x_wconf 84' lang='grc' dir='ltr'>φησιν</span> <span class='ocrx_word' id='word_1_67' title='bbox 1714 1057 1742 1107; x_wconf 98' lang='lat'><strong>6</strong></span> 
     </span>
    </p>
   </div>
   <div class='ocr_carea' id='block_1_12' title="bbox 158 1146 1743 1221">
    <p class='ocr_par' dir='ltr' id='par_1_12' title="bbox 158 1146 1743 1221">
     <span class='ocr_line' id='line_1_12' title="bbox 158 1146 1743 1221; baseline -0.001 -22"><span class='ocrx_word' id='word_1_68' title='bbox 158 1146 379 1216; x_wconf 72' lang='grc' dir='ltr'>Κύριος,</span> <span class='ocrx_word' id='word_1_69' title='bbox 421 1165 441 1198; x_wconf 82' lang='grc' dir='ltr'>ι</span> <span class='ocrx_word' id='word_1_70' title='bbox 477 1148 631 1199; x_wconf 77' lang='grc' dir='ltr'>Ἔδει</span> <span class='ocrx_word' id='word_1_71' title='bbox 661 1164 721 1199; x_wconf 91' lang='grc' dir='ltr'><strong>σε</strong></span> <span class='ocrx_word' id='word_1_72' title='bbox 761 1147 941 1217; x_wconf 78' lang='grc' dir='ltr'>βαλεῖν</span> <span class='ocrx_word' id='word_1_73' title='bbox 962 1148 1305 1221; x_wconf 82' lang='grc' dir='ltr'>τὺάργύριόν</span> <span class='ocrx_word' id='word_1_74' title='bbox 1342 1164 1444 1217; x_wconf 83' lang='grc' dir='ltr'><strong>μου</strong></span> <span class='ocrx_word' id='word_1_75' title='bbox 1473 1149 1585 1209; x_wconf 81' lang='grc' dir='ltr'>τοῖς</span> <span class='ocrx_word' id='word_1_76' title='bbox 1612 1162 1743 1214; x_wconf 75' lang='grc' dir='ltr'>τραο</span> 
     </span>
    </p>
   </div>
   <div class='ocr_carea' id='block_1_13' title="bbox 160 1234 1745 1309">
    <p class='ocr_par' dir='ltr' id='par_1_13' title="bbox 160 1234 1745 1309">
     <span class='ocr_line' id='line_1_13' title="bbox 160 1234 1745 1309; baseline -0.001 -20"><span class='ocrx_word' id='word_1_77' title='bbox 160 1238 403 1301; x_wconf 77' lang='grc' dir='ltr'>πεζίταις</span> <span class='ocrx_word' id='word_1_78' title='bbox 422 1256 435 1269; x_wconf 74' lang='grc' dir='ltr'><strong><em>ο</em></strong></span> <span class='ocrx_word' id='word_1_79' title='bbox 456 1256 479 1289; x_wconf 74' lang='grc' dir='ltr'><strong>ι</strong></span> <span class='ocrx_word' id='word_1_80' title='bbox 499 1238 595 1290; x_wconf 71' lang='grc' dir='ltr'>καὶ</span> <span class='ocrx_word' id='word_1_81' title='bbox 608 1238 797 1309; x_wconf 74' lang='grc' dir='ltr'>πολλῷ</span> <span class='ocrx_word' id='word_1_82' title='bbox 820 1237 1009 1309; x_wconf 81' lang='grc' dir='ltr'>πρώην</span> <span class='ocrx_word' id='word_1_83' title='bbox 1029 1241 1057 1293; x_wconf 91' lang='lat'><strong>6</strong></span> <span class='ocrx_word' id='word_1_84' title='bbox 1084 1239 1367 1309; x_wconf 81' lang='grc' dir='ltr'><strong>προφήτης</strong></span> <span class='ocrx_word' id='word_1_85' title='bbox 1394 1236 1557 1289; x_wconf 81' lang='grc' dir='ltr'>Δαδίδ</span> <span class='ocrx_word' id='word_1_86' title='bbox 1582 1251 1595 1263; x_wconf 89' lang='grc'><strong>·</strong></span> <span class='ocrx_word' id='word_1_87' title='bbox 1615 1254 1634 1287; x_wconf 82' lang='grc' dir='ltr'><strong>ι</strong></span> <span class='ocrx_word' id='word_1_88' title='bbox 1663 1234 1745 1288; x_wconf 73' lang='grc' dir='ltr'><strong>Τὰ</strong></span> 
     </span>
    </p>
   </div>
   <div class='ocr_carea' id='block_1_14' title="bbox 156 1326 1739 1400">
    <p class='ocr_par' dir='ltr' id='par_1_14' title="bbox 156 1326 1739 1400">
     <span class='ocr_line' id='line_1_14' title="bbox 156 1326 1739 1400; baseline -0.001 -19"><span class='ocrx_word' id='word_1_89' title='bbox 156 1329 309 1394; x_wconf 81' lang='grc' dir='ltr'>λόγια</span> <span class='ocrx_word' id='word_1_90' title='bbox 334 1329 536 1398; x_wconf 82' lang='grc' dir='ltr'><strong>Κυρίου</strong></span> <span class='ocrx_word' id='word_1_91' title='bbox 576 1328 734 1397; x_wconf 80' lang='grc' dir='ltr'>λόγια</span> <span class='ocrx_word' id='word_1_92' title='bbox 767 1329 929 1398; x_wconf 79' lang='grc' dir='ltr'>ἁγνὰ,</span> <span class='ocrx_word' id='word_1_93' title='bbox 988 1330 1252 1400; x_wconf 80' lang='grc' dir='ltr'>ἀργύριον</span> <span class='ocrx_word' id='word_1_94' title='bbox 1302 1326 1702 1398; x_wconf 79' lang='grc' dir='ltr'>πεπυρωμένον</span> <span class='ocrx_word' id='word_1_95' title='bbox 1725 1366 1739 1391; x_wconf 91' lang='grc'><strong>,</strong></span> 
     </span>
    </p>
   </div>
   <div class='ocr_carea' id='block_1_15' title="bbox 151 1413 1745 1489">
    <p class='ocr_par' dir='ltr' id='par_1_15' title="bbox 151 1413 1745 1489">
     <span class='ocr_line' id='line_1_15' title="bbox 151 1413 1745 1489; baseline -0.004 -18"><span class='ocrx_word' id='word_1_96' title='bbox 151 1419 401 1487; x_wconf 74' lang='grc' dir='ltr'><strong>δοκίμιον</strong></span> <span class='ocrx_word' id='word_1_97' title='bbox 425 1420 489 1488; x_wconf 82' lang='grc' dir='ltr'>τῇ</span> <span class='ocrx_word' id='word_1_98' title='bbox 532 1421 623 1489; x_wconf 77' lang='grc' dir='ltr'><strong>γῇ,</strong></span> <span class='ocrx_word' id='word_1_99' title='bbox 650 1419 1119 1489; x_wconf 81' lang='grc' dir='ltr'>κεκαθαρισμένον</span> <span class='ocrx_word' id='word_1_100' title='bbox 1140 1415 1521 1476; x_wconf 69' lang='grc' dir='ltr'>ἑπταπλασίως</span> <span class='ocrx_word' id='word_1_101' title='bbox 1544 1431 1557 1444; x_wconf 91' lang='grc'><strong>·</strong></span> <span class='ocrx_word' id='word_1_102' title='bbox 1589 1434 1606 1466; x_wconf 72' lang='grc' dir='ltr'><strong>ι</strong></span> <span class='ocrx_word' id='word_1_103' title='bbox 1637 1413 1745 1484; x_wconf 86' lang='grc' dir='ltr'><strong>χρὴ</strong></span> 
     </span>
    </p>
   </div>
   <div class='ocr_carea' id='block_1_16' title="bbox 155 1502 1744 1578">
    <p class='ocr_par' dir='ltr' id='par_1_16' title="bbox 155 1502 1744 1578">
     <span class='ocr_line' id='line_1_16' title="bbox 155 1502 1744 1578; baseline -0.002 -20"><span class='ocrx_word' id='word_1_104' title='bbox 155 1509 322 1569; x_wconf 80' lang='grc' dir='ltr'>νοεῖν,</span> <span class='ocrx_word' id='word_1_105' title='bbox 350 1507 426 1570; x_wconf 85' lang='grc' dir='ltr'><strong>ὡς</strong></span> <span class='ocrx_word' id='word_1_106' title='bbox 488 1506 855 1577; x_wconf 84' lang='grc' dir='ltr'>προαγγέλλει</span> <span class='ocrx_word' id='word_1_107' title='bbox 902 1506 1255 1578; x_wconf 83' lang='grc' dir='ltr'>προφητικῶς</span> <span class='ocrx_word' id='word_1_108' title='bbox 1291 1506 1392 1576; x_wconf 80' lang='grc' dir='ltr'>τὴν</span> <span class='ocrx_word' id='word_1_109' title='bbox 1421 1504 1516 1558; x_wconf 75' lang='grc' dir='ltr'><strong>ἐπὶ</strong></span> <span class='ocrx_word' id='word_1_110' title='bbox 1541 1502 1620 1573; x_wconf 84' lang='grc' dir='ltr'>τῷ</span> <span class='ocrx_word' id='word_1_111' title='bbox 1644 1519 1744 1572; x_wconf 87' lang='grc' dir='ltr'><strong>κη-</strong></span> 
     </span>
    </p>
   </div>
   <div class='ocr_carea' id='block_1_17' title="bbox 162 1593 1747 1670">
    <p class='ocr_par' dir='ltr' id='par_1_17' title="bbox 162 1593 1747 1670">
     <span class='ocr_line' id='line_1_17' title="bbox 162 1593 1747 1670; baseline -0.003 -21"><span class='ocrx_word' id='word_1_112' title='bbox 162 1597 399 1667; x_wconf 85' lang='grc' dir='ltr'>ρύγματι</span> <span class='ocrx_word' id='word_1_113' title='bbox 445 1597 524 1663; x_wconf 83' lang='grc' dir='ltr'><strong>τῷ</strong></span> <span class='ocrx_word' id='word_1_114' title='bbox 553 1599 893 1669; x_wconf 85' lang='grc' dir='ltr'>εὐαγγελικῷ</span> <span class='ocrx_word' id='word_1_115' title='bbox 938 1599 1337 1670; x_wconf 84' lang='grc' dir='ltr'>προδηλότατον</span> <span class='ocrx_word' id='word_1_116' title='bbox 1361 1596 1605 1666; x_wconf 84' lang='grc' dir='ltr'>ὑπακοὴν</span> <span class='ocrx_word' id='word_1_117' title='bbox 1652 1593 1747 1646; x_wconf 69' lang='grc' dir='ltr'><strong>καὶ</strong></span> 
     </span>
    </p>
   </div>
   <div class='ocr_carea' id='block_1_18' title="bbox 152 1686 1745 1761">
    <p class='ocr_par' dir='ltr' id='par_1_18' title="bbox 152 1686 1745 1761">
     <span class='ocr_line' id='line_1_18' title="bbox 152 1686 1745 1761; baseline -0.001 -21"><span class='ocrx_word' id='word_1_118' title='bbox 152 1688 625 1758; x_wconf 82' lang='grc' dir='ltr'>κατακολούθησιν</span> <span class='ocrx_word' id='word_1_119' title='bbox 655 1692 755 1761; x_wconf 82' lang='grc' dir='ltr'>τῆς</span> <span class='ocrx_word' id='word_1_120' title='bbox 770 1694 874 1745; x_wconf 80' lang='grc' dir='ltr'>ἀνά</span> <span class='ocrx_word' id='word_1_121' title='bbox 897 1693 1075 1745; x_wconf 72' lang='grc' dir='ltr'>πᾶσαν</span> <span class='ocrx_word' id='word_1_122' title='bbox 1099 1690 1197 1761; x_wconf 79' lang='grc' dir='ltr'>τὴν</span> <span class='ocrx_word' id='word_1_123' title='bbox 1222 1690 1316 1743; x_wconf 77' lang='grc' dir='ltr'>ὑπ’</span> <span class='ocrx_word' id='word_1_124' title='bbox 1341 1688 1565 1760; x_wconf 79' lang='grc' dir='ltr'>οὐρανὸν</span> <span class='ocrx_word' id='word_1_125' title='bbox 1584 1686 1745 1754; x_wconf 90' lang='grc' dir='ltr'>άγίας</span> 
     </span>
    </p>
   </div>
   <div class='ocr_carea' id='block_1_19' title="bbox 151 1776 1742 1851">
    <p class='ocr_par' dir='ltr' id='par_1_19' title="bbox 151 1776 1742 1851">
     <span class='ocr_line' id='line_1_19' title="bbox 151 1776 1742 1851; baseline 0.002 -23"><span class='ocrx_word' id='word_1_126' title='bbox 151 1776 250 1829; x_wconf 67' lang='grc' dir='ltr'><strong>τοῦ</strong></span> <span class='ocrx_word' id='word_1_127' title='bbox 277 1776 413 1829; x_wconf 78' lang='grc' dir='ltr'>Θεοῦ</span> <span class='ocrx_word' id='word_1_128' title='bbox 444 1777 738 1849; x_wconf 65' lang='grc' dir='ltr'>ωθολικῆς</span> <span class='ocrx_word' id='word_1_129' title='bbox 764 1782 860 1834; x_wconf 74' lang='grc' dir='ltr'>καὶ</span> <span class='ocrx_word' id='word_1_130' title='bbox 888 1782 1253 1851; x_wconf 80' lang='grc' dir='ltr'>άποστολικῆς</span> <span class='ocrx_word' id='word_1_131' title='bbox 1297 1779 1642 1849; x_wconf 82' lang='grc' dir='ltr'>Ἐκκλησίας.</span> <span class='ocrx_word' id='word_1_132' title='bbox 1681 1778 1742 1831; x_wconf 84' lang='lat'><strong>&#39;0</strong></span> 
     </span>
    </p>
   </div>
   <div class='ocr_carea' id='block_1_20' title="bbox 1843 601 3419 674">
    <p class='ocr_par' dir='ltr' id='par_1_20' title="bbox 1843 601 3419 674">
     <span class='ocr_line' id='line_1_20' title="bbox 1843 601 3419 674; baseline 0 -16"><span class='ocrx_word' id='word_1_133' title='bbox 1843 604 2215 674; x_wconf 42' lang='lat' dir='ltr'><strong>pra‘bentibus</strong></span> <span class='ocrx_word' id='word_1_134' title='bbox 2249 601 2605 665; x_wconf 75' lang='lat' dir='ltr'><strong>famulentur,</strong></span> <span class='ocrx_word' id='word_1_135' title='bbox 2638 612 2956 673; x_wconf 78' lang='lat' dir='ltr'><strong>appareant,</strong></span> <span class='ocrx_word' id='word_1_136' title='bbox 3000 602 3329 673; x_wconf 82' lang='lat' dir='ltr'><strong>pedisequos</strong></span> <span class='ocrx_word' id='word_1_137' title='bbox 3355 618 3419 658; x_wconf 79' lang='lat' dir='ltr'><strong>se</strong></span> 
     </span>
    </p>
   </div>
   <div class='ocr_carea' id='block_1_21' title="bbox 1842 694 3423 767">
    <p class='ocr_par' dir='ltr' id='par_1_21' title="bbox 1842 694 3423 767">
     <span class='ocr_line' id='line_1_21' title="bbox 1842 694 3423 767; baseline -0.001 -17"><span class='ocrx_word' id='word_1_138' title='bbox 1842 696 2162 767; x_wconf 75' lang='lat' dir='ltr'><strong>adiungant,</strong></span> <span class='ocrx_word' id='word_1_139' title='bbox 2195 709 2367 763; x_wconf 88' lang='lat' dir='ltr'><strong>eoque</strong></span> <span class='ocrx_word' id='word_1_140' title='bbox 2394 694 2609 763; x_wconf 72' lang='lat' dir='ltr'><strong>navigia</strong></span> <span class='ocrx_word' id='word_1_141' title='bbox 2642 704 2986 759; x_wconf 89' lang='lat' dir='ltr'><strong>construant,</strong></span> <span class='ocrx_word' id='word_1_142' title='bbox 3035 695 3227 750; x_wconf 87' lang='lat' dir='ltr'><strong>domos</strong></span> <span class='ocrx_word' id='word_1_143' title='bbox 3261 694 3423 749; x_wconf 69' lang='lat' dir='ltr'><strong>aedili-</strong></span> 
     </span>
    </p>
   </div>
   <div class='ocr_carea' id='block_1_22' title="bbox 1842 787 3419 857">
    <p class='ocr_par' dir='ltr' id='par_1_22' title="bbox 1842 787 3419 857">
     <span class='ocr_line' id='line_1_22' title="bbox 1842 787 3419 857; baseline -0.003 -14"><span class='ocrx_word' id='word_1_144' title='bbox 1842 798 1988 854; x_wconf 90' lang='lat' dir='ltr'><strong>cent,</strong></span> <span class='ocrx_word' id='word_1_145' title='bbox 2015 788 2185 843; x_wconf 89' lang='lat' dir='ltr'><strong>multa</strong></span> <span class='ocrx_word' id='word_1_146' title='bbox 2217 797 2272 841; x_wconf 91' lang='lat' dir='ltr'><strong>et</strong></span> <span class='ocrx_word' id='word_1_147' title='bbox 2300 788 2469 851; x_wconf 85' lang='lat' dir='ltr'><strong>varia,</strong></span> <span class='ocrx_word' id='word_1_148' title='bbox 2501 803 2623 857; x_wconf 66' lang='lat' dir='ltr'><strong>quin</strong></span> <span class='ocrx_word' id='word_1_149' title='bbox 2653 787 2776 842; x_wconf 88' lang='lat' dir='ltr'><strong>aliis</strong></span> <span class='ocrx_word' id='word_1_150' title='bbox 2805 789 2929 842; x_wconf 69' lang='lat' dir='ltr'><strong>vitae</strong></span> <span class='ocrx_word' id='word_1_151' title='bbox 2954 788 3143 842; x_wconf 85' lang='lat' dir='ltr'><strong>usibus</strong></span> <span class='ocrx_word' id='word_1_152' title='bbox 3169 796 3419 856; x_wconf 80' lang='lat' dir='ltr'><strong>prosunt,</strong></span> 
     </span>
    </p>
   </div>
   <div class='ocr_carea' id='block_1_23' title="bbox 1840 877 3423 949">
    <p class='ocr_par' dir='ltr' id='par_1_23' title="bbox 1840 877 3423 949">
     <span class='ocr_line' id='line_1_23' title="bbox 1840 877 3423 949; baseline -0.001 -18"><span class='ocrx_word' id='word_1_153' title='bbox 1840 894 2007 949; x_wconf 86' lang='lat' dir='ltr'><strong>opera</strong></span> <span class='ocrx_word' id='word_1_154' title='bbox 2040 878 2343 947; x_wconf 77' lang='lat' dir='ltr'><strong>perﬁciant.</strong></span> <span class='ocrx_word' id='word_1_155' title='bbox 2378 877 2647 943; x_wconf 83' lang='lat' dir='ltr'><strong>Quoniam</strong></span> <span class='ocrx_word' id='word_1_156' title='bbox 2680 893 2809 931; x_wconf 84' lang='lat' dir='ltr'><strong>vero</strong></span> <span class='ocrx_word' id='word_1_157' title='bbox 2836 878 3081 947; x_wconf 76' lang='lat' dir='ltr'><strong>spiritale</strong></span> <span class='ocrx_word' id='word_1_158' title='bbox 3122 879 3285 930; x_wconf 90' lang='lat' dir='ltr'><strong>etiam</strong></span> <span class='ocrx_word' id='word_1_159' title='bbox 3336 892 3423 929; x_wconf 79' lang='lat' dir='ltr'><strong>ar-</strong></span> 
     </span>
    </p>
   </div>
   <div class='ocr_carea' id='block_1_24' title="bbox 1843 966 3417 1037">
    <p class='ocr_par' dir='ltr' id='par_1_24' title="bbox 1843 966 3417 1037">
     <span class='ocr_line' id='line_1_24' title="bbox 1843 966 3417 1037; baseline -0.002 -15"><span class='ocrx_word' id='word_1_160' title='bbox 1843 978 2065 1037; x_wconf 84' lang='lat' dir='ltr'><strong>gentum</strong></span> <span class='ocrx_word' id='word_1_161' title='bbox 2123 967 2326 1023; x_wconf 78' lang='lat' dir='ltr'><strong>divinis</strong></span> <span class='ocrx_word' id='word_1_162' title='bbox 2366 966 2419 1020; x_wconf 89' lang='lat' dir='ltr'><strong>in</strong></span> <span class='ocrx_word' id='word_1_163' title='bbox 2472 966 2693 1022; x_wconf 81' lang='lat' dir='ltr'><strong>Litteris</strong></span> <span class='ocrx_word' id='word_1_164' title='bbox 2741 968 3083 1021; x_wconf 88' lang='lat' dir='ltr'><strong>nominatum</strong></span> <span class='ocrx_word' id='word_1_165' title='bbox 3132 967 3417 1035; x_wconf 72' lang='lat' dir='ltr'><strong>reperitur,</strong></span> 
     </span>
    </p>
   </div>
   <div class='ocr_carea' id='block_1_25' title="bbox 1843 1056 3424 1126">
    <p class='ocr_par' dir='ltr' id='par_1_25' title="bbox 1843 1056 3424 1126">
     <span class='ocr_line' id='line_1_25' title="bbox 1843 1056 3424 1126; baseline 0 -18"><span class='ocrx_word' id='word_1_166' title='bbox 1843 1060 1985 1126; x_wconf 87' lang='lat' dir='ltr'><strong>quod</strong></span> <span class='ocrx_word' id='word_1_167' title='bbox 2022 1067 2106 1113; x_wconf 87' lang='lat' dir='ltr'><strong>est</strong></span> <span class='ocrx_word' id='word_1_168' title='bbox 2135 1056 2484 1125; x_wconf 88' lang='lat' dir='ltr'><strong>evangelicus</strong></span> <span class='ocrx_word' id='word_1_169' title='bbox 2530 1057 2894 1112; x_wconf 82' lang='lat' dir='ltr'><strong>institutionis</strong></span> <span class='ocrx_word' id='word_1_170' title='bbox 2936 1068 3138 1120; x_wconf 82' lang='lat' dir='ltr'><strong>sermo,</strong></span> <span class='ocrx_word' id='word_1_171' title='bbox 3170 1056 3316 1109; x_wconf 82' lang='lat' dir='ltr'><strong>sicut</strong></span> <span class='ocrx_word' id='word_1_172' title='bbox 3346 1056 3424 1109; x_wconf 86' lang='lat' dir='ltr'><strong>ait</strong></span> 
     </span>
    </p>
   </div>
   <div class='ocr_carea' id='block_1_26' title="bbox 1844 1146 3418 1217">
    <p class='ocr_par' dir='ltr' id='par_1_26' title="bbox 1844 1146 3418 1217">
     <span class='ocr_line' id='line_1_26' title="bbox 1844 1146 3418 1217; baseline -0.001 -17"><span class='ocrx_word' id='word_1_173' title='bbox 1844 1146 2107 1202; x_wconf 87' lang='lat' dir='ltr'><strong>Dominus</strong></span> <span class='ocrx_word' id='word_1_174' title='bbox 2128 1166 2141 1202; x_wconf 76' lang='grc' dir='ltr'>ς</span> <span class='ocrx_word' id='word_1_175' title='bbox 2167 1167 2187 1199; x_wconf 82' lang='grc' dir='ltr'><strong>ι</strong></span> <span class='ocrx_word' id='word_1_176' title='bbox 2220 1146 2471 1216; x_wconf 84' lang='lat' dir='ltr'><strong>Oportuit</strong></span> <span class='ocrx_word' id='word_1_177' title='bbox 2494 1155 2545 1201; x_wconf 84' lang='lat' dir='ltr'><strong>te</strong></span> <span class='ocrx_word' id='word_1_178' title='bbox 2561 1148 2907 1202; x_wconf 86' lang='lat' dir='ltr'><strong>committere</strong></span> <span class='ocrx_word' id='word_1_179' title='bbox 2929 1158 3212 1217; x_wconf 75' lang='lat' dir='ltr'><strong>argentum</strong></span> <span class='ocrx_word' id='word_1_180' title='bbox 3239 1161 3418 1200; x_wconf 90' lang='lat' dir='ltr'><strong>meum</strong></span> 
     </span>
    </p>
   </div>
   <div class='ocr_carea' id='block_1_27' title="bbox 1845 1230 3417 1304">
    <p class='ocr_par' dir='ltr' id='par_1_27' title="bbox 1845 1230 3417 1304">
     <span class='ocr_line' id='line_1_27' title="bbox 1845 1230 3417 1304; baseline -0.005 -12"><span class='ocrx_word' id='word_1_181' title='bbox 1845 1235 2235 1292; x_wconf 61' lang='lat' dir='ltr'><strong>numntulat&#39;iis</strong></span> <span class='ocrx_word' id='word_1_182' title='bbox 2263 1236 2305 1266; x_wconf 81' lang='grc'><strong>¹²</strong></span> <span class='ocrx_word' id='word_1_183' title='bbox 2334 1250 2349 1300; x_wconf 87' lang='grc'><strong>;</strong></span> <span class='ocrx_word' id='word_1_184' title='bbox 2387 1253 2406 1285; x_wconf 79' lang='grc' dir='ltr'>ι</span> <span class='ocrx_word' id='word_1_185' title='bbox 2438 1248 2504 1288; x_wconf 87' lang='lat' dir='ltr'><strong>ac</strong></span> <span class='ocrx_word' id='word_1_186' title='bbox 2533 1236 2706 1288; x_wconf 91' lang='lat' dir='ltr'><strong>multo</strong></span> <span class='ocrx_word' id='word_1_187' title='bbox 2731 1235 2883 1303; x_wconf 83' lang='lat' dir='ltr'><strong>prius</strong></span> <span class='ocrx_word' id='word_1_188' title='bbox 2909 1233 3180 1304; x_wconf 84' lang='lat' dir='ltr'><strong>propheta</strong></span> <span class='ocrx_word' id='word_1_189' title='bbox 3211 1230 3374 1285; x_wconf 75' lang='lat' dir='ltr'><strong>David</strong></span> <span class='ocrx_word' id='word_1_190' title='bbox 3404 1249 3417 1284; x_wconf 92' lang='lat'><strong>:</strong></span> 
     </span>
    </p>
   </div>
   <div class='ocr_carea' id='block_1_28' title="bbox 1850 1322 3424 1396">
    <p class='ocr_par' dir='ltr' id='par_1_28' title="bbox 1850 1322 3424 1396">
     <span class='ocr_line' id='line_1_28' title="bbox 1850 1322 3424 1396; baseline -0.001 -19"><span class='ocrx_word' id='word_1_191' title='bbox 1850 1345 1870 1377; x_wconf 79' lang='grc' dir='ltr'><strong>ι</strong></span> <span class='ocrx_word' id='word_1_192' title='bbox 1907 1327 2136 1396; x_wconf 80' lang='lat' dir='ltr'><strong>Eloquia</strong></span> <span class='ocrx_word' id='word_1_193' title='bbox 2167 1324 2379 1379; x_wconf 88' lang='lat' dir='ltr'><strong>Domini</strong></span> <span class='ocrx_word' id='word_1_194' title='bbox 2408 1325 2625 1394; x_wconf 87' lang='lat' dir='ltr'><strong>eloquia</strong></span> <span class='ocrx_word' id='word_1_195' title='bbox 2648 1332 2821 1390; x_wconf 89' lang='lat' dir='ltr'><strong>casta,</strong></span> <span class='ocrx_word' id='word_1_196' title='bbox 2849 1332 3134 1392; x_wconf 73' lang='lat' dir='ltr'><strong>argentum</strong></span> <span class='ocrx_word' id='word_1_197' title='bbox 3162 1322 3282 1392; x_wconf 88' lang='lat' dir='ltr'><strong>igne</strong></span> <span class='ocrx_word' id='word_1_198' title='bbox 3303 1337 3424 1376; x_wconf 79' lang='lat' dir='ltr'><strong>exa-</strong></span> 
     </span>
    </p>
   </div>
   <div class='ocr_carea' id='block_1_29' title="bbox 1844 1412 3416 1486">
    <p class='ocr_par' dir='ltr' id='par_1_29' title="bbox 1844 1412 3416 1486">
     <span class='ocr_line' id='line_1_29' title="bbox 1844 1412 3416 1486; baseline -0.006 -13"><span class='ocrx_word' id='word_1_199' title='bbox 1844 1420 2132 1481; x_wconf 85' lang='lat' dir='ltr'><strong>minatum,</strong></span> <span class='ocrx_word' id='word_1_200' title='bbox 2185 1416 2470 1486; x_wconf 87' lang='lat' dir='ltr'><strong>probatum</strong></span> <span class='ocrx_word' id='word_1_201' title='bbox 2516 1423 2692 1478; x_wconf 72' lang='lat' dir='ltr'><strong>terrae,</strong></span> <span class='ocrx_word' id='word_1_202' title='bbox 2727 1424 3019 1484; x_wconf 85' lang='lat' dir='ltr'><strong>purgatum</strong></span> <span class='ocrx_word' id='word_1_203' title='bbox 3062 1414 3261 1481; x_wconf 84' lang='lat' dir='ltr'><strong>septies</strong></span> <span class='ocrx_word' id='word_1_204' title='bbox 3282 1412 3364 1479; x_wconf 82' lang='grc'><strong>¹⁸;</strong></span> <span class='ocrx_word' id='word_1_205' title='bbox 3397 1430 3416 1463; x_wconf 73' lang='grc' dir='ltr'><strong>ι</strong></span> 
     </span>
    </p>
   </div>
   <div class='ocr_carea' id='block_1_30' title="bbox 1846 1504 3421 1571">
    <p class='ocr_par' dir='ltr' id='par_1_30' title="bbox 1846 1504 3421 1571">
     <span class='ocr_line' id='line_1_30' title="bbox 1846 1504 3421 1571; baseline -0.003 -10"><span class='ocrx_word' id='word_1_206' title='bbox 1846 1507 2268 1562; x_wconf 79' lang='lat' dir='ltr'><strong>existimandum</strong></span> <span class='ocrx_word' id='word_1_207' title='bbox 2297 1513 2382 1560; x_wconf 88' lang='lat' dir='ltr'><strong>est</strong></span> <span class='ocrx_word' id='word_1_208' title='bbox 2412 1504 2707 1559; x_wconf 81' lang='lat' dir='ltr'><strong>manifesto</strong></span> <span class='ocrx_word' id='word_1_209' title='bbox 2750 1504 3012 1558; x_wconf 88' lang='lat' dir='ltr'><strong>vaticinio</strong></span> <span class='ocrx_word' id='word_1_210' title='bbox 3047 1506 3116 1557; x_wconf 86' lang='lat' dir='ltr'><strong>ah</strong></span> <span class='ocrx_word' id='word_1_211' title='bbox 3162 1518 3229 1557; x_wconf 90' lang='lat' dir='ltr'><strong>eo</strong></span> <span class='ocrx_word' id='word_1_212' title='bbox 3280 1517 3421 1571; x_wconf 71' lang='lat' dir='ltr'><strong>pra:-</strong></span> 
     </span>
    </p>
   </div>
   <div class='ocr_carea' id='block_1_31' title="bbox 1845 1595 3424 1665">
    <p class='ocr_par' dir='ltr' id='par_1_31' title="bbox 1845 1595 3424 1665">
     <span class='ocr_line' id='line_1_31' title="bbox 1845 1595 3424 1665; baseline -0.003 -12"><span class='ocrx_word' id='word_1_213' title='bbox 1845 1599 2087 1653; x_wconf 86' lang='lat' dir='ltr'><strong>nnntiari</strong></span> <span class='ocrx_word' id='word_1_214' title='bbox 2118 1595 2485 1651; x_wconf 86' lang='lat' dir='ltr'><strong>obedientiam</strong></span> <span class='ocrx_word' id='word_1_215' title='bbox 2516 1605 2679 1665; x_wconf 88' lang='lat' dir='ltr'><strong>atque</strong></span> <span class='ocrx_word' id='word_1_216' title='bbox 2710 1596 3055 1665; x_wconf 80' lang='lat' dir='ltr'><strong>obsequium,</strong></span> <span class='ocrx_word' id='word_1_217' title='bbox 3084 1596 3228 1665; x_wconf 91' lang='lat' dir='ltr'><strong>quod</strong></span> <span class='ocrx_word' id='word_1_218' title='bbox 3261 1610 3424 1650; x_wconf 82' lang='lat' dir='ltr'><strong>evan-</strong></span> 
     </span>
    </p>
   </div>
   <div class='ocr_carea' id='block_1_32' title="bbox 1847 1684 3425 1756">
    <p class='ocr_par' dir='ltr' id='par_1_32' title="bbox 1847 1684 3425 1756">
     <span class='ocr_line' id='line_1_32' title="bbox 1847 1684 3425 1756; baseline -0.003 -14"><span class='ocrx_word' id='word_1_219' title='bbox 1847 1688 2031 1756; x_wconf 72' lang='lat' dir='ltr'><strong>gelicae</strong></span> <span class='ocrx_word' id='word_1_220' title='bbox 2058 1684 2430 1755; x_wconf 63' lang='lat' dir='ltr'><strong>pradicationi</strong></span> <span class='ocrx_word' id='word_1_221' title='bbox 2465 1684 2776 1738; x_wconf 80' lang='lat' dir='ltr'><strong>exhibitura</strong></span> <span class='ocrx_word' id='word_1_222' title='bbox 2800 1693 2920 1737; x_wconf 89' lang='lat' dir='ltr'><strong>erat</strong></span> <span class='ocrx_word' id='word_1_223' title='bbox 2950 1685 3152 1747; x_wconf 88' lang='lat' dir='ltr'><strong>omnis,</strong></span> <span class='ocrx_word' id='word_1_224' title='bbox 3180 1700 3300 1752; x_wconf 61' lang='lat' dir='ltr'><strong>qua</strong></span> <span class='ocrx_word' id='word_1_225' title='bbox 3324 1684 3425 1739; x_wconf 89' lang='lat' dir='ltr'><strong>sub</strong></span> 
     </span>
    </p>
   </div>
   <div class='ocr_carea' id='block_1_33' title="bbox 1847 1774 3425 1846">
    <p class='ocr_par' dir='ltr' id='par_1_33' title="bbox 1847 1774 3425 1846">
     <span class='ocr_line' id='line_1_33' title="bbox 1847 1774 3425 1846; baseline -0.004 -11"><span class='ocrx_word' id='word_1_226' title='bbox 1847 1780 1989 1835; x_wconf 68' lang='lat' dir='ltr'><strong>caelo</strong></span> <span class='ocrx_word' id='word_1_227' title='bbox 2023 1789 2129 1845; x_wconf 90' lang='lat' dir='ltr'><strong>est,</strong></span> <span class='ocrx_word' id='word_1_228' title='bbox 2160 1790 2347 1835; x_wconf 88' lang='lat' dir='ltr'><strong>sancta</strong></span> <span class='ocrx_word' id='word_1_229' title='bbox 2379 1779 2474 1833; x_wconf 89' lang='lat' dir='ltr'><strong>Dei</strong></span> <span class='ocrx_word' id='word_1_230' title='bbox 2506 1776 2776 1832; x_wconf 88' lang='lat' dir='ltr'><strong>catholica</strong></span> <span class='ocrx_word' id='word_1_231' title='bbox 2824 1774 2990 1846; x_wconf 65' lang='lat'><strong>256</strong></span> <span class='ocrx_word' id='word_1_232' title='bbox 3031 1784 3085 1829; x_wconf 89' lang='lat' dir='ltr'><strong>et</strong></span> <span class='ocrx_word' id='word_1_233' title='bbox 3129 1776 3425 1844; x_wconf 85' lang='lat' dir='ltr'><strong>apostolica</strong></span> 
     </span>
    </p>
   </div>
   <div class='ocr_carea' id='block_1_34' title="bbox 155 1867 1743 1944">
    <p class='ocr_par' dir='ltr' id='par_1_34' title="bbox 155 1867 1740 1944">
     <span class='ocr_line' id='line_1_34' title="bbox 155 1867 1740 1944; baseline 0.002 -23"><span class='ocrx_word' id='word_1_234' title='bbox 155 1867 343 1936; x_wconf 73' lang='grc' dir='ltr'>μέντοι</span> <span class='ocrx_word' id='word_1_235' title='bbox 374 1869 537 1937; x_wconf 80' lang='grc' dir='ltr'>σοφὸς</span> <span class='ocrx_word' id='word_1_236' title='bbox 568 1870 1002 1944; x_wconf 82' lang='grc' dir='ltr'>Ἐκκλ-ησιαστὴς</span> <span class='ocrx_word' id='word_1_237' title='bbox 1032 1873 1336 1944; x_wconf 59' lang='grc' dir='ltr'>ήςηαὺτῆς</span> <span class='ocrx_word' id='word_1_238' title='bbox 1376 1872 1588 1935; x_wconf 68' lang='grc' dir='ltr'>ἑννοίας</span> <span class='ocrx_word' id='word_1_239' title='bbox 1619 1872 1740 1941; x_wconf 81' lang='grc' dir='ltr'><strong>ὲχό·</strong></span> 
     </span>
    </p>
   </div>
   <div class='ocr_carea' id='block_1_35' title="bbox 1845 1867 3427 1944">
    <p class='ocr_par' dir='ltr' id='par_1_35' title="bbox 1847 1868 3427 1941">
     <span class='ocr_line' id='line_1_35' title="bbox 1847 1868 3427 1941; baseline -0.001 -16"><span class='ocrx_word' id='word_1_240' title='bbox 1847 1871 2115 1926; x_wconf 85' lang='lat' dir='ltr'><strong>Ecclesia.</strong></span> <span class='ocrx_word' id='word_1_241' title='bbox 2150 1872 2316 1927; x_wconf 86' lang='lat' dir='ltr'><strong>Certe</strong></span> <span class='ocrx_word' id='word_1_242' title='bbox 2344 1872 2562 1941; x_wconf 78' lang='lat' dir='ltr'><strong>sapiens</strong></span> <span class='ocrx_word' id='word_1_243' title='bbox 2598 1868 2960 1925; x_wconf 84' lang='lat' dir='ltr'><strong>Ecclesiastes</strong></span> <span class='ocrx_word' id='word_1_244' title='bbox 2992 1868 3120 1924; x_wconf 86' lang='lat' dir='ltr'><strong>huic</strong></span> <span class='ocrx_word' id='word_1_245' title='bbox 3154 1868 3427 1923; x_wconf 70' lang='lat' dir='ltr'><strong>inhaerens</strong></span> 
     </span>
    </p>
   </div>
   <div class='ocr_carea' id='block_1_36' title="bbox 153 1960 931 2035">
    <p class='ocr_par' dir='ltr' id='par_1_36' title="bbox 153 1960 931 2035">
     <span class='ocr_line' id='line_1_36' title="bbox 153 1960 931 2035; baseline 0.008 -23"><span class='ocrx_word' id='word_1_246' title='bbox 153 1967 319 2030; x_wconf 67' lang='grc' dir='ltr'>μενος</span> <span class='ocrx_word' id='word_1_247' title='bbox 350 1960 600 2031; x_wconf 75' lang='grc' dir='ltr'>ἐπήγαγε</span> <span class='ocrx_word' id='word_1_248' title='bbox 629 1963 727 2016; x_wconf 87' lang='grc' dir='ltr'><strong>καί</strong></span> <span class='ocrx_word' id='word_1_249' title='bbox 759 1982 893 2035; x_wconf 77' lang='grc' dir='ltr'>φησι</span> <span class='ocrx_word' id='word_1_250' title='bbox 916 1981 931 1997; x_wconf 88' lang='grc'><strong>·</strong></span> 
     </span>
    </p>
   </div>
   <div class='ocr_carea' id='block_1_37' title="bbox 1847 1960 2684 2030">
    <p class='ocr_par' dir='ltr' id='par_1_37' title="bbox 1847 1960 2684 2030">
     <span class='ocr_line' id='line_1_37' title="bbox 1847 1960 2684 2030; baseline -0.001 -17"><span class='ocrx_word' id='word_1_251' title='bbox 1847 1961 2133 2015; x_wconf 71' lang='lat' dir='ltr'><strong>sententia:</strong></span> <span class='ocrx_word' id='word_1_252' title='bbox 2163 1961 2362 2030; x_wconf 87' lang='lat' dir='ltr'><strong>adjecit</strong></span> <span class='ocrx_word' id='word_1_253' title='bbox 2396 1960 2643 2029; x_wconf 76' lang='lat' dir='ltr'><strong>dixitque</strong></span> <span class='ocrx_word' id='word_1_254' title='bbox 2670 1976 2684 2012; x_wconf 90' lang='lat'><strong>:</strong></span> 
     </span>
    </p>
   </div>
   <div class='ocr_carea' id='block_1_38' title="bbox 1655 2067 1908 2146">
    <p class='ocr_par' dir='ltr' id='par_1_38' title="bbox 1655 2067 1908 2146">
     <span class='ocr_line' id='line_1_38' title="bbox 1655 2067 1908 2146; baseline -0.008 -20"><span class='ocrx_word' id='word_1_255' title='bbox 1655 2074 1683 2146; x_wconf 63' lang='grc' dir='ltr'><strong>ς</strong></span> <span class='ocrx_word' id='word_1_256' title='bbox 1715 2067 1908 2126; x_wconf 79' lang='lat' dir='ltr'><strong>xvm.</strong></span> 
     </span>
    </p>
   </div>
   <div class='ocr_carea' id='block_1_39' title="bbox 228 2187 1739 2257">
    <p class='ocr_par' dir='ltr' id='par_1_39' title="bbox 228 2187 1739 2257">
     <span class='ocr_line' id='line_1_39' title="bbox 228 2187 1739 2257; baseline -0.001 -13"><span class='ocrx_word' id='word_1_257' title='bbox 228 2190 334 2244; x_wconf 76' lang='grc' dir='ltr'><strong>Καὶ</strong></span> <span class='ocrx_word' id='word_1_258' title='bbox 357 2192 427 2245; x_wconf 73' lang='grc' dir='ltr'><strong>ἐν</strong></span> <span class='ocrx_word' id='word_1_259' title='bbox 446 2188 799 2254; x_wconf 77' lang='grc' dir='ltr'><strong>συνειδήσει</strong></span> <span class='ocrx_word' id='word_1_260' title='bbox 848 2203 966 2242; x_wconf 85' lang='grc' dir='ltr'><strong>σου</strong></span> <span class='ocrx_word' id='word_1_261' title='bbox 987 2190 1256 2254; x_wconf 70' lang='grc' dir='ltr'>βασιλέα</span> <span class='ocrx_word' id='word_1_262' title='bbox 1278 2187 1363 2257; x_wconf 75' lang='grc' dir='ltr'>μὴ</span> <span class='ocrx_word' id='word_1_263' title='bbox 1395 2188 1739 2257; x_wconf 70' lang='grc' dir='ltr'>καταράσῃο</span> 
     </span>
    </p>
   </div>
   <div class='ocr_carea' id='block_1_40' title="bbox 156 2278 1743 2351">
    <p class='ocr_par' dir='ltr' id='par_1_40' title="bbox 156 2278 1743 2351">
     <span class='ocr_line' id='line_1_40' title="bbox 156 2278 1743 2351; baseline -0.001 -17"><span class='ocrx_word' id='word_1_264' title='bbox 156 2282 258 2334; x_wconf 75' lang='grc' dir='ltr'><strong>καί</strong></span> <span class='ocrx_word' id='word_1_265' title='bbox 285 2298 350 2351; x_wconf 78' lang='grc' dir='ltr'>τε</span> <span class='ocrx_word' id='word_1_266' title='bbox 382 2283 455 2336; x_wconf 75' lang='grc' dir='ltr'><strong>ἐν</strong></span> <span class='ocrx_word' id='word_1_267' title='bbox 482 2282 745 2350; x_wconf 71' lang='grc' dir='ltr'>ταμείοις</span> <span class='ocrx_word' id='word_1_268' title='bbox 771 2279 1071 2333; x_wconf 79' lang='grc' dir='ltr'>κοιτὼνων</span> <span class='ocrx_word' id='word_1_269' title='bbox 1128 2294 1245 2333; x_wconf 84' lang='grc' dir='ltr'><strong>σου</strong></span> <span class='ocrx_word' id='word_1_270' title='bbox 1296 2279 1383 2348; x_wconf 76' lang='grc' dir='ltr'>μὴ</span> <span class='ocrx_word' id='word_1_271' title='bbox 1434 2278 1743 2349; x_wconf 81' lang='grc' dir='ltr'>καταρὰσῃ</span> 
     </span>
    </p>
   </div>
   <div class='ocr_carea' id='block_1_41' title="bbox 156 2370 1745 2437">
    <p class='ocr_par' dir='ltr' id='par_1_41' title="bbox 156 2370 1745 2437">
     <span class='ocr_line' id='line_1_41' title="bbox 156 2370 1745 2437; baseline -0.001 -12"><span class='ocrx_word' id='word_1_272' title='bbox 156 2373 459 2427; x_wconf 69' lang='grc' dir='ltr'>πλούσιον</span> <span class='ocrx_word' id='word_1_273' title='bbox 479 2390 491 2401; x_wconf 91' lang='grc'><strong>·</strong></span> <span class='ocrx_word' id='word_1_274' title='bbox 528 2372 620 2424; x_wconf 85' lang='grc' dir='ltr'>ὅτι</span> <span class='ocrx_word' id='word_1_275' title='bbox 654 2370 931 2424; x_wconf 78' lang='grc' dir='ltr'>πετεινόν</span> <span class='ocrx_word' id='word_1_276' title='bbox 952 2370 1057 2424; x_wconf 84' lang='grc' dir='ltr'>τοῦ</span> <span class='ocrx_word' id='word_1_277' title='bbox 1089 2371 1350 2437; x_wconf 80' lang='grc' dir='ltr'>οὐρανοῦ</span> <span class='ocrx_word' id='word_1_278' title='bbox 1369 2372 1606 2425; x_wconf 77' lang='grc' dir='ltr'><strong>ἀποίσει</strong></span> <span class='ocrx_word' id='word_1_279' title='bbox 1631 2370 1745 2437; x_wconf 79' lang='grc' dir='ltr'><strong>τὴν</strong></span> 
     </span>
    </p>
   </div>
   <div class='ocr_carea' id='block_1_42' title="bbox 155 2461 1752 2533">
    <p class='ocr_par' dir='ltr' id='par_1_42' title="bbox 155 2461 1752 2533">
     <span class='ocr_line' id='line_1_42' title="bbox 155 2461 1752 2533; baseline -0.002 -15"><span class='ocrx_word' id='word_1_280' title='bbox 155 2461 366 2533; x_wconf 75' lang='grc' dir='ltr'><em>φωνήν</em></span> <span class='ocrx_word' id='word_1_281' title='bbox 393 2480 532 2529; x_wconf 87' lang='grc' dir='ltr'>σου,</span> <span class='ocrx_word' id='word_1_282' title='bbox 562 2462 659 2516; x_wconf 68' lang='grc' dir='ltr'><strong>καί</strong></span> <span class='ocrx_word' id='word_1_283' title='bbox 685 2466 718 2517; x_wconf 85' lang='grc' dir='ltr'><strong>ό</strong></span> <span class='ocrx_word' id='word_1_284' title='bbox 747 2464 854 2529; x_wconf 77' lang='grc' dir='ltr'>τὰς</span> <span class='ocrx_word' id='word_1_285' title='bbox 883 2461 1185 2533; x_wconf 74' lang='grc' dir='ltr'>πτέρυγας</span> <span class='ocrx_word' id='word_1_286' title='bbox 1215 2462 1374 2532; x_wconf 76' lang='grc' dir='ltr'><strong>ἔχων</strong></span> <span class='ocrx_word' id='word_1_287' title='bbox 1423 2462 1752 2533; x_wconf 63' lang='grc' dir='ltr'>ἀπαγγελεῖ</span> 
     </span>
    </p>
   </div>
   <div class='ocr_carea' id='block_1_43' title="bbox 152 2554 546 2624">
    <p class='ocr_par' dir='ltr' id='par_1_43' title="bbox 152 2554 546 2624">
     <span class='ocr_line' id='line_1_43' title="bbox 152 2554 546 2624; baseline -0.003 -16"><span class='ocrx_word' id='word_1_288' title='bbox 152 2554 378 2624; x_wconf 64' lang='grc' dir='ltr'>,λόγους</span> <span class='ocrx_word' id='word_1_289' title='bbox 409 2571 546 2608; x_wconf 88' lang='grc' dir='ltr'>σου.</span> 
     </span>
    </p>
   </div>
   <div class='ocr_carea' id='block_1_44' title="bbox 229 2640 1747 2714">
    <p class='ocr_par' dir='ltr' id='par_1_44' title="bbox 229 2640 1747 2714">
     <span class='ocr_line' id='line_1_44' title="bbox 229 2640 1747 2714; baseline -0.001 -17"><span class='ocrx_word' id='word_1_290' title='bbox 229 2644 424 2713; x_wconf 84' lang='grc' dir='ltr'>Διττὴν</span> <span class='ocrx_word' id='word_1_291' title='bbox 447 2643 567 2713; x_wconf 66' lang='grc' dir='ltr'>ἕχει</span> <span class='ocrx_word' id='word_1_292' title='bbox 616 2642 711 2695; x_wconf 71' lang='grc' dir='ltr'>καὶ</span> <span class='ocrx_word' id='word_1_293' title='bbox 743 2640 901 2694; x_wconf 82' lang='grc' dir='ltr'>τοῦτο</span> <span class='ocrx_word' id='word_1_294' title='bbox 945 2640 1044 2711; x_wconf 78' lang='grc' dir='ltr'>τὴν</span> <span class='ocrx_word' id='word_1_295' title='bbox 1093 2640 1443 2712; x_wconf 82' lang='grc' dir='ltr'>διασάφησιν,</span> <span class='ocrx_word' id='word_1_296' title='bbox 1481 2640 1747 2714; x_wconf 77' lang='grc' dir='ltr'>αἰσθητὴν</span> 
     </span>
    </p>
   </div>
   <div class='ocr_carea' id='block_1_45' title="bbox 152 2728 1747 2802">
    <p class='ocr_par' dir='ltr' id='par_1_45' title="bbox 152 2728 1747 2802">
     <span class='ocr_line' id='line_1_45' title="bbox 152 2728 1747 2802; baseline -0.003 -17"><span class='ocrx_word' id='word_1_297' title='bbox 152 2731 399 2802; x_wconf 78' lang='grc' dir='ltr'>δηλονότι</span> <span class='ocrx_word' id='word_1_298' title='bbox 458 2728 558 2783; x_wconf 66' lang='grc' dir='ltr'>καὶ</span> <span class='ocrx_word' id='word_1_299' title='bbox 580 2732 778 2801; x_wconf 82' lang='grc' dir='ltr'>νοητήν</span> <span class='ocrx_word' id='word_1_300' title='bbox 800 2746 814 2760; x_wconf 77' lang='grc'><strong>⁸</strong></span> <span class='ocrx_word' id='word_1_301' title='bbox 857 2728 1232 2800; x_wconf 77' lang='grc' dir='ltr'>παραγγέλλει</span> <span class='ocrx_word' id='word_1_302' title='bbox 1264 2730 1373 2800; x_wconf 76' lang='grc' dir='ltr'><strong>γὰρ</strong></span> <span class='ocrx_word' id='word_1_303' title='bbox 1406 2730 1502 2783; x_wconf 69' lang='grc' dir='ltr'>καὶ</span> <span class='ocrx_word' id='word_1_304' title='bbox 1546 2748 1747 2799; x_wconf 73' lang='grc' dir='ltr'>παρῖγ-</span> 
     </span>
    </p>
   </div>
   <div class='ocr_carea' id='block_1_46' title="bbox 153 2816 1747 2891">
    <p class='ocr_par' dir='ltr' id='par_1_46' title="bbox 153 2816 1747 2891">
     <span class='ocr_line' id='line_1_46' title="bbox 153 2816 1747 2891; baseline -0.003 -17"><span class='ocrx_word' id='word_1_305' title='bbox 153 2824 357 2889; x_wconf 77' lang='grc' dir='ltr'>γοᾶται</span> <span class='ocrx_word' id='word_1_306' title='bbox 417 2819 684 2891; x_wconf 81' lang='grc' dir='ltr'><strong>μηδαμῶς</strong></span> <span class='ocrx_word' id='word_1_307' title='bbox 734 2820 1080 2887; x_wconf 79' lang='grc' dir='ltr'>καταρᾶσθαι</span> <span class='ocrx_word' id='word_1_308' title='bbox 1115 2816 1532 2888; x_wconf 74' lang='grc' dir='ltr'>καθοιονδήποτε</span> <span class='ocrx_word' id='word_1_309' title='bbox 1556 2818 1747 2888; x_wconf 73' lang='grc' dir='ltr'>καιρὸν</span> 
     </span>
    </p>
   </div>
   <div class='ocr_carea' id='block_1_47' title="bbox 150 2908 1747 2982">
    <p class='ocr_par' dir='ltr' id='par_1_47' title="bbox 150 2908 1747 2982">
     <span class='ocr_line' id='line_1_47' title="bbox 150 2908 1747 2982; baseline -0.001 -19"><span class='ocrx_word' id='word_1_310' title='bbox 150 2912 196 2980; x_wconf 76' lang='grc' dir='ltr'><strong>ἢ</strong></span> <span class='ocrx_word' id='word_1_311' title='bbox 222 2911 439 2981; x_wconf 86' lang='grc' dir='ltr'>τρόπον,</span> <span class='ocrx_word' id='word_1_312' title='bbox 469 2912 589 2982; x_wconf 68' lang='grc' dir='ltr'>ἤτοι</span> <span class='ocrx_word' id='word_1_313' title='bbox 612 2908 1060 2979; x_wconf 80' lang='grc' dir='ltr'>διαλοιδορεϊσθαι</span> <span class='ocrx_word' id='word_1_314' title='bbox 1082 2908 1177 2961; x_wconf 86' lang='grc' dir='ltr'>καὶ</span> <span class='ocrx_word' id='word_1_315' title='bbox 1209 2909 1628 2963; x_wconf 84' lang='grc' dir='ltr'>κατασκώπτειν</span> <span class='ocrx_word' id='word_1_316' title='bbox 1655 2910 1747 2962; x_wconf 87' lang='grc' dir='ltr'>τδν</span> 
     </span>
    </p>
   </div>
   <div class='ocr_carea' id='block_1_48' title="bbox 146 2986 1749 3073">
    <p class='ocr_par' dir='ltr' id='par_1_48' title="bbox 146 2986 1749 3073">
     <span class='ocr_line' id='line_1_48' title="bbox 146 2986 1749 3073; baseline -0.001 -19"><span class='ocrx_word' id='word_1_317' title='bbox 146 2986 389 3073; x_wconf 53' lang='grc' dir='ltr'>λἀχόντα</span> <span class='ocrx_word' id='word_1_318' title='bbox 424 3001 729 3071; x_wconf 77' lang='grc' dir='ltr'>βασιλεύειν</span> <span class='ocrx_word' id='word_1_319' title='bbox 770 3000 861 3052; x_wconf 74' lang='grc' dir='ltr'><strong>ἐπὶ</strong></span> <span class='ocrx_word' id='word_1_320' title='bbox 889 3000 988 3069; x_wconf 79' lang='grc' dir='ltr'>τῆς</span> <span class='ocrx_word' id='word_1_321' title='bbox 1036 3001 1158 3068; x_wconf 86' lang='grc' dir='ltr'>γῆς,</span> <span class='ocrx_word' id='word_1_322' title='bbox 1195 3002 1331 3069; x_wconf 87' lang='grc' dir='ltr'>μήτε</span> <span class='ocrx_word' id='word_1_323' title='bbox 1362 3001 1468 3071; x_wconf 86' lang='grc' dir='ltr'>μὴν</span> <span class='ocrx_word' id='word_1_324' title='bbox 1506 3001 1749 3069; x_wconf 71' lang='grc' dir='ltr'>ἄρχοντά</span> 
     </span>
    </p>
   </div>
   <div class='ocr_carea' id='block_1_49' title="bbox 149 3084 1749 3162">
    <p class='ocr_par' dir='ltr' id='par_1_49' title="bbox 149 3084 1749 3162">
     <span class='ocr_line' id='line_1_49' title="bbox 149 3084 1749 3162; baseline 0 -17"><span class='ocrx_word' id='word_1_325' title='bbox 149 3111 281 3146; x_wconf 83' lang='grc' dir='ltr'>τινα</span> <span class='ocrx_word' id='word_1_326' title='bbox 316 3097 406 3146; x_wconf 75' lang='grc' dir='ltr'>καὶ</span> <span class='ocrx_word' id='word_1_327' title='bbox 434 3093 732 3161; x_wconf 83' lang='grc' dir='ltr'>δυνάστην·</span> <span class='ocrx_word' id='word_1_328' title='bbox 769 3084 962 3144; x_wconf 71' lang='grc' dir='ltr'>τοῦτον</span> <span class='ocrx_word' id='word_1_329' title='bbox 1002 3093 1114 3161; x_wconf 82' lang='grc' dir='ltr'><strong>γὰρ</strong></span> <span class='ocrx_word' id='word_1_330' title='bbox 1143 3092 1375 3162; x_wconf 68' lang='grc' dir='ltr'>ἐδήλωσε</span> <span class='ocrx_word' id='word_1_331' title='bbox 1406 3091 1493 3144; x_wconf 83' lang='grc' dir='ltr'>διὰ</span> <span class='ocrx_word' id='word_1_332' title='bbox 1520 3090 1613 3144; x_wconf 83' lang='grc' dir='ltr'>τοῦ</span> <span class='ocrx_word' id='word_1_333' title='bbox 1654 3093 1749 3159; x_wconf 74' lang='grc' dir='ltr'><strong>φά·</strong></span> 
     </span>
    </p>
   </div>
   <div class='ocr_carea' id='block_1_50' title="bbox 149 3180 1746 3254">
    <p class='ocr_par' dir='ltr' id='par_1_50' title="bbox 149 3180 1746 3254">
     <span class='ocr_line' id='line_1_50' title="bbox 149 3180 1746 3254; baseline -0.002 -17"><span class='ocrx_word' id='word_1_334' title='bbox 149 3195 270 3247; x_wconf 72' lang='grc' dir='ltr'>ναι,</span> <span class='ocrx_word' id='word_1_335' title='bbox 300 3204 318 3236; x_wconf 84' lang='grc' dir='ltr'><strong>ι</strong></span> <span class='ocrx_word' id='word_1_336' title='bbox 350 3184 445 3237; x_wconf 77' lang='grc' dir='ltr'><strong>καὶ</strong></span> <span class='ocrx_word' id='word_1_337' title='bbox 474 3184 548 3254; x_wconf 85' lang='grc' dir='ltr'>μὴ</span> <span class='ocrx_word' id='word_1_338' title='bbox 571 3184 859 3253; x_wconf 82' lang='grc' dir='ltr'>καταράσῃ</span> <span class='ocrx_word' id='word_1_339' title='bbox 885 3180 1177 3235; x_wconf 79' lang='grc' dir='ltr'>πλούσιονο</span> <span class='ocrx_word' id='word_1_340' title='bbox 1217 3201 1236 3233; x_wconf 73' lang='grc' dir='ltr'>ι</span> <span class='ocrx_word' id='word_1_341' title='bbox 1271 3182 1358 3235; x_wconf 82' lang='grc' dir='ltr'><strong>ἴνα</strong></span> <span class='ocrx_word' id='word_1_342' title='bbox 1387 3182 1463 3251; x_wconf 81' lang='grc' dir='ltr'>μὴ</span> <span class='ocrx_word' id='word_1_343' title='bbox 1488 3181 1746 3250; x_wconf 88' lang='grc' dir='ltr'>πειθόμε-</span> 
     </span>
    </p>
   </div>
   <div class='ocr_carea' id='block_1_51' title="bbox 150 3271 1744 3344">
    <p class='ocr_par' dir='ltr' id='par_1_51' title="bbox 150 3271 1744 3344">
     <span class='ocr_line' id='line_1_51' title="bbox 150 3271 1744 3344; baseline -0.003 -15"><span class='ocrx_word' id='word_1_344' title='bbox 150 3292 248 3338; x_wconf 79' lang='grc' dir='ltr'><strong>νος</strong></span> <span class='ocrx_word' id='word_1_345' title='bbox 274 3274 524 3329; x_wconf 74' lang='grc' dir='ltr'>ὁπωσοῦν</span> <span class='ocrx_word' id='word_1_346' title='bbox 546 3276 645 3337; x_wconf 81' lang='grc' dir='ltr'>τὰς</span> <span class='ocrx_word' id='word_1_347' title='bbox 669 3275 768 3341; x_wconf 82' lang='grc' dir='ltr'>τῆς</span> <span class='ocrx_word' id='word_1_348' title='bbox 798 3271 1254 3344; x_wconf 81' lang='grc' dir='ltr'>κακορροθήσεως</span> <span class='ocrx_word' id='word_1_349' title='bbox 1291 3272 1651 3343; x_wconf 80' lang='grc' dir='ltr'>εἰσπράξηταί</span> <span class='ocrx_word' id='word_1_350' title='bbox 1683 3289 1744 3325; x_wconf 89' lang='grc' dir='ltr'><strong>σε</strong></span> 
     </span>
    </p>
   </div>
   <div class='ocr_carea' id='block_1_52' title="bbox 144 3360 1749 3436">
    <p class='ocr_par' dir='ltr' id='par_1_52' title="bbox 144 3360 1749 3436">
     <span class='ocr_line' id='line_1_52' title="bbox 144 3360 1749 3436; baseline -0.001 -17"><span class='ocrx_word' id='word_1_351' title='bbox 144 3366 337 3430; x_wconf 86' lang='grc' dir='ltr'>δίκας,</span> <span class='ocrx_word' id='word_1_352' title='bbox 372 3366 469 3419; x_wconf 81' lang='grc' dir='ltr'>καὶ</span> <span class='ocrx_word' id='word_1_353' title='bbox 502 3365 745 3436; x_wconf 81' lang='grc' dir='ltr'>χαλεπὰς</span> <span class='ocrx_word' id='word_1_354' title='bbox 777 3365 1022 3427; x_wconf 83' lang='grc' dir='ltr'>ὑποίσεις</span> <span class='ocrx_word' id='word_1_355' title='bbox 1051 3360 1305 3427; x_wconf 82' lang='grc' dir='ltr'>κολάσεις</span> <span class='ocrx_word' id='word_1_356' title='bbox 1331 3364 1426 3417; x_wconf 75' lang='grc' dir='ltr'><strong>ἐπὶ</strong></span> <span class='ocrx_word' id='word_1_357' title='bbox 1451 3367 1516 3435; x_wconf 80' lang='grc' dir='ltr'>τῇ</span> <span class='ocrx_word' id='word_1_358' title='bbox 1548 3381 1749 3433; x_wconf 85' lang='grc' dir='ltr'>προπε·</span> 
     </span>
    </p>
   </div>
   <div class='ocr_carea' id='block_1_53' title="bbox 1912 2181 3428 2257">
    <p class='ocr_par' dir='ltr' id='par_1_53' title="bbox 1912 2181 3428 2257">
     <span class='ocr_line' id='line_1_53' title="bbox 1912 2181 3428 2257; baseline 0.006 -22"><span class='ocrx_word' id='word_1_359' title='bbox 1912 2181 2085 2238; x_wconf 73' lang='lat' dir='ltr'><strong>Vens.</strong></span> <span class='ocrx_word' id='word_1_360' title='bbox 2132 2182 2223 2237; x_wconf 77' lang='lat'><strong>20.</strong></span> <span class='ocrx_word' id='word_1_361' title='bbox 2270 2183 2338 2238; x_wconf 84' lang='lat' dir='ltr'><strong>Et</strong></span> <span class='ocrx_word' id='word_1_362' title='bbox 2386 2184 2440 2238; x_wconf 83' lang='lat' dir='ltr'><strong>in</strong></span> <span class='ocrx_word' id='word_1_363' title='bbox 2487 2187 2810 2240; x_wconf 76' lang='lat' dir='ltr'><strong>conscientia</strong></span> <span class='ocrx_word' id='word_1_364' title='bbox 2865 2196 2959 2241; x_wconf 83' lang='lat' dir='ltr'><strong>tua</strong></span> <span class='ocrx_word' id='word_1_365' title='bbox 3004 2188 3112 2257; x_wconf 76' lang='lat' dir='ltr'><strong>regi</strong></span> <span class='ocrx_word' id='word_1_366' title='bbox 3159 2204 3222 2242; x_wconf 79' lang='lat' dir='ltr'><strong>ne</strong></span> <span class='ocrx_word' id='word_1_367' title='bbox 3263 2188 3428 2244; x_wconf 59' lang='lat' dir='ltr'><strong>male-</strong></span> 
     </span>
    </p>
   </div>
   <div class='ocr_carea' id='block_1_54' title="bbox 1844 2274 3425 2346">
    <p class='ocr_par' dir='ltr' id='par_1_54' title="bbox 1844 2274 3425 2346">
     <span class='ocr_line' id='line_1_54' title="bbox 1844 2274 3425 2346; baseline 0.004 -18"><span class='ocrx_word' id='word_1_368' title='bbox 1844 2275 2067 2330; x_wconf 66' lang='lat' dir='ltr'><strong>diaria.</strong></span> <span class='ocrx_word' id='word_1_369' title='bbox 2099 2274 2167 2328; x_wconf 72' lang='lat' dir='ltr'><strong>Et</strong></span> <span class='ocrx_word' id='word_1_370' title='bbox 2198 2277 2253 2329; x_wconf 89' lang='lat' dir='ltr'><strong>in</strong></span> <span class='ocrx_word' id='word_1_371' title='bbox 2276 2278 2638 2346; x_wconf 71' lang='lat' dir='ltr'><strong>penetralibus</strong></span> <span class='ocrx_word' id='word_1_372' title='bbox 2672 2279 2926 2332; x_wconf 77' lang='lat' dir='ltr'><strong>cubilium</strong></span> <span class='ocrx_word' id='word_1_373' title='bbox 2961 2289 3173 2333; x_wconf 77' lang='lat' dir='ltr'><strong>tuorum</strong></span> <span class='ocrx_word' id='word_1_374' title='bbox 3217 2297 3279 2335; x_wconf 82' lang='lat' dir='ltr'><strong>ne</strong></span> <span class='ocrx_word' id='word_1_375' title='bbox 3306 2299 3425 2335; x_wconf 87' lang='lat' dir='ltr'><strong>ma—</strong></span> 
     </span>
    </p>
   </div>
   <div class='ocr_carea' id='block_1_55' title="bbox 1844 2368 3427 2440">
    <p class='ocr_par' dir='ltr' id='par_1_55' title="bbox 1844 2368 3427 2440">
     <span class='ocr_line' id='line_1_55' title="bbox 1844 2368 3427 2440; baseline 0.006 -21"><span class='ocrx_word' id='word_1_376' title='bbox 1844 2368 2095 2421; x_wconf 72' lang='lat' dir='ltr'><strong>ledixeris</strong></span> <span class='ocrx_word' id='word_1_377' title='bbox 2150 2371 2306 2421; x_wconf 82' lang='lat' dir='ltr'><strong>diviti</strong></span> <span class='ocrx_word' id='word_1_378' title='bbox 2347 2384 2365 2422; x_wconf 91' lang='lat'><strong><em>:</em></strong></span> <span class='ocrx_word' id='word_1_379' title='bbox 2413 2371 2539 2439; x_wconf 85' lang='lat' dir='ltr'><strong>quia</strong></span> <span class='ocrx_word' id='word_1_380' title='bbox 2592 2372 2819 2425; x_wconf 72' lang='lat' dir='ltr'><strong>volucris</strong></span> <span class='ocrx_word' id='word_1_381' title='bbox 2863 2373 2978 2425; x_wconf 73' lang='lat' dir='ltr'><strong>caeli</strong></span> <span class='ocrx_word' id='word_1_382' title='bbox 3021 2373 3199 2440; x_wconf 76' lang='lat' dir='ltr'><strong>e/feret</strong></span> <span class='ocrx_word' id='word_1_383' title='bbox 3252 2390 3427 2428; x_wconf 75' lang='lat' dir='ltr'><strong>vocem</strong></span> 
     </span>
    </p>
   </div>
   <div class='ocr_carea' id='block_1_56' title="bbox 1846 2456 3423 2535">
    <p class='ocr_par' dir='ltr' id='par_1_56' title="bbox 1846 2456 3423 2535">
     <span class='ocr_line' id='line_1_56' title="bbox 1846 2456 3423 2535; baseline 0.008 -28"><span class='ocrx_word' id='word_1_384' title='bbox 1846 2464 2025 2521; x_wconf 82' lang='lat' dir='ltr'><strong>tuam,</strong></span> <span class='ocrx_word' id='word_1_385' title='bbox 2066 2466 2116 2509; x_wconf 87' lang='lat' dir='ltr'><strong>et</strong></span> <span class='ocrx_word' id='word_1_386' title='bbox 2158 2456 2352 2512; x_wconf 69' lang='lat' dir='ltr'><strong>habent</strong></span> <span class='ocrx_word' id='word_1_387' title='bbox 2387 2474 2586 2527; x_wconf 77' lang='lat' dir='ltr'><strong>pennas</strong></span> <span class='ocrx_word' id='word_1_388' title='bbox 2633 2462 2957 2514; x_wconf 82' lang='lat' dir='ltr'><strong>renuntiabit</strong></span> <span class='ocrx_word' id='word_1_389' title='bbox 2985 2463 3138 2516; x_wconf 78' lang='lat' dir='ltr'><strong>verba</strong></span> <span class='ocrx_word' id='word_1_390' title='bbox 3169 2474 3259 2517; x_wconf 85' lang='lat' dir='ltr'><strong>tua</strong></span> <span class='ocrx_word' id='word_1_391' title='bbox 3290 2464 3423 2535; x_wconf 70' lang='grc'><strong>(94).</strong></span> 
     </span>
    </p>
   </div>
   <div class='ocr_carea' id='block_1_57' title="bbox 1918 2633 3427 2710">
    <p class='ocr_par' dir='ltr' id='par_1_57' title="bbox 1918 2633 3427 2710">
     <span class='ocr_line' id='line_1_57' title="bbox 1918 2633 3427 2710; baseline 0.008 -23"><span class='ocrx_word' id='word_1_392' title='bbox 1918 2633 2198 2704; x_wconf 90' lang='lat' dir='ltr'><strong>Duplicem</strong></span> <span class='ocrx_word' id='word_1_393' title='bbox 2241 2636 2344 2691; x_wconf 80' lang='lat' dir='ltr'><strong>hoc</strong></span> <span class='ocrx_word' id='word_1_394' title='bbox 2379 2639 2544 2693; x_wconf 89' lang='lat' dir='ltr'><strong>etiam</strong></span> <span class='ocrx_word' id='word_1_395' title='bbox 2587 2639 2749 2695; x_wconf 87' lang='lat' dir='ltr'><strong>habet</strong></span> <span class='ocrx_word' id='word_1_396' title='bbox 2795 2641 3258 2710; x_wconf 70' lang='lat' dir='ltr'><strong>explanationem,</strong></span> <span class='ocrx_word' id='word_1_397' title='bbox 3299 2660 3427 2701; x_wconf 85' lang='lat' dir='ltr'><strong>sen-</strong></span> 
     </span>
    </p>
   </div>
   <div class='ocr_carea' id='block_1_58' title="bbox 1846 2724 3427 2799">
    <p class='ocr_par' dir='ltr' id='par_1_58' title="bbox 1846 2724 3427 2799">
     <span class='ocr_line' id='line_1_58' title="bbox 1846 2724 3427 2799; baseline 0.009 -22"><span class='ocrx_word' id='word_1_398' title='bbox 1846 2724 2061 2780; x_wconf 87' lang='lat' dir='ltr'><strong>sibilem</strong></span> <span class='ocrx_word' id='word_1_399' title='bbox 2111 2742 2305 2797; x_wconf 88' lang='lat' dir='ltr'><strong>nempe</strong></span> <span class='ocrx_word' id='word_1_400' title='bbox 2349 2744 2415 2783; x_wconf 89' lang='lat' dir='ltr'><strong>ac</strong></span> <span class='ocrx_word' id='word_1_401' title='bbox 2466 2724 2789 2799; x_wconf 81' lang='lat' dir='ltr'><strong>spiritalem.</strong></span> <span class='ocrx_word' id='word_1_402' title='bbox 2846 2733 3120 2789; x_wconf 82' lang='lat' dir='ltr'><strong>Admonet</strong></span> <span class='ocrx_word' id='word_1_403' title='bbox 3166 2736 3312 2789; x_wconf 89' lang='lat' dir='ltr'><strong>enim</strong></span> <span class='ocrx_word' id='word_1_404' title='bbox 3362 2751 3427 2792; x_wconf 85' lang='lat' dir='ltr'><strong>ac</strong></span> 
     </span>
    </p>
   </div>
   <div class='ocr_carea' id='block_1_59' title="bbox 1847 2817 3426 2893">
    <p class='ocr_par' dir='ltr' id='par_1_59' title="bbox 1847 2817 3426 2893">
     <span class='ocr_line' id='line_1_59' title="bbox 1847 2817 3426 2893; baseline 0.009 -25"><span class='ocrx_word' id='word_1_405' title='bbox 1847 2817 2092 2879; x_wconf 81' lang='lat' dir='ltr'><strong>mandat,</strong></span> <span class='ocrx_word' id='word_1_406' title='bbox 2128 2831 2195 2871; x_wconf 90' lang='lat' dir='ltr'><strong>ne</strong></span> <span class='ocrx_word' id='word_1_407' title='bbox 2233 2817 2360 2886; x_wconf 88' lang='lat' dir='ltr'><strong>quis</strong></span> <span class='ocrx_word' id='word_1_408' title='bbox 2401 2818 2513 2873; x_wconf 93' lang='lat' dir='ltr'><strong>ullo</strong></span> <span class='ocrx_word' id='word_1_409' title='bbox 2556 2836 2795 2889; x_wconf 87' lang='lat' dir='ltr'><strong>unquam</strong></span> <span class='ocrx_word' id='word_1_410' title='bbox 2839 2830 3083 2893; x_wconf 84' lang='lat' dir='ltr'><strong>tempore</strong></span> <span class='ocrx_word' id='word_1_411' title='bbox 3122 2834 3216 2878; x_wconf 92' lang='lat' dir='ltr'><strong>aut</strong></span> <span class='ocrx_word' id='word_1_412' title='bbox 3262 2827 3426 2882; x_wconf 84' lang='lat' dir='ltr'><strong>modo</strong></span> 
     </span>
    </p>
   </div>
   <div class='ocr_carea' id='block_1_60' title="bbox 1847 2914 3421 2984">
    <p class='ocr_par' dir='ltr' id='par_1_60' title="bbox 1847 2914 3421 2984">
     <span class='ocr_line' id='line_1_60' title="bbox 1847 2914 3421 2984; baseline 0.009 -26"><span class='ocrx_word' id='word_1_413' title='bbox 1847 2915 2165 2961; x_wconf 76' lang='lat' dir='ltr'><strong>exsecretur</strong></span> <span class='ocrx_word' id='word_1_414' title='bbox 2212 2916 2307 2962; x_wconf 90' lang='lat' dir='ltr'><strong>aut</strong></span> <span class='ocrx_word' id='word_1_415' title='bbox 2354 2918 2668 2965; x_wconf 87' lang='lat' dir='ltr'><strong>contemnat</strong></span> <span class='ocrx_word' id='word_1_416' title='bbox 2713 2922 2765 2965; x_wconf 92' lang='lat' dir='ltr'><strong>et</strong></span> <span class='ocrx_word' id='word_1_417' title='bbox 2793 2914 3055 2969; x_wconf 89' lang='lat' dir='ltr'><strong>conviciis</strong></span> <span class='ocrx_word' id='word_1_418' title='bbox 3094 2924 3243 2984; x_wconf 90' lang='lat' dir='ltr'><strong>petat</strong></span> <span class='ocrx_word' id='word_1_419' title='bbox 3273 2916 3421 2972; x_wconf 83' lang='lat' dir='ltr'><strong>illum</strong></span> 
     </span>
    </p>
   </div>
   <div class='ocr_carea' id='block_1_61' title="bbox 1846 2995 3423 3072">
    <p class='ocr_par' dir='ltr' id='par_1_61' title="bbox 1846 2995 3423 3072">
     <span class='ocr_line' id='line_1_61' title="bbox 1846 2995 3423 3072; baseline 0.007 -23"><span class='ocrx_word' id='word_1_420' title='bbox 1846 2995 1934 3049; x_wconf 89' lang='lat' dir='ltr'><strong>cui</strong></span> <span class='ocrx_word' id='word_1_421' title='bbox 1964 3010 2190 3063; x_wconf 76' lang='lat' dir='ltr'><strong>regnum</strong></span> <span class='ocrx_word' id='word_1_422' title='bbox 2221 2997 2480 3067; x_wconf 89' lang='lat' dir='ltr'><strong>obtigerit</strong></span> <span class='ocrx_word' id='word_1_423' title='bbox 2514 3014 2679 3069; x_wconf 85' lang='lat' dir='ltr'><strong>super</strong></span> <span class='ocrx_word' id='word_1_424' title='bbox 2709 3008 2885 3067; x_wconf 87' lang='lat' dir='ltr'><strong>terra,</strong></span> <span class='ocrx_word' id='word_1_425' title='bbox 2914 3016 3014 3056; x_wconf 89' lang='lat' dir='ltr'><strong>nec</strong></span> <span class='ocrx_word' id='word_1_426' title='bbox 3046 3004 3423 3072; x_wconf 84' lang='lat' dir='ltr'><strong>magistratum</strong></span> 
     </span>
    </p>
   </div>
   <div class='ocr_carea' id='block_1_62' title="bbox 1848 3092 3428 3163">
    <p class='ocr_par' dir='ltr' id='par_1_62' title="bbox 1848 3092 3428 3163">
     <span class='ocr_line' id='line_1_62' title="bbox 1848 3092 3428 3163; baseline 0.009 -24"><span class='ocrx_word' id='word_1_427' title='bbox 1848 3102 2177 3157; x_wconf 84' lang='lat' dir='ltr'><strong>quemquam</strong></span> <span class='ocrx_word' id='word_1_428' title='bbox 2201 3096 2298 3143; x_wconf 87' lang='lat' dir='ltr'><strong>aut</strong></span> <span class='ocrx_word' id='word_1_429' title='bbox 2315 3092 2635 3161; x_wconf 82' lang='lat' dir='ltr'><strong>dynastam;</strong></span> <span class='ocrx_word' id='word_1_430' title='bbox 2669 3107 2830 3159; x_wconf 87' lang='lat' dir='ltr'><strong>quem</strong></span> <span class='ocrx_word' id='word_1_431' title='bbox 2858 3092 3182 3163; x_wconf 78' lang='lat' dir='ltr'><strong>signiﬁcavit</strong></span> <span class='ocrx_word' id='word_1_432' title='bbox 3206 3097 3390 3152; x_wconf 86' lang='lat' dir='ltr'><strong>dicens</strong></span> <span class='ocrx_word' id='word_1_433' title='bbox 3408 3114 3428 3154; x_wconf 76' lang='grc' dir='ltr'><strong>ε</strong></span> 
     </span>
    </p>
   </div>
   <div class='ocr_carea' id='block_1_63' title="bbox 1854 3177 3423 3253">
    <p class='ocr_par' dir='ltr' id='par_1_63' title="bbox 1854 3177 3423 3253">
     <span class='ocr_line' id='line_1_63' title="bbox 1854 3177 3423 3253; baseline 0.005 -24"><span class='ocrx_word' id='word_1_434' title='bbox 1854 3196 1873 3229; x_wconf 80' lang='grc' dir='ltr'><strong>ι</strong></span> <span class='ocrx_word' id='word_1_435' title='bbox 1912 3178 1976 3231; x_wconf 86' lang='lat' dir='ltr'><strong>Et</strong></span> <span class='ocrx_word' id='word_1_436' title='bbox 2003 3192 2072 3231; x_wconf 91' lang='lat' dir='ltr'><strong>ne</strong></span> <span class='ocrx_word' id='word_1_437' title='bbox 2108 3177 2457 3234; x_wconf 77' lang='lat' dir='ltr'><strong>maledixeris</strong></span> <span class='ocrx_word' id='word_1_438' title='bbox 2489 3179 2675 3243; x_wconf 75' lang='lat' dir='ltr'><strong>diviti;</strong></span> <span class='ocrx_word' id='word_1_439' title='bbox 2713 3199 2731 3231; x_wconf 85' lang='grc'><strong>›</strong></span> <span class='ocrx_word' id='word_1_440' title='bbox 2777 3196 2844 3235; x_wconf 89' lang='lat' dir='ltr'><strong>ne</strong></span> <span class='ocrx_word' id='word_1_441' title='bbox 2890 3182 2978 3236; x_wconf 82' lang='lat' dir='ltr'><strong>hic</strong></span> <span class='ocrx_word' id='word_1_442' title='bbox 3007 3181 3423 3253; x_wconf 86' lang='lat' dir='ltr'><strong>quomodocun-</strong></span> 
     </span>
    </p>
   </div>
   <div class='ocr_carea' id='block_1_64' title="bbox 1848 3270 3426 3344">
    <p class='ocr_par' dir='ltr' id='par_1_64' title="bbox 1848 3270 3426 3344">
     <span class='ocr_line' id='line_1_64' title="bbox 1848 3270 3426 3344; baseline 0.007 -22"><span class='ocrx_word' id='word_1_443' title='bbox 1848 3285 1955 3339; x_wconf 88' lang='lat' dir='ltr'><strong>que</strong></span> <span class='ocrx_word' id='word_1_444' title='bbox 2003 3270 2234 3325; x_wconf 90' lang='lat' dir='ltr'><strong>edoctus</strong></span> <span class='ocrx_word' id='word_1_445' title='bbox 2284 3286 2476 3340; x_wconf 67' lang='lat' dir='ltr'><strong>pinnas</strong></span> <span class='ocrx_word' id='word_1_446' title='bbox 2521 3272 2932 3339; x_wconf 86' lang='lat' dir='ltr'><strong>imprecationis</strong></span> <span class='ocrx_word' id='word_1_447' title='bbox 2979 3282 3208 3344; x_wconf 82' lang='lat' dir='ltr'><strong>repetat,</strong></span> <span class='ocrx_word' id='word_1_448' title='bbox 3256 3288 3312 3332; x_wconf 89' lang='lat' dir='ltr'><strong>et</strong></span> <span class='ocrx_word' id='word_1_449' title='bbox 3345 3278 3426 3333; x_wconf 85' lang='lat' dir='ltr'><strong>lo-</strong></span> 
     </span>
    </p>
   </div>
   <div class='ocr_carea' id='block_1_65' title="bbox 1850 3364 3425 3437">
    <p class='ocr_par' dir='ltr' id='par_1_65' title="bbox 1850 3364 3425 3437">
     <span class='ocr_line' id='line_1_65' title="bbox 1850 3364 3425 3437; baseline 0.007 -23"><span class='ocrx_word' id='word_1_450' title='bbox 1850 3364 2052 3432; x_wconf 86' lang='lat' dir='ltr'><strong>quendi</strong></span> <span class='ocrx_word' id='word_1_451' title='bbox 2100 3366 2378 3419; x_wconf 85' lang='lat' dir='ltr'><strong>temeritas</strong></span> <span class='ocrx_word' id='word_1_452' title='bbox 2426 3380 2491 3420; x_wconf 92' lang='lat' dir='ltr'><strong>ac</strong></span> <span class='ocrx_word' id='word_1_453' title='bbox 2529 3367 2871 3433; x_wconf 89' lang='lat' dir='ltr'><strong>superiorum</strong></span> <span class='ocrx_word' id='word_1_454' title='bbox 2904 3376 2952 3421; x_wconf 93' lang='lat' dir='ltr'><strong>et</strong></span> <span class='ocrx_word' id='word_1_455' title='bbox 2985 3369 3425 3437; x_wconf 72' lang='lat' dir='ltr'><strong>praestantiorem</strong></span> 
     </span>
    </p>
   </div>
   <div class='ocr_carea' id='block_1_66' title="bbox 146 3440 1743 3527">
    <p class='ocr_par' dir='ltr' id='par_1_66' title="bbox 146 3455 1743 3527">
     <span class='ocr_line' id='line_1_66' title="bbox 146 3455 1743 3527; baseline -0.002 -17"><span class='ocrx_word' id='word_1_456' title='bbox 146 3458 284 3527; x_wconf 72' lang='grc' dir='ltr'>τείᾳ</span> <span class='ocrx_word' id='word_1_457' title='bbox 332 3456 440 3510; x_wconf 89' lang='grc' dir='ltr'><strong>τῶν</strong></span> <span class='ocrx_word' id='word_1_458' title='bbox 463 3456 657 3525; x_wconf 89' lang='grc' dir='ltr'>λόγων,</span> <span class='ocrx_word' id='word_1_459' title='bbox 714 3456 813 3510; x_wconf 75' lang='grc' dir='ltr'>καὶ</span> <span class='ocrx_word' id='word_1_460' title='bbox 844 3455 1238 3525; x_wconf 82' lang='grc' dir='ltr'>διαλοιδορήσει</span> <span class='ocrx_word' id='word_1_461' title='bbox 1267 3456 1377 3507; x_wconf 81' lang='grc' dir='ltr'><strong>τῶν</strong></span> <span class='ocrx_word' id='word_1_462' title='bbox 1425 3456 1743 3525; x_wconf 82' lang='grc' dir='ltr'>ὑπερτέρων</span> 
     </span>
    </p>
   </div>
   <div class='ocr_carea' id='block_1_67' title="bbox 1845 3440 3426 3527">
    <p class='ocr_par' dir='ltr' id='par_1_67' title="bbox 1849 3456 3426 3526">
     <span class='ocr_line' id='line_1_67' title="bbox 1849 3456 3426 3526; baseline 0.007 -20"><span class='ocrx_word' id='word_1_463' title='bbox 1849 3462 2194 3522; x_wconf 80' lang='lat' dir='ltr'><strong>contemptus</strong></span> <span class='ocrx_word' id='word_1_464' title='bbox 2224 3456 2485 3525; x_wconf 83' lang='lat' dir='ltr'><strong>gravibus</strong></span> <span class='ocrx_word' id='word_1_465' title='bbox 2516 3458 2799 3526; x_wconf 87' lang='lat' dir='ltr'><strong>suppliciis</strong></span> <span class='ocrx_word' id='word_1_466' title='bbox 2834 3467 2960 3513; x_wconf 86' lang='lat' dir='ltr'><strong>stet.</strong></span> <span class='ocrx_word' id='word_1_467' title='bbox 3010 3458 3065 3513; x_wconf 89' lang='lat' dir='ltr'><strong>Id</strong></span> <span class='ocrx_word' id='word_1_468' title='bbox 3096 3476 3227 3514; x_wconf 91' lang='lat' dir='ltr'><strong>vero</strong></span> <span class='ocrx_word' id='word_1_469' title='bbox 3257 3461 3426 3517; x_wconf 85' lang='lat' dir='ltr'><strong>ntnlto</strong></span> 
     </span>
    </p>
   </div>
   <div class='ocr_carea' id='block_1_68' title="bbox 148 3542 1746 3615">
    <p class='ocr_par' dir='ltr' id='par_1_68' title="bbox 148 3542 1746 3615">
     <span class='ocr_line' id='line_1_68' title="bbox 148 3542 1746 3615; baseline 0 -18"><span class='ocrx_word' id='word_1_470' title='bbox 148 3546 256 3597; x_wconf 77' lang='grc' dir='ltr'>καὶ</span> <span class='ocrx_word' id='word_1_471' title='bbox 284 3544 595 3613; x_wconf 78' lang='grc' dir='ltr'>βελτιόνων.</span> <span class='ocrx_word' id='word_1_472' title='bbox 637 3545 808 3597; x_wconf 82' lang='grc' dir='ltr'>Τοῦτο</span> <span class='ocrx_word' id='word_1_473' title='bbox 832 3544 890 3597; x_wconf 73' lang='grc' dir='ltr'>δὲ</span> <span class='ocrx_word' id='word_1_474' title='bbox 932 3545 1026 3596; x_wconf 76' lang='grc' dir='ltr'>καὶ</span> <span class='ocrx_word' id='word_1_475' title='bbox 1053 3543 1237 3614; x_wconf 87' lang='grc' dir='ltr'>πολλῷ</span> <span class='ocrx_word' id='word_1_476' title='bbox 1285 3542 1479 3614; x_wconf 83' lang='grc' dir='ltr'>πρώην</span> <span class='ocrx_word' id='word_1_477' title='bbox 1515 3547 1545 3597; x_wconf 92' lang='lat'><strong>6</strong></span> <span class='ocrx_word' id='word_1_478' title='bbox 1574 3544 1746 3615; x_wconf 86' lang='grc' dir='ltr'>μέγας</span> 
     </span>
    </p>
   </div>
   <div class='ocr_carea' id='block_1_69' title="bbox 142 3634 1746 3707">
    <p class='ocr_par' dir='ltr' id='par_1_69' title="bbox 142 3634 1746 3707">
     <span class='ocr_line' id='line_1_69' title="bbox 142 3634 1746 3707; baseline 0.002 -22"><span class='ocrx_word' id='word_1_479' title='bbox 142 3634 716 3704; x_wconf 71' lang='grc' dir='ltr'>προκατησφαλίσατο</span> <span class='ocrx_word' id='word_1_480' title='bbox 765 3636 1004 3704; x_wconf 80' lang='grc' dir='ltr'>Μωῡσῆς</span> <span class='ocrx_word' id='word_1_481' title='bbox 1033 3634 1236 3703; x_wconf 87' lang='grc' dir='ltr'>λέγων·</span> <span class='ocrx_word' id='word_1_482' title='bbox 1291 3653 1310 3685; x_wconf 78' lang='grc' dir='ltr'><strong>ι</strong></span> <span class='ocrx_word' id='word_1_483' title='bbox 1343 3634 1513 3698; x_wconf 83' lang='grc' dir='ltr'>Θεούς</span> <span class='ocrx_word' id='word_1_484' title='bbox 1539 3653 1634 3688; x_wconf 90' lang='grc' dir='ltr'><strong>σου</strong></span> <span class='ocrx_word' id='word_1_485' title='bbox 1672 3635 1746 3707; x_wconf 86' lang='grc' dir='ltr'>μὴ</span> 
     </span>
    </p>
   </div>
   <div class='ocr_carea' id='block_1_70' title="bbox 146 3722 1747 3796">
    <p class='ocr_par' dir='ltr' id='par_1_70' title="bbox 146 3722 1747 3796">
     <span class='ocr_line' id='line_1_70' title="bbox 146 3722 1747 3796; baseline 0 -19"><span class='ocrx_word' id='word_1_486' title='bbox 146 3723 577 3791; x_wconf 81' lang='grc' dir='ltr'>κακολογήσεις,</span> <span class='ocrx_word' id='word_1_487' title='bbox 606 3724 702 3776; x_wconf 81' lang='grc' dir='ltr'>καὶ</span> <span class='ocrx_word' id='word_1_488' title='bbox 743 3722 983 3794; x_wconf 73' lang='grc' dir='ltr'>ἄρχοντα</span> <span class='ocrx_word' id='word_1_489' title='bbox 1023 3724 1120 3777; x_wconf 73' lang='grc' dir='ltr'><strong>τοῦ</strong></span> <span class='ocrx_word' id='word_1_490' title='bbox 1180 3723 1310 3777; x_wconf 75' lang='grc' dir='ltr'>λαοῦ</span> <span class='ocrx_word' id='word_1_491' title='bbox 1346 3742 1440 3778; x_wconf 85' lang='grc' dir='ltr'><strong>σου</strong></span> <span class='ocrx_word' id='word_1_492' title='bbox 1470 3727 1569 3779; x_wconf 87' lang='grc' dir='ltr'><strong>οὑκ</strong></span> <span class='ocrx_word' id='word_1_493' title='bbox 1602 3728 1747 3796; x_wconf 70' lang='grc' dir='ltr'>ἐρεῖς</span> 
     </span>
    </p>
   </div>
   <div class='ocr_carea' id='block_1_71' title="bbox 144 3814 1745 3886">
    <p class='ocr_par' dir='ltr' id='par_1_71' title="bbox 144 3814 1745 3886">
     <span class='ocr_line' id='line_1_71' title="bbox 144 3814 1745 3886; baseline 0.001 -18"><span class='ocrx_word' id='word_1_494' title='bbox 144 3814 351 3878; x_wconf 75' lang='grc' dir='ltr'>κακῶς</span> <span class='ocrx_word' id='word_1_495' title='bbox 370 3832 383 3845; x_wconf 91' lang='grc'><strong>·</strong></span> <span class='ocrx_word' id='word_1_496' title='bbox 419 3834 441 3866; x_wconf 76' lang='grc' dir='ltr'>ι</span> <span class='ocrx_word' id='word_1_497' title='bbox 467 3815 858 3884; x_wconf 72' lang='grc' dir='ltr'>εἰσηγούμενος</span> <span class='ocrx_word' id='word_1_498' title='bbox 887 3815 1090 3886; x_wconf 78' lang='grc' dir='ltr'>ἥκιστα</span> <span class='ocrx_word' id='word_1_499' title='bbox 1115 3814 1339 3884; x_wconf 72' lang='grc' dir='ltr'>βασιλέα</span> <span class='ocrx_word' id='word_1_500' title='bbox 1362 3817 1459 3870; x_wconf 66' lang='grc' dir='ltr'>καὶ.</span> <span class='ocrx_word' id='word_1_501' title='bbox 1475 3818 1745 3886; x_wconf 83' lang='grc' dir='ltr'>δυνάστην</span> 
     </span>
    </p>
   </div>
   <div class='ocr_carea' id='block_1_72' title="bbox 147 3906 1740 3976">
    <p class='ocr_par' dir='ltr' id='par_1_72' title="bbox 147 3906 1740 3976">
     <span class='ocr_line' id='line_1_72' title="bbox 147 3906 1740 3976; baseline 0.001 -18"><span class='ocrx_word' id='word_1_502' title='bbox 147 3906 510 3973; x_wconf 70' lang='grc' dir='ltr'>ἑκφαυλίζειν</span> <span class='ocrx_word' id='word_1_503' title='bbox 539 3907 630 3959; x_wconf 80' lang='grc' dir='ltr'><strong>καὶ</strong></span> <span class='ocrx_word' id='word_1_504' title='bbox 681 3906 1128 3976; x_wconf 84' lang='grc' dir='ltr'>διαλοιδορεῖσθαι</span> <span class='ocrx_word' id='word_1_505' title='bbox 1172 3908 1268 3960; x_wconf 78' lang='grc' dir='ltr'>καὶ</span> <span class='ocrx_word' id='word_1_506' title='bbox 1294 3908 1709 3962; x_wconf 83' lang='grc' dir='ltr'>κατασκώπτειν</span> <span class='ocrx_word' id='word_1_507' title='bbox 1728 3924 1740 3937; x_wconf 76' lang='grc' dir='ltr'><strong><em>ο</em></strong></span> 
     </span>
    </p>
   </div>
   <div class='ocr_carea' id='block_1_73' title="bbox 144 3995 1744 4071">
    <p class='ocr_par' dir='ltr' id='par_1_73' title="bbox 144 3995 1744 4071">
     <span class='ocr_line' id='line_1_73' title="bbox 144 3995 1744 4071; baseline 0 -22"><span class='ocrx_word' id='word_1_508' title='bbox 144 3995 278 4049; x_wconf 78' lang='grc' dir='ltr'>ἀλλ’</span> <span class='ocrx_word' id='word_1_509' title='bbox 309 3996 460 4058; x_wconf 80' lang='grc' dir='ltr'>ἐντὸς</span> <span class='ocrx_word' id='word_1_510' title='bbox 484 3996 594 4049; x_wconf 87' lang='grc' dir='ltr'><strong>τῶν</strong></span> <span class='ocrx_word' id='word_1_511' title='bbox 615 3996 713 4065; x_wconf 86' lang='grc' dir='ltr'>τῆς</span> <span class='ocrx_word' id='word_1_512' title='bbox 743 3996 968 4065; x_wconf 81' lang='grc' dir='ltr'>καρδίας</span> <span class='ocrx_word' id='word_1_513' title='bbox 1002 3996 1261 4067; x_wconf 87' lang='grc' dir='ltr'>θαλάμων</span> <span class='ocrx_word' id='word_1_514' title='bbox 1285 4001 1343 4051; x_wconf 83' lang='grc' dir='ltr'>ἐν</span> <span class='ocrx_word' id='word_1_515' title='bbox 1364 3998 1611 4071; x_wconf 75' lang='grc' dir='ltr'>ὑπομονῇ</span> <span class='ocrx_word' id='word_1_516' title='bbox 1648 3999 1744 4052; x_wconf 73' lang='grc' dir='ltr'><strong>καὶ</strong></span> 
     </span>
    </p>
   </div>
   <div class='ocr_carea' id='block_1_74' title="bbox 150 4084 1744 4160">
    <p class='ocr_par' dir='ltr' id='par_1_74' title="bbox 150 4084 1744 4160">
     <span class='ocr_line' id='line_1_74' title="bbox 150 4084 1744 4160; baseline 0.004 -21"><span class='ocrx_word' id='word_1_517' title='bbox 150 4088 519 4157; x_wconf 68' lang='grc' dir='ltr'>μακροθυμίᾳ</span> <span class='ocrx_word' id='word_1_518' title='bbox 548 4084 1053 4156; x_wconf 76' lang='grc' dir='ltr'>περιορίζειν·τοὺς</span> <span class='ocrx_word' id='word_1_519' title='bbox 1087 4088 1251 4152; x_wconf 82' lang='grc' dir='ltr'>ίδίους</span> <span class='ocrx_word' id='word_1_520' title='bbox 1303 4090 1600 4160; x_wconf 81' lang='grc' dir='ltr'>λογισμοὺς</span> <span class='ocrx_word' id='word_1_521' title='bbox 1652 4094 1744 4145; x_wconf 76' lang='grc' dir='ltr'>καὶ</span> 
     </span>
    </p>
   </div>
   <div class='ocr_carea' id='block_1_75' title="bbox 140 4177 1739 4248">
    <p class='ocr_par' dir='ltr' id='par_1_75' title="bbox 140 4177 1739 4248">
     <span class='ocr_line' id='line_1_75' title="bbox 140 4177 1739 4248; baseline 0.002 -19"><span class='ocrx_word' id='word_1_522' title='bbox 140 4178 289 4239; x_wconf 76' lang='grc' dir='ltr'>τοὺς</span> <span class='ocrx_word' id='word_1_523' title='bbox 314 4177 523 4244; x_wconf 86' lang='grc' dir='ltr'>λόγους.</span> <span class='ocrx_word' id='word_1_524' title='bbox 549 4193 587 4227; x_wconf 55' lang='grc' dir='ltr'>ιι</span> <span class='ocrx_word' id='word_1_525' title='bbox 617 4178 743 4230; x_wconf 79' lang='grc' dir='ltr'>Ὀτι</span> <span class='ocrx_word' id='word_1_526' title='bbox 792 4178 1037 4230; x_wconf 67' lang='grc' dir='ltr'>πετεινὸν</span> <span class='ocrx_word' id='word_1_527' title='bbox 1070 4178 1161 4230; x_wconf 83' lang='grc' dir='ltr'>τοῦ</span> <span class='ocrx_word' id='word_1_528' title='bbox 1193 4178 1447 4248; x_wconf 79' lang='grc' dir='ltr'>οὐρανοῦ,</span> <span class='ocrx_word' id='word_1_529' title='bbox 1486 4198 1505 4229; x_wconf 73' lang='grc' dir='ltr'><strong>ι</strong></span> <span class='ocrx_word' id='word_1_530' title='bbox 1557 4180 1739 4248; x_wconf 78' lang='grc' dir='ltr'>φησὶν,</span> 
     </span>
    </p>
   </div>
   <div class='ocr_carea' id='block_1_76' title="bbox 149 4269 1743 4342">
    <p class='ocr_par' dir='ltr' id='par_1_76' title="bbox 149 4269 1743 4342">
     <span class='ocr_line' id='line_1_76' title="bbox 149 4269 1743 4342; baseline 0.001 -18"><span class='ocrx_word' id='word_1_531' title='bbox 149 4289 176 4324; x_wconf 78' lang='grc' dir='ltr'><strong>σ</strong></span> <span class='ocrx_word' id='word_1_532' title='bbox 223 4270 439 4322; x_wconf 83' lang='grc' dir='ltr'>ἀποίσει</span> <span class='ocrx_word' id='word_1_533' title='bbox 472 4269 570 4339; x_wconf 81' lang='grc' dir='ltr'>τὴν</span> <span class='ocrx_word' id='word_1_534' title='bbox 597 4271 781 4336; x_wconf 84' lang='grc' dir='ltr'>φωνήν</span> <span class='ocrx_word' id='word_1_535' title='bbox 813 4287 926 4333; x_wconf 89' lang='grc' dir='ltr'>σου,</span> <span class='ocrx_word' id='word_1_536' title='bbox 964 4270 1057 4322; x_wconf 75' lang='grc' dir='ltr'>καὶ</span> <span class='ocrx_word' id='word_1_537' title='bbox 1086 4272 1113 4322; x_wconf 89' lang='grc' dir='ltr'>ὁ</span> <span class='ocrx_word' id='word_1_538' title='bbox 1141 4270 1238 4333; x_wconf 75' lang='grc' dir='ltr'><strong>τὰς</strong></span> <span class='ocrx_word' id='word_1_539' title='bbox 1290 4272 1570 4342; x_wconf 85' lang='grc' dir='ltr'>πτέρυγας</span> <span class='ocrx_word' id='word_1_540' title='bbox 1605 4272 1743 4341; x_wconf 77' lang='grc' dir='ltr'>ἔχων</span> 
     </span>
    </p>
   </div>
   <div class='ocr_carea' id='block_1_77' title="bbox 140 4362 1741 4431">
    <p class='ocr_par' dir='ltr' id='par_1_77' title="bbox 140 4362 1741 4431">
     <span class='ocr_line' id='line_1_77' title="bbox 140 4362 1741 4431; baseline 0.002 -18"><span class='ocrx_word' id='word_1_541' title='bbox 140 4362 469 4428; x_wconf 81' lang='grc' dir='ltr'>ἀπαγγελεῖ</span> <span class='ocrx_word' id='word_1_542' title='bbox 491 4362 686 4428; x_wconf 86' lang='grc' dir='ltr'>λόγους</span> <span class='ocrx_word' id='word_1_543' title='bbox 734 4378 848 4415; x_wconf 87' lang='grc' dir='ltr'>σου.</span> <span class='ocrx_word' id='word_1_544' title='bbox 894 4380 912 4413; x_wconf 71' lang='grc' dir='ltr'><strong>ι</strong></span> <span class='ocrx_word' id='word_1_545' title='bbox 943 4363 1041 4415; x_wconf 83' lang='grc' dir='ltr'><strong>Διὰ</strong></span> <span class='ocrx_word' id='word_1_546' title='bbox 1072 4363 1173 4429; x_wconf 78' lang='grc' dir='ltr'>τῆς</span> <span class='ocrx_word' id='word_1_547' title='bbox 1196 4362 1490 4431; x_wconf 78' lang='grc' dir='ltr'>ὀνομασίας</span> <span class='ocrx_word' id='word_1_548' title='bbox 1518 4362 1611 4416; x_wconf 80' lang='grc' dir='ltr'>τοῦ</span> <span class='ocrx_word' id='word_1_549' title='bbox 1644 4382 1741 4416; x_wconf 69' lang='grc' dir='ltr'>περ</span> 
     </span>
    </p>
   </div>
   <div class='ocr_carea' id='block_1_78' title="bbox 136 4448 1744 4521">
    <p class='ocr_par' dir='ltr' id='par_1_78' title="bbox 136 4448 1744 4521">
     <span class='ocr_line' id='line_1_78' title="bbox 136 4448 1744 4521; baseline 0.001 -20"><span class='ocrx_word' id='word_1_550' title='bbox 136 4449 337 4501; x_wconf 78' lang='grc' dir='ltr'>τεινοῦ</span> <span class='ocrx_word' id='word_1_551' title='bbox 370 4450 464 4502; x_wconf 79' lang='grc' dir='ltr'><strong>καὶ</strong></span> <span class='ocrx_word' id='word_1_552' title='bbox 494 4449 587 4501; x_wconf 81' lang='grc' dir='ltr'><strong>τοῦ</strong></span> <span class='ocrx_word' id='word_1_553' title='bbox 616 4448 718 4510; x_wconf 84' lang='grc' dir='ltr'><strong>τὰς</strong></span> <span class='ocrx_word' id='word_1_554' title='bbox 752 4448 1030 4519; x_wconf 82' lang='grc' dir='ltr'>πτέρυγας</span> <span class='ocrx_word' id='word_1_555' title='bbox 1064 4448 1278 4518; x_wconf 82' lang='grc' dir='ltr'>ἔχοντος</span> <span class='ocrx_word' id='word_1_556' title='bbox 1308 4450 1404 4520; x_wconf 83' lang='grc' dir='ltr'>τὴν</span> <span class='ocrx_word' id='word_1_557' title='bbox 1434 4451 1744 4521; x_wconf 85' lang='grc' dir='ltr'>ἀπρόοπτον</span> 
     </span>
    </p>
   </div>
   <div class='ocr_carea' id='block_1_79' title="bbox 138 4540 1743 4612">
    <p class='ocr_par' dir='ltr' id='par_1_79' title="bbox 138 4540 1743 4612">
     <span class='ocr_line' id='line_1_79' title="bbox 138 4540 1743 4612; baseline 0.001 -19"><span class='ocrx_word' id='word_1_558' title='bbox 138 4542 256 4593; x_wconf 75' lang='grc' dir='ltr'><strong>καὶ</strong></span> <span class='ocrx_word' id='word_1_559' title='bbox 285 4540 563 4603; x_wconf 85' lang='grc' dir='ltr'>παντελῶς</span> <span class='ocrx_word' id='word_1_560' title='bbox 589 4540 912 4593; x_wconf 84' lang='grc' dir='ltr'>ἀνέλπιστον</span> <span class='ocrx_word' id='word_1_561' title='bbox 950 4542 1043 4594; x_wconf 80' lang='grc' dir='ltr'><strong>καὶ</strong></span> <span class='ocrx_word' id='word_1_562' title='bbox 1087 4541 1357 4610; x_wconf 81' lang='grc' dir='ltr'>μηδέποτέ</span> <span class='ocrx_word' id='word_1_563' title='bbox 1411 4559 1493 4595; x_wconf 89' lang='grc' dir='ltr'><strong>σοι</strong></span> <span class='ocrx_word' id='word_1_564' title='bbox 1518 4543 1743 4612; x_wconf 79' lang='grc' dir='ltr'>προσδο-</span> 
     </span>
    </p>
   </div>
   <div class='ocr_carea' id='block_1_80' title="bbox 137 4628 1742 4700">
    <p class='ocr_par' dir='ltr' id='par_1_80' title="bbox 137 4628 1742 4700">
     <span class='ocr_line' id='line_1_80' title="bbox 137 4628 1742 4700; baseline 0.002 -18"><span class='ocrx_word' id='word_1_565' title='bbox 137 4628 421 4698; x_wconf 81' lang='grc' dir='ltr'>κηθεῖσαν</span> <span class='ocrx_word' id='word_1_566' title='bbox 444 4630 765 4697; x_wconf 77' lang='grc' dir='ltr'>ὲξάγγελσιν</span> <span class='ocrx_word' id='word_1_567' title='bbox 794 4632 887 4683; x_wconf 70' lang='grc' dir='ltr'><strong>καὶ</strong></span> <span class='ocrx_word' id='word_1_568' title='bbox 916 4630 1348 4699; x_wconf 86' lang='grc' dir='ltr'>διαπόρθμευσιν</span> <span class='ocrx_word' id='word_1_569' title='bbox 1383 4635 1475 4683; x_wconf 85' lang='grc' dir='ltr'>καὶ</span> <span class='ocrx_word' id='word_1_570' title='bbox 1510 4632 1742 4700; x_wconf 80' lang='grc' dir='ltr'>δήλωσιν</span> 
     </span>
    </p>
   </div>
   <div class='ocr_carea' id='block_1_81' title="bbox 1847 3547 3423 3623">
    <p class='ocr_par' dir='ltr' id='par_1_81' title="bbox 1847 3547 3423 3623">
     <span class='ocr_line' id='line_1_81' title="bbox 1847 3547 3423 3623; baseline 0.007 -25"><span class='ocrx_word' id='word_1_571' title='bbox 1847 3547 2012 3599; x_wconf 89' lang='lat' dir='ltr'><strong>etiam</strong></span> <span class='ocrx_word' id='word_1_572' title='bbox 2044 3548 2198 3614; x_wconf 90' lang='lat' dir='ltr'><strong>prius</strong></span> <span class='ocrx_word' id='word_1_573' title='bbox 2242 3548 2544 3602; x_wconf 85' lang='lat' dir='ltr'><strong>cavendum</strong></span> <span class='ocrx_word' id='word_1_574' title='bbox 2592 3559 2884 3605; x_wconf 85' lang='lat' dir='ltr'><strong>monuerat</strong></span> <span class='ocrx_word' id='word_1_575' title='bbox 2913 3567 3146 3621; x_wconf 84' lang='lat' dir='ltr'><strong>magnus</strong></span> <span class='ocrx_word' id='word_1_576' title='bbox 3185 3551 3423 3623; x_wconf 81' lang='lat' dir='ltr'><strong>lloyses.</strong></span> 
     </span>
    </p>
   </div>
   <div class='ocr_carea' id='block_1_82' title="bbox 1846 3638 3423 3717">
    <p class='ocr_par' dir='ltr' id='par_1_82' title="bbox 1846 3638 3423 3717">
     <span class='ocr_line' id='line_1_82' title="bbox 1846 3638 3423 3717; baseline 0.006 -27"><span class='ocrx_word' id='word_1_577' title='bbox 1846 3650 1969 3690; x_wconf 90' lang='lat' dir='ltr'><strong>cum</strong></span> <span class='ocrx_word' id='word_1_578' title='bbox 2000 3638 2119 3690; x_wconf 85' lang='lat' dir='ltr'><strong>ait:</strong></span> <span class='ocrx_word' id='word_1_579' title='bbox 2156 3656 2175 3687; x_wconf 80' lang='grc' dir='ltr'><strong>ι</strong></span> <span class='ocrx_word' id='word_1_580' title='bbox 2216 3638 2291 3692; x_wconf 84' lang='lat' dir='ltr'><strong>De</strong></span> <span class='ocrx_word' id='word_1_581' title='bbox 2318 3638 2426 3693; x_wconf 87' lang='lat' dir='ltr'><strong>diis</strong></span> <span class='ocrx_word' id='word_1_582' title='bbox 2456 3640 2563 3694; x_wconf 90' lang='lat' dir='ltr'><strong>tuis</strong></span> <span class='ocrx_word' id='word_1_583' title='bbox 2608 3655 2716 3695; x_wconf 93' lang='lat' dir='ltr'><strong>non</strong></span> <span class='ocrx_word' id='word_1_584' title='bbox 2751 3642 3006 3699; x_wconf 86' lang='lat' dir='ltr'><strong>detrahes</strong></span> <span class='ocrx_word' id='word_1_585' title='bbox 3044 3663 3057 3697; x_wconf 87' lang='lat'><strong>:</strong></span> <span class='ocrx_word' id='word_1_586' title='bbox 3100 3654 3155 3699; x_wconf 91' lang='lat' dir='ltr'><strong>et</strong></span> <span class='ocrx_word' id='word_1_587' title='bbox 3194 3647 3423 3717; x_wconf 88' lang='lat' dir='ltr'><strong>principi</strong></span> 
     </span>
    </p>
   </div>
   <div class='ocr_carea' id='block_1_83' title="bbox 1847 3728 3427 3804">
    <p class='ocr_par' dir='ltr' id='par_1_83' title="bbox 1847 3728 3427 3804">
     <span class='ocr_line' id='line_1_83' title="bbox 1847 3728 3427 3804; baseline 0.009 -25"><span class='ocrx_word' id='word_1_588' title='bbox 1847 3728 2030 3796; x_wconf 90' lang='lat' dir='ltr'><strong>populi</strong></span> <span class='ocrx_word' id='word_1_589' title='bbox 2081 3728 2157 3781; x_wconf 87' lang='lat' dir='ltr'><strong>tui</strong></span> <span class='ocrx_word' id='word_1_590' title='bbox 2208 3744 2315 3781; x_wconf 91' lang='lat' dir='ltr'><strong>non</strong></span> <span class='ocrx_word' id='word_1_591' title='bbox 2372 3731 2663 3786; x_wconf 88' lang='lat' dir='ltr'><strong>maledices</strong></span> <span class='ocrx_word' id='word_1_592' title='bbox 2708 3732 3314 3804; x_wconf 66' lang='lat' dir='ltr'><strong>(95);»prascribrns,</strong></span> <span class='ocrx_word' id='word_1_593' title='bbox 3359 3754 3427 3793; x_wconf 85' lang='lat' dir='ltr'><strong>ne</strong></span> 
     </span>
    </p>
   </div>
   <div class='ocr_carea' id='block_1_84' title="bbox 1845 3820 3422 3897">
    <p class='ocr_par' dir='ltr' id='par_1_84' title="bbox 1845 3820 3422 3897">
     <span class='ocr_line' id='line_1_84' title="bbox 1845 3820 3422 3897; baseline 0.007 -26"><span class='ocrx_word' id='word_1_594' title='bbox 1845 3820 1969 3886; x_wconf 83' lang='lat' dir='ltr'><strong>quis</strong></span> <span class='ocrx_word' id='word_1_595' title='bbox 2000 3835 2179 3889; x_wconf 86' lang='lat' dir='ltr'><strong>regem</strong></span> <span class='ocrx_word' id='word_1_596' title='bbox 2206 3829 2301 3873; x_wconf 92' lang='lat' dir='ltr'><strong>aut</strong></span> <span class='ocrx_word' id='word_1_597' title='bbox 2328 3822 2628 3892; x_wconf 88' lang='lat' dir='ltr'><strong>principem</strong></span> <span class='ocrx_word' id='word_1_598' title='bbox 2666 3836 2906 3894; x_wconf 89' lang='lat' dir='ltr'><strong>spernat,</strong></span> <span class='ocrx_word' id='word_1_599' title='bbox 2934 3828 3019 3881; x_wconf 87' lang='lat' dir='ltr'><strong>vel</strong></span> <span class='ocrx_word' id='word_1_600' title='bbox 3044 3831 3422 3897; x_wconf 82' lang='lat' dir='ltr'><strong>reprehendat,</strong></span> 
     </span>
    </p>
   </div>
   <div class='ocr_carea' id='block_1_85' title="bbox 1845 3910 3428 3987">
    <p class='ocr_par' dir='ltr' id='par_1_85' title="bbox 1845 3910 3428 3987">
     <span class='ocr_line' id='line_1_85' title="bbox 1845 3910 3428 3987; baseline 0.01 -26"><span class='ocrx_word' id='word_1_601' title='bbox 1845 3910 1927 3962; x_wconf 85' lang='lat' dir='ltr'><strong>vel</strong></span> <span class='ocrx_word' id='word_1_602' title='bbox 1980 3910 2312 3977; x_wconf 85' lang='lat' dir='ltr'><strong>insectetur;</strong></span> <span class='ocrx_word' id='word_1_603' title='bbox 2381 3914 2473 3966; x_wconf 90' lang='lat' dir='ltr'><strong>sed</strong></span> <span class='ocrx_word' id='word_1_604' title='bbox 2530 3914 2678 3968; x_wconf 89' lang='lat' dir='ltr'><strong>intus</strong></span> <span class='ocrx_word' id='word_1_605' title='bbox 2730 3916 2781 3969; x_wconf 91' lang='lat' dir='ltr'><strong>in</strong></span> <span class='ocrx_word' id='word_1_606' title='bbox 2839 3919 3006 3970; x_wconf 76' lang='lat' dir='ltr'><strong>animi</strong></span> <span class='ocrx_word' id='word_1_607' title='bbox 3051 3920 3428 3987; x_wconf 69' lang='lat' dir='ltr'><strong>penetralibus</strong></span> 
     </span>
    </p>
   </div>
   <div class='ocr_carea' id='block_1_86' title="bbox 1845 4000 3425 4076">
    <p class='ocr_par' dir='ltr' id='par_1_86' title="bbox 1845 4000 3425 4076">
     <span class='ocr_line' id='line_1_86' title="bbox 1845 4000 3425 4076; baseline 0.01 -23"><span class='ocrx_word' id='word_1_608' title='bbox 1845 4000 2117 4068; x_wconf 84' lang='lat' dir='ltr'><strong>patienter</strong></span> <span class='ocrx_word' id='word_1_609' title='bbox 2177 4009 2343 4071; x_wconf 77' lang='lat' dir='ltr'><strong>atque</strong></span> <span class='ocrx_word' id='word_1_610' title='bbox 2410 4013 2728 4058; x_wconf 81' lang='lat' dir='ltr'><strong>constanter</strong></span> <span class='ocrx_word' id='word_1_611' title='bbox 2784 4009 3143 4076; x_wconf 78' lang='lat' dir='ltr'><strong>cogitationes</strong></span> <span class='ocrx_word' id='word_1_612' title='bbox 3199 4027 3329 4067; x_wconf 88' lang='lat' dir='ltr'><strong>snas</strong></span> <span class='ocrx_word' id='word_1_613' title='bbox 3372 4026 3425 4069; x_wconf 92' lang='lat' dir='ltr'><strong>et</strong></span> 
     </span>
    </p>
   </div>
   <div class='ocr_carea' id='block_1_87' title="bbox 1846 4093 3425 4166">
    <p class='ocr_par' dir='ltr' id='par_1_87' title="bbox 1846 4093 3425 4166">
     <span class='ocr_line' id='line_1_87' title="bbox 1846 4093 3425 4166; baseline 0.007 -23"><span class='ocrx_word' id='word_1_614' title='bbox 1846 4093 2007 4146; x_wconf 82' lang='lat' dir='ltr'><strong>verba</strong></span> <span class='ocrx_word' id='word_1_615' title='bbox 2045 4094 2343 4151; x_wconf 78' lang='lat' dir='ltr'><strong>contineat.</strong></span> <span class='ocrx_word' id='word_1_616' title='bbox 2395 4114 2412 4145; x_wconf 82' lang='grc' dir='ltr'>ι</span> <span class='ocrx_word' id='word_1_617' title='bbox 2452 4094 2613 4161; x_wconf 88' lang='lat' dir='ltr'><strong>Quia,</strong></span> <span class='ocrx_word' id='word_1_618' title='bbox 2650 4099 2846 4166; x_wconf 79' lang='lat' dir='ltr'><strong>inquit,</strong></span> <span class='ocrx_word' id='word_1_619' title='bbox 2878 4100 3120 4155; x_wconf 87' lang='lat' dir='ltr'><strong>volucris</strong></span> <span class='ocrx_word' id='word_1_620' title='bbox 3144 4104 3269 4157; x_wconf 70' lang='grc' dir='ltr'><strong>ωςΙί</strong></span> <span class='ocrx_word' id='word_1_621' title='bbox 3296 4104 3425 4157; x_wconf 82' lang='lat' dir='ltr'><strong>eﬂe-</strong></span> 
     </span>
    </p>
   </div>
   <div class='ocr_carea' id='block_1_88' title="bbox 1844 4190 3425 4259">
    <p class='ocr_par' dir='ltr' id='par_1_88' title="bbox 1844 4190 3425 4259">
     <span class='ocr_line' id='line_1_88' title="bbox 1844 4190 3425 4259; baseline 0.009 -23"><span class='ocrx_word' id='word_1_622' title='bbox 1844 4194 1928 4237; x_wconf 89' lang='lat' dir='ltr'><strong>ret</strong></span> <span class='ocrx_word' id='word_1_623' title='bbox 1971 4199 2159 4237; x_wconf 86' lang='lat' dir='ltr'><strong>vocem</strong></span> <span class='ocrx_word' id='word_1_624' title='bbox 2215 4195 2363 4240; x_wconf 86' lang='lat' dir='ltr'><strong>tuam</strong></span> <span class='ocrx_word' id='word_1_625' title='bbox 2393 4228 2407 4252; x_wconf 93' lang='lat'><strong>,</strong></span> <span class='ocrx_word' id='word_1_626' title='bbox 2473 4199 2524 4242; x_wconf 89' lang='lat' dir='ltr'><strong>et</strong></span> <span class='ocrx_word' id='word_1_627' title='bbox 2573 4190 2779 4245; x_wconf 81' lang='lat' dir='ltr'><strong>habens</strong></span> <span class='ocrx_word' id='word_1_628' title='bbox 2831 4207 3035 4259; x_wconf 86' lang='lat' dir='ltr'><strong>pennas</strong></span> <span class='ocrx_word' id='word_1_629' title='bbox 3089 4197 3425 4251; x_wconf 84' lang='lat' dir='ltr'><strong>renuntiabit</strong></span> 
     </span>
    </p>
   </div>
   <div class='ocr_carea' id='block_1_89' title="bbox 1844 4275 3423 4354">
    <p class='ocr_par' dir='ltr' id='par_1_89' title="bbox 1844 4275 3423 4354">
     <span class='ocr_line' id='line_1_89' title="bbox 1844 4275 3423 4354; baseline 0.009 -28"><span class='ocrx_word' id='word_1_630' title='bbox 1844 4275 2004 4327; x_wconf 85' lang='lat' dir='ltr'><strong>verba</strong></span> <span class='ocrx_word' id='word_1_631' title='bbox 2040 4287 2168 4340; x_wconf 90' lang='lat' dir='ltr'><strong>tua;</strong></span> <span class='ocrx_word' id='word_1_632' title='bbox 2215 4295 2233 4327; x_wconf 74' lang='grc' dir='ltr'>ι</span> <span class='ocrx_word' id='word_1_633' title='bbox 2276 4278 2514 4333; x_wconf 84' lang='lat' dir='ltr'><strong>volucris</strong></span> <span class='ocrx_word' id='word_1_634' title='bbox 2549 4280 2770 4334; x_wconf 74' lang='lat' dir='ltr'><strong>nomine</strong></span> <span class='ocrx_word' id='word_1_635' title='bbox 2811 4296 2862 4335; x_wconf 91' lang='lat' dir='ltr'><strong>ct</strong></span> <span class='ocrx_word' id='word_1_636' title='bbox 2912 4282 3032 4352; x_wconf 82' lang='lat' dir='ltr'><strong>ejus</strong></span> <span class='ocrx_word' id='word_1_637' title='bbox 3082 4288 3173 4353; x_wconf 89' lang='lat' dir='ltr'><strong>qui</strong></span> <span class='ocrx_word' id='word_1_638' title='bbox 3218 4302 3423 4354; x_wconf 84' lang='lat' dir='ltr'><strong>pennas</strong></span> 
     </span>
    </p>
   </div>
   <div class='ocr_carea' id='block_1_90' title="bbox 1846 4366 3424 4445">
    <p class='ocr_par' dir='ltr' id='par_1_90' title="bbox 1846 4366 3424 4445">
     <span class='ocr_line' id='line_1_90' title="bbox 1846 4366 3424 4445; baseline 0.01 -28"><span class='ocrx_word' id='word_1_639' title='bbox 1846 4366 2037 4430; x_wconf 82' lang='lat' dir='ltr'><strong>habet,</strong></span> <span class='ocrx_word' id='word_1_640' title='bbox 2089 4367 2444 4436; x_wconf 79' lang='lat' dir='ltr'><strong>impr0visam</strong></span> <span class='ocrx_word' id='word_1_641' title='bbox 2499 4371 2816 4439; x_wconf 76' lang='lat' dir='ltr'><strong>signiﬁcans</strong></span> <span class='ocrx_word' id='word_1_642' title='bbox 2868 4389 2932 4427; x_wconf 88' lang='lat' dir='ltr'><strong>ac</strong></span> <span class='ocrx_word' id='word_1_643' title='bbox 2987 4375 3319 4445; x_wconf 90' lang='lat' dir='ltr'><strong>inopinatam</strong></span> <span class='ocrx_word' id='word_1_644' title='bbox 3369 4388 3424 4433; x_wconf 87' lang='lat' dir='ltr'><strong>et</strong></span> 
     </span>
    </p>
   </div>
   <div class='ocr_carea' id='block_1_91' title="bbox 1846 4458 3422 4525">
    <p class='ocr_par' dir='ltr' id='par_1_91' title="bbox 1846 4458 3422 4525">
     <span class='ocr_line' id='line_1_91' title="bbox 1846 4458 3422 4525; baseline 0.01 -17"><span class='ocrx_word' id='word_1_645' title='bbox 1846 4458 2274 4525; x_wconf 74' lang='lat' dir='ltr'><strong>inexspectatam</strong></span> <span class='ocrx_word' id='word_1_646' title='bbox 2301 4461 2735 4525; x_wconf 77' lang='lat' dir='ltr'><strong>enuntiationem</strong></span> <span class='ocrx_word' id='word_1_647' title='bbox 2773 4476 2827 4519; x_wconf 68' lang='grc' dir='ltr'><strong>(ιι</strong></span> <span class='ocrx_word' id='word_1_648' title='bbox 2871 4466 3187 4521; x_wconf 82' lang='lat' dir='ltr'><strong>relationem</strong></span> <span class='ocrx_word' id='word_1_649' title='bbox 3216 4486 3280 4522; x_wconf 88' lang='lat' dir='ltr'><strong>ac</strong></span> <span class='ocrx_word' id='word_1_650' title='bbox 3308 4486 3422 4523; x_wconf 84' lang='lat' dir='ltr'><strong>ma-</strong></span> 
     </span>
    </p>
   </div>
   <div class='ocr_carea' id='block_1_92' title="bbox 1846 4548 3421 4625">
    <p class='ocr_par' dir='ltr' id='par_1_92' title="bbox 1846 4548 3421 4625">
     <span class='ocr_line' id='line_1_92' title="bbox 1846 4548 3421 4625; baseline 0.01 -25"><span class='ocrx_word' id='word_1_651' title='bbox 1846 4548 2249 4604; x_wconf 80' lang='lat' dir='ltr'><strong>nifestationem</strong></span> <span class='ocrx_word' id='word_1_652' title='bbox 2274 4567 2486 4615; x_wconf 84' lang='lat' dir='ltr'><strong>eorum,</strong></span> <span class='ocrx_word' id='word_1_653' title='bbox 2512 4570 2633 4622; x_wconf 68' lang='lat' dir='ltr'><strong>qum</strong></span> <span class='ocrx_word' id='word_1_654' title='bbox 2656 4558 2772 4625; x_wconf 85' lang='lat' dir='ltr'><strong>ipse</strong></span> <span class='ocrx_word' id='word_1_655' title='bbox 2799 4558 3014 4611; x_wconf 87' lang='lat' dir='ltr'><strong>loetttus</strong></span> <span class='ocrx_word' id='word_1_656' title='bbox 3045 4558 3233 4615; x_wconf 82' lang='lat' dir='ltr'><strong>fueris.</strong></span> <span class='ocrx_word' id='word_1_657' title='bbox 3264 4561 3421 4616; x_wconf 68' lang='lat' dir='ltr'><strong>Velut</strong></span> 
     </span>
    </p>
   </div>
   <div class='ocr_carea' id='block_1_93' title="bbox 1846 4641 3413 4720">
    <p class='ocr_par' dir='ltr' id='par_1_93' title="bbox 1846 4641 3413 4720">
     <span class='ocr_line' id='line_1_93' title="bbox 1846 4641 3413 4720; baseline 0.008 -27"><span class='ocrx_word' id='word_1_658' title='bbox 1846 4641 1891 4694; x_wconf 90' lang='lat' dir='ltr'><strong>si</strong></span> <span class='ocrx_word' id='word_1_659' title='bbox 1925 4641 2162 4703; x_wconf 81' lang='lat' dir='ltr'><strong>diceret,</strong></span> <span class='ocrx_word' id='word_1_660' title='bbox 2211 4642 2375 4709; x_wconf 78' lang='lat' dir='ltr'><strong>Cave,</strong></span> <span class='ocrx_word' id='word_1_661' title='bbox 2430 4661 2496 4699; x_wconf 83' lang='lat' dir='ltr'><strong>ne</strong></span> <span class='ocrx_word' id='word_1_662' title='bbox 2538 4648 2649 4713; x_wconf 75' lang='lat' dir='ltr'><strong>regi</strong></span> <span class='ocrx_word' id='word_1_663' title='bbox 2707 4658 2755 4700; x_wconf 78' lang='lat' dir='ltr'><strong>el</strong></span> <span class='ocrx_word' id='word_1_664' title='bbox 2799 4650 3026 4717; x_wconf 83' lang='lat' dir='ltr'><strong>ptincipi</strong></span> <span class='ocrx_word' id='word_1_665' title='bbox 3066 4650 3413 4720; x_wconf 72' lang='lat' dir='ltr'><strong>intpret-eris:</strong></span> 
     </span>
    </p>
   </div>
   <div class='ocr_carea' id='block_1_94' title="bbox 132 4720 1743 4825">
    <p class='ocr_par' dir='ltr' id='par_1_94' title="bbox 132 4720 1740 4793">
     <span class='ocr_line' id='line_1_94' title="bbox 132 4720 1740 4793; baseline 0.002 -20"><span class='ocrx_word' id='word_1_666' title='bbox 132 4720 270 4773; x_wconf 83' lang='grc' dir='ltr'><strong>τῶν</strong></span> <span class='ocrx_word' id='word_1_667' title='bbox 303 4721 407 4773; x_wconf 81' lang='grc' dir='ltr'>ὑπὸ</span> <span class='ocrx_word' id='word_1_668' title='bbox 457 4722 548 4772; x_wconf 77' lang='grc' dir='ltr'><strong>σοῦ</strong></span> <span class='ocrx_word' id='word_1_669' title='bbox 598 4721 943 4792; x_wconf 81' lang='grc' dir='ltr'>λαληθέντων</span> <span class='ocrx_word' id='word_1_670' title='bbox 974 4723 1500 4792; x_wconf 82' lang='grc' dir='ltr'>παραινιττόμενος·</span> <span class='ocrx_word' id='word_1_671' title='bbox 1550 4741 1740 4793; x_wconf 83' lang='grc' dir='ltr'>μονον-</span> 
     </span>
    </p>
   </div>
   <div class='ocr_carea' id='block_1_95' title="bbox 1845 4720 3417 4825">
    <p class='ocr_par' dir='ltr' id='par_1_95' title="bbox 1846 4734 3417 4806">
     <span class='ocr_line' id='line_1_95' title="bbox 1846 4734 3417 4806; baseline 0.01 -24"><span class='ocrx_word' id='word_1_672' title='bbox 1846 4734 1973 4798; x_wconf 79' lang='lat' dir='ltr'><strong>quia</strong></span> <span class='ocrx_word' id='word_1_673' title='bbox 2018 4735 2163 4787; x_wconf 86' lang='lat' dir='ltr'><strong>unde</strong></span> <span class='ocrx_word' id='word_1_674' title='bbox 2225 4736 2451 4789; x_wconf 88' lang='lat' dir='ltr'><strong>minime</strong></span> <span class='ocrx_word' id='word_1_675' title='bbox 2511 4738 2832 4806; x_wconf 83' lang='lat' dir='ltr'><strong>suspicaris,</strong></span> <span class='ocrx_word' id='word_1_676' title='bbox 2892 4739 3017 4793; x_wconf 89' lang='lat' dir='ltr'><strong>inde</strong></span> <span class='ocrx_word' id='word_1_677' title='bbox 3057 4757 3242 4795; x_wconf 83' lang='lat' dir='ltr'><strong>sermo</strong></span> <span class='ocrx_word' id='word_1_678' title='bbox 3295 4754 3417 4797; x_wconf 77' lang='lat' dir='ltr'><strong>tuus</strong></span> 
     </span>
    </p>
   </div>
   <div class='ocr_carea' id='block_1_96' title="bbox 132 4809 1738 4881">
    <p class='ocr_par' dir='ltr' id='par_1_96' title="bbox 132 4809 1738 4881">
     <span class='ocr_line' id='line_1_96' title="bbox 132 4809 1738 4881; baseline 0.002 -19"><span class='ocrx_word' id='word_1_679' title='bbox 132 4809 281 4877; x_wconf 78' lang='grc' dir='ltr'>ουχὶ</span> <span class='ocrx_word' id='word_1_680' title='bbox 303 4809 412 4877; x_wconf 87' lang='grc' dir='ltr'><strong>γάρ</strong></span> <span class='ocrx_word' id='word_1_681' title='bbox 441 4826 595 4879; x_wconf 79' lang='grc' dir='ltr'>φησι,</span> <span class='ocrx_word' id='word_1_682' title='bbox 624 4810 713 4880; x_wconf 83' lang='grc' dir='ltr'><strong>Μὴ</strong></span> <span class='ocrx_word' id='word_1_683' title='bbox 744 4811 1030 4881; x_wconf 82' lang='grc' dir='ltr'>καταράσῃ</span> <span class='ocrx_word' id='word_1_684' title='bbox 1069 4810 1294 4879; x_wconf 80' lang='grc' dir='ltr'>βασιλέα</span> <span class='ocrx_word' id='word_1_685' title='bbox 1320 4812 1414 4863; x_wconf 70' lang='grc' dir='ltr'><strong>καὶ</strong></span> <span class='ocrx_word' id='word_1_686' title='bbox 1439 4812 1738 4881; x_wconf 77' lang='grc' dir='ltr'>δυνάστην·</span> 
     </span>
    </p>
   </div>
   <div class='ocr_carea' id='block_1_97' title="bbox 130 4897 1744 4972">
    <p class='ocr_par' dir='ltr' id='par_1_97' title="bbox 130 4897 1744 4972">
     <span class='ocr_line' id='line_1_97' title="bbox 130 4897 1744 4972; baseline 0.002 -22"><span class='ocrx_word' id='word_1_687' title='bbox 130 4901 239 4951; x_wconf 80' lang='grc' dir='ltr'>ὅτι</span> <span class='ocrx_word' id='word_1_688' title='bbox 267 4897 387 4949; x_wconf 74' lang='grc' dir='ltr'>ὅθεν</span> <span class='ocrx_word' id='word_1_689' title='bbox 412 4898 509 4966; x_wconf 79' lang='grc' dir='ltr'><strong>οὑχ</strong></span> <span class='ocrx_word' id='word_1_690' title='bbox 539 4897 882 4960; x_wconf 79' lang='grc' dir='ltr'>ὑποπτεύεις,</span> <span class='ocrx_word' id='word_1_691' title='bbox 907 4897 1114 4950; x_wconf 80' lang='grc' dir='ltr'>ἐκεῖθεν</span> <span class='ocrx_word' id='word_1_692' title='bbox 1141 4900 1165 4952; x_wconf 78' lang='grc' dir='ltr'><strong><em>ἑ</em></strong></span> <span class='ocrx_word' id='word_1_693' title='bbox 1196 4898 1351 4962; x_wconf 82' lang='grc' dir='ltr'>λόγος</span> <span class='ocrx_word' id='word_1_694' title='bbox 1374 4916 1467 4951; x_wconf 83' lang='grc' dir='ltr'><strong>σου</strong></span> <span class='ocrx_word' id='word_1_695' title='bbox 1505 4901 1744 4972; x_wconf 81' lang='grc' dir='ltr'>μηνυθή-</span> 
     </span>
    </p>
   </div>
   <div class='ocr_carea' id='block_1_98' title="bbox 134 4986 1743 5060">
    <p class='ocr_par' dir='ltr' id='par_1_98' title="bbox 134 4986 1743 5060">
     <span class='ocr_line' id='line_1_98' title="bbox 134 4986 1743 5060; baseline 0.002 -19"><span class='ocrx_word' id='word_1_696' title='bbox 134 5004 316 5041; x_wconf 87' lang='grc' dir='ltr'>σεται</span> <span class='ocrx_word' id='word_1_697' title='bbox 347 4987 440 5040; x_wconf 79' lang='grc' dir='ltr'>καὶ</span> <span class='ocrx_word' id='word_1_698' title='bbox 468 4986 792 5059; x_wconf 79' lang='grc' dir='ltr'>προξενήσει</span> <span class='ocrx_word' id='word_1_699' title='bbox 826 5006 906 5041; x_wconf 88' lang='grc' dir='ltr'><strong>σοι</strong></span> <span class='ocrx_word' id='word_1_700' title='bbox 934 4992 1277 5059; x_wconf 75' lang='grc' dir='ltr'>πειρασμοὺς</span> <span class='ocrx_word' id='word_1_701' title='bbox 1312 4992 1406 5043; x_wconf 74' lang='grc' dir='ltr'>καὶ</span> <span class='ocrx_word' id='word_1_702' title='bbox 1454 4992 1660 5060; x_wconf 67' lang='grc' dir='ltr'>θλίψεις</span> <span class='ocrx_word' id='word_1_703' title='bbox 1682 4994 1743 5045; x_wconf 80' lang='grc' dir='ltr'><strong>οὑ</strong></span> 
     </span>
    </p>
   </div>
   <div class='ocr_carea' id='block_1_99' title="bbox 127 5072 1742 5152">
    <p class='ocr_par' dir='ltr' id='par_1_99' title="bbox 127 5072 1742 5152">
     <span class='ocr_line' id='line_1_99' title="bbox 127 5072 1742 5152; baseline 0.007 -27"><span class='ocrx_word' id='word_1_704' title='bbox 127 5074 255 5133; x_wconf 80' lang='grc' dir='ltr'>τὰς</span> <span class='ocrx_word' id='word_1_705' title='bbox 278 5072 562 5142; x_wconf 86' lang='grc' dir='ltr'>τυχούσας.</span> <span class='ocrx_word' id='word_1_706' title='bbox 592 5075 858 5144; x_wconf 75' lang='grc' dir='ltr'>Τοιαύτην</span> <span class='ocrx_word' id='word_1_707' title='bbox 881 5072 973 5129; x_wconf 78' lang='grc' dir='ltr'>οὖν</span> <span class='ocrx_word' id='word_1_708' title='bbox 1005 5078 1145 5130; x_wconf 78' lang='grc' dir='ltr'>κατὰ</span> <span class='ocrx_word' id='word_1_709' title='bbox 1166 5078 1225 5130; x_wconf 79' lang='grc' dir='ltr'><strong>τὸ</strong></span> <span class='ocrx_word' id='word_1_710' title='bbox 1250 5080 1487 5148; x_wconf 81' lang='grc' dir='ltr'>γράμμα</span> <span class='ocrx_word' id='word_1_711' title='bbox 1516 5082 1742 5152; x_wconf 69' lang='grc' dir='ltr'>τὴνδια-</span> 
     </span>
    </p>
   </div>
   <div class='ocr_carea' id='block_1_100' title="bbox 132 5164 967 5237">
    <p class='ocr_par' dir='ltr' id='par_1_100' title="bbox 132 5164 967 5237">
     <span class='ocr_line' id='line_1_100' title="bbox 132 5164 967 5237; baseline 0.007 -21"><span class='ocrx_word' id='word_1_712' title='bbox 132 5164 399 5229; x_wconf 58' lang='grc' dir='ltr'>σάφησιν</span> <span class='ocrx_word' id='word_1_713' title='bbox 431 5164 544 5233; x_wconf 77' lang='grc' dir='ltr'>ἔχει</span> <span class='ocrx_word' id='word_1_714' title='bbox 571 5166 631 5218; x_wconf 85' lang='grc' dir='ltr'>τὸ</span> <span class='ocrx_word' id='word_1_715' title='bbox 658 5169 967 5237; x_wconf 71' lang='grc' dir='ltr'>εἰρημένον.</span> 
     </span>
    </p>
   </div>
   <div class='ocr_carea' id='block_1_101' title="bbox 234 5364 1344 5438">
    <p class='ocr_par' dir='ltr' id='par_1_101' title="bbox 234 5364 1344 5438">
     <span class='ocr_line' id='line_1_101' title="bbox 234 5364 1344 5438; baseline 0.009 -22"><span class='ocrx_word' id='word_1_716' title='bbox 234 5365 284 5396; x_wconf 77' lang='grc'>⁸⁸</span> <span class='ocrx_word' id='word_1_717' title='bbox 320 5364 509 5419; x_wconf 69' lang='lat' dir='ltr'><strong>Matth.</strong></span> <span class='ocrx_word' id='word_1_718' title='bbox 553 5383 679 5431; x_wconf 73' lang='lat' dir='ltr'><strong>xxv,</strong></span> <span class='ocrx_word' id='word_1_719' title='bbox 721 5368 809 5420; x_wconf 73' lang='lat'><strong>‘27.</strong></span> <span class='ocrx_word' id='word_1_720' title='bbox 891 5371 934 5400; x_wconf 81' lang='grc'><strong>¹³</strong></span> <span class='ocrx_word' id='word_1_721' title='bbox 976 5369 1122 5425; x_wconf 78' lang='lat' dir='ltr'><strong>Psal.</strong></span> <span class='ocrx_word' id='word_1_722' title='bbox 1163 5387 1215 5423; x_wconf 66' lang='grc' dir='ltr'>χι</span> <span class='ocrx_word' id='word_1_723' title='bbox 1248 5418 1259 5438; x_wconf 83' lang='grc'><strong>,</strong></span> <span class='ocrx_word' id='word_1_724' title='bbox 1299 5378 1344 5427; x_wconf 72' lang='grc'><strong>7.</strong></span> 
     </span>
    </p>
   </div>
   <div class='ocr_carea' id='block_1_102' title="bbox 227 5539 1632 5617">
    <p class='ocr_par' dir='ltr' id='par_1_102' title="bbox 227 5539 1632 5617">
     <span class='ocr_line' id='line_1_102' title="bbox 227 5539 1632 5617; baseline 0.014 -31"><span class='ocrx_word' id='word_1_725' title='bbox 392 5540 596 5617; x_wconf 64' lang='lat' dir='ltr'><strong>Eccles.</strong></span> <span class='ocrx_word' id='word_1_726' title='bbox 637 5560 689 5603; x_wconf 69' lang='grc' dir='ltr'>ς,</span> <span class='ocrx_word' id='word_1_727' title='bbox 719 5542 1003 5617; x_wconf 32' lang='grc' dir='ltr'><strong>ΞΟζ-Αριυι</strong></span> <span class='ocrx_word' id='word_1_728' title='bbox 1219 5561 1303 5604; x_wconf 83' lang='lat' dir='ltr'><strong>est</strong></span> <span class='ocrx_word' id='word_1_729' title='bbox 1329 5551 1487 5617; x_wconf 76' lang='grc' dir='ltr'>λόγου</span> <span class='ocrx_word' id='word_1_730' title='bbox 1518 5569 1632 5607; x_wconf 81' lang='grc' dir='ltr'>σου.</span> 
     </span>
    </p>
   </div>
   <div class='ocr_carea' id='block_1_103' title="bbox 229 5605 1739 5686">
    <p class='ocr_par' dir='ltr' id='par_1_103' title="bbox 229 5605 1739 5686">
     <span class='ocr_line' id='line_1_103' title="bbox 229 5605 1739 5686; baseline 0.011 -26"><span class='ocrx_word' id='word_1_731' title='bbox 229 5608 347 5686; x_wconf 52' lang='lat' dir='ltr'><strong>(est</strong></span> <span class='ocrx_word' id='word_1_732' title='bbox 392 5605 562 5686; x_wconf 67' lang='lat' dir='ltr'><strong>Exod.</strong></span> <span class='ocrx_word' id='word_1_733' title='bbox 619 5629 753 5675; x_wconf 71' lang='lat' dir='ltr'><strong>xm,</strong></span> <span class='ocrx_word' id='word_1_734' title='bbox 798 5605 998 5669; x_wconf 56' lang='lat' dir='ltr'><strong>233m</strong></span> <span class='ocrx_word' id='word_1_735' title='bbox 1050 5616 1189 5670; x_wconf 80' lang='lat' dir='ltr'><strong>Lxx</strong></span> <span class='ocrx_word' id='word_1_736' title='bbox 1230 5605 1431 5675; x_wconf 70' lang='lat' dir='ltr'><strong>habent</strong></span> <span class='ocrx_word' id='word_1_737' title='bbox 1474 5605 1634 5686; x_wconf 77' lang='grc' dir='ltr'>θιοὺς</span> <span class='ocrx_word' id='word_1_738' title='bbox 1680 5624 1739 5675; x_wconf 73' lang='grc' dir='ltr'>οὐ</span> 
     </span>
    </p>
   </div>
   <div class='ocr_carea' id='block_1_104' title="bbox 127 5681 681 5745">
    <p class='ocr_par' dir='ltr' id='par_1_104' title="bbox 127 5681 681 5745">
     <span class='ocr_line' id='line_1_104' title="bbox 127 5681 681 5745; baseline 0.004 -12"><span class='ocrx_word' id='word_1_739' title='bbox 127 5681 681 5745; x_wconf 75' lang='grc' dir='ltr'>κακολογήσεις.....</span> 
     </span>
    </p>
   </div>
   <div class='ocr_carea' id='block_1_105' title="bbox 232 5747 1735 5830">
    <p class='ocr_par' dir='ltr' id='par_1_105' title="bbox 232 5747 1735 5830">
     <span class='ocr_line' id='line_1_105' title="bbox 232 5747 1735 5830; baseline 0.013 -31"><span class='ocrx_word' id='word_1_740' title='bbox 232 5748 349 5807; x_wconf 79' lang='lat' dir='ltr'><strong>(96t</strong></span> <span class='ocrx_word' id='word_1_741' title='bbox 391 5747 696 5805; x_wconf 85' lang='lat' dir='ltr'><strong>Proverbiis</strong></span> <span class='ocrx_word' id='word_1_742' title='bbox 740 5766 1066 5808; x_wconf 76' lang='lat' dir='ltr'><strong>annumera&#39;t</strong></span> <span class='ocrx_word' id='word_1_743' title='bbox 1111 5758 1339 5816; x_wconf 80' lang='lat' dir='ltr'><strong>Druslus</strong></span> <span class='ocrx_word' id='word_1_744' title='bbox 1384 5763 1485 5817; x_wconf 88' lang='lat' dir='ltr'><strong>hoc</strong></span> <span class='ocrx_word' id='word_1_745' title='bbox 1523 5762 1687 5817; x_wconf 82' lang='lat' dir='ltr'><strong>etiam</strong></span> <span class='ocrx_word' id='word_1_746' title='bbox 1720 5803 1735 5830; x_wconf 88' lang='lat'><strong>,</strong></span> 
     </span>
    </p>
   </div>
   <div class='ocr_carea' id='block_1_106' title="bbox 1848 4823 3414 4895">
    <p class='ocr_par' dir='ltr' id='par_1_106' title="bbox 1848 4823 3414 4895">
     <span class='ocr_line' id='line_1_106' title="bbox 1848 4823 3414 4895; baseline 0.008 -20"><span class='ocrx_word' id='word_1_747' title='bbox 1848 4823 2204 4888; x_wconf 79' lang='lat' dir='ltr'><strong>indicabitur,</strong></span> <span class='ocrx_word' id='word_1_748' title='bbox 2260 4836 2311 4879; x_wconf 70' lang='lat' dir='ltr'><strong>et</strong></span> <span class='ocrx_word' id='word_1_749' title='bbox 2353 4828 2595 4895; x_wconf 84' lang='lat' dir='ltr'><strong>pericula</strong></span> <span class='ocrx_word' id='word_1_750' title='bbox 2649 4830 2742 4882; x_wconf 73' lang='lat' dir='ltr'><strong>tibi</strong></span> <span class='ocrx_word' id='word_1_751' title='bbox 2798 4846 2861 4883; x_wconf 83' lang='lat' dir='ltr'><strong>ac</strong></span> <span class='ocrx_word' id='word_1_752' title='bbox 2910 4848 3184 4888; x_wconf 80' lang='lat' dir='ltr'><strong>:erumnas</strong></span> <span class='ocrx_word' id='word_1_753' title='bbox 3233 4833 3414 4888; x_wconf 63' lang='grc' dir='ltr'><strong>καθιεῖ</strong></span> 
     </span>
    </p>
   </div>
   <div class='ocr_carea' id='block_1_107' title="bbox 1846 4916 3417 4993">
    <p class='ocr_par' dir='ltr' id='par_1_107' title="bbox 1846 4916 3417 4993">
     <span class='ocr_line' id='line_1_107' title="bbox 1846 4916 3417 4993; baseline 0.008 -26"><span class='ocrx_word' id='word_1_754' title='bbox 1846 4930 1954 4967; x_wconf 88' lang='lat' dir='ltr'><strong>non</strong></span> <span class='ocrx_word' id='word_1_755' title='bbox 2001 4920 2273 4985; x_wconf 72' lang='lat' dir='ltr'><strong>vulgares.</strong></span> <span class='ocrx_word' id='word_1_756' title='bbox 2329 4916 2478 4973; x_wconf 88' lang='lat' dir='ltr'><strong>Talis</strong></span> <span class='ocrx_word' id='word_1_757' title='bbox 2532 4920 2716 4988; x_wconf 84' lang='lat' dir='ltr'><strong>igitur,</strong></span> <span class='ocrx_word' id='word_1_758' title='bbox 2757 4920 2803 4973; x_wconf 86' lang='lat' dir='ltr'><strong>si</strong></span> <span class='ocrx_word' id='word_1_759' title='bbox 2857 4922 3020 4976; x_wconf 83' lang='lat' dir='ltr'><strong>verba</strong></span> <span class='ocrx_word' id='word_1_760' title='bbox 3070 4934 3417 4993; x_wconf 87' lang='lat' dir='ltr'><strong>spectentur,</strong></span> 
     </span>
    </p>
   </div>
   <div class='ocr_carea' id='block_1_108' title="bbox 1845 5006 2817 5081">
    <p class='ocr_par' dir='ltr' id='par_1_108' title="bbox 1845 5006 2817 5081">
     <span class='ocr_line' id='line_1_108' title="bbox 1845 5006 2817 5081; baseline 0.004 -19"><span class='ocrx_word' id='word_1_761' title='bbox 1845 5006 1974 5062; x_wconf 84' lang='lat' dir='ltr'><strong>dicti</strong></span> <span class='ocrx_word' id='word_1_762' title='bbox 2008 5007 2171 5077; x_wconf 85' lang='lat' dir='ltr'><strong>hujus</strong></span> <span class='ocrx_word' id='word_1_763' title='bbox 2211 5010 2528 5078; x_wconf 67' lang='lat' dir='ltr'><strong>explanatio</strong></span> <span class='ocrx_word' id='word_1_764' title='bbox 2564 5020 2650 5066; x_wconf 81' lang='lat' dir='ltr'><strong>est</strong></span> <span class='ocrx_word' id='word_1_765' title='bbox 2686 5013 2817 5081; x_wconf 79' lang='lat'><strong>(96).</strong></span> 
     </span>
    </p>
   </div>
   <div class='ocr_carea' id='block_1_109' title="bbox 1852 5554 3419 5625">
    <p class='ocr_par' dir='ltr' id='par_1_109' title="bbox 1852 5554 3419 5625">
     <span class='ocr_line' id='line_1_109' title="bbox 1852 5554 3419 5625; baseline 0.003 -17"><span class='ocrx_word' id='word_1_766' title='bbox 1852 5556 1979 5609; x_wconf 76' lang='lat' dir='ltr'><strong>Aves</strong></span> <span class='ocrx_word' id='word_1_767' title='bbox 2010 5554 2225 5623; x_wconf 71' lang='lat' dir='ltr'><strong>e/Ieren.’</strong></span> <span class='ocrx_word' id='word_1_768' title='bbox 2279 5573 2491 5613; x_wconf 70' lang='lat' dir='ltr'><strong>ratem:</strong></span> <span class='ocrx_word' id='word_1_769' title='bbox 2535 5558 2763 5625; x_wconf 80' lang='lat' dir='ltr'><strong>ejusque</strong></span> <span class='ocrx_word' id='word_1_770' title='bbox 2808 5574 2966 5615; x_wconf 85' lang='lat' dir='ltr'><strong>usum</strong></span> <span class='ocrx_word' id='word_1_771' title='bbox 3006 5577 3123 5620; x_wconf 77' lang='lat' dir='ltr'><strong>esse</strong></span> <span class='ocrx_word' id='word_1_772' title='bbox 3165 5561 3259 5623; x_wconf 85' lang='lat' dir='ltr'><strong>ait,</strong></span> <span class='ocrx_word' id='word_1_773' title='bbox 3296 5576 3419 5614; x_wconf 90' lang='lat' dir='ltr'><strong>cum</strong></span> 
     </span>
    </p>
   </div>
   <div class='ocr_carea' id='block_1_110' title="bbox 1850 5628 3423 5697">
    <p class='ocr_par' dir='ltr' id='par_1_110' title="bbox 1850 5628 3423 5697">
     <span class='ocr_line' id='line_1_110' title="bbox 1850 5628 3423 5697; baseline 0.006 -21"><span class='ocrx_word' id='word_1_774' title='bbox 1850 5628 2159 5690; x_wconf 75' lang='lat' dir='ltr'><strong>signiﬁcare</strong></span> <span class='ocrx_word' id='word_1_775' title='bbox 2189 5629 2467 5697; x_wconf 80' lang='lat' dir='ltr'><strong>volumus.</strong></span> <span class='ocrx_word' id='word_1_776' title='bbox 2514 5629 2564 5680; x_wconf 89' lang='lat' dir='ltr'><strong>id</strong></span> <span class='ocrx_word' id='word_1_777' title='bbox 2597 5633 2738 5697; x_wconf 85' lang='lat' dir='ltr'><strong>quod</strong></span> <span class='ocrx_word' id='word_1_778' title='bbox 2772 5630 2975 5685; x_wconf 81' lang='lat' dir='ltr'><strong>dictum</strong></span> <span class='ocrx_word' id='word_1_779' title='bbox 3002 5642 3107 5697; x_wconf 86' lang='lat' dir='ltr'><strong>est,</strong></span> <span class='ocrx_word' id='word_1_780' title='bbox 3134 5633 3225 5685; x_wconf 89' lang='lat' dir='ltr'><strong>ditt</strong></span> <span class='ocrx_word' id='word_1_781' title='bbox 3256 5633 3423 5687; x_wconf 85' lang='lat' dir='ltr'><strong>latere</strong></span> 
     </span>
    </p>
   </div>
   <div class='ocr_carea' id='block_1_111' title="bbox 1846 5696 2910 5767">
    <p class='ocr_par' dir='ltr' id='par_1_111' title="bbox 1846 5696 2910 5767">
     <span class='ocr_line' id='line_1_111' title="bbox 1846 5696 2910 5767; baseline 0 -18"><span class='ocrx_word' id='word_1_782' title='bbox 1846 5710 1959 5751; x_wconf 85' lang='lat' dir='ltr'><strong>non</strong></span> <span class='ocrx_word' id='word_1_783' title='bbox 1996 5712 2175 5765; x_wconf 85' lang='lat' dir='ltr'><strong>posse.</strong></span> <span class='ocrx_word' id='word_1_784' title='bbox 2206 5698 2319 5766; x_wconf 75' lang='lat' dir='ltr'><strong>(Cl.</strong></span> <span class='ocrx_word' id='word_1_785' title='bbox 2358 5696 2419 5759; x_wconf 90' lang='lat' dir='ltr'><strong>ll,</strong></span> <span class='ocrx_word' id='word_1_786' title='bbox 2456 5699 2547 5751; x_wconf 79' lang='lat' dir='ltr'><strong>lib.</strong></span> <span class='ocrx_word' id='word_1_787' title='bbox 2583 5715 2663 5759; x_wconf 82' lang='grc' dir='ltr'>ιιι,</span> <span class='ocrx_word' id='word_1_788' title='bbox 2699 5716 2752 5752; x_wconf 90' lang='lat' dir='ltr'><strong>n.</strong></span> <span class='ocrx_word' id='word_1_789' title='bbox 2785 5700 2910 5767; x_wconf 70' lang='grc'><strong>59.)</strong></span> 
     </span>
    </p>
   </div>
  </div>
