4166 6434
179 415 311 484 1137

1232 421 1314 483 IN
1357 422 1936 483 ECCLESIASTEN.
1977 451 2043 461 —
2093 428 2241 486 LIB.
2286 426 2371 485 Χ.

3302 428 3443 499 1138

182 549 271 607 ιον
296 532 395 602 τῆς
420 530 623 604 ἀρετῆς
645 532 704 586 οὐ
734 530 1075 605 προσήκατο,
1099 532 1189 586 διὰ
1209 534 1269 588 τὸ
1293 537 1432 606 μετά
1458 552 1604 600 τινος
1636 536 1755 588 ἐπι-

1869 534 2059 595 lactum
2105 547 2207 604 est,
2240 554 2351 594 non
2385 536 2648 606 admisit;
2682 539 2883 611 quippe
2937 542 3024 597 cui
3069 557 3292 613 gramen
3350 549 3447 601 ad-

178 623 360 693 μιξίας
388 624 714 694 χορτώδους,
742 624 912 694 ῆγουν
947 622 1231 693 ὲμπαθοῦς
1259 625 1555 690 διαθέσεως
1587 643 1756 679 κατα-

187 713 463 789 εληθῆναι,
500 718 594 771 καὶ
652 717 918 788 μηδαμῶς
970 717 1064 771 τοῦ
1112 716 1357 790 καθαροῦ
1407 721 1612 791 σπόρου
1657 722 1759 791 τὴν

185 811 442 869 ἀπάθειαν
475 810 619 882 ἔχειν
639 827 654 841 ⁸
702 811 872 882 ῆγουν
897 810 972 875 ὡς
1003 810 1078 881 μὴ
1114 811 1182 865 δι’
1215 811 1348 865 αὐτὸ
1376 810 1436 866 τὸ
1466 813 1631 866 καλὸν
1674 830 1760 881 γι-

176 902 404 972 νόμενον
445 901 508 956 τὸ
542 901 705 955 καλὸν
739 902 1095 972 θεασάμενος,
1123 902 1238 956 ἀλλ’
1269 904 1666 974 ἐπιφερόμενός
1704 921 1758 957 τι

174 995 272 1047 καὶ
305 994 546 1058 ζιζάνιον
580 993 931 1066 ἀνθρωπίνης
962 993 1258 1066 ἀρεσκείας
1301 995 1334 1065 ἦ
1378 996 1688 1062 κενοδοξίας
1723 997 1757 1067 ἢ

174 1101 324 1147 τινος
349 1084 518 1155 ἄλλης
546 1085 816 1156 κοσμικῆς
848 1084 1176 1155 ὲμπαθείας.
1210 1085 1330 1156 Χρὴ
1368 1085 1567 1151 τοίνυν,
1600 1088 1756 1157 φησι,

178 1174 455 1246 μηδέποτε
506 1176 807 1247 λαμϐάνειν
860 1174 1075 1230 παῦλαν
1113 1176 1214 1247 τῆς
1257 1180 1610 1249 κατασπορόίς
1650 1179 1757 1232 τῶν

175 1265 401 1334 ἀγαθῶν
442 1265 540 1320 καὶ
585 1266 893 1320 σπουδαίων
946 1268 1239 1337 νοημάτων
1286 1269 1381 1322 καὶ
1432 1269 1605 1339 λόγων
1663 1271 1759 1324 καὶ

178 1354 452 1427 πράξεων,
479 1356 593 1410 ἀλλ’
629 1356 694 1409 ὲκ
724 1356 978 1411 παιδόθεν
1006 1358 1103 1412 καὶ
1139 1358 1302 1429 μέχρι
1333 1359 1538 1430 γήρως.
1572 1360 1759 1416 Ταῦτα

176 1446 286 1515 γάρ
346 1446 672 1517 σημαίνεται
732 1447 922 1518 σαφῶς
980 1448 1069 1502 διὰ
1101 1450 1197 1519 τῆς
1234 1451 1459 1517 πρωΐας
1510 1451 1605 1505 καὶ¹
1659 1451 1759 1523 τῆς

176 1535 467 1606 ἑσπέρας-⁸
508 1540 604 1593 καὶ
641 1540 952 1611 προσευχὰς
1000 1541 1099 1594 καὶ
1147 1540 1459 1611 δοξολογίας
1494 1545 1632 1614 πρὸς
1668 1544 1758 1599 τὸν

175 1629 271 1682 ἐπὶ
297 1631 517 1686 πάντων
560 1632 715 1699 Θεὸν,
750 1633 845 1688 καὶ
876 1635 1134 1705 νηστείας
1182 1634 1281 1699 τὰς
1316 1634 1461 1690 κατά
1503 1635 1756 1708 δύναμιν,

175 1720 273 1773 καὶ
296 1719 395 1792 τὴν
422 1722 703 1794 πραότητα
732 1725 825 1777 καὶ
849 1724 948 1795 τὴν
970 1725 1192 1798 ἀγάπην
1220 1726 1314 1779 καὶ
1338 1726 1436 1797 τὴν
1461 1726 1761 1798 ἐλεημοσύ-

177 1830 275 1884 νην
298 1813 411 1885 ’τὴν
441 1815 579 1887 πρὸς
609 1817 734 1880 τοὺς
764 1817 962 1880 ἐνδεεῖς
1000 1818 1097 1871 καὶ
1142 1819 1393 1889 πτωχοὺς
1426 1820 1758 1890 ἐργάζεσθαι

180 1904 477 1976 φιλοτίμως
510 1907 604 1961 καὶ
633 1908 872 1979 δαψιλῶς
891 1926 904 1939 ·
936 1911 1023 1963 ἴνα
1055 1910 1159 1964 κᾶν
1185 1911 1259 1982 μὴ
1283 1911 1354 1965 τά
1385 1912 1578 1982 πρῶτα
1605 1913 1759 1983 παρά
1791 1893 1834 1951 Β

174 1997 270 2052 τοῦ
300 2001 530 2073 ποιητοῦ
557 2003 649 2057 καὶ
677 2002 941 2058 δεσπότου
976 2003 1362 2075 παραδεχθῶσι
1392 2005 1487 2058 καὶ
1519 2022 1755 2076 στοιχειο

175 2091 334 2161 θῶσι,
373 2095 441 2149 τά
476 2097 611 2168 πρὸς
656 2098 917 2168 ἑσπέραν,
953 2098 1122 2169 ἤγουν
1161 2098 1230 2152 τά
1269 2097 1397 2170 τέλη
1450 2099 1547 2169 τῆς
1586 2099 1756 2169 ζωῆς,

172 2187 273 2258 τὴν
305 2189 576 2261 ἀποδοχὴν
600 2190 782 2257 ἕξουσι
814 2192 910 2245 καὶ
935 2191 1028 2245 τὸν
1060 2191 1282 2245 ἔπαινον
1303 2208 1317 2224 ·
1346 2191 1379 2265 ἢ
1409 2193 1456 2245 εί
1489 2192 1564 2265 μὴ
1586 2192 1757 2247 ταῦτα

175 2281 417 2346 πάντως,
462 2285 669 2338 ἐκεῖνα.
720 2284 781 2337 Εἰ
821 2283 867 2336 δ’
906 2284 1193 2355 ἀμφότερα
1235 2284 1349 2345 τοῖς
1394 2283 1758 2354 παντεφόροις

172 2373 476 2445 ὀφθαλμοῖς
505 2376 600 2430 τοῦ
634 2377 842 2448 Κυρίου
870 2377 978 2431 τῶν
1005 2376 1261 2446 γνώσεων
1282 2376 1467 2443 ἕξουσι
1491 2377 1590 2447 τὴν
1623 2379 1760 2432 ἀπο-

170 2464 359 2535 δοχὴν,
385 2466 538 2521 ἔσται
564 2467 641 2538 τῷ
666 2468 945 2539 σπείροντι
973 2468 1174 2539 μᾶλλον
1194 2469 1255 2521 τὸ
1279 2467 1506 2537 ἀγαθὸν,
1531 2468 1755 2538 ἀγαθὸν,

176 2558 271 2609 καὶ
300 2557 568 2628 πολύχουν
598 2559 805 2631 θερίσει
840 2559 1026 2613 θεόθεν
1056 2561 1154 2632 τὴν
1186 2560 1445 2632 ἀμοιϐήν.
1477 2556 1611 2615 Εἶτά
1651 2578 1759 2632 φη-

176 2665 262 2701 σιν
291 2651 319 2703 ό
350 2650 513 2718 σοφὸς
561 2651 996 2724 Ἐκκλησιαστής
1016 2670 1031 2683 ⁸

1864 630 2086 684 mismm
2120 641 2285 697 esset,
2333 630 2387 685 id
2419 638 2503 685 est
2533 631 2761 688 aﬂ‘ectus
2805 641 2970 704 alque
3014 635 3308 702 cupiditas,
3347 654 3448 694 nec

1863 721 1992 775 vitio
2024 724 2174 777 omni
2226 725 2386 794 plane
2428 734 2641 780 careret
2680 744 2693 780 :
2742 727 2859 783 sive
2905 727 3034 797 quia
3068 728 3295 784 minime
3326 745 3447 788 tan-

1860 826 2025 881 quam
2056 813 2258 868 bonum
2285 817 2643 885 spectaveris,
2673 818 2821 886 quod
2851 833 3041 874 revera
3071 820 3277 874 bonum
3302 831 3441 875 erat.

1861 906 1955 957 sed
1992 904 2157 958 alieni
2214 905 2419 975 aliquid
2476 906 2952 978 superiuduxeris,
2986 918 3042 965 et
3097 911 3291 966 lolium
3340 912 3437 966 hu-

1863 1011 2036 1051 manae
2072 997 2330 1061 levitatis,
2364 999 2615 1055 inanisve
2649 999 2839 1071 gloriae
2862 1001 3053 1069 studii,
3085 1013 3178 1059 aut
3209 1004 3443 1073 alicujus

1860 1089 1925 1141 de
1956 1089 2171 1143 caeteris
2199 1088 2364 1157 hujus
2389 1089 2513 1145 vitae
2534 1091 2948 1159 cupiditatibus.
2989 1090 3177 1163 Itaque
3204 1107 3446 1166 oportet.

1861 1181 2056 1251 inquit,
2092 1198 2371 1253 nunquam
2410 1191 2472 1238 ut
2508 1199 2790 1242 cessemus
2824 1199 2857 1240 a
2886 1185 3154 1242 bonarum
3189 1186 3440 1243 honesta-

1861 1290 2095 1346 rumque
2116 1276 2538 1347 cogitationum,
2560 1286 2617 1332 et
2646 1294 2989 1346 sermonum,
3012 1286 3068 1334 et
3094 1293 3321 1349 operum
3355 1296 3439 1335 ενι

1860 1368 2030 1433 tione,
2059 1382 2185 1423 cum
2213 1368 2281 1422 ab
2308 1368 2422 1438 ipsa
2454 1368 2709 1439 pueritia,
2746 1379 2861 1425 tum
2895 1386 3072 1441 usque
3106 1372 3172 1427 ad
3198 1372 3442 1437 senium,

1863 1462 1978 1518 haec
2012 1461 2157 1516 enim
2199 1460 2491 1517 manifesto
2531 1462 2843 1517 indicantur
2874 1478 2972 1533 per
3028 1463 3357 1518 Matutinum
3394 1474 3448 1518 et

1874 1552 2153 1621 Vcsperum
2180 1568 2198 1604 :
2226 1560 2393 1623 utque
2436 1568 2536 1609 nos
2568 1554 2621 1608 in
2666 1554 3141 1611 obsecrationibus
3189 1570 3449 1610 exercea-

1862 1660 1987 1700 mus
2009 1660 2073 1699 ac
2105 1645 2303 1700 summi
2330 1644 2422 1699 Dei
2454 1646 2730 1707 laudibus.
2755 1655 2809 1702 et
2836 1645 2889 1702 in
2909 1647 3154 1718 jejuniis,
3178 1656 3445 1718 quantum

1865 1737 2007 1791 vires
2044 1737 2248 1803 ferunt,
2275 1745 2328 1792 et
2358 1736 2413 1791 in
2447 1738 2866 1794 mansuetudine
2889 1749 2944 1794 et
2969 1755 3161 1795 amore
3184 1750 3239 1794 et
3285 1740 3448 1794 mise-

1864 1830 2099 1885 ricordia
2131 1845 2260 1902 erga
2290 1845 2494 1901 egenos
2535 1841 2589 1886 et
2624 1845 2898 1902 pauperes.
2941 1832 3188 1888 studiose
3222 1833 3449 1886 omnino

1862 1939 1927 1978 ac
1965 1922 2196 1993 benigne
2238 1941 2251 1977 :
2292 1938 2426 1993 quo,
2464 1922 2511 1979 si
2543 1922 2728 1979 minus
2770 1924 2985 1980 auctori
3027 1933 3220 1981 nostro
3254 1932 3310 1980 et
3351 1926 3448 1980 do-

1860 2016 2011 2071 mino
2040 2023 2188 2085 grata
2229 2021 2391 2085 atque
2416 2023 2636 2086 accepta
2676 2013 2901 2083 fuerint,
2939 2032 3064 2087 qua:
3105 2018 3283 2087 prima
3318 2017 3447 2074 feei-

1861 2123 2004 2175 mus,
2052 2122 2120 2163 ea
2166 2108 2451 2179 praemium
2505 2123 2571 2165 ac
2614 2108 2833 2165 laudem
2881 2110 3138 2177 habeant,
3185 2126 3307 2180 quae
3343 2110 3447 2167 sub

1860 2218 2146 2275 vesperum
2180 2202 2298 2260 sive
2324 2204 2587 2261 extremis
2629 2203 2754 2259 vita:
2775 2205 2970 2260 diebus
3002 2205 3295 2261 fecerimus
3321 2223 3333 2259 :
3361 2206 3447 2261 vel

1859 2297 1906 2351 si
1941 2313 2050 2353 non
2086 2295 2202 2352 haec
2232 2295 2482 2363 omnino,
2528 2296 2719 2353 saltem
2775 2297 2887 2352 illa.
2920 2296 3078 2364 Quod
3128 2300 3176 2353 si
3214 2310 3449 2369 utraque

1858 2388 2059 2445 divinis
2086 2388 2264 2445 oculis
2298 2388 2484 2446 omnia
2516 2389 2878 2446 lustrantibns
2906 2400 2960 2446 et
2988 2392 3448 2462 cognoscentibus

1858 2491 2080 2551 accepta
2110 2490 2297 2549 erunt,
2336 2483 2473 2539 bene
2503 2482 2581 2537 illi
2617 2483 2743 2549 erit,
2784 2484 2876 2551 qui
2909 2484 3032 2555 plus
3068 2485 3445 2549 seminaverit,

1864 2582 1918 2632 et
1947 2590 1977 2629 a
2006 2573 2119 2629 Deo
2148 2573 2359 2631 fructus
2386 2583 2551 2632 metet
2574 2574 2873 2633 uberiores.
2898 2575 2988 2631 Ait
3012 2575 3209 2632 deinde
3228 2576 3450 2646 sapiens

1865 2664 2221 2722 Ecclesiastes
2254 2685 2267 2720 :
3086 2688 3089 2689 ν

1745 2781 1773 2850 ς
1802 2779 1862 2836 ιι.

248 2875 361 2929 Kal
389 2875 585 2946 γλυκὺ
614 2875 681 2930 τὸ
705 2876 850 2946 φῶς.
889 2875 989 2929 καί
1015 2874 1246 2945 ἀγαθὸν
1272 2873 1399 2941 τοῖς
1427 2874 1761 2944 ὀφθαλμοῖς

149 2956 246 3020 ‘i'b
278 2966 536 3030 βλέπειν
558 2967 682 3022 σὺν
704 2968 811 3020 τὸν
835 2968 1015 3034 ἣλιον
1033 2983 1046 2996 ο
1076 2967 1166 3020 ὅτι
1191 2966 1290 3020 καὶ
1309 2967 1418 3021 ἐὰν
1435 2965 1540 3033 ἔτη
1558 2964 1764 3019 πολλὰ

177 3056 416 3122 (dcem:
442 3057 774 3126 ἄνθρωπος,
807 3058 878 3109 ἐν
907 3056 1097 3113 πᾶσιν
1124 3055 1331 3120 αὐτοῖς
1349 3052 1764 3125 εὐφρανθήσε-

177 3164 296 3211 ται,
342 3148 442 3201 καὶ
476 3148 898 3217 μνησθήσεται
931 3149 1038 3214 τὰς
1074 3147 1297 3218 ἡμέρας
1337 3145 1443 3200 τοῦ
1480 3149 1761 3211 σκότους,

178 3240 269 3294 ὅτι
294 3241 519 3299 πολλαὶ
550 3242 819 3296 ἔσονται.

266 3333 598 3397 Ἀκολούθως
628 3334 811 3404 ἔχεται
849 3333 957 3388 τῶν
989 3332 1264 3404 αἰσθητῶν
1292 3333 1540 3399 εἰκόνων,
1580 3333 1667 3386 ἵνα
1695 3332 1764 3386 δι’

179 3426 383 3491 αὐτῶν,
413 3427 486 3490 ὠς
517 3427 586 3480 δι’
614 3428 899 3498 ἐσόπτρων
932 3426 1042 3481 τῶν
1085 3425 1416 3497 ἀρχετύπων
1450 3427 1546 3480 καὶ
1580 3442 1766 3497 κρειτ-

180 3518 355 3574 τόνων
382 3518 732 3586 ἀσυγκρίτως
768 3518 1070 3588 παραδείξῃ
1096 3519 1157 3569 τὸ
1177 3517 1392 3580 κάλλος.
1426 3518 1604 3570 Γλυκῦ
1632 3517 1763 3587 γὰρ,

183 3608 340 3676 φησὶ,
382 3606 545 3661 τοῦτο
575 3610 638 3660 τὸ
675 3607 791 3675 φῶς
826 3608 924 3660 καὶ¹
952 3608 1072 3660 λίαν
1108 3607 1313 3675 ἀγαθὸν
1344 3608 1405 3659 τὸ
1428 3607 1644 3676 δέρκειν
1674 3607 1767 3659 τὸν

180 3698 445 3766 αἰσθητὸν
472 3698 624 3769 ἥλιον
651 3701 771 3761 ταῖς
802 3699 960 3767 ὕψεσι
997 3699 1106 3751 τῶν
1131 3696 1409 3767 αἰσθητῶν
1446 3696 1765 3767 ὀφθαλμῶν.

183 3788 359 3841 Τοῦτο
384 3790 442 3844 δὲ
477 3791 711 3858 φάσκειν
742 3791 838 3844 καὶ
875 3790 1152 3844 διδάσκειν
1199 3790 1473 3861 παρέλκον
1513 3790 1632 3842 ἐστὶ
1673 3790 1769 3841 καὶ

184 3882 464 3951 περιττὸν,
500 3885 550 3936 εί
576 3884 653 3952 μὴ
682 3883 820 3955 πρὸς
845 3882 974 3938 ἀλλο
1023 3902 1073 3936 τι
1100 3885 1353 3953 κρεῖττον
1386 3882 1499 3952 φῶς
1527 3879 1769 3935 suam.

184 3990 302 4038 πει,
332 3976 427 4027 καὶ
451 3974 590 4046 πρὸς
620 3974 710 4028 τὸν
734 3976 926 4046 νοητὸν
953 3977 1054 4046 τῆς
1083 3974 1438 4045 δικαιοσύνης
1467 3974 1621 4045 ἥλιον
1646 3971 1771 4043 βού-

181 4067 337 4121 λεται
367 4069 495 4131 τοὺς
523 4069 802 4139 ἀκροατὰς
828 4068 1248 4139 παραπέμπειν.
1282 4069 1460 4120 Ἱσασι
1492 4065 1601 4137 γὰρ
1629 4062 1777 4125 πάν-”

182 4175 278 4221 τις
307 4158 620 4230 ἄνθρωποι,
664 4160 763 4213 καὶ
802 4160 976 4231 χωρὶς
1024 4159 1120 4214 τοῦ
1159 4157 1626 4230 Ἐκκλησιαστοῦ,
1675 4158 1773 4211 καὶ

180 4252 361 4320 γλυκὺ
390 4252 553 4307 τοῦτο
600 4255 661 4308 τὸ
689 4254 808 4322 φῶς
846 4252 1138 4325 ὑπάρχειν,
1186 4252 1282 4305 καί⁸
1314 4251 1376 4305 τὸ
1419 4250 1641 4322 βλέπειν
1681 4252 1779 4305 τὸν.

180 4348 362 4420 ἥλιον,
392 4348 619 4418 ἀγαθόν.
663 4348 948 4403 Ἐντεῦθεν
974 4349 1083 4420 γὰρ
1109 4348 1143 4419 ὴ
1170 4347 1286 4419 ζωὴ
1317 4347 1426 4400 τῶν
1465 4346 1773 4419 ἀνθρώπων

184 4442 302 4511 ἔχει
326 4441 426 4513 τὴν
454 4440 738 4507 σύστασιν,
756 4440 854 4495 καὶ
882 4439 953 4495 τά
976 4439 1069 4493 τοῦ
1103 4439 1220 4510 βίου
1248 4438 1549 4493 διιθύνεται
1570 4438 1771 4504 πάντα,

186 4533 285 4586 καὶ
326 4531 437 4586 τῶν
481 4533 827 4602 πραγμάτων
856 4532 913 4586 αί
954 4531 1148 4601 φύσεις
1175 4531 1275 4602 τὴν
1306 4530 1597 4601 διαστολὴν
1635 4531 1775 4600 λαμ-

1939 2875 2102 2933 Vens.
2144 2878 2197 2933 7.
2240 2877 2310 2931 Et
2340 2878 2492 2934 dulce
2532 2880 2709 2935 lumen
2748 2893 2797 2935 et
2836 2881 3030 2935 bonum
3071 2879 3238 2933 oculis
3279 2882 3452 2935 videre

1862 2968 2027 3023 solem
2058 2985 2077 3023 :
2102 2970 2228 3038 quia
2256 2973 2354 3024 etsi
2404 2976 2560 3027 annis
2598 2972 2783 3027 multis
2822 2972 3008 3028 uixerit
3041 2972 3219 3035 homo,
3256 2973 3309 3025 in
3340 2989 3453 3025 om-

1863 3060 2017 3115 nibus
2051 3061 2132 3116 Itis
2162 3062 2453 3129 (relabitur,
2481 3071 2531 3118 et
2565 3064 2932 3120 recordabitur
2960 3064 3165 3119 dierum
3212 3066 3453 3119 tenebra-

1864 3170 2002 3220 rum,
2032 3157 2121 3224 qui
2150 3154 2305 3209 multi
2336 3166 2488 3211 erunt
2517 3156 2651 3229 (Η).

1941 3331 2199 3388 Protinus
2236 3333 2526 3389 sensibiles
2554 3333 2820 3405 imagines
2846 3332 3213 3405 persequitur,
3258 3342 3315 3387 ut
3348 3331 3455 3386 illis

1871 3435 2131 3495 tanquam
2159 3426 2396 3496 speculis
2420 3426 2885 3496 pulchritudinem
2919 3426 3081 3497 267
3106 3433 3458 3496 repraesentet

1871 3532 2059 3571 earum
2094 3533 2276 3571 rerum
2317 3534 2440 3587 quae
2474 3518 2759 3589 prmeipum
2784 3526 2934 3584 sunt,
2963 3527 3019 3573 et
3049 3526 3206 3573 extra
3235 3531 3454 3571 omnem

1871 3610 2331 3677 comparationem
2390 3611 2651 3679 potiores.
2708 3610 2874 3667 Dulce
2918 3610 3086 3673 enim,
3130 3596 3326 3681 inquit,
3375 3620 3459 3663 est

1874 3702 1976 3755 hoc
2004 3700 2212 3765 lumen,
2246 3710 2301 3757 et
2328 3702 2482 3757 valde
2514 3703 2715 3758 bonum
2749 3703 2866 3759 acie
2916 3703 3201 3759 oculorum
3240 3711 3457 3758 nostro-

1873 3809 1993 3847 rum
2026 3793 2197 3847 solem
2247 3794 2394 3850 hunc
2424 3796 2811 3865 aspectabilem
2860 3796 3081 3851 intueri.
3119 3795 3245 3850 Haec
3273 3805 3453 3851 autem

1874 3883 2116 3959 proferre
2143 3900 2207 3940 ac
2232 3886 2428 3941 docere
2454 3902 2921 3957 supervacaneum
2947 3897 3218 3959 estatque
3246 3888 3454 3951 inutile,

1874 3978 1979 4034 nisi
2011 3979 2195 4033 lumen
2226 3977 2372 4033 aliud
2404 3980 2750 4048 prtestantius
2790 3979 3067 4050 respiciat,
3095 3988 3148 4033 et
3178 3979 3459 4033 auditores

1875 4072 1941 4127 ad
1973 4072 2273 4141 spiritalem
2291 4072 2519 4141 justitiae
2545 4072 2716 4128 solem
2746 4074 3033 4128 traducere
3056 4071 3206 4126 velit.
3233 4068 3371 4124 Nam
3406 4079 3460 4123 et

1875 4163 1995 4217 sine
2025 4161 2356 4218 Ecclesiaste
2387 4177 2583 4219 omnes
2611 4162 2861 4218 homines
2897 4170 3120 4227 norunt,
3146 4160 3307 4215 dulce
3334 4175 3460 4218 esse

1876 4254 1979 4309 hoc
2008 4254 2212 4324 lumen,
2245 4263 2299 4310 et
2330 4255 2504 4309 solem
2540 4254 2726 4310 videre
2756 4255 2986 4310 bonum.
3014 4252 3145 4307 Inde
3173 4253 3318 4307 enim
3351 4251 3459 4305 vita

1878 4346 2163 4403 hominum
2231 4344 2681 4401 constitutionem
2737 4345 2920 4411 habet,
2968 4352 3024 4398 et
3076 4344 3261 4396 omnia
3314 4342 3462 4396 illius

1877 4441 2065 4496 munia
2093 4439 2427 4509 diriguntur,
2454 4452 2750 4508 rerumque
2781 4446 2993 4492 naturae
3018 4436 3322 4502 discrimen
3371 4450 3463 4489 ca-

1877 4534 2035 4604 piunt
2060 4542 2118 4588 et
2143 4540 2390 4586 mutuam
2416 4530 2844 4586 distinctionem.
2874 4527 3021 4584 Luce
3048 4528 3193 4582 enim
3226 4527 3459 4588 sublata,

185 4624 415 4677 ῦάνουσι
446 4624 544 4679 καὶ
575 4624 852 4695 διάκρισιν
877 4623 973 4678 ἀπ’
1000 4621 1268 4694 ἀλλήλων.
1295 4622 1479 4686 Φωτὸς
1516 4621 1627 4692 γὰρ
1665 4622 1771 4675 ἀπ-

1878 4626 2000 4681 sine
2030 4624 2214 4695 specie
2248 4623 2484 4679 mundus
2522 4631 2692 4688 esset,
2721 4622 2942 4692 vitaque
2972 4622 3093 4676 sine
3122 4620 3254 4674 vita.
3282 4619 3464 4685 Quare

185 4717 362 4780 όντος,
407 4716 650 4786 ἄκοσμος
672 4711 742 4787 ἦν
774 4717 802 4768 ὁ
831 4716 1038 4787 κόσμος
1056 4755 1071 4780 ,
1102 4716 1197 4769 καὶ
1224 4714 1380 4778 ἄ6ιος
1424 4715 1454 4766 ό
1499 4713 1648 4784 βίος·
1678 4715 1776 4768 καὶ

184 4807 279 4860 διὰ
324 4806 483 4860 τοῦτο
534 4807 859 4878 προφθάσας
909 4809 939 4861 ό
985 4806 1224 4877 θεόπτης
1278 4804 1523 4874 Μωῦσῆς
1577 4803 1773 4873 ἐφησεο

196 4918 215 4951 ι
251 4899 362 4952 Καὶ
390 4897 501 4951 ἴδεν
537 4900 566 4952 ό
593 4898 727 4961 Θεὸς
753 4898 814 4952 τὸ
837 4898 976 4969 φῶς,
1004 4898 1101 4952 καὶ
1130 4893 1312 4964 εἶπεν,
1344 4897 1427 4951 ὅτι
1452 4893 1641 4950 καλόν.
1682 4915 1700 4949 ι

264 4992 384 5046 Ἵνα
404 4990 586 5045 τοίνυν
619 4993 695 5063 μὴ
730 4992 1078 5061 παρέλκοντα
1118 4992 1214 5045 καὶ
1257 4990 1494 5062 περιττά
1538 4991 1633 5043 καὶ
1671 4990 1775 5060 μά-

188 5102 321 5139 ταια
366 5084 547 5149 λέγειν
589 5102 675 5148 τις
717 5084 932 5154 οἰηθείη
973 5085 1065 5139 τὸν
1103 5084 1267 5153 σοφὸν
1315 5084 1775 5155 Ἐκκλησιαστὴν,

190 5178 271 5241 ὼς
299 5178 361 5231 τὸ
390 5179 557 5231 πᾶσιν
589 5176 983 5247 ἀριδηλότατον
1018 5179 1115 5231 καὶ
1147 5177 1549 5247 διεγνωσμένον
1580 5192 1778 5246 πειρα-

190 5272 356 5324 θέντα
381 5271 692 5325 διδάσκεινο
726 5274 867 5324 νοεῖν
892 5272 1039 5340 ἡμᾶς
1084 5271 1146 5335 ἐξ
1187 5272 1437 5340 ἀνάγκης
1477 5272 1776 5341 προσῆκεν,

191 5365 273 5429 ὡς
301 5365 390 5418 διά
413 5365 515 5434 τῆς
543 5363 845 5434 ὀνομασίας
875 5362 971 5417 τοῦ
1018 5362 1282 5431 αἰσθητοῦ
1314 5365 1492 5431 φωτὸς
1540 5364 1601 5417 τὸ
1637 5363 1782 5433 μέγα

191 5458 292 5511 καὶ
321 5454 579 5525 ἀληθινὸν
629 5455 725 5507 καὶ
768 5454 944 5510 ἀΐδιον
996 5454 1136 5522 φῶς,
1186 5472 1204 5505 ι
1245 5455 1317 5506 Ὃ
1335 5451 1561 5521 φωτίζει
1602 5454 1779 5507 πάντα

192 5548 485 5618 ἄνθρωπον
509 5547 591 5610 εἰς
614 5545 707 5599 τὸν
728 5546 936 5616 κόσμον
967 5546 1286 5617 ἐρχόμενον,
1315 5564 1333 5597 ι
1372 5544 1618 5614 δηλονότι
1645 5547 1778 5613 Χρι-

194 5640 322 5695 στὸν
354 5640 445 5693 τὸν
477 5639 706 5711 Σωτῆρα
735 5638 829 5693 τοῦ
862 5639 1069 5709 κόσμου
1101 5635 1195 5691 καὶ
1221 5636 1540 5707 Λυτρωτὴν,
1561 5654 1775 5708 προφη-

1876 4717 1968 4772 ille
2022 4717 2117 4772 Dei
2173 4715 2573 4785 contemplator
2623 4714 2840 4785 Moyses
2891 4722 3225 4783 praeverteris
3268 4711 3459 4764 dixit:

1881 4828 1899 4861 ¢
1940 4810 2009 4865 Et
2036 4808 2173 4865 vidit
2195 4807 2341 4864 Deus
2368 4808 2569 4873 lucem,
2610 4817 2663 4861 et
2689 4806 2788 4870 ait,
2824 4806 2955 4875 quia
2984 4805 3189 4859 bonum
3229 4802 3364 4872 (l2).
3404 4821 3421 4852 ι

1948 4986 2025 5043 Ne
2094 4983 2259 5055 igitur
2318 4983 2621 5054 sapientem
2677 4980 3066 5038 Ecclesiastcm
3128 4996 3464 5050 supervacue

1877 5081 2002 5150 quis
2031 5088 2084 5133 et
2116 5076 2353 5132 inaniter
2376 5076 2677 5144 leviterque
2708 5076 2951 5130 locutum
2980 5074 3295 5138 arbitretur,
3340 5088 3461 5142 per—

1879 5173 2003 5227 inde
2034 5170 2214 5240 quasi,
2254 5169 2399 5239 quod
2448 5169 2706 5223 omnibus
2756 5165 3264 5221 manifestissimum
3300 5176 3465 5233 atque

1880 5265 2159 5334 cognitum
2194 5271 2300 5328 est,
2330 5262 2527 5315 docere
2562 5259 2934 5325 contenderit;
2971 5258 3211 5329 cegitare
3242 5273 3341 5311 nos
3371 5271 3466 5311 ne-

1882 5356 2122 5412 cessario
2153 5353 2429 5418 convenit,
2483 5354 2635 5406 illum
2677 5350 3070 5421 prephctarum
3122 5364 3297 5411 more,
3342 5366 3466 5403 cum

1888 5446 2144 5507 sensibile
2198 5447 2382 5503 lumen
2433 5444 2774 5511 nominavit,
2828 5442 2899 5496 ob
2956 5444 3145 5497 oculos
3209 5442 3470 5495 habuisse

1890 5559 2145 5614 maguum
2175 5552 2229 5596 et
2252 5556 2439 5595 verum
2471 5550 2843 5610 aeternumque
2870 5540 3078 5603 lumen,
3105 5539 3249 5609 quod
3288 5557 3306 5586 ι
3343 5538 3466 5589 illo--

1888 5639 2059 5692 minat
2086 5650 2301 5693 omnem
2349 5636 2623 5693 hominem
2677 5628 2982 5690 venientem
3037 5633 3089 5685 in
3131 5632 3273 5687 hunc
3310 5646 3468 5685 mun—

269 5818 380 5885 (Η)
413 5814 627 5890 Qlytnp.
676 5820 771 5890 καὶ
809 5819 1183 5890 μνησθήσεται
1220 5820 1287 5871 τὰ
1335 5818 1473 5890 ἔργα
1520 5817 1615 5868 τοῦ
1668 5818 1985 5882 σγότους....

272 5891 383 5958 (ὶνὶ)
427 5886 531 5942 sed
566 5891 703 5958 apud
735 5888 875 5942 LXX
906 5886 1243 5945 desideratur
1276 5890 1365 5942 καὶ
1388 5886 1563 5942 εἶπεν.
