4166 6434
203 391 330 456 1N!

1287 400 1370 462 IN
1405 400 1989 468 ECCLESIASTEN.
2020 435 2086 442 -
2124 411 2269 469 LIB.
2308 412 2382 470 X.

3328 409 3461 472 1H!

195 524 287 561 του
309 549 324 572 ,
365 505 506 559 ἴδετε
537 504 655 574 φῶς
699 507 842 576 μέγα
865 545 880 570 ,
909 507 1004 564 καὶ
1031 507 1144 577 φῶς
1176 508 1384 582 λάμψει
1411 514 1497 582 ἐφ’
1534 515 1700 585 ὑμᾶς.
1751 535 1770 569 ι

1911 531 2090 586 erunt,
2153 525 2498 578 tenebrarum
2551 523 2668 578 dies
2730 523 3027 578 nominavit
3069 540 3081 576 :
3121 538 3280 592 quos,
3329 525 3463 580 irilo

195 599 306 663 Τάς
338 598 593 663 τοιαύτας
636 601 814 654 τοίνυν
860 601 1073 672 ἡμέρας
1102 603 1202 668 τάς
1229 605 1335 676 πρὸ
1364 607 1464 677 τῆς
1507 608 1778 679 ἀνατολῆς

195 690 286 745 τοῦ
306 692 404 762 τῆς
422 690 774 762 δικαιοσύνης
789 691 996 758 Ἡλίου,
1013 693 1242 758 σκότους
1257 695 1474 770 ἡμέρας
1498 697 1776 768 ὠνόμασε.

196 783 394 837 nam
435 783 545 855 γὰρ
588 783 989 856 ἀριθμούμεναι
1015 785 1302 856 προδήλως
1351 788 1765 861 εὑρεθήσονται·

196 876 319 930 καθ’
369 875 436 940 ἃς
478 877 537 931 έν
564 875 644 948 τῷ
675 876 861 930 σκότει
906 877 1006 946 τῆς
1059 878 1504 952 είδωλολατρείας
1549 885 1642 936 καὶ
1683 883 1780 947 τῆς

191 967 388 1032 ἀθεῐας
426 970 640 1040 ὑπῆρχε
674 968 785 1022 τῶν
832 968 1143 1040 ἀνθρώπων
1171 972 1234 1024 τὸ
1261 974 1420 1041 γένος
1445 1013 1461 1038 ,
1513 968 1590 1028 ὧν
1642 975 1783 1044 μετά

195 1059 296 1131 τὴν
367 1060 705 1132 πρόσῦλεψιν
766 1060 864 1115 τοῦ
939 1062 1202 1133 ἀληθινοῦ
1273 1064 1369 1117 καὶ
1438 1066 1781 1133 γλυκυτάτου

197 1153 377 1222 φωτὸς
414 1153 786 1224 μνησθήσεται
816 1155 1038 1219 πάντως
1076 1157 1106 1210 6
1148 1157 1471 1231 ἄνθρωπος,
1510 1159 1606 1212 καί
1647 1175 1781 1229 φησι

201 1246 594 1314 προσηκόντως
626 1285 644 1312 ,
708 1247 836 1312 Πῶς
902 1250 962 1302 ὲν
1032 1250 1215 1304 σκότει
1271 1253 1611 1324 πορευομένη
1674 1253 1783 1307 τῶν

198 1335 505 1406 ἀνθρώπων
551 1340 585 1408 ἡ
637 1339 836 1407 φύσις,
881 1341 1007 1403 ταῖς
1053 1343 1348 1414 προτέραις
1393 1347 1632 1417 ἡμέραις
1683 1347 1784 1400 οὐκ

201 1423 477 1493 ὲγίνωσκε
533 1425 626 1480 τ’ὸν
677 1429 814 1483 ἴδιον
851 1430 1100 1502 Ποιητὴν
1127 1433 1221 1486 καὶ
1252 1435 1531 1505 Δεσπότην
1559 1437 1654 1489 καὶ
1678 1439 1783 1504 Δη-

207 1515 471 1585 μιουργδν
499 1516 595 1570 τοῦ
628 1518 826 1588 φωτὸς,
867 1518 986 1572 ἀλλ’
1021 1519 1284 1592 ἐλάτρευε
1327 1526 1394 1594 τῇ
1425 1524 1601 1578 κτίσει
1631 1526 1786 1596 παρὰ

203 1605 296 1658 τὸν
328 1607 630 1671 Κτίσαντα,
666 1610 762 1662 καὶ
789 1612 856 1679 τῇ
879 1609 1192 1680 αὐθαιρέτῳ
1216 1613 1313 1682 τῆς
1331 1613 1574 1679 διανοίας
1593 1616 1787 1684 τυφλός-

203 1715 328 1768 τητι
353 1699 744 1766 διαγινώσκειν
775 1705 869 1757 καὶ
894 1707 1221 1776 προσκυνεῖν
1261 1706 1540 1775 ἀναλόγως
1593 1710 1660 1762 ὲκ
1691 1709 1784 1761 τοῦ

207 1791 477 1858 μεγέθους
501 1794 712 1865 καὶτῆς
735 1797 1001 1868 καλλονῆς
1026 1797 1138 1851 τῶν
1172 1798 1488 1869 κτισμάτων
1516 1800 1624 1854 τῶν
1647 1799 1784 1854 πάν-

205 1898 315 1937 των
349 1886 766 1961 ’Δριστοτέχνην
785 1891 879 1943 καὶ
895 1890 1136 1961 Κτίστην
1153 1892 1254 1944 οὐκ
1279 1891 1558 1964 ἠϐουλήθη
1572 1893 1634 1945 τὸ
1659 1893 1782 1949 σύν-

202 1974 327 2029 ολον
353 1993 368 2044 ;
394 1978 456 2031 τὸ
486 1979 618 2032 αὐτὸ
644 1981 700 2034 δὲ
733 1981 891 2034 τοῦτο
925 1983 1020 2034 καὶ
1058 1981 1225 2036 Δαῦἶδ
1267 1984 1295 2035 6
1346 1984 1634 2054 προφήτης
1689 2003 1787 2056 σηοο

1880 629 2133 682 numero,
2164 616 2349 685 plures
2395 615 2583 679 fuisse,
2627 623 2812 685 aperte
2841 616 3141 681 constabit;
3186 631 3296 685 quo
3329 624 3460 674 tem-

1881 721 2013 776 pore
2039 701 2323 762 hominum
2352 721 2528 777 genus
2575 706 2629 759 in
2667 706 2988 761 idololatriae
3015 705 3249 776 caligine
3282 714 3341 759 et
3370 706 3460 759 Dei

1883 799 2228 868 ignoratione
2281 800 2604 855 versabatur
2657 813 2670 850 :
2723 814 2957 869 quorum
3009 799 3218 855 dierum
3275 799 3460 861 homo,

1882 897 2171 958 postquam
2207 904 2396 944 verum
2455 904 2520 944 ac
2564 888 2958 945 suavissimum
2998 890 3179 944 lumen
3223 889 3460 958 aspexit.

1883 980 2112 1036 omnino
2153 979 2552 1045 recordabitur,
2599 989 2661 1035 ut
2702 980 2898 1034 merito
2933 980 3077 1034 dicat
3111 998 3124 1034 :
3172 978 3464 1046 Quomodo

1885 1071 2186 1125 humanum
2214 1085 2386 1140 genus
2407 1070 2462 1125 in
2488 1070 2728 1130 tenebris
2750 1069 3060 1132 ambulans,
3086 1069 3464 1139 superioribus

1885 1162 2078 1219 diebus
2109 1172 2389 1219 auctorem
2414 1178 2478 1218 ac
2507 1165 2796 1218 Dominum
2829 1178 2991 1217 suum
3025 1170 3076 1216 et
3098 1161 3238 1216 lucis
3264 1161 3469 1216 Condi-

1886 1264 2058 1310 torem
2084 1269 2194 1310 non
2219 1255 2581 1325 agnoscebat?
2608 1254 2698 1308 sed
2718 1268 2816 1323 pro
2843 1251 3139 1308 Conditore
3166 1251 3330 1321 269
3353 1267 3464 1305 rem

1888 1346 2167 1402 conditam
2190 1345 2576 1409 venerabatur,
2599 1354 2652 1399 et
2681 1344 2987 1398 voluntaria
3007 1343 3204 1398 mentis
3228 1344 3469 1397 caecitate

1889 1451 1955 1489 ex
1989 1449 2174 1489 rerum
2223 1434 2598 1505 magnitudine
2625 1442 2787 1503 atque
2838 1434 3038 1502 specie,
3091 1442 3151 1487 ut
3184 1449 3281 1504 par
3326 1445 3468 1496 erat,

1891 1528 2157 1598 optimum
2194 1527 2438 1580 omnium
2470 1524 2748 1580 Artiﬁcem
2781 1535 2834 1580 et
2870 1525 3225 1578 Conditorem
3266 1540 3472 1594 cogno-

1891 1632 2044 1673 scere
2068 1625 2231 1686 atque
2257 1617 2486 1670 adorare
2509 1615 2734 1670 omnino
2763 1614 2977 1669 noluit?
3000 1613 3053 1669 Id
3087 1621 3268 1669 autem
3293 1615 3468 1683 ipsum

1892 1716 1946 1761 et
1980 1708 2147 1762 David
2188 1693 2451 1776 propheta
2484 1705 2800 1777 signiﬁcans
2840 1707 2956 1760 ait:
2994 1724 3011 1757 ι
3047 1703 3166 1760 Non
3203 1721 3472 1776 cognove-

1894 1810 2021 1856 runt
2052 1815 2227 1872 neque
2275 1800 2660 1854 intellexerunt
2696 1798 2905 1865 ",rsed
2963 1798 3015 1851 in
3067 1799 3307 1855 tenebris
3351 1815 3475 1868 per-

1893 1892 2375 1948 rexeruntdiaboli
2413 1892 2599 1951 fraude
2630 1893 2863 1963 decepti.
2918 1891 3082 1949 Addit
3131 1893 3326 1950 deinde
3373 1895 3476 1948 Ec—

1894 1984 2175 2041 clesiastes
2209 2004 2220 2038 :

205 2071 422 2140 μαίνων
455 2075 641 2143 φησὶν,
687 2092 706 2126 ι
748 2076 862 2129 Οὐκ
893 2076 1137 2145 ἔγνωσαν
1152 2076 1272 2130 οὐδὲ
1301 2077 1538 2147 συνῆκαν
1569 2093 1583 2108 '
1622 2096 1640 2133 ι
1677 2077 1795 2134 ἀλλ’
1837 2080 1894 2132 έν
1937 2079 2119 2133 σκότει
2150 2079 2593 2150 τῆςδιαϐολικῆς
2613 2083 2994 2154 ἐπορεύθησαν
3014 2084 3312 2152 ἐξαπάτης.
3341 2081 3478 2136 Εἶτά

206 2181 374 2232 φησιν
402 2165 431 2217 ό
471 2166 902 2240 Ἐκκλησιαστής
928 2186 942 2200 ο

1791 2264 1818 2335 §
1849 2265 1937 2318 ιιι.

279 2351 411 2409 Πᾶν
431 2354 496 2406 τὸ
516 2355 848 2424 ἐρχόμενον
880 2361 1227 2427 ματαιότης.

287 2463 308 2496 ‹
343 2445 461 2499 Πᾶν
501 2447 564 2500 τὸ
621 2448 919 2518 έρχόμενον
944 2465 958 2479 ο
999 2470 1016 2501 ι
1058 2453 1246 2516 ποῖονς
1279 2451 1400 2506 οὐδὲ
1450 2451 1559 2524 γὰρ
1587 2452 1797 2523 ἀπροσ-

210 2535 501 2605 όιορίστως
529 2537 653 2591 οὐδὲ
680 2538 915 2608 πάμπαν
967 2541 1298 2605 ἀδιαστόλως
1343 2543 1664 2614 ἐκδέχεσθαι
1695 2545 1800 2614 χρὴ

213 2626 278 2678 τὸ
303 2627 652 2698 λελεγμένον.
685 2626 761 2684 Ἦ
790 2634 898 2702 γὰρ
926 2632 994 2686 ἂν
1017 2634 1308 2704 εὑρίσκετο
1359 2636 1560 2704 μᾶλλον
1587 2639 1615 2690 6
1645 2635 1803 2690 τοῦτο

212 2722 403 2788 φήσας
434 2723 817 2792 ματαιολόγος,
853 2725 928 2788 ὡς
960 2727 1032 2779 τὰ.
1061 2728 1507 2782 συνεκτικώτατα
1545 2732 1640 2783 καὶ
1668 2731 1804 2800 κρά-

214 2826 380 2863 τιστα
428 2811 538 2866 τῶν
585 2814 816 2881 ἀγαθῶν
864 2819 1205 2888 ματαιότητα
1252 2820 1559 2890 κεκληκώς.
1604 2820 1662 2874 Ὀ
1697 2822 1804 2891 γὰρ

206 2905 321 2988 3F];
346 2904 508 2976 δόξης
539 2907 753 2972 Ἥλιος.
781 2910 902 2979 ἦτοι
928 2911 990 2963 τὸ
1014 2913 1159 2981 μέγα
1215 2911 1311 2965 καὶ
1360 2912 1615 2982 ἀληθινὸν
1665 2913 1802 2981 φῶς,

219 2997 355 3067 περὶ
389 2992 451 3052 οὐ
483 3003 767 3072 προσεχῶς
815 2999 958 3065 εἷπε,
994 3022 1011 3054 ι
1049 3004 1230 3058 Γλυκύ
1281 3006 1342 3057 τὸ
1375 3007 1513 3074 φῶς,
1549 3009 1643 3059 καὶ
1668 3009 1807 3074 ἀγα-

220 3088 318 3140 θὸν
343 3093 454 3155 τοῖς
474 3091 781 3162 ὀφθαλμοῖς
812 3094 873 3146 τὸ
916 3094 1136 3163 βλέπειν
1180 3095 1270 3149 τὸν
1297 3097 1468 3166 ἥλιον,
1510 3116 1526 3148 ι
1564 3097 1656 3149 ἐπὶ
1687 3113 1811 3149 συν-

223 3182 409 3253 τελείᾳ
436 3183 548 3235 τῶν
603 3184 818 3238 αἰώνων
863 3187 1154 3251 ἀνατείλας
1215 3189 1688 3258 σεσωματωμένος
1720 3191 1812 3241 ἐπί

224 3275 324 3343 τῆς
363 3273 490 3343 γῆς,
523 3275 621 3344 οὐχ
655 3276 740 3329 ἵνα
777 3277 937 3348 κρίνῃ
967 3278 1056 3330 τὸν
1094 3279 1320 3348 κόσμον,
1354 3279 1467 3332 ἀλλ’
1514 3279 1600 3332 ἵνα
1641 3280 1812 3354 σώσῃ,

227 3365 394 3418 πάλιν
429 3366 708 3421 ἐλεύσεται
736 3370 869 3439 πρὸς
904 3371 964 3421 τὸ
991 3372 1192 3440 κρῖναι.
1221 3372 1328 3423 Καὶ
1370 3371 1479 3442 γὰρ
1521 3372 1730 3441 ἔφασαν
1763 3375 1810 3425 oi

224 3457 470 3526 οὐράνιοι
500 3458 725 3526 ἄγγελοι
780 3461 918 3530 πρὸς
941 3461 1069 3524 τοὺς
1095 3461 1346 3531 μαθητὰς
1377 3461 1543 3516 αὐτοῦ
1567 3464 1659 3516 καὶ
1677 3465 1810 3517 ἀπο-

231 3549 478 3616 στόλους,
519 3570 537 3601 ι
577 3551 807 3621 Ἀνδρες
862 3551 1237 3616 Γαλιλαῖοι,τί
1285 3555 1552 3624 ἑστήκατε
1612 3556 1813 3624 ἐμϐλέ-

229 3658 427 3706 ποντες
484 3644 564 3706 είς
598 3644 690 3696 τὸν
753 3645 984 3714 οὐρανόν
1013 3661 1027 3710 ;
1055 3639 1223 3708 Οὗτος
1255 3648 1282 3698 6
1322 3647 1529 3715 Ἰησοῦς
1557 3649 1584 3699 6
1612 3646 1815 3718 ἀναλη-

228 3734 392 3801 φθεὶς
453 3736 546 3805 ἀφ’
573 3718 728 3806 ὑμῶν
795 3739 876 3799 είς
894 3737 983 3790 τὸν
1017 3737 1266 3808 οὐρανὸν,
1303 3738 1477 3803 οὓτως
1513 3739 1813 3800 ἐλεύσεται,

229 3829 290 3881 ὃν
317 3829 518 3898 τρόπον
549 3830 848 3884 ἐθεάσασθε
884 3831 1047 3884 αὐτὸν
1097 3833 1464 3901 πορευόμενον
1513 3836 1592 3895 εἰς
1615 3835 1704 3886 τὸν
1728 3834 1817 3886 οὐο

229 3921 418 3992 ρανόν.
474 3940 492 3972 ι
536 3921 699 3974 Ἀλλὰ
725 3923 818 3975 καὶ
848 3922 910 3974 τὸ
947 3923 1045 3991 τῆς
1077 3925 1352 3993 σωτηρίας
1387 3923 1544 3993 ήμῶν
1573 3925 1816 3992 Εὐαγγέο

232 4013 348 4065 λιον
373 4010 520 4065 οῦτω
555 4014 720 4082 φησίν
744 4031 755 4043 ·
797 4031 815 4063 ι
855 4014 1027 4066 Ὅταν
1076 4013 1208 4082 ἔλθη
1242 4017 1269 4066 ό
1303 4015 1426 4076 Υἱὸς
1481 4015 1576 4066 τοῦ
1610 4015 1820 4086 ἀνθρώ·

235 4122 341 4158 που
373 4107 431 4158 ὲν
463 4108 528 4174 τῇ
579 4105 705 4176 δόξῃ
754 4105 945 4168 αὐτοῦ,
988 4106 1084 4159 καὶ
1136 4107 1336 4169 πάντες
1372 4107 1422 4158 οἱ
1457 4106 1603 4174 ἅγιοι
1657 4109 1820 4175 ἅγγε-

237 4194 322 4248 λοι
355 4194 471 4264 μετ’
511 4195 700 4248 αὐτοῦ.
751 4213 768 4246 ι
819 4195 907 4258 Ὠς
953 4195 1205 4248 ἐντεῦθεν
1256 4195 1568 4260 ἀκολούθως
1603 4198 1820 4261 ἐλπίζε-

241 4287 366 4340 σθαι
397 4288 490 4340 καὶ
519 4288 618 4358 τὴν
644 4287 754 4340 τῶν
781 4287 1030 4356 οὐρανῶν
1063 4287 1343 4356 βασιλείαν
1364 4329 1377 4352 ,
1415 4289 1508 4342 καὶ
1559 4290 1666 4342 τῶν
1709 4294 1821 4353 τοῖς

239 4375 421 4444 ἁγίοις
458 4376 886 4448 ἐπηγγελμένων
927 4378 1258 4446 ἀπορρήτων
1302 4377 1524 4444 ἀγαθῶν
1559 4380 1658 4449 τὴν
1692 4380 1822 4450 κλη-

246 4466 504 4536 ρονομίαν
540 4467 724 4536 σαφῶς
779 4469 874 4520 καὶ
930 4466 1280 4536 ἀντάμειψιν.
1313 4463 1439 4538 Ἆρ’
1488 4469 1583 4522 οἷν
1645 4471 1823 4523 ἐλθεῖν

243 4555 603 4626 ἐλπιζόμενον
667 4556 872 4610 τούτων
936 4556 1205 4621 ἕκαστον,
1263 4560 1566 4629 ματαιότης
1634 4560 1822 4625 tot-iv;

1969 2359 2132 2416 Vens.
2159 2361 2210 2416 8.
2253 2359 2418 2416 Omne
2448 2361 2652 2414 veniens
2678 2368 2754 2414 est
2779 2361 2985 2412 vanitas
3015 2357 3149 2428 (15).

1975 2471 1992 2506 ι
2023 2453 2196 2508 Omne
2238 2453 2494 2520 veniens;
2537 2471 2555 2506 ι
2592 2452 2840 2522 ecquod?
2877 2449 3063 2521 Neque
3096 2450 3240 2505 enim
3293 2450 3482 2504 indeli-

1902 2545 2013 2598 nite
2042 2545 2268 2599 omnino
2299 2553 2463 2615 atque
2496 2544 2810 2598 indistincte
2840 2542 3219 2612 accipiendum
3267 2549 3350 2596 est
3385 2541 3483 2595 hu-

1900 2636 2143 2706 iusmodi
2192 2637 2421 2692 dictum.
2467 2634 2571 2704 Qui
2619 2637 2762 2690 enim
2822 2635 2927 2690 hoc
2987 2633 3301 2700 alllrmaret,
3354 2649 3486 2689 sane

1902 2727 2198 2795 plurimum
2232 2727 2479 2797 desipere
2511 2727 2801 2792 videretur,
2829 2726 3030 2796 quippe
3061 2725 3157 2796 qui
3190 2725 3484 2780 vanitatem

1905 2817 2232 2885 appellasset
2266 2817 2606 2886 amplissima
2641 2831 2872 2885 quaeque
2924 2816 3194 2870 bonorum
3242 2830 3306 2868 ac
3353 2830 3489 2883 prm-

1906 2907 2266 2963 srantissima.
2303 2907 2394 2962 Sol
2420 2908 2565 2963 enim
2607 2907 2812 2977 gloriae,
2846 2906 2961 2961 sive
2989 2921 3246 2976 magnum
3273 2921 3491 2959 verum-

1908 3015 2014 3070 que
2042 3000 2250 3065 lumen,
2276 2999 2344 3054 de
2370 3013 2480 3068 quo
2512 2999 2674 3054 modo
2705 2998 2843 3052 dixit
2876 3015 2888 3051 :
2934 3015 2951 3050 ι
2995 2997 3163 3052 Dulce
3199 2999 3404 3058 lumen,
3440 3007 3492 3050 et

1911 3093 2112 3146 bonum
2142 3093 2317 3147 oculis
2351 3093 2533 3149 videre
2562 3093 2754 3156 solem,
2804 3111 2823 3143 ι
2865 3092 2956 3160 qui
2988 3092 3092 3147 sub
3123 3091 3284 3146 linem
3319 3107 3491 3146 ssrcu-

1913 3185 2088 3238 lorum
2135 3197 2367 3252 corpore
2414 3185 2648 3238 amictus
2697 3199 2860 3252 super
2894 3194 3094 3238 terram
3134 3191 3360 3237 exortus
3389 3194 3492 3246 est,

1914 3293 2021 3332 non
2051 3285 2110 3332 ut
2143 3277 2407 3331 mundum
2430 3278 2722 3347 judicaret,
2758 3275 2852 3332 sed
2886 3284 2944 3331 ut
2973 3285 3239 3340 servaret,
3273 3292 3491 3331 rursum

1916 3372 2115 3435 veniet,
2146 3371 2452 3440 utjudicet.
2485 3369 2618 3424 Nam
2647 3379 2701 3424 et
2731 3369 2981 3426 caelestes
3005 3369 3186 3440 angeli
3213 3369 3495 3438 discipulis

1912 3463 2033 3533 ejus
2061 3472 2116 3517 et
2142 3464 2402 3533 apostolis
2427 3462 2614 3517 dixere
2644 3483 2654 3517 :
2694 3479 2711 3512 ι
2753 3460 2867 3515 Viri
2898 3461 3128 3527 Galilzei,
3170 3462 3298 3532 quid
3340 3461 3497 3516 statis

1913 3555 2240 3624 aspicientes
2274 3555 2326 3606 in
2393 3553 2630 3608 caelum?
2664 3553 2753 3608 hic
2801 3553 2992 3617 Jesus,
3037 3554 3130 3624 qui
3181 3561 3498 3622 assumptus

1913 3655 1997 3701 est
2034 3662 2064 3700 a
2102 3646 2258 3700 vobis
2305 3647 2358 3700 in
2397 3646 2619 3712 cmlum,
2662 3645 2742 3700 sic
2778 3645 2977 3706 veniet.
3033 3643 3497 3715 quemadmodum

1917 3739 2132 3793 vidistis
2164 3755 2288 3793 eum
2314 3748 2534 3794 euntem
2563 3739 2616 3792 in
2655 3740 2855 3794 cmlum
2880 3739 2939 3796 “.
2969 3750 2988 3785 ι
3010 3733 3217 3802 Quinet
3254 3737 3502 3807 Evange-

1919 3833 2050 3886 lium
2081 3831 2273 3886 salutis
2304 3841 2506 3886 nostra:
2532 3832 2611 3887 sic
2640 3833 2717 3887 ait
2743 3852 2756 3888 :
2786 3852 2803 3884 ι
2835 3832 3065 3899 Quando
3091 3831 3301 3887 venerit
3334 3829 3501 3883 Filius

1920 3923 2158 3978 hominis
2187 3923 2238 3976 in
2274 3923 2444 3993 gloria
2476 3940 2596 3990 sua,
2631 3934 2684 3979 et
2717 3940 2910 3979 omnes
2949 3924 3124 3980 sancti
3165 3922 3344 3994 angeli
3376 3936 3500 3977 cum

1917 4031 1984 4070 eo
2011 4015 2302 4085 (l6)‘7;rut
2331 4016 2454 4071 inde
2479 4028 2759 4086 propterea
2793 4025 2847 4070 et
2889 4030 3115 4087 regnum
3152 4015 3420 4070 caelorum
3452 4024 3506 4068 et

1922 4107 2275 4161 ineﬂ‘abilrnm
2319 4108 2608 4172 bonorum,
2639 4123 2761 4178 qua:
2809 4108 3016 4162 sanctis
3051 4106 3322 4176 promissa
3357 4117 3503 4170 sunt,

1924 4199 2292 4254 hzereditatem
2321 4209 2486 4268 atque
2517 4199 2822 4254 mercedem
2855 4197 3143 4253 manifesto
3170 4210 3392 4266 sperare
3413 4195 3507 4249 de-

1931 4292 2179 4345 beamus.
2211 4289 2350 4344 Num
2379 4291 2543 4358 igitur
2574 4291 2786 4360 singula
2814 4292 2946 4352 hinc,
2975 4304 3097 4358 qua:
3128 4297 3357 4342 ventura
3389 4303 3484 4357 spe

1931 4391 2141 4444 rantur,
2176 4382 2387 4435 vanitas
2424 4382 2592 4436 sunt?
2626 4381 2769 4436 absit
2813 4395 2901 4434 res
2929 4388 3035 4432 tam
3077 4379 3334 4433 absurda.
3374 4377 3512 4430 Deli-

1930 4471 2042 4524 nite
2093 4469 2276 4539 igitur,
2317 4485 2381 4524 ac
2432 4485 2540 4524 non
2580 4470 2699 4524 sine
2741 4469 2891 4537 justo
2933 4467 3251 4524 discrimine
3301 4466 3508 4521 dictum

1934 4561 2076 4616 istud
2108 4577 2138 4614 a
2170 4562 2326 4616 nobis
2355 4563 2528 4633 accipi
2561 4561 2715 4616 decet
2736 4561 2872 4631 (l7).

249 4647 468 4716 ’Δπαγε
497 4649 597 4718 τῆς
617 4648 884 4713 ἀτοπίαςῑ
915 4649 1130 4702 Οὐκοῦν
1168 4648 1692 4721 προσδιωρισμένως
1739 4653 1832 4706 καὶ
1879 4651 2016 4720 μετὰ
2078 4655 2181 4723 τῆς
2244 4653 2564 4723 πρεπούσης
2582 4651 2873 4721 διαστολῆς
2894 4650 3216 4721 ἐκδέχεσθαι
3250 4648 3496 4719 προσῆκε

244 4742 394 4812 ήμᾶς
423 4740 483 4793 τὺ
511 4740 826 4811 εἰρημένον.

314 4832 426 4885 Καὶ
457 4831 566 4902 γὰρ
616 4832 808 4902 ἐπειδὴ
857 4833 1052 4902 γλυκὺ
1086 4834 1151 4885 τὸ
1186 4833 1313 4902 φῶς
1339 4833 1567 4887 ἐκάλεσε
1597 4835 1692 4887 καὶ
1723 4836 1806 4890 τὼ

2004 4834 2168 4905 270
2193 4833 2257 4889 Et
2299 4850 2449 4901 sane,
2477 4843 2765 4904 postquam
2807 4834 2958 4888 dulce
2989 4836 3202 4889 vocavit
3228 4832 3426 4898 lumen,
3459 4844 3515 4889 et

243 4922 429 4990 ἣλιον
456 4924 520 4978 τὸ
549 4923 812 4988 βλέπειν
832 4925 958 4989 τοῖς
992 4925 1331 4993 ὀφθαλμοῖς
1361 4927 1609 4994 ἀγαθὸν,
1643 4927 1742 4996 τῆς
1769 4927 1828 4991 ἐξ

242 5013 418 5084 ὕψους
439 5015 800 5086 ἐπιφανείσης
833 5016 1105 5082 ἀνατολῆς
1132 5018 1369 5086 Χριστοῦ
1396 5015 1494 5070 τοῦ
1517 5017 1653 5071 Θεοῦ
1671 5019 1829 5089 ήμῶν

240 5107 346 5178 τὴν
378 5106 796 5179 ἑνανθρώπησιν
825 5109 920 5162 καὶ
957 5110 1264 5179 παρουσίαν
1288 5109 1790 5180 προκαταγγέλλων
1812 5153 1825 5173 ,

243 5198 560 5264 ἀκολούθως
615 5201 954 5272 προφητεύει
977 5202 1072 5253 καὶ
1101 5202 1200 5270 τὴν
1223 5201 1342 5253 κατ’
1364 5201 1530 5254 αὐτοῦ
1554 5202 1663 5254 τῶν
1697 5203 1830 5255 ἀταα

321 5358 369 5389 ⁸⁸
398 5355 543 5413 Psal.
574 5372 734 5411 um
767 5396 780 5421 ,
807 5356 859 5410 5.
938 5357 983 5387 ²⁶
1013 5355 1132 5411 Act.
1163 5372 1202 5421 r,
1239 5356 1322 5410 ll.
1403 5357 1447 5387 ’τ
1473 5349 1638 5406 Mare.
1671 5365 1786 5418 \‘lll,
1820 5359 1910 5410 58.

327 5469 440 5540 (15)
474 5469 686 5541 Olymp.
725 5470 952 5541 καὶ-πᾶν
982 5470 1135 5541 τὸ...Ῐ

325 5539 439 5611 (16)
471 5539 603 5594 an.
663 5557 738 5600 Ix,
765 5539 855 5611 96.
895 5540 963 5593 At
1006 5541 1087 5611 in_
1119 5539 1363 5611 Vulgatis
1387 5609 1404 5611 _
1425 5539 1832 5611 exemplaribus

248 5609 441 5680 leges:
478 5611 645 5682 Ὅταν
706 5609 834 5682 ἔλθῃ
885 5612 946 5682 ἐν
976 5611 1041 5682 τῇ
1069 5609 1201 5682 δόξῃ
1247 5609 1409 5664 αὐτοῦ
1464 5613 1560 5662 καὶ
1590 5610 1682 5662 τοῦ
1718 5609 1831 5662 llat-

252 5679 382 5752 τρδς
405 5679 634 5752 καλ-τῶν
668 5681 840 5752 ἁγίων
873 5680 1144 5746 ἀγγέλων.

330 5751 440 5818 (ΓΙ)
475 5749 597 5806 "mc
631 5752 682 5806 in
738 5749 984 5815 Vulgatis
1035 5748 1302 5820 superiori
1361 5753 1647 5804 sententia:
1705 5769 1829 5804 mn-

263 5819 444 5890 juncta
476 5821 708 5890 legimus
738 5840 751 5874 ι
787 5821 842 5876 Si
868 5822 1022 5874 annis
1059 5819 1234 5878 multis
1277 5823 1461 5877 vixerit
1491 5822 1664 5884 homo,
1697 5833 1746 5875 et
1775 5841 1827 5876 ιη

1938 4928 2131 4980 bonum
2163 4927 2300 4980 dixit
2341 4927 2501 4981 solem
2538 4926 2704 4980 oculis
2736 4928 2953 4989 intueri,
3008 4926 3516 4980 inhumanationcm

1938 5031 1990 5073 et
2024 5020 2316 5072 adventum
2349 5018 2720 5086 praenuntians
2752 5032 2817 5070 ex
2864 5017 2975 5070 alto
3014 5015 3328 5086 apparentis
3364 5023 3518 5070 ortus

1937 5108 2138 5164 Christi
2181 5108 2272 5164 Dei
2308 5109 2519 5174 nostri,
2565 5125 2908 5179 consequens
2951 5118 3054 5172 est,
3095 5117 3155 5162 ut
3193 5109 3520 5166 vaticinetur

1939 5211 1990 5256 et
2040 5200 2394 5257 scelestorum
2430 5201 2740 5257 Judaaorum
2781 5203 3044 5257 adversus
3075 5217 3198 5257 eum
3248 5202 3516 5256 temulen-

1940 5468 2018 5521 his
2067 5470 2309 5522 erunibus
2349 5473 2561 5520 thatus
2625 5468 2806 5533 fuerit,
2865 5466 3162 5518 meminisse
3212 5463 3357 5516 debet
3385 5475 3522 5518 (cne-

1941 5541 2082 5591 lrrosi
2115 5540 2359 5602 temporis
2392 5549 2438 5590 cl
2469 5539 2674 5589 dierum
2704 5538 2991 5589 multorum
3029 5554 3046 5588 :
3100 5535 3191 5603 qui
3219 5550 3336 5587 cum
3368 5551 3519 5587 vene-

1945 5612 2073 5673 rint,
2106 5610 2354 5662 vanitatis
2406 5618 2697 5676 arguuntur
2743 5609 3037 5675 pransi-ita.
3092 5609 3222 5671 Quae
3276 5604 3379 5676 hoc
3427 5620 3525 5659 nos

1942 5682 2139 5736 doct-rc
2176 5681 2451 5738 videntur.
2476 5675 2670 5731 ’uIilem
2705 5696 2824 5731 esse
2855 5677 3059 5731 homini
3087 5675 3405 5728 memoriam
3433 5691 3524 5728 su-

1943 5751 2111 5816 premi
2138 5749 2269 5810 diei,
2303 5749 2503 5818 quippe
2531 5751 2659 5816 quia
2687 5751 2787 5802 sub
2815 5759 3043 5803 mortem
3072 5746 3309 5814 denique
3339 5761 3527 5801 rerum

1943 5822 2150 5874 vanitas
2183 5837 2301 5876 sese
2349 5819 2682 5876 manifestat.
