4166 6434
147 394 286 460 1145

1244 393 1322 451 IN
1364 383 1946 451 ECCLESIAS‘I’EN‘.
1980 408 2044 416 -
2089 382 2230 440 Hii.
2273 383 2344 441 Χ.

3281 376 3413 442 1146

1723 493 1852 564 ςν.

208 603 312 658 Kal
351 602 660 670 περιπάτει
690 605 759 654 ἐν
789 601 949 666 ὁδοῖς
979 599 1227 667 καρδίας
1272 611 1386 650 σου
1438 597 1676 664 ἄμωμος
1701 631 1714 655 ,
1749 595 1793 648 Α

139 697 335 751 καὶέν
385 695 589 763 ὁράσει
637 693 967 763 ὀφθαλμῶν
1025 709 1171 746 σου’
1229 691 1327 743 καὶ
1377 687 1580 758 γνῶθι,
1629 685 1720 738 ὅτι

136 790 233 844 ἐπὶ
265 787 416 843 πᾶσι
454 787 688 851 τούτοις
720 786 849 850 ἄξει
888 801 961 840 σε
989 788 1022 838 ό
1055 785 1198 850 Θεὸς
1229 785 1316 848 εὶς
1347 781 1548 851 κρίσιν
1581 795 1597 809 ⁶
1625 775 1724 830 καὶ

137 883 498 948 ἁπόστησον
533 880 729 947 θυμὸν
753 879 872 938 ἀπὸ
906 878 1154 946 καρδίας
1193 892 1332 939 σου,
1363 874 1463 927 καὶ
1532 869 1723 938 παρά-

140 991 283 1044 γαγε
332 973 632 1041 πονηρίαν
662 973 780 1026 ἀπὸ
809 972 1047 1039 σαρκός
1087 984 1227 1033 σου,
1286 968 1376 1021 ὅτι
1414 968 1454 1035 ἠ
1512 967 1724 1030 νεότης

140 1066 241 1120 καί
271 1067 310 1134 ή
347 1064 525 1118 ἄνοια
540 1064 892 1131 ματαιότης.
949 1063 1058 1117 Kal
1107 1062 1412 1132 μνήσθητι
1457 1057 1569 1111 τοῦ
1596 1056 1727 1110 Κτί-

143 1158 371 1224 σαντός
407 1172 482 1211 σε
503 1157 572 1210 ἐν
604 1154 796 1225 ἡμέρᾳ
821 1156 1108 1224 νεότητός
1143 1170 1282 1217 σου,
1339 1152 1450 1217 ἓως
1504 1146 1576 1206 οὗ
1636 1148 1724 1217 μὴ

140 1251 405 1304 ἔλθωσιν
424 1249 637 1318 ἡμέραι
665 1247 781 1315 τῆς
802 1247 1002 1314 σκιᾶς,
1032 1246 1132 1301 καί
1163 1245 1480 1316 φθάσωσιν
1497 1243 1622 1309 ἐτη,
1655 1241 1727 1294 ἐν

141 1339 233 1410 οἷς
255 1343 410 1411 ἐρεῖς
429 1359 442 1374 ·
479 1344 603 1396 Οὐκ
638 1341 770 1394 ἐστι
798 1357 902 1410 μοι
931 1341 1000 1394 ἐν
1021 1339 1228 1406 αὐτοῖς
1262 1339 1510 1407 θέλημα.

216 1520 430 1574 Οὐκοῦν
460 1520 569 1590 ἄρα
602 1519 781 1590 μάτην
810 1519 952 1582 τινὲς
989 1519 1084 1572 καὶ
1112 1518 1482 1590 παραφρόνως
1541 1517 1728 1588 ᾠήθη-

145 1632 247 1666 σαν
289 1613 714 1682 παρεγγυᾶσθαι
773 1613 865 1666 τὸν
933 1611 1098 1683 σοφὸν
1161 1610 1600 1681 Ἑκκλησιαστὴν
1650 1608 1728 1678 τῷ

145 1707 419 1776 νεανίσκῳ
449 1708 507 1759 ὲν
535 1708 656 1768 ταῖς
694 1705 835 1766 ὁδοῖς
865 1703 976 1758 τῶν
1015 1705 1163 1758 ἰδίων
1192 1703 1522 1775 θελημάτων
1563 1719 1725 1773 περι-

148 1798 366 1857 πατεῖν,
399 1795 496 1848 καὶ
536 1797 657 1858 ταῖς
723 1793 1032 1857 θελκτικαῖς
1083 1794 1310 1867 ὁράσεσι
1369 1794 1465 1848 καὶ
1504 1793 1728 1864 τέρψεσι

145 1887 259 1940 τῶν
293 1885 594 1957 ὀφθαλμῶν
621 1885 1069 1940 κατακολουθεῖν.
1131 1885 1337 1940 Ἀνεῖλε
1398 1885 1506 1958 γάρ
1549 1885 1727 1959 πάντη

145 1980 250 2049 τὴν
272 1979 530 2050 τοιαύτην
570 1977 843 2049 ὑπόληψιν
882 1980 938 2032 ὲν
973 1979 1050 2050 τῷ
1079 1979 1268 2048 φάναι,
1305 1998 1324 2032 ‹
1361 1980 1473 2034 Καὶ
1539 1979 1730 2049 γνῶθι,

146 2073 234 2125 ὅτι
264 2072 356 2125 ἐπὶ
390 2073 526 2125 πᾶσι
551 2071 765 2135 τούτοις
795 2071 915 2139 ἄξει
939 2090 997 2125 σε
1025 2073 1053 2125 ὁ
1083 2071 1212 2136 Θεὸς
1252 2073 1332 2137 είς
1364 2071 1544 2142 κρίσιν
1571 2089 1584 2102 ·
1641 2072 1735 2125 καὶ

148 2164 466 2233 ἁπόστησον
497 2163 670 2234 θυμὸν
705 2163 814 2217 άπὸ
861 2163 1090 2235 καρδίας
1122 2181 1239 2230 σου,
1283 2166 1377 2218 καὶ
1440 2163 1734 2235 παράγαγε

148 2256 422 2326 πονηρίαν
443 2256 553 2310 ἀπὸ
581 2255 789 2327 σαρκός
821 2273 938 2321 σου,
971 2258 1058 2309 ὅτι
1092 2257 1125 2328 ή
1160 2256 1351 2327 νεότης
1391 2256 1482 2308 καὶ
1510 2256 1543 2326 ἡ
1579 2255 1736 2308 ἄνοια

152 2347 482 2417 ματαιότης.
527 2365 546 2399 ι
579 2348 641 2400 El
687 2346 798 2417 γὰρ
821 2347 912 2400 τὸν
946 2347 1047 2415 τῆς
1073 2347 1310 2418 κρίσεως
1345 2346 1508 2414 λόγον
1531 2346 1625 2398 καὶ
1645 2346 1736 2398 τὸν

147 2437 256 2506 τῆς
286 2437 702 2500 άνταποδόσεως
734 2437 841 2508 πρὸ
898 2437 1007 2493 τῶν
1054 2436 1354 2507 ὀφθαλμῶν
1405 2434 1498 2489 τοῦ
1558 2437 1736 2491 νεανί-

153 2545 291 2582 σκου
329 2528 546 2600 τίθησιν
587 2529 885 2599 άριδήλως,
917 2530 984 2583 δι’
1016 2528 1200 2582 αὐτῶν
1259 2529 1369 2582 τῶν
1404 2530 1584 2600 ῥητῶν
1643 2531 1738 2582 καὶ

151 2620 546 2689 παρεγγυᾶται
577 2620 670 2672 τδν
702 2618 875 2690 θυμὸν
904 2619 1013 2674 ἀπὸ
1044 2621 1143 2688 τῆς
1183 2618 1416 2690 καρδίας
1473 2618 1738 2688 ἐξορίζειν

153 2714 252 2766 καὶ
281 2715 474 2786 πόρρω
507 2716 705 2780 ποιεῖν,
734 2712 830 2767 καὶ
881 2710 984 2781 τῆς
1040 2713 1242 2784 σαρκὸς
1299 2713 1397 2776 τὰς
1444 2713 1740 2783 summa;

151 2804 356 2874 ⁴ἡδονὰς
379 2804 453 2868 ῶς
485 2804 755 2874 πονηρίαν
802 2803 1181 2876 παραϐλέπειν
1228 2804 1324 2857 καὶ
1383 2806 1688 2874 συμπατεῖν
1723 2822 1738 2836 ·

153 2895 406 2964 εῠδηλον,
440 2895 515 2959 ὡς
535 2895 644 2949 τῶν
675 2895 945 2966 ὲμπαθῶν
989 2895 1287 2949 διαθέσεων
1345 2898 1440 2948 καὶ
1487 2896 1742 2965 πράξεων

138 2988 561 3060 ’ἁμαρτητικῶν
593 2988 689 3042 καὶ
725 2989 840 3042 τῶν
888 2987 1176 3059 σαρκικῶν
1236 2989 1596 3060 φαυλοτήτων
1650 2991 1743 3043 τὸν

154 3082 454 3135 νεανίσκον
485 3080 810 3151 ἁλλοτριῶν,
849 3079 948 3150 τὴν
981 3081 1370 3152 πνευματικὴν
1400 3083 1742 3152 εὐφροσύνην

155 3173 309 3243 ἔχειν
363 3173 671 3242 εῑσηγείται
705 3172 800 3224 καὶ
826 3172 927 3242 τὴν
979 3172 1348 3242 άγαθωσύνην
1383 3175 1442 3226 ἐν
1490 3177 1602 3237 τοῖς
1644 3191 1743 3228 τα-

160 3265 347 3336 μείοις
373 3268 472 3335 τῆς
507 3264 738 3335 καρδίας
766 3265 868 3334 τῆς
904 3265 998 3319 ἐπὶ
1025 3264 1118 3318 τὸν
1177 3265 1415 3335 Χριστὸν
1455 3267 1552 3320 καὶ
1606 3265 1742 3318 Θεὸν

156 3358 328 3429 ἡμῶν
355 3359 451 3412 καὶ
476 3359 711 3429 Σωτῆρα
737 3359 832 3411 τοῦ
868 3360 1078 3429 κόσμου
1113 3359 1212 3412 καὶ
1243 3360 1545 3432 Λυτρωτὴν
1612 3362 1746 3416 εἰλι-

157 3450 388 3523 κρινοῦς
421 3451 646 3521 ἀγάπης
676 3451 774 3505 καὶ
837 3449 1099 3514 πίστεως,
1131 3448 1194 3502 ὃν
1247 3450 1343 3503 καὶ
1385 3450 1749 3519 γλυκύτατον,

157 3540 243 3604 ὡς
280 3541 504 3611 καὶτῆς
539 3541 888 3609 δικαιοσύνης
906 3540 1192 3610 ὠνόμασεν
1218 3541 1428 3605 Ἥλιον,
1487 3544 1609 3605 ταῖς
1667 3545 1753 3596 αἰ-

162 3633 401 3702 σθηταῖς
431 3633 606 3686 εἰκόσι
652 3634 745 3686 καὶ
782 3633 896 3696 τοῖς
945 3633 1247 3703 ὁρωμένοις
1308 3635 1403 3687 καὶ
1438 3637 1752 3706 προχείροις

161 3726 582 3796 παραδείγμασι
611 3725 721 3778 τῶν
757 3724 1174 3796 ὑπερουρανίων
1206 3729 1300 3780 καὶ
1329 3726 1494 3781 θείων
1514 3730 1749 3800 ἀρχετύ-

164 3863 380 3920 actibus
407 3862 538 3923 suis,
566 3871 615 3914 et
639 3860 913 3914 induentes
951 3877 1159 3923 novum,
1185 3877 1324 3926 eum,
1347 3863 1438 3932 qui
1468 3876 1753 3919 renovatur

165 3937 228 3987 in
262 3934 609 4001 agnitionem,
633 3943 919 3983 secundum
949 3933 1234 4001 imaginem
1257 3933 1395 3997 eius,
1437 3935 1528 4000 qui
1555 3937 1750 3990 creavit

165 4004 326 4075 illum
348 4002 583 4075 Δ((Σοίοξξ.
613 4001 786 4075 ιιι-9)
821 4001 946 4075 :_his
978 4017 1174 4070 nempe
1213 4010 1271 4075 et
1305 4003 1580 4075 similibus
1605 4007 1751 4075 Apo-

166 4074 303 4130 ειιοιί
341 4072 594 4126 formulis
647 4070 727 4126 uti
790 4071 1036 4125 solemne
1083 4080 1169 4126 est
1213 4070 1504 4137 Patribus,
1543 4070 1666 4130 sive
1685 4077 1754 4131 de

169 4145 356 4198 salute
397 4143 638 4196 humano
678 4141 864 4209 genteri
928 4142 1193 4196 divinitus
1239 4151 1391 4211 parta
1438 4159 1751 4201 sermonem

173 4215 437 4274 habeant,
468 4213 584 4266 sive
621 4227 720 4265 nos
771 4213 837 4264 ad
896 4227 1094 4279 pravos
1143 4214 1343 4266 veteris
1402 4215 1523 4267 vitm
1573 4231 1755 4271 mores

169 4283 552 4407 «lamentlandos
608 4296 918 4350 novamque
951 4283 1118 4336 vitam
1149 4291 1338 4338 sancte
1363 4284 1755 4341 instituendam

201 4363 487 4407 tortentur.

201 4363 487 4407 tortentur.

173 4425 460 4547 @933}
489 4421 631 4476 LXX
663 4422 889 4475 habent.
909 4462 946 4476 ..
976 4422 1089 4475 Καὶ
1123 4423 1197 4494 μὴ
1225 4426 1281 4477 ἐν
1303 4424 1560 4495 ὁράσει...
1583 4425 1759 4490 δθεδς

269 4513 302 4546 κ
346 4512 472 4545 ισει.

257 4512 366 4632 (9;)
399 4562 550 4636 Quos
605 4563 693 4636 hic
734 4571 920 4636 noster
947 4577 1188 4636 accuset.
1225 4565 1386 4634 plane
1414 4566 1750 4636 ignoramus.

1896 679 2075 733 V'ens..
2094 679 2146 740 9,
2196 678 2277 733 10.
2315 675 2380 729 Et
2410 673 2626 728 ambula
2670 677 2722 728 in
2764 675 2861 728 viis
2892 674 3069 728 cardis
3101 674 3179 727 tui
3222 675 3414 728 imma-

1825 772 2057 834 culatus,
2079 781 2126 823 et
2158 770 2212 822 in
2240 770 2434 822 visione
2457 765 2733 818 oculorum
2755 777 2997 831 tuorum;
3021 776 3072 820 et
3103 767 3256 832 scito,
3290 768 3413 836 quia

1823 878 1980 930 super
2013 860 2258 913 omnibus
2280 859 2360 910 Itis
2398 857 2623 910 adducet
2671 864 2720 908 te
2760 855 2898 909 Deus
2934 858 2986 910 in
3025 858 3293 926 judicium
3321 867 3412 911 :et

1825 954 2014 1022 repelle
2048 954 2185 1006 iram
2211 951 2416 1005 acorde
2449 960 2561 1014 tuo,
2594 958 2644 1003 ct
2681 949 2836 1017 aufer
2876 949 3140 1002 malitiam
3185 967 3216 1003 a
3252 967 3413 1003 carne

1827 1055 1942 1105 tua.
1992 1045 2121 1116 quia
2165 1042 2524 1096 adolescentia
2572 1052 2622 1096 et
2671 1041 2912 1095 stultitia
2942 1041 3148 1094 vanitas
3193 1053 3291 1095 est.
3346 1043 3412 1096 Et

1827 1147 2082 1191 memento
2109 1133 2412 1188 Conditoris
2435 1135 2513 1186 tui
2538 1138 2594 1186 iu
2621 1134 2804 1186 diebus
2832 1133 3130 1201 juvetttutis
3168 1143 3292 1199 tute,
3321 1152 3413 1187 us-

1826 1244 2025 1300 quequo
2068 1242 2171 1280 non
2217 1225 2427 1279 veniant
2469 1223 2581 1277 dies
2625 1223 2857 1288 umbrae,
2899 1232 2948 1277 et
2998 1225 3417 1294 appropinquent

1828 1321 1973 1384 anui,
2025 1320 2080 1373 in
2109 1317 2300 1388 quibus
2331 1317 2475 1370 dices
2507 1333 2524 1369 :
2559 1313 2684 1370 Non
2725 1324 2802 1369 est
2835 1314 2964 1368 mihi
3014 1315 3067 1367 in
3095 1314 3203 1368 illis
3231 1316 3418 1369 volun-

1831 1422 1912 1466 tas
1944 1412 2025 1481 (et
2041 1412 2080 1481 ).

1899 1505 2128 1560 Temere
2157 1500 2410 1574 profecto
2450 1510 2613 1571 atque
2650 1499 2977 1570 insipienter
3017 1507 3275 1570 putarunt
3297 1499 3420 1568 qui-

1827 1599 1982 1665 dam,
2020 1599 2320 1669 sapientem
2364 1597 2730 1651 Ecclesiasten
2767 1594 3098 1649 adolescenti
3133 1603 3414 1648 auctorem

1829 1707 1973 1756 esse,
2013 1702 2072 1746 ut
2116 1707 2210 1746 eas
2259 1691 2406 1746 ineat
2435 1690 2572 1753 vias,
2616 1704 2754 1758 quas
2799 1687 3038 1742 maxime
3072 1687 3221 1752 velit,
3256 1695 3421 1756 atque

1831 1782 2274 1856 spectaculorum
2328 1781 2613 1836 illecebras
2669 1789 2723 1833 et
2773 1779 3057 1834 oculorum
3112 1779 3420 1847 voluptates

1833 1883 2180 1931 consectetur
2211 1873 2347 1945 (22).
2411 1870 2545 1926 Nam
2589 1869 2958 1940 suspicionem
3013 1868 3176 1938 272
3232 1868 3422 1936 hujus-

1839 1969 1984 2025 modi
2029 1969 2256 2024 omnino
2290 1966 2534 2030 sustulit,
2565 1980 2692 2020 cum
2726 1963 2849 2018 ait:
2901 1980 2921 2014 ι
2967 1961 3034 2015 Ει
3077 1962 3236 2026 scito,
3293 1960 3421 2030 quia

1837 2079 1998 2133 super
2037 2062 2295 2116 omnibus
2333 2059 2418 2114 his
2449 2059 2681 2114 adducet
2719 2066 2771 2111 te
2820 2056 2967 2111 Deus
3010 2056 3062 2108 in
3102 2053 3368 2122 judicium
3404 2071 3417 2106 :

1836 2165 1889 2211 et
1924 2155 2122 2225 repelle
2163 2153 2301 2207 iram
2360 2167 2389 2206 a
2430 2150 2597 2206 corde
2634 2159 2750 2214 tuo,
2805 2155 2858 2201 et
2891 2146 3046 2200 aufer
3081 2145 3342 2198 malitiam
3390 2159 3417 2197 a

1837 2264 2002 2306 carne
2024 2258 2135 2312 tua,
2155 2245 2284 2317 quia
2311 2243 2678 2300 adolescentia
2702 2249 2753 2296 et
2779 2239 3005 2296 stultitia
3026 2238 3240 2292 vanitas
3261 2245 3362 2290 est.
3397 2254 3416 2286 ι

1838 2340 1971 2396 Nam
1996 2342 2039 2396 si
2065 2340 2256 2412 judieii
2283 2351 2447 2406 atque
2468 2332 2932 2390 remunerationis
2967 2346 3273 2386 sermonem
3298 2338 3423 2383 ante

1838 2435 2027 2490 oculos
2061 2429 2423 2486 adolescentis
2464 2425 2759 2481 manifesto
2800 2422 3075 2493 proponit,
3114 2421 3423 2490 iisdemque

1840 2527 2021 2580 verbis
2065 2524 2411 2583 cohortatur,
2450 2528 2508 2572 ut
2547 2518 2684 2571 iram
2722 2515 2790 2569 ab
2823 2515 3009 2568 animo
3043 2513 3330 2583 prohibeat
3361 2527 3426 2566 ac

1842 2615 2033 2688 procul
2077 2612 2354 2676 amandet,
2404 2618 2573 2679 utque
2603 2605 2951 2662 detestabiles
2982 2605 3230 2674 corporis
3265 2603 3424 2658 volu-

1841 2717 2038 2779 ptatcs,
2073 2715 2332 2775 tanquam
2367 2701 2542 2768 nefas,
2575 2699 2843 2770 despiciat
2862 2712 2927 2751 ac
2957 2706 3235 2767 proterat;
3270 2696 3429 2766 plane

1842 2801 2032 2869 liquet.
2060 2813 2126 2853 eo
2149 2799 2328 2868 ipsum
2366 2802 2634 2864 spectare,
2667 2800 2730 2846 ut
2759 2790 3160 2846 adolescentem
3191 2802 3222 2843 ι
3251 2787 3430 2857 pravis

1844 2891 2129 2948 aﬂectibus
2156 2898 2211 2942 et
2258 2886 2420 2941 malis
2467 2885 2682 2939 actibus
2719 2895 2775 2939 et
2829 2881 3154 2951 corruptelis
3201 2890 3429 2944 avertat.

1847 2995 2014 3052 utque
2066 2977 2369 3049 spiritalem
2420 2975 2661 3030 laetitiam
2721 2973 2953 3031 suadeat
3008 2982 3063 3027 et
3114 2972 3429 3025 interiorem

1848 3074 2017 3129 animi
2043 3071 2365 3134 bonitatem,
2399 3085 2521 3140 qua:
2553 3068 2606 3121 in
2645 3066 2913 3123 cbaritate
2943 3065 3196 3119 consistit
3224 3079 3288 3118 ac
3329 3063 3433 3116 [ide

1847 3181 1978 3236 erga
2020 3165 2299 3218 Christum
2350 3170 2404 3216 et
2454 3160 2624 3215 Deum
2686 3169 2936 3214 nostrum
2994 3156 3338 3212 Servatorem
3371 3171 3435 3210 ac

1771 3290 1813 3348 ο
1849 3257 2265 3325 Redemptorcm
2290 3250 2500 3314 mundi,
2526 3264 2687 3320 quem
2707 3257 2762 3304 et
2786 3249 3188 3312 dulcissimum,
3216 3253 3276 3301 ut
3303 3247 3434 3300 item

1847 3347 2075 3418 justitiae
2111 3343 2296 3398 Solem
2343 3340 2653 3410 appellavit,
2708 3355 2819 3410 quo
2871 3339 3202 3408 imaginibus
3257 3338 3435 3390 obviis

1851 3437 2225 3508 exemplisque
2277 3432 2597 3503 vulgaribus
2664 3447 2731 3486 ac
2779 3431 2986 3500 paratis
3041 3428 3435 3500 appellationes

1853 3531 2119 3588 indicaret
2163 3525 2558 3593 exemplarium
2594 3523 2901 3579 caelestium
2937 3538 3003 3577 ac
3033 3522 3342 3576 divinorum
3382 3528 3437 3575 et

1854 3620 2211 3678 eﬂ‘ectricium
2243 3632 2556 3672 causarum.
2583 3614 2720 3670 lllud
2752 3615 2895 3670 enim
2924 3615 3082 3670 dulce
3111 3615 3318 3675 lumen,
3351 3612 3437 3665 ille

1856 3715 2043 3788 gloria:
2079 3712 2175 3767 Sol
2211 3712 2352 3765 hanc
2385 3725 2603 3780 quoque
2649 3709 2826 3764 lucem
2859 3718 3020 3780 atque
3050 3706 3436 3778 aspectabilem

1855 3879 1938 3931 ὅτι
1967 3870 2353 3943 Ἀνοηταίνεις,
2477 3863 2670 3943 οὗτος,
2708 3870 2810 3943 μὴᾼ
2843 3869 3161 3943 προσδοκῶ)
3206 3867 3308 3943 τὴν
3354 3870 3440 3930 ἐφ’

1859 3949 2032 4002 ἅπασι
2063 3940 2277 4004 τούτοις
2309 3943 2373 3994 ὲκ
2407 3940 2548 3993 Θεοῦ
2578 3941 2764 4011 κρίσιν
2797 3941 3087 4011 ἐσομένην.
3107 3940 3353 4007 Πονηρδν
3375 3941 3434 4011 δὲ

1860 4015 2072 4071 ἀσωτία.
2099 4013 2194 4066 καὶ
2225 4011 2508 4080 ἀσέλγεια,
2537 4008 2632 4064 xui
2655 4008 2878 4081 ῥυπαρὰ
2902 4008 3181 4081 σωμάτων
3231 4010 3436 4078 ἡμετέ-

1865 4105 1971 4158 ρων
2001 4084 2158 4158 ὓβρις
2183 4081 2451 4158 ὀλέθριος.
2485 4080 2722 4158 Habenti.
2753 4080 3161 4158 phv_yap_§.vpta
3187 4081 3438 4158 παρεπε-

1865 4105 1971 4158 ρων
2001 4099 2158 4154 ῡορις
2183 4099 2304 4135 οΑευ
2352 4099 2451 4144 ιος.
2488 4099 2626 4134 mox
2668 4099 2722 4132 τι
2753 4099 2853 4149 μεν
2869 4099 2978 4148 γαρ
3004 4099 3161 4132 ανοια
3187 4099 3438 4148 παρεπε-

1859 4174 1950 4210 ται
1977 4173 1992 4189 ο
2029 4154 2184 4220 ἄνοια
2213 4152 2268 4204 δὲ
2297 4103 2421 4220 ire:
2452 4154 2530 4215 εἰς
2551 4099 2672 4204 ὄλεῖθ
2685 4168 2795 4222 ρον.
2829 4149 2950 4219 Χρὴ
2979 4149 3036 4222 δε
3062 4150 3140 4222 ξτι
3162 4150 3281 4202 νέον
3309 4150 3439 4202 ὄντα

1863 4225 2173 4308 φοϐεῖσθαι.
2183 4219 2356 4308 Θεδν,
2372 4223 2534 4308 πρ).νῖ
2552 4222 2584 4291 ἢ
2602 4219 3185 4308 ,ἑαυτὸνηπαρξδοςιναι
3217 4223 3436 4308 καὶκοῐς,

1864 4290 1992 4366 πρὶν
2026 4294 2204 4347 ὲλθείν
2228 4292 2328 4360 τὴν
2354 4290 2448 4344 τοῦ
2493 4290 2629 4344 Θεοῦ
2683 4291 2925 4360 μεγάλην
2971 4290 3184 4360 ἡμέραν
3214 4290 3306 4342 καὶ
3341 4308 3438 4358 φο-

1862 4367 2125 4434 6ερὰν....
2163 4362 2227 4434 Id,
2252 4371 2367 4434 est:
2405 4360 2470 4415 At
2502 4378 2621 4415 vero
2665 4361 3129 4434 quispiamanimo
3163 4373 3436 4429 reputans,

1865 4447 1913 4491 et
1936 4431 2107 4488 solem
2135 4433 2412 4501 pulchrum
2443 4448 2572 4495 esse,
2610 4445 2656 4484 et
2713 4431 2847 4482 Itane
2899 4432 3062 4482 vitam
3110 4447 3342 4492 suavem,
3376 4447 3441 4482 ac

1866 4507 2058 4559 bonum
2099 4504 2256 4572 longa
2301 4513 2535 4568 tempora
2579 4503 2634 4554 iu
2668 4502 2931 4572 perpetuis
2960 4501 3315 4567 voluptatibus
3345 4515 3439 4552 ea-

1905 4578 2030 4639 lere,
2065 4571 2348 4641 contraque
2380 4587 2487 4625 rem
2514 4571 2831 4625 horrendam
2863 4585 2974 4641 esse
2998 4580 3218 4624 mortem
3243 4579 3292 4623 et
3323 4588 3443 4622 nta-

179 4636 321 4690 Nam
355 4636 454 4687 etsi
491 4635 601 4687 lucc
632 4634 930 4713 Gregorius
987 4634 1456 4713 Neocaesariensis
1487 4636 1559 4690 ita
1589 4637 1745 4713 inter-

1859 4634 1969 4701 lum
1997 4634 2372 4713 sempiternum
2395 4651 2548 4706 atque
2574 4643 2634 4694 in
2662 4641 2887 4713 nihilum
2910 4640 3209 4703 adducens;
3238 4641 3442 4713 facien-

178 4715 434 4776 pretatus
463 4713 566 4766 est,
601 4707 759 4772 quasi
801 4708 1110 4761 cohortatio
1146 4708 1257 4760 sint
1283 4707 1529 4774 quaedam
1558 4708 1625 4760 ad
1662 4723 1756 4762 vo-

184 4777 450 4842 luptatem
489 4784 652 4842 atque.
679 4776 744 4827 ad
780 4776 963 4829 omnia
999 4779 1123 4830 vita:
1165 4777 1570 4830 oblectamenta
1593 4786 1647 4832 et
1665 4793 1756 4838 so-

182 4848 318 4900 latia
344 4862 357 4908 ;
388 4859 493 4915 non
528 4845 615 4898 ille
655 4855 835 4898 tamen
881 4847 950 4900 ab
983 4846 1312 4901 Ecclesiaste
1348 4847 1538 4900 talium
1583 4849 1759 4915 magi-

187 4927 308 4970 stro
342 4914 583 4983 profecta
621 4916 795 4977 duxit,
829 4918 919 4969 sed
976 4919 1137 4971 veluti
1179 4917 1461 4970 hominum
1511 4914 1761 4986 volupta-

190 4989 400 5041 riorum
436 4986 670 5053 pessima
697 4986 1022 5040 documenta
1053 4988 1361 5055 explicavit.
1404 5003 1526 5056 quae
1565 4988 1762 5042 deitrle

187 5059 262 5110 ab
296 5058 412 5124 ipso
443 5056 766 5109 Ecclesiaste
806 5057 1133 5110 (Inninentnr
1182 5073 1246 5110 ac
1298 5058 1638 5126 rejiciantur.
1672 5058 1763 5114 Sic

189 5127 342 5198 enim
385 5126 604 5198 disserit
634 5127 1044 5198 clientibpevo;
1096 5128 1152 5180 δέ
1185 5144 1301 5189 τις,
1332 5128 1408 5190 ὡς
1453 5128 1616 5190 καλὸς
1665 5131 1762 5198 μὲν

188 5201 219 5250 ὁ
255 5196 428 5264 ἥλιος,
465 5195 594 5266 ἡδὺς
624 5197 681 5248 δὲ
704 5192 858 5258 οὗτος
885 5192 914 5247 ὃ
946 5199 1081 5266 βίος,
1117 5198 1319 5265 ἀγαθὸν
1344 5198 1403 5250 δὲ.
1435 5202 1527 5251 καὶ
1567 5199 1626 5250 τὸ
1665 5192 1765 5252 πο-

189 5268 488 5338 λυχρόνιον
527 5267 780 5338 γενέσθαι
844 5268 1135 5330 διαπαντὸς
1183 5269 1629 5338 εὐφραινόμενον,
1668 5271 1764 5322 καὶ

191 5338 271 5396 ῶς
305 5336 535 5406 φοϐερὸν
563 5340 591 5389 ὁ
622 5337 849 5400 θάνατος
871 5379 884 5400 ,
919 5341 1010 5390 καὶ
1043 5339 1211 5391 ἀΐδιον
1247 5336 1565 5403 ubiubi/{mi
1594 5342 1672 5400 είς
1706 5341 1762 5394 τὸ

199 5407 368 5477 μηδὲν
403 5408 572 5479 ἄγων,
604 5407 772 5459 οἴεται
807 5408 1026 5477 χρῆναι,
1072 5411 1289 5462 πάντων
1337 5408 1435 5479 μὲν
1464 5410 1760 5463 ἀπολαύειν

79 5485 88 5490 ’
192 5479 309 5529 ’τῶν
363 5477 656 5549 ,παρόντων
699 5480 792 5530 καὶ
841 5479 1140 5549 δοκούντων
1164 5477 1358 5549 ἡδέων.
1394 5480 1762 5547 Συμϐουλεύει

192 5549 258 5621 δὲ
292 5548 383 5600 καὶ
415 5550 527 5621 τοῖς
555 5547 715 5621 νέοις,
748 5552 813 5621 τῇ
845 5550 1059 5621 ἑαυτῶν
1082 5547 1201 5621 ὦρᾲ
1234 5551 1635 5621 καταχρῆσθαι,
1670 5553 1764 5604 ἁν-

197 5619 475 5689 ένταςτὰς
500 5617 711 5670 ἑαυτῶν
743 5617 919 5689 ψυχὰς
945 5623 1023 5684 είς
1053 5617 1230 5673 πᾶσαν
1259 5617 1454 5689 ἡδονὴν
1471 5617 1490 5679 ⁷,
1527 5623 1620 5672 καὶ
1662 5640 1763 5689 χα-

205 5688 450 5762 ρίζεσθαι
485 5688 925 5762 μὲνλεπιθυμίαις
953 5732 965 5752 ,
1003 5693 1262 5762 πράττειν
1287 5691 1344 5741 δὲ
1373 5688 1440 5742 τὰ
1465 5688 1763 5753 αὐτοῖςδο-

195 5759 424 5831 κοῦντα,
451 5760 546 5831 καὶ
587 5758 802 5831 βλέπειν
839 5761 908 5811 τὰ
947 5758 1248 5831 τέρποντα,
1288 5763 1378 5813 καὶ
1423 5763 1763 5831 ἀποστρέφε-

201 5829 329 5884 σθαι
363 5833 428 5882 τὰ
464 5829 538 5900 μὴ
569 5829 739 5894 οὕτως
793 5829 1178 5902 ἔχονταζῐιρδς
1224 5835 1282 5885 ὃν
1311 5831 1566 5885 τοσοῦτον
1591 5829 1725 5897 λέξω
1749 5875 1762 5899 ,

1860 4717 1986 4770 dum
2012 4709 2117 4767 sibi
2150 4722 2340 4775 censet,
2371 4721 2428 4765 ut
2452 4709 2799 4779 praesentibus
2837 4712 2960 4764 vita:
3009 4712 3296 4763 commodis
3320 4728 3438 4778 spe-

1860 4789 2091 4852 ciemque
2140 4782 2495 4852 jucunditatis
2550 4781 2864 4834 habentibus
2911 4781 3237 4852 perfruatur.
3271 4783 3442 4849 Atque

1859 4851 2021 4912 etiam
2062 4851 2281 4923 juvenes
2312 4852 2568 4923 admonet
2594 4894 2610 4916 ,
2642 4862 2698 4923 ut
2739 4853 2914 4923 celatis
2964 4851 3094 4918 ﬂore
3125 4851 3438 4912 abutantur,

1860 4929 2064 4981 animos
2097 4940 2219 4978 suos
2249 4922 2318 4975 ad
2370 4939 2520 4975 omne
2577 4922 2864 4991 voluptatis
2888 4938 3048 4991 genus
3091 4924 3437 4984 remittentes,

1863 5004 2105 5068 atqueat
2137 4994 2519 5068 cupiditatibus
2542 4995 2654 5048 suis
2680 4993 3053 5068 obsequantur,
3081 5004 3129 5046 et
3162 5009 3295 5068 qua:
3313 4993 3442 5058 ipsis

1862 5062 1975 5121 visa
2013 5066 2230 5132 fuerint,
2267 5064 2492 5133 faciant,
2535 5073 2584 5118 et
2622 5078 2738 5185 Zur:
2769 5062 3168 5116 oblectationem
3212 5062 3443 5130 afferunt

1862 5145 2114 5185 spectent.
2146 5145 2195 5185 et
2224 5150 2342 5185 aute
2363 5134 2521 5185 aliter
2548 5150 2602 5185 se
2663 5133 2839 5185 abent.
2875 5143 3199 5185 aversentur.
3227 5134 3326 5185 Cui
3351 5149 3443 5185 eao

1862 5145 2114 5206 spectent,
2146 5145 2195 5189 et
2224 5150 2342 5204 qua:
2363 5134 2602 5206 aliter_se
2626 5133 2847 5206 habent,
2875 5143 3199 5206 aversentur.
3227 5134 3326 5206 Cui
3351 5149 3443 5199 ego

1862 5203 1959 5263 lioc
1991 5217 2196 5260 tantum
2223 5203 2449 5257 dixerim
2471 5221 2490 5257 :
2513 5203 2744 5269 Desipis,
2770 5219 2799 5256 ο
2831 5205 3004 5267 homo,
3029 5208 3115 5269 qui
3146 5205 3235 5256 Dei
3256 5204 3443 5255 horum

1862 5279 2098 5333 omnium
2122 5274 2342 5329 vindicis
2359 5274 2627 5342 judicium
2659 5290 2763 5326 non
2790 5285 3055 5342 expectas.
3095 5273 3197 5326 Sed
3242 5283 3290 5326 et
3339 5272 3445 5339 ﬂa-

1862 5350 2056 5420 gitiosa
2082 5355 2157 5400 est
2187 5345 2498 5420 comessatio
2541 5354 2590 5397 et
2633 5344 2820 5420 libido,
2844 5358 2893 5420 et
2925 5345 3136 5420 impura
3165 5359 3445 5420 corporum

1866 5413 2166 5474 nostrorum
2193 5415 2513 5468 contumelia
2545 5415 2818 5484 pestilens.
2858 5413 3337 5467 Juventutis'enim
3359 5430 3448 5464 as-

1865 5490 2004 5543 secla
2037 5499 2112 5542 est
2140 5487 2373 5539 stultitia
2399 5503 2416 5539 :
2443 5487 2681 5540 stultitia
2712 5493 2887 5538 autem
2930 5484 2998 5537 ad
3029 5486 3248 5538 exitium
3277 5486 3441 5536 ducit.

1870 5561 2036 5629 Opere
2084 5573 2201 5629 vero
2234 5558 2460 5624 pretium
2494 5569 2591 5629 est,
2624 5557 2750 5629 dum
2797 5555 3020 5624 juvenili
3066 5555 3236 5629 adnue
3284 5565 3451 5629 ῳιαιε

1870 5625 2049 5700 ﬂores,
2105 5627 2209 5700 Dei
2243 5628 2430 5681 timore
2473 5627 2642 5696 afﬁci,
2673 5627 2984 5700 priusqu_am
3016 5625 3187 5700 malis
3227 5625 3451 5693 teipsum

1874 5697 2080 5764 tradas,
2120 5699 2429 5768 priusquam
2480 5700 2651 5753 veniat
2709 5698 2820 5752 dies
2867 5697 3083 5751 Domini
3139 5712 3361 5766 magnus
3408 5706 3458 5746 ct

1876 5767 2289 5827 horrendus"...
2320 5767 2501 5842 (ibid)
