4144 6448
169 432 283 498 1165

1180 427 1259 486 1N
1322 423 1888 487 ECCLESIASTEN.
1925 446 1994 459 -
2044 420 2190 480 LIB.
2230 421 2299 480 Χ.

3229 405 3371 474 1166

165 541 291 611 μίας,
337 536 564 608 ὁρῶντες
615 535 707 587 τὸν
777 533 937 602 σοφὸν
993 533 1424 605 Ἐκκλησιαστὴν
1473 534 1563 586 τὸν
1598 533 1675 602 μὲι

1797 532 2099 601 sapientem
2195 526 2562 582 Ecclesiasten
2643 523 3007 579 declarantem
3090 528 3367 595 pulverem

166 629 292 700 χοῦν,
318 629 428 697 ἢτοι
460 627 520 678 τὸ
548 626 707 696 σῶμα
729 628 828 696 τῆς
858 625 1240 687 ταπεινώσεως
1266 625 1441 695 ἡμῶν,
1476 625 1568 676 ἐπὶ
1598 624 1696 693 τὴν

160 721 251 790 γῆν
281 719 653 789 ἀποστρέφειν,
688 716 748 780 ἐξ
771 711 839 786 ἦς
873 715 1108 786 ἐλήφθη,
1141 714 1300 785 μόνον
1326 715 1692 783 ἀποφηνάμε-

158 828 251 864 νον’
276 811 358 876 τὴν
391 811 448 862 δὲ
473 809 652 878 ψυχὴν
678 809 815 879 πρὸς
847 808 1135 878 κρείττονα
1164 805 1314 875 λῆξιν
1347 805 1694 876 μεταϐαίνειν

157 902 560 968 καταγγείλαντα
599 899 918 969 διαρρήδην.
950 897 1346 966 Παρατηρείτω
1373 895 1484 963 γὰρ
1520 897 1623 956 πᾶς
1665 895 1693 945 ό

154 993 465 1060 βουλόμενος,
522 990 638 1053 πῶς
684 989 914 1042 ἕκαστον
969 985 1419 1048 ἀντιδιαστείλας,
1454 985 1544 1037 τὸν
1593 985 1692 1055 μὲν

155 1084 267 1153 χοῦν
295 1086 351 1153 τῇ
388 1084 642 1149 συγγενεῖ
673 1084 742 1151 γῇ
776 1079 1100 1151 προσφόρως
1139 1080 1230 1131 καὶ
1259 1077 1554 1147 προσφυῶς
1587 1079 1693 1129 ἁπ-

148 1175 428 1246 εκλήρωσεν
458 1172 650 1235 είπὼν,
686 1191 706 1224 ι
738 1175 849 1226 Καὶ
877 1169 1216 1240 ἐπέστρεψεν
1250 1173 1277 1222 ό
1313 1168 1445 1238 χοῦς
1475 1168 1567 1221 ἐπὶ
1591 1167 1691 1237 τὴν

145 1267 238 1335 γῆν
257 1266 323 1328 ὡς
351 1261 472 1336 ἦν’»
507 1264 596 1317 διὰ
636 1263 698 1315 τὸ
723 1265 816 1317 καὶ
847 1263 908 1329 ἐξ
937 1262 1110 1330 αὐτῆς
1145 1260 1438 1330 ληφθῆναι,
1471 1259 1562 1312 καὶ
1592 1258 1691 1328 τὴν

141 1359 334 1423 γένεσιν
363 1356 546 1408 λαϐεῖν
571 1357 667 1408 καὶ
687 1354 787 1425 τὴν
819 1353 1071 1423 ὕπαρξιν·
1100 1354 1158 1406 τὸ
1179 1352 1235 1405 δὲ
1272 1352 1512 1420 πνεῦμα,
1536 1366 1692 1402 τουτ-

141 1447 246 1498 έστι
286 1445 374 1515 τὴν
417 1445 613 1514 ψυχὴν,
639 1446 737 1497 ούκ
768 1444 848 1496 ἔτι
888 1443 967 1512 τῷ
1000 1441 1085 1511 χοῖ
1128 1439 1525 1511 παραπλησίως
1555 1438 1690 1508 πρὸς

136 1537 233 1604 τὴν
258 1538 350 1604 γῆν
381 1536 754 1606 ἐπιστρέφειν,
779 1534 916 1586 ἀλλὰ
959 1536 1094 1603 πρὸς
1119 1533 1210 1585 τὸν
1233 1532 1320 1600 ὑφ’
1350 1526 1413 1584 οὗ
1448 1531 1544 1584 καὶ
1569 1529 1688 1582 κατ’

136 1629 306 1680 εἰκόνα
341 1628 532 1695 γέγονε
576 1628 677 1696 τὴν
725 1625 891 1679 αὑτοῦ
926 1626 1019 1678 καὶ
1043 1624 1304 1694 ὁμοίωσιν
1343 1624 1432 1677 διὰ
1465 1625 1564 1691 τῆς
1595 1621 1686 1674 τοῦ

137 1718 269 1770 θείου
307 1719 696 1789 ἐμφυσήματος
752 1718 990 1790 χάριτος.
1055 1712 1188 1770 Εἶτά
1227 1733 1394 1788 φησιν
1447 1715 1476 1768 ὀ
1526 1714 1688 1782 σοφὸς

149 1810 557 1882 Ἑκκλησιαστής
576 1827 589 1840 °
662 1817 665 1821 ’

1797 625 1913 676 sive
1965 637 2162 692 corpus
2203 619 2527 674 humilitatis
2585 628 2784 672 nostrte
2831 618 3006 672 solum
3066 619 3118 670 iu
3171 628 3368 674 terratn

1798 715 2030 778 reverti,
2059 730 2124 767 ex
2153 728 2262 781 qua
2312 718 2589 779 sumptum
2624 720 2736 764 est:
2781 709 3194 764 denuntiantem
3243 727 3370 764 veru

1797 807 2232 860 luculentissima
2280 805 2517 857 animam
2561 806 2954 871 transmigrare
2999 803 3270 872 potiorem
3303 805 3368 855 ad

1797 898 1976 951 tinem.
2015 897 2280 951 Observet
2310 896 2457 948 enim
2491 893 2746 962 quisque,
2782 897 2868 946 cui
2903 896 3015 947 hac
3045 908 3195 948 cura:
3219 903 3366 957 sunt,

1794 987 2070 1060 quomodo
2098 989 2312 1056 singula
2338 987 2706 1053 distinguens,
2743 986 3021 1054 pulverem
3052 989 3186 1041 scite
3213 997 3368 1055 apte-

1793 1098 1900 1152 que
1931 1089 2177 1150 cognata:
2213 1090 2369 1132 terrae
2409 1079 2640 1143 addixit,
2675 1078 2926 1147 inquiens
2961 1097 2973 1131 :
3017 1096 3034 1128 ι
3074 1079 3139 1130 Et
3187 1095 3370 1132 rever-

1794 1183 1938 1228 tetur
1975 1171 2156 1242 pulvis
2207 1171 2259 1224 in
2323 1180 2556 1234 terram,
2622 1172 2764 1226 sicut
2821 1181 2972 1238 erat;
3015 1191 3033 1223 ι
3084 1183 3366 1241 propterea

1792 1267 1936 1336 quod
1970 1275 2025 1318 et
2065 1280 2131 1317 ex
2172 1264 2285 1332 ipsa
2323 1269 2580 1330 sumptus
2633 1265 2723 1325 sit,
2771 1275 2934 1332 atque
2970 1265 3236 1334 originem
3271 1265 3366 1318 ha-

1793 1357 1970 1411 buerit
2015 1364 2070 1410 et
2119 1353 2451 1417 essentiam;
2490 1352 2741 1421 spiritum
2779 1364 2982 1419 autem,
3035 1355 3089 1408 id
3126 1364 3209 1408 est
3247 1357 3367 1407 ani-

1791 1463 1960 1512 mam,
1982 1446 2210 1500 minime
2234 1452 2293 1497 ttt
2317 1444 2592 1514 pulverem
2621 1445 2674 1497 in
2705 1456 2905 1498 terram
2935 1449 3154 1512 reverti,
3175 1462 3363 1502 terum

1790 1542 1856 1594 ad
1907 1537 2080 1602 illum,
2136 1553 2162 1591 ιι
2198 1553 2308 1606 ιιυο
2343 1546 2395 1591 et
2428 1535 2608 1590 factus
2644 1547 2727 1591 est
2764 1537 2830 1589 ad
2875 1537 3166 1606 imaginem
3202 1549 3254 1591 et
3283 1539 3361 1591 si-

1790 1629 2152 1683 militudinem
2197 1643 2351 1682 suam
2385 1628 2586 1681 divinze
2620 1628 2998 1696 inspirationis
3036 1627 3232 1695 gratia.
3279 1629 3364 1679 Ait

1789 1722 1983 1776 deinde
2018 1721 2237 1791 sapiens
2270 1718 2626 1772 Ecclesiastes
2651 1737 2670 1772 .°

1664 1923 1819 1999 §tx.

199 2043 522 2111 Ματαιότης
559 2045 1006 2114 ματαιοτήτων,
1036 2043 1204 2102 εἶπεν
1245 2050 1279 2103 ό
1327 2049 1675 2116 Ἐκκλησια-

2049 2036 2213 2092 Vens.
2252 2035 2302 2090 8.
2352 2033 2577 2088 Vanitas
2629 2034 2940 2095 t'attitatum,
2993 2031 3130 2085 dixit
3179 2031 3358 2086 Eccle-

122 2134 303 2200 στῆς,
344 2133 413 2186 τὰ
449 2133 647 2188 πάντα
697 2137 1049 2203 ματαιότης.

194 2224 434 2293 Δήλονότι
466 2225 536 2278 τὰ
583 2225 850 2296 πρότερον
905 2225 1274 2296 ὀνομασθέντα
1328 2228 1448 2288 ταῖς
1497 2226 1686 2289 αὑταῖς

120 2315 214 2367 καὶ
243 2315 331 2367 νῦν
352 2315 698 2368 καθυπὲλαὸε
727 2314 1008 2386 κλήσεσιν,
1047 2318 1190 2390 ᾇπερ
1216 2317 1376 2381 εἰσὶν,
1412 2317 1487 2380 ὼς
1516 2316 1686 2386 ἔφθη-

125 2423 223 2474 μεν
258 2405 515 2471 εἰπόντες,
556 2405 623 2459 τὰ
652 2404 753 2476 τῆς
803 2407 1045 2476 πονηρᾶς
1092 2408 1183 2459 καὶ
1213 2407 1424 2476 φαύλης
1457 2406 1550 2460 καὶ
1592 2424 1684 2476 μι-

121 2499 343 2554 σοκάλου
374 2497 744 2568 προαιρέσεως
794 2499 992 2565 ἔκγονα
1041 2499 1220 2552 πάντα
1252 2499 1319 2551 τὰ
1345 2499 1440 2568 τὴν
1483 2499 1686 2568 μοχθη-

118 2591 221 2658 ρὰν
265 2587 732 2660 χαρακτηρίζοντα
799 2588 908 2642 τῶν
968 2589 1324 2660 κακοτρὸπων
1375 2589 1679 2661 ἀνθρώπων

115 2680 280 2750 ζωήν.
311 2676 440 2733 Εἶτά
467 2695 616 2748 φησι·

1786 2135 1995 2195 siastes,
2034 2133 2211 2184 omnia
2245 2129 2474 2183 vanitas.

1857 2223 2081 2277 Scilicet
2114 2236 2235 2291 qua:
2267 2219 2522 2290 superius
2550 2217 2902 2270 denominata
2953 2227 3104 2278 sunt,
3161 2217 3352 2270 iisdem

1785 2330 1928 2370 nunc
1969 2314 2136 2367 etiam
2186 2309 2654 2384 appellationibus
2705 2311 3005 2363 insectatur
3048 2309 3196 2378 (42);
3235 2322 3355 2363 sunt

1784 2419 1991 2472 autem,
2026 2416 2085 2461 ut
2113 2408 2275 2460 modo
2303 2405 2563 2466 diximus,
2595 2401 2777 2455 omnia
2806 2401 2962 2455 mala:
2989 2401 3360 2470 improbaaque

1785 2515 1848 2554 ac
1902 2515 2168 2570 perversae
2229 2496 2524 2552 voluntatis
2575 2495 2838 2562 germina,
2891 2508 3014 2562 qua:
3064 2493 3356 2562 pessimam

1798 2593 2196 2664 ﬂagitiosorum
2265 2589 2547 2644 hominum
2633 2587 2798 2639 vitam
2879 2585 3185 2654 designant.
3271 2587 3357 2639 At

1787 2685 1981 2740 deinde
2010 2701 2022 2715 ·

1663 2800 1795 2873 gx.

185 2917 290 2973 Kal
315 2916 741 2985 περισσότερον
763 2955 778 2981 ,
804 2914 894 2968 ὅτι
937 2915 1172 2984 ἐγένετο
1210 2915 1688 2984 Ἑκκλησιαστὴς

105 3013 324 3080 σοφὸς,
377 3008 474 3062 καὶ
507 3007 788 3061 ἐδίδασκε
817 3006 1042 3076 γνῶσιν
1074 3005 1197 3058 σὺν
1220 3005 1326 3057 τὸν
1351 3006 1685 3074 ἄνθρωπον,

104 3103 208 3156 καὶ
248 3103 358 3156 οὐκ
404 3096 807 3167 ἐξιχνιάσεται
872 3097 1123 3164 κόσμιον
1175 3096 1550 3162 παραϐολῶν.

177 3287 290 3356 Τὴν
331 3282 640 3351 ἀκροτάτην
682 3281 774 3335 καὶ
816 3279 1164 3352 τελειοτάτην
1190 3279 1403 3348 σοφίαν,
1435 3279 1502 3352 ῆν
1532 3279 1679 3352 αὐτῷ

96 3379 303 3429 ἔδωκεν
355 3380 383 3428 ὁ
423 3375 554 3438 Θεὸς
604 3373 693 3427 διὰ
745 3376 842 3443 τῆς
889 3374 1186 3442 ὀνομασίας
1231 3375 1327 3426 τοῦ
1380 3374 1678 3442 περισσοῦ

95 3469 390 3537 προδήλως
423 3467 742 3530 αἰνίττεται,
787 3465 966 3527 καθὼς
998 3468 1055 3517 ἐν
1077 3467 1198 3528 ταῖς
1237 3465 1546 3528 Βασιλείαις
1575 3483 1679 3534 φη-

92 3563 210 3613 σίνο
239 3579 256 3609 ι
301 3559 430 3611 Ἰδοὺ
466 3558 740 3627 πεποίηκα
769 3557 909 3610 κατὰ
938 3558 997 3608 τὸ
1034 3558 1185 3626 ῥῆμά
1227 3573 1342 3609 σουο
1387 3557 1494 3610 ίδου
1525 3557 1679 3609 δέδω-

91 3651 177 3703 κά
210 3668 292 3702 σοι
325 3647 553 3716 καρδίαν
580 3647 852 3716 φρονίμην
881 3647 976 3698 καὶ
1002 3647 1194 3715 σοφὴν,
1227 3648 1332 3716 πρὸ
1362 3647 1453 3698 σοῦ
1478 3649 1579 3699 οὐκ
1611 3643 1677 3716 ἦν

89 3735 291 3804 ὅμοιός
341 3750 454 3795 σου,
485 3733 592 3784 ·καὶ
628 3732 767 3800 μετὰ
820 3732 878 3784 σὲ
931 3733 1031 3785 ούκ
1078 3736 1439 3804 ἀναστήσεται
1495 3736 1680 3804 ὅμοιός

92 3843 210 3878 σοι.
252 3844 271 3875 ι
311 3825 421 3877 Καὶ
451 3823 631 3889 πάλιν,
669 3842 687 3874 ι
720 3823 925 3875 Ἔδωκε
963 3824 1166 3894 Κύριος
1195 3825 1453 3895 φρόνησιν
1477 3827 1554 3896 τῷ
1573 3828 1678 3878 Σα-

88 3917 290 3986 λομῶν
326 3916 421 3967 καὶ
469 3913 660 3982 σοφίαν
691 3913 891 3981 πολλὴν
917 3913 1118 3983 σφόδρα
1158 3915 1252 3966 καὶ
1280 3915 1430 3984 χύμα
1463 3917 1675 3984 σοφίας,

83 4008 174 4068 ὼς
213 4010 245 4076 ή
281 4005 468 4074 ἄμμος
502 4006 534 4074 ή
584 4004 735 4073 παρὰ
769 4004 865 4070 τὴν
899 4002 1198 4065 θάλασσαν,
1236 4007 1326 4055 καί
1367 4005 1676 4074 ἐπληθύνθη

83 4099 267 4167 σοφίᾳ
308 4095 568 4165 Σαλομῶν
600 4096 806 4166 σφόδρα
849 4095 988 4163 ὑπὲρ
1030 4096 1129 4164 τὴν
1159 4096 1421 4164 φρόνησιν
1461 4097 1678 4148 πάντων

77 4188 349 4258 ἀρχαίων
397 4185 736 4254 ἀνθρώπων,
790 4186 879 4238 καὶ
930 4186 1070 4256 ὑπὲρ
1124 4187 1331 4247 πάντας
1378 4187 1676 4257 φρονίμους

74 4278 406 4344 Αἰγύπτου,
443 4277 537 4328 καὶ
571 4275 860 4342 ἐσοφίσατο
887 4275 1027 4343 ὑπὲρ
1063 4275 1270 4336 πάντας
1299 4274 1674 4344 ἀνθρώπους..

74 4371 207 4438 Οὐχ
240 4367 434 4429 ἁπλῶς
461 4367 517 4418 δὲ
549 4366 704 4418 τοῦτό
750 4382 914 4435 φησιν
945 4365 974 4417 ὀ
1013 4366 1172 4434 σοφὸς
1222 4367 1675 4436 Ἑκκλησιαστὴς,

71 4460 212 4514 ἀλλ’
251 4460 344 4510 ἵνα
388 4457 585 4527 μᾶλλον
639 4456 1090 4526 ἁξιοπιστοτέρας
1138 4458 1530 4528 ἐγκαταστήσῃ
1575 4457 1673 4517 τὰς

74 4552 236 4611 ἰδίας
271 4550 592 4619 εἰσηγήσεις
636 4552 749 4611 τοῖς
809 4549 1137 4618 πυθομένοις
1161 4590 1174 4611 ,
1215 4551 1308 4601 καὶ
1340 4548 1678 4618 πιστώσηται

1861 2916 2024 2972 Vnus.
2061 2917 2115 2972 9.
2154 2917 2218 2968 Et
2253 2915 2506 2982 amplius,
2540 2914 2664 2982 quia
2692 2913 2864 2978 factus
2901 2921 2975 2962 est
3012 2909 3356 2964 Ecclesiastes

1787 3009 2015 3074 sapiens,
2050 3017 2097 3060 et
2125 3005 2340 3058 docebat
2372 3004 2650 3057 scientiam
2686 3004 2966 3065 hominem,
3000 3012 3047 3054 et
3080 3019 3182 3054 non
3211 3019 3358 3056 πτειν

1789 3099 1987 3152 labitur
2017 3109 2259 3152 ornatum
2292 3095 2664 3164 parabolarum
2707 3094 2840 3166 (45).

1859 3273 2139 3328 Summam
2193 3271 2605 3342 perfectamque
2658 3273 3016 3343 sapientiam,
3058 3289 3220 3344 quam
3278 3277 3352 3330 illi

1783 3368 1925 3420 Deus
1976 3367 2157 3428 dedit,
2209 3367 2576 3434 amplitudinis
2635 3367 3000 3434 appellatione
3059 3369 3353 3424 manifesto

1783 3459 2070 3527 signiﬁcat,
2096 3457 2556 3526 quemadmodum
2584 3457 2638 3510 in
2675 3457 2881 3526 Regum
2907 3457 3063 3512 libris
3089 3460 3351 3528 legimus:

1789 3565 1805 3597 ι
1850 3547 1984 3602 Ecce
2036 3549 2137 3602 feci
2188 3549 2492 3601 secundum
2547 3563 2828 3602 sermones
2866 3557 3032 3602 tuos:
3065 3565 3193 3605 ecce
3231 3553 3351 3606 dcdi

1784 3637 1880 3689 tibi
1917 3653 2012 3690 cor
2042 3638 2262 3704 Sapiens
2290 3647 2341 3689 et
2380 3637 2693 3707 intelligens
2728 3639 2779 3691 in
2819 3648 3048 3703 tantum,
3084 3651 3142 3694 ut
3174 3644 3355 3699 nullus

1784 3737 1908 3778 ante
1948 3735 1995 3780 te
2028 3728 2224 3781 similis
2268 3729 2341 3780 tui
2378 3728 2577 3790 fuerit,
2616 3745 2713 3783 nec
2749 3739 2870 3798 post
2919 3740 2970 3785 te
3003 3745 3354 3788 surrecturus

1784 3818 1852 3870 sit
1887 3819 2020 3886 (Η).
2066 3837 2083 3870 ι
2130 3821 2194 3872 Et
2243 3836 2433 3873 rursus
2484 3839 2495 3873 :
2536 3839 2553 3870 ι
2594 3820 2747 3874 Dedit
2804 3821 3069 3876 Dominus
3119 3828 3356 3892 pruden-

1783 3911 1913 3962 tiam
1973 3909 2252 3962 Salomoui
2310 3921 2360 3964 et
2420 3912 2740 3978 sapientiam
2792 3912 3011 3965 multam
3082 3916 3243 3968 nimis
3303 3925 3355 3968 ct

1783 3998 2192 4065 amplitudinem
2263 4002 2582 4067 sapientiae,
2663 4001 2820 4069 quasi
2900 4018 3165 4066 arenam,
3235 4022 3356 4073 quae

1781 4099 1864 4142 est
1919 4090 1973 4142 in
2027 4092 2206 4144 littore
2258 4093 2448 4155 maris,
2501 4102 2554 4144 et
2598 4093 2898 4159 completus
2952 4105 3033 4146 est
3086 4097 3354 4165 sapientia

1785 4180 2040 4233 Salomon
2096 4182 2256 4235 nimis
2314 4198 2480 4250 super
2531 4183 2880 4251 prudentiam
2917 4186 3161 4238 omnium
3210 4189 3354 4240 anti-

1782 4289 2036 4340 quorum,
2077 4282 2130 4326 et
2157 4290 2320 4340 super
2354 4290 2545 4328 omnes
2577 4275 2852 4343 sapientes
2894 4274 3143 4346 Egypti,
3172 4289 3225 4332 et
3266 4295 3356 4332 sa-

1785 4365 1982 4433 pientia
2034 4367 2285 4434 praestitit
2337 4368 2594 4420 omnibus
2650 4369 2966 4421 hominibus
3003 4370 3136 4438 (45).
3184 4389 3202 4422 ι
3247 4371 3357 4424 Nec

1783 4472 1910 4508 vero
1942 4457 2053 4510 hanc
2089 4459 2208 4511 sine
2240 4473 2402 4511 causa
2444 4458 2652 4527 profert
2692 4459 2910 4527 sapiens
2950 4459 3313 4516 Ecclesiastes
3338 4506 3352 4526 ,

1783 4547 1876 4598 ειιά
1913 4557 1971 4599 ιιι
2009 4548 2212 4600 monita
2263 4563 2359 4601 sua
2409 4548 2756 4603 auditoribus
2805 4553 2907 4602 title
2943 4551 3148 4621 majore
3194 4554 3358 4623 digna

73 4640 321 4706 σαφῶς,
349 4639 424 4709 μὴ
457 4640 543 4692 διὰ
574 4641 673 4710 τὴν
707 4642 915 4693 ἐκείνου
949 4641 1108 4710 μόνον
1135 4641 1424 4708 ὠφέλειαν,
1462 4642 1561 4709 τῆς
1587 4659 1675 4692 το-

1787 4637 1996 4697 elliciat.
2020 4645 2073 4689 et
2100 4639 2200 4690 hoc
2223 4639 2325 4691 sihi
2349 4639 2584 4709 quisque
2616 4642 2962 4709 persuadeat,
3000 4657 3107 4695 non
3142 4653 3358 4711 propter

65 4732 302 4800 σαύτης
323 4732 476 4800 παρὰ
494 4731 586 4783 τοῦ
607 4732 740 4783 Θεοῦ
756 4732 860 4784 τῶν
874 4732 1010 4785 ὅλων
1029 4731 1328 4801 ἀξιωθῆναι
1355 4732 1669 4800 σοφίας,ὰλ-

59 4825 144 4877 λὰ
168 4825 278 4875 καὶ
297 4823 436 4892 πρὸς
459 4823 520 4874 τὸ
543 4822 720 4891 πολλῷ
741 4824 940 4891 μᾶλλον
976 4823 1188 4887 διδάξαι
1209 4827 1333 4887 τοὺς
1351 4823 1669 4894 ἀνθρώπους

55 4912 302 4981 γνῶσιν
344 4910 442 4962 καὶ
481 4913 673 4979 σοφίαν
715 4915 808 4964 καὶ
841 4912 1076 4978 σύνεσιν,
1107 4914 1240 4981 πρὸς
1281 4915 1343 4965 τὸ
1370 4914 1574 4974 πάντας
1611 4918 1668 4966 ἐν

149 5091 286 5160 (42)
354 5092 548 5161 Aquila
576 5134 590 5156 ,
656 5101 714 5146 ut
761 5093 933 5156 Solet,
985 5094 1165 5154 vertit,
1197 5094 1367 5161 ἀτμὸς
1412 5093 1671 5159 ἁτμίδων,

52 5177 256 5229 vapor
301 5178 496 5230 nempe
520 5172 567 5214 et
601 5163 774 5231 fumus
808 5178 1003 5224 merus,
1038 5164 1224 5216 eadem
1252 5163 1668 5230 signiﬁcatione.

55 5231 298 5284 Scribit
334 5248 462 5285 vero
495 5233 558 5284 ad
597 5235 738 5285 hunc
776 5233 948 5285 locum
997 5234 1062 5285 de
1107 5233 1432 5286 Ecclesiaste
1487 5231 1674 5284 Hieru-

52 5316 344 5370 nymus:
403 5320 419 5351 ι
459 5303 588 5355 Post
641 5302 1057 5370 descriptionem
1108 5303 1358 5355 interitus
1412 5302 1671 5363 humani,

49 5371 330 5441 pulchre
362 5373 647 5424 exordium
681 5371 796 5424 libri
845 5373 928 5424 sui
982 5383 1250 5441 repetens,
1283 5373 1356 5425 ait
1393 5390 1403 5423 :
1451 5371 1672 5424 Vanitas

46 5441 420 5504 vanitatum,
465 5441 601 5493 dixit
655 5441 1019 5501 Ecclesiastes,
1055 5443 1234 5494 omnia
1271 5442 1499 5494 vanitas.
1535 5441 1671 5495 Cum

43 5511 232 5562 criirn
271 5520 510 5564 cunctus
544 5513 854 5564 mortalium
894 5511 1063 5575 labor,
1111 5513 1178 5566 de
1204 5528 1312 5580 quo
1348 5513 1400 5565 in
1437 5521 1549 5564 toto
1582 5529 1674 5563 ro-

44 5582 309 5633 luntine
337 5580 672 5646 disputatum
703 5593 807 5643 est,
857 5583 961 5635 huc
993 5584 1290 5650 perveniat.
1337 5595 1392 5634 ut
1433 5594 1672 5634 reverta-

47 5660 166 5704 tur
205 5650 404 5716 pulvis
437 5651 488 5703 in
518 5661 718 5704 terram
747 5667 900 5704 suam
929 5691 942 5714 ,
980 5663 1031 5703 et
1062 5654 1244 5705 anima
1282 5653 1411 5704 illuc
1457 5652 1666 5715 redeat,

45 5719 492 5791 midesumpta
532 5731 646 5784 est,
696 5738 905 5791 magnae
936 5723 1190 5775 vanitatis
1218 5731 1299 5775 est
1333 5724 1383 5774 in
1423 5723 1524 5776 hoc
1571 5739 1668 5775 sa:-

40 5789 530 5860 (-uloilaborare.
563 5803 614 5844 et
645 5789 1081 5858 trihtlproftttura
1119 5796 1458 5860 conquiri-re.
1502 5813 1518 5842 ι

139 5859 278 5927 μῦ)
328 5859 433 5912 δυιΙ
469 5865 606 5930 aptt.|
647 5861 780 5914 LXX
816 5862 1040 5930 legimus
1067 5904 1078 5923 ,
1125 5859 1533 5932 Ka‘fﬁsptaobv
1582 5866 1660 5916 ὅτι

1783 4730 1953 4782 ευιιιιιι
1981 4729 2128 4782 illius
2152 4731 2441 4784 utilitatem
2469 4740 2677 4785 tantum
2704 4734 2752 4786 ei
2782 4734 3061 4802 sapientiae
3085 4747 3113 4786 a
3140 4749 3357 4786 summo

1780 4822 1890 4874 Dco
1942 4839 2063 4875 esse
2116 4824 2478 4892 impertitum,
2530 4825 2622 4878 sed
2672 4827 2838 4879 etiam
2875 4835 2933 4879 ut
2978 4825 3261 4879 scientiam
3304 4833 3358 4878 ct

1777 4915 2099 4982 sapientiam
2139 4915 2594 4984 prudentianupie
2627 4917 2931 4985 impensius
2971 4918 3224 4971 homines
3255 4919 3352 4968 du-

1783 5094 1999 5157 ἐγένετο
2037 5094 2472 5164 Ἐκκλησιαστὴς
2530 5095 2712 5164 σοφός,
2765 5095 2844 5147 ὅτι
2894 5093 3099 5158 ἐδίδαξε
3154 5094 3352 5161 γνῶσιν

1785 5167 1878 5216 σὺν
1907 5166 1996 5214 τὸν
2027 5163 2331 5232 ἄνθρωπον,
2367 5167 2459 5216 καὶ
2493 5163 2586 5225 οὒς
2628 5165 3061 5232 ἐξιχνιάςεται...

1853 5235 1964 5302 (ιι)
2004 5233 2069 5285 ιιι
2119 5233 2248 5302 ιιι-ε.
2296 5250 2391 5296 ιιι,
2458 5235 2543 5286 t2.
2606 5234 2672 5286 At
2729 5233 2870 5286 cxx
2919 5235 3180 5287 habent...
3246 5236 3354 5287 Καὶ

1785 5307 1977 5373 σοφήνσ
2017 5305 2090 5365 ὡς
2142 5306 2206 5356 σὺ
2248 5305 2304 5356 οὗ
2337 5307 2556 5371 γέγονεν
2588 5303 2899 5374 ἔμπροσθέν
2929 5321 3043 5368 σου,
3080 5305 3172 5356 καὶ
3214 5308 3353 5372 μετά

1783 5391 1910 5427 σε...

1860 5447 1970 5510 (i5)
2008 5444 2070 5497 111
2116 5442 2246 5511 Reg.
2282 5462 2350 5502 Iv,
2380 5440 2473 5498 29.
2507 5439 2663 5510 Apud
2712 5440 2851 5495 LXX
2900 5443 3210 5497 invenies...
3256 5444 3352 5495 καὶ

1789 5511 1986 5579 πλάτος
2034 5515 2291 5582 καρδίας,
2335 5512 2407 5576 ἀς
2529 5515 2782 5582 ἄμμος...
2831 5515 2924 5565 καὶ
2968 5513 3274 5582 ἐπληθύνθη
3317 5520 3347 5580 ὴ

1789 5587 2046 5633 ειοόντπσιε
2085 5584 2340 5633 Σιλου.ὼν
2382 5601 2450 5633 συ
2485 5583 2582 5633 δοα
2622 5584 2763 5633 ὑπὲρ
2789 5585 2885 5633 τὴν
2924 5585 3183 5633 φρόνησιν
3213 5585 3347 5632 itis/-

1788 5587 2046 5655 φρόνησις
2085 5584 2340 5650 Σαλομὼν
2382 5583 2582 5655 σφόδρα
2622 5584 2763 5655 ὑπὲρ
2789 5585 2885 5654 τὴν
2924 5585 3183 5655 φρόνησιν
3213 5585 3352 5655 πέρν-

1784 5653 1890 5709 των
1926 5653 2054 5708 υἱῶν
2088 5657 2348 5724 ἀρχαίων,
2389 5654 2481 5704 καὶ
2512 5655 2650 5721 ὑπὲρ
2685 5653 2890 5714 πάντας
2928 5653 3225 5722 φρονίμους
3257 5653 3354 5724 Λίτν

1784 5729 2008 5792 γύπτου.
2040 5722 2262 5793 Reliqua
2297 5725 2511 5777 dL‘SIIIlL
2547 5724 2669 5776 H.ec
2702 5725 2844 5777 enim
2873 5733 3180 5793 sequuntur
3201 5762 3214 5785 ,
3260 5722 3351 5774 καὶ

1784 5799 1939 5851 ἅλαδε
1978 5797 2073 5865 τὴν
2114 5792 2388 5864 θυγατέρα
2418 5792 2686 5864 Φαραώ...
