4144 6448
161 407 297 479 1173

1255 421 1337 482 IN
1367 424 1920 486 ECCLESIASTEN
1945 453 2012 461 —
2039 426 2188 486 LIB.
2217 426 2290 484 Χ.

3268 419 3409 482 1Π4

151 527 534 593 παρεγγυᾶται
594 531 779 597 μένειν
830 531 983 594 ιντδς
1026 533 1135 585 τῶν
1164 532 1308 603 ὅρων
1335 535 1443 587 τῶν
1475 537 1727 607 ἐκφωνη-

1837 541 2090 594 hortatur
2136 548 2193 592 ut
2233 538 2373 592 intra
2409 538 2543 592 fines
2587 543 3052 597 maneateorum,
3087 532 3180 600 qui
3224 534 3409 586 traditi

151 615 351 668 θέντων
385 618 562 687 σοφῶν
582 620 778 688 λόγων,
815 622 919 675 ὑπὸ
944 623 1154 676 πολλῶν
1185 625 1281 693 μὲν
1321 626 1482 679 θείων
1513 630 1727 698 ὑποφη-

146 707 278 766 τῶν.
316 709 376 772 ἐξ
430 710 548 772 ἑνὸς
581 711 638 764 δὲ
691 713 952 782 ποιμένος
993 714 1087 766 τοῦ
1123 715 1259 767 Θεοῦ
1285 719 1457 784 Λόγου
1508 720 1730 783 τούτους

151 801 517 869 μεμνημένων
561 803 654 855 καὶ
705 806 1290 876 μυσταγωγησάντωνο
1326 810 1419 860 καὶ
1466 811 1730 880 μηδαμῶς

149 893 533 960 παρεκκλίνειν
560 896 638 956 είς
681 896 1183 965 έτεροδιδασκαλίας
1211 899 1307 952 καὶ
1334 901 1491 965 δόξας
1526 904 1730 970 ἐσφαλ-

148 982 322 1051 μένας
343 1000 355 1012 ·
391 986 457 1036 δι’
493 978 569 1038 ὧν
603 987 800 1057 μελέτη
841 989 938 1056 μὲν
957 989 1166 1056 γίνεται
1199 990 1366 1062 πολλὴ
1399 994 1491 1044 καὶ
1517 995 1728 1066 χαλεπὴ

148 1074 288 1142 πρὸς
315 1079 413 1142 τὴν
449 1075 544 1128 τοῦ
586 1075 919 1146 ζητουμένου
948 1079 1282 1148 κατάληψιν,
1314 1082 1412 1151 οὐχ
1473 1085 1726 1155 εὑρίσκε-

149 1179 239 1216 ται
270 1164 326 1216 δὲ
369 1167 673 1236 περασμὸς,
709 1169 878 1237 ἠγουν
911 1169 974 1222 οὐ
1007 1169 1218 1237 γίνεται
1255 1173 1427 1241 πέρας
1460 1174 1554 1242 τῆς
1586 1177 1729 1230 κατά

148 1252 249 1322 τὴν
282 1253 540 1322 ἀλήθειαν
570 1255 934 1324 διαγνώσεως,
955 1257 1091 1310 ἀλλὰ
1125 1261 1284 1328 μόνον
1315 1262 1554 1316 κόπωσιν
1588 1282 1730 1337 παρ-

149 1342 267 1411 ἐχει
298 1343 517 1412 σαρκὸς,
566 1345 732 1413 ήγουν
775 1345 1082 1414 ἀγρυπνίαν
1111 1349 1206 1399 καὶ
1232 1348 1604 1419 ταλαιπωρίαν
1633 1354 1729 1406 καὶ

148 1433 448 1501 κακουχίαν
478 1435 571 1488 ἐπὶ
606 1437 672 1504 τῇ
708 1435 997 1506 ἀδολεσχίᾳ
1047 1437 1156 1489 τῶν
1205 1441 1534 1509 καινοτέρων
1569 1443 1726 1513 εὑρέ-

147 1540 307 1579 σεων.
346 1528 408 1578 Oi
447 1525 558 1596 γὰρ
585 1529 705 1589 ταῖς
741 1528 1045 1596 ἑριστικαῖς
1080 1529 1222 1596 σφᾶς
1248 1530 1447 1596 αὐτοὺς
1481 1534 1727 1598 ἐκδόντες

145 1616 448 1683 ἀσχολίαις,
474 1617 610 1687 πρὸς
643 1617 721 1687 τῷ
755 1619 921 1688 μηδὲν
953 1616 1064 1670 τῶν
1101 1619 1360 1676 τοιούτων
1396 1623 1724 1692 ἀπόνασθαι,

145 1705 241 1758 καὶ
274 1707 479 1778 σοφόδρα
501 1708 839 1778 τληπαθοῦσι
852 1750 866 1763 .

216 1797 388 1851 Τοῦτο
433 1799 490 1851 δὲ
536 1802 836 1874 παρίστησι
869 1807 963 1859 καὶ
993 1805 1202 1869 Παῦλος
1227 1808 1255 1860 ὁ
1285 1807 1459 1878 μέγας
1490 1807 1724 1862 ἀπόστο-

1840 641 1986 696 SUItl,
2019 631 2347 699 sapientium
2387 644 2731 692 sermonum,
2778 643 2916 697 quos
2975 624 3132 678 multi
3189 622 3410 692 quidem

1835 723 2001 776 divini
2032 734 2202 784 vates,
2233 724 2324 777 sed
2366 739 2430 776 ex
2457 736 2567 775 uno
2605 730 2820 787 pastore
2863 718 2973 772 Deo
3000 715 3178 770 Verbo
3210 716 3413 769 docueo

1837 823 1962 865 runt
2019 822 2182 880 atque
2232 813 2712 865 demonstrarunt:
2776 823 2838 860 ac
2882 823 2952 860 ne
3006 805 3072 859 ad
3123 818 3412 874 perversas

1836 903 2114 958 doctrinas
2151 903 2421 972 falsasque
2457 903 2746 973 opiniones
2771 901 2882 953 ullo
2909 901 3070 952 modo
3097 898 3406 957 delabatur;

1836 993 1890 1045 in
1920 995 2122 1061 quibus
2142 1009 2271 1046 cura
2295 996 2511 1061 quidem
2553 993 2887 1061 impenditur
2917 993 3085 1043 multa
3121 997 3174 1042 et
3204 989 3406 1057 gravis,

1835 1094 1891 1138 ut
1935 1087 2076 1154 quod
2117 1088 2400 1155 quatritur,
2446 1084 2976 1154 comprehendatur;
3025 1089 3080 1135 at
3141 1080 3411 1135 terminus

1836 1192 1941 1230 non
1986 1177 2279 1240 invenitur,
2312 1178 2424 1231 sive
2457 1177 2638 1230 nullus
2693 1185 2777 1230 est
2816 1175 2867 1228 in
2929 1174 3160 1226 veritate
3208 1183 3410 1238 cognou

1834 1268 2032 1322 scenda
2074 1267 2220 1331 ﬁnis,
2274 1284 2373 1322 nec
2427 1277 2625 1335 praeter
2677 1265 2923 1333 corporis
2965 1262 3407 1331 defatigationem

1834 1371 2030 1429 praasto
2053 1370 2134 1413 est
2161 1360 2460 1428 quidqnatn
2485 1377 2497 1421 ;
2543 1358 2671 1411 solze
2703 1372 2891 1424 nempe
2944 1355 3138 1424 vigiliae
3166 1353 3409 1408 offerun-

1835 1462 1922 1504 tur
1953 1460 2005 1504 et
2035 1466 2293 1504 utrumme
2351 1461 2406 1504 et
2459 1449 2815 1516 aegritudines
2851 1446 3197 1514 loquacitatis
3231 1452 3284 1498 et
3309 1458 3402 1496 n0-

1832 1558 2024 1596 vorum
2068 1544 2413 1597 inventorum
2471 1541 2652 1595 sociae.
2696 1537 2830 1591 Nam
2885 1539 3215 1607 quiseipsos
3251 1535 3408 1588 vanis

1831 1635 2274 1690 contentionibus
2335 1635 2561 1698 dedunt,
2614 1649 2737 1687 cutn
2764 1631 2898 1684 nihil
2940 1630 3257 1699 proficiunt,
3288 1635 3406 1679 tum

1832 1730 2071 1798 graviter
2100 1729 2450 1782 aﬂlictantur.

1903 1820 2018 1876 Hoc
2048 1837 2175 1875 vero
2214 1829 2268 1873 et
2299 1819 2502 1872 Paulus
2537 1832 2775 1887 magnus
2816 1815 3101 1885 apostolus
3131 1812 3405 1881 designat,

141 1884 237 1948 λος
267 1890 600 1944 ἐπιστέλλων
630 1894 882 1964 Τιμοθέῳ
913 1900 1008 1951 καὶ
1043 1899 1267 1966 φάσκων
1287 1915 1300 1928 ·
1339 1917 1359 1950 ι
1395 1898 1461 1950 Εῐ
1483 1916 1566 1962 τις
1603 1903 1723 1953 έτε-

1830 1927 1952 1966 cnm
2017 1913 2310 1966 Timotheo
2361 1911 2608 1965 scribens
2641 1910 2756 1963 ait:
2797 1926 2814 1959 ι
2855 1909 2913 1962 Si
2950 1907 3075 1976 quis
3110 1905 3268 1958 aliter
3304 1908 3408 1955 do-

146 1981 546 2052 ροδιδασκιλεῖ,
599 1988 695 2041 καὶ
745 1991 806 2043 ού
862 1993 1221 2063 προσέρχεται
1259 1995 1373 2056 τοῖς
1421 1994 1722 2062 ὑγιαίνουσι

142 2071 325 2140 λόγοις
373 2078 489 2139 τοῖς
533 2078 629 2131 τοῦ
673 2081 884 2150 Κυρίου
931 2084 1091 2153 ἡμῶν
1131 2085 1307 2155 Ἰησοῦ
1342 2087 1603 2157 Χριστοῦ,
1632 2087 1725 2140 καὶ

141 2165 214 2235 τῇ
242 2166 363 2218 κατ’
393 2167 675 2224 εὐσέϐειαν
705 2163 1048 2246 διδασκαλίᾳ,
1074 2176 1376 2244 τετύφωται
1407 2179 1572 2248 μηδὲν
1606 2182 1726 2239 ὲπι-

145 2254 436 2326 στάμενος,
455 2260 593 2314 ἀλλά
607 2263 780 2316 νοσῶν
799 2269 928 2337 περὶ
958 2267 1219 2338 ζητήσεις
1241 2269 1333 2321 κα)⁸
1354 2269 1689 2340 λογομαχίας
1708 2287 1723 2304 ο

145 2346 206 2414 ἐξ
230 2343 320 2402 -ὦν
376 2352 844 2422 γίνεται-φθόνος,
887 2358 1024 2430 ἔρις,
1072 2358 1432 2429 βλασφημίαι,
1481 2363 1726 2416 ὑπόνοιαι

144 2443 418 2511 πονηραὶ.
464 2444 898 2516 διαπαρατριϐαὶ
950 2450 1362 2522 διεφθαρμένων
1422 2454 1726 2523 ἀνθρώπων

142 2531 237 2582 τὸν
267 2530 413 2598 νοῦν,
445 2536 536 2587 καὶ
565 2539 1029 2609 ἀπεστερημένων
1058 2543 1154 2611 τῆς
1187 2543 1470 2613 ἀληθείας.
1498 2565 1516 2597 ο
1545 2547 1728 2616 Παρα-

144 2625 393 2692 πλησίως
442 2631 556 2690 τοῖς
611 2629 708 2682 νῦν
750 2631 828 2701 τῷ
883 2633 1105 2702 μεγάλῳ
1143 2635 1340 2705 Παύλῳ
1376 2639 1468 2690 καὶ
1502 2639 1529 2690 ὁ
1564 2640 1729 2707 σοφὸς

159 2715 591 2786 Ἐκκλησιαστὴς
623 2721 1009 2790 συμϐουλεύει,
1047 2725 1140 2777 καὶ
1176 2730 1438 2796 παραινεῖ
1465 2731 1576 2791 τοῖς
1601 2731 1727 2800 περὶ

145 2805 346 2859 πολλοῦ
381 2809 480 2876 τὴν
509 2809 767 2880 ἀλήθειαν
800 2815 1145 2884 ποιουμένοις
1171 2820 1236 2886 τῇ
1269 2818 1410 2889 ἁπλῇ
1436 2821 1543 2872 τῶν
1569 2823 1726 2875 θείων

145 2896 443 2966 ὑποφητῶν
471 2902 768 2975 παραδόσει
801 2903 899 2974 τῆς
925 2905 1162 2968 πίστεως
1193 2908 1473 2977 ἐμμένειν,
1500 2912 1592 2963 καὶ
1629 2911 1727 2975 τὰς

146 2988 280 3059 παρ’
317 2989 496 3044 αὐτῶν
525 2993 895 3062 κηρυχθείσας
935 2997 1031 3049 καὶ
1073 2997 1400 3068 λαληθείσας
1431 3001 1728 3070 ὑπολήψει-ς

146 3081 242 3134 καί
273 3080 432 3146 δόξας
469 3084 601 3153 περὶ
633 3085 770 3138 Θεοῦ
802 3091 1086 3157 συντηρεῖν
1139 3091 1233 3143 καὶ
1270 3092 1561 3160 φυλάττειν
1592 3096 1728 3147 ἀκα-

147 3170 474 3240 πηλεύτους,
509 3175 604 3228 καὶ
654 3175 923 3245 μηδαμῶς
951 3183 1402 3250 παραχαράττειν
1431 3183 1542 3236 τῶν
1569 3185 1724 3255 ὀρθο-

145 3261 314 3327 δόξων
341 3263 627 3333 δογμάτων
646 3267 770 3329 τοὺς
792 3267 1004 3335 λόγους,
1034 3271 1127 3324 καὶ
1153 3272 1288 3342 πρὸς
1317 3273 1606 3342 καμπύλας
1630 3278 1722 3330 καὶ

145 3357 582 3425 διεστραμμένας
619 3358 840 3428 τροχιὰς
872 3361 1287 3429 παρεκκλίνειν,
1329 3364 1358 3417 ὃ
1390 3366 1726 3421 πεπόνθασιν

145 3447 196 3499 οί
232 3447 513 3514 δυσσεϐεῖς
551 3452 647 3504 καὶ
690 3454 1054 3523 παραπλῆγες
1103 3458 1490 3530 αἱρεσιάρχαι,
1519 3479 1728 3533 παρεκ-

148 3539 428 3603 κλίναντες
479 3544 578 3611 τῆς
629 3544 810 3613 ἁπλῆς
863 3547 956 3599 καὶ¹
990 3548 1291 3616 μονοειδοῦς
1321 3551 1598 3621 ἀληθείας,
1633 3556 1727 3608 καὶ

151 3629 288 3698 πρὸς
319 3631 419 3693 τὰς
450 3632 701 3695 ποικίλας
742 3635 1112 3701 ἐξοκείλαντες
1153 3639 1310 3706 δόξας
1340 3643 1435 3696 τοῦ
1463 3644 1691 3712 ψεύδους
1711 3664 1725 3678 ⁸

149 3718 238 3771 ινα
273 3721 348 3790 μὴ
376 3722 658 3776 κάνταῦθα
685 3724 890 3794 μάταια
915 3728 1229 3796 μογήσωσιν
1261 3731 1355 3784 καὶ
1381 3732 1730 3806 βομϐήσωσιν

148 3812 195 3862 oi
226 3811 323 3880 τὴν
378 3813 592 3868 εὐθεῖαν
623 3815 742 3869 ὁδὸν
786 3817 1186 3884 ἀπολέσαντεςο
1229 3824 1360 3894 περὶ
1393 3819 1468 3878 ὧν
1508 3845 1672 3897 φησιν
1705 3833 1732 3883 ό

149 3904 432 3972 προφήτης
483 3905 668 3973 Δαϐὶδ,
720 3927 740 3959 ι
780 3909 900 3963 Ὀτι
951 3912 1068 3976 ὁδὸς
1105 3915 1319 3968 ἀσεϐῶν
1361 3918 1665 3986 ἀπολεῖται,
1709 3943 1726 3976 ι

218 4014 263 4046 ⁸⁷
292 4013 310 4067 l
335 4013 474 4071 Tim.
497 4034 568 4084 vt,
594 4019 648 4074 5.
722 4020 926 4077 “Psal.
962 4041 998 4090 ι,
1035 4027 1086 4080 6.

148 4109 307 4174 tanti,
360 4121 418 4162 ut
468 4112 636 4165 multa
686 4115 967 4177 scriberet,
1007 4116 1351 4172 Ecclesiastaa
1404 4123 1727 4175 sententiam

149 4194 419 4262 usurpans
453 4180 532 4234 sic
561 4184 853 4262 respondet
885 4203 924 4262 ε.
944 4187 1086 4253 Ἐγὼ
1118 4188 1382 4262 έκκςλίνίυν
1414 4191 1507 4262 τὸν
1547 4193 1730 4262 κάμα-

142 4265 258 4326 τον,
288 4250 380 4300 καὶ
411 4255 836 4326 περιιστάμενος
877 4255 967 4307 τὸν
1007 4250 1155 4326 παρὰ
1199 4257 1331 4309 Θεοῦ
1377 4260 1483 4310 τῶν
1528 4250 1636 4312 ἐπὶ]
1671 4263 1732 4314 τὸ

144 4320 380 4386 γράφειν
415 4321 495 4395 είς
521 4323 589 4373 τά
614 4322 730 4395 θεία
765 4325 991 4387 ἑαυτοὺς
1019 4320 1422 4380 ἐπιδεδωκότων
1458 4331 1725 4395 κίνδυνον,

145 4387 612 4472 συναγορεύσαιμι
657 4393 993 4472 διν-ἐμαυτῷ
1015 4397 1153 4472 Aege
1185 4396 1281 4464 τῆς
1322 4397 1546 4472 Γραφῇς
1586 4387 1728 4472 παρέ

143 4455 466 4537 σιτούμενος
494 4455 564 4537 τά
598 4461 768 4537 πολλά
802 4455 979 4537 ξτοιεῖν
1012 4465 1192 4533 βιϐλία
1213 4455 1394 4536 "(pridi
1564 4472 1618 4523 ἐν
1655 4455 1730 4537 τῷ

158 4527 559 4604 Ἐκκλησιαστῇ
611 4530 903 4604 Σολομῶν·
956 4527 1050 4587 Υίέ
1093 4554 1232 4604 μοι’,
1274 4527 1560 4603 ’ςὲύλὰξὶιι
1619 4527 1724 4594 τοῦ

141 4595 395 4674 ποιῆσαι
446 4595 658 4674 ,βιέῗᾴιά
693 4595 892 4674 πολλὰ
913 4621 926 4634 ⁸
959 4608 1069 4658 οὐκ
1093 4595 1235 4657 ’ἐστὶ
1267 4595 1594 4674 αἱερασῂὸς,
1627 4611 1725 4662 καὶ

141 4667 365 4745 μελέςη
385 4669 598 4745 ,πολλὴ
628 4673 894 4736 κόπωσις
922 4691 1024 4740 σαί
1045 4677 1167 4741 κός.
1209 4674 1260 4727 ltl
1286 4667 1368 4728 est
1397 4692 1410 4728 :
1449 4667 1725 4745 Ego’labo-

145 4752 258 4814 rem
283 4735 506 4814 fugiens.
534 4749 582 4791 et
608 4757 663 4791 eo
688 4745 916 4814 periculo
941 4735 1315 4796 circuitisessus
1340 4786 1354 4805 ,
1379 4735 1519 4814 quod
1547 4767 1576 4800 a
1623 4751 1726 4801 Deo

142 4806 408 4871 impendet
442 4809 528 4869 iis,
564 4813 652 4876 qui
694 4811 761 4862 ad
804 4814 1132 4865 scribendum
1174 4816 1226 4865 in
1255 4806 1458 4867 divitias
1496 4817 1727 4872 Litteras

141 4890 260 4952 sese
284 4876 636 4956 contulerunt,
663 4879 952 4946 Scriptura:
977 4886 1268 4950 patrocinio
1316 4889 1449 4939 tueri
1487 4904 1566 4938 me
1609 4907 1730 4956 pos-

1827 2016 1932 2068 cet,
1985 2013 2039 2058 et
2098 2020 2202 2056 non
2234 2004 2545 2073 acquiescit
2601 2004 2749 2056 sanis
2801 2000 3151 2056 sermonibus
3190 1995 3408 2052 Domini

1827 2097 2002 2151 nostri
2040 2095 2166 2151 Jt-su
2198 2096 2427 2160 Christi,
2457 2097 2604 2160 etei,
2666 2109 2787 2163 quae
2816 2094 3116 2146 secundum
3152 2092 3406 2161 pietatem

1827 2190 2234 2254 est,doctrin:c,
2273 2188 2543 2256 superbus
2593 2197 2698 2250 est,
2735 2186 2871 2239 nihil
2906 2187 3110 2246 sciens,
3156 2185 3247 2239 ενα
3289 2187 3408 2236 lan-

1829 2297 2000 2351 guens
2049 2280 2198 2334 circa
2250 2278 2581 2348 quaestiones
2615 2287 2668 2331 et
2715 2290 2928 2346 pugnas
2974 2273 3404 2328 verborum:ex

1826 2373 2027 2442 quibus
2089 2370 2344 2425 oriuntur
2387 2369 2612 2431 invidia,
2667 2369 2970 2430 contentio,
3023 2365 3405 2434 blasphemiae,

1828 2464 2170 2533 suspiciones
2200 2463 2379 2526 malae,
2421 2461 2851 2516 conﬂictationes
2889 2461 3171 2514 hominum
3224 2468 3407 2512 mente

1829 2565 2307 2624 corruptorum,et
2329 2554 2422 2622 qui
2447 2552 2675 2606 veritate
2701 2550 2898 2621 privati
2923 2551 3121 2605 sunt".
3139 2569 3156 2602 ι
3189 2548 3406 2603 Similia

1829 2644 1913 2699 his
1942 2647 2122 2714 magni
2157 2643 2308 2698 Pauli
2335 2645 2492 2714 291
2528 2645 2690 2699 dictis
2716 2644 2934 2714 sapiens
2961 2659 3178 2714 quoque
3222 2641 3407 2696 Eccle-

1827 2736 2026 2789 siastes
2057 2736 2384 2804 praescribit,
2420 2745 2472 2789 et
2522 2736 2609 2799 iis,
2635 2737 2728 2806 qui
2774 2737 3053 2790 veritatem
3114 2735 3292 2801 magni
3325 2738 3407 2786 t'a-

1827 2825 2001 2890 ciunt,
2036 2826 2249 2891 suadet,
2281 2836 2338 2879 ut
2376 2827 2496 2882 ﬁdei
2540 2828 2914 2890 traditionem,
2944 2826 3123 2896 qualis
3156 2825 3406 2878 adivit-.is

1829 2917 2112 2986 prophetis
2139 2918 2400 2984 manavit,
2442 2918 2748 2988 sitnplicem
2784 2927 3026 2980 teneant,
3053 2932 3114 2971 ac
3167 2916 3409 2986 prolatas

1829 3010 1897 3063 ab
1928 3010 1995 3063 iis
2031 3012 2426 3080 expositasque
2466 3011 2768 3066 sententias
2808 3021 2862 3063 et
2890 3010 3179 3079 opiniones
3199 3010 3266 3062 de
3300 3006 3407 3059 Deo

1829 3105 2141 3158 custodiant
2184 3113 2238 3159 et
2296 3115 2551 3159 tueantur
2598 3106 2837 3171 illaesas;
2895 3120 3028 3157 neve
3082 3103 3191 3156 ullo
3244 3103 3408 3155 modo

1831 3203 1997 3248 rectae
2029 3195 2295 3249 doctrinae
2323 3197 2484 3250 verba
2521 3194 2854 3258 deformem,
2878 3205 3044 3262 atque
3077 3194 3130 3246 in
3161 3193 3408 3261 obliquas

1834 3295 2221 3354 tortuosasque
2282 3287 2492 3341 orbitas
2540 3287 2812 3340 declinent
2857 3303 2870 3338 :
2939 3284 3406 3355 quemadmodum

1834 3375 2016 3444 impiis
2047 3377 2472 3446 amentibusque
2507 3387 2780 3432 sectarum
2808 3377 3124 3431 auctoribus
3157 3375 3407 3445 contigit,

1833 3466 1923 3535 qui
1947 3467 2248 3536 simplicem
2279 3467 2496 3537 sibique
2539 3478 2881 3524 constantem
2933 3469 3215 3521 veritatem
3250 3482 3406 3520 aver-

1833 3558 1959 3620 sati,
1988 3559 2040 3612 in
2085 3559 2263 3612 varias
2286 3561 2491 3614 erroris
2539 3561 2830 3630 opiniones
2857 3560 3095 3630 prolapsi
3119 3569 3281 3614 sunt:
3312 3576 3405 3615 ca-

1830 3658 2117 3718 veantque,
2177 3665 2244 3703 ne
2273 3650 2378 3720 ipsi
2410 3651 2596 3714 etiam,
2649 3662 2794 3706 recta
2847 3653 2932 3705 via
2969 3652 3206 3716 deserta,
3241 3666 3404 3705 vanos

1831 3741 2062 3796 subeant
2096 3741 2333 3804 labores,
2368 3751 2422 3796 et
2444 3743 2698 3798 inanibus
2739 3743 3076 3799 clamoribus
3106 3744 3406 3812 defatigvn-

1835 3843 1922 3887 tur
1944 3852 1955 3886 :
1981 3849 2090 3903 quo
2111 3836 2388 3903 pertinent
2418 3835 2637 3889 Davidis
2657 3835 2936 3905 pr0phet2e
2976 3836 3174 3889 verba:
3207 3852 3225 3885 ι
3268 3835 3406 3899 Quin

1834 3928 1918 3981 via
1957 3929 2252 3999 impiorum
2279 3932 2476 3998 perihit
2515 3930 2596 3996 ‘3;
2641 3949 2658 3981 ι
2699 3946 2762 3986 ac
2793 3946 2859 3984 ne
2891 3931 2943 3984 in
2979 3929 3159 3984 futura
3186 3929 3294 3983 vita
3321 3929 3407 3997 ju-

1830 4128 2158 4197 discrepent,
2188 4132 2331 4184 etde
2366 4132 2552 4185 eadem
2592 4147 2649 4185 re
2682 4134 3014 4198 scribantur,
3046 4149 3214 4186 unum
3252 4133 3406 4185 volun

1832 4215 1951 4273 turn
1983 4200 2185 4273 dicere.
2222 4199 2500 4269 Siquidem
2527 4213 2580 4256 et
2608 4202 2950 4273 Evangelium
2977 4214 3023 4256 et
3051 4203 3160 4256 Lex
3187 4203 3402 4255 Domini

1829 4269 2202 4342 immaculata.
2239 4282 2539 4342 convertens
2574 4269 2803 4332 animus.
2834 4274 3182 4342 singulariter
3222 4275 3406 4340 appel-

1827 4339 2041 4410 lantur,
2062 4355 2186 4410 cnm
2230 4341 2383 4406 plura
2414 4341 2703 4410 Evangelia
2731 4353 2784 4396 et
2818 4339 2982 4396 multa
3014 4345 3123 4398 sint
3155 4339 3406 4396 manan

1831 4407 1983 4480 legis.
2021 4409 2110 4480 Sic
2160 4419 2210 4462 et
2245 4411 2494 4463 volumen
2545 4407 2597 4465 in
2630 4414 2778 4466 Isaia:
2816 4429 3069 4467 sermone
3108 4413 3403 4480 signatum,

1829 4479 2008 4549 omnis
2061 4477 2342 4549 Scriptura
2390 4482 2571 4534 divina
2627 4493 2730 4544 est,
2774 4493 2827 4536 et
2866 4499 2974 4536 uno
3017 4477 3253 4549 capitulo
3286 4484 3405 4536 hhrt

1825 4546 2430 4623 lilzerliielJoannesquc
2447 4563 2738 4623 vescuntur
2761 4553 2973 4623 (Ezech.
3001 4546 3118 4616 vni;
3139 4554 3296 4618 Apoc.
3329 4570 3355 4605 κ
3371 4571 3404 4607 ι.

1827 4616 2074 4671 Salvator
2115 4616 2601 4686 quoque—omnium
2639 4616 2782 4674 retro
2814 4623 3138 4676 Sanctorum
3179 4616 3406 4675 vocibus

1825 4688 2198 4760 prophetatus,
2236 4690 2311 4740 ait
2343 4707 2356 4743 ε
2391 4688 2454 4741 In
2489 4692 2735 4760 icapitulo
2784 4693 2907 4744 libri
2949 4694 3202 4760 scriptum
3235 4701 3311 4744 est
3342 4694 3407 4744 de

1824 4773 1903 4829 me
1939 4757 2107 4823 (Psal.
2140 4773 2326 4820 χχχιχ,
2362 4761 2437 4820 8).
2481 4759 2640 4812 Juxta
2687 4763 2830 4815 hunc
2863 4764 3024 4829 ig’tur
3056 4757 3278 4814 sensum
3313 4779 3404 4813 ar-

1826 4825 2000 4898 bitror
2032 4843 2177 4898 nunc
2207 4839 2560 4896 praeceptum.
2592 4845 2658 4882 ne
2687 4825 3021 4898 pluresilihri
3058 4833 3208 4883 tiant.
3236 4830 3400 4894 Quid-

1827 4895 1958 4963 quid
2011 4897 2154 4949 enim
2210 4895 2419 4950 dixeris
2454 4939 2466 4960 ,
2526 4899 2571 4951 si
2621 4895 2701 4952 ad'
2731 4917 2853 4954 eum
2901 4904 3187 4964 referatur,
3221 4901 3313 4965 qui
3355 4901 3407 4952 in

142 4943 272 5039 silui,
299 4946 678 5039 mpltgslltbros
708 4943 931 5039 scribere
959 4943 1206 5033 recusans
1231 4969 1249 5006 .'
1279 4956 1354 5039 sic
1375 4958 1511 5036 enim
1543 4960 1594 5010 in
1610 4943 1724 5039 '_Ec-
1760 4966 1802 5019 D
1831 4943 2102 5039 principio
2130 4977 2244 5018 erat
2275 4972 2416 5033 apud
2452 4943 2640 5034 belli",
2680 4980 2732 5023 et
2766 4971 2908 5024 Drus
2939 4943 3187 5024 Verbum,
3219 4943 3404 5039 (Ionii.

141 5011 390 5085 glesiaste
423 5013 693 5076 Salomon,
743 5038 759 5068 ι
798 5021 895 5073 Fili
937 5023 1030 5085 mi,
1061 5039 1191 5075 cave
1223 5039 1287 5076 ne
1323 5024 1490 5079 facias
1527 5030 1728 5082 mullos

147 5082 322 5133 libros
355 5100 368 5136 :
398 5101 503 5136 non
545 5097 626 5139 est
673 5090 817 5150 linis,
853 5100 904 5143 et
941 5082 1220 5145 meditatio
1251 5097 1416 5147 multa
1453 5097 1606 5150 labor
1645 5111 1729 5153 est

143 5155 517 5234 car‘nis..I(Ex
556 5155 729 5234 Tento
763 5159 822 5221 V,
858 5162 909 5212 in
933 5160 1137 5234 Evang.
1173 5161 1332 5215 Joan.
1374 5167 1549 5234 praef.)

219 5219 618 5298 Grotiuquui
661 5219 872 5298 librum
939 5248 966 5282 a
1021 5219 1311 5285 Salomone
1361 5219 1722 5298 aliiudicat'at,

141 5293 378 5377 sqcf-psit.
396 5293 460 5377 ad
490 5295 634 5377 [IIII-HC
661 5297 839 5377 locutu
869 5317 881 5352 :
913 5302 1167 5368 Abjudem
1194 5303 1396 5354 videtur
1419 5293 1501 5356 Iiic
1525 5293 1726 5377 alloqui

141 5358 461 5438 Zorobabel.
524 5365 679 5417 Hunc
709 5368 853 5420 enim
901 5358 1021 5422 esse
1071 5380 1338 5438 pastorem
1379 5358 1724 5432 comment1tts

140 5439 252 5504 est,
290 5434 354 5484 de
385 5450 494 5500 quo
525 5438 687 5504 paulo
715 5448 840 5490 ante
869 5434 1082 5492 mentio
1110 5440 1277 5493 facta.

230 5502 288 5550 at
320 5517 448 5554 vero
470 5502 640 5568 ipsam
673 5506 1014 5563 Ecclesiastze
1042 5513 1364 5563 sententiam
1395 5515 1459 5566 de
1487 5517 1729 5569 multitu-

137 5567 276 5621 (line
303 5567 567 5655 librorum
596 5578 701 5628 alio
734 5579 890 5646 plane
915 5581 1074 5632 modo
1099 5583 1318 5646 exponit
1341 5567 1724 5655 iheronimus.

144 5650 205 5690 et
233 5643 524 5723 multm-inn
559 5643 784 5713 operuin
821 5651 1138 5723 scriptorcs,
1170 5643 1307 5723 quos
1341 5653 1478 5705 inter
1513 5643 1730 5723 potissi¥

149 5724 304 5787 mum
338 5713 651 5792 sibi‘lttcum
687 5734 809 5768 esse
849 5713 1199 5792 intelligebat,
1235 5721 1424 5792 idonea
1462 5713 1727 5792 inici-pre-

145 5779 360 5830 talione
388 5786 597 5837 solatur
630 5802 690 5837 ac
719 5801 942 5840 recreat.
985 5779 1214 5845 «Maris.
1241 5791 1431 5858 inquit.
1466 5806 1544 5846 est
1577 5779 1693 5847 S'cri
1715 5826 1727 5836 -

147 5858 461 5919 pturarum,
505 5858 757 5921 quamvis
798 5858 980 5925 plures
1029 5862 1216 5925 libros,
1261 5862 1303 5913 si
1349 5864 1483 5916 inter
1529 5880 1725 5923 senon

1832 5051 1869 5096 t,
1907 5035 1979 5106 ι),
2037 5053 2203 5088 unum
2250 5039 2499 5092 volumen
2545 5049 2627 5091 est
2662 5049 2757 5092 :ct
2802 5035 3235 5094 innumerabiles"
3288 5040 3405 5092 libri

1832 5121 1938 5158 una
1991 5107 2096 5169 lex,
2150 5122 2314 5158 unum
2353 5107 2698 5174 Evangelium
2748 5112 3126 5164 nominantur.
3171 5111 3323 5173 Quod
3361 5111 3407 5161 si

1828 5175 2042 5230 diversa
2089 5186 2141 5229 et
2172 5176 2538 5245 discrepantia
2578 5180 2963 5246 disputaveris,
3003 5189 3057 5233 et
3089 5181 3411 5232 curiositate

1828 5246 1994 5296 nimia
2025 5245 2130 5298 huc
2172 5257 2333 5312 atque
2371 5248 2494 5299 illuc
2525 5245 2768 5301 animum
2813 5250 3127 5310 adduxeris,
3157 5250 3320 5302 ctiam
3353 5250 3406 5300 in

1829 5330 1936 5366 uno
1985 5315 2123 5366 libro
2175 5317 2327 5367 multi
2371 5327 2498 5368 sunt
2549 5318 2691 5371 lihri.
2731 5321 2881 5372 Unde
2917 5322 3122 5372 dii-tum
3151 5328 3280 5373 est:
3325 5317 3409 5369 Ea:

1830 5384 2158 5457 niultiloquio
2189 5387 2539 5457 noncﬂ'ugies
2571 5399 2843 5455 peccatum
2871 5389 3054 5456 (Prov.
3083 5405 3138 5454 κ,
3162 5389 3271 5457 t9).
3303 5388 3411 5441 'l‘a-

1830 5454 1972 5506 libus
2005 5456 2165 5522 igitur
2197 5456 2348 5509 liht'is
2379 5474 2483 5509 non
2511 5454 2594 5510 est
2636 5458 2777 5512 linis.
2820 5454 3026 5511 Bunum
3068 5454 3411 5513 cuim’Otnne

1828 5534 1880 5575 et
1927 5527 2128 5577 veritas
2192 5537 2342 5578 certo
2407 5530 2510 5579 line
2566 5529 2947 5590 concluditur;
3012 5530 3217 5581 malitia
3282 5544 3412 5580 vero

1829 5603 1992 5661 atque
2028 5595 2369 5648 mendacium
2424 5598 2542 5650 sine
2595 5601 2700 5650 line
2753 5610 2913 5663 sunt;
2948 5610 3001 5653 et
3044 5609 3248 5666 quanto
3286 5599 3409 5666 plus

1831 5667 2202 5735 requiruntur,
2253 5675 2400 5718 tanto
2449 5669 2622 5735 major
2669 5684 2856 5725 eorum
2914 5669 3084 5722 series
3139 5679 3407 5722 nascnur.

1832 5734 2006 5800 Super
2058 5735 2158 5787 hac
2213 5753 2268 5786 rc.
2316 5734 2552 5791 studium
2608 5749 2771 5807 atque
2818 5740 3096 5796 meditatio
3141 5739 3294 5791 labor
3329 5748 3411 5792 est

1829 5817 2031 5857 carnis.
2069 5823 2084 5853 Ι
