4144 6448
201 360 337 430 1181
1564 373 1756 434 DISSI

1857 376 2084 437 [‘A'l‘lo.
3318 384 3454 453 1189

202 477 480 566 paatleiqv
510 478 1030 551 κληρονομήσωμεν·
1053 483 1112 535 ὲν
1138 482 1288 551 αὐτῷ
1319 484 1540 555 Χριστῷ
1562 485 1638 555 τῷ
1657 486 1756 554 θεᾷ

1878 502 1930 545 ut
1962 492 2249 560 imperium
2295 509 2421 549 cum
2486 496 2862 566 omnipotente
2919 495 3103 559 Patre,
3152 505 3208 551 et
3261 510 3452 553 sancto

200 566 383 635 ἡμῶν,
409 559 454 634 ᾧ
477 570 510 634 ἡ
544 566 671 632 δόξα
707 571 801 623 καὶ
827 572 890 623 τὸ
917 572 1117 641 κράτος
1148 574 1244 627 σὺν
1269 574 1345 643 τῷ
1374 574 1755 645 παντοκράτορ

1879 559 2131 651 bonoque
2154 598 2218 637 ac
2248 587 2370 640 vitze
2395 596 2620 642 auctore
2643 559 2893 657 -Spiritu,
2913 603 3061 645 nunc
3087 597 3144 644 et
3160 603 3376 658 semper
3397 598 3452 645 et

202 658 382 729 Πατρὶ
444 662 538 714 καὶ
582 660 664 731 τῷ
710 663 963 733 παναγὶῳ
1007 666 1103 717 καὶ
1153 664 1346 733 ἁγαθῴ
1396 668 1487 718 καὶ
1528 665 1756 734 {mortem

1880 674 1933 728 in
1964 674 2164 735 saecula
2202 676 2550 734 stt-culorum.
2580 680 2776 732 Amen.

204 752 523 823 Πνιόματι,
572 754 666 808 νῦν
713 756 809 809 καὶ
850 756 939 808 ἀεὶ
988 758 1082 809 καὶ
1128 758 1207 818 εἰς
1256 758 1382 819 τοὺς
1430 756 1634 819 αἰῶνας
1670 758 1779 811 τῶν

203 842 435 899 αἰώνων.
488 845 686 915 Ἀμήν.

550 936 729 1004 Τέλος
767 938 876 993 τοῦ
923 936 1434 1005 Ἐκκλησιαστοῦ.

2373 931 2528 989 Finis
2596 933 2952 995 Ecclesiaste.

215 1163 3411 1207 Μ

1278 1354 1443 1432 296
1539 1345 2376 1475 APPENDIX.

280 1732 625 1813 Reliquum
652 1740 771 1808 est,
801 1740 875 1798 ut
903 1734 1066 1796 illud
1097 1740 1417 1816 praestem,
1463 1735 1635 1813 quod
1670 1736 1733 1797 in
1766 1736 2293 1798 annotationibus
2336 1737 2413 1797 ad
2445 1736 2695 1798 Leontii
2743 1736 3277 1801 commentarium
3345 1755 3442 1797 re-

199 1832 371 1909 cepi,
403 1850 501 1895 me
524 1834 770 1897 scilicet
800 1843 1197 1907 curaturum,
1229 1841 1298 1895 ut
1325 1833 1399 1893 ad
1433 1834 1667 1896 calcem
1701 1837 1931 1915 Operis
1962 1836 2340 1898 Dissertatio
2365 1837 2632 1898 Joannis
2668 1831 2929 1901 Lancea)
2958 1841 3036 1901 de
3065 1845 3242 1900 relate
3278 1837 3442 1898 Gre-

197 1931 365 2010 gorii
397 1933 597 1994 nostri
625 1935 949 1997 ederetur.
983 1938 1142 1997 Ecce
1189 1951 1340 1996 vero
1368 1933 1571 2008 illam,
1602 1936 1812 2013 qualis
1846 1936 2013 1998 inter
2068 1937 2395 2016 Opuscula
2452 1946 2782 2001 auctorum
2825 1941 3220 2015 Siculorum,
3255 1948 3296 2001 t.
3329 1940 3439 2010 IV,

199 2050 343 2113 pag.
376 2035 433 2109 5,
473 2035 644 2098 edita
673 2045 768 2098 est
799 2036 1093 2099 Panormi
1124 2052 1293 2099 anno
1322 2035 1497 2097 1760.

712 2247 821 2309 DE
857 2246 1152 2312 IETATE
1207 2250 1277 2311 Β.
1319 2249 1709 2314 GREGORH
1762 2250 2497 2318 AGRIGENTINORUM
2563 2252 2921 2316 EPISCOPI

1409 2435 2195 2530 DlSSEBTATIO

1235 2642 1521 2701 JOANNIS
1549 2645 1845 2701 LANCEA‘J
1878 2647 2350 2705 PANORMI’I‘ANI
2362 2694 2371 2704 .

264 2958 306 3014 1.
328 2956 587 3014 Octavius
601 2954 912 3027 Cajetanus,
930 2953 1159 3027 egregia:
1174 2955 1255 3009 vel
1276 2952 1568 3025 singularis
1585 2955 1764 3022 potius
1794 2960 1836 3015 Β
1866 2960 2104 3015 oratione
2137 2963 2397 3022 (animari,
2428 2966 2504 3015 vel
2549 2972 2686 3016 certe
2716 2962 2785 3026 de,
2815 2965 3016 3017 sanctis
3045 2964 3153 3020 illis
3206 2969 3437 3038 magni...

190 3050 458 3105 doctrinae
513 3049 617 3115 vir,
679 3049 885 3118 quique
922 3048 1110 3102 Siculo
1142 3047 1346 3101 nomini
1401 3047 1641 3100 maximo
1666 3044 1767 3098 fuit
1868 3066 1965 3118 que
1999 3051 2243 3105 Patribus
2268 3055 2561 3122 quempiam
2587 3052 2744 3121 plane
2774 3054 2998 3108 videtur.
3027 3057 3094 3109 At
3115 3068 3306 3125 prater
3331 3077 3438 3114 ece-

192 3146 556 3206 incremento,
592 3143 731 3197 vitas
758 3142 1099 3197 concinnans
1152 3140 1457 3196 sanctitatis
1521 3138 1665 3193 fama
1704 3140 1765 3193 il-

192 3237 448 3290 lustrium
517 3232 868 3300 Siculorum,
930 3234 1165 3304 publicis
1228 3232 1424 3287 litteris
1490 3233 1767 3287 commisit

192 3325 412 3380 Leontii
442 3327 694 3380 monachi
734 3326 1205 3381 Commentarium
1235 3365 1250 3390 ,
1303 3323 1491 3379 Graece
1541 3323 1762 3393 quidem

190 3420 480 3489 scriptum,
515 3420 606 3474 sed
640 3419 831 3473 Latine
847 3427 1059 3472 tantum
1093 3423 1566 3486 repraesentatum,
1598 3415 1765 3468 inter-

187 3519 343 3578 prete
385 3508 679 3563 Francisco
723 3508 936 3578 Rajato,
984 3508 1053 3563 de
1100 3507 1261 3561 rebus
1313 3521 1343 3559 a
1413 3506 1763 3559 sanctissimo

184 3600 666 3670 Agrigentinorum
731 3601 992 3668 episcopo
1027 3598 1292 3667 Gregorio
1321 3596 1509 3668 gestis,
1559 3597 1652 3666 qui
1687 3605 1764 3651 tot

186 3693 389 3746 smcula
451 3692 505 3745 in
543 3690 877 3746 Messanensi
931 3689 1331 3745 Basilianorum
1371 3689 1762 3741 monachorum

186 3783 524 3837 bibliotheca
584 3784 895 3837 delituerat.
928 3781 1139 3851 Quippe
1192 3795 1322 3835 vero
1372 3780 1601 3834 scholiis
1631 3780 1760 3833 illit—

185 3872 476 3926 strandum
508 3873 614 3927 sibi
644 3872 927 3940 imposuit,
963 3871 1230 3941 quidquid
1264 3870 1368 3924 hoc
1399 3884 1627 3923 munere
1670 3868 1760 3922 di-

184 3978 355 4033 gnum
421 3963 772 4017 exhiberetur
798 3964 852 4015 in
886 3962 955 4017 iis
988 3962 1072 4015 vel
1100 3961 1169 4015 ab
1227 3975 1370 4025 sese,
1399 3960 1484 4013 vel
1520 3960 1588 4013 ab
1614 3959 1758 4022 aliis,

183 4069 423 4124 quorum
482 4064 758 4124 promeret
810 4069 970 4123 opus,
1027 4052 1380 4126 conscriptis,
1407 4052 1549 4106 hanc
1581 4042 1757 4120 ipsam

183 4148 404 4202 navavit
456 4157 696 4217 spartam
734 4147 788 4200 in
836 4147 1045 4199 Leontii
1081 4146 1306 4199 historia
1343 4143 1577 4198 edenda.
1614 4143 1757 4213 Ergo

181 4243 280 4297 ubi
324 4243 739 4313 disquireudnm
797 4242 903 4297 sibi
949 4243 1114 4296 sumit
1169 4243 1235 4295 de
1273 4249 1451 4304 aetate,
1482 4254 1591 4309 qua
1618 4239 1758 4294 vixit
1790 4306 1821 4313 Α
1860 4238 2224 4293 Constantino
2298 4238 2578 4306 Pogonato
2662 4240 2987 4308 imperante.

1867 3146 2005 3192 teras
2050 3140 2360 3194 incredibile
2405 3144 2540 3201 cepit
2592 3156 2657 3194 ea:
2694 3141 2904 3195 homine
2969 3145 3221 3214 gaudium
3259 3148 3439 3215 piissi-

1864 3247 1981 3283 mus
2020 3232 2306 3299 imperator
2359 3242 2529 3285 noster
2560 3231 2896 3286 Justinianus
2927 3272 2942 3296 ,
2969 3247 3282 3307 senatusque
3316 3240 3440 3292 uui-

1864 3338 2064 3376 versus.
2100 3322 2232 3375 Eum
2255 3325 2419 3393 igitur
2458 3325 2743 3393 amplexati
2781 3326 2969 3394 Patres
3008 3343 3207 3392 omnes,
3250 3332 3342 3400 qui
3367 3330 3438 3384 ad

1862 3429 1977 3467 eam
2019 3415 2273 3483 synodum
2323 3425 2689 3477 convenerant,
2735 3418 2900 3486 eique,
2940 3426 2999 3470 ut
3033 3419 3150 3487 jam
3175 3421 3430 3487 diximus,

1864 3506 2141 3574 gratulati,
2182 3507 2251 3559 ad
2287 3523 2411 3560 suas
2474 3509 2708 3575 ipsorum
2764 3508 2911 3562 sedes
2947 3510 3165 3579 quisque
3209 3512 3425 3566 rediere.

1868 3597 2011 3666 Ergo
2044 3598 2123 3651 sic
2166 3599 2359 3652 statuit
2393 3598 2719 3668 Cajetanus:
2768 3600 2848 3663 Si,
2901 3617 3012 3670 quo
3063 3617 3210 3674 anno
3247 3603 3434 3659 habita

1861 3688 2335 3758 Constantinopoli
2368 3691 2613 3759 synoius
2647 3693 3013 3756 meumenica,
3048 3709 3230 3747 rerum
3261 3696 3440 3762 potie-

1862 3779 2026 3834 batur
2056 3778 2401 3833 JuSIinianus
2433 3780 2598 3848 Aug.,
2636 3797 2717 3833 na:
2740 3781 2986 3850 Gregorii
3014 3792 3147 3837 aetas
3174 3784 3239 3838 ad
3268 3783 3438 3839 Justi-

1862 3872 2087 3925 nianum
2111 3872 2128 3923 I
2154 3872 2479 3936 revocanda,
2505 3872 2662 3941 cujus
2683 3873 2897 3942 imperii
2919 3889 3063 3928 anno
3082 3874 3174 3939 26,
3229 3873 3437 3931 Christi

1862 3962 2198 4034 Dionysiano
2232 3964 2355 4027 555,
2411 3974 2600 4019 coacta
2658 3964 3133 4036 Constantinopoli
3185 3982 3430 4021 cacume-

1864 4056 1986 4109 nica
2009 4071 2041 4108 v
2071 4055 2336 4123 synodus,
2375 4071 2501 4109 nam
2534 4057 2600 4109 ad
2642 4074 2691 4111 vr
2715 4057 2859 4125 quod
2892 4057 3115 4123 attinet,
3142 4073 3265 4128 quae
3286 4057 3434 4113 (Σκη-

1863 4147 2366 4215 stantinopolitana-
2402 4163 2481 4210 tn,
2526 4159 2853 4217 congregata
2886 4164 3033 4203 anno
3077 4148 3281 4203 Christi
3331 4149 3425 4202 68!

3075 4240 3212 4293 Cum
3302 4254 3434 4293 vero

180 4306 507 4405 Gregorius,
558 4335 611 4388 in
639 4350 757 4389 eam
795 4335 891 4387 ivit
942 4334 1286 4395 sententiam,
1320 4306 1514 4401 quatn'
1541 4331 1755 4385 cunctis
1780 4306 1824 4366 δ
1858 4329 2120 4384 Leontius
2140 4339 2296 4384 mtate
2319 4306 3177 4400 aequalisfueritGregorio,utex
3198 4332 3435 4400 ipsomet

182 4424 317 4477 viris
375 4424 659 4493 equisque,
696 4431 757 4477 ut
794 4424 1017 4488 dicitur,
1052 4431 1357 4491 propugnat
1397 4462 1411 4488 ,
1453 4421 1759 4491 conjicien-

180 4518 311 4572 dum
337 4518 487 4570 illum
519 4516 573 4570 in
618 4513 913 4571 Iustiniani
959 4513 979 4566 1
1028 4514 1167 4582 Aug.
1207 4521 1474 4581 tempora,
1522 4511 1757 4564 erroris-

178 4624 292 4678 que
321 4609 537 4663 incusat
558 4623 682 4663 cum
757 4604 1049 4673 Menologii
1084 4645 1099 4670 ,
1166 4602 1369 4657 Basilio
1434 4600 1622 4670 lAug.
1668 4601 1756 4671 jn-

184 4704 350 4756 bente
378 4701 690 4769 perscripti,
733 4709 847 4753 tum
879 4699 1148 4767 epitomes
1180 4696 1304 4749 vitae
1332 4704 1634 4760 auctorem,
1661 4710 1757 4749 cu-

174 4797 271 4865 jus
297 4791 545 4849 Graecum
584 4794 862 4862 exemplar
915 4807 983 4846 ex
1040 4806 1143 4844 ms.
1177 4790 1369 4844 codice
1419 4786 1629 4843 Veneto
1658 4787 1754 4842 de-

178 4895 496 4957 promptum
537 4886 639 4939 sibi
673 4885 897 4939 miserat
928 4881 993 4937 ν.
1036 4882 1119 4935 Cl.
1160 4880 1557 4934 Constantinus
1590 4876 1756 4932 frater

178 4976 354 5030 abbas
400 4974 807 5036 Benedictinus,
851 4987 1081 5042 eamque
1116 4970 1409 5025 Latinitate
1449 4971 1705 5024 donatam
1734 5009 1749 5033 ,

178 5066 411 5134 suisque
503 5074 721 5119 auctam
841 5063 1412 5119 animadversionibus
1473 5062 1751 5131 supplevit

181 5157 498 5210 Leontianze
526 5158 787 5220 historiae,
812 5156 939 5226 quia
962 5157 1165 5211 diserte
1182 5154 1338 5209 abiis
1362 5154 1426 5208 ad
1454 5155 1580 5223 imp.
1609 5155 1747 5208 Czes.

174 5246 471 5301 Justiniani
501 5246 543 5300 ll
579 5263 754 5303 annos
824 5246 1116 5302 referatur.
1151 5248 1445 5300 Sententia:
1488 5262 1601 5301 sua:
1629 5246 1751 5300 fun-

175 5336 494 5391 damentum
521 5340 572 5391 in
591 5354 655 5391 eo
682 5339 939 5407 positum,
973 5338 1117 5407 quod
1146 5336 1428 5399 Leontius,
1460 5348 1745 5407 postquam

175 5437 490 5482 enarrasset
512 5429 865 5483 meumenicze
899 5429 1110 5499 synodo
1126 5428 1747 5498 Constantinopolitanae

173 5517 492 5574 interfuisse
516 5518 861 5589 Gregorium,
892 5536 1182 5589 personam
1221 5530 1495 5591 gerentem
1533 5525 1745 5592 episco-

1857 4422 2251 4477 commentario
2301 4421 2569 4481 hauritur,
2630 4421 2781 4473 nullo
2834 4423 2998 4474 modo
3044 4420 3431 4483 dubitandum,

1856 4514 1987 4583 quin
2021 4527 2120 4566 nec
2144 4526 2267 4564 vera
2307 4510 2594 4565 tradiderit
2632 4512 2922 4575 Baronius,
2973 4513 3069 4580 qui
3103 4512 3157 4564 in
3188 4511 3339 4565 notis
3362 4511 3429 4564 ad

1857 4605 2167 4657 Romanum
2225 4602 2667 4671 Martyrologium
2711 4603 2870 4657 anuis
2919 4601 3157 4655 Mauritii
3209 4603 3347 4669 Aug.
3377 4612 3433 4655 et

1855 4693 2102 4764 Gregorii
2155 4692 2194 4755 l,
2236 4692 2294 4745 P.
2328 4692 2422 4758 M.,
2457 4694 2696 4747 vindicat
2730 4692 3056 4762 Gregorium
3088 4692 3428 4761 episcopum,

1854 4800 2030 4854 neque
2062 4784 2237 4855 ipsum
2268 4785 2404 4839 adeo
2447 4784 2810 4854 Menologium
2859 4783 3218 4850 Basilianum,
3253 4800 3431 4854 neque

1852 4877 2074 4929 tandem
2121 4874 2489 4945 Epitomastes
2515 4875 2755 4940 Graecus,
2793 4875 2887 4944 qui
2937 4875 3002 4929 ad
3052 4873 3346 4929 Iustiniani
3382 4873 3423 4926 ll

1852 4962 2186 5019 thinotmeti
2261 4977 2503 5034 tempora
2562 4965 2911 5033 protrahunt.
2994 4962 3119 5019 Haec
3174 4962 3421 5032 Cajetani

1851 5057 2136 5111 sententia:
2163 5071 2403 5122 summa,
2424 5065 2657 5123 (ωειλ-ιιι
2694 5056 2877 5124 specie
2910 5057 3026 5110 veri
3054 5071 3161 5109 non
3196 5056 3427 5109 destitu-

1851 5158 1921 5215 ta,
1954 5151 2026 5203 ita
2059 5164 2250 5218 reapse
2305 5148 2472 5217 (quod
2505 5147 2640 5201 tanti
2685 5147 2785 5201 viri
2822 5162 2956 5217 pace
3002 5147 3255 5215 dixerim)
3284 5162 3311 5200 a
3338 5162 3428 5200 ve-

1848 5237 2008 5291 ritate
2079 5252 2215 5290 sane
2270 5252 2433 5306 quam
2485 5238 2811 5302 abhorrens,
2866 5238 3011 5305 quod
3059 5253 3167 5290 non
3225 5252 3335 5291 uno
3391 5253 3421 5291 e

1846 5330 2023 5397 Capite
2056 5328 2277 5395 planum
2311 5344 2397 5382 me
2453 5328 2725 5382 facturum
2772 5328 3008 5383 confido.
3056 5328 3247 5398 Itaque
3286 5330 3421 5383 rele-

1847 5435 1967 5488 gam
2001 5418 2359 5473 Leontianam
2406 5420 2713 5484 historiam,
2765 5428 2901 5484 tum,
2951 5434 3077 5489 qua:
3118 5419 3421 5474 evertendas

1845 5512 2120 5581 Cajetanaa
2152 5513 2397 5580 Opinioni
2436 5521 2751 5575 occurrunt,
2790 5528 3115 5581 proponam,
3148 5522 3423 5582 postremo

174 5604 231 5674 pi
263 5604 502 5660 Sardica:
522 5602 857 5663 Con'stantiae
907 5608 1094 5678 Cypri,
1149 5609 1548 5679 haereticosque
1584 5611 1744 5679 plane
1842 5607 2019 5661 dicam
2074 5622 2198 5675 quae
2226 5608 2403 5661 sentio
2460 5608 2525 5661 de
2558 5606 2809 5678 Gregorii
2847 5617 3025 5672 :etate,
3056 5622 3231 5677 eaque
3258 5621 3423 5676 argu-

172 5695 515 5766 proﬂigasse,
566 5698 680 5753 hazc
716 5700 911 5753 tradit:
948 5700 1080 5765 ρυω
1107 5717 1233 5753 sane
1275 5716 1392 5753 cum
1421 5700 1575 5754 multi
1596 5718 1743 5755 acce-

175 5786 394 5851 pissent,
425 5788 683 5841 undemmz
715 5789 792 5843 rir
822 5790 916 5843 iste
941 5792 962 5845 ?
989 5789 1238 5844 Dicebant
1270 5808 1284 5844 :
1324 5790 1573 5860 Angrhem
1608 5793 1741 5846 cnim

1838 5710 2147 5755 mentorum
2178 5701 2414 5767 pondere
2445 5702 2754 5756 firmavere.

1910 5795 1971 5847 lt.
2002 5797 2109 5861 Age
2167 5794 2280 5859 jam
2315 5792 2574 5849 Leontius
2619 5795 2829 5864 patrios
2895 5794 3039 5850 lares
3097 5793 3407 5849 deseruisse
