4144 6448
180 421 315 487 1185

1528 414 2046 477 DISSERTATIO.

3274 422 3408 487 1186

180 536 260 587 vel
295 531 361 584 Η
388 528 494 590 die,
530 526 575 582 si
608 525 853 596 Cajetani
883 523 1335 587 Chronolotzismo
1360 524 1742 589 inhaereamus,
1778 535 1819 589 Α
1851 525 2217 578 concedamus
2277 523 2531 587 interim,
2595 526 2738 595 quod
2798 526 3039 595 posmlat
3098 526 3412 598 Cajrtauus,

181 639 289 677 non
326 623 391 675 l5
426 621 650 690 Aprilis,
688 627 747 672 ut
779 617 1041 672 Leontius
1067 614 1354 670 manifeste
1391 625 1638 670 testatus.
1667 616 1747 668 Ad

183 717 293 770 haec
348 714 414 768 i5
470 713 696 781 Aprilis.
747 726 855 780 qua
899 707 1118 762 Marcus
1150 708 1317 762 abbas
1357 706 1750 777 Hierosolymis

182 809 479 875 digressus,
517 804 681 872 298
712 801 989 855 concurrit
1017 814 1144 853 cum
1179 798 1312 853 feria
1346 801 1380 854 5
1408 816 1422 863 ;
1460 799 1555 854 sed
1605 813 1749 853 anno

184 899 307 960 345,
333 912 454 950 cum
483 896 619 949 feria
650 895 703 947 4.
733 892 1005 945 Paeoniam
1043 906 1266 943 manum
1311 899 1588 958 exspecto,
1630 905 1751 957 qua:

188 988 620 1058 Jeploratissima
653 984 925 1053 Cajetanae
959 983 1240 1036 sententiae
1267 982 1488 1035 vulnera
1518 996 1751 1049 praesen-

189 1084 328 1136 tibus
357 1078 537 1132 succis
570 1076 895 1131 demulceat.
931 1074 1036 1128 Sed
1065 1085 1259 1128 caetera
1294 1088 1678 1141 exsequamur.

258 1171 317 1225 V.
353 1169 474 1236 Quo
511 1183 654 1222 anno
683 1165 1025 1220 Antiochiam
1062 1162 1530 1233 ahiitGregorius,
1567 1163 1754 1217 Eccle-

184 1264 321 1317 siam
386 1261 769 1315 moderabatur
833 1256 1175 1310 Eustathius.
1218 1255 1304 1308 Ita
1372 1254 1754 1325 Hierosolymis

186 1355 384 1423 (inquit
403 1350 683 1417 Leontius)
695 1364 928 1418 egressus
954 1363 1003 1399 Iv
1030 1344 1157 1399 ldus
1174 1346 1393 1410 Aprilis,
1422 1345 1755 1399 Antiochiam

184 1444 561 1513 proﬁciscitur,
599 1456 700 1509 quo
750 1455 869 1493 cum
912 1440 1153 1500 renisset,
1182 1436 1451 1490 domicilio
1482 1446 1693 1506 excepto
1724 1453 1757 1490 α

186 1546 369 1587 sancto
408 1531 689 1585 Eustathio
722 1531 834 1598 ejus
863 1529 1007 1581 urbis
1032 1528 1486 1595 archiepiscopo...
1510 1528 1592 1581 Ab
1614 1543 1758 1582 anno

185 1624 388 1678 Justini
445 1625 583 1688 Aug.
632 1620 843 1683 ultimo,
902 1620 1003 1672 hoc
1053 1626 1139 1671 est
1185 1617 1389 1672 Christi
1431 1618 1759 1687 Dionysiano

190 1715 316 1775 526,
351 1728 462 1781 quo
494 1711 829 1779 Euphrasius
866 1709 1241 1763 Antiochenus
1293 1709 1585 1777 episcopus
1625 1707 1760 1777 lapi—

189 1807 353 1860 ditms
383 1806 611 1858 obrutus
648 1805 699 1856 in
729 1800 1069 1856 memorabili
1101 1801 1219 1870 ejus
1252 1801 1406 1854 urbis
1445 1807 1757 1854 terrmmotu

1851 612 2015 666 modo
2045 611 2331 679 intelligat,
2367 628 2528 681 quam
2573 615 2737 667 multa
2765 616 2892 678 sint,
2934 630 3055 684 qua:
3103 618 3207 671 sibi
3251 634 3413 686 repu-

1851 712 2040 775 gnant.
2079 702 2220 771 Ergo
2249 704 2380 758 illud
2413 720 2442 758 a
2467 702 2730 772 Cajetﬁno
2773 718 2917 773 peto,
2966 708 3097 776 quid
3148 709 3251 762 sibi
3303 710 3418 764 hate

1850 790 2018 844 velint
2052 807 2063 840 :
2097 789 2366 843 Romanus
2389 790 2683 861 (Pontifex)
2714 793 2900 861 quippe
2932 796 3077 862 gravi
3101 796 3279 848 morbo
3324 797 3419 849 deo

1850 890 2022 935 tentus
2057 882 2291 935 libellum
2325 884 2490 936 mittit
2524 884 2741 951 propria
2786 900 2941 936 manu
2974 888 3328 955 conscriptum
3355 888 3420 940 de

1851 971 2111 1023 sententia
2138 970 2551 1025 orthodoxorum
2586 974 2886 1026 antistitum
2914 975 3078 1042 ipsius
3111 976 3280 1030 locum
3308 994 3420 1031 ser-

1854 1064 2085 1115 uantiunt
2107 1062 2132 1114 Ρ
2169 1060 2308 1125 Quid
2342 1075 2396 1115 et
2425 1079 2545 1131 qua:
2580 1081 2703 1118 uiox
2763 1068 3101 1119 succedunt:
3160 1064 3263 1120 Sed
3314 1076 3420 1135 epi-

1851 1151 1995 1215 scopi
2024 1150 2080 1201 in
2108 1150 2390 1200 concilium
2415 1166 2445 1200 a
2464 1151 2711 1217 pontiﬁce
2738 1152 2884 1202 missi
2916 1148 3154 1220 Gregorii
3178 1152 3421 1207 adventui

1856 1247 2229 1291 antevertentes
2242 1240 2543 1307 pontiﬁcem
2569 1242 2738 1303 ipsum
2758 1244 3040 1294 docuerunt
3062 1240 3301 1312 Gregorii
3319 1248 3423 1297 vir-

1857 1337 1985 1394 tute,
2008 1346 2071 1382 ac
2109 1328 2395 1397 sapientia,
2431 1332 2800 1384 hwreticorum
2837 1335 3140 1395 audaciam,
3181 1337 3424 1404 petulan-

1857 1421 2086 1489 tiamque
2125 1424 2463 1488 repressam."
2500 1420 2634 1473 Cum
2675 1421 3143 1492 ConstantinOpoIi
3184 1441 3423 1483 ineunte-

1861 1519 1977 1558 nica
2001 1522 2023 1555 ν
2051 1505 2291 1575 synodus
2323 1508 2510 1569 coivit,
2544 1506 2770 1577 Vigilius
2800 1526 2932 1579 papa
2960 1512 3157 1566 ibidem
3180 1516 3427 1583 degebat,

1859 1595 2202 1651 Chalcedone
2234 1614 2265 1652 a
2307 1598 2624 1655 Justiuiano
2675 1605 2907 1667 enritus,
2956 1620 3101 1658 anno
3146 1606 3272 1671 552,
3320 1625 3431 1677 quo

1861 1686 2150 1757 aufugerat
2177 1692 2446 1759 superim-i
2470 1706 2614 1744 anno
2654 1693 2998 1761 imperatoris
3047 1698 3157 1751 iras
3189 1700 3430 1753 declina-

1866 1787 2046 1845 turus,
2072 1796 2209 1850 quas
2235 1783 2286 1834 in
2320 1797 2381 1835 se
2410 1783 2715 1836 concitarat
2740 1785 2914 1839 tribus
2943 1788 3206 1855 Capitulis
3237 1802 3433 1858 appro-

192 1897 402 1951 interiit
431 1894 699 1965 (TheOph.
756 1892 823 1946 ad
887 1892 940 1945 h.
1002 1868 1202 1959 a.),ad
1231 1891 1358 1957 546,
1404 1892 1758 1947 Antiochense

1869 1871 2020 1933 batis.
2082 1888 2204 1942 qua:
2256 1888 2404 1927 anno
2459 1875 2562 1928 547
2621 1876 2882 1944 principis
2929 1880 3088 1945 grnio
3148 1880 3434 1950 indulgens

196 1987 459 2042 Ecclesia:
522 1984 809 2052 impositus
880 1982 1222 2052 Ephrazmus,
1279 1983 1437 2051 eique
1500 1985 1763 2039 successit

196 2080 439 2133 Domnus
457 2077 616 2145 ll,qui
637 2094 665 2128 e
683 2077 819 2129 vivis
835 2076 1068 2136 excessit
1088 2089 1228 2128 anno
1247 2074 1369 2130 559.
1385 2075 1583 2146 Ecquis
1600 2077 1765 2144 igitur

190 2174 436 2240 gentium
471 2168 787 2222 Eustathius
832 2167 956 2230 iste,
997 2165 1092 2237 qui
1120 2166 1381 2235 'Cajetano
1432 2175 1659 2223 auctore
1707 2168 1761 2222 in

196 2264 535 2319 Antiochena
563 2261 821 2316 cathedra
850 2260 1054 2315 sederit
1082 2274 1226 2315 anno
1279 2260 1424 2325 552?
1478 2261 1621 2316 Vidit
1665 2277 1764 2316 no-

194 2358 326 2412 dum
387 2353 705 2425 Cajetauus,
765 2365 942 2421 neque
995 2351 1102 2405 alio
1144 2351 1371 2405 extricat
1425 2352 1605 2413 modo,
1659 2352 1764 2406 nisi

195 2450 474 2508 dubitans,
521 2463 592 2500 an
646 2446 786 2498 inter
828 2442 1096 2513 Ephrtem,
1144 2452 1194 2497 et
1234 2442 1496 2495 Domuum
1538 2444 1755 2497 admini-

198 2541 390 2594 stravit
409 2555 526 2592 eam
560 2539 733 2591 sedem
763 2534 1072 2589 Eustathius
1098 2538 1123 2590 ἵ
1149 2552 1214 2588 an
1244 2533 1488 2588 Leontius
1514 2537 1764 2587 memoria

198 2633 383 2702 lapsus
409 2633 433 2686 .9
462 2630 532 2683 At
550 2630 694 2683 enim
720 2628 764 2683 si
791 2642 889 2696 pro
910 2626 1153 2696 Cajetaui
1179 2636 1302 2679 voto
1324 2636 1528 2679 starent
1551 2636 1763 2690 caztera,

195 2723 522 2779 dubitationi
540 2722 787 2775 cederem
815 2737 829 2774 :
853 2734 976 2774 cum
999 2734 1123 2773 vero
1148 2718 1200 2771 in
1230 2729 1337 2772 tota
1360 2718 1569 2771 Leontii
1601 2718 1767 2771 histo-

199 2817 283 2869 ria
308 2815 439 2868 nihil
465 2814 689 2867 omnino
711 2814 948 2881 sit,quod
962 2811 1205 2879 Cajetani
1223 2810 1532 2877 Opinionem
1551 2826 1655 2862 non
1671 2823 1768 2863 su-

202 2906 654 2977 gillet,piaculum
683 2904 751 2957 sit
779 2903 918 2955 inter
942 2901 1283 2969 Ephrwmum
1314 2909 1367 2953 et
1390 2900 1652 2952 Domuum
1678 2914 1768 2953 ac-

201 3012 425 3051 eensere
438 2994 778 3049 Eustathium
795 2992 1147 3045 Antiochenae
1166 2989 1418 3043 Ecclesia:
1441 2990 1767 3057 pontificem.

281 3087 363 3143 Vl.
400 3087 479 3139 Ad
516 3087 630 3138 haec
656 3084 912 3137 Leontius
952 3082 1141 3137 scribit
1169 3095 1185 3135 :
1218 3079 1447 3149 Impiam
1480 3082 1644 3150 igitur
1666 3080 1774 3132 ha:-

199 3180 362 3231 resim
389 3175 641 3245 Gregorio
673 3175 841 3242 aperit
902 3172 1559 3242 (Constantinopolitanus
1594 3171 1772 3223 archi-

200 3268 516 3337 epis¢opusi
541 3280 657 3333 quae
677 3274 786 3316 tum
808 3265 1079 3316 exstiterat
1105 3261 1310 3331 Sergio,
1342 3259 1498 3330 Cyro,
1522 3270 1570 3313 et
1602 3258 1769 3314 Paulo

203 3357 660 3428 perniciosissimis
706 3355 1029 3408 auctoribus.
1068 3352 1158 3406 Ita
1212 3354 1407 3406 multas
1464 3355 1644 3406 beatus
1698 3354 1778 3405 vir

202 3448 371 3504 edidit
406 3462 523 3501 cunt
561 3447 630 3500 ad
673 3447 986 3508 docendum,
1032 3453 1141 3497 tum
1192 3446 1260 3499 ad
1292 3444 1618 3500 laudandum
1646 3461 1780 3499 com-

208 3544 406 3607 positas
456 3543 745 3604 orationz's,
797 3549 851 3593 ut
907 3541 984 3594 vel
1040 3539 1109 3592 ad
1161 3540 1387 3607 piissimi
1446 3540 1780 3608 imperatoris

211 3636 381 3687 nostri
409 3650 563 3686 aures
594 3633 758 3700 ipsius
786 3633 930 3699 fama
955 3633 1263 3699 pervaserit.
1300 3630 1433 3684 Inde
1453 3645 1562 3696 post
1590 3634 1778 3684 multos

210 3727 321 3778 dies
379 3726 579 3777 adsunt
628 3724 855 3791 episcopi
910 3722 1335 3782 Alexandrinus,
1399 3721 1775 3784 Antiorhenus,

212 3818 513 3874 Orientales
544 3834 740 3869 omnes.
778 3814 1043 3868 Romanus
1074 3832 1192 3868 vero
1222 3815 1409 3884 quippe
1430 3818 1574 3883 gravi
1603 3816 1779 3867 morbo

210 3913 451 3963 detentus
490 3909 720 3962 libellum
754 3910 916 3961 mittit
968 3911 1181 3976 propria
1226 3924 1386 3960 manu
1431 3911 1781 3976 conscriptum

213 4001 277 4055 de
327 4002 580 4053 sententia
630 4001 1038 4053 orthodoxorum
1094 4000 1393 4053 antistitum
1417 4001 1579 4066 ipsius
1613 4001 1784 4053 locum

215 4093 558 4146 seruantium.
591 4090 716 4145 Non
746 4094 832 4146 hic
857 4093 1003 4145 litem
1030 4092 1302 4144 intendam
1324 4089 1609 4158 Cajetano,
1641 4091 1784 4158 quod

213 4195 405 4253 aperte
430 4185 647 4238 dicatur
679 4185 861 4237 habita
894 4184 1134 4253 synodus
1162 4183 1564 4252 proscribenda:
1600 4181 1788 4234 Mono-

215 4275 533 4328 tbclntarum
568 4275 781 4337 haeresi,
814 4284 977 4341 atque
1008 4274 1142 4326 adeo
1192 4274 1344 4340 nigro
1378 4272 1524 4325 theta
1570 4272 1789 4341 signan-

215 4365 305 4419 dis
334 4363 548 4434 Sergio,
578 4364 743 4436 Cyro,
777 4363 949 4418 Paulo
983 4364 1247 4417 Inereticzn
1285 4362 1537 4416 factionis
1580 4363 1787 4417 antesi-

216 4447 435 4525 gnanis.
463 4458 735 4526 Quidquid
763 4458 865 4511 hoc
883 4466 989 4521 est,
1022 4455 1164 4524 quod
1188 4466 1334 4510 certe
1360 4470 1631 4523 magnum,
1665 4470 1788 4509 eau-

1862 1963 2351 2035 Constantinopoli,
2390 1982 2499 2035 quo
2548 1978 2795 2035 vocatus,
2853 1970 3164 2026 damnarat.
3220 1972 3325 2028 Sed
3380 1983 3435 2029 et

1863 2057 2102 2113 concilio
2137 2072 2312 2127 neque
2344 2060 2533 2113 adesse
2588 2060 2703 2129 ipse
2756 2062 2944 2127 voluit,
3002 2079 3178 2133 neque
3229 2066 3437 2136 legatos

1865 2148 2123 2201 mittere:
2164 2148 2333 2202 semel
2364 2153 2509 2203 enim
2548 2151 2861 2221 iterumque
2902 2169 2932 2207 a
2994 2157 3188 2225 synodi
3242 2159 3436 2228 legatis

1864 2238 2147 2303 invitatus,
2183 2249 2242 2293 ut
2264 2239 2379 2309 ipse
2402 2256 2526 2295 cum
2551 2243 2824 2312 episcopis
2855 2245 3076 2314 reliquis
3098 2252 3434 2317 conveniret,

1867 2333 2028 2387 modo
2061 2334 2183 2398 hoc,
2235 2336 2398 2389 modo
2453 2336 2584 2389 illud
2618 2348 2897 2406 cauSntus,
2932 2345 3125 2397 adduci
3155 2360 3436 2417 nunquam

1865 2424 2067 2491 potuit,
2100 2434 2158 2478 ut
2189 2440 2249 2479 se
2299 2438 2565 2495 praesente
2613 2432 2904 2484 concilium
2969 2434 3275 2490 haberetur.
3336 2438 3438 2493 Ille

1867 2531 1985 2568 rero
2018 2521 2320 2599 (oratorum
2359 2523 2550 2590 synodi
2584 2524 2743 2576 verba
2774 2532 2922 2587 sunt,
2953 2525 3244 2599 collatione
3279 2530 3313 2582 3
3338 2546 3433 2585 ex-

1840 2607 2065 2675 posita)
2100 2596 2368 2676 respondit
2397 2627 2498 2664 non
2530 2628 2681 2680 posse
2710 2628 2814 2664 una
2838 2616 3107 2667 nobiscum
3142 2596 3435 2683 convenire,

1866 2713 1924 2748 eo
1954 2699 2092 2766 quod
2114 2701 2334 2766 plurimi
2362 2702 2447 2753 hic
2471 2704 2682 2771 quidem
2710 2716 2830 2756 sunt
2859 2703 3152 2760 Orientales
3184 2713 3439 2780 episcopi,

1866 2791 2023 2857 pauci
2064 2807 2181 2845 vero
2213 2808 2333 2845 cum
2379 2810 2438 2847 eo
2467 2809 2486 2847 :
2520 2795 2698 2863 facere
2739 2809 2913 2848 autem
2964 2814 3055 2865 per
3102 2807 3439 2869 semetipsum

1869 2886 2206 2948 sententiam,
2245 2895 2293 2939 et
2324 2887 2508 2953 offerre
2541 2889 2780 2954 piissimo
2814 2890 3046 2943 domino.
3096 2898 3247 2957 Quod
3286 2897 3442 2962 plane

1871 2988 2206 3032 exsecutus:
2243 2979 2388 3032 misit
2418 2982 2564 3032 enim
2617 2980 2929 3035 Justiniano
2986 2986 3121 3054 Aug.
3175 2986 3442 3050 libellum,

1874 3071 2036 3137 quem
2068 3074 2415 3125 constitutum
2445 3074 2604 3138 dixit,
2646 3075 2695 3127 iu
2722 3078 2981 3145 quoquid
3004 3079 3067 3130 de
3099 3079 3272 3133 tribus
3316 3096 3441 3134 δυη-

1878 3160 2001 3213 tiret
2056 3163 2321 3233 Capitulis
2368 3166 2600 3231 aperuit,
2651 3183 2884 3235 eumque
2932 3168 3117 3221 Graece
3169 3185 3382 3223 versum
3415 3188 3443 3225 a

1881 3252 2241 3309 Constantino
2264 3259 2404 3312 sacri
2440 3260 2623 3327 palatii
2668 3270 2936 3328 quwstore
2968 3263 3164 3314 lectum
3195 3264 3360 3316 voluit
3393 3266 3444 3316 in

1878 3346 2089 3413 synodo
2122 3348 2437 3417 imperatOr,
2472 3361 2529 3403 ut
2558 3354 2609 3403 in
2644 3352 2921 3407 collation-
2966 3354 2996 3406 7
3026 3354 3280 3407 traditur.
3314 3357 3445 3408 Cum

1879 3433 2046 3502 igitur
2082 3435 2549 3507 Constantinopoli
2603 3451 2913 3495 versaretur
2953 3440 3199 3507 Vigilius.
3238 3448 3448 3498 animo-

1880 3542 1987 3594 que
2010 3527 2309 3583 instituerit
2334 3569 2348 3592 ,
2391 3530 2596 3584 nullam
2641 3530 2863 3599 injicere
2898 3533 3278 3586 auctoritatem
3318 3550 3452 3589 con-

1882 3617 2029 3683 cilio,
2061 3620 2206 3687 quod
2238 3621 2347 3684 sui,
2383 3621 2485 3673 hoc
2515 3631 2617 3686 est,
2642 3623 2996 3675 ecclesiastici
3030 3633 3254 3677 senatus
3295 3626 3453 3693 prin-

1885 3708 2022 3776 cipis
2040 3711 2326 3778 praesentia
2343 3721 2574 3773 careret.
2597 3728 2700 3765 non
2723 3722 2860 3777 erat,
2888 3730 2986 3767 cur
3004 3714 3152 3766 viros
3173 3717 3451 3784 deligeret,

1885 3801 1974 3867 qni
2025 3814 2151 3853 suas
2202 3811 2381 3869 partes
2438 3803 2738 3870 legatorum
2792 3820 3017 3858 munere
3074 3805 3452 3874 fungerentur,

1887 3894 2028 3944 unde
2083 3892 2377 3960 legitimam
2428 3895 2692 3964 synodum
2746 3895 3058 3948 nectessario
3105 3897 3332 3949 diceret.
3393 3898 3454 3949 Et

1884 3985 2102 4054 quidem
2144 4000 2208 4038 ex
2265 3986 2397 4054 ipsis
2438 3986 2656 4039 concilii
2706 3987 2858 4041 Actis
2913 3986 3185 4049 elicimus,
3247 3986 3454 4039 nullum

1887 4075 2052 4131 fuisse
2087 4076 2321 4131 Romani
2362 4077 2599 4148 episcopi
2629 4078 2885 4149 legatum,
2921 4078 3065 4147 qunti
3120 4079 3458 4131 ecclesiasti-

1886 4185 2071 4223 carum
2102 4185 2286 4224 rerum
2322 4171 2665 4238 indagatores
2690 4172 2927 4223 fatentur
2951 4182 3162 4231 omnes,
3191 4179 3458 4235 docetque

1889 4263 1977 4332 (ne
2011 4264 2131 4317 sine
2155 4266 2327 4318 veteri
2365 4265 2680 4317 testimonio
2714 4280 2801 4317 res
2845 4263 3200 4330 transigatur)
3248 4260 3458 4313 indicu-

1889 4355 1974 4410 lus
1997 4356 2087 4410 ille
2121 4358 2173 4410 in
2208 4358 2354 4425 regia
2386 4355 2719 4409 Parisiorum
2754 4354 3082 4407 bibliotheca
3109 4368 3236 4407 tns..
3271 4352 3457 4404 lauda.

1893 4459 2085 4518 Iusque
2112 4464 2141 4502 a
2171 4449 2233 4503 γ.
2281 4449 2362 4503 Cl.
2396 4449 2673 4518 Stephano
2731 4447 2954 4500 Balnzio
2998 4446 3051 4497 in
3090 4445 3355 4512 suppletur.
3390 4444 3460 4497 ad

218 4561 447 4616 sanique
492 4548 705 4616 jugulat
751 4546 1015 4616 Cajetani,
1073 4555 1386 4614 suspectum
1444 4545 1531 4598 ille
1580 4544 1782 4607 habet;
1819 4532 1863 4589 D
1889 4541 1986 4595 lib.
2022 4558 2049 4594 v
2078 4541 2155 4594 De
2178 4558 2324 4595 conc.
2354 4557 2465 4594 sac.
2507 4552 2556 4592 et
2588 4543 2738 4609 imp.,
2774 4556 2894 4608 cap.
2936 4539 3028 4600 21,
3077 4537 3130 4589 in
3166 4536 3323 4602 cujus
3357 4536 3462 4587 litie

216 4645 275 4689 ct
310 4645 491 4692 tamen
522 4655 630 4691 non
664 4639 819 4691 video
860 4653 1024 4708 quam
1059 4652 1206 4691 vere.
1256 4635 1413 4689 Paria
1468 4644 1654 4690 narrat
1703 4634 1789 4688 Si—

222 4743 380 4781 meon
419 4728 831 4797 Metaphrastes,
870 4747 1030 4799 quem
1064 4739 1242 4784 tamen
1281 4744 1385 4781 non
1430 4728 1642 4781 dubitat
1682 4728 1785 4781 sibi

221 4820 598 4876 concinentem
633 4823 857 4877 laudare
886 4839 899 4875 :
933 4823 1080 4890 paria
1111 4822 1235 4875 vitae
1263 4820 1646 4888 Epitomastes.
1675 4818 1782 4872 Sed

1893 4633 2458 4701 Romanipontiliccs,
2495 4633 2595 4687 sub
2642 4633 2842 4700 quibus
2899 4642 3028 4684 acta:
3110 4628 3463 4682 decumo-nime

1894 4725 2108 4795 synodi,
2136 4732 2549 4791 percensentur,
2577 4732 2691 4776 tum
2718 4738 2906 4776 eorum
2936 4719 3177 4781 nomina,
3197 4716 3289 4784 qui
3314 4717 3464 4783 ipso-

1892 4832 2011 4869 rum
2046 4830 2332 4884 personam
2362 4815 2415 4867 in
2450 4816 2517 4868 iis
2549 4815 2928 4869 sustinuerint.
2966 4812 3046 4865 En
3080 4812 3229 4862 illum
3259 4823 3272 4857 :

564 5022 752 5074 Σίλὸε-

570 5109 747 5162 στρος.

852 5023 944 5074 καὶ
992 5019 1124 5073 ’ἰοὺ-

920 5092 1050 5152 λιος.

1550 5022 1558 5144 Ι

268 5342 483 5397 ιοποτη-
512 5326 523 5397 Ι
548 5331 585 5380 Β
604 5348 704 5381 των
730 5329 827 5381 καὶ
851 5326 1141 5387 Βικέντιος.

570 5109 747 5162 στρος.
798 5086 810 5231 Ι
920 5092 1050 5152 λιος.
1310 5086 1320 5089 ’
1550 5086 1557 5222 ἒ
1606 5090 1805 5147 στίνος.
2984 5086 2992 5215 Ι

268 5342 483 5397 ιοποτη-
548 5329 827 5381 Βτωνκαὶ
851 5326 1141 5387 Βικέντιος.
1609 5322 1809 5392 Κύριλ-
1926 5319 2117 5369 Nam:
2653 5313 2944 5384 Γεὼργιος.
3112 5318 3315 5382 Πέτρος

293 5402 474 5467 meai.
1646 5392 1755 5453 λος.
1946 5388 2112 5440 σίνος.
2698 5388 2907 5438 esset.»
3039 5387 3135 5438 καὶ
3178 5387 3401 5454 Πέτρος.

1935 5457 2129 5509 Λουκί-
2753 5475 2843 5523 ρος

1959 5544 2093 5589 σιος.
2664 5528 2935 5594 Γειὶεργιος

2644 5599 2737 5650 καὶ
2768 5599 2950 5651 Ἰωάν-

2747 5686 2865 5741 νης.

2262 5009 2558 5078 Βιγίλλιος.
2610 5009 2618 5080 Ι
2668 5013 2937 5080 Ἀγάθων.
2986 5009 2993 5080 Ι
3060 5012 3360 5080 Ἀδριανός.

3245 5228 3357 5235 -ο-τ-
3376 5230 3405 5235 ,γ

2653 5313 2944 5384 Γεὼργιος.

2698 5388 2907 5438 Θεόδω-

2753 5475 2843 5523 ρος

2664 5528 2935 5594 Γειὶεργιος

2644 5599 2737 5650 καὶ
2768 5599 2950 5651 Ἰωάν-

2747 5686 2865 5741 νης.

3112 5318 3315 5382 Πέτρος

3039 5387 3135 5438 καὶ
3178 5387 3401 5454 Πέτρος.
