4144 6448
205 362 331 429 1189

1558 365 2074 432 DISSERTA'NO.

3306 382 3448 449 1190

200 472 403 528 lllustr.
436 488 555 543 pag.
608 472 732 535 784.
784 474 933 541 legas
986 470 1449 545 Pltiladelpltiensl
1508 480 1764 548 episcopo
1796 487 1837 542 Α
1870 481 2103 550 liquum,
2162 492 2221 536 ut
2282 483 2430 539 ontni
2471 484 2629 554 plane
2681 488 3087 545 asseveratione
3117 489 3444 548 amrmemus

198 562 536 619 Sardicensis
563 563 775 632 Lydiae,
819 563 1159 618 Heracleensi
1203 564 1358 620 Ponti
1386 568 1759 639 Claudiopoli-

196 656 300 709 tani
327 654 675 717 Honoriadis,
704 655 993 711 Attaliensi
1036 654 1326 727 Pergensis
1357 659 1688 732 Pamphyliae
1719 663 1762 717 ll

196 745 654 813 metropolitarttm
700 745 827 812 jura
881 745 1315 816 dignitatemque
1359 761 1631 817 arrogata,
1664 753 1761 821 qui

196 832 342 900 prius
360 832 604 900 ipsorum
635 831 851 886 fuerant
902 834 1272 904 ὲπαρχιῶτκιι⁹
1322 834 1560 905 itemque
1589 837 1758 895 Thes-

194 923 517 979 salonicensi
555 923 797 977 exarcbo
828 924 1101 995 Ant-yrani
1147 924 1374 981 Galatiae
1400 932 1760 999 metropolitze

190 1012 306 1082 jura
323 1014 604 1068 attributa.
631 1013 783 1069 Nunc
798 1017 939 1069 scire
953 1017 1210 1085 pervelim
1230 1035 1259 1071 a
1276 1017 1556 1088 Cajetano,
1573 1023 1762 1091 ecquis

194 1119 428 1173 unquam
451 1104 1121 1172 tradideritJustinianol
1169 1110 1471 1177 imperante
1519 1111 1760 1182 Cyprum

194 1194 425 1250 insulam
457 1194 729 1253 Barbaros
781 1198 1091 1262 incessisse,
1153 1200 1363 1255 abactis
1417 1202 1541 1257 inde
1599 1205 1762 1259 Chri-

196 1282 411 1351 stianis,
461 1287 534 1341 ita
577 1297 638 1343 ut
681 1287 1016 1343 Constantia
1044 1290 1167 1360 jura
1199 1292 1467 1347 cesserint
1498 1293 1554 1347 in
1583 1296 1763 1351 Dacia

189 1378 594 1433 Mediterranea
615 1380 1017 1449 metropolitam
1041 1382 1064 1432 7
1089 1380 1147 1435 Si
1172 1382 1430 1437 historias
1449 1386 1763 1443 evolvamus

189 1479 398 1529 omnes,
435 1482 715 1536 nunquam
744 1468 857 1533 fiet,
893 1479 949 1523 ut
989 1471 1145 1523 nobis
1178 1471 1307 1525 illud
1329 1487 1605 1536 occurrat.
1630 1481 1759 1545 quin

188 1572 440 1628 expresse
485 1560 747 1629 scriptum
799 1576 828 1614 a
882 1561 1240 1617 Constantino
1268 1565 1407 1635 Aug.
1448 1567 1760 1637 Porpher-

189 1659 416 1719 genneta
445 1650 538 1704 lib.
574 1666 588 1704 t
621 1651 802 1707 Them.
842 1653 933 1707 ubi
976 1654 1043 1709 de
1077 1655 1253 1725 Cypro
1283 1669 1298 1707 :
1328 1657 1433 1711 Τοῦ
1462 1660 1657 1730 χρόνου
1701 1661 1758 1713 δὲ

190 1738 656 1809 παραδραμόντος,
694 1741 790 1795 κα)⁸
831 1743 940 1795 τῶν
986 1744 1315 1814 Ῥωμαϊκῶν
1358 1748 1539 1801 ὃπλων
1575 1767 1758 1804 κακω·

1864 575 2181 639 concilium,
2209 576 2261 629 in
2305 591 2415 645 quo
2447 592 2685 646 praesens
2710 580 2885 634 adfuit
2914 580 3213 651 Gregorius
3233 623 3249 649 ,
3299 588 3443 640 nulla

1871 666 2089 719 ratione
2118 664 2785 736 Constantinopolitanum
2823 671 2957 725 illud
3008 673 3443 746 intelligendum,

1860 756 2004 824 quod
2033 766 2216 811 actum
2273 773 2340 812 ex
2384 757 2685 814 Justiniani
2716 760 2735 813 l
2759 765 3087 819 auctoritate
3108 766 3134 819 ?
3180 767 3353 836 quid?
3380 784 3442 823 es

1862 847 1916 899 in
1949 853 2160 917 synodo
2187 850 2349 904 nullae
2385 849 2602 905 dividite
2626 852 2693 905 de
2718 853 3001 922 religionis
3028 859 3272 927 negotio,
3309 860 3445 914 ηιιΙΙί

1863 936 2121 1002 haeretici,
2151 955 2389 1009 quorum
2426 942 2665 1012 impetus
2710 943 2908 998 nefarii
2954 951 3444 1009 eontunderentur.

1864 1026 1935 1081 De
1961 1027 2064 1083 Iba
2114 1039 2321 1084 tantum
2364 1032 2596 1093 Edessa,
2659 1031 2933 1089 Theodori
2984 1036 3353 1109 Mopsuestia,
3386 1052 3444 1098 et

1863 1114 2188 1175 Theodmeti
2222 1119 2349 1190 Cyri
2397 1122 2783 1193 episcoporum
2822 1126 3149 1181 orthodoxia
3195 1130 3443 1199 disputa-

1862 1217 2010 1262 tum:
2050 1212 2115 1262 ad
2159 1212 2272 1263 haec
2301 1211 2368 1264 de
2403 1212 2657 1277 Origene,
2686 1211 2937 1284 Didyme,
2971 1215 3206 1286 Evagrio
3236 1229 3441 1285 actum,

1859 1302 1950 1370 qui
1982 1317 2093 1354 uno
2132 1304 2375 1357 omnium
2403 1303 2627 1357 Patrum
2660 1305 2892 1359 conﬂata
2953 1308 3216 1364 damnati.
3263 1311 3442 1367 Unum

1861 1408 1971 1461 pra:
2023 1394 2283 1448 omnibus
2331 1404 2521 1449 testem
2574 1398 2860 1451 audiamus
2914 1396 3230 1467 Gregorium
3273 1402 3335 1457 P.
3366 1403 3441 1460 Μ.

1858 1494 2227 1549 cognomento
2258 1483 2509 1553 Magnum
2547 1484 2833 1553 (pratereo
2860 1488 3031 1555 ipsius
3066 1491 3262 1558 synodi
3298 1503 3442 1557 acta,

1862 1573 2003 1626 unde
2034 1583 2092 1627 et
2129 1575 2258 1627 illud
2297 1576 2523 1644 liqueat)
2561 1576 2673 1630 haec
2704 1577 2861 1646 301
2905 1578 2971 1631 ad
3018 1578 3441 1636 Constantinum

1860 1660 2318 1718 Mediolanensem
2339 1668 2656 1733 episcopum
2684 1666 3012 1720 scribentem
3048 1669 3144 1725 lib.
3164 1685 3249 1736 ιιι,
3275 1674 3440 1742 epist.

1860 1754 1961 1806 57:
1996 1754 2149 1818 Quod
2188 1768 2365 1807 autem
2404 1758 2715 1825 scripsistis,
2776 1758 2914 1827 quod
2958 1760 3235 1826 epistolam
3274 1780 3441 1817 meam

191 1829 389 1884 θέντων
421 1831 483 1897 ἐξ
528 1832 808 1901 ἀμελείας,
838 1835 1149 1906 ἐκράτησαν
1184 1838 1354 1908 αὐτῆς
1388 1843 1438 1893 oi
1470 1841 1756 1913 Σαρρακη-

1862 1847 2057 1915 regina
2113 1846 2484 1901 Theodolinda
2541 1850 2896 1904 transmittere
2952 1852 3166 1906 minime
3204 1854 3441 1908 uoluistis

189 1922 290 1986 vol,
346 1923 456 1976 ἀπὸ
517 1924 618 1995 τῆς
664 1925 942 1995 βασιλείας
1003 1924 1345 1997 Ἡρακλείου,
1399 1935 1493 1985 καὶ⁷
1545 1936 1758 2007 πρῶτος

188 2015 244 2065 ἐν
295 2014 432 2085 αὐτῇ
484 2016 732 2086 περάσας
776 2017 1179 2089 ’Δόουὸάχαρος
1232 2015 1317 2090 (οὗ
1376 2025 1466 2076 καὶ
1510 2025 1606 2095 τῆ;
1664 2030 1754 2079 θυι

186 2106 387 2175 γατρὸς
415 2107 473 2159 ὲν
502 2108 637 2177 αὐτῇ
669 2109 839 2178 τάφος
869 2109 1162 2182 φαίνεται),
1184 2114 1391 2183 ταύτης
1434 2116 1753 2185 ἐκράτησεν.

191 2194 455 2265 Temporis
478 2214 758 2268 progressu
788 2199 1149 2255 Romanorum
1202 2218 1365 2257 armis
1394 2222 1456 2258 ea
1492 2207 1751 2277 negligen.

186 2288 282 2350 tiu,
300 2289 528 2353 attritis,
551 2302 871 2359 occuparunt
895 2308 1009 2345 eam
1026 2290 1306 2363 (Cyprum)
1327 2293 1632 2358 Sarraceni,
1653 2296 1760 2350 lle-

187 2375 348 2427 raclio
399 2385 665 2445 regnante.
726 2376 1003 2431 Enimvero
1073 2396 1275 2449 primus
1335 2398 1449 2434 eam
1497 2383 1757 2437 incessens

186 2466 563 2521 Abubacharus
621 2469 885 2537 (cujus‘et
922 2470 1050 2537 filia:
1092 2470 1166 2523 ibi
1195 2473 1491 2540 sepulcrum
1526 2476 1757 2528 ostendi-

188 2558 318 2627 tur),
337 2575 432 2613 suo
450 2559 690 2615 submisit
715 2562 956 2631 imperio.
972 2563 1361 2630 Abubachar,h
1375 2566 1560 2618 rubum
1579 2568 1759 2621 Anter-

188 2668 457 2706 mutnmes
503 2652 571 2720 ll,
634 2653 920 2722 imperium
969 2655 1247 2724 ingressus
1305 2670 1448 2711 anno
1479 2658 1573 2712 551
1633 2657 1761 2727 (He-

190 2744 339 2799 raclii
384 2745 489 2813 2f)
560 2760 669 2815 quo
729 2744 1100 2799 Mubatnmatlt
1164 2747 1437 2815 impuram
1522 2750 1757 2802 animam

184 2836 425 2889 evomuit
455 2834 522 2890 l6
574 2834 761 2902 Junii;
792 2837 1138 2906 obtinuitque
1194 2853 1366 2892 annos
1397 2839 1429 2891 2
1477 2855 1693 2894 menses
1726 2841 1758 2894 6

188 2925 461 2996 (-Tlteoplt.
498 2929 552 2983 in
610 2928 963 2998 Cltronogr.).
995 2927 1112 2983 Non
1175 2929 1342 3000 igitur
1386 2944 1513 2984 ante
1555 2947 1755 2985 annum

185 3016 283 3072 821
324 3019 431 3072 ulla
479 3020 533 3072 in
586 3018 823 3089 Cyprum
872 3019 1011 3074 facta
1046 3019 1413 3075 Barbarorum
1448 3024 1754 3093 impressio,

186 3110 326 3163 unde
354 3109 799 3166 Christianorum
839 3113 1136 3167 everterint
1184 3111 1505 3168 Ecclesiam.

256 3217 390 3274 VIII.
419 3218 525 3274 Sed
557 3219 734 3273 adhuc
762 3230 1011 3289 superest
1038 3221 1180 3290 quod
1203 3222 1437 3287 evincat,
1468 3225 1753 3294 synodum,

185 3327 294 3380 qua
321 3314 388 3367 de
434 3311 621 3367 scribit
675 3311 964 3377 Leontius,
1015 3314 1164 3368 nullo
1222 3317 1383 3368 modo
1429 3317 1755 3382 habendam,

185 3419 308 3474 qua
370 3414 695 3474 congregata
741 3402 1037 3459 Justiniani
1100 3405 1119 3460 1
1190 3421 1379 3474 regno.
1442 3406 1534 3461 Sic
1593 3408 1758 3479 igitur

184 3495 446 3549 Leontius
480 3515 491 3549 :
524 3494 612 3548 ita
638 3497 691 3548 in
718 3512 859 3560 eam,
885 3512 1003 3564 qua
1031 3496 1123 3548 diu
1148 3507 1333 3550 exorta
1362 3498 1561 3566 fuerat,
1593 3500 1758 3554 hare-

179 3587 284 3639 sint
333 3587 729 3657 fraudulentam
783 3596 949 3656 coepta
1001 3588 1316 3656 disputatio,
1375 3590 1647 3660 multaque
1690 3590 1755 3643 ab

178 3680 491 3731 orthodoxis
544 3694 604 3732 eo
655 3680 741 3731 die
792 3680 843 3732 in
887 3681 1158 3732 hareticos
1206 3685 1449 3748 probata.
1495 3683 1755 3735 (laterum

180 3770 491 3841 Gregorius,
551 3771 705 3840 quasi
733 3771 966 3822 omnium
1015 3770 1306 3825 vilissimus
1353 3771 1486 3824 nihil
1544 3773 1615 3825 ad
1647 3774 1757 3827 hac

177 3861 546 3930 respondebat.
587 3859 720 3913 Inde
747 3860 1009 3914 Catholici
1062 3877 1181 3913 cum
1211 3862 1488 3926 redissent,
1521 3862 1757 3917 haretici

176 3963 368 4008 contra
419 3954 625 4017 (aderat
676 3960 850 4005 autem
902 3953 1081 4021 ingens
1123 3952 1427 4022 multitudo)
1464 3957 1751 4022 superbire,

174 4048 385 4099 ttnimos
415 4042 675 4106 attollere,
700 4053 749 4096 et
776 4044 929 4112 quasi
970 4043 1070 4096 alis
1102 4043 1333 4097 subvehi.
1372 4042 1457 4097 Ibi
1495 4054 1602 4096 tum
1634 4062 1758 4099 san-

175 4137 251 4188 cti
309 4135 543 4203 Spiritus
570 4136 747 4203 gratia
785 4133 1092 4187 illustrante
1116 4132 1399 4202 Gregorius
1428 4137 1581 4204 capit
1606 4137 1756 4205 quie-

179 4229 286 4279 tius
316 4241 468 4294 agere
492 4235 680 4277 contra
712 4224 996 4277 malesana
1017 4225 1204 4277 mentis
1230 4225 1521 4292 episcopos,
1539 4226 1759 4293 dogma-

177 4322 284 4370 tica
312 4319 542 4385 primum
593 4331 718 4368 usus
761 4316 998 4367 aratione
1022 4325 1086 4367 de
1116 4324 1323 4379 sancta,
1346 4318 1671 4383 incorrupta,
1705 4324 1755 4369 et

176 4410 525 4479 inseparabili
557 4407 839 4471 Trinitate,
870 4411 1066 4475 partim
1108 4407 1174 4460 iis
1200 4409 1269 4461 ad
1308 4410 1518 4477 singula
1543 4422 1751 4477 respon.

1860 1952 1954 2003 pro
1988 1954 2047 1990 eo
2073 1938 2211 2005 quod
2240 1940 2420 2007 quinta
2478 1941 2706 2009 synodus
2734 1942 2789 1993 in
2838 1957 2898 1994 ea
2962 1943 3359 2010 nominabatur,
3395 1950 3440 1999 si

1861 2047 1973 2081 eam
2027 2036 2213 2083 ea'tnde
2252 2034 2610 2085 st'utttlaltzat't
2654 2050 2803 2101 posse
2835 2034 3157 2098 credidistis,
3190 2045 3326 2090 recte
3351 2038 3439 2107 fa-

1861 2131 1999 2174 ctum
2039 2133 2137 2187 est,
2172 2132 2228 2175 ut
2261 2125 2473 2176 minime
2509 2125 2960 2178 transmitteretis.
2985 2125 3133 2180 Unde
3162 2146 3297 2180 nunc
3327 2131 3434 2182 ista

1859 2212 2108 2279 facimus,
2158 2228 2210 2266 ut
2268 2214 2411 2267 vobis
2440 2214 2663 2283 placuit,
2707 2224 2763 2268 ut
2795 2225 3027 2286 quatuor
3052 2218 3276 2288 synodos
3315 2229 3436 2275 tan-

1860 2308 2127 2356 tummodo
2177 2303 2516 2357 laudaremus
2548 2321 2563 2353 :
2598 2308 2662 2357 de
2710 2305 2806 2358 illa
2848 2316 3023 2359 autem
3069 2312 3292 2379 synodo,
3322 2329 3440 2383 quc

1857 2398 2187 2464 postmodum
2243 2398 2702 2462 Constantinopoli
2748 2398 2893 2465 facta
2921 2411 3019 2462 est,
3043 2418 3160 2472 qua
3192 2419 3222 2455 a
3256 2404 3437 2458 multis

1858 2495 2041 2552 quinta
2094 2488 2415 2541 nominatur.
2452 2492 2583 2541 scire
2639 2504 2722 2541 ros
2772 2491 2904 2549 volo,
2935 2494 3059 2559 quia
3091 2495 3226 2546 nihil
3254 2505 3435 2549 contra

1860 2580 2138 2632 sanctissin
2164 2600 2220 2632 us
2256 2589 2478 2640 sunmus
2507 2584 2855 2645 constituerit,
2900 2584 2977 2635 vel
3019 2587 3256 2651 senserit,
3287 2590 3438 2657 quip-

1814 2683 1917 2736 .pe
1940 2670 2062 2737 quia
2094 2669 2146 2721 itt
2171 2687 2231 2722 ea
2280 2676 2339 2722 de
2399 2673 2633 2739 personis
2681 2674 3064 2736 tantuntutodo,
3108 2692 3212 2728 non
3262 2686 3438 2730 autem

1858 2758 1919 2810 de
1957 2760 2061 2827 fide
2104 2759 2305 2829 aliquid
2349 2764 2558 2830 jussum
2586 2774 2697 2828 est;
2746 2774 2794 2817 et
2829 2766 2894 2818 de
2944 2767 3025 2819 his
3078 2771 3338 2833 personis,
3371 2774 3436 2824 de

1858 2852 2043 2918 quibus
2078 2853 2131 2904 in
2148 2851 2556 2906 Chalcedonensi
2580 2858 2780 2924 synodo
2821 2858 2954 2911 nihil
2985 2862 3317 2925 continetur;
3348 2866 3436 2915 sed

1857 2952 1969 3009 post
1998 2958 2268 3010 expressas
2307 2944 2556 3010 synodos,
2589 2962 2678 2998 seu
2697 2946 2935 3000 (Ia-mnes
2977 2950 3122 3016 facta
3154 2955 3434 3015 contentio,

1856 3041 1906 3086 et
1930 3042 2165 3086 extrema
2197 3052 2336 3087 amo
2364 3035 2425 3088 de
2446 3041 2686 3105 personis
2722 3040 2973 3091 mutilata
2998 3049 3094 3092 est.
3130 3039 3185 3093 Si
3227 3051 3435 3096 tantum

1861 3123 2024 3193 igitur
2055 3124 2106 3177 in
2152 3142 2181 3175 v
2227 3129 2436 3194 synodo
2477 3133 2816 3183 (Bettntenica
2854 3143 3059 3195 actum,
3094 3143 3275 3186 tttrunt
3312 3152 3438 3203 pro-

1862 3217 2136 3271 Scribendi
2184 3232 2353 3271 necne
2386 3217 2563 3273 forent
2589 3220 2706 3275 lbas
2734 3222 2974 3291 epistolae
2998 3226 3063 3278 ad
3092 3225 3283 3282 Marim
3310 3231 3438 3286 Per-

1858 3324 1972 3362 sam
2003 3323 2211 3369 auctor,
2238 3319 2349 3363 tum
2380 3308 2724 3377 Theodorus,
2748 3313 2908 3381 cujus
2938 3318 3227 3372 exSIabant
3248 3319 3436 3389 dispu-

1859 3400 2096 3450 tatiOnes
2158 3398 2436 3451 adversus
2510 3398 2836 3452 Eunomium
2916 3410 2971 3455 et
3028 3402 3433 3471 Apollinarem,

1854 3484 2294 3541 Nestorianismn
2344 3486 2671 3549 laborantes,
2725 3501 3000 3557 postremo
3037 3491 3433 3563 Theodoretus,

1855 3577 2043 3646 ψήῆ
2101 3577 2370 3646 capitibus
2436 3577 2720 3647 Ephesium
2752 3579 2875 3633 ﬁdei
2917 3597 2946 3634 a
2969 3582 3172 3652 Cyrillo
3199 3586 3435 3641 Alexan-

1855 3668 2018 3723 drino
2040 3669 2299 3737 episcopo
2332 3670 2663 3737 conscriptis
2695 3671 2949 3738 stigmata
2992 3673 3215 3739 inussit,
3240 3678 3284 3730 si
3304 3674 3432 3732 Ori-

1855 3774 2039 3828 genes,
2093 3760 2375 3830 Didymus,
2438 3761 2724 3830 Evagrius,
2789 3764 3143 3820 dissentiente
3196 3771 3430 3830 nemine,

1858 3852 2334 3906 anathematisntis
2360 3855 2619 3920 perculsi,
2647 3869 2905 3922 quorsum
2932 3857 3087 3923 illud,
3106 3857 3431 3929 Gregorium

1856 3954 2178 4013 spumantes
2204 3945 2486 3998 audaciam
2550 3946 2837 4002 haereticos
2884 3952 3304 4017 compressisse,
3337 3954 3435 4006 iis-

1855 4050 1961 4104 que
1978 4035 2195 4089 tandem
2218 4036 2480 4104 pudorem
2499 4036 2843 4104 imposuisse,
2864 4040 2910 4092 si
2928 4041 3148 4109 quidem
3173 4044 3384 4112 synodo
3405 4062 3431 4094 v

1855 4127 2205 4181 meumenicze
2257 4125 2610 4186 interfuerit?
2648 4131 2797 4183 nulla
2855 4130 2965 4185 illic
3009 4147 3134 4185 cum
3163 4133 3434 4189 haereticis

1855 4226 2003 4282 gesta
2044 4233 2151 4281 res,
2183 4221 2274 4273 sed
2308 4221 2376 4275 de
2396 4221 2673 4274 itareticis
2725 4218 2982 4287 Origene,
3016 4220 3263 4291 Didyuto,
3297 4222 3435 4276 Eva-

1854 4308 1996 4375 grio,
2025 4308 2119 4362 sed
2150 4311 2216 4363 de
2250 4312 2428 4366 tribus
2458 4311 2753 4380 episcopis,
2789 4325 3022 4379 quorum
3054 4321 3113 4364 ut
3138 4314 3301 4381 impia
3333 4316 3434 4367 du-

1854 4399 2076 4460 etrina,
2134 4399 2205 4451 ita
2256 4401 2515 4453 memoria
2575 4402 2865 4462 incertum,
2912 4401 3310 4465 damnandnne,
3365 4419 3438 4455 an

174 4501 370 4564 dendo,
402 4501 599 4567 partiut
662 4497 980 4567 postulando
1031 4509 1195 4561 utea,
1220 4514 1336 4566 qua
1380 4499 1632 4559 dicerent,
1662 4502 1756 4550 de-

1860 4489 2220 4553 obscrvanda,
2257 4490 2696 4558 quandoquidem
2722 4490 2829 4558 pie,
2877 4490 3041 4558 inque
3061 4490 3432 4545 erclesiaSIica

175 4600 566 4644 monstrarent.
617 4590 692 4642 Ac
758 4599 966 4642 tantum
1022 4591 1125 4656 ipsi
1171 4591 1484 4657 sapientia,
1547 4600 1752 4645 tantum

173 4682 543 4751 intelligentia
580 4680 767 4733 datum
809 4689 906 4744 est,
932 4689 986 4731 ut
1006 4695 1155 4732 nemo
1195 4680 1402 4749 quidem
1427 4683 1658 4733 omnium
1690 4698 1754 4737 ex

155 4791 239 4828 -ea
283 4776 436 4828 turba
459 4773 765 4843 respondere
789 4774 920 4825 satis
950 4781 1122 4839 posset
1158 4773 1225 4823 ad
1253 4788 1313 4825 ea
1347 4775 1522 4835 rerba,
1551 4791 1669 4843 qua
1692 4776 1756 4831 de

172 4868 348 4920 sacris
374 4864 591 4917 Litteris
620 4866 860 4931 decerpta
885 4861 1203 4931 proferebat.
1231 4860 1320 4914 Sic
1340 4874 1516 4915 autem
1544 4865 1754 4918 hareti-

172 4974 361 5011 corum
415 4955 665 5024 oppilavtt
720 4970 838 5017 ora,
876 4965 934 5005 ut
980 4951 1165 5006 Patres
1192 4970 1365 5006 omnes
1384 4954 1538 5021 plane
1568 4955 1755 5009 obstu-

172 5059 463 5119 pescerent,
501 5048 661 5101 talem
705 5047 903 5099 homini
957 5063 988 5098 a
1040 5047 1214 5098 sancti
1254 5044 1485 5114 Spiritus
1517 5047 1754 5101 illustra-

174 5146 324 5194 tions
358 5140 608 5194 collatam
648 5141 899 5209 gratiam.
922 5137 1111 5209 Itaque
1150 5155 1253 5191 non
1279 5140 1435 5205 pauci
1455 5155 1520 5192 ex
1552 5141 1618 5192 iis
1665 5142 1756 5210 qui

174 5233 440 5300 principes
465 5232 603 5284 inter
654 5231 925 5283 hareticos
953 5230 1284 5294 videbantur,
1319 5230 1435 5298 jam
1475 5238 1605 5296 tum,
1637 5247 1755 5285 cum

174 5341 267 5379 eos
289 5321 573 5394 Gregorius
604 5339 696 5393 per
719 5322 1250 5392 titulos,libellosque
1292 5325 1538 5388 coercuit,
1572 5325 1641 5377 ad
1672 5340 1755 5378 or-

176 5412 470 5465 thodoxam
526 5411 816 5468 Catholica
855 5409 1106 5464 Ecclesia
1152 5410 1308 5478 ﬁdem
1345 5411 1641 5480 confugere.
1676 5410 1754 5474 Eg:

175 5521 238 5558 eo
263 5520 420 5570 porro
443 5504 525 5556 die
575 5520 636 5556 ne
678 5505 867 5556 mntire
917 5504 1123 5571 quidem
1170 5503 1417 5555 atlrcrsus
1454 5503 1753 5558 Catholicos

175 5594 302 5644 ausi
343 5600 461 5643 sunt
515 5592 683 5658 impii,
730 5592 1012 5658 inanesque
1068 5605 1131 5641 ac
1184 5589 1557 5656 fraudulentas
1609 5606 1754 5644 voces

180 5681 405 5741 iactare,
451 5695 569 5748 qua
619 5688 966 5737 tentarerant,
1003 5694 1190 5745 aspera
1235 5678 1472 5747 ftrrlnquc
1527 5681 1757 5732 erenisse

179 5770 676 5824 animadrertentcs.
718 5768 860 5823 Deus
897 5767 1253 5821 immortalis!
1305 5768 1431 5835 quid
1464 5768 1636 5823 adhuc
1672 5782 1757 5821 re-

1861 4582 2267 4635 consociatione
2302 4581 2672 4636 decesserant.
2734 4580 2910 4634 Unum
2937 4580 3039 4634 ltoc
3070 4582 3124 4634 in
3155 4592 3432 4638 certamen

1864 4671 2148 4734 veniebat;
2180 4686 2304 4724 nam
2360 4672 2495 4724 nulli
2547 4670 2773 4725 dubium
2821 4685 2851 4723 e
2880 4668 3137 4724 Patribus
3165 4672 3217 4723 in
3248 4673 3432 4725 conci-

1865 4762 1996 4815 lium
2033 4764 2322 4830 cooptatis,
2362 4762 2495 4831 quin
2549 4777 2669 4831 qua:
2710 4760 2831 4815 lbas
2859 4761 2913 4814 in
2959 4761 3211 4829 epistola,
3254 4760 3437 4815 Theo-

1861 4855 2049 4919 dorus,
2082 4867 2247 4923 atque
2291 4853 2668 4909 Tlteodoretus
2736 4854 2789 4906 in
2839 4845 3277 4923 bypomnematis
3318 4854 3436 4908 suis

1861 4947 2124 5000 adversus
2171 4947 2520 5009 Eunomium,
2563 4946 2953 5015 Apollinarem,
3003 4944 3263 5014 Cytillum
3294 4943 3431 4998 etftto

1861 5038 2064 5098 tierint,
2126 5038 2369 5106 putidam
2434 5037 2681 5090 hteresim
2719 5039 2950 5089 olerent.
2981 5033 3175 5088 Fate-or
3216 5037 3435 5102 quidem

1861 5142 1966 5183 non
2007 5130 2124 5181 sine
2178 5129 2429 5188 consilio,
2466 5130 2561 5181 llOt'
2595 5138 2679 5180 est
2724 5126 3029 5189 vaferrimo,
3077 5127 3434 5196 scelesmque,

1858 5214 2206 5270 Camarinam
2240 5216 2387 5268 illam
2418 5216 2486 5269 ab
2543 5214 2833 5284 Accphalis
2885 5224 3114 5278 motam;
3172 5231 3237 5267 eo
3287 5233 3430 5267 etttttt

1859 5308 2202 5375 spectabant,
2230 5318 2288 5361 ut
2317 5308 2531 5362 devotis
2555 5323 2744 5361 eorum
2776 5310 3155 5377 episcoporum
3183 5308 3437 5363 manibus

1859 5398 2327 5455 Chalcedonensis
2354 5401 2545 5470 synodi
2584 5402 2880 5454 auctoritas
2914 5400 3239 5463 elevaretur,
3265 5398 3437 5469 eoque

1861 5491 2033 5545 tutius
2066 5493 2371 5547 teterrimos
2392 5492 2758 5560 ltlaspltemias
2784 5502 3133 5547 evomerent:
3169 5494 3258 5546 sed
3291 5493 3435 5546 enim

1860 5582 1911 5634 itt
1942 5583 2177 5635 concilio
2207 5585 2336 5636 nulli
2373 5585 2425 5636 in
2459 5595 2694 5637 mentem
2724 5584 2874 5637 venit
2910 5584 2995 5636 vel
3028 5584 3079 5634 itt
3121 5592 3437 5634 controver-

1860 5674 1995 5727 siam
2021 5690 2218 5729 vocare
2278 5676 2805 5729 Cbalcedonensium
2845 5675 3065 5728 Patrum
3106 5674 3432 5735 doctrinam,

1861 5768 1940 5820 vel
1977 5766 2099 5832 Itur,
2129 5766 2396 5825 Theodori
2428 5778 2481 5824 et
2510 5767 2835 5824 Theodoreti
2885 5783 3100 5823 errores
3126 5768 3426 5823 vindicate:
