  <div class='ocr_page' id='page_1' title='image "/cluster/home/n/w/nwhite01/storage/ocr_20150623/98/nnc1.0046979697/599.png"; bbox 0 0 4144 6448; ppageno 0'>
   <div class='ocr_carea' id='block_1_1' title="bbox 666 394 794 459">
    <p class='ocr_par' dir='ltr' id='par_1_1' title="bbox 666 394 794 459">
     <span class='ocr_line' id='line_1_1' title="bbox 666 394 794 459; baseline -0.016 0"><span class='ocrx_word' id='word_1_1' title='bbox 666 394 794 459; x_wconf 78' lang='grc'><strong>1191</strong></span> 
     </span>
    </p>
   </div>
   <div class='ocr_carea' id='block_1_2' title="bbox 1578 376 3039 447">
    <p class='ocr_par' dir='ltr' id='par_1_2' title="bbox 1578 376 3039 447">
     <span class='ocr_line' id='line_1_2' title="bbox 1578 376 3039 447; baseline -0.008 0"><span class='ocrx_word' id='word_1_2' title='bbox 1578 386 1673 447; x_wconf 88' lang='lat' dir='ltr'><strong>DE</strong></span> <span class='ocrx_word' id='word_1_3' title='bbox 1709 386 1970 447; x_wconf 78' lang='grc' dir='ltr'><strong>ΑΞΤΑΤΕ</strong></span> <span class='ocrx_word' id='word_1_4' title='bbox 2012 387 2072 446; x_wconf 92' lang='lat' dir='ltr'><strong>S.</strong></span> <span class='ocrx_word' id='word_1_5' title='bbox 2110 382 2489 445; x_wconf 84' lang='lat' dir='ltr'><strong>GREGORII</strong></span> <span class='ocrx_word' id='word_1_6' title='bbox 2530 376 3039 439; x_wconf 71' lang='lat' dir='ltr'><strong>AGRIGENTINI</strong></span> 
     </span>
    </p>
   </div>
   <div class='ocr_carea' id='block_1_3' title="bbox 3810 372 3940 435">
    <p class='ocr_par' dir='ltr' id='par_1_3' title="bbox 3810 372 3940 435">
     <span class='ocr_line' id='line_1_3' title="bbox 3810 372 3940 435; baseline 0.015 -2"><span class='ocrx_word' id='word_1_7' title='bbox 3810 372 3940 435; x_wconf 78' lang='lat'><strong>1192</strong></span> 
     </span>
    </p>
   </div>
   <div class='ocr_carea' id='block_1_4' title="bbox 663 486 3940 577">
    <p class='ocr_par' dir='ltr' id='par_1_4' title="bbox 663 486 3940 577">
     <span class='ocr_line' id='line_1_4' title="bbox 663 486 3940 577; baseline -0.006 -17"><span class='ocrx_word' id='word_1_8' title='bbox 663 502 1142 577; x_wconf 85' lang='lat' dir='ltr'><strong>persuasissimum</strong></span> <span class='ocrx_word' id='word_1_9' title='bbox 1193 498 1474 559; x_wconf 85' lang='lat' dir='ltr'><strong>omnibus,</strong></span> <span class='ocrx_word' id='word_1_10' title='bbox 1545 496 1599 549; x_wconf 90' lang='lat' dir='ltr'><strong>in</strong></span> <span class='ocrx_word' id='word_1_11' title='bbox 1652 510 1843 549; x_wconf 91' lang='lat' dir='ltr'><strong>orcutn</strong></span> <span class='ocrx_word' id='word_1_12' title='bbox 1904 494 2240 549; x_wconf 84' lang='lat' dir='ltr'><strong>detrudenda</strong></span> <span class='ocrx_word' id='word_1_13' title='bbox 2271 493 2315 548; x_wconf 79' lang='grc' dir='ltr'><strong>Δ</strong></span> <span class='ocrx_word' id='word_1_14' title='bbox 2344 505 2519 545; x_wconf 90' lang='lat' dir='ltr'><strong>annos</strong></span> <span class='ocrx_word' id='word_1_15' title='bbox 2551 500 2715 544; x_wconf 88' lang='lat' dir='ltr'><strong>natus</strong></span> <span class='ocrx_word' id='word_1_16' title='bbox 2742 488 2832 553; x_wconf 84' lang='lat'><strong>65,</strong></span> <span class='ocrx_word' id='word_1_17' title='bbox 2866 503 2991 543; x_wconf 90' lang='lat' dir='ltr'><strong>cum</strong></span> <span class='ocrx_word' id='word_1_18' title='bbox 3022 486 3308 542; x_wconf 79' lang='lat' dir='ltr'><strong>&#39;l‘heodora</strong></span> <span class='ocrx_word' id='word_1_19' title='bbox 3332 486 3524 555; x_wconf 79' lang='lat' dir='ltr'><strong>orbus)</strong></span> <span class='ocrx_word' id='word_1_20' title='bbox 3548 501 3729 541; x_wconf 80' lang='lat' dir='ltr'><strong>novos</strong></span> <span class='ocrx_word' id='word_1_21' title='bbox 3750 491 3940 556; x_wconf 64' lang='lat' dir='ltr'><strong>hyme-</strong></span> 
     </span>
    </p>
   </div>
   <div class='ocr_carea' id='block_1_5' title="bbox 662 585 2245 663">
    <p class='ocr_par' dir='ltr' id='par_1_5' title="bbox 662 585 2245 663">
     <span class='ocr_line' id='line_1_5' title="bbox 662 585 2245 663; baseline -0.009 -12"><span class='ocrx_word' id='word_1_22' title='bbox 662 611 855 653; x_wconf 88' lang='lat' dir='ltr'><strong>e0rum</strong></span> <span class='ocrx_word' id='word_1_23' title='bbox 907 596 1181 663; x_wconf 86' lang='lat' dir='ltr'><strong>dogmata,</strong></span> <span class='ocrx_word' id='word_1_24' title='bbox 1235 605 1355 656; x_wconf 70' lang='lat' dir='ltr'><strong>quae</strong></span> <span class='ocrx_word' id='word_1_25' title='bbox 1383 589 1543 658; x_wconf 84' lang='lat' dir='ltr'><strong>vulgo</strong></span> <span class='ocrx_word' id='word_1_26' title='bbox 1575 589 1817 652; x_wconf 87' lang='lat' dir='ltr'><strong>ipsornnt</strong></span> <span class='ocrx_word' id='word_1_27' title='bbox 1876 585 2080 639; x_wconf 89' lang='lat' dir='ltr'><strong>elibris</strong></span> <span class='ocrx_word' id='word_1_28' title='bbox 2111 585 2245 637; x_wconf 88' lang='lat' dir='ltr'><strong>hau-</strong></span> 
     </span>
    </p>
   </div>
   <div class='ocr_carea' id='block_1_6' title="bbox 666 679 2247 749">
    <p class='ocr_par' dir='ltr' id='par_1_6' title="bbox 666 679 2247 749">
     <span class='ocr_line' id='line_1_6' title="bbox 666 679 2247 749; baseline -0.009 -6"><span class='ocrx_word' id='word_1_29' title='bbox 666 692 966 745; x_wconf 94' lang='lat' dir='ltr'><strong>riebantur.</strong></span> <span class='ocrx_word' id='word_1_30' title='bbox 996 685 1180 749; x_wconf 79' lang='lat' dir='ltr'><strong>Quare</strong></span> <span class='ocrx_word' id='word_1_31' title='bbox 1214 683 1296 733; x_wconf 84' lang='lat' dir='ltr'><strong>vel</strong></span> <span class='ocrx_word' id='word_1_32' title='bbox 1334 696 1532 734; x_wconf 89' lang='lat' dir='ltr'><strong>novam</strong></span> <span class='ocrx_word' id='word_1_33' title='bbox 1582 681 1746 748; x_wconf 87' lang='lat' dir='ltr'><strong>tingat</strong></span> <span class='ocrx_word' id='word_1_34' title='bbox 1776 679 2074 747; x_wconf 82' lang='lat' dir='ltr'><strong>Gajetanus</strong></span> <span class='ocrx_word' id='word_1_35' title='bbox 2101 690 2247 729; x_wconf 79' lang='lat' dir='ltr'><strong>(ecu-</strong></span> 
     </span>
    </p>
   </div>
   <div class='ocr_carea' id='block_1_7' title="bbox 667 769 2249 849">
    <p class='ocr_par' dir='ltr' id='par_1_7' title="bbox 667 769 2249 849">
     <span class='ocr_line' id='line_1_7' title="bbox 667 769 2249 849; baseline -0.011 -12"><span class='ocrx_word' id='word_1_36' title='bbox 667 784 933 838; x_wconf 72' lang='lat' dir='ltr'><strong>mz-tticatn</strong></span> <span class='ocrx_word' id='word_1_37' title='bbox 959 778 1224 849; x_wconf 66' lang='lat' dir='ltr'><strong>syno-lu‘iu</strong></span> <span class='ocrx_word' id='word_1_38' title='bbox 1252 776 1355 826; x_wconf 82' lang='lat' dir='ltr'><strong>sub</strong></span> <span class='ocrx_word' id='word_1_39' title='bbox 1374 772 1685 827; x_wconf 82' lang='lat' dir='ltr'><strong>Justiniano</strong></span> <span class='ocrx_word' id='word_1_40' title='bbox 1721 770 1736 821; x_wconf 94' lang='lat' dir='ltr'><strong>l</strong></span> <span class='ocrx_word' id='word_1_41' title='bbox 1773 779 2042 833; x_wconf 86' lang='lat' dir='ltr'><strong>coactam,</strong></span> <span class='ocrx_word' id='word_1_42' title='bbox 2080 769 2165 819; x_wconf 93' lang='lat' dir='ltr'><strong>cui</strong></span> <span class='ocrx_word' id='word_1_43' title='bbox 2194 775 2249 820; x_wconf 92' lang='lat' dir='ltr'><strong>et</strong></span> 
     </span>
    </p>
   </div>
   <div class='ocr_carea' id='block_1_8' title="bbox 670 859 2249 939">
    <p class='ocr_par' dir='ltr' id='par_1_8' title="bbox 670 859 2249 939">
     <span class='ocr_line' id='line_1_8' title="bbox 670 859 2249 939; baseline -0.009 -13"><span class='ocrx_word' id='word_1_44' title='bbox 670 873 900 927; x_wconf 88' lang='lat' dir='ltr'><strong>Romani</strong></span> <span class='ocrx_word' id='word_1_45' title='bbox 931 869 1171 939; x_wconf 75' lang='lat' dir='ltr'><strong>episcopi</strong></span> <span class='ocrx_word' id='word_1_46' title='bbox 1223 869 1381 937; x_wconf 86' lang='lat' dir='ltr'><strong>legati</strong></span> <span class='ocrx_word' id='word_1_47' title='bbox 1433 864 1803 927; x_wconf 82' lang='lat' dir='ltr'><strong>interfueriut,</strong></span> <span class='ocrx_word' id='word_1_48' title='bbox 1836 860 2069 931; x_wconf 81' lang='lat' dir='ltr'><strong>qui&#39;ejus</strong></span> <span class='ocrx_word' id='word_1_49' title='bbox 2103 859 2249 912; x_wconf 88' lang='lat' dir='ltr'><strong>libel-</strong></span> 
     </span>
    </p>
   </div>
   <div class='ocr_carea' id='block_1_9' title="bbox 667 952 2246 1026">
    <p class='ocr_par' dir='ltr' id='par_1_9' title="bbox 667 952 2246 1026">
     <span class='ocr_line' id='line_1_9' title="bbox 667 952 2246 1026; baseline -0.008 -9"><span class='ocrx_word' id='word_1_50' title='bbox 667 965 779 1023; x_wconf 82' lang='lat' dir='ltr'><strong>lum</strong></span> <span class='ocrx_word' id='word_1_51' title='bbox 814 963 1128 1023; x_wconf 91' lang='lat' dir='ltr'><strong>detulerint,</strong></span> <span class='ocrx_word' id='word_1_52' title='bbox 1167 960 1219 1011; x_wconf 89' lang='lat' dir='ltr'><strong>in</strong></span> <span class='ocrx_word' id='word_1_53' title='bbox 1266 971 1376 1026; x_wconf 88' lang='lat' dir='ltr'><strong>quo</strong></span> <span class='ocrx_word' id='word_1_54' title='bbox 1414 956 1580 1009; x_wconf 92' lang='lat' dir='ltr'><strong>animi</strong></span> <span class='ocrx_word' id='word_1_55' title='bbox 1633 955 1718 1007; x_wconf 90' lang='lat' dir='ltr'><strong>sui</strong></span> <span class='ocrx_word' id='word_1_56' title='bbox 1770 969 1927 1007; x_wconf 87' lang='lat' dir='ltr'><strong>sensa</strong></span> <span class='ocrx_word' id='word_1_57' title='bbox 1960 952 2105 1005; x_wconf 88' lang='lat' dir='ltr'><strong>circa</strong></span> <span class='ocrx_word' id='word_1_58' title='bbox 2138 966 2246 1015; x_wconf 92' lang='lat' dir='ltr'><strong>res,</strong></span> 
     </span>
    </p>
   </div>
   <div class='ocr_carea' id='block_1_10' title="bbox 668 1034 2249 1123">
    <p class='ocr_par' dir='ltr' id='par_1_10' title="bbox 668 1034 2249 1123">
     <span class='ocr_line' id='line_1_10' title="bbox 668 1034 2249 1123; baseline -0.006 -18"><span class='ocrx_word' id='word_1_59' title='bbox 668 1069 791 1123; x_wconf 73' lang='lat' dir='ltr'><strong>qnze</strong></span> <span class='ocrx_word' id='word_1_60' title='bbox 814 1056 868 1105; x_wconf 89' lang='lat' dir='ltr'><strong>iu</strong></span> <span class='ocrx_word' id='word_1_61' title='bbox 908 1034 1263 1120; x_wconf 67' lang='lat' dir='ltr'><strong>quaestionem</strong></span> <span class='ocrx_word' id='word_1_62' title='bbox 1293 1048 1601 1107; x_wconf 77' lang='lat' dir='ltr'><strong>veniebant,</strong></span> <span class='ocrx_word' id='word_1_63' title='bbox 1658 1045 2024 1113; x_wconf 74' lang='lat' dir='ltr'><strong>depromeret,</strong></span> <span class='ocrx_word' id='word_1_64' title='bbox 2058 1042 2249 1096; x_wconf 84' lang='lat' dir='ltr'><strong>simul-</strong></span> 
     </span>
    </p>
   </div>
   <div class='ocr_carea' id='block_1_11' title="bbox 668 1138 2249 1216">
    <p class='ocr_par' dir='ltr' id='par_1_11' title="bbox 668 1138 2249 1216">
     <span class='ocr_line' id='line_1_11' title="bbox 668 1138 2249 1216; baseline -0.006 -15"><span class='ocrx_word' id='word_1_65' title='bbox 668 1163 777 1216; x_wconf 85' lang='lat' dir='ltr'><strong>que</strong></span> <span class='ocrx_word' id='word_1_66' title='bbox 842 1148 990 1199; x_wconf 85' lang='lat' dir='ltr'><strong>missi</strong></span> <span class='ocrx_word' id='word_1_67' title='bbox 1052 1146 1121 1198; x_wconf 90' lang='lat' dir='ltr'><strong>ab</strong></span> <span class='ocrx_word' id='word_1_68' title='bbox 1168 1145 1284 1211; x_wconf 88' lang='lat' dir='ltr'><strong>ipso</strong></span> <span class='ocrx_word' id='word_1_69' title='bbox 1342 1140 1573 1194; x_wconf 80' lang='lat' dir='ltr'><strong>Romam</strong></span> <span class='ocrx_word' id='word_1_70' title='bbox 1623 1149 1817 1206; x_wconf 75' lang='lat' dir='ltr'><strong>agente</strong></span> <span class='ocrx_word' id='word_1_71' title='bbox 1845 1138 2126 1208; x_wconf 91' lang='lat' dir='ltr'><strong>episcopi,</strong></span> <span class='ocrx_word' id='word_1_72' title='bbox 2158 1140 2249 1208; x_wconf 85' lang='lat' dir='ltr'><strong>qui</strong></span> 
     </span>
    </p>
   </div>
   <div class='ocr_carea' id='block_1_12' title="bbox 674 1227 2250 1302">
    <p class='ocr_par' dir='ltr' id='par_1_12' title="bbox 674 1227 2250 1302">
     <span class='ocr_line' id='line_1_12' title="bbox 674 1227 2250 1302; baseline -0.006 -13"><span class='ocrx_word' id='word_1_73' title='bbox 674 1237 1041 1290; x_wconf 85' lang='lat' dir='ltr'><strong>Orientalibus</strong></span> <span class='ocrx_word' id='word_1_74' title='bbox 1079 1240 1523 1302; x_wconf 74' lang='lat' dir='ltr'><strong>aggregzirentur,</strong></span> <span class='ocrx_word' id='word_1_75' title='bbox 1563 1229 1767 1297; x_wconf 85' lang='lat' dir='ltr'><strong>quique</strong></span> <span class='ocrx_word' id='word_1_76' title='bbox 1817 1228 2044 1280; x_wconf 87' lang='lat' dir='ltr'><strong>reduces</strong></span> <span class='ocrx_word' id='word_1_77' title='bbox 2073 1227 2250 1295; x_wconf 85' lang='lat' dir='ltr'><strong>ipsum</strong></span> 
     </span>
    </p>
   </div>
   <div class='ocr_carea' id='block_1_13' title="bbox 674 1316 2255 1392">
    <p class='ocr_par' dir='ltr' id='par_1_13' title="bbox 674 1316 2255 1392">
     <span class='ocr_line' id='line_1_13' title="bbox 674 1316 2255 1392; baseline -0.006 -12"><span class='ocrx_word' id='word_1_78' title='bbox 674 1325 961 1381; x_wconf 89' lang='lat' dir='ltr'><strong>docuerint</strong></span> <span class='ocrx_word' id='word_1_79' title='bbox 983 1335 1187 1392; x_wconf 84' lang='lat' dir='ltr'><strong>quanta</strong></span> <span class='ocrx_word' id='word_1_80' title='bbox 1212 1321 1439 1389; x_wconf 84' lang='lat' dir='ltr'><strong>gesserit</strong></span> <span class='ocrx_word' id='word_1_81' title='bbox 1463 1318 1757 1387; x_wconf 75' lang='lat' dir='ltr'><strong>Gregorius</strong></span> <span class='ocrx_word' id='word_1_82' title='bbox 1785 1334 1798 1382; x_wconf 92' lang='lat'><strong>;</strong></span> <span class='ocrx_word' id='word_1_83' title='bbox 1824 1325 1936 1370; x_wconf 93' lang='lat' dir='ltr'><strong>tum</strong></span> <span class='ocrx_word' id='word_1_84' title='bbox 1956 1316 2255 1386; x_wconf 77' lang='lat' dir='ltr'><strong>Gregorius</strong></span> 
     </span>
    </p>
   </div>
   <div class='ocr_carea' id='block_1_14' title="bbox 674 1410 2256 1478">
    <p class='ocr_par' dir='ltr' id='par_1_14' title="bbox 674 1410 2256 1478">
     <span class='ocr_line' id='line_1_14' title="bbox 674 1410 2256 1478; baseline -0.006 -7"><span class='ocrx_word' id='word_1_85' title='bbox 674 1419 811 1472; x_wconf 85' lang='lat' dir='ltr'><strong>adeo</strong></span> <span class='ocrx_word' id='word_1_86' title='bbox 864 1417 1070 1470; x_wconf 86' lang='lat' dir='ltr'><strong>ascitus</strong></span> <span class='ocrx_word' id='word_1_87' title='bbox 1119 1414 1359 1468; x_wconf 66' lang='lat' dir='ltr'><strong>Sardicm</strong></span> <span class='ocrx_word' id='word_1_88' title='bbox 1402 1411 1736 1466; x_wconf 67' lang='lat' dir='ltr'><strong>Constantia:</strong></span> <span class='ocrx_word' id='word_1_89' title='bbox 1776 1410 2014 1478; x_wconf 87' lang='lat' dir='ltr'><strong>episcopi</strong></span> <span class='ocrx_word' id='word_1_90' title='bbox 2070 1419 2256 1478; x_wconf 89' lang='lat' dir='ltr'><strong>partes</strong></span> 
     </span>
    </p>
   </div>
   <div class='ocr_carea' id='block_1_15' title="bbox 676 1496 2257 1574">
    <p class='ocr_par' dir='ltr' id='par_1_15' title="bbox 676 1496 2257 1574">
     <span class='ocr_line' id='line_1_15' title="bbox 676 1496 2257 1574; baseline -0.01 -11"><span class='ocrx_word' id='word_1_91' title='bbox 676 1509 892 1570; x_wconf 85' lang='lat' dir='ltr'><strong>obiens,</strong></span> <span class='ocrx_word' id='word_1_92' title='bbox 920 1507 1125 1574; x_wconf 78' lang='lat' dir='ltr'><strong>quique</strong></span> <span class='ocrx_word' id='word_1_93' title='bbox 1157 1514 1264 1556; x_wconf 86' lang='lat' dir='ltr'><strong>tam</strong></span> <span class='ocrx_word' id='word_1_94' title='bbox 1299 1502 1471 1555; x_wconf 88' lang='lat' dir='ltr'><strong>multa</strong></span> <span class='ocrx_word' id='word_1_95' title='bbox 1504 1511 1555 1554; x_wconf 93' lang='lat' dir='ltr'><strong>et</strong></span> <span class='ocrx_word' id='word_1_96' title='bbox 1597 1500 1828 1552; x_wconf 80' lang='lat' dir='ltr'><strong>illustria</strong></span> <span class='ocrx_word' id='word_1_97' title='bbox 1879 1498 1930 1548; x_wconf 93' lang='lat' dir='ltr'><strong>in</strong></span> <span class='ocrx_word' id='word_1_98' title='bbox 1968 1496 2257 1549; x_wconf 67' lang='lat' dir='ltr'><strong>haereticos</strong></span> 
     </span>
    </p>
   </div>
   <div class='ocr_carea' id='block_1_16' title="bbox 677 1586 2254 1667">
    <p class='ocr_par' dir='ltr' id='par_1_16' title="bbox 677 1586 2254 1667">
     <span class='ocr_line' id='line_1_16' title="bbox 677 1586 2254 1667; baseline -0.01 -12"><span class='ocrx_word' id='word_1_99' title='bbox 677 1599 991 1667; x_wconf 86' lang='lat' dir='ltr'><strong>disputarit,</strong></span> <span class='ocrx_word' id='word_1_100' title='bbox 1044 1604 1102 1648; x_wconf 92' lang='lat' dir='ltr'><strong>ut</strong></span> <span class='ocrx_word' id='word_1_101' title='bbox 1146 1610 1335 1648; x_wconf 90' lang='lat' dir='ltr'><strong>eorum</strong></span> <span class='ocrx_word' id='word_1_102' title='bbox 1395 1592 1610 1647; x_wconf 89' lang='lat' dir='ltr'><strong>tandem</strong></span> <span class='ocrx_word' id='word_1_103' title='bbox 1664 1586 2254 1659; x_wconf 77' lang='lat' dir='ltr'><strong>perviceritfurorem;</strong></span> 
     </span>
    </p>
   </div>
   <div class='ocr_carea' id='block_1_17' title="bbox 680 1666 2256 1749">
    <p class='ocr_par' dir='ltr' id='par_1_17' title="bbox 680 1666 2256 1749">
     <span class='ocr_line' id='line_1_17' title="bbox 680 1666 2256 1749; baseline -0.008 -5"><span class='ocrx_word' id='word_1_104' title='bbox 680 1666 1004 1744; x_wconf 15' lang='lat' dir='ltr'><strong>velidemum</strong></span> <span class='ocrx_word' id='word_1_105' title='bbox 1039 1688 1296 1749; x_wconf 83' lang='lat' dir='ltr'><strong>tateatur,</strong></span> <span class='ocrx_word' id='word_1_106' title='bbox 1340 1685 1395 1738; x_wconf 88' lang='lat' dir='ltr'><strong>in</strong></span> <span class='ocrx_word' id='word_1_107' title='bbox 1437 1684 1541 1736; x_wconf 89' lang='lat' dir='ltr'><strong>alia</strong></span> <span class='ocrx_word' id='word_1_108' title='bbox 1573 1680 1971 1735; x_wconf 89' lang='lat' dir='ltr'><strong>atnaudandum</strong></span> <span class='ocrx_word' id='word_1_109' title='bbox 2014 1684 2256 1746; x_wconf 74' lang='lat' dir='ltr'><strong>tempora</strong></span> 
     </span>
    </p>
   </div>
   <div class='ocr_carea' id='block_1_18' title="bbox 678 1770 2253 1850">
    <p class='ocr_par' dir='ltr' id='par_1_18' title="bbox 678 1770 2253 1850">
     <span class='ocr_line' id='line_1_18' title="bbox 678 1770 2253 1850; baseline -0.011 -10"><span class='ocrx_word' id='word_1_110' title='bbox 678 1784 1023 1850; x_wconf 77' lang='lat' dir='ltr'><strong>Gregorium,</strong></span> <span class='ocrx_word' id='word_1_111' title='bbox 1053 1790 1217 1848; x_wconf 90' lang='lat' dir='ltr'><strong>atque</strong></span> <span class='ocrx_word' id='word_1_112' title='bbox 1247 1778 1361 1846; x_wconf 89' lang='lat' dir='ltr'><strong>ipse</strong></span> <span class='ocrx_word' id='word_1_113' title='bbox 1409 1774 1703 1831; x_wconf 84' lang='lat' dir='ltr'><strong>censuerit,</strong></span> <span class='ocrx_word' id='word_1_114' title='bbox 1737 1785 1912 1839; x_wconf 89' lang='lat' dir='ltr'><strong>neque</strong></span> <span class='ocrx_word' id='word_1_115' title='bbox 1941 1770 2055 1823; x_wconf 82' lang='lat' dir='ltr'><strong>ﬁeri</strong></span> <span class='ocrx_word' id='word_1_116' title='bbox 2073 1785 2253 1837; x_wconf 88' lang='lat' dir='ltr'><strong>posse,</strong></span> 
     </span>
    </p>
   </div>
   <div class='ocr_carea' id='block_1_19' title="bbox 683 1856 2046 1943">
    <p class='ocr_par' dir='ltr' id='par_1_19' title="bbox 683 1856 2046 1943">
     <span class='ocr_line' id='line_1_19' title="bbox 683 1856 2046 1943; baseline -0.008 -16"><span class='ocrx_word' id='word_1_117' title='bbox 683 1887 743 1930; x_wconf 93' lang='lat' dir='ltr'><strong>ut</strong></span> <span class='ocrx_word' id='word_1_118' title='bbox 770 1880 910 1929; x_wconf 86' lang='lat' dir='ltr'><strong>inter</strong></span> <span class='ocrx_word' id='word_1_119' title='bbox 967 1856 1158 1943; x_wconf 82' lang='lat' dir='ltr'><strong>synodi</strong></span> <span class='ocrx_word' id='word_1_120' title='bbox 1210 1888 1242 1925; x_wconf 91' lang='lat' dir='ltr'><strong>v</strong></span> <span class='ocrx_word' id='word_1_121' title='bbox 1289 1868 1639 1924; x_wconf 66' lang='lat' dir='ltr'><strong>recumeuiea:</strong></span> <span class='ocrx_word' id='word_1_122' title='bbox 1694 1876 2046 1919; x_wconf 87' lang='lat' dir='ltr'><strong>consessores</strong></span> 
     </span>
    </p>
   </div>
   <div class='ocr_carea' id='block_1_20' title="bbox 684 1977 1101 2023">
    <p class='ocr_par' dir='ltr' id='par_1_20' title="bbox 684 1977 1101 2023">
     <span class='ocr_line' id='line_1_20' title="bbox 684 1977 1101 2023; baseline -0.014 0"><span class='ocrx_word' id='word_1_123' title='bbox 684 1977 1101 2023; x_wconf 84' lang='lat' dir='ltr'><strong>annumeratus.</strong></span> 
     </span>
    </p>
   </div>
   <div class='ocr_carea' id='block_1_21' title="bbox 754 2092 2264 2167">
    <p class='ocr_par' dir='ltr' id='par_1_21' title="bbox 754 2092 2264 2167">
     <span class='ocr_line' id='line_1_21' title="bbox 754 2092 2264 2167; baseline -0.007 -12"><span class='ocrx_word' id='word_1_124' title='bbox 754 2101 845 2156; x_wconf 76' lang='lat' dir='ltr'><strong>IX.</strong></span> <span class='ocrx_word' id='word_1_125' title='bbox 878 2099 1063 2167; x_wconf 76' lang='lat' dir='ltr'><strong>Neque</strong></span> <span class='ocrx_word' id='word_1_126' title='bbox 1113 2099 1226 2151; x_wconf 79' lang='lat' dir='ltr'><strong>luec</strong></span> <span class='ocrx_word' id='word_1_127' title='bbox 1266 2105 1475 2151; x_wconf 89' lang='lat' dir='ltr'><strong>tantum</strong></span> <span class='ocrx_word' id='word_1_128' title='bbox 1522 2105 1676 2161; x_wconf 90' lang='lat' dir='ltr'><strong>sunt,</strong></span> <span class='ocrx_word' id='word_1_129' title='bbox 1733 2111 1854 2165; x_wconf 69' lang='lat' dir='ltr'><strong>quae</strong></span> <span class='ocrx_word' id='word_1_130' title='bbox 1878 2092 2264 2164; x_wconf 87' lang='lat' dir='ltr'><strong>Cajetaniopi—</strong></span> 
     </span>
    </p>
   </div>
   <div class='ocr_carea' id='block_1_22' title="bbox 687 2184 2265 2257">
    <p class='ocr_par' dir='ltr' id='par_1_22' title="bbox 687 2184 2265 2257">
     <span class='ocr_line' id='line_1_22' title="bbox 687 2184 2265 2257; baseline -0.009 -8"><span class='ocrx_word' id='word_1_131' title='bbox 687 2185 904 2249; x_wconf 81' lang='lat' dir='ltr'><strong>nionem</strong></span> <span class='ocrx_word' id='word_1_132' title='bbox 961 2191 1199 2254; x_wconf 66' lang='lat' dir='ltr'><strong>dimi-nt;</strong></span> <span class='ocrx_word' id='word_1_133' title='bbox 1246 2200 1299 2243; x_wconf 88' lang='lat' dir='ltr'><strong>et</strong></span> <span class='ocrx_word' id='word_1_134' title='bbox 1346 2188 1451 2242; x_wconf 89' lang='lat' dir='ltr'><strong>alia</strong></span> <span class='ocrx_word' id='word_1_135' title='bbox 1510 2188 1797 2250; x_wconf 89' lang='lat' dir='ltr'><strong>accedunt,</strong></span> <span class='ocrx_word' id='word_1_136' title='bbox 1827 2203 1947 2257; x_wconf 66' lang='lat' dir='ltr'><strong>qure</strong></span> <span class='ocrx_word' id='word_1_137' title='bbox 1985 2184 2265 2239; x_wconf 65' lang='lat' dir='ltr'><strong>mantissae</strong></span> 
     </span>
    </p>
   </div>
   <div class='ocr_carea' id='block_1_23' title="bbox 691 2278 2266 2349">
    <p class='ocr_par' dir='ltr' id='par_1_23' title="bbox 691 2278 2266 2349">
     <span class='ocr_line' id='line_1_23' title="bbox 691 2278 2266 2349; baseline -0.008 -9"><span class='ocrx_word' id='word_1_138' title='bbox 691 2290 809 2340; x_wconf 73' lang='lat' dir='ltr'><strong>loi-o</strong></span> <span class='ocrx_word' id='word_1_139' title='bbox 836 2286 1049 2339; x_wconf 88' lang='lat' dir='ltr'><strong>addam.</strong></span> <span class='ocrx_word' id='word_1_140' title='bbox 1094 2281 1236 2335; x_wconf 89' lang='lat' dir='ltr'><strong>Inter</strong></span> <span class='ocrx_word' id='word_1_141' title='bbox 1263 2282 1569 2349; x_wconf 86' lang='lat' dir='ltr'><strong>episcopos,</strong></span> <span class='ocrx_word' id='word_1_142' title='bbox 1618 2281 1712 2348; x_wconf 89' lang='lat' dir='ltr'><strong>qui</strong></span> <span class='ocrx_word' id='word_1_143' title='bbox 1754 2295 1780 2331; x_wconf 66' lang='grc' dir='ltr'><strong>τι</strong></span> <span class='ocrx_word' id='word_1_144' title='bbox 1806 2278 2266 2345; x_wconf 85' lang='lat' dir='ltr'><strong>Constantinopo-</strong></span> 
     </span>
    </p>
   </div>
   <div class='ocr_carea' id='block_1_24' title="bbox 692 2356 2267 2445">
    <p class='ocr_par' dir='ltr' id='par_1_24' title="bbox 692 2356 2267 2445">
     <span class='ocr_line' id='line_1_24' title="bbox 692 2356 2267 2445; baseline -0.009 -14"><span class='ocrx_word' id='word_1_145' title='bbox 692 2380 860 2431; x_wconf 86' lang='lat' dir='ltr'><strong>litano</strong></span> <span class='ocrx_word' id='word_1_146' title='bbox 898 2375 1208 2445; x_wconf 80' lang='lat' dir='ltr'><strong>patriarcha</strong></span> <span class='ocrx_word' id='word_1_147' title='bbox 1244 2356 1498 2441; x_wconf 79' lang='lat' dir='ltr'><strong>delegati,</strong></span> <span class='ocrx_word' id='word_1_148' title='bbox 1543 2370 1793 2441; x_wconf 81' lang='lat' dir='ltr'><strong>Gregorii</strong></span> <span class='ocrx_word' id='word_1_149' title='bbox 1826 2385 2047 2425; x_wconf 86' lang='lat' dir='ltr'><strong>causam</strong></span> <span class='ocrx_word' id='word_1_150' title='bbox 2082 2366 2267 2439; x_wconf 85' lang='lat' dir='ltr'><strong>cogni-</strong></span> 
     </span>
    </p>
   </div>
   <div class='ocr_carea' id='block_1_25' title="bbox 691 2462 2264 2535">
    <p class='ocr_par' dir='ltr' id='par_1_25' title="bbox 691 2462 2264 2535">
     <span class='ocr_line' id='line_1_25' title="bbox 691 2462 2264 2535; baseline -0.008 -11"><span class='ocrx_word' id='word_1_151' title='bbox 691 2470 799 2525; x_wconf 86' lang='lat' dir='ltr'><strong>turi</strong></span> <span class='ocrx_word' id='word_1_152' title='bbox 837 2485 957 2523; x_wconf 86' lang='lat' dir='ltr'><strong>ctnn</strong></span> <span class='ocrx_word' id='word_1_153' title='bbox 986 2466 1239 2520; x_wconf 89' lang='lat' dir='ltr'><strong>Romano</strong></span> <span class='ocrx_word' id='word_1_154' title='bbox 1275 2464 1554 2535; x_wconf 82' lang='lat' dir='ltr'><strong>pontilice,‘</strong></span> <span class='ocrx_word' id='word_1_155' title='bbox 1586 2462 1904 2517; x_wconf 81' lang='lat' dir='ltr'><strong>Corinthius</strong></span> <span class='ocrx_word' id='word_1_156' title='bbox 1930 2469 2264 2516; x_wconf 89' lang='lat' dir='ltr'><strong>recensctur.</strong></span> 
     </span>
    </p>
   </div>
   <div class='ocr_carea' id='block_1_26' title="bbox 696 2552 2267 2627">
    <p class='ocr_par' dir='ltr' id='par_1_26' title="bbox 696 2552 2267 2627">
     <span class='ocr_line' id='line_1_26' title="bbox 696 2552 2267 2627; baseline -0.009 -10"><span class='ocrx_word' id='word_1_157' title='bbox 696 2562 1129 2627; x_wconf 78' lang='lat' dir='ltr'><strong>Archiepiscopus</strong></span> <span class='ocrx_word' id='word_1_158' title='bbox 1169 2558 1289 2610; x_wconf 85' lang='lat' dir='ltr'><strong>item</strong></span> <span class='ocrx_word' id='word_1_159' title='bbox 1332 2556 1459 2627; x_wconf 91' lang='lat' dir='ltr'><strong>(hoc</strong></span> <span class='ocrx_word' id='word_1_160' title='bbox 1486 2563 1571 2610; x_wconf 86' lang='lat' dir='ltr'><strong>est</strong></span> <span class='ocrx_word' id='word_1_161' title='bbox 1607 2552 2267 2622; x_wconf 82' lang='lat' dir='ltr'><strong>Constantinopolitanus.</strong></span> 
     </span>
    </p>
   </div>
   <div class='ocr_carea' id='block_1_27' title="bbox 697 2643 2270 2723">
    <p class='ocr_par' dir='ltr' id='par_1_27' title="bbox 697 2643 2270 2723">
     <span class='ocr_line' id='line_1_27' title="bbox 697 2643 2270 2723; baseline -0.009 -14"><span class='ocrx_word' id='word_1_162' title='bbox 697 2655 874 2723; x_wconf 85' lang='lat' dir='ltr'><strong>inquit</strong></span> <span class='ocrx_word' id='word_1_163' title='bbox 902 2651 1180 2717; x_wconf 76' lang='lat' dir='ltr'><strong>Leontius)</strong></span> <span class='ocrx_word' id='word_1_164' title='bbox 1226 2648 1504 2701; x_wconf 77' lang='lat' dir='ltr'><strong>accersitos</strong></span> <span class='ocrx_word' id='word_1_165' title='bbox 1540 2644 1719 2715; x_wconf 81' lang='lat' dir='ltr'><strong>Cyzici</strong></span> <span class='ocrx_word' id='word_1_166' title='bbox 1769 2654 1816 2697; x_wconf 85' lang='lat' dir='ltr'><strong>et</strong></span> <span class='ocrx_word' id='word_1_167' title='bbox 1881 2643 2117 2698; x_wconf 84' lang='lat' dir='ltr'><strong>Corinthi</strong></span> <span class='ocrx_word' id='word_1_168' title='bbox 2154 2644 2270 2710; x_wconf 79' lang='lat' dir='ltr'><strong>epi-</strong></span> 
     </span>
    </p>
   </div>
   <div class='ocr_carea' id='block_1_28' title="bbox 695 2734 2273 2813">
    <p class='ocr_par' dir='ltr' id='par_1_28' title="bbox 695 2734 2273 2813">
     <span class='ocr_line' id='line_1_28' title="bbox 695 2734 2273 2813; baseline -0.008 -14"><span class='ocrx_word' id='word_1_169' title='bbox 695 2762 879 2813; x_wconf 80' lang='lat' dir='ltr'><strong>scopos</strong></span> <span class='ocrx_word' id='word_1_170' title='bbox 908 2741 1125 2794; x_wconf 84' lang='lat' dir='ltr'><strong>Romam</strong></span> <span class='ocrx_word' id='word_1_171' title='bbox 1156 2740 1278 2792; x_wconf 84' lang='lat' dir='ltr'><strong>inde</strong></span> <span class='ocrx_word' id='word_1_172' title='bbox 1302 2738 1480 2790; x_wconf 81' lang='lat' dir='ltr'><strong>mittit.</strong></span> <span class='ocrx_word' id='word_1_173' title='bbox 1519 2736 1626 2789; x_wconf 90' lang='lat' dir='ltr'><strong>Sed</strong></span> <span class='ocrx_word' id='word_1_174' title='bbox 1668 2752 1830 2805; x_wconf 90' lang='lat' dir='ltr'><strong>quem</strong></span> <span class='ocrx_word' id='word_1_175' title='bbox 1857 2745 2143 2805; x_wconf 66' lang='lat' dir='ltr'><strong>praetereat</strong></span> <span class='ocrx_word' id='word_1_176' title='bbox 2171 2734 2273 2787; x_wconf 90' lang='lat' dir='ltr'><strong>sub</strong></span> 
     </span>
    </p>
   </div>
   <div class='ocr_carea' id='block_1_29' title="bbox 696 2826 2277 2899">
    <p class='ocr_par' dir='ltr' id='par_1_29' title="bbox 696 2826 2277 2899">
     <span class='ocr_line' id='line_1_29' title="bbox 696 2826 2277 2899; baseline -0.007 -8"><span class='ocrx_word' id='word_1_177' title='bbox 696 2836 1006 2891; x_wconf 75' lang='lat' dir='ltr'><strong>Justiniano</strong></span> <span class='ocrx_word' id='word_1_178' title='bbox 1032 2831 1070 2896; x_wconf 95' lang='lat' dir='ltr'><strong>l,</strong></span> <span class='ocrx_word' id='word_1_179' title='bbox 1096 2845 1376 2899; x_wconf 90' lang='lat' dir='ltr'><strong>annosque</strong></span> <span class='ocrx_word' id='word_1_180' title='bbox 1409 2829 1615 2897; x_wconf 84' lang='lat' dir='ltr'><strong>aliquot</strong></span> <span class='ocrx_word' id='word_1_181' title='bbox 1650 2835 1770 2895; x_wconf 85' lang='lat' dir='ltr'><strong>post</strong></span> <span class='ocrx_word' id='word_1_182' title='bbox 1786 2826 2034 2881; x_wconf 81' lang='lat' dir='ltr'><strong>Corinthi</strong></span> <span class='ocrx_word' id='word_1_183' title='bbox 2069 2826 2277 2896; x_wconf 82' lang='lat' dir='ltr'><strong>episco-</strong></span> 
     </span>
    </p>
   </div>
   <div class='ocr_carea' id='block_1_30' title="bbox 700 2918 2276 2999">
    <p class='ocr_par' dir='ltr' id='par_1_30' title="bbox 700 2918 2276 2999">
     <span class='ocr_line' id='line_1_30' title="bbox 700 2918 2276 2999; baseline -0.006 -18"><span class='ocrx_word' id='word_1_184' title='bbox 700 2946 825 2999; x_wconf 89' lang='lat' dir='ltr'><strong>pum</strong></span> <span class='ocrx_word' id='word_1_185' title='bbox 874 2926 1145 2985; x_wconf 65' lang='lat' dir='ltr'><strong>Hellados,</strong></span> <span class='ocrx_word' id='word_1_186' title='bbox 1187 2932 1240 2975; x_wconf 88' lang='lat' dir='ltr'><strong>et</strong></span> <span class='ocrx_word' id='word_1_187' title='bbox 1291 2921 1509 2975; x_wconf 68' lang='lat' dir='ltr'><strong>Achaiae</strong></span> <span class='ocrx_word' id='word_1_188' title='bbox 1538 2921 1832 2973; x_wconf 81' lang='lat' dir='ltr'><strong>exarchum</strong></span> <span class='ocrx_word' id='word_1_189' title='bbox 1879 2918 2137 2972; x_wconf 79' lang='lat' dir='ltr'><strong>Romana:</strong></span> <span class='ocrx_word' id='word_1_190' title='bbox 2165 2932 2276 2988; x_wconf 81' lang='lat' dir='ltr'><strong>pa-</strong></span> 
     </span>
    </p>
   </div>
   <div class='ocr_carea' id='block_1_31' title="bbox 701 3007 2277 3084">
    <p class='ocr_par' dir='ltr' id='par_1_31' title="bbox 701 3007 2277 3084">
     <span class='ocr_line' id='line_1_31' title="bbox 701 3007 2277 3084; baseline -0.007 -12"><span class='ocrx_word' id='word_1_191' title='bbox 701 3018 992 3077; x_wconf 65' lang='lat' dir='ltr'><strong>triarchiaz,</strong></span> <span class='ocrx_word' id='word_1_192' title='bbox 1024 3011 1483 3084; x_wconf 81' lang='lat' dir='ltr'><strong>quemadmodum</strong></span> <span class='ocrx_word' id='word_1_193' title='bbox 1542 3020 1597 3063; x_wconf 90' lang='lat' dir='ltr'><strong>et</strong></span> <span class='ocrx_word' id='word_1_194' title='bbox 1647 3008 2070 3073; x_wconf 66' lang='lat' dir='ltr'><strong>Thessalonicae,</strong></span> <span class='ocrx_word' id='word_1_195' title='bbox 2106 3007 2277 3061; x_wconf 82' lang='lat' dir='ltr'><strong>etJu-</strong></span> 
     </span>
    </p>
   </div>
   <div class='ocr_carea' id='block_1_32' title="bbox 701 3099 2274 3169">
    <p class='ocr_par' dir='ltr' id='par_1_32' title="bbox 701 3099 2274 3169">
     <span class='ocr_line' id='line_1_32' title="bbox 701 3099 2274 3169; baseline -0.008 -5"><span class='ocrx_word' id='word_1_196' title='bbox 701 3110 952 3164; x_wconf 68' lang='lat' dir='ltr'><strong>stinianm</strong></span> <span class='ocrx_word' id='word_1_197' title='bbox 980 3107 999 3157; x_wconf 93' lang='grc' dir='ltr'><strong>ι</strong></span> <span class='ocrx_word' id='word_1_198' title='bbox 1024 3104 1268 3165; x_wconf 82' lang='lat' dir='ltr'><strong>exarchi,</strong></span> <span class='ocrx_word' id='word_1_199' title='bbox 1289 3102 1587 3165; x_wconf 87' lang='lat' dir='ltr'><strong>subditum,</strong></span> <span class='ocrx_word' id='word_1_200' title='bbox 1616 3116 1790 3169; x_wconf 85' lang='lat' dir='ltr'><strong>eoque</strong></span> <span class='ocrx_word' id='word_1_201' title='bbox 1811 3101 2028 3154; x_wconf 85' lang='lat' dir='ltr'><strong>nomine</strong></span> <span class='ocrx_word' id='word_1_202' title='bbox 2045 3099 2274 3153; x_wconf 87' lang='lat' dir='ltr'><strong>Romani</strong></span> 
     </span>
    </p>
   </div>
   <div class='ocr_carea' id='block_1_33' title="bbox 703 3192 2275 3267">
    <p class='ocr_par' dir='ltr' id='par_1_33' title="bbox 703 3192 2275 3267">
     <span class='ocr_line' id='line_1_33' title="bbox 703 3192 2275 3267; baseline -0.006 -14"><span class='ocrx_word' id='word_1_203' title='bbox 703 3199 973 3267; x_wconf 84' lang='lat' dir='ltr'><strong>pootilicis</strong></span> <span class='ocrx_word' id='word_1_204' title='bbox 1016 3197 1069 3249; x_wconf 85' lang='lat' dir='ltr'><strong>iit</strong></span> <span class='ocrx_word' id='word_1_205' title='bbox 1123 3210 1218 3248; x_wconf 89' lang='lat' dir='ltr'><strong>sua</strong></span> <span class='ocrx_word' id='word_1_206' title='bbox 1268 3194 1524 3247; x_wconf 82' lang='lat' dir='ltr'><strong>exarchia</strong></span> <span class='ocrx_word' id='word_1_207' title='bbox 1562 3194 1828 3245; x_wconf 84' lang='lat' dir='ltr'><strong>vicarium</strong></span> <span class='ocrx_word' id='word_1_208' title='bbox 1888 3192 2145 3261; x_wconf 87' lang='lat' dir='ltr'><strong>gessisse,</strong></span> <span class='ocrx_word' id='word_1_209' title='bbox 2169 3206 2275 3259; x_wconf 89' lang='lat' dir='ltr'><strong>qua</strong></span> 
     </span>
    </p>
   </div>
   <div class='ocr_carea' id='block_1_34' title="bbox 702 3280 2276 3361">
    <p class='ocr_par' dir='ltr' id='par_1_34' title="bbox 702 3280 2276 3361">
     <span class='ocr_line' id='line_1_34' title="bbox 702 3280 2276 3361; baseline -0.008 -16"><span class='ocrx_word' id='word_1_210' title='bbox 702 3291 964 3360; x_wconf 79' lang='lat' dir='ltr'><strong>dignitate</strong></span> <span class='ocrx_word' id='word_1_211' title='bbox 1012 3286 1172 3361; x_wconf 36' lang='lat' dir='ltr'><strong>ma’cti</strong></span> <span class='ocrx_word' id='word_1_212' title='bbox 1230 3284 1367 3337; x_wconf 76' lang='lat' dir='ltr'><strong>adeo</strong></span> <span class='ocrx_word' id='word_1_213' title='bbox 1405 3298 1527 3335; x_wconf 89' lang='lat' dir='ltr'><strong>cum</strong></span> <span class='ocrx_word' id='word_1_214' title='bbox 1584 3280 2124 3342; x_wconf 85' lang='lat' dir='ltr'><strong>Thessalonicensis,</strong></span> <span class='ocrx_word' id='word_1_215' title='bbox 2164 3289 2276 3334; x_wconf 91' lang='lat' dir='ltr'><strong>tum</strong></span> 
     </span>
    </p>
   </div>
   <div class='ocr_carea' id='block_1_35' title="bbox 702 3365 2278 3442">
    <p class='ocr_par' dir='ltr' id='par_1_35' title="bbox 702 3365 2278 3442">
     <span class='ocr_line' id='line_1_35' title="bbox 702 3365 2278 3442; baseline -0.007 -9"><span class='ocrx_word' id='word_1_216' title='bbox 702 3376 1129 3441; x_wconf 72' lang='lat' dir='ltr'><strong>Justinianensis</strong></span> <span class='ocrx_word' id='word_1_217' title='bbox 1201 3373 1484 3427; x_wconf 66' lang='lat' dir='ltr'><strong>Dardania:</strong></span> <span class='ocrx_word' id='word_1_218' title='bbox 1530 3372 1813 3442; x_wconf 85' lang='lat' dir='ltr'><strong>episcopi?</strong></span> <span class='ocrx_word' id='word_1_219' title='bbox 1846 3371 1932 3441; x_wconf 86' lang='lat' dir='ltr'><strong>(V.</strong></span> <span class='ocrx_word' id='word_1_220' title='bbox 1988 3365 2177 3423; x_wconf 81' lang='lat' dir='ltr'><strong>Baluz.</strong></span> <span class='ocrx_word' id='word_1_221' title='bbox 2225 3370 2278 3422; x_wconf 92' lang='lat' dir='ltr'><strong>in</strong></span> 
     </span>
    </p>
   </div>
   <div class='ocr_carea' id='block_1_36' title="bbox 707 3463 2277 3541">
    <p class='ocr_par' dir='ltr' id='par_1_36' title="bbox 707 3463 2277 3541">
     <span class='ocr_line' id='line_1_36' title="bbox 707 3463 2277 3541; baseline -0.007 -16"><span class='ocrx_word' id='word_1_222' title='bbox 707 3470 985 3541; x_wconf 82' lang='lat' dir='ltr'><strong>Supplem.</strong></span> <span class='ocrx_word' id='word_1_223' title='bbox 1027 3466 1093 3520; x_wconf 84' lang='lat' dir='ltr'><strong>ad</strong></span> <span class='ocrx_word' id='word_1_224' title='bbox 1124 3466 1219 3519; x_wconf 89' lang='lat' dir='ltr'><strong>lib.</strong></span> <span class='ocrx_word' id='word_1_225' title='bbox 1256 3481 1289 3518; x_wconf 89' lang='lat' dir='ltr'><strong>v</strong></span> <span class='ocrx_word' id='word_1_226' title='bbox 1322 3464 1385 3518; x_wconf 85' lang='lat' dir='ltr'><strong>de</strong></span> <span class='ocrx_word' id='word_1_227' title='bbox 1423 3463 1685 3518; x_wconf 85' lang='lat' dir='ltr'><strong>Concord.</strong></span> <span class='ocrx_word' id='word_1_228' title='bbox 1718 3480 1829 3518; x_wconf 80' lang='lat' dir='ltr'><strong>sae.</strong></span> <span class='ocrx_word' id='word_1_229' title='bbox 1869 3472 1918 3517; x_wconf 86' lang='lat' dir='ltr'><strong>et</strong></span> <span class='ocrx_word' id='word_1_230' title='bbox 1957 3464 2110 3531; x_wconf 87' lang='lat' dir='ltr'><strong>imp.,</strong></span> <span class='ocrx_word' id='word_1_231' title='bbox 2157 3476 2277 3530; x_wconf 89' lang='lat' dir='ltr'><strong>cap.</strong></span> 
     </span>
    </p>
   </div>
   <div class='ocr_carea' id='block_1_37' title="bbox 704 3552 2277 3626">
    <p class='ocr_par' dir='ltr' id='par_1_37' title="bbox 704 3552 2277 3626">
     <span class='ocr_line' id='line_1_37' title="bbox 704 3552 2277 3626; baseline -0.008 -9"><span class='ocrx_word' id='word_1_232' title='bbox 704 3562 796 3621; x_wconf 71' lang='lat'><strong>29.</strong></span> <span class='ocrx_word' id='word_1_233' title='bbox 822 3578 876 3614; x_wconf 83' lang='grc' dir='ltr'><strong>ιι.</strong></span> <span class='ocrx_word' id='word_1_234' title='bbox 916 3559 1022 3626; x_wconf 85' lang='grc' dir='ltr'><strong>Η.)</strong></span> <span class='ocrx_word' id='word_1_235' title='bbox 1068 3556 1172 3623; x_wconf 85' lang='lat' dir='ltr'><strong>Qui</strong></span> <span class='ocrx_word' id='word_1_236' title='bbox 1230 3555 1397 3621; x_wconf 87' lang='lat' dir='ltr'><strong>igitur</strong></span> <span class='ocrx_word' id='word_1_237' title='bbox 1428 3554 1653 3617; x_wconf 79' lang='lat' dir='ltr'><strong>factum,</strong></span> <span class='ocrx_word' id='word_1_238' title='bbox 1696 3564 1754 3608; x_wconf 80' lang='grc' dir='ltr'><strong>ιιι</strong></span> <span class='ocrx_word' id='word_1_239' title='bbox 1785 3552 2277 3620; x_wconf 89' lang='lat' dir='ltr'><strong>Constantinopoli-</strong></span> 
     </span>
    </p>
   </div>
   <div class='ocr_carea' id='block_1_38' title="bbox 708 3638 2287 3726">
    <p class='ocr_par' dir='ltr' id='par_1_38' title="bbox 708 3638 2287 3726">
     <span class='ocr_line' id='line_1_38' title="bbox 708 3638 2287 3726; baseline -0.008 -23"><span class='ocrx_word' id='word_1_240' title='bbox 708 3662 871 3703; x_wconf 80' lang='lat' dir='ltr'><strong>tanus</strong></span> <span class='ocrx_word' id='word_1_241' title='bbox 907 3645 1214 3715; x_wconf 83' lang='lat' dir='ltr'><strong>patriarcha</strong></span> <span class='ocrx_word' id='word_1_242' title='bbox 1244 3658 1422 3695; x_wconf 89' lang='lat' dir='ltr'><strong>rerum</strong></span> <span class='ocrx_word' id='word_1_243' title='bbox 1459 3642 1682 3696; x_wconf 83' lang='lat' dir='ltr'><strong>domino</strong></span> <span class='ocrx_word' id='word_1_244' title='bbox 1707 3639 2060 3726; x_wconf 35' lang='lat' dir='ltr'><strong>Ju‘stinianol</strong></span> <span class='ocrx_word' id='word_1_245' title='bbox 2091 3638 2287 3693; x_wconf 84' lang='lat' dir='ltr'><strong>Corin-</strong></span> 
     </span>
    </p>
   </div>
   <div class='ocr_carea' id='block_1_39' title="bbox 710 3727 2281 3801">
    <p class='ocr_par' dir='ltr' id='par_1_39' title="bbox 710 3727 2281 3801">
     <span class='ocr_line' id='line_1_39' title="bbox 710 3727 2281 3801; baseline -0.008 -11"><span class='ocrx_word' id='word_1_246' title='bbox 710 3738 787 3790; x_wconf 89' lang='lat' dir='ltr'><strong>tlti</strong></span> <span class='ocrx_word' id='word_1_247' title='bbox 815 3735 1154 3801; x_wconf 79' lang='lat' dir='ltr'><strong>episcopum,</strong></span> <span class='ocrx_word' id='word_1_248' title='bbox 1175 3730 1228 3782; x_wconf 92' lang='lat' dir='ltr'><strong>in</strong></span> <span class='ocrx_word' id='word_1_249' title='bbox 1262 3744 1421 3798; x_wconf 89' lang='lat' dir='ltr'><strong>quem</strong></span> <span class='ocrx_word' id='word_1_250' title='bbox 1442 3728 1651 3781; x_wconf 89' lang='lat' dir='ltr'><strong>nullum</strong></span> <span class='ocrx_word' id='word_1_251' title='bbox 1680 3728 1781 3782; x_wconf 88' lang='lat' dir='ltr'><strong>sibi</strong></span> <span class='ocrx_word' id='word_1_252' title='bbox 1822 3728 1912 3795; x_wconf 89' lang='lat' dir='ltr'><strong>jus</strong></span> <span class='ocrx_word' id='word_1_253' title='bbox 1938 3727 2281 3789; x_wconf 89' lang='lat' dir='ltr'><strong>attributum,</strong></span> 
     </span>
    </p>
   </div>
   <div class='ocr_carea' id='block_1_40' title="bbox 713 3812 2284 3885">
    <p class='ocr_par' dir='ltr' id='par_1_40' title="bbox 713 3812 2284 3885">
     <span class='ocr_line' id='line_1_40' title="bbox 713 3812 2284 3885; baseline -0.008 -8"><span class='ocrx_word' id='word_1_254' title='bbox 713 3828 765 3877; x_wconf 90' lang='lat' dir='ltr'><strong>in</strong></span> <span class='ocrx_word' id='word_1_255' title='bbox 825 3826 1012 3875; x_wconf 87' lang='lat' dir='ltr'><strong>urbem</strong></span> <span class='ocrx_word' id='word_1_256' title='bbox 1071 3826 1393 3876; x_wconf 81' lang='lat' dir='ltr'><strong>arcesseret,</strong></span> <span class='ocrx_word' id='word_1_257' title='bbox 1444 3816 1791 3885; x_wconf 88' lang='lat' dir='ltr'><strong>juberetque,</strong></span> <span class='ocrx_word' id='word_1_258' title='bbox 1860 3825 1919 3868; x_wconf 94' lang='lat' dir='ltr'><strong>ut</strong></span> <span class='ocrx_word' id='word_1_259' title='bbox 1984 3813 2142 3882; x_wconf 87' lang='lat' dir='ltr'><strong>legati</strong></span> <span class='ocrx_word' id='word_1_260' title='bbox 2202 3812 2284 3865; x_wconf 91' lang='lat' dir='ltr'><strong>sui</strong></span> 
     </span>
    </p>
   </div>
   <div class='ocr_carea' id='block_1_41' title="bbox 714 3898 2287 3972">
    <p class='ocr_par' dir='ltr' id='par_1_41' title="bbox 714 3898 2287 3972">
     <span class='ocr_line' id='line_1_41' title="bbox 714 3898 2287 3972; baseline -0.007 -9"><span class='ocrx_word' id='word_1_261' title='bbox 714 3923 938 3964; x_wconf 87' lang='lat' dir='ltr'><strong>munere</strong></span> <span class='ocrx_word' id='word_1_262' title='bbox 989 3914 1212 3959; x_wconf 88' lang='lat' dir='ltr'><strong>ornatus</strong></span> <span class='ocrx_word' id='word_1_263' title='bbox 1255 3901 1486 3957; x_wconf 87' lang='lat' dir='ltr'><strong>Romam</strong></span> <span class='ocrx_word' id='word_1_264' title='bbox 1519 3911 1816 3972; x_wconf 89' lang='lat' dir='ltr'><strong>appeteret,</strong></span> <span class='ocrx_word' id='word_1_265' title='bbox 1846 3898 2093 3972; x_wconf 87' lang='lat' dir='ltr'><strong>Gregorii</strong></span> <span class='ocrx_word' id='word_1_266' title='bbox 2119 3899 2287 3971; x_wconf 79' lang='lat' dir='ltr'><strong>judex</strong></span> 
     </span>
    </p>
   </div>
   <div class='ocr_carea' id='block_1_42' title="bbox 717 3998 973 4056">
    <p class='ocr_par' dir='ltr' id='par_1_42' title="bbox 717 3998 973 4056">
     <span class='ocr_line' id='line_1_42' title="bbox 717 3998 973 4056; baseline -0.02 0"><span class='ocrx_word' id='word_1_267' title='bbox 717 3998 973 4056; x_wconf 85' lang='lat' dir='ltr'><strong>luturus?</strong></span> 
     </span>
    </p>
   </div>
   <div class='ocr_carea' id='block_1_43' title="bbox 785 4128 2291 4207">
    <p class='ocr_par' dir='ltr' id='par_1_43' title="bbox 785 4128 2291 4207">
     <span class='ocr_line' id='line_1_43' title="bbox 785 4128 2291 4207; baseline -0.007 -11"><span class='ocrx_word' id='word_1_268' title='bbox 785 4142 853 4196; x_wconf 78' lang='grc' dir='ltr'>Χ.</span> <span class='ocrx_word' id='word_1_269' title='bbox 883 4141 959 4193; x_wconf 77' lang='lat' dir='ltr'><strong>Ad</strong></span> <span class='ocrx_word' id='word_1_270' title='bbox 984 4140 1099 4192; x_wconf 62' lang='lat' dir='ltr'><strong>haec</strong></span> <span class='ocrx_word' id='word_1_271' title='bbox 1125 4136 1261 4190; x_wconf 80' lang='lat' dir='ltr'><strong>falso</strong></span> <span class='ocrx_word' id='word_1_272' title='bbox 1289 4132 1520 4189; x_wconf 87' lang='lat' dir='ltr'><strong>crimine</strong></span> <span class='ocrx_word' id='word_1_273' title='bbox 1538 4132 1764 4207; x_wconf 85' lang='lat' dir='ltr'><strong>solutus</strong></span> <span class='ocrx_word' id='word_1_274' title='bbox 1782 4129 1973 4184; x_wconf 61' lang='lat' dir='ltr'><strong>Romae</strong></span> <span class='ocrx_word' id='word_1_275' title='bbox 1993 4128 2291 4199; x_wconf 84' lang='lat' dir='ltr'><strong>Gregorius</strong></span> 
     </span>
    </p>
   </div>
   <div class='ocr_carea' id='block_1_44' title="bbox 716 4214 2292 4297">
    <p class='ocr_par' dir='ltr' id='par_1_44' title="bbox 716 4214 2292 4297">
     <span class='ocr_line' id='line_1_44' title="bbox 716 4214 2292 4297; baseline -0.009 -10"><span class='ocrx_word' id='word_1_276' title='bbox 716 4214 1245 4297; x_wconf 76' lang='lat' dir='ltr'><strong>Constantinopolim</strong></span> <span class='ocrx_word' id='word_1_277' title='bbox 1280 4226 1414 4286; x_wconf 90' lang='lat' dir='ltr'><strong>abit,</strong></span> <span class='ocrx_word' id='word_1_278' title='bbox 1471 4223 1659 4292; x_wconf 90' lang='lat' dir='ltr'><strong>ibique</strong></span> <span class='ocrx_word' id='word_1_279' title='bbox 1687 4230 1742 4275; x_wconf 91' lang='lat' dir='ltr'><strong>et</strong></span> <span class='ocrx_word' id='word_1_280' title='bbox 1794 4221 1863 4274; x_wconf 89' lang='lat' dir='ltr'><strong>ab</strong></span> <span class='ocrx_word' id='word_1_281' title='bbox 1913 4222 2043 4290; x_wconf 91' lang='lat' dir='ltr'><strong>imp.</strong></span> <span class='ocrx_word' id='word_1_282' title='bbox 2077 4220 2292 4275; x_wconf 69' lang='lat' dir='ltr'><strong>Caesare</strong></span> 
     </span>
    </p>
   </div>
   <div class='ocr_carea' id='block_1_45' title="bbox 716 4310 2293 4380">
    <p class='ocr_par' dir='ltr' id='par_1_45' title="bbox 716 4310 2293 4380">
     <span class='ocr_line' id='line_1_45' title="bbox 716 4310 2293 4380; baseline -0.009 -2"><span class='ocrx_word' id='word_1_283' title='bbox 716 4322 1049 4380; x_wconf 65' lang='lat' dir='ltr'><strong>Iustiniano,</strong></span> <span class='ocrx_word' id='word_1_284' title='bbox 1102 4326 1157 4371; x_wconf 88' lang='lat' dir='ltr'><strong>et</strong></span> <span class='ocrx_word' id='word_1_285' title='bbox 1183 4319 1249 4370; x_wconf 89' lang='lat' dir='ltr'><strong>ah</strong></span> <span class='ocrx_word' id='word_1_286' title='bbox 1297 4314 1540 4380; x_wconf 82' lang='lat' dir='ltr'><strong>Augusta</strong></span> <span class='ocrx_word' id='word_1_287' title='bbox 1574 4311 1975 4365; x_wconf 78' lang='lat' dir='ltr'><strong>liberalissimis</strong></span> <span class='ocrx_word' id='word_1_288' title='bbox 2001 4310 2162 4365; x_wconf 84' lang='lat' dir='ltr'><strong>donis</strong></span> <span class='ocrx_word' id='word_1_289' title='bbox 2192 4326 2293 4365; x_wconf 88' lang='lat' dir='ltr'><strong>cu-</strong></span> 
     </span>
    </p>
   </div>
   <div class='ocr_carea' id='block_1_46' title="bbox 721 4400 2293 4478">
    <p class='ocr_par' dir='ltr' id='par_1_46' title="bbox 721 4400 2293 4478">
     <span class='ocr_line' id='line_1_46' title="bbox 721 4400 2293 4478; baseline -0.01 -10"><span class='ocrx_word' id='word_1_290' title='bbox 721 4416 977 4468; x_wconf 84' lang='lat' dir='ltr'><strong>mulatur.</strong></span> <span class='ocrx_word' id='word_1_291' title='bbox 1012 4409 1191 4478; x_wconf 83' lang='lat' dir='ltr'><strong>Neque</strong></span> <span class='ocrx_word' id='word_1_292' title='bbox 1225 4421 1339 4459; x_wconf 76' lang='lat' dir='ltr'><strong>vero</strong></span> <span class='ocrx_word' id='word_1_293' title='bbox 1381 4403 1582 4473; x_wconf 84' lang='lat' dir='ltr'><strong>(inquit</strong></span> <span class='ocrx_word' id='word_1_294' title='bbox 1611 4400 1894 4471; x_wconf 89' lang='lat' dir='ltr'><strong>Leontius)</strong></span> <span class='ocrx_word' id='word_1_295' title='bbox 1920 4401 2163 4469; x_wconf 81' lang='lat' dir='ltr'><strong>piissimo</strong></span> <span class='ocrx_word' id='word_1_296' title='bbox 2183 4400 2293 4453; x_wconf 80' lang='lat' dir='ltr'><strong>Au-</strong></span> 
     </span>
    </p>
   </div>
   <div class='ocr_carea' id='block_1_47' title="bbox 2351 580 2878 635">
    <p class='ocr_par' dir='ltr' id='par_1_47' title="bbox 2351 580 2878 635">
     <span class='ocr_line' id='line_1_47' title="bbox 2351 580 2878 635; baseline -0.002 -2"><span class='ocrx_word' id='word_1_297' title='bbox 2351 595 2497 635; x_wconf 56' lang='lat' dir='ltr'><strong>naaos</strong></span> <span class='ocrx_word' id='word_1_298' title='bbox 2531 580 2878 635; x_wconf 77' lang='lat' dir='ltr'><strong>celebrasse?</strong></span> 
     </span>
    </p>
   </div>
   <div class='ocr_carea' id='block_1_48' title="bbox 2419 668 3942 739">
    <p class='ocr_par' dir='ltr' id='par_1_48' title="bbox 2419 668 3942 739">
     <span class='ocr_line' id='line_1_48' title="bbox 2419 668 3942 739; baseline -0.001 -16"><span class='ocrx_word' id='word_1_299' title='bbox 2419 670 2515 724; x_wconf 77' lang='lat' dir='ltr'><strong>XI.</strong></span> <span class='ocrx_word' id='word_1_300' title='bbox 2551 671 2790 725; x_wconf 80' lang='lat' dir='ltr'><strong>Tandem</strong></span> <span class='ocrx_word' id='word_1_301' title='bbox 2835 670 2967 724; x_wconf 90' lang='lat' dir='ltr'><strong>illud</strong></span> <span class='ocrx_word' id='word_1_302' title='bbox 3022 669 3379 739; x_wconf 59' lang='lat' dir='ltr'><strong>expendatur,</strong></span> <span class='ocrx_word' id='word_1_303' title='bbox 3421 668 3758 738; x_wconf 83' lang='lat' dir='ltr'><strong>Gregorium</strong></span> <span class='ocrx_word' id='word_1_304' title='bbox 3790 678 3942 737; x_wconf 79' lang='lat' dir='ltr'><strong>post-</strong></span> 
     </span>
    </p>
   </div>
   <div class='ocr_carea' id='block_1_49' title="bbox 2350 756 3939 827">
    <p class='ocr_par' dir='ltr' id='par_1_49' title="bbox 2350 756 3939 827">
     <span class='ocr_line' id='line_1_49' title="bbox 2350 756 3939 827; baseline -0.002 -15"><span class='ocrx_word' id='word_1_305' title='bbox 2350 773 2513 827; x_wconf 84' lang='lat' dir='ltr'><strong>quam</strong></span> <span class='ocrx_word' id='word_1_306' title='bbox 2556 758 2915 812; x_wconf 87' lang='lat' dir='ltr'><strong>Paschalibus</strong></span> <span class='ocrx_word' id='word_1_307' title='bbox 2967 756 3125 811; x_wconf 78' lang='lat' dir='ltr'><strong>feriis</strong></span> <span class='ocrx_word' id='word_1_308' title='bbox 3159 773 3189 810; x_wconf 91' lang='lat' dir='ltr'><strong>a</strong></span> <span class='ocrx_word' id='word_1_309' title='bbox 3222 758 3408 826; x_wconf 86' lang='lat' dir='ltr'><strong>culpa,</strong></span> <span class='ocrx_word' id='word_1_310' title='bbox 3447 760 3613 826; x_wconf 86' lang='lat' dir='ltr'><strong>cujus</strong></span> <span class='ocrx_word' id='word_1_311' title='bbox 3653 772 3939 811; x_wconf 69' lang='lat' dir='ltr'><strong>summum</strong></span> 
     </span>
    </p>
   </div>
   <div class='ocr_carea' id='block_1_50' title="bbox 2350 847 3939 918">
    <p class='ocr_par' dir='ltr' id='par_1_50' title="bbox 2350 847 3939 918">
     <span class='ocr_line' id='line_1_50' title="bbox 2350 847 3939 918; baseline 0.001 -16"><span class='ocrx_word' id='word_1_312' title='bbox 2350 864 2445 918; x_wconf 89' lang='lat' dir='ltr'><strong>per</strong></span> <span class='ocrx_word' id='word_1_313' title='bbox 2483 850 2663 903; x_wconf 88' lang='lat' dir='ltr'><strong>scelus</strong></span> <span class='ocrx_word' id='word_1_314' title='bbox 2704 858 3020 911; x_wconf 89' lang='lat' dir='ltr'><strong>accusatus,</strong></span> <span class='ocrx_word' id='word_1_315' title='bbox 3076 864 3248 917; x_wconf 91' lang='lat' dir='ltr'><strong>purus</strong></span> <span class='ocrx_word' id='word_1_316' title='bbox 3280 850 3559 918; x_wconf 84' lang='lat' dir='ltr'><strong>judicatus</strong></span> <span class='ocrx_word' id='word_1_317' title='bbox 3611 858 3699 903; x_wconf 83' lang='lat' dir='ltr'><strong>est</strong></span> <span class='ocrx_word' id='word_1_318' title='bbox 3726 847 3939 911; x_wconf 55' lang='lat' dir='ltr'><strong>Rem,</strong></span> 
     </span>
    </p>
   </div>
   <div class='ocr_carea' id='block_1_51' title="bbox 2352 937 3939 1007">
    <p class='ocr_par' dir='ltr' id='par_1_51' title="bbox 2352 937 3939 1007">
     <span class='ocr_line' id='line_1_51' title="bbox 2352 937 3939 1007; baseline -0.001 -15"><span class='ocrx_word' id='word_1_319' title='bbox 2352 937 2443 992; x_wconf 91' lang='lat' dir='ltr'><strong>ubi</strong></span> <span class='ocrx_word' id='word_1_320' title='bbox 2480 953 2653 991; x_wconf 72' lang='lat' dir='ltr'><strong>annos</strong></span> <span class='ocrx_word' id='word_1_321' title='bbox 2681 938 2737 1001; x_wconf 77' lang='lat'><strong>2,</strong></span> <span class='ocrx_word' id='word_1_322' title='bbox 2762 953 2981 993; x_wconf 88' lang='lat' dir='ltr'><strong>menses</strong></span> <span class='ocrx_word' id='word_1_323' title='bbox 3012 938 3064 1001; x_wconf 84' lang='lat'><strong>5,</strong></span> <span class='ocrx_word' id='word_1_324' title='bbox 3099 938 3418 993; x_wconf 87' lang='lat' dir='ltr'><strong>carceribus</strong></span> <span class='ocrx_word' id='word_1_325' title='bbox 3447 956 3479 992; x_wconf 87' lang='lat' dir='ltr'><strong>a</strong></span> <span class='ocrx_word' id='word_1_326' title='bbox 3524 941 3821 1007; x_wconf 81' lang='lat' dir='ltr'><strong>pontiﬁce,</strong></span> <span class='ocrx_word' id='word_1_327' title='bbox 3856 943 3939 997; x_wconf 75' lang='lat' dir='ltr'><strong>aii</strong></span> 
     </span>
    </p>
   </div>
   <div class='ocr_carea' id='block_1_52' title="bbox 2352 1029 3941 1100">
    <p class='ocr_par' dir='ltr' id='par_1_52' title="bbox 2352 1029 3941 1100">
     <span class='ocr_line' id='line_1_52' title="bbox 2352 1029 3941 1100; baseline 0.001 -19"><span class='ocrx_word' id='word_1_328' title='bbox 2352 1029 2593 1083; x_wconf 86' lang='lat' dir='ltr'><strong>delatum</strong></span> <span class='ocrx_word' id='word_1_329' title='bbox 2625 1030 2856 1094; x_wconf 89' lang='lat' dir='ltr'><strong>crimen,</strong></span> <span class='ocrx_word' id='word_1_330' title='bbox 2889 1030 3237 1097; x_wconf 88' lang='lat' dir='ltr'><strong>mancipatus</strong></span> <span class='ocrx_word' id='word_1_331' title='bbox 3289 1030 3430 1100; x_wconf 85' lang='lat' dir='ltr'><strong>egit,</strong></span> <span class='ocrx_word' id='word_1_332' title='bbox 3462 1030 3941 1098; x_wconf 74' lang='lat' dir='ltr'><strong>Constantinopo-</strong></span> 
     </span>
    </p>
   </div>
   <div class='ocr_carea' id='block_1_53' title="bbox 2355 1120 3942 1191">
    <p class='ocr_par' dir='ltr' id='par_1_53' title="bbox 2355 1120 3942 1191">
     <span class='ocr_line' id='line_1_53' title="bbox 2355 1120 3942 1191; baseline 0.001 -18"><span class='ocrx_word' id='word_1_333' title='bbox 2355 1120 2446 1173; x_wconf 91' lang='lat' dir='ltr'><strong>lim</strong></span> <span class='ocrx_word' id='word_1_334' title='bbox 2482 1122 2728 1188; x_wconf 76' lang='lat' dir='ltr'><strong>petiisse,</strong></span> <span class='ocrx_word' id='word_1_335' title='bbox 2756 1121 2939 1186; x_wconf 84' lang='lat' dir='ltr'><strong>ibique</strong></span> <span class='ocrx_word' id='word_1_336' title='bbox 2956 1120 3168 1173; x_wconf 83' lang='lat' dir='ltr'><strong>Pascba</strong></span> <span class='ocrx_word' id='word_1_337' title='bbox 3208 1122 3728 1191; x_wconf 69' lang='lat' dir='ltr'><strong>eelehrasse,302</strong></span> <span class='ocrx_word' id='word_1_338' title='bbox 3746 1122 3942 1175; x_wconf 80' lang='lat' dir='ltr'><strong>deinde</strong></span> 
     </span>
    </p>
   </div>
   <div class='ocr_carea' id='block_1_54' title="bbox 2354 1205 3942 1275">
    <p class='ocr_par' dir='ltr' id='par_1_54' title="bbox 2354 1205 3942 1275">
     <span class='ocr_line' id='line_1_54' title="bbox 2354 1205 3942 1275; baseline 0.001 -14"><span class='ocrx_word' id='word_1_339' title='bbox 2354 1208 2423 1261; x_wconf 87' lang='lat' dir='ltr'><strong>ab</strong></span> <span class='ocrx_word' id='word_1_340' title='bbox 2478 1209 2607 1275; x_wconf 88' lang='lat' dir='ltr'><strong>imp.</strong></span> <span class='ocrx_word' id='word_1_341' title='bbox 2659 1205 2975 1260; x_wconf 82' lang='lat' dir='ltr'><strong>Justiniano</strong></span> <span class='ocrx_word' id='word_1_342' title='bbox 3011 1206 3301 1260; x_wconf 89' lang='lat' dir='ltr'><strong>dimissum</strong></span> <span class='ocrx_word' id='word_1_343' title='bbox 3363 1206 3599 1260; x_wconf 81' lang='lat' dir='ltr'><strong>Romam</strong></span> <span class='ocrx_word' id='word_1_344' title='bbox 3642 1210 3942 1262; x_wconf 77' lang='lat' dir='ltr'><strong>revertisse</strong></span> 
     </span>
    </p>
   </div>
   <div class='ocr_carea' id='block_1_55' title="bbox 2356 1297 3943 1369">
    <p class='ocr_par' dir='ltr' id='par_1_55' title="bbox 2356 1297 3943 1369">
     <span class='ocr_line' id='line_1_55' title="bbox 2356 1297 3943 1369; baseline 0.001 -17"><span class='ocrx_word' id='word_1_345' title='bbox 2356 1315 2450 1352; x_wconf 79' lang='lat' dir='ltr'><strong>xm</strong></span> <span class='ocrx_word' id='word_1_346' title='bbox 2498 1297 2617 1351; x_wconf 81' lang='lat' dir='ltr'><strong>Kal.</strong></span> <span class='ocrx_word' id='word_1_347' title='bbox 2685 1298 2941 1368; x_wconf 82' lang='lat' dir='ltr'><strong>Augusti,</strong></span> <span class='ocrx_word' id='word_1_348' title='bbox 2998 1299 3235 1366; x_wconf 87' lang='lat' dir='ltr'><strong>indeque</strong></span> <span class='ocrx_word' id='word_1_349' title='bbox 3264 1299 3317 1351; x_wconf 89' lang='lat' dir='ltr'><strong>in</strong></span> <span class='ocrx_word' id='word_1_350' title='bbox 3366 1300 3612 1353; x_wconf 89' lang='lat' dir='ltr'><strong>Siciliam</strong></span> <span class='ocrx_word' id='word_1_351' title='bbox 3649 1300 3943 1369; x_wconf 73' lang='lat' dir='ltr'><strong>navigasse</strong></span> 
     </span>
    </p>
   </div>
   <div class='ocr_carea' id='block_1_56' title="bbox 2358 1389 3943 1469">
    <p class='ocr_par' dir='ltr' id='par_1_56' title="bbox 2358 1389 3943 1469">
     <span class='ocr_line' id='line_1_56' title="bbox 2358 1389 3943 1469; baseline 0.001 -25"><span class='ocrx_word' id='word_1_352' title='bbox 2358 1400 2523 1460; x_wconf 84' lang='lat' dir='ltr'><strong>atque</strong></span> <span class='ocrx_word' id='word_1_353' title='bbox 2558 1390 3031 1469; x_wconf 40' lang='lat' dir='ltr'><strong>ad‘Acragantem</strong></span> <span class='ocrx_word' id='word_1_354' title='bbox 3095 1389 3319 1442; x_wconf 74' lang='lat' dir='ltr'><strong>ﬂuvium</strong></span> <span class='ocrx_word' id='word_1_355' title='bbox 3363 1391 3695 1459; x_wconf 77' lang='lat' dir='ltr'><strong>pervenisse</strong></span> <span class='ocrx_word' id='word_1_356' title='bbox 3734 1407 3788 1444; x_wconf 86' lang='lat' dir='ltr'><strong>tv</strong></span> <span class='ocrx_word' id='word_1_357' title='bbox 3826 1390 3943 1445; x_wconf 84' lang='lat' dir='ltr'><strong>ldus</strong></span> 
     </span>
    </p>
   </div>
   <div class='ocr_carea' id='block_1_57' title="bbox 2359 1480 3942 1551">
    <p class='ocr_par' dir='ltr' id='par_1_57' title="bbox 2359 1480 3942 1551">
     <span class='ocr_line' id='line_1_57' title="bbox 2359 1480 3942 1551; baseline 0 -16"><span class='ocrx_word' id='word_1_358' title='bbox 2359 1481 2730 1550; x_wconf 89' lang='lat' dir='ltr'><strong>Septembris;</strong></span> <span class='ocrx_word' id='word_1_359' title='bbox 2790 1491 2912 1549; x_wconf 85' lang='lat' dir='ltr'><strong>post.</strong></span> <span class='ocrx_word' id='word_1_360' title='bbox 2981 1481 3095 1533; x_wconf 52' lang='lat' dir='ltr'><strong>haec</strong></span> <span class='ocrx_word' id='word_1_361' title='bbox 3151 1480 3374 1535; x_wconf 77' lang='lat' dir='ltr'><strong>ﬂuvium</strong></span> <span class='ocrx_word' id='word_1_362' title='bbox 3430 1481 3760 1551; x_wconf 84' lang='lat' dir='ltr'><strong>ingressum</strong></span> <span class='ocrx_word' id='word_1_363' title='bbox 3820 1484 3942 1537; x_wconf 83' lang='lat' dir='ltr'><strong>hora</strong></span> 
     </span>
    </p>
   </div>
   <div class='ocr_carea' id='block_1_58' title="bbox 2356 1570 3945 1641">
    <p class='ocr_par' dir='ltr' id='par_1_58' title="bbox 2356 1570 3945 1641">
     <span class='ocr_line' id='line_1_58' title="bbox 2356 1570 3945 1641; baseline -0.001 -15"><span class='ocrx_word' id='word_1_364' title='bbox 2356 1572 2465 1626; x_wconf 91' lang='lat' dir='ltr'><strong>diei</strong></span> <span class='ocrx_word' id='word_1_365' title='bbox 2506 1573 2662 1626; x_wconf 90' lang='lat' dir='ltr'><strong>tertia</strong></span> <span class='ocrx_word' id='word_1_366' title='bbox 2694 1571 2761 1624; x_wconf 89' lang='lat' dir='ltr'><strong>ad</strong></span> <span class='ocrx_word' id='word_1_367' title='bbox 2802 1570 3286 1641; x_wconf 85' lang='lat' dir='ltr'><strong>Agrigentinorum</strong></span> <span class='ocrx_word' id='word_1_368' title='bbox 3334 1574 3674 1641; x_wconf 87' lang='lat' dir='ltr'><strong>emporium,</strong></span> <span class='ocrx_word' id='word_1_369' title='bbox 3698 1590 3814 1641; x_wconf 90' lang='lat' dir='ltr'><strong>quo</strong></span> <span class='ocrx_word' id='word_1_370' title='bbox 3851 1576 3945 1627; x_wconf 79' lang='lat' dir='ltr'><strong>iter</strong></span> 
     </span>
    </p>
   </div>
   <div class='ocr_carea' id='block_1_59' title="bbox 2356 1660 3942 1729">
    <p class='ocr_par' dir='ltr' id='par_1_59' title="bbox 2356 1660 3942 1729">
     <span class='ocr_line' id='line_1_59' title="bbox 2356 1660 3942 1729; baseline 0.001 -16"><span class='ocrx_word' id='word_1_371' title='bbox 2356 1669 2475 1713; x_wconf 90' lang='lat' dir='ltr'><strong>erat</strong></span> <span class='ocrx_word' id='word_1_372' title='bbox 2529 1668 2952 1727; x_wconf 65' lang='lat' dir='ltr'><strong>praeterpropter</strong></span> <span class='ocrx_word' id='word_1_373' title='bbox 3003 1660 3323 1727; x_wconf 88' lang='lat' dir='ltr'><strong>sesquidiei,</strong></span> <span class='ocrx_word' id='word_1_374' title='bbox 3385 1662 3673 1729; x_wconf 88' lang='lat' dir='ltr'><strong>appulisse</strong></span> <span class='ocrx_word' id='word_1_375' title='bbox 3710 1660 3942 1715; x_wconf 82' lang='lat' dir='ltr'><strong>Sabbato</strong></span> 
     </span>
    </p>
   </div>
   <div class='ocr_carea' id='block_1_60' title="bbox 2359 1746 3943 1819">
    <p class='ocr_par' dir='ltr' id='par_1_60' title="bbox 2359 1746 3943 1819">
     <span class='ocr_line' id='line_1_60' title="bbox 2359 1746 3943 1819; baseline 0 -16"><span class='ocrx_word' id='word_1_376' title='bbox 2359 1750 2468 1811; x_wconf 90' lang='lat' dir='ltr'><strong>die,</strong></span> <span class='ocrx_word' id='word_1_377' title='bbox 2512 1751 2613 1803; x_wconf 89' lang='lat' dir='ltr'><strong>hoc</strong></span> <span class='ocrx_word' id='word_1_378' title='bbox 2646 1759 2731 1802; x_wconf 88' lang='lat' dir='ltr'><strong>est</strong></span> <span class='ocrx_word' id='word_1_379' title='bbox 2762 1764 2821 1802; x_wconf 86' lang='grc' dir='ltr'><strong>ιιι</strong></span> <span class='ocrx_word' id='word_1_380' title='bbox 2881 1746 3009 1802; x_wconf 88' lang='lat' dir='ltr'><strong>ldus</strong></span> <span class='ocrx_word' id='word_1_381' title='bbox 3057 1749 3415 1819; x_wconf 86' lang='lat' dir='ltr'><strong>Septembris,</strong></span> <span class='ocrx_word' id='word_1_382' title='bbox 3466 1753 3753 1819; x_wconf 87' lang='lat' dir='ltr'><strong>postridie</strong></span> <span class='ocrx_word' id='word_1_383' title='bbox 3794 1768 3943 1819; x_wconf 84' lang='lat' dir='ltr'><strong>quam</strong></span> 
     </span>
    </p>
   </div>
   <div class='ocr_carea' id='block_1_61' title="bbox 2099 1839 3942 1916">
    <p class='ocr_par' dir='ltr' id='par_1_61' title="bbox 2099 1839 3942 1916">
     <span class='ocr_line' id='line_1_61' title="bbox 2099 1839 3942 1916; baseline -0.003 -16"><span class='ocrx_word' id='word_1_384' title='bbox 2099 1860 2260 1916; x_wconf 65' lang='grc' dir='ltr'><strong>[σει-ξι</strong></span> <span class='ocrx_word' id='word_1_385' title='bbox 2291 1839 2333 1897; x_wconf 86' lang='grc' dir='ltr'><strong>Β</strong></span> <span class='ocrx_word' id='word_1_386' title='bbox 2362 1842 2427 1895; x_wconf 89' lang='lat' dir='ltr'><strong>ad</strong></span> <span class='ocrx_word' id='word_1_387' title='bbox 2452 1840 2812 1908; x_wconf 80' lang='lat' dir='ltr'><strong>Aeragantem</strong></span> <span class='ocrx_word' id='word_1_388' title='bbox 2844 1854 3059 1893; x_wconf 90' lang='lat' dir='ltr'><strong>amnem</strong></span> <span class='ocrx_word' id='word_1_389' title='bbox 3099 1840 3256 1895; x_wconf 74' lang='lat' dir='ltr'><strong>navis</strong></span> <span class='ocrx_word' id='word_1_390' title='bbox 3285 1840 3623 1896; x_wconf 84' lang='lat' dir='ltr'><strong>advenerat:</strong></span> <span class='ocrx_word' id='word_1_391' title='bbox 3663 1859 3784 1897; x_wconf 91' lang='lat' dir='ltr'><strong>non</strong></span> <span class='ocrx_word' id='word_1_392' title='bbox 3813 1846 3942 1896; x_wconf 79' lang='lat' dir='ltr'><strong>enim</strong></span> 
     </span>
    </p>
   </div>
   <div class='ocr_carea' id='block_1_62' title="bbox 2360 1931 3944 2003">
    <p class='ocr_par' dir='ltr' id='par_1_62' title="bbox 2360 1931 3944 2003">
     <span class='ocr_line' id='line_1_62' title="bbox 2360 1931 3944 2003; baseline 0.001 -16"><span class='ocrx_word' id='word_1_393' title='bbox 2360 1948 2507 1988; x_wconf 86' lang='lat' dir='ltr'><strong>unus</strong></span> <span class='ocrx_word' id='word_1_394' title='bbox 2564 1932 2813 2000; x_wconf 88' lang='lat' dir='ltr'><strong>idemque</strong></span> <span class='ocrx_word' id='word_1_395' title='bbox 2866 1931 2985 1986; x_wconf 89' lang='lat' dir='ltr'><strong>dies</strong></span> <span class='ocrx_word' id='word_1_396' title='bbox 3019 1932 3281 2001; x_wconf 89' lang='lat' dir='ltr'><strong>appulsus</strong></span> <span class='ocrx_word' id='word_1_397' title='bbox 3329 1936 3665 2003; x_wconf 82' lang='lat' dir='ltr'><strong>Acragantis</strong></span> <span class='ocrx_word' id='word_1_398' title='bbox 3732 1944 3794 1993; x_wconf 87' lang='lat' dir='ltr'><strong>et</strong></span> <span class='ocrx_word' id='word_1_399' title='bbox 3844 1952 3944 1989; x_wconf 86' lang='lat' dir='ltr'><strong>etn-</strong></span> 
     </span>
    </p>
   </div>
   <div class='ocr_carea' id='block_1_63' title="bbox 2364 2021 3947 2093">
    <p class='ocr_par' dir='ltr' id='par_1_63' title="bbox 2364 2021 3947 2093">
     <span class='ocr_line' id='line_1_63' title="bbox 2364 2021 3947 2093; baseline 0.002 -16"><span class='ocrx_word' id='word_1_400' title='bbox 2364 2023 2541 2093; x_wconf 89' lang='lat' dir='ltr'><strong>porii;</strong></span> <span class='ocrx_word' id='word_1_401' title='bbox 2579 2036 2739 2077; x_wconf 85' lang='lat' dir='ltr'><strong>secus</strong></span> <span class='ocrx_word' id='word_1_402' title='bbox 2778 2021 2923 2076; x_wconf 89' lang='lat' dir='ltr'><strong>enim</strong></span> <span class='ocrx_word' id='word_1_403' title='bbox 2958 2024 3330 2078; x_wconf 87' lang='lat' dir='ltr'><strong>characterem</strong></span> <span class='ocrx_word' id='word_1_404' title='bbox 3380 2024 3947 2080; x_wconf 82' lang='lat' dir='ltr'><strong>Sabbatoindicasset</strong></span> 
     </span>
    </p>
   </div>
   <div class='ocr_carea' id='block_1_64' title="bbox 2363 2111 3946 2183">
    <p class='ocr_par' dir='ltr' id='par_1_64' title="bbox 2363 2111 3946 2183">
     <span class='ocr_line' id='line_1_64' title="bbox 2363 2111 3946 2183; baseline 0.003 -15"><span class='ocrx_word' id='word_1_405' title='bbox 2363 2114 2627 2169; x_wconf 89' lang='lat' dir='ltr'><strong>Leontius</strong></span> <span class='ocrx_word' id='word_1_406' title='bbox 2669 2114 2737 2167; x_wconf 88' lang='lat' dir='ltr'><strong>ad</strong></span> <span class='ocrx_word' id='word_1_407' title='bbox 2777 2128 2829 2167; x_wconf 91' lang='lat' dir='ltr'><strong>tv</strong></span> <span class='ocrx_word' id='word_1_408' title='bbox 2861 2111 2985 2167; x_wconf 90' lang='lat' dir='ltr'><strong>ldus</strong></span> <span class='ocrx_word' id='word_1_409' title='bbox 3038 2114 3399 2183; x_wconf 88' lang='lat' dir='ltr'><strong>Septembris,</strong></span> <span class='ocrx_word' id='word_1_410' title='bbox 3458 2134 3585 2172; x_wconf 87' lang='lat' dir='ltr'><strong>cum</strong></span> <span class='ocrx_word' id='word_1_411' title='bbox 3641 2119 3703 2172; x_wconf 86' lang='lat' dir='ltr'><strong>in</strong></span> <span class='ocrx_word' id='word_1_412' title='bbox 3741 2134 3946 2172; x_wconf 79' lang='lat' dir='ltr'><strong>amoeni</strong></span> 
     </span>
    </p>
   </div>
   <div class='ocr_carea' id='block_1_65' title="bbox 2366 2207 3949 2281">
    <p class='ocr_par' dir='ltr' id='par_1_65' title="bbox 2366 2207 3949 2281">
     <span class='ocr_line' id='line_1_65' title="bbox 2366 2207 3949 2281; baseline 0.002 -20"><span class='ocrx_word' id='word_1_413' title='bbox 2366 2207 2650 2277; x_wconf 85' lang='lat' dir='ltr'><strong>pervenit;</strong></span> <span class='ocrx_word' id='word_1_414' title='bbox 2703 2221 2882 2275; x_wconf 88' lang='lat' dir='ltr'><strong>neque</strong></span> <span class='ocrx_word' id='word_1_415' title='bbox 2928 2216 3069 2273; x_wconf 72' lang='lat' dir='ltr'><strong>erat,</strong></span> <span class='ocrx_word' id='word_1_416' title='bbox 3111 2223 3213 2262; x_wconf 89' lang='lat' dir='ltr'><strong>cur</strong></span> <span class='ocrx_word' id='word_1_417' title='bbox 3260 2217 3375 2262; x_wconf 94' lang='lat' dir='ltr'><strong>tum</strong></span> <span class='ocrx_word' id='word_1_418' title='bbox 3429 2210 3783 2281; x_wconf 86' lang='lat' dir='ltr'><strong>designaret,</strong></span> <span class='ocrx_word' id='word_1_419' title='bbox 3842 2227 3949 2267; x_wconf 83' lang='lat' dir='ltr'><strong>cum</strong></span> 
     </span>
    </p>
   </div>
   <div class='ocr_carea' id='block_1_66' title="bbox 2365 2300 3954 2374">
    <p class='ocr_par' dir='ltr' id='par_1_66' title="bbox 2365 2300 3954 2374">
     <span class='ocr_line' id='line_1_66' title="bbox 2365 2300 3954 2374; baseline 0.004 -21"><span class='ocrx_word' id='word_1_420' title='bbox 2365 2301 2599 2369; x_wconf 89' lang='lat' dir='ltr'><strong>emporii</strong></span> <span class='ocrx_word' id='word_1_421' title='bbox 2668 2300 2820 2353; x_wconf 91' lang='lat' dir='ltr'><strong>littus</strong></span> <span class='ocrx_word' id='word_1_422' title='bbox 2894 2300 3095 2369; x_wconf 87' lang='lat' dir='ltr'><strong>attigit,</strong></span> <span class='ocrx_word' id='word_1_423' title='bbox 3158 2303 3387 2370; x_wconf 86' lang='lat' dir='ltr'><strong>perinde</strong></span> <span class='ocrx_word' id='word_1_424' title='bbox 3434 2318 3502 2357; x_wconf 90' lang='lat' dir='ltr'><strong>ac</strong></span> <span class='ocrx_word' id='word_1_425' title='bbox 3548 2319 3620 2358; x_wconf 89' lang='lat' dir='ltr'><strong>eo</strong></span> <span class='ocrx_word' id='word_1_426' title='bbox 3671 2306 3796 2368; x_wconf 87' lang='lat' dir='ltr'><strong>die,</strong></span> <span class='ocrx_word' id='word_1_427' title='bbox 3837 2307 3954 2374; x_wconf 86' lang='lat' dir='ltr'><strong>quia</strong></span> 
     </span>
    </p>
   </div>
   <div class='ocr_carea' id='block_1_67' title="bbox 2368 2389 3954 2467">
    <p class='ocr_par' dir='ltr' id='par_1_67' title="bbox 2368 2389 3954 2467">
     <span class='ocr_line' id='line_1_67' title="bbox 2368 2389 3954 2467; baseline 0.004 -22"><span class='ocrx_word' id='word_1_428' title='bbox 2368 2389 2694 2453; x_wconf 89' lang='lat' dir='ltr'><strong>Sabbatum,</strong></span> <span class='ocrx_word' id='word_1_429' title='bbox 2725 2392 2950 2461; x_wconf 86' lang='lat' dir='ltr'><strong>dignum</strong></span> <span class='ocrx_word' id='word_1_430' title='bbox 2985 2392 3290 2463; x_wconf 89' lang='lat' dir='ltr'><strong>quidpiam,</strong></span> <span class='ocrx_word' id='word_1_431' title='bbox 3342 2394 3488 2465; x_wconf 90' lang='lat' dir='ltr'><strong>quod</strong></span> <span class='ocrx_word' id='word_1_432' title='bbox 3519 2396 3736 2453; x_wconf 88' lang='lat' dir='ltr'><strong>litteris</strong></span> <span class='ocrx_word' id='word_1_433' title='bbox 3766 2400 3954 2467; x_wconf 67' lang='lat' dir='ltr'><strong>proje-</strong></span> 
     </span>
    </p>
   </div>
   <div class='ocr_carea' id='block_1_68' title="bbox 2372 2483 3959 2557">
    <p class='ocr_par' dir='ltr' id='par_1_68' title="bbox 2372 2483 3959 2557">
     <span class='ocr_line' id='line_1_68' title="bbox 2372 2483 3959 2557; baseline 0.004 -20"><span class='ocrx_word' id='word_1_434' title='bbox 2372 2493 2539 2547; x_wconf 67' lang='lat' dir='ltr'><strong>rttur,</strong></span> <span class='ocrx_word' id='word_1_435' title='bbox 2581 2484 2833 2551; x_wconf 86' lang='lat' dir='ltr'><strong>gesserit.</strong></span> <span class='ocrx_word' id='word_1_436' title='bbox 2895 2483 2971 2537; x_wconf 85' lang='lat' dir='ltr'><strong>Eu</strong></span> <span class='ocrx_word' id='word_1_437' title='bbox 3032 2484 3239 2541; x_wconf 88' lang='lat' dir='ltr'><strong>Leontii</strong></span> <span class='ocrx_word' id='word_1_438' title='bbox 3282 2489 3447 2542; x_wconf 87' lang='lat' dir='ltr'><strong>verba</strong></span> <span class='ocrx_word' id='word_1_439' title='bbox 3520 2498 3697 2557; x_wconf 77' lang='lat' dir='ltr'><strong>prout</strong></span> <span class='ocrx_word' id='word_1_440' title='bbox 3775 2489 3959 2545; x_wconf 82' lang='lat' dir='ltr'><strong>Latine</strong></span> 
     </span>
    </p>
   </div>
   <div class='ocr_carea' id='block_1_69' title="bbox 2372 2574 3961 2650">
    <p class='ocr_par' dir='ltr' id='par_1_69' title="bbox 2372 2574 3961 2650">
     <span class='ocr_line' id='line_1_69' title="bbox 2372 2574 3961 2650; baseline 0.004 -20"><span class='ocrx_word' id='word_1_441' title='bbox 2372 2591 2527 2630; x_wconf 81' lang='lat' dir='ltr'><strong>versa</strong></span> <span class='ocrx_word' id='word_1_442' title='bbox 2555 2574 2749 2629; x_wconf 79' lang='lat' dir='ltr'><strong>:Roma</strong></span> <span class='ocrx_word' id='word_1_443' title='bbox 2773 2578 2935 2645; x_wconf 80' lang='lat' dir='ltr'><strong>igitur</strong></span> <span class='ocrx_word' id='word_1_444' title='bbox 2956 2582 3199 2647; x_wconf 68' lang='lat' dir='ltr'><strong>protecti,</strong></span> <span class='ocrx_word' id='word_1_445' title='bbox 3222 2589 3376 2649; x_wconf 84' lang='lat' dir='ltr'><strong>atque</strong></span> <span class='ocrx_word' id='word_1_446' title='bbox 3400 2583 3453 2633; x_wconf 85' lang='lat' dir='ltr'><strong>in</strong></span> <span class='ocrx_word' id='word_1_447' title='bbox 3484 2581 3742 2635; x_wconf 78' lang='lat' dir='ltr'><strong>Siciliam</strong></span> <span class='ocrx_word' id='word_1_448' title='bbox 3759 2585 3961 2650; x_wconf 72' lang='lat' dir='ltr'><strong>appulsi</strong></span> 
     </span>
    </p>
   </div>
   <div class='ocr_carea' id='block_1_70' title="bbox 2392 2668 3961 2739">
    <p class='ocr_par' dir='ltr' id='par_1_70' title="bbox 2392 2668 3961 2739">
     <span class='ocr_line' id='line_1_70' title="bbox 2392 2668 3961 2739; baseline 0.005 -19"><span class='ocrx_word' id='word_1_449' title='bbox 2392 2668 2714 2737; x_wconf 72' lang='lat' dir='ltr'><strong>igrigentum</strong></span> <span class='ocrx_word' id='word_1_450' title='bbox 2769 2669 2979 2720; x_wconf 81' lang='lat' dir='ltr'><strong>veniunt</strong></span> <span class='ocrx_word' id='word_1_451' title='bbox 3038 2685 3090 2723; x_wconf 87' lang='lat' dir='ltr'><strong>tv</strong></span> <span class='ocrx_word' id='word_1_452' title='bbox 3146 2669 3280 2723; x_wconf 83' lang='lat' dir='ltr'><strong>ldus</strong></span> <span class='ocrx_word' id='word_1_453' title='bbox 3334 2670 3699 2739; x_wconf 78' lang='lat' dir='ltr'><strong>Septembris;</strong></span> <span class='ocrx_word' id='word_1_454' title='bbox 3734 2676 3818 2726; x_wconf 87' lang='lat' dir='ltr'><strong>sic</strong></span> <span class='ocrx_word' id='word_1_455' title='bbox 3852 2692 3961 2728; x_wconf 73' lang='lat' dir='ltr'><strong>rere</strong></span> 
     </span>
    </p>
   </div>
   <div class='ocr_carea' id='block_1_71' title="bbox 2372 2759 3961 2832">
    <p class='ocr_par' dir='ltr' id='par_1_71' title="bbox 2372 2759 3961 2832">
     <span class='ocr_line' id='line_1_71' title="bbox 2372 2759 3961 2832; baseline 0.003 -19"><span class='ocrx_word' id='word_1_456' title='bbox 2372 2760 2571 2813; x_wconf 81' lang='lat' dir='ltr'><strong>volente</strong></span> <span class='ocrx_word' id='word_1_457' title='bbox 2618 2759 2747 2821; x_wconf 87' lang='lat' dir='ltr'><strong>Deo,</strong></span> <span class='ocrx_word' id='word_1_458' title='bbox 2794 2762 2882 2830; x_wconf 85' lang='lat' dir='ltr'><strong>qui</strong></span> <span class='ocrx_word' id='word_1_459' title='bbox 2913 2775 3113 2827; x_wconf 82' lang='lat' dir='ltr'><strong>semper</strong></span> <span class='ocrx_word' id='word_1_460' title='bbox 3159 2771 3209 2814; x_wconf 80' lang='lat' dir='ltr'><strong>et</strong></span> <span class='ocrx_word' id='word_1_461' title='bbox 3248 2772 3503 2823; x_wconf 81' lang='lat' dir='ltr'><strong>servarat,</strong></span> <span class='ocrx_word' id='word_1_462' title='bbox 3547 2775 3601 2816; x_wconf 81' lang='lat' dir='ltr'><strong>et</strong></span> <span class='ocrx_word' id='word_1_463' title='bbox 3653 2765 3961 2832; x_wconf 62' lang='lat' dir='ltr'><strong>adjuverat,</strong></span> 
     </span>
    </p>
   </div>
   <div class='ocr_carea' id='block_1_72' title="bbox 2374 2850 3967 2921">
    <p class='ocr_par' dir='ltr' id='par_1_72' title="bbox 2374 2850 3967 2921">
     <span class='ocr_line' id='line_1_72' title="bbox 2374 2850 3967 2921; baseline 0.003 -19"><span class='ocrx_word' id='word_1_464' title='bbox 2374 2851 2589 2921; x_wconf 76' lang='lat' dir='ltr'><strong>ﬂuvium</strong></span> <span class='ocrx_word' id='word_1_465' title='bbox 2621 2852 2799 2903; x_wconf 84' lang='lat' dir='ltr'><strong>ineunt</strong></span> <span class='ocrx_word' id='word_1_466' title='bbox 2835 2852 2890 2903; x_wconf 81' lang='lat' dir='ltr'><strong>iit</strong></span> <span class='ocrx_word' id='word_1_467' title='bbox 2950 2850 3277 2916; x_wconf 80' lang='lat' dir='ltr'><strong>suburbium,</strong></span> <span class='ocrx_word' id='word_1_468' title='bbox 3333 2852 3471 2920; x_wconf 87' lang='lat' dir='ltr'><strong>quod</strong></span> <span class='ocrx_word' id='word_1_469' title='bbox 3504 2856 3815 2920; x_wconf 74' lang='lat' dir='ltr'><strong>emporium</strong></span> <span class='ocrx_word' id='word_1_470' title='bbox 3844 2856 3967 2907; x_wconf 83' lang='lat' dir='ltr'><strong>dici-</strong></span> 
     </span>
    </p>
   </div>
   <div class='ocr_carea' id='block_1_73' title="bbox 2379 2939 3964 3007">
    <p class='ocr_par' dir='ltr' id='par_1_73' title="bbox 2379 2939 3964 3007">
     <span class='ocr_line' id='line_1_73' title="bbox 2379 2939 3964 3007; baseline 0.001 -15"><span class='ocrx_word' id='word_1_471' title='bbox 2379 2951 2488 3005; x_wconf 85' lang='lat' dir='ltr'><strong>tur,</strong></span> <span class='ocrx_word' id='word_1_472' title='bbox 2517 2939 2585 2991; x_wconf 78' lang='grc' dir='ltr'>σά</span> <span class='ocrx_word' id='word_1_473' title='bbox 2624 2941 2831 2992; x_wconf 87' lang='lat' dir='ltr'><strong>tertiam</strong></span> <span class='ocrx_word' id='word_1_474' title='bbox 2868 2940 2972 2991; x_wconf 81' lang='lat' dir='ltr'><strong>diei</strong></span> <span class='ocrx_word' id='word_1_475' title='bbox 2999 2939 3223 2991; x_wconf 79' lang='lat' dir='ltr'><strong>horam:</strong></span> <span class='ocrx_word' id='word_1_476' title='bbox 3280 2950 3394 2992; x_wconf 86' lang='lat' dir='ltr'><strong>erat</strong></span> <span class='ocrx_word' id='word_1_477' title='bbox 3435 2956 3595 3007; x_wconf 84' lang='lat' dir='ltr'><strong>porro</strong></span> <span class='ocrx_word' id='word_1_478' title='bbox 3643 2940 3964 3005; x_wconf 63' lang='lat' dir='ltr'><strong>Sabbura,</strong></span> 
     </span>
    </p>
   </div>
   <div class='ocr_carea' id='block_1_74' title="bbox 2377 3028 3968 3104">
    <p class='ocr_par' dir='ltr' id='par_1_74' title="bbox 2377 3028 3968 3104">
     <span class='ocr_line' id='line_1_74' title="bbox 2377 3028 3968 3104; baseline 0.002 -20"><span class='ocrx_word' id='word_1_479' title='bbox 2377 3048 2495 3084; x_wconf 87' lang='lat' dir='ltr'><strong>cum</strong></span> <span class='ocrx_word' id='word_1_480' title='bbox 2523 3031 2650 3083; x_wconf 85' lang='lat' dir='ltr'><strong>illuc</strong></span> <span class='ocrx_word' id='word_1_481' title='bbox 2706 3031 2972 3100; x_wconf 87' lang='lat' dir='ltr'><strong>appulere.</strong></span> <span class='ocrx_word' id='word_1_482' title='bbox 3028 3028 3149 3083; x_wconf 80' lang='lat' dir='ltr'><strong>Jam</strong></span> <span class='ocrx_word' id='word_1_483' title='bbox 3189 3046 3322 3085; x_wconf 87' lang='lat' dir='ltr'><strong>vero</strong></span> <span class='ocrx_word' id='word_1_484' title='bbox 3374 3032 3443 3084; x_wconf 90' lang='lat' dir='ltr'><strong>ab</strong></span> <span class='ocrx_word' id='word_1_485' title='bbox 3466 3047 3621 3084; x_wconf 91' lang='lat' dir='ltr'><strong>anno</strong></span> <span class='ocrx_word' id='word_1_486' title='bbox 3682 3034 3822 3095; x_wconf 65' lang='lat'><strong>554,</strong></span> <span class='ocrx_word' id='word_1_487' title='bbox 3878 3036 3968 3104; x_wconf 84' lang='lat' dir='ltr'><strong>qui</strong></span> 
     </span>
    </p>
   </div>
   <div class='ocr_carea' id='block_1_75' title="bbox 2378 3123 3969 3193">
    <p class='ocr_par' dir='ltr' id='par_1_75' title="bbox 2378 3123 3969 3193">
     <span class='ocr_line' id='line_1_75' title="bbox 2378 3123 3969 3193; baseline 0.001 -15"><span class='ocrx_word' id='word_1_488' title='bbox 2378 3123 2773 3178; x_wconf 71' lang='lat' dir='ltr'><strong>meumenieam</strong></span> <span class='ocrx_word' id='word_1_489' title='bbox 2810 3138 2843 3176; x_wconf 90' lang='lat' dir='ltr'><strong>v</strong></span> <span class='ocrx_word' id='word_1_490' title='bbox 2881 3123 3147 3193; x_wconf 82' lang='lat' dir='ltr'><strong>synodum</strong></span> <span class='ocrx_word' id='word_1_491' title='bbox 3173 3133 3415 3189; x_wconf 89' lang='lat' dir='ltr'><strong>secutus,</strong></span> <span class='ocrx_word' id='word_1_492' title='bbox 3450 3123 3519 3176; x_wconf 91' lang='lat' dir='ltr'><strong>ad</strong></span> <span class='ocrx_word' id='word_1_493' title='bbox 3547 3124 3681 3187; x_wconf 82' lang='lat'><strong>565,</strong></span> <span class='ocrx_word' id='word_1_494' title='bbox 3712 3127 3969 3179; x_wconf 83' lang='lat' dir='ltr'><strong>ultitauut</strong></span> 
     </span>
    </p>
   </div>
   <div class='ocr_carea' id='block_1_76' title="bbox 2377 3206 3969 3283">
    <p class='ocr_par' dir='ltr' id='par_1_76' title="bbox 2377 3206 3969 3283">
     <span class='ocr_line' id='line_1_76' title="bbox 2377 3206 3969 3283; baseline 0.001 -15"><span class='ocrx_word' id='word_1_495' title='bbox 2377 3212 2668 3268; x_wconf 65' lang='lat' dir='ltr'><strong>Iustiniani</strong></span> <span class='ocrx_word' id='word_1_496' title='bbox 2702 3206 2720 3265; x_wconf 92' lang='lat' dir='ltr'><strong>l</strong></span> <span class='ocrx_word' id='word_1_497' title='bbox 2759 3214 2921 3281; x_wconf 83' lang='lat' dir='ltr'><strong>Aug.,</strong></span> <span class='ocrx_word' id='word_1_498' title='bbox 2952 3230 3008 3267; x_wconf 67' lang='grc' dir='ltr'><strong>ιι</strong></span> <span class='ocrx_word' id='word_1_499' title='bbox 3042 3213 3381 3283; x_wconf 83' lang='lat' dir='ltr'><strong>Septembris</strong></span> <span class='ocrx_word' id='word_1_500' title='bbox 3407 3216 3525 3270; x_wconf 85' lang='lat' dir='ltr'><strong>dies</strong></span> <span class='ocrx_word' id='word_1_501' title='bbox 3562 3216 3619 3269; x_wconf 90' lang='lat' dir='ltr'><strong>in</strong></span> <span class='ocrx_word' id='word_1_502' title='bbox 3659 3217 3969 3270; x_wconf 86' lang='lat' dir='ltr'><strong>Sabbatum</strong></span> 
     </span>
    </p>
   </div>
   <div class='ocr_carea' id='block_1_77' title="bbox 2381 3304 3969 3369">
    <p class='ocr_par' dir='ltr' id='par_1_77' title="bbox 2381 3304 3969 3369">
     <span class='ocr_line' id='line_1_77' title="bbox 2381 3304 3969 3369; baseline 0.001 -10"><span class='ocrx_word' id='word_1_503' title='bbox 2381 3306 2613 3359; x_wconf 84' lang='lat' dir='ltr'><strong>incurrit</strong></span> <span class='ocrx_word' id='word_1_504' title='bbox 2642 3305 2804 3358; x_wconf 87' lang='lat' dir='ltr'><strong>anuis</strong></span> <span class='ocrx_word' id='word_1_505' title='bbox 2832 3304 2937 3358; x_wconf 86' lang='lat'><strong>555</strong></span> <span class='ocrx_word' id='word_1_506' title='bbox 2966 3313 3019 3358; x_wconf 91' lang='lat' dir='ltr'><strong>et</strong></span> <span class='ocrx_word' id='word_1_507' title='bbox 3058 3304 3199 3369; x_wconf 80' lang='lat'><strong>560;</strong></span> <span class='ocrx_word' id='word_1_508' title='bbox 3245 3321 3390 3358; x_wconf 88' lang='lat' dir='ltr'><strong>anno</strong></span> <span class='ocrx_word' id='word_1_509' title='bbox 3423 3308 3571 3359; x_wconf 87' lang='lat' dir='ltr'><strong>enim</strong></span> <span class='ocrx_word' id='word_1_510' title='bbox 3629 3308 3745 3360; x_wconf 84' lang='lat'><strong>555</strong></span> <span class='ocrx_word' id='word_1_511' title='bbox 3782 3324 3814 3361; x_wconf 92' lang='lat' dir='ltr'><strong>a</strong></span> <span class='ocrx_word' id='word_1_512' title='bbox 3854 3306 3969 3360; x_wconf 77' lang='lat' dir='ltr'><strong>Kal.</strong></span> 
     </span>
    </p>
   </div>
   <div class='ocr_carea' id='block_1_78' title="bbox 2379 3396 3970 3469">
    <p class='ocr_par' dir='ltr' id='par_1_78' title="bbox 2379 3396 3970 3469">
     <span class='ocr_line' id='line_1_78' title="bbox 2379 3396 3970 3469; baseline -0.001 -17"><span class='ocrx_word' id='word_1_513' title='bbox 2379 3396 2659 3452; x_wconf 81' lang='lat' dir='ltr'><strong>Januariis</strong></span> <span class='ocrx_word' id='word_1_514' title='bbox 2696 3398 2968 3469; x_wconf 86' lang='lat' dir='ltr'><strong>iniiteycli</strong></span> <span class='ocrx_word' id='word_1_515' title='bbox 3009 3397 3209 3451; x_wconf 89' lang='lat' dir='ltr'><strong>solaris</strong></span> <span class='ocrx_word' id='word_1_516' title='bbox 3230 3412 3407 3451; x_wconf 78' lang='lat' dir='ltr'><strong>annus</strong></span> <span class='ocrx_word' id='word_1_517' title='bbox 3429 3400 3481 3463; x_wconf 78' lang='grc'><strong>4,</strong></span> <span class='ocrx_word' id='word_1_518' title='bbox 3516 3397 3765 3468; x_wconf 85' lang='lat' dir='ltr'><strong>ideoque</strong></span> <span class='ocrx_word' id='word_1_519' title='bbox 3800 3402 3970 3453; x_wconf 82' lang='lat' dir='ltr'><strong>littera</strong></span> 
     </span>
    </p>
   </div>
   <div class='ocr_carea' id='block_1_79' title="bbox 2385 3488 3977 3559">
    <p class='ocr_par' dir='ltr' id='par_1_79' title="bbox 2385 3488 3977 3559">
     <span class='ocr_line' id='line_1_79' title="bbox 2385 3488 3977 3559; baseline 0 -16"><span class='ocrx_word' id='word_1_520' title='bbox 2385 3490 2735 3545; x_wconf 85' lang='lat' dir='ltr'><strong>Dotninicalis</strong></span> <span class='ocrx_word' id='word_1_521' title='bbox 2757 3490 2795 3541; x_wconf 91' lang='lat' dir='ltr'>D</span> <span class='ocrx_word' id='word_1_522' title='bbox 2822 3507 2837 3555; x_wconf 88' lang='lat'><strong>;</strong></span> <span class='ocrx_word' id='word_1_523' title='bbox 2869 3505 3016 3543; x_wconf 90' lang='lat' dir='ltr'><strong>anno</strong></span> <span class='ocrx_word' id='word_1_524' title='bbox 3036 3488 3165 3554; x_wconf 82' lang='lat'><strong>560,</strong></span> <span class='ocrx_word' id='word_1_525' title='bbox 3185 3490 3324 3559; x_wconf 81' lang='lat' dir='ltr'><strong>cycli</strong></span> <span class='ocrx_word' id='word_1_526' title='bbox 3359 3490 3555 3544; x_wconf 88' lang='lat' dir='ltr'><strong>solaris</strong></span> <span class='ocrx_word' id='word_1_527' title='bbox 3577 3506 3770 3544; x_wconf 87' lang='lat' dir='ltr'><strong>annos</strong></span> <span class='ocrx_word' id='word_1_528' title='bbox 3799 3494 3857 3555; x_wconf 89' lang='lat'><strong>9,</strong></span> <span class='ocrx_word' id='word_1_529' title='bbox 3893 3492 3977 3544; x_wconf 84' lang='lat' dir='ltr'><strong>lit-</strong></span> 
     </span>
    </p>
   </div>
   <div class='ocr_carea' id='block_1_80' title="bbox 2384 3577 3977 3647">
    <p class='ocr_par' dir='ltr' id='par_1_80' title="bbox 2384 3577 3977 3647">
     <span class='ocr_line' id='line_1_80' title="bbox 2384 3577 3977 3647; baseline 0 -13"><span class='ocrx_word' id='word_1_530' title='bbox 2384 3589 2497 3634; x_wconf 89' lang='lat' dir='ltr'><strong>tera</strong></span> <span class='ocrx_word' id='word_1_531' title='bbox 2532 3577 2942 3632; x_wconf 85' lang='lat' dir='ltr'><strong>Dominicalisl)</strong></span> <span class='ocrx_word' id='word_1_532' title='bbox 2966 3577 3041 3644; x_wconf 87' lang='lat' dir='ltr'><strong>C;</strong></span> <span class='ocrx_word' id='word_1_533' title='bbox 3068 3593 3243 3647; x_wconf 75' lang='lat' dir='ltr'><strong>coque</strong></span> <span class='ocrx_word' id='word_1_534' title='bbox 3271 3579 3450 3634; x_wconf 85' lang='lat' dir='ltr'><strong>disces</strong></span> <span class='ocrx_word' id='word_1_535' title='bbox 3493 3582 3894 3635; x_wconf 77' lang='lat' dir='ltr'><strong>characterem</strong></span> <span class='ocrx_word' id='word_1_536' title='bbox 3929 3596 3977 3634; x_wconf 78' lang='grc' dir='ltr'><strong>ιι</strong></span> 
     </span>
    </p>
   </div>
   <div class='ocr_carea' id='block_1_81' title="bbox 2384 3669 3978 3739">
    <p class='ocr_par' dir='ltr' id='par_1_81' title="bbox 2384 3669 3978 3739">
     <span class='ocr_line' id='line_1_81' title="bbox 2384 3669 3978 3739; baseline -0.001 -14"><span class='ocrx_word' id='word_1_537' title='bbox 2384 3670 2490 3725; x_wconf 88' lang='lat' dir='ltr'><strong>diei</strong></span> <span class='ocrx_word' id='word_1_538' title='bbox 2506 3670 2841 3739; x_wconf 79' lang='lat' dir='ltr'><strong>Septembris</strong></span> <span class='ocrx_word' id='word_1_539' title='bbox 2860 3669 3032 3723; x_wconf 73' lang='lat' dir='ltr'><strong>fuisse</strong></span> <span class='ocrx_word' id='word_1_540' title='bbox 3056 3670 3245 3723; x_wconf 82' lang='lat' dir='ltr'><strong>l‘eriam</strong></span> <span class='ocrx_word' id='word_1_541' title='bbox 3264 3669 3314 3722; x_wconf 89' lang='grc'><strong>7.</strong></span> <span class='ocrx_word' id='word_1_542' title='bbox 3343 3670 3409 3721; x_wconf 83' lang='grc' dir='ltr'><strong>Αι</strong></span> <span class='ocrx_word' id='word_1_543' title='bbox 3436 3685 3615 3723; x_wconf 89' lang='lat' dir='ltr'><strong>annos</strong></span> <span class='ocrx_word' id='word_1_544' title='bbox 3635 3671 3750 3724; x_wconf 89' lang='lat'><strong>555</strong></span> <span class='ocrx_word' id='word_1_545' title='bbox 3774 3673 3849 3724; x_wconf 85' lang='lat' dir='ltr'><strong>ad</strong></span> <span class='ocrx_word' id='word_1_546' title='bbox 3872 3687 3978 3723; x_wconf 78' lang='lat' dir='ltr'><strong>rem</strong></span> 
     </span>
    </p>
   </div>
   <div class='ocr_carea' id='block_1_82' title="bbox 2387 3757 3978 3830">
    <p class='ocr_par' dir='ltr' id='par_1_82' title="bbox 2387 3757 3978 3830">
     <span class='ocr_line' id='line_1_82' title="bbox 2387 3757 3978 3830; baseline 0.001 -17"><span class='ocrx_word' id='word_1_547' title='bbox 2387 3776 2497 3814; x_wconf 87' lang='lat' dir='ltr'><strong>non</strong></span> <span class='ocrx_word' id='word_1_548' title='bbox 2530 3768 2634 3821; x_wconf 90' lang='lat' dir='ltr'><strong>est,</strong></span> <span class='ocrx_word' id='word_1_549' title='bbox 2655 3769 2766 3811; x_wconf 91' lang='lat' dir='ltr'><strong>tttm</strong></span> <span class='ocrx_word' id='word_1_550' title='bbox 2794 3759 2938 3826; x_wconf 92' lang='lat' dir='ltr'><strong>quod</strong></span> <span class='ocrx_word' id='word_1_551' title='bbox 2972 3757 3295 3827; x_wconf 87' lang='lat' dir='ltr'><strong>Gregorium</strong></span> <span class='ocrx_word' id='word_1_552' title='bbox 3344 3760 3445 3812; x_wconf 91' lang='lat' dir='ltr'><strong>hoc</strong></span> <span class='ocrx_word' id='word_1_553' title='bbox 3471 3776 3620 3813; x_wconf 88' lang='lat' dir='ltr'><strong>anno</strong></span> <span class='ocrx_word' id='word_1_554' title='bbox 3649 3763 3978 3830; x_wconf 86' lang='lat' dir='ltr'><strong>episcopum</strong></span> 
     </span>
    </p>
   </div>
   <div class='ocr_carea' id='block_1_83' title="bbox 2388 3850 3979 3923">
    <p class='ocr_par' dir='ltr' id='par_1_83' title="bbox 2388 3850 3979 3923">
     <span class='ocr_line' id='line_1_83' title="bbox 2388 3850 3979 3923; baseline -0.001 -18"><span class='ocrx_word' id='word_1_555' title='bbox 2388 3853 2777 3920; x_wconf 87' lang='lat' dir='ltr'><strong>inauguratttm</strong></span> <span class='ocrx_word' id='word_1_556' title='bbox 2817 3850 3301 3918; x_wconf 80' lang='lat' dir='ltr'><strong>putatGajetauus,</strong></span> <span class='ocrx_word' id='word_1_557' title='bbox 3326 3860 3441 3902; x_wconf 93' lang='lat' dir='ltr'><strong>tum</strong></span> <span class='ocrx_word' id='word_1_558' title='bbox 3479 3852 3628 3918; x_wconf 90' lang='lat' dir='ltr'><strong>quod</strong></span> <span class='ocrx_word' id='word_1_559' title='bbox 3663 3867 3695 3904; x_wconf 88' lang='lat' dir='ltr'><strong>a</strong></span> <span class='ocrx_word' id='word_1_560' title='bbox 3726 3852 3979 3923; x_wconf 65' lang='lat' dir='ltr'><strong>Gregorii</strong></span> 
     </span>
    </p>
   </div>
   <div class='ocr_carea' id='block_1_84' title="bbox 2389 3939 3980 3999">
    <p class='ocr_par' dir='ltr' id='par_1_84' title="bbox 2389 3939 3980 3999">
     <span class='ocr_line' id='line_1_84' title="bbox 2389 3939 3980 3999; baseline 0.001 -2"><span class='ocrx_word' id='word_1_561' title='bbox 2389 3943 2654 3999; x_wconf 88' lang='lat' dir='ltr'><strong>Romanis</strong></span> <span class='ocrx_word' id='word_1_562' title='bbox 2691 3943 2927 3997; x_wconf 81' lang='lat' dir='ltr'><strong>vinculis</strong></span> <span class='ocrx_word' id='word_1_563' title='bbox 2964 3943 3030 3997; x_wconf 91' lang='lat' dir='ltr'><strong>ad</strong></span> <span class='ocrx_word' id='word_1_564' title='bbox 3066 3943 3299 3996; x_wconf 89' lang='lat' dir='ltr'><strong>reditum</strong></span> <span class='ocrx_word' id='word_1_565' title='bbox 3337 3941 3594 3996; x_wconf 65' lang='lat' dir='ltr'><strong>Ecelesim</strong></span> <span class='ocrx_word' id='word_1_566' title='bbox 3648 3939 3773 3999; x_wconf 70' lang='lat' dir='ltr'><strong>sua:</strong></span> <span class='ocrx_word' id='word_1_567' title='bbox 3802 3946 3980 3999; x_wconf 60' lang='lat' dir='ltr'><strong>aunii.</strong></span> 
     </span>
    </p>
   </div>
   <div class='ocr_carea' id='block_1_85' title="bbox 2389 4032 3985 4100">
    <p class='ocr_par' dir='ltr' id='par_1_85' title="bbox 2389 4032 3985 4100">
     <span class='ocr_line' id='line_1_85' title="bbox 2389 4032 3985 4100; baseline 0 -10"><span class='ocrx_word' id='word_1_568' title='bbox 2389 4034 2823 4097; x_wconf 76' lang='lat' dir='ltr'><strong>intercesserint,</strong></span> <span class='ocrx_word' id='word_1_569' title='bbox 2891 4032 3169 4100; x_wconf 87' lang='lat' dir='ltr'><strong>simulque</strong></span> <span class='ocrx_word' id='word_1_570' title='bbox 3234 4041 3448 4085; x_wconf 90' lang='lat' dir='ltr'><strong>certum</strong></span> <span class='ocrx_word' id='word_1_571' title='bbox 3505 4032 3671 4096; x_wconf 82' lang='lat' dir='ltr'><strong>illud,</strong></span> <span class='ocrx_word' id='word_1_572' title='bbox 3738 4037 3985 4090; x_wconf 77' lang='lat' dir='ltr'><strong>audiisse</strong></span> 
     </span>
    </p>
   </div>
   <div class='ocr_carea' id='block_1_86' title="bbox 2391 4124 3986 4196">
    <p class='ocr_par' dir='ltr' id='par_1_86' title="bbox 2391 4124 3986 4196">
     <span class='ocr_line' id='line_1_86' title="bbox 2391 4124 3986 4196; baseline -0.008 -16"><span class='ocrx_word' id='word_1_573' title='bbox 2391 4126 2714 4196; x_wconf 87' lang='lat' dir='ltr'><strong>Gregorium</strong></span> <span class='ocrx_word' id='word_1_574' title='bbox 2762 4124 3245 4194; x_wconf 81' lang='lat' dir='ltr'><strong>Agrigentinorum</strong></span> <span class='ocrx_word' id='word_1_575' title='bbox 3302 4125 3623 4191; x_wconf 87' lang='lat' dir='ltr'><strong>episcopum</strong></span> <span class='ocrx_word' id='word_1_576' title='bbox 3669 4136 3804 4193; x_wconf 85' lang='lat' dir='ltr'><strong>post</strong></span> <span class='ocrx_word' id='word_1_577' title='bbox 3836 4141 3986 4180; x_wconf 69' lang='lat' dir='ltr'><strong>(neu-</strong></span> 
     </span>
    </p>
   </div>
   <div class='ocr_carea' id='block_1_87' title="bbox 2391 4212 3983 4285">
    <p class='ocr_par' dir='ltr' id='par_1_87' title="bbox 2391 4212 3983 4285">
     <span class='ocr_line' id='line_1_87' title="bbox 2391 4212 3983 4285; baseline -0.001 -14"><span class='ocrx_word' id='word_1_578' title='bbox 2391 4212 2661 4272; x_wconf 84' lang='lat' dir='ltr'><strong>tuenicam</strong></span> <span class='ocrx_word' id='word_1_579' title='bbox 2700 4216 2970 4285; x_wconf 84' lang='lat' dir='ltr'><strong>synodum</strong></span> <span class='ocrx_word' id='word_1_580' title='bbox 3000 4213 3703 4279; x_wconf 84' lang='lat' dir='ltr'><strong>Constatttiuopolitauatu,</strong></span> <span class='ocrx_word' id='word_1_581' title='bbox 3734 4216 3849 4270; x_wconf 83' lang='lat' dir='ltr'><strong>hoc</strong></span> <span class='ocrx_word' id='word_1_582' title='bbox 3889 4230 3983 4279; x_wconf 84' lang='lat' dir='ltr'><strong>est,</strong></span> 
     </span>
    </p>
   </div>
   <div class='ocr_carea' id='block_1_88' title="bbox 2394 4304 3986 4379">
    <p class='ocr_par' dir='ltr' id='par_1_88' title="bbox 2394 4304 3986 4379">
     <span class='ocr_line' id='line_1_88' title="bbox 2394 4304 3986 4379; baseline 0 -18"><span class='ocrx_word' id='word_1_583' title='bbox 2394 4309 2557 4379; x_wconf 91' lang='lat' dir='ltr'><strong>paulo</strong></span> <span class='ocrx_word' id='word_1_584' title='bbox 2587 4316 2705 4376; x_wconf 89' lang='lat' dir='ltr'><strong>post</strong></span> <span class='ocrx_word' id='word_1_585' title='bbox 2755 4322 2960 4359; x_wconf 88' lang='lat' dir='ltr'><strong>annum</strong></span> <span class='ocrx_word' id='word_1_586' title='bbox 3031 4306 3157 4370; x_wconf 75' lang='lat'><strong>555,</strong></span> <span class='ocrx_word' id='word_1_587' title='bbox 3196 4319 3293 4374; x_wconf 87' lang='lat' dir='ltr'><strong>pro</strong></span> <span class='ocrx_word' id='word_1_588' title='bbox 3332 4304 3578 4370; x_wconf 72' lang='lat' dir='ltr'><strong>Gaietani</strong></span> <span class='ocrx_word' id='word_1_589' title='bbox 3617 4310 3933 4371; x_wconf 88' lang='lat' dir='ltr'><strong>sententia,</strong></span> <span class='ocrx_word' id='word_1_590' title='bbox 3961 4326 3986 4361; x_wconf 83' lang='lat' dir='ltr'><strong>a</strong></span> 
     </span>
    </p>
   </div>
   <div class='ocr_carea' id='block_1_89' title="bbox 2396 4394 3990 4467">
    <p class='ocr_par' dir='ltr' id='par_1_89' title="bbox 2396 4394 3990 4467">
     <span class='ocr_line' id='line_1_89' title="bbox 2396 4394 3990 4467; baseline 0.001 -17"><span class='ocrx_word' id='word_1_591' title='bbox 2396 4413 2504 4465; x_wconf 88' lang='lat' dir='ltr'><strong>quo</strong></span> <span class='ocrx_word' id='word_1_592' title='bbox 2529 4397 2594 4450; x_wconf 88' lang='lat' dir='ltr'><strong>ad</strong></span> <span class='ocrx_word' id='word_1_593' title='bbox 2636 4395 2741 4449; x_wconf 88' lang='lat'><strong>555</strong></span> <span class='ocrx_word' id='word_1_594' title='bbox 2762 4394 3042 4449; x_wconf 89' lang='lat' dir='ltr'><strong>biennium</strong></span> <span class='ocrx_word' id='word_1_595' title='bbox 3092 4402 3303 4446; x_wconf 74' lang='lat' dir='ltr'><strong>tanturn</strong></span> <span class='ocrx_word' id='word_1_596' title='bbox 3339 4408 3618 4447; x_wconf 90' lang='lat' dir='ltr'><strong>numeres.</strong></span> <span class='ocrx_word' id='word_1_597' title='bbox 3657 4395 3774 4449; x_wconf 82' lang='lat' dir='ltr'><strong>Sed</strong></span> <span class='ocrx_word' id='word_1_598' title='bbox 3816 4413 3990 4467; x_wconf 82' lang='lat' dir='ltr'><strong>neque</strong></span> 
     </span>
    </p>
   </div>
   <div class='ocr_carea' id='block_1_90' title="bbox 721 4484 3989 4575">
    <p class='ocr_par' dir='ltr' id='par_1_90' title="bbox 721 4484 3989 4575">
     <span class='ocr_line' id='line_1_90' title="bbox 721 4484 3989 4575; baseline -0.006 -16"><span class='ocrx_word' id='word_1_599' title='bbox 721 4514 874 4575; x_wconf 71' lang='lat' dir='ltr'><strong>gusta</strong></span> <span class='ocrx_word' id='word_1_600' title='bbox 928 4502 1035 4554; x_wconf 84' lang='lat' dir='ltr'><strong>viro</strong></span> <span class='ocrx_word' id='word_1_601' title='bbox 1088 4496 1360 4564; x_wconf 83' lang='lat' dir='ltr'><strong>quidpiam</strong></span> <span class='ocrx_word' id='word_1_602' title='bbox 1413 4494 1590 4558; x_wconf 78' lang='lat' dir='ltr'><strong>cessit,</strong></span> <span class='ocrx_word' id='word_1_603' title='bbox 1612 4492 1701 4546; x_wconf 81' lang='lat' dir='ltr'><strong>sed</strong></span> <span class='ocrx_word' id='word_1_604' title='bbox 1733 4507 1852 4545; x_wconf 83' lang='lat' dir='ltr'><strong>vero</strong></span> <span class='ocrx_word' id='word_1_605' title='bbox 1897 4487 2293 4574; x_wconf 71' lang='lat' dir='ltr'><strong>multis_Cregoo</strong></span> <span class='ocrx_word' id='word_1_606' title='bbox 2325 4498 2369 4554; x_wconf 77' lang='grc' dir='ltr'><strong>ι)</strong></span> <span class='ocrx_word' id='word_1_607' title='bbox 2398 4505 2576 4543; x_wconf 90' lang='lat' dir='ltr'><strong>annus</strong></span> <span class='ocrx_word' id='word_1_608' title='bbox 2606 4486 2710 4542; x_wconf 77' lang='lat'><strong>560</strong></span> <span class='ocrx_word' id='word_1_609' title='bbox 2761 4502 2941 4540; x_wconf 70' lang='lat' dir='ltr'><strong>causa:</strong></span> <span class='ocrx_word' id='word_1_610' title='bbox 2992 4485 3196 4540; x_wconf 58' lang='lat' dir='ltr'><strong>nostra}</strong></span> <span class='ocrx_word' id='word_1_611' title='bbox 3258 4485 3537 4538; x_wconf 67' lang='lat' dir='ltr'><strong>conducit.</strong></span> <span class='ocrx_word' id='word_1_612' title='bbox 3582 4484 3829 4554; x_wconf 76' lang='lat' dir='ltr'><strong>\‘igilius</strong></span> <span class='ocrx_word' id='word_1_613' title='bbox 3858 4505 3989 4559; x_wconf 78' lang='lat' dir='ltr'><strong>papa</strong></span> 
     </span>
    </p>
   </div>
   <div class='ocr_carea' id='block_1_91' title="bbox 722 4582 2295 4651">
    <p class='ocr_par' dir='ltr' id='par_1_91' title="bbox 722 4582 2295 4651">
     <span class='ocr_line' id='line_1_91' title="bbox 722 4582 2295 4651; baseline -0.008 -3"><span class='ocrx_word' id='word_1_614' title='bbox 722 4598 860 4648; x_wconf 82' lang='lat' dir='ltr'><strong>rium</strong></span> <span class='ocrx_word' id='word_1_615' title='bbox 890 4592 1106 4644; x_wconf 77' lang='lat' dir='ltr'><strong>donavit</strong></span> <span class='ocrx_word' id='word_1_616' title='bbox 1138 4584 1461 4647; x_wconf 81' lang='lat' dir='ltr'><strong>muneribus,</strong></span> <span class='ocrx_word' id='word_1_617' title='bbox 1500 4599 1631 4637; x_wconf 90' lang='lat' dir='ltr'><strong>auro</strong></span> <span class='ocrx_word' id='word_1_618' title='bbox 1685 4593 2022 4651; x_wconf 84' lang='lat' dir='ltr'><strong>argentoque,</strong></span> <span class='ocrx_word' id='word_1_619' title='bbox 2063 4582 2198 4651; x_wconf 87' lang='lat' dir='ltr'><strong>quod</strong></span> <span class='ocrx_word' id='word_1_620' title='bbox 2226 4583 2295 4636; x_wconf 87' lang='lat' dir='ltr'><strong>ad</strong></span> 
     </span>
    </p>
   </div>
   <div class='ocr_carea' id='block_1_92' title="bbox 725 4671 2296 4742">
    <p class='ocr_par' dir='ltr' id='par_1_92' title="bbox 725 4671 2296 4742">
     <span class='ocr_line' id='line_1_92' title="bbox 725 4671 2296 4742; baseline -0.007 -4"><span class='ocrx_word' id='word_1_621' title='bbox 725 4684 976 4738; x_wconf 59' lang='lat' dir='ltr'><strong>Ecclesia:</strong></span> <span class='ocrx_word' id='word_1_622' title='bbox 1036 4695 1160 4733; x_wconf 82' lang='lat' dir='ltr'><strong>vasa</strong></span> <span class='ocrx_word' id='word_1_623' title='bbox 1214 4674 1538 4742; x_wconf 81' lang='lat' dir='ltr'><strong>conﬁcienda</strong></span> <span class='ocrx_word' id='word_1_624' title='bbox 1598 4684 1727 4726; x_wconf 87' lang='lat' dir='ltr'><strong>esset</strong></span> <span class='ocrx_word' id='word_1_625' title='bbox 1755 4674 1907 4726; x_wconf 87' lang='lat' dir='ltr'><strong>satis.</strong></span> <span class='ocrx_word' id='word_1_626' title='bbox 1955 4671 2296 4742; x_wconf 57' lang='lat' dir='ltr'><strong>Eequawero</strong></span> 
     </span>
    </p>
   </div>
   <div class='ocr_carea' id='block_1_93' title="bbox 722 4761 2295 4839">
    <p class='ocr_par' dir='ltr' id='par_1_93' title="bbox 722 4761 2295 4839">
     <span class='ocr_line' id='line_1_93' title="bbox 722 4761 2295 4839; baseline -0.007 -10"><span class='ocrx_word' id='word_1_627' title='bbox 722 4776 838 4830; x_wconf 62' lang='lat' dir='ltr'><strong>haec</strong></span> <span class='ocrx_word' id='word_1_628' title='bbox 867 4775 1108 4839; x_wconf 84' lang='lat' dir='ltr'><strong>Augusta</strong></span> <span class='ocrx_word' id='word_1_629' title='bbox 1157 4766 1449 4821; x_wconf 81' lang='lat' dir='ltr'><strong>Justiniani</strong></span> <span class='ocrx_word' id='word_1_630' title='bbox 1500 4765 1520 4815; x_wconf 91' lang='grc' dir='ltr'><strong>ι</strong></span> <span class='ocrx_word' id='word_1_631' title='bbox 1586 4763 1765 4815; x_wconf 81' lang='lat' dir='ltr'><strong>uxor?</strong></span> <span class='ocrx_word' id='word_1_632' title='bbox 1806 4761 2035 4817; x_wconf 84' lang='lat' dir='ltr'><strong>Unicaut</strong></span> <span class='ocrx_word' id='word_1_633' title='bbox 2073 4765 2295 4818; x_wconf 87' lang='lat' dir='ltr'><strong>historia</strong></span> 
     </span>
    </p>
   </div>
   <div class='ocr_carea' id='block_1_94' title="bbox 719 4852 2298 4925">
    <p class='ocr_par' dir='ltr' id='par_1_94' title="bbox 719 4852 2298 4925">
     <span class='ocr_line' id='line_1_94' title="bbox 719 4852 2298 4925; baseline -0.011 -4"><span class='ocrx_word' id='word_1_634' title='bbox 719 4862 1013 4921; x_wconf 83' lang='lat' dir='ltr'><strong>Justiniani</strong></span> <span class='ocrx_word' id='word_1_635' title='bbox 1074 4859 1091 4913; x_wconf 93' lang='lat' dir='ltr'><strong>I</strong></span> <span class='ocrx_word' id='word_1_636' title='bbox 1142 4857 1425 4925; x_wconf 68' lang='lat' dir='ltr'><strong>reiijugem</strong></span> <span class='ocrx_word' id='word_1_637' title='bbox 1473 4854 1639 4907; x_wconf 90' lang='lat' dir='ltr'><strong>tradit</strong></span> <span class='ocrx_word' id='word_1_638' title='bbox 1672 4852 2036 4915; x_wconf 86' lang='lat' dir='ltr'><strong>Theodoram,</strong></span> <span class='ocrx_word' id='word_1_639' title='bbox 2068 4869 2188 4921; x_wconf 69' lang='lat' dir='ltr'><strong>qua:</strong></span> <span class='ocrx_word' id='word_1_640' title='bbox 2215 4863 2298 4907; x_wconf 85' lang='lat' dir='ltr'><strong>ta-</strong></span> 
     </span>
    </p>
   </div>
   <div class='ocr_carea' id='block_1_95' title="bbox 726 4943 2302 5017">
    <p class='ocr_par' dir='ltr' id='par_1_95' title="bbox 726 4943 2302 5017">
     <span class='ocr_line' id='line_1_95' title="bbox 726 4943 2302 5017; baseline -0.007 -7"><span class='ocrx_word' id='word_1_641' title='bbox 726 4971 850 5011; x_wconf 87' lang='lat' dir='ltr'><strong>tueu</strong></span> <span class='ocrx_word' id='word_1_642' title='bbox 885 4952 1265 5007; x_wconf 82' lang='lat' dir='ltr'><strong>mortalitatem</strong></span> <span class='ocrx_word' id='word_1_643' title='bbox 1302 4948 1532 5017; x_wconf 67' lang='lat' dir='ltr'><strong>explevit</strong></span> <span class='ocrx_word' id='word_1_644' title='bbox 1587 4961 1728 4999; x_wconf 85' lang='lat' dir='ltr'><strong>anno</strong></span> <span class='ocrx_word' id='word_1_645' title='bbox 1760 4944 1960 4998; x_wconf 76' lang='lat' dir='ltr'><strong>Christi</strong></span> <span class='ocrx_word' id='word_1_646' title='bbox 1990 4943 2302 5009; x_wconf 64' lang='lat' dir='ltr'><strong>548,.Iusti-</strong></span> 
     </span>
    </p>
   </div>
   <div class='ocr_carea' id='block_1_96' title="bbox 727 5037 2299 5113">
    <p class='ocr_par' dir='ltr' id='par_1_96' title="bbox 727 5037 2299 5113">
     <span class='ocr_line' id='line_1_96' title="bbox 727 5037 2299 5113; baseline -0.007 -11"><span class='ocrx_word' id='word_1_647' title='bbox 727 5048 921 5102; x_wconf 63' lang='lat' dir='ltr'><strong>nianiei</strong></span> <span class='ocrx_word' id='word_1_648' title='bbox 966 5043 1174 5113; x_wconf 89' lang='lat' dir='ltr'><strong>imperii</strong></span> <span class='ocrx_word' id='word_1_649' title='bbox 1196 5041 1287 5107; x_wconf 70' lang='lat'><strong>‘22,</strong></span> <span class='ocrx_word' id='word_1_650' title='bbox 1324 5056 1505 5093; x_wconf 85' lang='lat' dir='ltr'><strong>mense</strong></span> <span class='ocrx_word' id='word_1_651' title='bbox 1527 5037 1711 5102; x_wconf 84' lang='lat' dir='ltr'><strong>Junio,</strong></span> <span class='ocrx_word' id='word_1_652' title='bbox 1738 5038 2034 5091; x_wconf 90' lang='lat' dir='ltr'><strong>indictione</strong></span> <span class='ocrx_word' id='word_1_653' title='bbox 2062 5038 2147 5100; x_wconf 79' lang='lat' dir='ltr'><strong>ll,</strong></span> <span class='ocrx_word' id='word_1_654' title='bbox 2181 5048 2240 5090; x_wconf 92' lang='lat' dir='ltr'><strong>ut</strong></span> <span class='ocrx_word' id='word_1_655' title='bbox 2268 5052 2299 5091; x_wconf 91' lang='lat' dir='ltr'><strong>a</strong></span> 
     </span>
    </p>
   </div>
   <div class='ocr_carea' id='block_1_97' title="bbox 728 5130 2298 5209">
    <p class='ocr_par' dir='ltr' id='par_1_97' title="bbox 728 5130 2298 5209">
     <span class='ocr_line' id='line_1_97' title="bbox 728 5130 2298 5209; baseline -0.008 -16"><span class='ocrx_word' id='word_1_656' title='bbox 728 5139 1059 5209; x_wconf 83' lang='lat' dir='ltr'><strong>Theophane</strong></span> <span class='ocrx_word' id='word_1_657' title='bbox 1120 5134 1394 5203; x_wconf 88' lang='lat' dir='ltr'><strong>proditum</strong></span> <span class='ocrx_word' id='word_1_658' title='bbox 1444 5132 1499 5185; x_wconf 87' lang='lat' dir='ltr'><strong>iit</strong></span> <span class='ocrx_word' id='word_1_659' title='bbox 1531 5130 1859 5197; x_wconf 87' lang='lat' dir='ltr'><strong>Chronogr.,</strong></span> <span class='ocrx_word' id='word_1_660' title='bbox 1884 5138 1939 5182; x_wconf 89' lang='lat' dir='ltr'><strong>et</strong></span> <span class='ocrx_word' id='word_1_661' title='bbox 1967 5137 2092 5182; x_wconf 86' lang='lat' dir='ltr'><strong>ante</strong></span> <span class='ocrx_word' id='word_1_662' title='bbox 2125 5130 2298 5196; x_wconf 83' lang='lat' dir='ltr'><strong>ipsum</strong></span> 
     </span>
    </p>
   </div>
   <div class='ocr_carea' id='block_1_98' title="bbox 728 5219 2296 5298">
    <p class='ocr_par' dir='ltr' id='par_1_98' title="bbox 728 5219 2296 5298">
     <span class='ocr_line' id='line_1_98' title="bbox 728 5219 2296 5298; baseline -0.006 -14"><span class='ocrx_word' id='word_1_663' title='bbox 728 5251 757 5285; x_wconf 65' lang='grc' dir='ltr'><strong>ει</strong></span> <span class='ocrx_word' id='word_1_664' title='bbox 794 5231 1082 5298; x_wconf 79' lang='lat' dir='ltr'><strong>Procopio,</strong></span> <span class='ocrx_word' id='word_1_665' title='bbox 1113 5242 1219 5296; x_wconf 87' lang='lat' dir='ltr'><strong>quo</strong></span> <span class='ocrx_word' id='word_1_666' title='bbox 1258 5225 1545 5291; x_wconf 79' lang='lat' dir='ltr'><strong>superstite</strong></span> <span class='ocrx_word' id='word_1_667' title='bbox 1593 5223 1823 5276; x_wconf 77' lang='lat' dir='ltr'><strong>excessit</strong></span> <span class='ocrx_word' id='word_1_668' title='bbox 1863 5219 2171 5284; x_wconf 87' lang='lat' dir='ltr'><strong>Theodora,</strong></span> <span class='ocrx_word' id='word_1_669' title='bbox 2204 5221 2296 5275; x_wconf 89' lang='lat' dir='ltr'><strong>lib.</strong></span> 
     </span>
    </p>
   </div>
   <div class='ocr_carea' id='block_1_99' title="bbox 730 5311 2303 5382">
    <p class='ocr_par' dir='ltr' id='par_1_99' title="bbox 730 5311 2303 5382">
     <span class='ocr_line' id='line_1_99' title="bbox 730 5311 2303 5382; baseline -0.011 -4"><span class='ocrx_word' id='word_1_670' title='bbox 730 5342 778 5379; x_wconf 81' lang='lat' dir='ltr'><strong>tv</strong></span> <span class='ocrx_word' id='word_1_671' title='bbox 805 5323 940 5377; x_wconf 84' lang='lat' dir='ltr'><strong>Belli</strong></span> <span class='ocrx_word' id='word_1_672' title='bbox 988 5318 1166 5373; x_wconf 87' lang='lat' dir='ltr'><strong>Gottlt.</strong></span> <span class='ocrx_word' id='word_1_673' title='bbox 1215 5315 1361 5369; x_wconf 82' lang='lat' dir='ltr'><strong>Vidit</strong></span> <span class='ocrx_word' id='word_1_674' title='bbox 1418 5314 1696 5382; x_wconf 85' lang='lat' dir='ltr'><strong>scopulum</strong></span> <span class='ocrx_word' id='word_1_675' title='bbox 1751 5311 2079 5380; x_wconf 81' lang='lat' dir='ltr'><strong>Cajetauus,</strong></span> <span class='ocrx_word' id='word_1_676' title='bbox 2130 5327 2303 5381; x_wconf 71' lang='lat' dir='ltr'><strong>neque</strong></span> 
     </span>
    </p>
   </div>
   <div class='ocr_carea' id='block_1_100' title="bbox 729 5403 2303 5480">
    <p class='ocr_par' dir='ltr' id='par_1_100' title="bbox 729 5403 2303 5480">
     <span class='ocr_line' id='line_1_100' title="bbox 729 5403 2303 5480; baseline -0.006 -15"><span class='ocrx_word' id='word_1_677' title='bbox 729 5413 1011 5471; x_wconf 81' lang='lat' dir='ltr'><strong>evadendo</strong></span> <span class='ocrx_word' id='word_1_678' title='bbox 1039 5426 1135 5480; x_wconf 86' lang='lat' dir='ltr'><strong>par</strong></span> <span class='ocrx_word' id='word_1_679' title='bbox 1169 5408 1291 5462; x_wconf 80' lang='lat' dir='ltr'><strong>luit.</strong></span> <span class='ocrx_word' id='word_1_680' title='bbox 1350 5405 1561 5459; x_wconf 80' lang='lat' dir='ltr'><strong>Etenim</strong></span> <span class='ocrx_word' id='word_1_681' title='bbox 1614 5403 1920 5473; x_wconf 81' lang='lat' dir='ltr'><strong>proﬁtetur.</strong></span> <span class='ocrx_word' id='word_1_682' title='bbox 1994 5407 2303 5471; x_wconf 80' lang='lat' dir='ltr'><strong>incomper-</strong></span> 
     </span>
    </p>
   </div>
   <div class='ocr_carea' id='block_1_101' title="bbox 732 5494 2301 5573">
    <p class='ocr_par' dir='ltr' id='par_1_101' title="bbox 732 5494 2301 5573">
     <span class='ocr_line' id='line_1_101' title="bbox 732 5494 2301 5573; baseline -0.013 -10"><span class='ocrx_word' id='word_1_683' title='bbox 732 5517 845 5563; x_wconf 85' lang='lat' dir='ltr'><strong>tum</strong></span> <span class='ocrx_word' id='word_1_684' title='bbox 870 5506 998 5567; x_wconf 87' lang='lat' dir='ltr'><strong>sibi,</strong></span> <span class='ocrx_word' id='word_1_685' title='bbox 1030 5517 1278 5573; x_wconf 71' lang='lat' dir='ltr'><strong>quaenam</strong></span> <span class='ocrx_word' id='word_1_686' title='bbox 1310 5508 1423 5554; x_wconf 88' lang='lat' dir='ltr'><strong>tum</strong></span> <span class='ocrx_word' id='word_1_687' title='bbox 1464 5498 1725 5564; x_wconf 86' lang='lat' dir='ltr'><strong>temporis</strong></span> <span class='ocrx_word' id='word_1_688' title='bbox 1766 5497 2006 5563; x_wconf 82' lang='lat' dir='ltr'><strong>regnarit</strong></span> <span class='ocrx_word' id='word_1_689' title='bbox 2032 5494 2301 5564; x_wconf 75' lang='lat' dir='ltr'><strong>Augusut,</strong></span> 
     </span>
    </p>
   </div>
   <div class='ocr_carea' id='block_1_102' title="bbox 732 5586 2302 5661">
    <p class='ocr_par' dir='ltr' id='par_1_102' title="bbox 732 5586 2302 5661">
     <span class='ocr_line' id='line_1_102' title="bbox 732 5586 2302 5661; baseline -0.011 -7"><span class='ocrx_word' id='word_1_690' title='bbox 732 5616 857 5654; x_wconf 90' lang='lat' dir='ltr'><strong>cum</strong></span> <span class='ocrx_word' id='word_1_691' title='bbox 902 5593 1373 5661; x_wconf 83' lang='lat' dir='ltr'><strong>Constantinopoli</strong></span> <span class='ocrx_word' id='word_1_692' title='bbox 1432 5590 1702 5659; x_wconf 86' lang='lat' dir='ltr'><strong>hospitem</strong></span> <span class='ocrx_word' id='word_1_693' title='bbox 1736 5588 1926 5642; x_wconf 86' lang='lat' dir='ltr'><strong>statuit</strong></span> <span class='ocrx_word' id='word_1_694' title='bbox 1979 5586 2302 5653; x_wconf 59' lang='lat' dir='ltr'><strong>Gregorium</strong></span> 
     </span>
    </p>
   </div>
   <div class='ocr_carea' id='block_1_103' title="bbox 735 5680 2305 5760">
    <p class='ocr_par' dir='ltr' id='par_1_103' title="bbox 735 5680 2305 5760">
     <span class='ocr_line' id='line_1_103' title="bbox 735 5680 2305 5760; baseline -0.007 -17"><span class='ocrx_word' id='word_1_695' title='bbox 735 5691 1067 5760; x_wconf 78' lang='lat' dir='ltr'><strong>episcopum.</strong></span> <span class='ocrx_word' id='word_1_696' title='bbox 1118 5684 1279 5736; x_wconf 79' lang='lat' dir='ltr'><strong>Eeeui</strong></span> <span class='ocrx_word' id='word_1_697' title='bbox 1332 5682 1548 5735; x_wconf 86' lang='lat' dir='ltr'><strong>tandem</strong></span> <span class='ocrx_word' id='word_1_698' title='bbox 1590 5680 1754 5733; x_wconf 78' lang='lat' dir='ltr'><strong>fuerit</strong></span> <span class='ocrx_word' id='word_1_699' title='bbox 1796 5691 2156 5749; x_wconf 70' lang='lat' dir='ltr'><strong>compertum,</strong></span> <span class='ocrx_word' id='word_1_700' title='bbox 2182 5694 2305 5732; x_wconf 90' lang='lat' dir='ltr'><strong>eum</strong></span> 
     </span>
    </p>
   </div>
   <div class='ocr_carea' id='block_1_104' title="bbox 735 5772 2307 5839">
    <p class='ocr_par' dir='ltr' id='par_1_104' title="bbox 735 5772 2307 5839">
     <span class='ocr_line' id='line_1_104' title="bbox 735 5772 2307 5839; baseline -0.008 -4"><span class='ocrx_word' id='word_1_701' title='bbox 735 5795 926 5835; x_wconf 85' lang='lat' dir='ltr'><strong>omnes</strong></span> <span class='ocrx_word' id='word_1_702' title='bbox 982 5778 1204 5831; x_wconf 87' lang='lat' dir='ltr'><strong>omnino</strong></span> <span class='ocrx_word' id='word_1_703' title='bbox 1252 5776 1449 5828; x_wconf 87' lang='lat' dir='ltr'><strong>sileant</strong></span> <span class='ocrx_word' id='word_1_704' title='bbox 1502 5772 1785 5826; x_wconf 69' lang='lat' dir='ltr'><strong>historize?</strong></span> <span class='ocrx_word' id='word_1_705' title='bbox 1825 5789 1948 5827; x_wconf 81' lang='lat' dir='ltr'><strong>eum</strong></span> <span class='ocrx_word' id='word_1_706' title='bbox 1974 5787 2147 5839; x_wconf 83' lang='lat' dir='ltr'><strong>neque</strong></span> <span class='ocrx_word' id='word_1_707' title='bbox 2180 5784 2307 5823; x_wconf 66' lang='lat' dir='ltr'><strong>vero</strong></span> 
     </span>
    </p>
   </div>
   <div class='ocr_carea' id='block_1_105' title="bbox 738 5863 2297 5934">
    <p class='ocr_par' dir='ltr' id='par_1_105' title="bbox 738 5863 2297 5934">
     <span class='ocr_line' id='line_1_105' title="bbox 738 5863 2297 5934; baseline -0.008 -7"><span class='ocrx_word' id='word_1_708' title='bbox 738 5872 919 5930; x_wconf 81' lang='lat' dir='ltr'><strong>simile</strong></span> <span class='ocrx_word' id='word_1_709' title='bbox 951 5870 1065 5934; x_wconf 80' lang='lat' dir='ltr'><strong>ﬂat,</strong></span> <span class='ocrx_word' id='word_1_710' title='bbox 1124 5868 1492 5927; x_wconf 81' lang='lat' dir='ltr'><strong>Justiniauum</strong></span> <span class='ocrx_word' id='word_1_711' title='bbox 1545 5874 1759 5920; x_wconf 83' lang='lat' dir='ltr'><strong>senecta</strong></span> <span class='ocrx_word' id='word_1_712' title='bbox 1794 5873 1950 5919; x_wconf 70' lang='lat' dir='ltr'><strong>aetate</strong></span> <span class='ocrx_word' id='word_1_713' title='bbox 1990 5866 2126 5933; x_wconf 79' lang='lat' dir='ltr'><strong>(crat</strong></span> <span class='ocrx_word' id='word_1_714' title='bbox 2154 5863 2297 5915; x_wconf 86' lang='lat' dir='ltr'><strong>cnim</strong></span> 
     </span>
    </p>
   </div>
   <div class='ocr_carea' id='block_1_106' title="bbox 2396 4574 3991 4650">
    <p class='ocr_par' dir='ltr' id='par_1_106' title="bbox 2396 4574 3991 4650">
     <span class='ocr_line' id='line_1_106' title="bbox 2396 4574 3991 4650; baseline -0.001 -17"><span class='ocrx_word' id='word_1_715' title='bbox 2396 4580 2597 4633; x_wconf 66' lang='lat' dir='ltr'><strong>obiittv</strong></span> <span class='ocrx_word' id='word_1_716' title='bbox 2629 4576 2753 4633; x_wconf 89' lang='lat' dir='ltr'><strong>ldus</strong></span> <span class='ocrx_word' id='word_1_717' title='bbox 2770 4575 3062 4631; x_wconf 86' lang='lat' dir='ltr'><strong>Januarias</strong></span> <span class='ocrx_word' id='word_1_718' title='bbox 3089 4576 3217 4629; x_wconf 90' lang='lat' dir='ltr'><strong>anni</strong></span> <span class='ocrx_word' id='word_1_719' title='bbox 3257 4574 3320 4629; x_wconf 88' lang='lat' dir='ltr'><strong>P.</strong></span> <span class='ocrx_word' id='word_1_720' title='bbox 3352 4576 3414 4630; x_wconf 87' lang='lat' dir='ltr'><strong>C.</strong></span> <span class='ocrx_word' id='word_1_721' title='bbox 3444 4575 3630 4629; x_wconf 86' lang='lat' dir='ltr'><strong>Basilii</strong></span> <span class='ocrx_word' id='word_1_722' title='bbox 3662 4578 3761 4643; x_wconf 68' lang='lat' dir='ltr'><strong>i7,</strong></span> <span class='ocrx_word' id='word_1_723' title='bbox 3797 4597 3991 4650; x_wconf 76' lang='lat' dir='ltr'><strong>nempe</strong></span> 
     </span>
    </p>
   </div>
   <div class='ocr_carea' id='block_1_107' title="bbox 2396 4666 3993 4738">
    <p class='ocr_par' dir='ltr' id='par_1_107' title="bbox 2396 4666 3993 4738">
     <span class='ocr_line' id='line_1_107' title="bbox 2396 4666 3993 4738; baseline -0.003 -13"><span class='ocrx_word' id='word_1_724' title='bbox 2396 4669 2597 4725; x_wconf 88' lang='lat' dir='ltr'><strong>Christi</strong></span> <span class='ocrx_word' id='word_1_725' title='bbox 2645 4668 2962 4738; x_wconf 85' lang='lat' dir='ltr'><strong>Dionysiaui</strong></span> <span class='ocrx_word' id='word_1_726' title='bbox 3019 4666 3142 4730; x_wconf 89' lang='lat'><strong>568,</strong></span> <span class='ocrx_word' id='word_1_727' title='bbox 3180 4678 3319 4721; x_wconf 90' lang='lat' dir='ltr'><strong>teste</strong></span> <span class='ocrx_word' id='word_1_728' title='bbox 3365 4668 3613 4721; x_wconf 89' lang='lat' dir='ltr'><strong>omnium</strong></span> <span class='ocrx_word' id='word_1_729' title='bbox 3666 4672 3993 4725; x_wconf 82' lang='lat' dir='ltr'><strong>certissimo</strong></span> 
     </span>
    </p>
   </div>
   <div class='ocr_carea' id='block_1_108' title="bbox 2401 4761 3993 4831">
    <p class='ocr_par' dir='ltr' id='par_1_108' title="bbox 2401 4761 3993 4831">
     <span class='ocr_line' id='line_1_108' title="bbox 2401 4761 3993 4831; baseline -0.001 -10"><span class='ocrx_word' id='word_1_730' title='bbox 2401 4765 2617 4821; x_wconf 72' lang='lat' dir='ltr'><strong>Victore</strong></span> <span class='ocrx_word' id='word_1_731' title='bbox 2656 4762 3017 4817; x_wconf 87' lang='lat' dir='ltr'><strong>Tuuuuuensi</strong></span> <span class='ocrx_word' id='word_1_732' title='bbox 3068 4763 3361 4830; x_wconf 85' lang='lat' dir='ltr'><strong>episcopo,</strong></span> <span class='ocrx_word' id='word_1_733' title='bbox 3408 4763 3504 4830; x_wconf 89' lang='lat' dir='ltr'><strong>qui</strong></span> <span class='ocrx_word' id='word_1_734' title='bbox 3566 4761 3782 4831; x_wconf 69' lang='lat' dir='ltr'><strong>Vigilio</strong></span> <span class='ocrx_word' id='word_1_735' title='bbox 3840 4776 3993 4819; x_wconf 78' lang='lat' dir='ltr'><strong>:etate</strong></span> 
     </span>
    </p>
   </div>
   <div class='ocr_carea' id='block_1_109' title="bbox 2398 4853 3993 4926">
    <p class='ocr_par' dir='ltr' id='par_1_109' title="bbox 2398 4853 3993 4926">
     <span class='ocr_line' id='line_1_109' title="bbox 2398 4853 3993 4926; baseline -0.001 -16"><span class='ocrx_word' id='word_1_736' title='bbox 2398 4872 2644 4925; x_wconf 87' lang='lat' dir='ltr'><strong>compar,</strong></span> <span class='ocrx_word' id='word_1_737' title='bbox 2688 4855 2979 4923; x_wconf 76' lang='lat' dir='ltr'><strong>adfuitque</strong></span> <span class='ocrx_word' id='word_1_738' title='bbox 3008 4853 3634 4923; x_wconf 74' lang='lat' dir='ltr'><strong>Cuttstatttitmpolitattze</strong></span> <span class='ocrx_word' id='word_1_739' title='bbox 3676 4860 3905 4926; x_wconf 84' lang='lat' dir='ltr'><strong>synodo</strong></span> <span class='ocrx_word' id='word_1_740' title='bbox 3940 4875 3993 4917; x_wconf 88' lang='lat' dir='ltr'><strong>tt,</strong></span> 
     </span>
    </p>
   </div>
   <div class='ocr_carea' id='block_1_110' title="bbox 2410 4946 3996 5019">
    <p class='ocr_par' dir='ltr' id='par_1_110' title="bbox 2410 4946 3996 5019">
     <span class='ocr_line' id='line_1_110' title="bbox 2410 4946 3996 5019; baseline 0 -18"><span class='ocrx_word' id='word_1_741' title='bbox 2410 4947 2721 5019; x_wconf 80' lang='lat' dir='ltr'><strong>Vigilioque</strong></span> <span class='ocrx_word' id='word_1_742' title='bbox 2747 4950 2889 5016; x_wconf 89' lang='lat' dir='ltr'><strong>regia</strong></span> <span class='ocrx_word' id='word_1_743' title='bbox 2923 4947 2975 4999; x_wconf 89' lang='lat' dir='ltr'><strong>iu</strong></span> <span class='ocrx_word' id='word_1_744' title='bbox 3007 4947 3143 5000; x_wconf 89' lang='lat' dir='ltr'><strong>urbe</strong></span> <span class='ocrx_word' id='word_1_745' title='bbox 3174 4946 3475 4999; x_wconf 74' lang='lat' dir='ltr'><strong>consuevit.</strong></span> <span class='ocrx_word' id='word_1_746' title='bbox 3529 4947 3851 5012; x_wconf 66' lang='lat' dir='ltr'><strong>‘Avtinata,</strong></span> <span class='ocrx_word' id='word_1_747' title='bbox 3889 4953 3996 5003; x_wconf 61' lang='lat' dir='ltr'><strong>sive</strong></span> 
     </span>
    </p>
   </div>
   <div class='ocr_carea' id='block_1_111' title="bbox 2401 5036 3995 5105">
    <p class='ocr_par' dir='ltr' id='par_1_111' title="bbox 2401 5036 3995 5105">
     <span class='ocr_line' id='line_1_111' title="bbox 2401 5036 3995 5105; baseline -0.002 -12"><span class='ocrx_word' id='word_1_748' title='bbox 2401 5040 2529 5093; x_wconf 85' lang='lat' dir='ltr'><strong>anui</strong></span> <span class='ocrx_word' id='word_1_749' title='bbox 2562 5039 2711 5091; x_wconf 92' lang='lat' dir='ltr'><strong>nullo</strong></span> <span class='ocrx_word' id='word_1_750' title='bbox 2777 5037 3001 5090; x_wconf 85' lang='lat' dir='ltr'><strong>consule</strong></span> <span class='ocrx_word' id='word_1_751' title='bbox 3048 5036 3320 5105; x_wconf 85' lang='lat' dir='ltr'><strong>designati</strong></span> <span class='ocrx_word' id='word_1_752' title='bbox 3371 5036 3678 5089; x_wconf 85' lang='lat' dir='ltr'><strong>secundum</strong></span> <span class='ocrx_word' id='word_1_753' title='bbox 3729 5038 3995 5093; x_wconf 83' lang='lat' dir='ltr'><strong>Basilium</strong></span> 
     </span>
    </p>
   </div>
   <div class='ocr_carea' id='block_1_112' title="bbox 2402 5124 3998 5197">
    <p class='ocr_par' dir='ltr' id='par_1_112' title="bbox 2402 5124 3998 5197">
     <span class='ocr_line' id='line_1_112' title="bbox 2402 5124 3998 5197; baseline -0.01 -14"><span class='ocrx_word' id='word_1_754' title='bbox 2402 5142 2616 5197; x_wconf 58' lang='lat' dir='ltr'><strong>coepere</strong></span> <span class='ocrx_word' id='word_1_755' title='bbox 2643 5128 2711 5179; x_wconf 88' lang='lat' dir='ltr'><strong>ab</strong></span> <span class='ocrx_word' id='word_1_756' title='bbox 2766 5140 2910 5178; x_wconf 89' lang='lat' dir='ltr'><strong>anno</strong></span> <span class='ocrx_word' id='word_1_757' title='bbox 2947 5125 3051 5178; x_wconf 61' lang='lat' dir='ltr'><strong>5i?</strong></span> <span class='ocrx_word' id='word_1_758' title='bbox 3102 5124 3498 5192; x_wconf 83' lang='lat' dir='ltr'><strong>desieruntque</strong></span> <span class='ocrx_word' id='word_1_759' title='bbox 3543 5140 3695 5177; x_wconf 84' lang='lat' dir='ltr'><strong>anno</strong></span> <span class='ocrx_word' id='word_1_760' title='bbox 3738 5126 3876 5186; x_wconf 61' lang='lat'><strong>566,</strong></span> <span class='ocrx_word' id='word_1_761' title='bbox 3910 5131 3998 5196; x_wconf 60' lang='lat' dir='ltr'><strong>qui</strong></span> 
     </span>
    </p>
   </div>
   <div class='ocr_carea' id='block_1_113' title="bbox 2402 5213 4000 5287">
    <p class='ocr_par' dir='ltr' id='par_1_113' title="bbox 2402 5213 4000 5287">
     <span class='ocr_line' id='line_1_113' title="bbox 2402 5213 4000 5287; baseline 0.003 -20"><span class='ocrx_word' id='word_1_762' title='bbox 2402 5215 2822 5287; x_wconf 79' lang='lat' dir='ltr'><strong>primusJustini</strong></span> <span class='ocrx_word' id='word_1_763' title='bbox 2888 5214 2929 5268; x_wconf 88' lang='lat' dir='ltr'><strong>ll</strong></span> <span class='ocrx_word' id='word_1_764' title='bbox 2963 5216 3125 5284; x_wconf 82' lang='lat' dir='ltr'><strong>Aug.,</strong></span> <span class='ocrx_word' id='word_1_765' title='bbox 3158 5225 3215 5268; x_wconf 91' lang='lat' dir='ltr'><strong>ut</strong></span> <span class='ocrx_word' id='word_1_766' title='bbox 3265 5230 3329 5268; x_wconf 78' lang='lat' dir='ltr'><strong>ex</strong></span> <span class='ocrx_word' id='word_1_767' title='bbox 3356 5213 3531 5269; x_wconf 86' lang='lat' dir='ltr'><strong>Fastis</strong></span> <span class='ocrx_word' id='word_1_768' title='bbox 3570 5220 4000 5284; x_wconf 84' lang='lat' dir='ltr'><strong>consulatibus,</strong></span> 
     </span>
    </p>
   </div>
   <div class='ocr_carea' id='block_1_114' title="bbox 2403 5308 4000 5381">
    <p class='ocr_par' dir='ltr' id='par_1_114' title="bbox 2403 5308 4000 5381">
     <span class='ocr_line' id='line_1_114' title="bbox 2403 5308 4000 5381; baseline -0.001 -17"><span class='ocrx_word' id='word_1_769' title='bbox 2403 5311 2748 5381; x_wconf 81' lang='lat' dir='ltr'><strong>potissimum</strong></span> <span class='ocrx_word' id='word_1_770' title='bbox 2779 5324 2907 5363; x_wconf 84' lang='lat' dir='ltr'><strong>vero</strong></span> <span class='ocrx_word' id='word_1_771' title='bbox 2932 5308 3276 5361; x_wconf 86' lang='lat' dir='ltr'><strong>Heraclianis</strong></span> <span class='ocrx_word' id='word_1_772' title='bbox 3321 5319 3553 5361; x_wconf 86' lang='lat' dir='ltr'><strong>constat.</strong></span> <span class='ocrx_word' id='word_1_773' title='bbox 3591 5310 3783 5363; x_wconf 89' lang='lat' dir='ltr'><strong>Porro</strong></span> <span class='ocrx_word' id='word_1_774' title='bbox 3825 5310 4000 5381; x_wconf 68' lang='lat' dir='ltr'><strong>Vigild</strong></span> 
     </span>
    </p>
   </div>
   <div class='ocr_carea' id='block_1_115' title="bbox 2403 5402 4000 5467">
    <p class='ocr_par' dir='ltr' id='par_1_115' title="bbox 2403 5402 4000 5467">
     <span class='ocr_line' id='line_1_115' title="bbox 2403 5402 4000 5467; baseline 0.001 -12"><span class='ocrx_word' id='word_1_775' title='bbox 2403 5402 2759 5455; x_wconf 89' lang='lat' dir='ltr'><strong>emortualem</strong></span> <span class='ocrx_word' id='word_1_776' title='bbox 2805 5416 3009 5453; x_wconf 89' lang='lat' dir='ltr'><strong>annum</strong></span> <span class='ocrx_word' id='word_1_777' title='bbox 3080 5402 3519 5467; x_wconf 86' lang='lat' dir='ltr'><strong>componendum</strong></span> <span class='ocrx_word' id='word_1_778' title='bbox 3582 5417 3717 5455; x_wconf 88' lang='lat' dir='ltr'><strong>cum</strong></span> <span class='ocrx_word' id='word_1_779' title='bbox 3794 5404 4000 5460; x_wconf 78' lang='lat' dir='ltr'><strong>Christi</strong></span> 
     </span>
    </p>
   </div>
   <div class='ocr_carea' id='block_1_116' title="bbox 2406 5490 4004 5564">
    <p class='ocr_par' dir='ltr' id='par_1_116' title="bbox 2406 5490 4004 5564">
     <span class='ocr_line' id='line_1_116' title="bbox 2406 5490 4004 5564; baseline 0.004 -21"><span class='ocrx_word' id='word_1_780' title='bbox 2406 5492 2742 5560; x_wconf 88' lang='lat' dir='ltr'><strong>Dionysiauo</strong></span> <span class='ocrx_word' id='word_1_781' title='bbox 2768 5490 3048 5554; x_wconf 83' lang='lat' dir='ltr'><strong>558,adeo</strong></span> <span class='ocrx_word' id='word_1_782' title='bbox 3078 5492 3323 5544; x_wconf 85' lang='lat' dir='ltr'><strong>solemne</strong></span> <span class='ocrx_word' id='word_1_783' title='bbox 3349 5490 3611 5544; x_wconf 88' lang='lat' dir='ltr'><strong>traditum</strong></span> <span class='ocrx_word' id='word_1_784' title='bbox 3650 5495 3705 5545; x_wconf 92' lang='lat' dir='ltr'><strong>in</strong></span> <span class='ocrx_word' id='word_1_785' title='bbox 3756 5498 4004 5564; x_wconf 76' lang='lat' dir='ltr'><strong>antiquis</strong></span> 
     </span>
    </p>
   </div>
   <div class='ocr_carea' id='block_1_117' title="bbox 2406 5585 4005 5655">
    <p class='ocr_par' dir='ltr' id='par_1_117' title="bbox 2406 5585 4005 5655">
     <span class='ocr_line' id='line_1_117' title="bbox 2406 5585 4005 5655; baseline 0.004 -16"><span class='ocrx_word' id='word_1_786' title='bbox 2406 5586 2783 5639; x_wconf 88' lang='lat' dir='ltr'><strong>Romanorum</strong></span> <span class='ocrx_word' id='word_1_787' title='bbox 2822 5587 3137 5652; x_wconf 86' lang='lat' dir='ltr'><strong>pontilieutu</strong></span> <span class='ocrx_word' id='word_1_788' title='bbox 3169 5585 3465 5655; x_wconf 82' lang='lat' dir='ltr'><strong>Catalegis,</strong></span> <span class='ocrx_word' id='word_1_789' title='bbox 3496 5596 3556 5639; x_wconf 90' lang='lat' dir='ltr'><strong>ut</strong></span> <span class='ocrx_word' id='word_1_790' title='bbox 3578 5589 3841 5643; x_wconf 79' lang='lat' dir='ltr'><strong>Joannes</strong></span> <span class='ocrx_word' id='word_1_791' title='bbox 3874 5591 4005 5645; x_wconf 74' lang='lat' dir='ltr'><strong>Cec-</strong></span> 
     </span>
    </p>
   </div>
   <div class='ocr_carea' id='block_1_118' title="bbox 2406 5676 4005 5747">
    <p class='ocr_par' dir='ltr' id='par_1_118' title="bbox 2406 5676 4005 5747">
     <span class='ocr_line' id='line_1_118' title="bbox 2406 5676 4005 5747; baseline 0.004 -17"><span class='ocrx_word' id='word_1_792' title='bbox 2406 5676 2676 5737; x_wconf 82' lang='lat' dir='ltr'><strong>eanensis,</strong></span> <span class='ocrx_word' id='word_1_793' title='bbox 2697 5678 2787 5744; x_wconf 89' lang='lat' dir='ltr'><strong>qui</strong></span> <span class='ocrx_word' id='word_1_794' title='bbox 2834 5689 3021 5731; x_wconf 66' lang='lat' dir='ltr'><strong>caetera</strong></span> <span class='ocrx_word' id='word_1_795' title='bbox 3069 5679 3461 5734; x_wconf 56' lang='lat' dir='ltr'><strong>Ghrouotaxim</strong></span> <span class='ocrx_word' id='word_1_796' title='bbox 3495 5681 3854 5747; x_wconf 79' lang='lat' dir='ltr'><strong>pontiticiam</strong></span> <span class='ocrx_word' id='word_1_797' title='bbox 3886 5699 4005 5736; x_wconf 79' lang='lat' dir='ltr'><strong>sus-</strong></span> 
     </span>
    </p>
   </div>
   <div class='ocr_carea' id='block_1_119' title="bbox 2407 5767 4000 5843">
    <p class='ocr_par' dir='ltr' id='par_1_119' title="bbox 2407 5767 4000 5843">
     <span class='ocr_line' id='line_1_119' title="bbox 2407 5767 4000 5843; baseline 0.004 -24"><span class='ocrx_word' id='word_1_798' title='bbox 2407 5783 2513 5836; x_wconf 85' lang='lat' dir='ltr'><strong>que</strong></span> <span class='ocrx_word' id='word_1_799' title='bbox 2567 5767 2743 5836; x_wconf 89' lang='lat' dir='ltr'><strong>deque</strong></span> <span class='ocrx_word' id='word_1_800' title='bbox 2803 5769 3044 5836; x_wconf 73' lang='lat' dir='ltr'><strong>scripsit,</strong></span> <span class='ocrx_word' id='word_1_801' title='bbox 3107 5771 3158 5821; x_wconf 91' lang='lat' dir='ltr'><strong>in</strong></span> <span class='ocrx_word' id='word_1_802' title='bbox 3207 5769 3311 5823; x_wconf 89' lang='lat' dir='ltr'><strong>alia</strong></span> <span class='ocrx_word' id='word_1_803' title='bbox 3350 5771 3498 5823; x_wconf 83' lang='lat' dir='ltr'><strong>abire</strong></span> <span class='ocrx_word' id='word_1_804' title='bbox 3553 5771 3705 5827; x_wconf 86' lang='lat' dir='ltr'><strong>haud</strong></span> <span class='ocrx_word' id='word_1_805' title='bbox 3743 5778 4000 5843; x_wconf 78' lang='lat' dir='ltr'><strong>potuerit.</strong></span> 
     </span>
    </p>
   </div>
   <div class='ocr_carea' id='block_1_120' title="bbox 2408 5858 4003 5937">
    <p class='ocr_par' dir='ltr' id='par_1_120' title="bbox 2408 5858 4003 5937">
     <span class='ocr_line' id='line_1_120' title="bbox 2408 5858 4003 5937; baseline 0.001 -20"><span class='ocrx_word' id='word_1_806' title='bbox 2408 5858 2587 5925; x_wconf 81' lang='lat' dir='ltr'><strong>Quare</strong></span> <span class='ocrx_word' id='word_1_807' title='bbox 2620 5860 2854 5926; x_wconf 76' lang='lat' dir='ltr'><strong>videant,</strong></span> <span class='ocrx_word' id='word_1_808' title='bbox 2886 5876 3055 5931; x_wconf 85' lang='lat' dir='ltr'><strong>quam</strong></span> <span class='ocrx_word' id='word_1_809' title='bbox 3093 5863 3334 5916; x_wconf 70' lang='lat' dir='ltr'><strong>suatiter</strong></span> <span class='ocrx_word' id='word_1_810' title='bbox 3375 5863 3478 5918; x_wconf 83' lang='lat' dir='ltr'><strong>stbi</strong></span> <span class='ocrx_word' id='word_1_811' title='bbox 3534 5864 3757 5935; x_wconf 76' lang='lat' dir='ltr'><strong>imponi</strong></span> <span class='ocrx_word' id='word_1_812' title='bbox 3795 5870 4003 5937; x_wconf 74' lang='lat' dir='ltr'><strong>patian-</strong></span> 
     </span>
    </p>
   </div>
  </div>
