4144 6448
196 412 331 478 1193

1552 410 2085 471 IHSSERTATH).

3300 408 3429 473 ttat

190 534 301 587 tur,
337 521 428 591 qui
482 519 547 574 iis
611 519 915 582 ascribunt,
970 531 999 573 e
1046 519 1186 573 vivis
1220 526 1469 588 ereptum
1502 516 1759 587 V'igilinm
1791 523 1833 576 Α
1864 515 2023 585 303
2085 515 2359 581 ettluvere,
2416 527 2538 567 cum
2576 513 2777 569 Christi
2825 512 3188 583 Dionysianis,
3220 525 3278 567 ut
3310 522 3431 568 Indo:

190 627 338 669 anno
367 612 473 666 554
501 610 901 665 dictitantibus.
930 609 1050 663 lam
1106 609 1306 678 Vigilio
1328 608 1762 662 successitPela-

189 702 313 771 gius
350 700 534 754 Idibus
572 698 775 768 Aprilis
820 698 1065 766 ejusdem
1102 698 1231 750 anni
1264 697 1387 755 558,
1418 696 1509 766 qui
1548 696 1759 749 exstin-

190 804 334 856 ctus,
358 794 435 846 uti
455 791 690 846 ostendit
716 790 934 860 Pagius,
959 807 1103 844 anno
1120 791 1225 844 560
1245 792 1324 845 vel
1348 790 1472 853 56l,
1502 787 1762 857 quemad-

188 885 413 939 modum
453 885 545 938 alii
588 884 851 949 sentiunt,
886 899 934 937 tv
973 882 1160 937 Nonas
1190 883 1432 935 Martias.
1466 880 1521 935 Si
1560 881 1764 949 Grego-

186 977 308 1032 rius
377 977 542 1047 igitur
605 975 793 1029 Romae
847 974 1103 1029 occlusus
1161 973 1478 1027 carceribus
1517 988 1693 1026 annos
1729 970 1763 1023 2

187 1085 407 1125 menses
431 1071 464 1122 5
504 1068 787 1138 exegit;si
836 1068 1053 1136 cognita
1093 1066 1336 1134 Gregorii
1371 1081 1533 1119 causa
1565 1064 1763 1132 postri-

189 1163 279 1216 die
329 1159 631 1222 Paschalis,
680 1165 827 1211 ceite
885 1156 1181 1209 Ecclesiam
1229 1156 1319 1209 ille
1348 1171 1500 1208 suam
1533 1156 1765 1208 revisere

192 1253 401 1320 nequiit
427 1265 573 1304 anno
613 1248 736 1310 560,
780 1248 882 1308 nisi
931 1229 1177 1308 Romam,
1202 1260 1311 1315 quo
1342 1261 1370 1298 a
1413 1245 1631 1298 Tiberio
1658 1244 1766 1296 Ro-

192 1344 342 1397 mani
372 1341 645 1412 pontiﬁcis
685 1338 739 1393 in
774 1334 961 1393 Sicilia
1015 1339 1254 1391 exarcho
1287 1336 1383 1403 (ita
1412 1338 1645 1405 appellat
1667 1336 1766 1390 Le-

191 1438 400 1499 ontius,
450 1436 543 1505 qui
611 1434 750 1487 forte
814 1432 1075 1485 Romana:
1128 1431 1379 1485 Ecclesiae
1402 1432 1675 1495 defensor,
1703 1434 1767 1485 de

192 1543 304 1596 quo
361 1529 490 1582 alibi
556 1526 756 1593 dicam)
801 1525 1149 1588 amaudatus,
1184 1524 1413 1579 subierit.
1467 1540 1612 1576 anno
1640 1524 1763 1585 556,

195 1622 384 1673 mense
416 1617 710 1672 Novembri
738 1633 753 1678 ;
781 1617 849 1668 ab
872 1631 938 1668 eo
970 1616 1115 1669 enim
1152 1616 1217 1668 ad
1257 1616 1379 1668 ldus
1414 1613 1613 1683 Aprilis
1640 1615 1763 1677 539,

196 1712 323 1764 cum
350 1708 724 1763 Christianum
770 1705 977 1759 Pascha
1015 1706 1346 1759 celebratum
1398 1706 1563 1774 (quod
1598 1708 1765 1761 disci-

198 1812 323 1853 lnus
350 1815 414 1853 ex
448 1799 598 1869 cyclo
633 1798 764 1852 solis
795 1798 847 1860 8,
880 1799 1022 1851 lunae
1053 1797 1105 1860 9,
1146 1797 1326 1851 littera
1356 1797 1671 1853 Dominicali
1701 1794 1763 1863 E,

200 1892 440 1947 termino
482 1891 749 1956 Paschali,
784 1891 816 1945 6
869 1892 1092 1960 Aprilis)
1154 1902 1300 1945 recte
1339 1892 1559 1960 colliges
1596 1890 1767 1945 annos

195 1985 251 2049 ‘2,
286 2000 501 2039 menses
529 1985 580 2048 5,
623 1993 680 2037 ut
704 1998 950 2039 reversus
978 1985 1193 2038 tandem
1236 1984 1588 2053 Agrigentum
1626 1999 1769 2037 anno

197 2079 506 2148 insequenti
550 2077 713 2130 fuerit
771 2077 918 2145 regia
950 2091 1012 2129 ex
1043 2076 1206 2139 Urbe,
1253 2077 1343 2131 ubi
1393 2076 1602 2131 Pascha
1644 2094 1764 2144 per-

197 2170 327 2238 egit.
362 2169 525 2237 Atqui
584 2183 713 2221 vero
768 2181 910 2221 anno
946 2166 1049 2221 556
1085 2176 1138 2221 et
1179 2168 1552 2237 pontilicatum
1586 2170 1772 2223 obibat

202 2258 458 2329 Vigilius,
499 2270 553 2313 et
600 2258 1075 2328 Constantinopoli
1150 2258 1399 2328 degebat,
1453 2270 1502 2312 ut
1545 2260 1770 2327 proinde

198 2355 521 2423 Gregorium
552 2355 736 2407 Itonia:
768 2354 821 2406 in
852 2359 1099 2407 carceres
1149 2353 1383 2406 condere
1408 2353 1548 2405 haud
1582 2357 1769 2421 quive-

201 2447 291 2510 rit,
327 2460 504 2515 neque
544 2446 812 2514 accipere,
856 2458 993 2513 quas
1036 2443 1287 2499 Tiberius
1325 2447 1599 2501 exarchus
1631 2447 1770 2502 seri-

197 2545 420 2603 pserat,
466 2533 676 2587 litteras
697 2573 712 2597 ,
767 2532 987 2601 quando
1012 2548 1089 2587 ea:
1140 2535 1348 2588 traditae
1378 2537 1644 2603 pontiﬁci,
1675 2540 1771 2607 qui

200 2622 387 2677 Roma:
415 2624 755 2676 versabatur.
787 2621 968 2688 Quare
1001 2638 1124 2678 cum
1162 2640 1307 2679 anno
1332 2625 1434 2680 556
1465 2624 1770 2682 Romanum

199 2717 510 2782 pontiﬁcem
542 2724 753 2784 gereret
784 2715 1035 2784 Vigilius,
1064 2731 1187 2770 cum
1216 2733 1362 2772 anno
1385 2719 1489 2772 559
1517 2721 1770 2789 Pelagius

198 2805 461 2862 Romana:
521 2806 777 2863 Ecclesiae
853 2810 1064 2862 clavum
1129 2817 1471 2878 temperaret,
1534 2828 1770 2883 cumque

199 2899 586 2967 insuper,qui
635 2897 954 2968 Gregorium
1010 2899 1259 2962 absolvit,
1312 2900 1453 2954 idem
1512 2917 1684 2957 annos
1713 2904 1770 2971 2,

192 3004 415 3042 menses
461 2988 495 3040 5
551 2989 781 3041 vinculis
842 2998 896 3043 et
946 2989 1191 3042 custodia
1253 2993 1573 3054 coercuerit,
1624 2995 1771 3061 quod

194 3081 542 3149 apertissime
578 3089 810 3133 testatur
848 3081 1130 3143 Leontius,
1192 3094 1534 3151 consequens
1577 3094 1677 3145 est,
1717 3086 1771 3138 in

1864 608 1940 661 rei
1971 606 2175 660 veritas
2208 613 2465 674 emergat.
2500 605 2653 669 Quod
2704 607 3001 677 Agrigento
3047 604 3431 675 Carthaginem

1863 698 2085 755 solverit
2114 696 2410 766 Gregorius
2438 697 2611 767 pridie
2642 696 2760 750 Kal.
2801 699 2994 763 .lulias,
3030 702 3206 768 eoque
3242 715 3433 767 perve-

1862 790 2002 841 nerit
2028 795 2147 858 post
2172 790 2288 842 dies
2324 792 2378 852 5,
2412 790 2463 843 iu
2506 791 2931 845 controversiam
2965 807 3070 845 non
3106 793 3271 854 venit,
3310 808 3430 845 nam

1864 897 1925 934 ex
1971 883 2246 936 luculento
2298 882 2508 937 Leontii
2561 882 2875 935 testimonio
2934 883 3223 938 discimus.
3276 884 3432 948 Quod

1866 974 2047 1032 itidem
2083 975 2414 1043 Carthagine
2441 990 2563 1027 cum
2606 973 2807 1036 Marco,
2850 973 3168 1042 Serapione,
3207 976 3435 1032 Leontio

1870 1066 2152 1120 monachis
2179 1067 2452 1135 profectus
2488 1065 2749 1135 Tripolim
2787 1066 3085 1128 advenerit,
3122 1069 3351 1134 expletis
3384 1070 3433 1120 in

1868 1157 2059 1212 itinere
2089 1158 2280 1213 diebus
2301 1160 2390 1223 20,
2436 1159 2620 1226 ibique
2648 1159 2957 1212 diversatus
3012 1173 3253 1211 mensem
3308 1160 3438 1213 inte-

1867 1262 2044 1315 grum,
2091 1248 2328 1315 indeque
2381 1249 2579 1299 iterum
2617 1247 2901 1314 navigans,
2939 1258 3286 1314 quatuorque
3313 1247 3434 1298 navi

1871 1338 2160 1409 impositus
2186 1354 2401 1394 menses
2428 1339 2687 1407 exegerit,
2712 1339 3039 1405 tandemque
3065 1336 3436 1408 Hierosolyma

1868 1433 2116 1495 subierit,
2162 1432 2233 1484 ita
2287 1440 2405 1483 uta
2450 1429 2798 1498 Carthaginis
2830 1430 2978 1483 abitu
3015 1431 3080 1482 ad
3135 1430 3439 1499 Hierosoly-

1868 1538 2083 1578 morum
2116 1526 2421 1593 ingressum
2452 1538 2668 1577 menses
2706 1525 3118 1577 intercesserint
3156 1523 3189 1577 6
3223 1525 3302 1581 vel
3344 1526 3441 1576 ali-

1869 1616 1999 1684 quid
2040 1616 2274 1684 amplius
2299 1658 2311 1675 ,
2369 1615 2629 1670 Leontius
2668 1631 2821 1683 mque
2859 1617 3126 1685 perhibet,
3169 1626 3227 1670 ut
3258 1620 3441 1672 nullus

1870 1707 1961 1759 hic
2024 1706 2331 1775 ambigendi
2397 1707 2549 1759 locus
2608 1706 2867 1783 supersit.
2927 1707 3080 1772 Quod
3131 1723 3260 1761 vero
3317 1709 3441 1761 inde

1870 1799 2167 1852 Caietanus
2192 1798 2447 1852 conﬁciat
2490 1797 2861 1867 Hierosolyma
2910 1797 3226 1868 Gregorium
3273 1816 3439 1869 pene-

1871 1896 2047 1942 trasse
2077 1888 2316 1942 nondum
2346 1904 2489 1941 anno
2518 1889 2723 1957 elapso,
2759 1904 2821 1941 ex
2852 1904 2961 1957 quo
2990 1890 3163 1956 patria
3187 1892 3438 1954 evaserit,

1872 1998 1972 2036 nec
2004 1981 2159 2049 longe
2209 1997 2236 2034 a
2295 1980 2577 2042 Paschale,
2634 1981 2777 2049 quod
2824 1978 3081 2035 Leontius
3132 1982 3439 2037 confectura

1873 2083 2136 2127 memorat
2153 2073 2185 2126 6
2217 2074 2439 2142 Aprilis,
2461 2074 2608 2126 nullo
2633 2075 2793 2127 modo
2815 2075 3133 2143 probamus,
3159 2077 3200 2129 si
3224 2080 3441 2146 quidem

1871 2167 2065 2221 ducem
2091 2166 2302 2220 Leontii
2342 2165 2648 2229 historiam,
2685 2178 2742 2219 ut
2777 2166 3003 2220 omnino
3035 2166 3116 2223 I‘as
3156 2180 3257 2233 est,
3287 2172 3438 2239 sequi

1872 2260 2145 2324 velimus;
2191 2258 2320 2327 quid
2373 2257 2560 2313 enim?
2588 2256 2806 2313 Marcus
2835 2260 3026 2325 abbas,
3062 2262 3153 2330 qui
3189 2261 3444 2317 Ilii-roso-

1872 2353 2015 2423 lyma
2064 2351 2389 2420 Gregorium
2443 2352 2666 2405 deduxit
2696 2353 2784 2405 die
2820 2355 3055 2408 secunda
3099 2370 3127 2409 a
3162 2372 3298 2411 nova
3338 2358 3444 2410 lio-

1873 2444 2095 2508 minica,
2119 2457 2240 2512 qme
2268 2443 2488 2497 unicum
2522 2442 2754 2508 Pascha,
2785 2444 2929 2512 quod
2974 2445 3170 2499 ibidem
3199 2448 3441 2503 celebra-

1871 2536 1969 2602 vit,
1998 2541 2209 2599 secuta,
2237 2532 2499 2604 Tripolim
2524 2533 2693 2604 Syriae
2725 2535 3015 2604 dé'migt‘al,
3070 2554 3179 2608 quo
3227 2541 3441 2596 devenit

1874 2627 1999 2682 Kal.
2034 2625 2234 2689 Juniis,
2276 2627 2366 2681 ubi
2402 2640 2705 2681 conscensa
2738 2629 2883 2689 navi,
2920 2629 2972 2682 in
3009 2630 3249 2685 Siciliam
3287 2636 3440 2687 navi-

1874 2730 1965 2791 gat
1997 2738 2011 2786 ;
2050 2721 2163 2774 xvrt
2193 2718 2313 2773 Kal.
2344 2715 2517 2773 Julias
2552 2719 2616 2772 ad
2656 2719 3007 2775 Pleuthiadas
3037 2737 3163 2777 oras
3199 2727 3441 2793 appellit,

1874 2814 2113 2884 indeque
2151 2813 2509 2882 Acragantem
2558 2811 2803 2878 ﬂuvium,
2851 2824 3016 2882 atque
3066 2816 3193 2871 hinc
3234 2817 3444 2872 Subur-

1874 2908 2024 2963 bitim
2073 2905 2270 2974 primo,
2323 2905 2469 2974 quod
2510 2906 2813 2972 emporium
2847 2907 3321 2976 Agrigentinorum
3359 2913 3444 2963 dt-

1874 3007 2043 3061 ctum,
2067 2998 2190 3052 dein
2211 2998 2399 3051 urbem
2422 2997 2741 3066 ingreditur.
2766 2996 2946 3065 ibique
2968 2998 3054 3053 die
3081 3004 3447 3059 sanctissimis

1876 3095 2139 3164 apostolis
2167 3090 2326 3147 Petro
2358 3100 2408 3146 et
2435 3089 2603 3147 Paulo
2634 3104 2787 3146 sacra
2838 3094 3247 3160 religiosissime
3275 3102 3442 3155 culta.

195 3188 403 3226 annum
440 3172 544 3226 560
579 3172 813 3227 conferri
856 3188 962 3226 non
998 3186 1159 3240 posse
1211 3173 1457 3242 Gregorii
1485 3176 1550 3228 ad
1584 3175 1765 3230 Eccle-

1870 3188 2137 3258 postridic.
2173 3186 2421 3253 contigit,
2474 3194 2532 3237 ut
2590 3184 2831 3254 Gregorii
2882 3199 3120 3253 parentes
3167 3190 3235 3241 ad
3267 3192 3444 3245 urbem

195 3266 337 3318 siam
365 3279 519 3319 suam
552 3265 804 3317 reditum.
834 3263 967 3317 Cum
994 3280 1121 3318 vero
1152 3265 1206 3317 in
1254 3266 1478 3332 reliquis
1506 3265 1770 3322 Justiuia-

195 3357 255 3408 ni
290 3356 309 3409 Ξ
340 3356 499 3410 annis
538 3371 816 3424 nunquam
852 3355 1058 3408 incidat
1101 3356 1155 3409 il
1196 3354 1530 3425 Septembris
1568 3360 1685 3412 dies
1716 3360 1770 3412 in

197 3447 391 3499 teriam
425 3445 477 3511 7,
534 3461 680 3500 anno
732 3448 876 3500 enim
930 3447 1025 3499 561
1094 3449 1352 3501 convenit
1408 3449 1459 3500 in
1493 3448 1684 3503 feriam
1717 3452 1769 3512 1,

194 3551 346 3589 anno
367 3536 472 3589 562
502 3536 555 3589 in
598 3534 788 3590 feriam
821 3538 875 3601 2,
907 3552 1053 3590 anno
1090 3538 1193 3591 565
1222 3538 1274 3590 in
1317 3537 1503 3593 feriam
1535 3541 1587 3595 5.
1630 3555 1772 3594 anno

197 3629 305 3683 564
329 3632 381 3682 in
424 3628 614 3683 feriam
650 3628 705 3690 5,
735 3644 881 3682 anno
909 3629 1013 3683 565
1045 3630 1099 3682 in
1135 3630 1323 3683 feriant
1350 3631 1404 3693 6,
1432 3631 1625 3684 doceat
1651 3644 1770 3685 tan-

198 3723 323 3775 dem
358 3721 677 3784 Caietanus,
706 3736 877 3790 ecqua
902 3722 1139 3776 ineunda
1172 3725 1276 3783 via,
1317 3739 1423 3792 qua
1450 3724 1768 3794 Gregorium

199 3814 682 3882 Agrigentinorum
742 3814 1061 3882 episcopum
1119 3815 1171 3867 in
1242 3815 1534 3870 .lustiniani
1593 3817 1768 3885 Magni

197 3913 447 3974 tempora
493 3907 1004 3968 eonferamus,cum
1038 3916 1146 3959 tam
1200 3909 1388 3970 multa,
1430 3924 1603 3978 eaque
1632 3924 1769 3978 pou-

195 3999 345 4051 deris
404 3996 714 4068 graviSSimi
763 4007 1039 4066 comperta
1101 4000 1261 4053 nobis
1311 4003 1441 4064 siut,
1495 4016 1615 4071 quae
1647 4001 1770 4057 inde

194 4088 497 4155 abjiciant?

270 4181 381 4233 XII.
417 4179 569 4235 Nunc
590 4182 846 4251 quoniam
875 4198 981 4238 non
1018 4184 1198 4238 stabili
1234 4184 1421 4238 nititur
1450 4184 1769 4240 fundamen-

195 4283 254 4326 to
284 4273 739 4341 Cajetaniopinio
770 4272 837 4327 de
864 4272 1109 4341 Gregorii
1134 4283 1147 4338 ',
1181 4276 1266 4329 cui
1295 4278 1546 4345 imputat,
1587 4286 1766 4340 aetate,

195 4364 547 4417 commodum
604 4364 768 4426 venit,
806 4373 863 4416 ut
915 4365 1041 4433 quid
1077 4367 1176 4418 hac
1206 4366 1272 4418 de
1310 4381 1368 4419 re
1393 4368 1646 4429 sentiam,
1676 4368 1768 4421 ali-

195 4454 418 4523 quando
470 4454 686 4509 tandem
738 4467 1059 4523 proponam.
1099 4454 1239 4522 Quid
1280 4473 1408 4511 vero
1439 4473 1761 4527 proponant,

1875 3279 2100 3330 venerint
2130 3276 2423 3328 necessaria
2454 3274 2766 3342 deierantes,
2793 3284 2847 3327 ut
2866 3289 2988 3327 nato
3006 3277 3158 3343 justa
3187 3279 3441 3347 farermt;

1872 3386 1931 3422 eo
1962 3369 2214 3436 siquidem
2243 3368 2326 3419 die
2378 3365 2660 3436 Gregorius
2730 3368 2851 3420 inde
2906 3368 3226 3423 abscesserat
3276 3371 3445 3440 pridie

1872 3460 1995 3513 Kal.
2019 3458 2220 3511 Iulias.
2256 3458 2532 3529 Lacrymis
2563 3460 2728 3528 igitur
2782 3459 3110 3531 planctuque
3141 3464 3264 3516 dum
3312 3466 3441 3518 inle-

1872 3552 1983 3606 rias
2010 3554 2229 3608 solvunt
2253 3553 2383 3614 ﬁlio,
2415 3567 2577 3621 quem
2602 3553 2796 3606 exstini
2817 3548 2929 3606 tum
2962 3562 3269 3617 autumant,
3306 3556 3445 3609 Mar-

1873 3662 1971 3699 cus
2002 3646 2308 3699 monachus
2326 3643 2499 3699 luctus
2517 3660 2738 3699 causam
2764 3646 2832 3699 ab
2855 3647 3110 3717 episc0po
3135 3648 3445 3704 Potamioiie

1873 3736 2216 3797 sciscitatur,
2250 3736 2409 3805 eique
2443 3736 2732 3804 episcopus
2765 3753 2778 3788 :
2807 3736 2947 3788 Audi
2976 3737 3222 3805 (inquit),
3264 3742 3443 3801 Pater,

1860 3829 1978 3893 jam
2016 3838 2064 3880 te
2094 3828 2221 3894 quid
2253 3826 2350 3878 hac
2382 3828 2434 3879 in
2464 3827 2590 3879 urbe
2626 3827 2829 3879 duobus
2869 3828 3059 3881 abhinc
3111 3833 3262 3882 anuis
3322 3850 3443 3883 cmi-

1873 3920 2067 3990 tigerit,
2128 3919 2385 3972 edocebo.
2433 3917 2570 3971 'l'urn
2631 3935 2745 3972 rem
2800 3922 3138 3989 exsequitur,
3194 3938 3440 3982 narrans.

1869 4025 2011 4079 quos
2044 4012 2291 4081 lugentes
2335 4010 2567 4073 videret,
2602 4019 2853 4078 parentes
2894 4030 3013 4065 esse
3054 4012 3299 4081 Gregorii
3351 4034 3443 4066 t‘ii-

1865 4102 2083 4171 jusdam
2111 4102 2325 4154 eximia:
2351 4099 2461 4170 spei
2495 4092 2878 4161 adolescentis,
2930 4103 3022 4167 qui
3075 4103 3440 4157 archidiaconi

1868 4195 2175 4263 disciplina:
2210 4194 2555 4247 concreditus
2597 4209 2659 4247 ex
2701 4195 2933 4247 civit-itis
2965 4196 3138 4249 oculis
3184 4198 3441 4264 eruperit.

1870 4287 2113 4357 Agejam
2160 4284 2203 4339 si
2233 4286 2530 4355 Gregorius
2594 4287 2784 4355 patriis
2838 4287 3038 4340 ﬁnibus
3086 4288 3221 4341 abiit
3275 4291 3445 4357 pridie

1875 4377 1993 4432 Kal.
2052 4372 2245 4440 .lulias,
2279 4382 2322 4431 si
2366 4379 2612 4447 Sequenti
2642 4394 2786 4432 anno
2834 4379 3047 4433 Marcus
3109 4382 3272 4435 abbas
3321 4398 3444 4436 cum

1873 4470 2135 4540 Gregiirio
2178 4471 2571 4540 Hierosolymis
2604 4473 2890 4526 Paschalis
2927 4474 3186 4527 solemnia
3217 4474 3439 4544 peregit,

195 4548 303 4600 nisi
330 4548 470 4613 quod
498 4562 563 4600 ex
615 4547 923 4617 Menologio
993 4548 1178 4602 Basilii
1212 4549 1227 4600 Ι
1258 4551 1397 4618 Aug.
1445 4554 1769 4605 auctoritate
1803 4556 1845 4612 Ι)
1875 4563 2155 4631 alteroque
2187 4577 2216 4615 τι
2247 4577 2382 4616 nova
2424 4562 2701 4615 Dominica
2735 4563 2823 4615 die
2866 4563 2991 4616 inde
3038 4565 3314 4634 digressus
3352 4568 3439 4618 de-

192 4648 367 4702 edito,
391 4653 457 4690 ex
499 4637 812 4693 Summario
858 4638 1206 4708 Gregorianm
1261 4642 1384 4692 vita:
1407 4639 1592 4697 Graece
1628 4643 1771 4696 scri-

195 4736 311 4795 pto,
344 4742 410 4781 ex
460 4727 644 4782 Niceta
684 4732 953 4785 monacho
1010 4732 1239 4796 Studite,
1290 4748 1354 4785 ex
1392 4731 1620 4787 Leontio
1674 4749 1770 4787 no-

191 4826 333 4878 stro.
366 4835 429 4871 ex
462 4818 825 4886 Metaphraste
856 4821 1164 4885 haurimus,
1205 4822 1271 4874 ad
1299 4836 1360 4875 ea
1400 4822 1609 4876 scilicet
1627 4823 1770 4877 refe-

194 4906 425 4960 rendam
462 4917 704 4977 tempora
746 4907 1066 4978 Gregorium
1102 4951 1116 4975 ,
1153 4912 1355 4979 quibus
1381 4910 1771 4965 Constantino—

192 4999 307 5068 poli
343 5003 681 5055 aacumenica
719 5017 769 5054 vi
822 5005 1063 5071 synodus
1094 5004 1354 5057 adversus
1388 5003 1770 5059 Monothelita's

192 5100 409 5157 coacta,
442 5092 776 5163 proindequc
820 5095 1024 5148 vixisse
1076 5096 1176 5147 sub
1206 5096 1377 5165 Augg.
1411 5094 1771 5152 Constantino

193 5179 502 5250 Pogonato,
551 5196 604 5237 et
664 5183 977 5238 Justiniano
1012 5185 1077 5247 II,
1111 5187 1195 5239 cui
1236 5202 1263 5239 a
1310 5189 1501 5242 recisis
1544 5190 1768 5243 naribus

192 5287 342 5325 anno
369 5271 475 5326 695
520 5274 587 5327 ab
653 5274 899 5335 Leontio,
956 5277 1047 5343 qui
1097 5279 1243 5344 regio
1300 5292 1329 5329 e
1373 5278 1766 5343 thronoejeeit,

196 5362 534 5420 Rhinotmeti
588 5380 889 5435 cognomen
954 5367 1219 5420 inditum?
1267 5367 1410 5421 Nihil
1444 5370 1610 5439 igitur
1643 5373 1768 5432 novi

193 5455 457 5522 afferam;
513 5466 725 5512 tantum
771 5458 1020 5523 efﬁciam,
1057 5474 1122 5513 ne
1182 5473 1343 5528 quem
1384 5460 1627 5528 Cajetani
1673 5479 1769 5514 no-

195 5548 364 5603 minis
386 5551 708 5614 auctoritas,
774 5567 895 5616 qure
926 5551 1143 5620 quidem
1185 5566 1417 5613 summa,
1449 5569 1479 5607 e
1507 5555 1614 5607 veri
1657 5563 1769 5608 tra-

197 5640 328 5693 mite
374 5642 674 5709 propulset.

270 5731 409 5785 Xlil.
441 5732 721 5801 Principio
758 5737 1119 5801 componendi
1168 5737 1299 5789 mihi
1335 5736 1578 5803 Gregorii
1619 5740 1765 5801 anni,

195 5823 289 5888 qui
321 5840 347 5873 a
380 5827 567 5891 patria:
599 5824 843 5879 discessu
881 5828 944 5877 ad
1002 5827 1248 5893 episcopi
1294 5828 1765 5898 inauguratiOnein

516 5920 781 5979 Parma.
828 5920 920 5980 GR
987 5920 1247 5981 XCVIII.

1875 4654 2089 4709 sinente
2110 4651 2272 4708 Junio
2297 4656 2650 4722 Agrigentum
2690 4656 2954 4720 pervenit,
3004 4656 3288 4724 pridieque
3324 4655 3440 4710 Kal.

1872 4745 2043 4800 Julias
2074 4740 2324 4815 Gregorii
2358 4754 2609 4813 parentes
2639 4745 2784 4798 videt
2816 4746 2961 4811 justa
3000 4747 3108 4798 tilio
3161 4742 3442 4806 facientes.

1873 4842 2019 4887 certe
2044 4833 2257 4900 quidem
2291 4848 2355 4887 eo
2387 4834 2473 4886 die
2521 4849 2662 4887 unus
2718 4836 3089 4889 numerandus
3139 4852 3336 4901 annus,
3378 4856 3442 4893 ev

1873 4939 1980 4991 quo
2007 4924 2268 4977 Chariton
2323 4933 2375 4977 et
2416 4916 2689 4977 Theodote
2721 4924 3099 4979 dulcissimum
3148 4930 3442 4996 optimum-

1872 5030 1977 5083 que
2012 5017 2206 5082 piguus
2249 5015 2573 5069 amiserunt.
2611 5008 2821 5068 Ateuim
2852 5017 3139 5084 episcopus
3165 5019 3442 5071 biennium

1873 5115 2058 5156 narrat
2088 5121 2098 5155 :
2127 5119 2411 5172 perperam
2449 5108 2614 5175 igitur
2646 5107 2936 5160 Caietanus
2966 5110 3183 5161 unicum
3223 5124 3445 5177 percen-

1872 5204 1952 5247 Set
1992 5209 2217 5257 annum,
2247 5211 2311 5249 ex
2354 5212 2463 5265 quo
2506 5196 2802 5266 Gregorius
2840 5199 3013 5266 patria
3055 5192 3441 5254 domoexceso

1874 5286 2025 5343 serit.
2063 5299 2115 5339 et
2145 5285 2354 5341 Marcus
2380 5287 2625 5357 Gregorii
2667 5288 2859 5340 ductor
2895 5287 3441 5358 llierosolymitanam

1875 5377 1940 5429 ad
1986 5379 2480 5446 peregrinationem
2515 5376 2865 5449 Agrigentum
2916 5380 3307 5451 Hierosolymis
3353 5392 3437 5434 ιω-

1874 5471 2036 5523 venit.
2067 5467 2230 5536 Quid,
2269 5473 2410 5541 quod
2437 5475 2677 5540 ejusdem
2712 5474 2913 5527 biennii
2960 5474 3307 5530 manifestum
3352 5492 3441 5531 e1.-

1872 5546 1980 5613 stat
2004 5560 2293 5627 vestigium
2319 5564 2370 5613 in
2405 5578 2603 5622 rerum,
2634 5578 2769 5630 quas
2806 5560 3065 5631 Leontius
3101 5570 3441 5633 exsequitur,

1873 5652 2183 5704 narratione
2215 5668 2244 5705 a
2298 5651 2545 5722 Gregorii
2583 5668 2808 5707 excessu
2837 5655 2900 5707 ad
2941 5654 3436 5725 Hierosolymorum

1873 5742 2187 5803 adventum,
2219 5745 2402 5812 ibique
2432 5756 2555 5797 acta
2599 5747 2873 5814 paschalia
2905 5749 2925 5798 ?
2960 5750 3044 5800 Ait
3079 5752 3273 5817 primo.
3311 5751 3407 5801 Gr:

1872 5834 2084 5903 gorium
2113 5835 2439 5905 Carthagine
2480 5840 2713 5905 hospitio
2753 5850 3035 5906 exceptum
3064 5843 3131 5892 ab
3160 5844 3271 5910 ipso
3310 5856 3432 5894 nae~

2963 5935 2991 5951 |\

2960 5937 3033 5994 33
