4144 6448
755 372 901 435 1195
1634 378 1731 438 DE
1772 378 2029 439 ΙΕΤΑἹἘ
2061 381 2119 440 S.
2148 379 2301 441 GRE

2400 380 2527 440 lRII
2584 380 2899 443 AGRIGE'.
2942 383 3097 443 "‘iNl
3886 384 3993 451 11$

751 487 923 551 clero,
949 485 1046 557 qui
1099 485 1229 540 illuc
1276 484 1617 549 deduxerat;
1656 486 1747 541 ubi
1796 503 1971 541 rerum
2026 488 2305 541 dicinarun

742 577 1280 635 commentationibus
1333 576 1542 631 deditus
1595 587 1709 645 post
1756 579 1975 631 biduum
2013 578 2323 646 aliquando,
2500 586 2623 640 675.
2666 631 2679 644 .
2762 632 2775 645 .
2858 628 2873 643 .
2956 630 2968 642 .
3054 631 3067 643 .
3148 629 3161 641 .
3244 627 3259 643 .
3340 633 3355 649 ,
3437 631 3451 643 ,
3532 631 3545 642 .
3632 633 3683 655 ._
3734 632 3749 643 .
3828 631 3844 643 .
3912 633 3925 645 ,
3988 637 3997 647 ,

752 670 1036 741 aliquando
1094 679 1210 739 post
1289 670 1561 733 triduum,
1624 686 1998 740 nonnunquam
2064 672 2305 741 intcgran

2497 691 2623 747 676.
2659 690 2733 745 Ex
2762 708 2951 747 eremo
2982 694 3125 749 redit
3156 691 3563 762 Hierosolyma,
3602 692 3797 761 ibique
3819 695 3995 765 integro

748 762 909 817 etiam
940 760 1548 829 hebdomadumjejunus
1607 763 1951 831 transigere;
1996 770 2160 831 atque
2198 762 2323 818 hinc
2424 805 2570 845 ωηο
2603 792 2875 847 (κηδεύει,

750 850 1941 967 ἱῗξῗξξίὲἶξξῃῗῗξηἓωῖνῗὶῗῖθε-,ῬΒἮἯ
1991 851 2322 967 effligi":
2493 891 2617 948 677.
2649 893 3040 967 Hierosolymis
3078 896 3354 965 demigrat
3384 896 3743 952 Antiochiam
3800 912 3852 949 iv
3896 896 3995 953 loss

748 944 943 1000 fecisse
978 942 1319 1013 Gregorium.
1377 941 1623 996 Subinde
1680 952 1966 1007 memorat,
2021 951 2187 997 tanta:
2242 944 2318 998 rei

746 1038 1001 1091 nuntium
1051 1034 1505 1090 admirabundum
1549 1034 1817 1103 hospitem
1841 1034 2094 1090 retulisse
2126 1036 2319 1090 civita-

746 1128 819 1183 tis
852 1140 1129 1199 episcopo,
1156 1126 1251 1194 qui
1282 1124 1604 1196 Gregorium
1637 1125 1740 1180 sibi
1786 1126 2016 1181 arcessit
2050 1142 2064 1191 ;
2120 1136 2317 1195 praesto

747 1219 1072 1288 Gregorium
1100 1217 1272 1273 fuisse
1298 1235 1311 1271 ε
1343 1218 1506 1272 rebus
1536 1217 1811 1281 omnibus,
1838 1232 1977 1287 quas
2002 1232 2031 1271 a
2058 1219 2315 1287 pontiﬁce

746 1318 990 1379 rogatus,
1016 1308 1211 1364 iecisse
1244 1309 1377 1363 satis
1415 1326 1428 1362 :
1469 1316 1582 1362 tuin
1612 1307 1831 1361 demum
1885 1307 2125 1376 petiisse,
2186 1322 2316 1361 san-

744 1411 830 1459 cte
872 1402 975 1457 sibi
1025 1407 1431 1471 apprecantur,
1469 1414 1578 1468 quo
1626 1398 1918 1452 consilium
1964 1412 2123 1452 suum
2155 1414 2312 1454 sacra

745 1492 1248 1561 Hierosolymorum
1307 1489 1424 1542 lora
1483 1489 1743 1542 adorandi
1801 1490 2005 1558 optime
2050 1490 2308 1544 cederet:

746 1585 943 1648 fausta,
1003 1566 1235 1652 propitia
1292 1582 1592 1636 ominatum
1642 1580 1981 1651 episcOpum,
2039 1581 2310 1649 simulque

744 1692 933 1732 orasse
966 1677 1103 1743 apud
1134 1675 1302 1744 ipsum
1335 1673 1403 1726 ad
1436 1674 1594 1742 festos
1625 1690 1790 1742 usque
1841 1682 2147 1742 sanctosque
2197 1675 2306 1727 dies

744 1777 976 1822 maneat.
1008 1766 1105 1821 llic
1131 1781 1316 1836 quaero
1355 1767 1576 1835 quinam
1604 1765 1656 1817 hi
1685 1763 1830 1825 fesri,
1856 1765 2140 1832 sanctique
2165 1764 2302 1829 dies,

2419 994 2641 1063 Aprilis,
2676 1007 3034 1065 moraturque
3058 1012 3267 1050 annum
3295 1012 3334 1049 I.

2487 1093 2610 1148 678.
2647 1095 2935 1150 Antiochia
2979 1098 3201 1152 divenit
3251 1098 3822 1165 Constantinopolim,
3859 1098 3936 1151 ubi
3967 1116 3989 1153 a

2418 1183 2703 1240 Theodoro
2736 1190 3042 1256 patriarcha
3069 1190 3373 1254 detinetur,
3399 1204 3512 1259 quo
3551 1190 3777 1242 indictae
3814 1192 3989 1259 synodo

2415 1280 2764 1333 meumenicze
2802 1281 3039 1334 intersit.

2483 1477 2605 1534 680.
2643 1480 2892 1535 Concilio
2926 1497 2974 1534 vi
3005 1450 3372 1543 mcuinenico,
3406 1497 3467 1534 111
3497 1483 3983 1547 Constantinopoli.

2413 1578 2541 1624 tano
2558 1572 2732 1635 adest,
2761 1571 3004 1639 episcOpi
3042 1570 3288 1624 Sardicze
3312 1569 3657 1624 Constantizn
3689 1570 3850 1639 Cypti
3881 1588 3979 1639 per-

2410 1676 2602 1715 sonam
2659 1676 2874 1731 gerens,
2936 1662 3302 1731 haeresimque
3356 1663 3845 1715 Monothelitaium
3877 1678 3981 1733 prr-

2408 1750 2578 1821 ﬂigat.

746 1861 849 1913 nisi
880 1867 972 1912 aut
1000 1823 1203 1911 Chriin
1239 1823 1469 1921 Natalia,
1499 1864 1593 1909 aut
1627 1823 1961 1930 Paschaliaz
2003 1823 2142 1922 Ergo
2181 1823 2304 1907 cum
2341 1823 2381 1878 Β
2479 1852 2604 1906 681.
2626 1851 3095 1921 Constantinopoli
3131 1853 3340 1921 appetit
3371 1852 3622 1916 Romam,
3662 1868 3827 1920 quam
3861 1854 3963 1905 subi

741 1951 1245 2019 Carthaginiensem
1315 1949 1631 2017 epi5c0pum
1691 1948 1945 2001 convenit
1990 1946 2305 2016 Greg0rius,

740 2060 849 2098 non
880 2042 1070 2114 procul
1102 2042 1288 2096 aberat
1338 2042 1452 2095 sive
1496 2040 1693 2094 natalis
1746 2038 1951 2094 Christi
2006 2040 2144 2104 dies,
2196 2038 2309 2092 sive

741 2135 947 2191 Pascha
979 2154 990 2189 :
1022 2136 1149 2206 quis
1170 2135 1315 2188 enim
1348 2134 1448 2187 sibi
1497 2134 1746 2197 suadeat,
1790 2133 2142 2202 proposuisse
2196 2133 2310 2202 epi-

738 2243 966 2299 scopum
1031 2228 1098 2281 ad
1154 2226 1421 2280 diutinum
1475 2234 1688 2292 tempus
1748 2223 1975 2277 detineri
2032 2223 2305 2278 hominem

738 2317 1116 2390 proficiscendi
1162 2316 1431 2370 desiderio
1452 2314 1808 2384 ﬂagrantem?
1831 2314 2045 2368 Interim
2069 2313 2307 2383 (subjicit

738 2410 1020 2479 Leontius)
1050 2410 1290 2465 nondum
1340 2408 1528 2463 aderat
1562 2406 1777 2463 Marcus
1830 2408 2021 2473 abbas,
2070 2408 2163 2475 qui
2210 2406 2304 2461 Dei

740 2505 952 2558 monitu
981 2500 1304 2569 Gregorium
1338 2498 1713 2569 Hierosolyma
1759 2500 2078 2569 perduceret
2109 2517 2120 2551 :
2154 2498 2307 2552 adest

736 2590 954 2649 tandem
1017 2608 1139 2648 cum
1200 2591 1537 2660 Serapione,
1598 2601 1652 2644 et
1698 2590 1945 2655 Leontio,
1991 2589 2306 2657 exactisquc

735 2686 1068 2755 Carthagine
1096 2692 1331 2754 quatuor
1356 2683 1582 2736 omnino
1606 2682 1820 2743 diebus,
1852 2698 1960 2735 una
1999 2696 2189 2735 omnes
2218 2680 2303 2734 di-

736 2779 1079 2849 grediuntur.
1118 2774 1179 2829 Et
1211 2790 1338 2830 vero
1362 2790 1484 2829 cum
1521 2776 1810 2829 considero
1830 2774 2127 2828 exhaustos
2167 2774 2304 2827 mari

736 2866 1057 2936 aGrcgorio
1108 2880 1230 2918 cum
1287 2865 1575 2918 monachis
1632 2878 1850 2917 menses
1903 2864 1957 2928 5,
2014 2873 2302 2934 postquam

734 2962 1063 3033 Carthagine
1116 2948 1472 3023 recesserint,
1523 2966 1581 3010 ut
1628 2964 1843 3026 portum
1897 2956 2130 3023 aliquem
2183 2952 2305 3009 sub-

744 3056 907 3117 irent,
938 3052 1079 3106 unde
1101 3050 1473 3119 Hierosolyma
1497 3048 1704 3117 pedites
1742 3047 2152 3110 contenderent,
2189 3045 2306 3098 nul-

739 3147 829 3201 lus
858 3144 1122 3209 dubitem,
1176 3140 1307 3211 quin
1362 3152 1612 3207 suscepta
1662 3138 1733 3191 sit
1780 3136 2052 3205 navigatio
2105 3134 2303 3189 clausis

738 3239 983 3293 nuribus
1022 3234 1267 3304 proxime
1315 3230 1516 3285 Christi
1582 3229 1825 3295 Natalia;
1862 3244 1987 3281 cum
2041 3237 2301 3296 opportu-

735 3326 877 3383 niori
926 3325 1054 3379 anni
1099 3330 1419 3390 tempestate
1472 3335 1541 3373 ne
1594 3320 1799 3373 mensis
1842 3318 2060 3386 quidem
2115 3317 2305 3370 fuisset

737 3417 925 3488 pelago
970 3412 1357 3469 absumendus.
1408 3410 1594 3478 Itaque
1642 3408 1688 3463 si
1727 3423 1756 3463 a
1799 3407 2143 3476 Carthaginis
2192 3406 2303 3459 dis-

734 3523 894 3563 cessu
922 3505 989 3561 ad
1027 3503 1386 3573 navigationis
1424 3503 1627 3555 exitum
1665 3515 1881 3555 menses
1914 3498 1948 3553 6
1995 3500 2101 3552 acti
2153 3497 2332 3567 (name

737 3599 1028 3655 menseml
1066 3595 1273 3665 Tripoli
1297 3594 1639 3660 consedere),
1665 3594 1818 3663 sique
1872 3590 2151 3646 Decembri
2186 3588 2301 3641 vela

737 3687 1067 3756 Carthagine
1096 3684 1293 3747 fecere,
1324 3698 1406 3737 nae
1441 3682 1801 3752 navigationis
1844 3681 1967 3734 linis
2014 3678 2301 3747 impositus

736 3781 922 3844 Juuio,
972 3779 1218 3847 ideoque,
1267 3776 1576 3838 minimum,
1627 3772 1774 3827 Julio
1808 3770 2181 3840 Hierosolyma
2218 3770 2298 3822 in-

736 3870 931 3941 gressi,
963 3878 1076 3924 tum
1106 3866 1251 3936 quod
1298 3865 1389 3919 illa
1439 3865 1667 3931 nimium
1726 3870 1990 3931 quantum
2038 3861 2218 3914 absint
2268 3872 2300 3912 a

737 3963 900 4026 mari,
955 3974 1067 4016 tum
1126 3958 1271 4029 quod
1311 3960 1411 4011 iter
1445 3952 1662 4010 nonnisi
1690 3955 1937 4023 pedestre
1964 3950 2297 4005 coniectum.

736 4054 927 4109 Jamne
954 4059 1177 4123 apparet
1205 4049 1436 4109 Pascha,
1494 4045 1639 4116 quod
1694 4043 2088 4111 Hierosolymis
2133 4042 2302 4096 coluit

736 4146 1055 4216 Gregorius,
1090 4158 1195 4197 non
1230 4142 1491 4212 primum,
1523 4139 1614 4193 sed
1647 4130 1872 4190 alterum
1920 4136 2109 4198 fuisse,
2154 4134 2298 4202 quod

735 4238 1115 4297 celebrandum
1144 4233 1402 4295 occurrit,
1452 4240 1738 4299 postquam
1779 4228 2005 4296 patriam
2044 4226 2299 4279 deserue-

736 4328 849 4384 rit?
878 4325 970 4381 llis
1002 4324 1211 4396 positis,
1238 4335 1502 4376 canonem
1540 4319 1685 4371 hunc
1731 4316 2034 4376 instituam,
2088 4313 2179 4383 qui
2230 4313 2296 4365 ad

735 4434 960 4474 examen
995 4414 1223 4471 subinde
1267 4411 1570 4473 vocabitur,
1604 4423 1712 4478 quo
1762 4420 1869 4469 res,
1911 4421 2030 4474 qua:
2086 4405 2137 4456 in
2182 4418 2295 4457 me-

736 4514 886 4569 dium
914 4509 1078 4571 venit,
1112 4504 1443 4575 ponderibus
1482 4502 1596 4555 suis
1641 4500 1903 4555 tirinetur.

806 4598 945 4654 XIV.
989 4602 1137 4652 Anno
1166 4594 1386 4647 Christi.
1647 4650 1657 4661 ,

804 4688 929 4743 069.
960 4685 1134 4753 lfridie
1160 4681 1271 4735 Kal.
1316 4679 1487 4733 Julias
1528 4677 1819 4747 Agrigento
1867 4672 2028 4728 solvit
2074 4674 2297 4726 Cartha-

734 4781 912 4851 ginem
935 4776 1251 4845 Gregorius,
1286 4774 1376 4826 ubi
1416 4778 1538 4839 post
1562 4770 1675 4823 dies
1705 4776 1813 4822 tres
1852 4765 2133 4821 exscendit
2166 4763 2293 4817 inde

736 4872 1013 4940 digressus
1048 4880 1232 4920 mense
1256 4862 1556 4918 Decembri.

805 4963 927 5020 670.
989 4961 1221 5032 Appellit
1266 4956 1524 5027 Tripolim
1581 4970 1763 5008 mense
1806 4951 2084 5013 Januario,
2121 4949 2300 5017 ibique

740 5071 923 5116 mense
963 5061 1235 5109 transacto
1257 5050 1468 5119 navigat
1500 5050 1716 5107 iterum,
1746 5043 2117 5110 coniectisque
2151 5057 2301 5096 men-

740 5149 893 5201 sibus
921 5146 951 5197 ι
974 5184 987 5207 ,
1030 5140 1397 5210 Hierosolyma
1431 5139 1574 5193 venit
1603 5135 1745 5190 Julio
1776 5150 1983 5189 mense.

808 5232 1102 5309 304671.
1125 5232 1509 5301 Hierosolymis
1531 5227 1737 5283 Pascha
1758 5227 2061 5281 celebratur
2081 5225 2113 5279 6
2140 5224 2297 5293 Apri-

737 5328 806 5383 lis
844 5345 857 5381 :
899 5325 1216 5379 Pentecoste
1243 5321 1484 5376 diacoois
1507 5329 1825 5373 accensetur
1859 5332 1889 5371 a
1920 5316 2154 5374 Macario
2178 5317 2295 5384 epi-

738 5432 951 5488 scopo;
990 5414 1181 5470 deinde
1218 5416 1269 5466 in
1322 5410 1589 5466 Olivetnm
1656 5420 1889 5466 montem
1942 5408 2075 5471 abit,
2105 5421 2296 5461 mona-

737 5510 963 5566 chorum
997 5506 1135 5559 lares
1170 5512 1434 5574 peragrat,
1480 5501 1533 5554 in
1566 5501 1739 5570 iisque
1788 5514 1990 5553 annum
2023 5498 2189 5567 degit.

842 5596 930 5653 72.
978 5599 1053 5653 Ex
1086 5599 1295 5653 Oliveto
1321 5594 1523 5651 secedit
1552 5594 1603 5647 in
1629 5605 1893 5660 eremum,
1922 5594 2009 5649 ubi
2041 5594 2170 5648 vivit
2200 5609 2298 5649 an-

739 5707 839 5747 11ος
869 5708 939 5745 ιγ.

1723 5816 1737 5831 ο
1818 5826 1826 5833 ,
1909 5816 1921 5829 δ
2003 5817 2015 5830 Ο
2096 5816 2107 5829 υ
2189 5817 2201 5830 ο
2282 5818 2295 5831 η

2412 1961 2463 1999 XI
2502 1943 2618 1998 Kal.
2656 1942 2846 2007 Julias,
2890 1947 3088 1998 exinde
3138 1946 3430 2013 episcopus
3466 1947 3753 2015 Agrigenti
3810 1963 3977 1998 rennu-

2411 2034 3029 2090 tiaturaPanormitano
3050 2036 3330 2103 Agathone
3356 2035 3415 2089 l'.
3458 2034 3551 2094 Μ..
3580 2052 3705 2088 mox
3740 2037 3971 2103 Agrigen-

2410 2136 2523 2179 tum
2581 2126 2855 2195 prol'rctus
2904 2142 3034 2180 xviii
3085 2125 3203 2179 Kal.
3260 2126 3644 2196 Septembres,
3684 2128 3868 2179 urbem
3912 2128 3975 2178 111⁸

2413 2218 2655 2290 greditur
2684 2235 2771 2273 avi
2813 2217 2931 2273 Kal.
2971 2220 3260 2275 Octobres.

2481 2318 2667 2373 XV.A
2699 2320 2945 2387 Gregorii
2983 2319 3106 2389 fuga
3158 2321 3330 2389 patria
3388 2337 3421 2375 e
3473 2321 3637 2374 domo
3689 2324 3756 2372 ad
3807 2322 3972 2372 initum

2406 2412 2772 2483 Agrigentinze
2799 2414 3065 2468 Ecclesia:
3093 2416 3490 2482 pontiﬁcatum,
3526 2415 3590 2467 15
3622 2414 3755 2466 anni
3789 2425 3973 2480 preter-

2406 2500 2515 2555 iere
2558 2520 2573 2554 :
2610 2501 2836 2556 totidem
2896 2503 3044 2557 enio.
3103 2514 3354 2557 numerat
3417 2504 3680 2558 Chariten
3750 2503 3969 2572 Cr-gmii

2406 2604 2578 2663 pater,
2637 2595 2765 2649 dum
2817 2595 2883 2649 de
2938 2597 3144 2651 amisso
3200 2596 3309 2649 lilio
3357 2596 3527 2649 ﬁliuni
3591 2597 3793 2665 ipsum.
3831 2612 3969 2662 quem

2406 2685 2584 2740 adhuc
2634 2702 2739 2740 non
2792 2696 3107 2753 agnoverat,
3165 2686 3350 2741 Roma:
3408 2690 3611 2753 docet;
3645 2686 3832 2739 Bonna
3863 2701 3970 2737 vero

2406 2775 2590 2829 aderat
2621 2792 2743 2830 cum
2771 2778 3139 2847 Agrigentinis
3167 2779 3400 2840 caeteris,
3435 2780 3528 2847 qui
3569 2780 3687 2830 dari
3733 2779 3833 2830 sibi
3869 2774 3968 2842 epi-

2408 2881 2633 2935 scopum
2671 2869 3017 2935 postulabant
3048 2884 3077 2922 a
3112 2868 3171 2922 Ρ.
3207 2868 3302 2932 LL,
3335 2870 3555 2937 quando
3588 2870 3825 2937 populus
3844 2871 3967 2920 varia

2407 2956 2462 3011 in
2495 2958 2673 3013 studia
2699 2958 2911 3014 divisus
2941 2961 2994 3012 in
3020 2976 3144 3013 eum
3171 2961 3610 3013 constituendum
3636 2975 3748 3013 non
3773 2960 3968 3026 conspi-

2406 3058 2639 3102 raverat.
2675 3046 2794 3104 Jam
2836 3052 2881 3105 si
2930 3053 3102 3120 patria
3152 3067 3406 3120 egressus
3460 3050 3760 3117 Gregorius
3821 3052 3968 3120 pridie

2331 3154 2375 3217 ο
2409 3137 2527 3193 Kal.
2560 3139 2730 3193 Jollas
2754 3143 2876 3194 anni
2911 3142 3035 3205 669,
3069 3143 3259 3197 eodem
3290 3142 3379 3195 die
3411 3144 3537 3195 anui
3573 3144 3669 3194 ost
3713 3141 3967 3194 numerari

2404 3242 2613 3299 emptus
2661 3248 2838 3286 annus
2891 3234 2957 3288 15
3001 3251 3065 3287 ex
3119 3248 3231 3303 quo
3284 3245 3438 3303 pater
3495 3235 3825 3288 Suavis'simo
3874 3231 3968 3299 tilio

2403 3323 2635 3376 carebat.
2680 3322 2796 3377 lluc
2848 3326 3078 3389 accedit,
3130 3342 3254 3379 eum
3315 3325 3618 3379 Romanum
3672 3324 3966 3394 pontiﬁcem

2403 3424 2596 3464 manus
2632 3409 2877 3478 Gregorii
2918 3415 3081 3482 capiti
3141 3415 3467 3482 imposuisse
3504 3416 3966 3484 Agrigentinorum

2401 3501 2658 3571 episcopo
2686 3504 2942 3567 creando,
2974 3505 3066 3574 qui
3095 3516 3149 3559 et
3179 3506 3403 3576 legatos,
3438 3516 3492 3559 ct
3519 3506 3809 3575 episcopos
3834 3521 3967 3558 tecu-

2402 3591 2627 3645 menicae
2658 3595 2870 3662 synodo
2919 3596 3160 3660 miserat,
3198 3598 3340 3664 quod
3372 3612 3435 3651 ex
3477 3597 3704 3651 Leontio
3750 3608 3966 3656 constat,

2402 3681 2560 3750 cujus
2583 3683 2695 3737 hinc
2728 3685 2889 3738 verba
2920 3702 2933 3737 :
2978 3684 3082 3739 Sed
3110 3688 3338 3755 episcopi
3381 3690 3436 3741 in
3466 3690 3753 3743 concilium
3789 3707 3821 3741 a
3855 3706 3966 3754 pon-

2402 3773 2540 3841 tiﬁce
2571 3776 2720 3827 missi
2742 3774 2983 3845 Gregorii
3007 3777 3255 3831 adventui
3282 3790 3655 3833 antercrtcntes
3680 3781 3963 3849 pontificem

2401 3862 2569 3930 ipsum
2613 3864 2920 3928 docuerant,
2952 3864 3191 3935 Gregorii
3220 3869 3413 3921 virtute
3458 3886 3520 3921 ac
3562 3873 3831 3937 sapientia
3875 3873 3967 3921 lia-

2401 3954 2680 4005 reticorum
2714 3956 2999 4006 audaciam
3046 3956 3500 4027 petulantiamque
3537 3976 3853 4024 repressam.
3888 3959 3965 4011 lu-

2403 4052 2540 4095 terea
2569 4043 2692 4095 dum
2726 4043 2905 4097 Romte
2934 4045 3073 4114 degit
3134 4046 3440 4117 Gregorius,
3491 4050 3626 4101 diem
3683 4051 3797 4102 obit
3838 4054 3966 4117 Agri-

2398 4133 2639 4202 gentinus
2702 4134 2973 4201 episcopus
3033 4134 3398 4205 (Theodorus)
3477 4156 3781 4207 magnaque
3854 4142 3963 4193 adeo

2399 4224 2671 4292 Agrigenti
2698 4226 2883 4277 seditio
2906 4238 3109 4289 coortu,
3146 4228 3326 4279 turbas
3364 4231 3598 4297 agitante
3624 4232 3867 4298 poplo:
3896 4243 3958 4283 at-

2398 4332 2494 4384 que
2528 4316 2580 4366 lii
2606 4317 2809 4383 quidem
2831 4315 3081 4370 Sabinum
3121 4321 3498 4388 presbyterum,
3516 4337 3702 4375 contra
3728 4325 3809 4376 illi
3831 4325 3965 4378 Cres-

2399 4418 2590 4459 centem
2611 4410 2885 4462 diaconum
2901 4412 3177 4480 eligebnnt.
3204 4411 3410 4465 Interea
3433 4415 3617 4466 delecti
3635 4433 3708 4468 ex
3732 4418 3967 4487 Agrigen-

2329 4494 2371 4547 D
2401 4501 2513 4554 tina
2542 4499 2798 4564 Ecclesia,
2828 4512 2981 4571 atque
3014 4518 3077 4555 ex
3097 4504 3336 4571 ﬁnitimis
3360 4508 3615 4573 prinwres
3647 4511 3966 4560 maiititusm

2402 4590 2500 4644 iter
2531 4594 2754 4661 ingressi
2788 4592 3002 4646 Romam
3028 4596 3303 4663 trajiciunt
3325 4639 3339 4661 ,
3371 4598 3636 4665 postulant
3686 4617 3720 4650 a
3743 4602 3968 4667 pantiﬁte

2399 4683 2500 4735 sibi
2530 4686 2825 4753 episcopum
2856 4687 3046 4749 creari.
3086 4685 3257 4741 Porro
3297 4689 3530 4757 Agatho,
3570 4706 3687 4758 quo
3731 4693 3965 4760 pontiﬁce

2400 4788 2513 4826 coal
2535 4784 2584 4826 ta
2600 4774 3067 4844 Constantinopoli
3096 4778 3335 4846 synodus
3366 4780 3736 4845 mcumenica,
3776 4784 3905 4835 obiit
3924 4796 3965 4834 Ir

2401 4865 2524 4920 ldus
2547 4864 2833 4923 ianuarias
2852 4869 2979 4922 anni
3000 4867 3123 4929 682,
3145 4883 3376 4937 eumque
3394 4881 3634 4926 secutum
3650 4873 3969 4943 interpono-

2402 4958 2579 5011 licium
2632 4959 2758 5011 anni
2820 4958 2982 5013 unius
3033 4960 3300 5013 mensium
3356 4959 3387 5010 7
3436 4960 3639 5015 dierum
3680 4964 3720 5017 5
3770 4966 3963 5031 (Anast.

2402 5047 2656 5102 Bihlioth.
2708 5049 2761 5101 in
2824 5050 3067 5118 Agath.).
3120 5049 3253 5103 Cum
3302 5065 3429 5104 vero
3466 5050 3773 5121 Gregorius
3824 5053 3964 5107 simul

2402 5156 2465 5194 ac
2495 5139 2678 5192 Roma:
2702 5140 3175 5209 Agrigentinorum
3210 5140 3493 5209 episcopus
3536 5142 3741 5206 audiit,
3795 5145 3892 5197 iter
3920 5148 3962 5195 in

2405 5227 2695 5281 Ecclesiam
2740 5244 2890 5283 suam
2923 5229 3246 5295 suscepisset
3283 5244 3411 5282 mn
3452 5226 3567 5281 Kal.
3602 5228 3962 5297 Septembres,

2402 5322 2584 5385 conﬁt,
2612 5321 2830 5373 nonnisi
2869 5335 3011 5374 anno
3042 5316 3138 5372 1181
3173 5321 3539 5388 episcopatum
3559 5321 3760 5376 iniisse
3790 5341 3803 5388 ;
3836 5326 3964 5376 inde-

2401 5427 2504 5481 que
2564 5412 2860 5464 numeratis
2918 5419 3061 5463 retro
3114 5410 3272 5463 annis
3325 5411 3387 5464 15
3428 5420 3481 5463 111
3532 5412 3752 5479 epochs
3792 5414 3962 5483 tigatur

2401 5500 2755 5570 Gregoril'ngii
2787 5517 2816 5555 e
2849 5501 3039 5569 patria,
3083 5500 3148 5553 ad
3183 5515 3383 5555 annum
3418 5504 3811 5570 perveniemus
3851 5504 3959 5561 659.

2400 5592 2714 5654 Caietanus,
2741 5591 2877 5644 nihil
2906 5592 3055 5660 pensi
3101 5592 3324 5653 habens,
3357 5592 3521 5659 quod.
3560 5606 3675 5659 quo
3722 5593 3959 5661 penance

2401 5685 2564 5745 coivit
2594 5684 3057 5752 Constantinopoli
3093 5696 3282 5753 magna
3318 5683 3571 5751 synodus.
3607 5686 3807 5740 eodem
3847 5683 3956 5737 Creo

2396 5778 2585 5848 gorius
2644 5777 3115 5845 Agrigentinorum
3155 5778 3329 5831 dictus
3370 5776 3686 5848 episcopus.
3725 5786 3953 5833 creatum
