4144 6448
189 423 324 491 1197

1522 420 2048 483 DISSERTATIO.

3304 415 3444 483 1198

174 531 329 587 illum
380 531 697 601 episcopum
753 530 1001 601 perhibet
1030 538 1059 584 a
1091 527 1328 601 Pelagio,
1362 530 1455 600 qui
1495 530 1760 586 successit
1791 537 1836 590 Α
1922 524 2081 579 XVII.
2116 524 2284 581 Vento
2307 538 2451 581 nunc
2480 524 2544 579 ad
2566 523 2845 581 Paschalis
2866 523 3261 589 characterem,
3283 538 3447 599 atque

172 624 395 695 Vigilio,
431 625 535 679 sub
573 639 684 695 quo
714 624 958 695 synodus
986 639 1015 676 ν
1065 625 1400 678 tecumenica
1451 623 1766 677 Constanti-

176 720 359 786 nopoli
392 728 651 788 peracta:
696 728 755 773 ut
799 718 1019 772 interim
1082 718 1355 785 omittam,
1411 719 1551 789 quod
1612 717 1761 771 illum

173 809 376 881 Vigilio
424 812 713 868 suﬂ‘ectum
766 810 937 865 edicit
986 826 1132 865 anno
1184 812 1327 875 555,
1390 828 1514 865 cum
1574 826 1766 880 reapse

176 904 378 959 factum
431 906 614 960 isthnc
665 921 812 959 anno
854 905 979 968 558,
1026 906 1170 974 quod
1229 915 1387 959 antea
1420 905 1763 959 demonstra-

177 996 398 1063 vimus;
454 997 549 1051 sed
614 997 720 1051 hoc
779 997 834 1050 in
876 996 996 1049 loco
1041 996 1199 1049 venia
1235 997 1435 1064 dignus
1472 996 1765 1049 Caietanus

176 1089 434 1152 Baronio,
466 1088 696 1165 aliisque
749 1088 1041 1157 ascriptus,
1096 1090 1188 1157 qui
1243 1087 1521 1142 funebrem
1581 1086 1765 1159 Vigilii

170 1197 381 1235 annum
413 1182 635 1235 voluere
661 1179 864 1234 Christi
896 1179 1289 1250 Dionysianum
1312 1179 1439 1233 555.

244 1270 391 1326 XVI.
429 1270 587 1326 Nunc
616 1286 683 1325 an
727 1270 1185 1341 Chronologismo
1227 1280 1420 1325 nostro
1456 1270 1623 1323 ullum
1683 1270 1765 1322 fa-

173 1373 359 1419 cessat
415 1364 693 1432 negotium
744 1361 960 1417 Lcontii
1016 1365 1466 1429 commentarius,
1498 1364 1764 1433 quemad-

174 1456 403 1511 modum
427 1455 690 1510 Caietano
723 1456 1021 1525 contigisse
1050 1458 1306 1524 vidimus,
1332 1474 1399 1512 an
1424 1473 1551 1512 vero
1581 1458 1764 1513 omnia

174 1548 235 1601 in
262 1547 355 1601 illo
384 1552 574 1601 exacta
614 1546 681 1600 ad
718 1544 1031 1601 Leontiante
1057 1548 1296 1602 historiae
1324 1563 1595 1611 normam,
1630 1563 1764 1602 con-

174 1640 552 1694 siderandum.
583 1637 853 1704 Primum,
889 1639 1033 1707 quod
1073 1640 1335 1695 Caietano
1383 1643 1762 1710 apposuimus,

175 1731 402 1786 Macarii
450 1730 553 1785 fuit
596 1730 1123 1801 Hierosolymitanus
1159 1733 1521 1802 episcopatus,
1565 1735 1656 1802 qni
1711 1735 1762 1786 in

174 1840 275 1879 eos
306 1839 414 1877 non
448 1823 733 1877 concurrit
776 1838 969 1887 annos,
1020 1838 1158 1892 quos
1208 1825 1500 1878 Caietanus
1544 1826 1761 1893 degisse

1870 619 1956 673 hic
1988 619 2066 672 vel
2094 634 2216 672 curn
2250 617 2478 673 Hercule
2516 632 2711 671 manus
2739 633 3026 673 conseram
3076 636 3090 672 :
3119 618 3253 673 adeo
3278 622 3447 673 victo-

1868 713 1963 765 ria:
1986 724 2189 765 certus.
2207 708 2325 775 Quo
2354 724 2499 763 anno
2527 707 2824 777 Gregorius
2847 709 3238 781 Hierosolymis
3263 727 3446 766 versa-

1870 805 2030 857 batur
2086 815 2208 855 cum
2266 802 2441 857 tribus
2499 802 2785 856 monachis
2834 802 3053 866 Marco,
3113 802 3445 873 Serapione,

1867 894 2135 958 Leontio,
2179 893 2475 948 I‘ascbales
2524 893 2672 949 feriae
2706 909 2989 963 occmpere
3027 896 3059 949 6
3104 898 3337 966 Aprilis,
3390 907 3449 950 ut

1867 984 2125 1040 Leontius
2161 995 2348 1038 noster
2389 986 2679 1054 signiﬁcat.
2722 984 2842 1038 Jam
2892 1001 3016 1039 eum
3059 1002 3203 1038 anno
3245 989 3447 1042 Christi

1866 1076 2198 1146 Dionysiauo
2229 1075 2326 1128 67I
2367 1091 2431 1129 ex
2468 1078 2604 1146 cycli
2646 1078 2842 1131 solaris
2879 1093 3025 1131 anno
3054 1076 3085 1131 8
3107 1118 3121 1141 ,
3153 1078 3362 1132 lunaris
3393 1079 3447 1134 7.

1867 1155 2042 1223 littera
2071 1169 2389 1222 Dominicali
2416 1169 2476 1230 E,
2505 1170 2793 1222 terminum
2835 1169 3146 1223 Pasclialem
3173 1170 3241 1221 50
3268 1169 3445 1223 Martii

1866 1261 2289 1325 naueiscamur,
2323 1262 2674 1330 intelligimus
2722 1261 2910 1329 ejusce
2959 1263 3085 1314 anni
3131 1261 3337 1317 Pascha
3393 1264 3445 1316 in

1865 1354 1898 1407 6
1944 1354 2144 1422 Aprilis
2191 1353 2551 1415 convenisse,
2599 1368 2722 1405 nam
2782 1353 3049 1407 terminus
3096 1354 3147 1406 in
3190 1354 3380 1407 feriam
3421 1358 3439 1408 1

1865 1445 2023 1499 exiit.
2046 1444 2231 1514 Neque
2258 1444 2382 1515 quis
2407 1444 2721 1499 subdubitct
2745 1444 2810 1498 de
2836 1455 3056 1514 peracto
3082 1455 3194 1499 tum
3221 1446 3452 1500 Pascha-

1866 1549 1918 1590 te
1962 1537 2348 1606 Hierosolymis
2382 1538 2688 1591 cadi-mmet
2717 1538 2839 1601 die,
2888 1554 2994 1606 qua
3038 1539 3182 1607 apud
3228 1550 3451 1593 czetcras

1864 1628 2303 1683 Christianorum
2341 1626 2651 1691 Ecclesias,
2702 1629 2829 1695 quia
2880 1628 3017 1682 forte
3056 1629 3453 1699 Hierosolymi-

1826 1714 1829 1717 ’
1868 1731 1989 1774 tana
2014 1722 2192 1775 lunari
2226 1737 2373 1775 anno
2406 1720 2712 1791 Calippico,
2741 1723 3205 1790 quemadmodum
3239 1723 3451 1777 Hebrmi

1867 1830 2056 1868 omnes
2086 1822 2331 1868 extorres
2358 1814 2439 1868 vel
2474 1815 2737 1869 hodierno
2762 1815 2872 1877 die,
2896 1825 3179 1879 uteretur;
3211 1818 3355 1870 unde
3382 1831 3450 1887 ex

174 1915 575 1985 Hierosolymis
603 1924 754 1971 ratus
778 1916 1122 1986 Gregorium.
1156 1916 1321 1985 Atqui
1354 1916 1543 1969 Canon
1582 1924 1767 1969 noster

1873 1906 2084 1957 diversa
2112 1905 2237 1957 anni
2283 1904 2456 1957 forma
2500 1906 2750 1960 diversus
2790 1906 2859 1959 ab
2893 1921 2995 1973 eo,
3032 1922 3194 1976 quem
3232 1908 3453 1978 reliqua:

178 2008 253 2063 ab
274 2009 376 2061 hac
416 2007 669 2062 molestia
713 2008 869 2062 liber.
916 2010 996 2062 Ah
1028 2024 1174 2062 anno
1208 2007 1413 2062 Christi
1444 2008 1569 2071 636,
1601 2007 1766 2061 Hera-

181 2102 275 2157 clii
311 2101 452 2169 Aug.
512 2100 604 2164 26,
651 2117 783 2170 quo,
817 2100 1149 2169 Theophane
1200 2108 1355 2161 teste,
1393 2101 1559 2152 vitam
1618 2102 1768 2154 exuit

180 2194 529 2264 Sophronins
563 2194 684 2263 ejus
739 2194 999 2248 Ecclesia:
1058 2194 1388 2261 patriarcha,
1443 2193 1508 2246 ad
1546 2195 1768 2248 Anasta-

178 2288 350 2351 sium,
403 2286 494 2354 qui
551 2285 712 2340 desiit
764 2278 908 2339 anno
966 2285 1088 2347 709,
1150 2284 1767 2361 llierosolymitauoruin

182 2376 507 2447 pontiﬁcum
533 2375 849 2445 Catalogum
882 2376 1131 2429 mutilum
1167 2376 1446 2441 habemus,
1481 2380 1638 2445 eique
1680 2376 1768 2429 in-

179 2468 451 2539 tegraudo
487 2468 730 2521 nondum
763 2466 1272 2521 Ecclesiasticarum
1321 2484 1499 2523 rerum
1535 2470 1770 2537 scripto-

183 2561 341 2615 ribus
368 2560 579 2613 datum.
618 2556 732 2611 lloc
758 2559 908 2623 vidit,
950 2551 1268 2627 monuitque
1308 2570 1430 2613 ante
1474 2558 1767 2612 Baronium

186 2649 255 2707 V.
282 2649 364 2707 Cl.
399 2649 756 2720 Honupbrius
776 2650 1071 2704 Panvin'ms
1091 2652 1164 2720 (in
1196 2652 1398 2705 Chron.
1420 2651 1487 2705 ad
1510 2667 1598 2704 an.
1619 2651 1767 2722 656},

182 2746 274 2802 cui
306 2745 605 2799 secundum
638 2743 1004 2811 SOphronium
1041 2761 1146 2796 non
1175 2745 1264 2797 alii
1298 2744 1498 2797 sarcalo
1531 2760 1597 2797 \‘Il
1629 2759 1770 2797 conr-

182 2837 329 2909 perti
390 2834 892 2905 Hierosolymorum
953 2836 1216 2904 episcopi,
1278 2835 1381 2889 nisi
1428 2834 1766 2899 Theodorus,

184 2926 357 2989 Elias,
400 2925 658 2980 Joannes.
702 2927 808 2980 Sed
840 2926 892 2978 in
923 2926 1100 2979 lucem
1157 2927 1403 2994 prolatis,
1459 2943 1579 2995 quae
1635 2928 1770 2981 deli-

186 3019 405 3071 tuerant
436 3016 683 3070 Pauvinii
715 3025 895 3080 aztate,
927 3017 1315 3078 monumentis,
1350 3018 1621 3070 sucrrevit
1670 3018 1769 3070 aii-

186 3118 395 3176 quanto
435 3123 719 3170 numerus,
763 3107 832 3159 ita
872 3116 928 3160 ut
969 3108 1081 3160 lucc
1117 3107 1635 3177 Ilierosolymitaaa:
1668 3108 1768 3162 lic-

186 3200 369 3254 clesite
396 3201 782 3269 episcoporum
844 3200 1015 3254 series
1071 3214 1136 3254 eo
1175 3200 1228 3252 in
1283 3200 1482 3253 srecido
1518 3200 1764 3253 feratur:

187 3292 516 3346 Anastasius
536 3290 623 3351 IV,
647 3290 904 3355 Joannes,
927 3290 1271 3354 Theodorus,
1293 3292 1579 3356 Eusebius,
1602 3292 1772 3359 Elias,

187 3377 534 3442 Theodorus,
573 3380 721 3435 Elias
758 3382 981 3443 iterum,
1019 3378 1278 3437 Joannes.
1318 3383 1457 3449 Quid
1502 3385 1684 3452 igitur,
1729 3385 1775 3437 si

186 3485 312 3525 non‘
339 3474 562 3541 vulgare
594 3474 919 3529 beneﬁcium
956 3472 1184 3529 Leontio
1235 3484 1517 3544 acceptum
1578 3479 1777 3531 relera-

188 3554 336 3631 mus,
374 3574 628 3635 suggestu
661 3566 819 3619 nobis
866 3565 1128 3625 Macario,
1162 3582 1273 3633 quo
1332 3567 1580 3621 lacunam
1631 3568 1773 3620 illam

188 3657 376 3711 saeculi
407 3672 477 3710 vn
516 3672 580 3710 ex
623 3666 775 3724 parte
810 3658 1187 3725 compleamus
1217 3658 1240 3709 '.’
1267 3658 1405 3724 Quid
1458 3660 1501 3713 si
1564 3669 1617 3713 ct
1668 3661 1775 3714 alio

187 3745 415 3800 nomine
443 3746 677 3798 devincti
703 3745 775 3798 illi
807 3746 1000 3804 simus,
1028 3747 1451 3801 subministrato
1491 3750 1777 3803 Eustathio

188 3828 508 3889 Antiochize
544 3836 824 3903 episcopo,
872 3836 962 3903 qui
1008 3836 1288 3903 prmcessit
1335 3835 1631 3891 Macarium
1682 3854 1775 3891 ca-

189 3926 383 3981 thedra
413 3927 645 3993 ejectum
677 3942 820 3979 anno
867 3925 994 3989 68I,
1028 3942 1089 3980 ex
1152 3930 1341 3997 synodi
1400 3933 1772 3994 memnenicw,

189 4037 315 4090 qua:
350 4004 537 4074 habita
568 4020 1045 4089 Constantinopoli
1079 4022 1342 4075 adversus
1370 4022 1776 4087 Illouothelitas,

190 4110 542 4174 auctoritate,
565 4110 860 4178 subrogato
879 4110 1208 4179 TheOphane
1236 4109 1403 4166 Siculi
1430 4115 1774 4178 monasterii,

189 4203 339 4272 quod
372 4201 515 4271 Bajze
554 4190 787 4265 dictum,
824 4202 1058 4257 abbate?
1089 4203 1215 4257 Post
1246 4204 1569 4273 Gregorium
1602 4206 1641 4259 ΙΙ
1671 4206 1777 4261 Ec-

98 4286 99 4289 “
189 4297 374 4351 clesia:
401 4296 714 4363 pontiﬁcem
749 4294 862 4349 I'ato
905 4292 1150 4349 functum
1188 4312 1333 4352 anno
1366 4298 1494 4362 629.
1526 4299 1780 4353 οοειρείειο

190 4388 332 4443 stica
367 4386 597 4441 historia
635 4387 737 4441 hos
769 4397 992 4441 enarrat
1030 4403 1410 4455 successores,
1436 4390 1598 4461 305
1628 4394 1777 4444 Ana-

189 4478 421 4533 stasium
476 4477 567 4543 III,
625 4472 1135 4540 Macedooium,et
1170 4478 1488 4542 Macarium,
1542 4482 1610 4533 de
1669 4497 1778 4549 quo

1868 1994 2307 2051 Christianorum
2370 1994 2625 2049 Ecclesia:
2673 1996 2952 2062 colerent,
3002 1997 3288 2056 Paschalis
3335 2003 3451 2055 dies

1869 2096 2191 2154 emergeret.
2226 2088 2358 2141 Cum
2389 2090 2530 2141 enim
2572 2104 2636 2141 ex
2678 2087 2930 2145 Mosaicae
2964 2091 3100 2160 legis
3140 2093 3453 2163 prmscripto

1873 2180 2255 2235 celebrandum
2281 2180 2485 2235 Pastdia
2518 2182 2583 2235 15
2611 2182 2697 2236 die
2730 2181 2919 2248 Nisau,
2953 2183 3244 2240 PalmSIiua
3264 2184 3454 2241 Eccle-

1873 2272 1990 2335 sia,
2028 2282 2081 2325 et
2105 2273 2299 2326 veteris
2336 2272 2565 2326 instituti
2602 2286 2877 2339 constans,
2911 2284 2965 2329 et
2998 2274 3201 2331 Nicami
3232 2279 3452 2333 concilii

1872 2366 2102 2421 audiens
2129 2367 2366 2430 decreto,
2396 2378 2609 2436 poterat
2631 2367 2916 2423 Iudaicum
2945 2369 3120 2426 Phase
3146 2387 3258 2441 μω
3280 2373 3453 2427 oi-ulis

1872 2458 2073 2512 habere
2096 2498 2111 2522 ,
2160 2468 2218 2511 ut
2250 2457 2459 2512 Pascha
2510 2458 2717 2513 diceret
2753 2460 3099 2516 Dori-inicum
3133 2465 3276 2517 dicm
3299 2505 3312 2528 ,
3362 2465 3450 2533 qui

1874 2550 2117 2619 proxime
2162 2549 2291 2603 illud
2326 2547 2690 2618 sequeretur.
2745 2550 2849 2604 Sed
2894 2568 3015 2616 me,
3057 2554 3304 2622 quisquis
3342 2556 3455 2609 haec

1873 2640 2217 2705 suspicatur,
2289 2639 2536 2707 ignorat,
2609 2639 2935 2705 castigatam
2990 2640 3285 2695 Christiani
3350 2642 3455 2696 Pa-

1872 2732 2074 2786 schalis
2122 2732 2430 2785 doctrinam
2477 2749 2580 2785 nun
2647 2733 2752 2787 alio
2806 2750 2869 2787 ex
2921 2734 3069 2790 I'onte
3110 2738 3452 2799 dimanasse,

1876 2825 1978 2878 nisi
2010 2840 2071 2877 ex
2104 2840 2245 2878 anno
2275 2825 2473 2889 lunari,
2510 2828 2600 2894 qui
2630 2841 2793 2895 penes
2822 2827 3078 2882 Hebrzeos
3100 2831 3363 2895 obtinuit,
3398 2841 3457 2886 ttt

1876 2917 2053 2971 adhuc
2083 2918 2325 2981 obtinet,
2355 2920 2449 2972 sed
2480 2922 2766 2973 emendato
2792 2930 2971 2975 tamen
3002 2940 3031 2975 a
3064 2920 3234 2976 liabbi
3265 2924 3414 2976 Adda
3437 2964 3452 2988 ,

1873 3010 1961 3077 qui
2011 3009 2237 3062 biduum
2268 3010 2517 3075 exemit,
2542 3010 2805 3065 absolutis
2847 3028 2990 3066 anno
3019 3013 3220 3067 Christi
3257 3014 3458 3086 Dieny-

1874 3103 2025 3155 siano
2048 3101 2149 3154 '29?
2173 3113 2295 3155 octo
2317 3102 2550 3170 periodis
2570 3103 2879 3172 Calippiris,
2903 3105 3003 3159 hoc
3042 3118 3123 3159 est
3150 3106 3253 3159 608
3276 3111 3451 3171 :mnis,

1884 3197 1955 3247 ita
1989 3207 2045 3248 ut
2074 3196 2107 3248 4
2155 3195 2622 3261 (ΙίεΑδειιιριιὼι-ἰε
2659 3198 2778 3265 ejus
2826 3201 2953 3253 anni
2990 3214 3162 3255 novus
3194 3201 3332 3255 Tts’l’l
3373 3203 3456 3255 iu-

1884 3290 2205 3356 grederetnr
2233 3304 2355 3341 cum
2392 3304 2497 3341 non
2540 3290 2825 3343 sollicitata
2853 3292 2918 3345 de
2950 3294 3127 3361 prisca
3159 3296 3286 3349 sedc
3323 3312 3456 3349 neo-

1885 3378 2060 3431 meuia
2086 3416 2100 3439 ,
2147 3377 2415 3431 iucundus
2445 3378 2534 3430 ille
2564 3376 2809 3433 fuissct6
2841 3380 3079 3448 ejusdem

1867 3542 1870 3547 ﬁ
1952 3467 2139 3523 XVIII.
2172 3468 2464 3522 Enimvero
2486 3471 2617 3523 vidit
2662 3472 2811 3524 Adda
2845 3476 3179 3542 comparatis
3224 3476 3362 3530 inter
3399 3493 3457 3531 se

1881 3562 1947 3615 16
1970 3562 2526 3616 cuneadccaeteribus
2561 3562 3153 3635 quaribusCalippieis
3178 3609 3192 3632 ,
3228 3578 3281 3621 et
3324 3569 3457 3623 soli-

1830 3720 1834 3725 _
1880 3656 2099 3707 (laribus
2119 3652 2366 3718 Julianis;
2396 3669 2719 3723 exsuperare
2742 3657 2793 3725 in
2820 3660 2978 3712 annis
3005 3659 3132 3723 504,
3166 3672 3297 3730 quot
3323 3677 3459 3717 cou-

1880 3757 2025 3799 staut
2052 3746 2118 3798 I6
2153 3748 2695 3802 enueadecaeterides
2734 3749 2984 3821 lunares,
3019 3753 3195 3806 solare
3233 3755 3459 3808 ratioci~.

1835 3868 1842 3875 -
1882 3838 2027 3887 nium
2058 3852 2219 3905 supra
2249 3826 2435 3892 lunare
2458 3839 2597 3891 diem
2638 3856 2832 3903 unum,
2858 3858 3031 3910 eoque
3064 3845 3114 3896 in
3153 3846 3221 3898 52
3258 3863 3459 3902 ennea-

1881 3930 2254 3980 decacteribus
2279 3971 2292 3992 ,
2333 3931 2444 3981 sive
2486 3931 2723 3998 periodis
2747 3932 2777 3985 8
2816 3934 3097 3989 lunaribus
3132 3952 3456 4007 supergres-

1880 4037 1999 4075 sum
2043 4023 2155 4075 Iieri
2188 4024 2418 4076 solaretu
2448 4039 2609 4092 supra
2642 4025 2887 4078 lunarem
2927 4027 3135 4080 dierum
3164 4029 3247 4081 Il.
3272 4028 3458 4096 Itaque

1881 4116 1925 4167 si
1961 4132 2103 4167 anno
2140 4116 2159 4167 1
2210 4118 2413 4184 periodi
2460 4118 2480 4169 1
2523 4117 2813 4186 Calippit‘m
2847 4119 3226 4173 lunaris-Tini
3276 4122 3394 4175 iniit
3425 4128 3457 4173 Ii

1883 4208 2237 4276 Septembris,
2272 4223 2415 4263 anno
2443 4210 2547 4263 305
2577 4212 2953 4277 conjiciendus
2992 4213 3079 4265 ille
3116 4214 3167 4266 in
3206 4214 3239 4266 5
3274 4216 3417 4268 diem
3441 4260 3453 4276 ,

1882 4313 2024 4352 anno
2050 4298 2153 4352 609
2178 4300 2227 4352 in
2259 4300 2291 4352 4
2311 4344 2323 4365 ,
2360 4316 2500 4353 anno
2522 4300 2628 4353 615
2657 4302 2706 4354 in
2741 4302 2773 4353 5
2795 4342 2809 4367 ,
2842 4312 2895 4355 et
2926 4304 3003 4356 sic
3025 4305 3305 4374 deinceps.
3352 4300 3458 4359 Sed

1880 4393 2023 4443 enim
2059 4391 2224 4442 Addm
2258 4408 2361 4445 non
2390 4396 2613 4447 omnino
2648 4393 3079 4462 obtemperatum
3115 4413 3142 4449 a
3187 4399 3462 4466 papulari-

1882 4477 1983 4531 bus
2007 4481 2145 4532 suis.
2184 4481 2542 4535 Iictraxerunt
2579 4483 2630 4535 hi
2660 4483 2876 4551 quidem
2912 4486 3129 4539 biduum
3179 4488 3307 4539 illud
3355 4492 3461 4541 rei-

190 4576 456 4630 dixirnus.
525 4576 593 4628 At
653 4588 831 4642 neque
891 4574 1201 4637 Anastasii,
1253 4590 1429 4643 neque
1476 4573 1778 4629 Macedonii
1814 4584 1855 4637 ο
1886 4570 2064 4625 culum
2112 4591 2177 4626 ex
2222 4589 2366 4626 anno
2421 4591 2518 4627 suo
2550 4618 2563 4640 ,
2617 4577 2711 4629 sed
2764 4577 2816 4629 in
2866 4578 3167 4646 posteriora
3216 4591 3458 4649 tempora

190 4665 516 4719 emortualis
583 4679 762 4717 annus
821 4664 1173 4732 exploratus,
1230 4678 1407 4733 neque
1467 4665 1784 4720 Macedonio

192 4755 495 4810 Macarium
526 4756 733 4810 scimus
762 4756 947 4809 statim
978 4755 1265 4808 suﬂectum
1299 4774 1313 4822 ;
1372 4766 1582 4809 tantum
1650 4758 1782 4810 illud

193 4848 446 4901 not-imus
500 4853 624 4899 ante
682 4846 976 4899 Macariurn
1052 4848 1331 4900 exstitisse
1401 4846 1779 4901 Macedoniam

192 4932 637 5009 quemdam,qui
664 4936 1059 4989 Antiochenam
1090 4936 1391 4991 Ecclesiam
1429 4938 1784 4991 administra-

192 5028 289 5082 rit.
350 5028 536 5095 Igitur,
602 5024 833 5079 Leontio
893 5035 1139 5087 auctore,
1193 5037 1395 5096 praaeat
1456 5027 1782 5083 Eustathius

192 5120 532 5184 Macarium,
587 5135 747 5191 quem
825 5134 1195 5173 successorem
1264 5131 1457 5174 nactus
1513 5132 1633 5191 pest
1683 5138 1783 5174 an-

196 5229 327 5265 num
376 5212 553 5265 saltim
607 5210 733 5271 677,
790 5210 1009 5279 quando
1046 5211 1150 5264 hoc
1213 5226 1354 5265 anno
1398 5227 1515 5265 eam
1556 5214 1781 5267 curabat

196 5304 498 5359 Ecclesiam
568 5301 925 5366 Eustathius,
976 5301 1177 5354 interea
1239 5302 1369 5355 dum
1428 5305 1664 5357 certiora
1712 5320 1777 5357 ex

198 5397 497 5451 reconditis
538 5395 716 5448 adhuc
765 5393 1133 5447 monumentis
1180 5405 1583 5464 exspectemus,
1619 5398 1777 5463 queis

194 5486 576 5549 conlieiamus,
602 5501 668 5537 an
703 5493 822 5553 pust
846 5484 1165 5553 Gregorium
1196 5484 1238 5539 Il
1287 5488 1378 5539 uni
1432 5488 1776 5552 Anastasius,

195 5577 572 5642 Macedonius,
631 5587 685 5632 et
741 5578 1061 5633 Eustathius
1120 5578 1472 5634 Antiochenae
1525 5579 1779 5634 Ecclesiae

197 5672 414 5724 clavum
447 5672 735 5733 moderati,
774 5686 840 5723 an
897 5670 987 5722 alii
1040 5669 1263 5737 insuper
1312 5672 1776 5736 succenturiandi,

197 5777 308 5831 quo
350 5764 557 5831 integra
588 5764 708 5830 ejus
742 5762 924 5817 smeuli
959 5763 1425 5817 Auliochcnorum
1458 5766 1775 5834 pontificum

197 5854 371 5909 scrics
404 5865 627 5921 prostet.
760 5854 763 5857 ’

1890 4663 2066 4718 nullus
2101 4665 2322 4731 insuper
2368 4666 2483 4719 dies
2519 4678 2845 4734 expunctus.
2891 4668 3102 4722 Illustre
3156 4670 3256 4723 hac
3293 4672 3360 4723 de
3404 4688 3463 4724 re

1890 4755 2253 4806 testimonium
2282 4756 2545 4806 habemus
2584 4771 2613 4808 a
2648 4757 2954 4825 Mcl-phoro
2985 4757 3220 4826 Gregora
3245 4799 3258 4821 ,
3284 4764 3375 4828 qui
3410 4763 3461 4815 in

1888 4851 2139 4909 computo
2183 4857 2281 4895 suo
2317 4845 2474 4897 nobis
2514 4848 2713 4909 tradit,
2767 4861 2909 4899 anno
2954 4846 3157 4902 Christi
3202 4848 3461 4904 151810-

1885 4934 2031 4988 daeos
2067 4933 2271 4988 Pascha
2311 4937 2620 4989 celebrasse
2659 4939 2727 4991 9.0
2769 4938 2859 4991 die
2891 4938 3106 5004 Martii,
3144 4957 3263 4993 cum
3303 4942 3463 4996 Chri-

1885 5026 2045 5078 SIiani
2073 5026 2143 5077 24
2168 5028 2389 5095 Aprilis.
2425 5029 2553 5081 Erat
2584 5045 2759 5083 annus
2794 5031 3133 5086 Seleucidum
3169 5033 3324 5097 I628,
3361 5036 3463 5090 hoc

1885 5129 1963 5170 est
2000 5119 2068 5171 55
2116 5121 2318 5187 periodi
2361 5120 2432 5173 22
2475 5120 2801 5189 Calippiae;
2852 5121 2992 5176 Tisri
3037 5125 3107 5178 55
3145 5123 3462 5195 Calippicus

1884 5210 2088 5275 periodi
2122 5211 2143 5263 I
2190 5212 2389 5278 incepit
2412 5212 2478 5265 12
2517 5211 2871 5282 Septembris,
2903 5215 3060 5283 cujus
3092 5217 3369 5270 character
3403 5220 3458 5282 2,

1884 5296 1950 5357 9,
2006 5296 2174 5361 I666,
2225 5300 2327 5351 hoc
2369 5309 2452 5352 est
2502 5302 2632 5355 terra
2677 5304 2773 5361 11.
2817 5304 2947 5356 hora
2997 5306 3068 5367 9,
3112 5320 3459 5360 monumenta

1885 5388 2025 5443 I066
2049 5432 2061 5455 ,
2099 5406 2331 5457 quorum
2384 5394 2538 5459 i080,
2575 5396 2761 5448 horam
2791 5399 3145 5451 constituunt.
3180 5396 3320 5451 Tisri
3354 5398 3463 5452 Ad-

1883 5487 2029 5537 c'aeus
2070 5482 2172 5545 53.
2228 5486 2431 5552 periodi
2478 5486 2511 5540 9
2551 5527 2566 5551 ,
2616 5502 2646 5541 e
2688 5503 2796 5556 qua
2843 5489 3061 5544 biduum
3106 5502 3414 5557 exemptum
3444 5527 3457 5551 ,

1882 5577 1950 5630 10
1987 5576 2327 5646 Septembris
2350 5620 2364 5643 ,
2399 5580 2631 5650 ejusque
2667 5583 2953 5637 character
2989 5584 3059 5647 4,
3089 5584 3144 5636 II
3175 5626 3188 5647 ,
3225 5583 3349 5639 666.
3389 5584 3461 5639 Ut

1884 5672 2046 5740 igitur
2095 5677 2375 5725 ncomenia
2414 5674 2673 5742 Cahppici
2722 5673 2860 5729 Tisri
2913 5676 3038 5728 anni
3088 5677 3156 5731 53
3201 5679 3402 5745 periodi
3442 5719 3457 5742 ,

1884 5772 2131 5817 manente
2177 5765 2228 5816 in
2277 5765 2343 5817 12
2380 5765 2729 5834 Septembris,
2764 5766 2927 5821 Nisan
2957 5768 3221 5823 inchoarit
3256 5770 3288 5823 8
3324 5769 3461 5825 Mar-

1884 5857 1939 5909 tii
1970 5897 1981 5922 ,
2023 5858 2094 5909 ita
2123 5858 2352 5911 addictis
2376 5870 2634 5928 perpetuo
2670 5863 2929 5926 auspiciis
2962 5862 3085 5915 anni
3116 5863 3181 5915 35
3215 5863 3419 5923 periodi
3442 5902 3456 5921 ,
