4144 6448
756 391 887 455 1207

1637 404 1732 462 DE
1774 406 2031 464 ,Ε’[ΛΤΕ
2072 404 2131 463 S.
2171 406 2549 466 GHEGOlill
2582 410 3095 472 AGRIGENTINI

3879 411 4003 471 12ῡὲ

744 508 848 564 sub
880 504 1031 562 Dono
1064 506 1321 560 Romana.-
1353 506 1611 563 Ecclesize
1643 513 1928 581 pontiﬁce,
1963 515 2051 569 cui
2082 531 2203 569 eam
2245 517 2309 568 ad
2344 526 2386 577 Α
2484 517 2674 573 XXVI.
2735 520 2877 591 Ergo
2936 523 3160 593 subjicit
3186 569 3199 589 ,
3264 524 3569 579 Romanum
3627 524 3963 595 episcopum
3987 569 3999 585 ,

747 613 861 649 rem
891 599 1109 667 scriptae
1136 600 1330 654 littera:
1352 641 1366 666 ,
1404 617 1525 670 quae
1555 612 1739 659 tamen
1778 605 2005 660 Romam
2037 623 2144 661 non
2183 608 2310 661 alla-

745 699 833 749 t:e,
884 689 986 741 nisi
1038 690 1158 759 ipso
1210 691 1320 745 vita
1354 692 1637 773 defuncto,
1692 698 1846 765 sique
1890 696 2074 751 Donus
2119 713 2313 753 exces-

746 780 813 830 sit
860 795 907 832 tv
952 780 1079 832 ldus
1120 782 1321 850 Aprilis
1367 784 1495 836 anni
1527 783 1652 850 678,
1694 786 1817 854 quis
1866 787 2144 856 negaverit
2174 787 2314 841 iudi-

743 884 885 923 ctam
928 871 1197 940 synodum
1248 874 1347 926 hoc
1376 874 1495 943 ipso
1529 892 1692 937 anno,
1726 893 1837 946 quo
1878 879 2205 933 Theodorus
2246 879 2312 931 ad

745 962 1113 1029 gubernacula
1166 964 1786 1035 ConstantinOpoiitanze
1834 969 2090 1024 Ecclesia:
2134 969 2316 1024 adhuc

744 1054 1010 1108 sedebat?
1050 1055 1345 1110 Panvinius
1384 1058 1436 1110 lu
1476 1058 1605 1112 Chr.
1652 1057 1797 1113 Eccl.
1835 1060 2183 1121 Theodorum
2218 1078 2315 1132 pa-

745 1145 1104 1199 triarchatum
1136 1147 1325 1202 iniisse
1366 1149 1560 1204 scribit
1587 1165 1733 1203 anno
1765 1150 1890 1217 680,
1937 1167 2171 1223 eumque
2199 1170 2315 1222 ges-

746 1238 889 1291 sisse
933 1252 1105 1293 annos
1159 1240 1215 1301 2,
1281 1254 1498 1294 menses
1527 1241 1579 1293 5.
1642 1241 1967 1312 Quanquam
2014 1246 2215 1310 isthuc,
2265 1247 2313 1300 si

743 1329 962 1395 quidem
995 1345 1205 1394 verum,
1252 1332 1460 1385 nullum
1494 1335 1777 1387 sententiae
1809 1344 2009 1389 nostrae
2046 1336 2315 1405 indigeret

743 1421 977 1481 vulnus;
1047 1422 1100 1475 in
1152 1434 1403 1492 promptu
1464 1424 1609 1478 enim
1668 1424 1809 1478 {oret
1856 1428 2057 1493 dicere,
2098 1420 2314 1485 venisse

742 1514 963 1582 quidem
1010 1514 1543 1585 Constantinopolim
1588 1514 1910 1584 Gregorium
1968 1535 2115 1574 anno
2174 1521 2311 1587 678,

744 1606 841 1659 sed
894 1622 925 1661 a
982 1606 1275 1664 Theodoro
1322 1609 1599 1676 detentum
1643 1625 1792 1665 anno
1841 1609 1977 1675 680,
2020 1614 2313 1681 quominus

744 1697 972 1752 Romam
1026 1701 1239 1765 abiret;
1294 1702 1644 1757 dissimulare
1694 1714 1873 1756 tamen
1913 1719 2018 1757 non
2061 1720 2310 1773 possum,

741 1792 957 1861 egregie
1001 1792 1053 1845 in
1088 1808 1153 1847 eo
1178 1792 1390 1879 ⁸ΙέιΙευιιι
1423 1793 1768 1848 l'anvinium.
1809 1794 2022 1849 Etenim
2056 1784 2099 1849 si
2134 1794 2312 1849 Theo-

2415 610 2617 679 quippe
2664 612 2940 680 aﬂ'ectum,
2986 616 3193 686 synodo
3238 618 3478 672 libellum
3523 620 3753 673 misisse
3796 621 3999 685 propria

2414 702 2765 772 3107mm":
2788 709 3148 775 conscriptum
3185 711 3249 763 de
3276 712 3540 764 sententia
3573 712 3997 764 orthodoxam-

2417 796 2721 848 antistituu
2764 797 2934 862 ipsius
2962 798 3139 851 locum
3162 803 3506 856 sementium.
3531 800 3677 868 Quid
3720 804 3918 854 verius
3942 804 4000 854 de

2416 886 2696 955 Agathone
2720 888 2825 942 dici
2860 890 3136 957 potuerit?
3160 888 3268 953 Illic
3296 892 3577 947 enimvero
3604 894 3835 958 legatos
3868 894 3999 945 misit

2414 975 2828 1032 Abundantium
2883 980 3291 1041 Paternensem.
3334 982 3600 1039 Joannem
3658 983 3997 1053 Rhegium.

2414 1074 2468 1121 et
2494 1064 2757 1122 Joannem
2788 1071 3143 1126 Portuensem
3191 1073 3497 1143 episcopos,
3536 1076 3633 1143 qui
3678 1075 3772 1129 sui
3822 1088 3997 1142 ρει-εο-

2417 1172 2540 1211 nam
2596 1158 2654 1212 in
2706 1160 2919 1230 synodo
2964 1172 3249 1232 gererent,
3302 1165 3576 1235 simulque
3629 1165 3997 1235 synodicam,

2416 1250 2503 1304 cui
2535 1249 2639 1304 120
2673 1254 2913 1323 episcopi
2956 1256 3299 1324 patriarchize
3341 1274 3454 1312 sua:
3497 1260 3999 1319 obnoxii,suhscri-

2416 1357 2593 1410 psere,
2631 1344 2708 1397 uti
2748 1347 2912 1398 modo
2945 1346 3202 1401 laudatus
3233 1349 3561 1403 Anastasius
3594 1349 3797 1402 tradit.
3834 1346 4000 1401 lm-

2418 1431 2553 1482 rium
2578 1446 2697 1483 vero
2722 1434 3063 1499 pertinacem,
3097 1450 3189 1486 nec
3218 1434 3289 1487 ad
3331 1436 3646 1503 synodicam
3676 1435 3994 1503 Agathonis,

2415 1522 2502 1573 cui
2532 1520 2955 1591 subscripserunt
3001 1522 3305 1578 Occidentis
3343 1526 3574 1593 episcopi
3609 1525 3745 1587 {'20,
3792 1528 3996 1593 acquie-

2416 1622 2665 1675 scentem,
2706 1612 3183 1678 anathematizant,
3236 1627 3265 1665 e
3294 1615 3492 1679 synodo
3532 1611 3866 1679 exturbant,
3909 1608 3997 1664 Ro-

2416 1718 2659 1770 mamque
2687 1717 2805 1754 cum
2843 1702 2955 1754 suis
2984 1703 3204 1769 ejiciunt
3236 1702 3293 1754 in
3321 1702 3592 1756 exsilium.

2490 1790 2698 1846 XXVII.
2743 1794 2818 1847 Ea
2864 1794 2918 1847 in
2964 1795 3173 1864 synodo
3218 1794 3481 1865 Gregorio
3522 1805 3727 1849 nostro
3779 1794 4000 1847 danau-

741 1860 913 1936 dorus
952 1899 1123 1937 annos
1172 1866 1227 1950 (Ξ,
1277 1900 1495 1939 menses
1546 1886 1599 1949 ὅ,
1651 1884 2312 1956 Const:mtinopolitanam
2345 1860 2556 1938 Bdata:
2612 1894 2794 1961 partes
2838 1860 3080 1955 episcopi
3135 1860 3375 1940 Sardicae
3416 1885 3772 1941 Constantia
3822 1886 3997 1954 Cypri,

744 1983 884 2027 rexit
910 1973 1237 2041 Ecclesiam,
1271 1977 1315 2030 si
1343 1976 1583 2046 pontifex
1625 1978 1777 2031 audit
1805 1993 1951 2031 anno
1971 1977 2095 2044 680,
2126 1994 2314 2034 conse-

742 2080 919 2129 quens
972 2075 1076 2127 est,
1131 2076 1383 2119 exactum
1438 2067 1588 2120 illan
1645 2068 1964 2135 pontiﬁcatu
2010 2083 2154 2120 anno
2186 2067 2311 2121 682.

739 2157 904 2225 Atqui
932 2167 1086 2210 extra
1115 2156 1504 2211 controversiae
1538 2157 1712 2210 aleam
1743 2156 1980 2225 positum
2012 2165 2117 2221 est,
2145 2154 2315 2209 Geor-

742 2250 889 2318 gium
953 2248 1322 2320 patriarcham
1380 2249 1590 2320 synodo
1649 2247 1974 2317 praefuisse,
2041 2263 2164 2316 quae
2230 2250 2313 2302 in-

741 2342 934 2395 choata
968 2358 1039 2395 vu
1092 2341 1220 2396 ldus
1266 2340 1597 2396 Novembres
1635 2340 1761 2394 anni
1813 2340 1938 2407 680,
1988 2340 2147 2395 desiit
2183 2354 2312 2394 vero

742 2449 885 2488 anno
913 2433 1037 2489 681.
1081 2435 1189 2503 Aut
1216 2434 1380 2505 igitur
1420 2449 1532 2487 uno
1588 2434 1893 2502 eodemque
1927 2443 2171 2502 tempore
2205 2433 2313 2485 duo

744 2527 798 2577 in
832 2524 1453 2594 Constantinopolitanaa
1481 2522 1736 2577 Ecclesia:
1763 2524 2020 2576 cathedra
2038 2520 2315 2575 sedebant

742 2618 1007 2685 episcopi,
1039 2627 1133 2670 aut
1170 2617 1397 2670 omnino
1429 2614 1626 2669 falsum
1669 2616 1815 2683 quod
1843 2614 1910 2667 de
1949 2630 2091 2669 anno
2123 2608 2313 2671 susce-

746 2709 819 2777 pti
856 2723 884 2761 a
926 2707 1213 2761 Theodoro
1243 2706 1596 2776 pontiﬁcatus
1630 2707 1801 2760 sensit
1847 2704 2169 2759 Panvinius.
2205 2704 2313 2759 Ita-

743 2816 852 2870 que
904 2801 1127 2871 explosa
1174 2800 1296 2869 ejus
1343 2799 1626 2867 opinione,
1674 2798 1888 2851 illorum
1940 2798 2311 2852 inhaerendum

745 2892 1012 2960 vestigiis,
1054 2893 1143 2961 qui
1195 2900 1461 2954 Statuunt,
1511 2890 1831 2959 pontiﬁcatu
1863 2890 2095 2958 ejectum
2132 2888 2313 2943 Theo-

744 2985 936 3037 dorum
983 2998 1128 3035 anno
1175 2981 1300 3047 678,
1333 2996 1493 3050 quem
1540 2982 1736 3033 iterutn
1789 2978 1987 3033 adierit
2030 2993 2175 3035 anno
2209 2978 2316 3033 683

745 3072 1132 3127 mortalitatem
1164 3081 1326 3133 exuto
1348 3071 1601 3140 Georgio.

817 3163 980 3217 XXV.
1022 3162 1209 3233 Neque
1238 3179 1385 3228 vero,
1408 3165 1554 3232 quod
1596 3172 1786 3217 auctor
1817 3163 2077 3217 Breviarii
2109 3163 2315 3233 Grego-

750 3257 915 3309 rianae
956 3254 1093 3309 Vita:
1139 3256 1376 3321 scribat,
1429 3255 1664 3323 Georgio
1704 3254 2315 3324 Constantinopolitana:

748 3348 1006 3402 Ecclesia:
1048 3347 1173 3413 jura
1216 3348 1397 3409 dante,
1436 3344 1759 3414 Gregorium
1809 3355 2059 3398 nostrum
2107 3344 2313 3413 regiam

751 3440 940 3493 urbem
992 3438 1246 3506 petiisse,
1304 3437 1599 3492 consilium
1659 3446 1880 3489 mutem.
1932 3434 2098 3487 Multa
2135 3450 2200 3488 ea
2259 3433 2316 3488 in

747 3536 982 3600 cpitome
1020 3537 1434 3598 percensentut‘,
1458 3543 1581 3597 qua:
1621 3528 1690 3582 ab
1725 3527 1938 3582 Leontii
1967 3528 2319 3582 Commenta-

752 3626 872 3687 rio,
930 3623 1154 3692 proinde
1213 3638 1243 3675 a
1290 3636 1419 3675 vero
1475 3620 1780 3674 discedunt.
1830 3620 1919 3673 Ait
1967 3621 2319 3688 epitomastes

749 3718 1070 3787 Gregorium
1116 3718 1180 3770 i8
1212 3724 1462 3784 agentem
1507 3728 1711 3767 annum
1754 3714 1902 3767 clero
1938 3714 2236 3782 ascriptum
2287 3730 2317 3766 a

749 3810 1070 3865 I’otamione
1096 3807 1574 3877 Agrigentinorum
1606 3806 1861 3873 episcopo
1893 3823 1907 3858 :
1937 3804 2031 3858 sed
2058 3804 2320 3858 Leontius

755 3909 1022 3953 memorat
1064 3898 1266 3953 factum
1301 3896 1500 3956 isthuc,
1539 3910 1660 3947 cum
1693 3883 1863 3947 annos
1912 3894 1998 3963 illc
2039 3902 2199 3947 natus
2220 3892 2317 3957 η,

757 4006 901 4044 anno
931 4004 1060 4044 vero
1097 3988 1163 4041 18
1191 4004 1221 4042 e
1252 3990 1421 4057 patria
1455 3986 1781 4040 excessisse.
1818 3983 2031 4051 Excipit
2058 3985 2322 4052 epitoma-

754 4094 888 4146 stes,
935 4081 1259 4150 Gregorium
1313 4083 1452 4147 apud
1502 4077 1741 4131 Marcum
1786 4078 2035 4130 abbatem
2076 4077 2109 4129 4
2148 4090 2322 4129 annos

757 4178 1086 4230 diversatum
1122 4172 1482 4239 Carthagine,
1521 4185 1550 4224 a
1582 4184 1693 4239 quo
1727 4185 1880 4222 sacra
1922 4168 2209 4235 disciplina
2242 4168 2324 4220 in-

759 4272 999 4322 stitutus.
1042 4264 1244 4317 Verum
1288 4263 1547 4317 Leontius
1584 4262 1716 4315 nihil
1764 4262 1870 4315 tale
1908 4260 2192 4329 significat,
2227 4259 2323 4315 sed

756 4360 1161 4430 quatrienuium
1193 4359 1294 4410 hoc
1324 4365 1574 4409 exactum
1602 4354 1781 4424 prodit
1804 4353 1857 4405 in
1884 4352 2096 4405 Oliveto
2115 4359 2322 4416 monte,

758 4443 1041 4520 pOStquam
1082 4448 1470 4517 Hierosolymis
1509 4447 1687 4516 primo
1728 4444 2039 4513 emigravit,
2072 4443 2162 4496 ubi
2197 4457 2324 4496 vere

2413 1975 2613 2045 quippe
2635 1976 2731 2044 qui
2754 1978 2948 2030 morbo
2974 1986 3284 2047 urgeretur.
3315 1977 3381 2032 Et
3410 1993 3545 2033 vero
3564 1978 3889 2049 quominus
3911 1979 3999 2030 hac

2417 2075 2733 2135 tempestate
2772 2065 3108 2122 Constantia:
3134 2066 3319 2138 Cypri,
3350 2076 3403 2123 et
3429 2067 3681 2124 Sardicae
3707 2069 4001 2139 episcopos

2414 2171 2557 2210 unus
2592 2154 2847 2225 idemque
2894 2155 3082 2221 fuerit,
3124 2158 3396 2227 adaptatis
3420 2159 3637 2221 scilicet
3675 2157 3754 2212 ad
3791 2166 4001 2224 tempus

2413 2262 2442 2299 a
2472 2245 2783 2302 Sardicensi
2830 2247 3070 2303 Ecclesia
3102 2248 3547 2305 Constantiensis
3582 2249 3847 2319 juribus,
3876 2247 4001 2301 nihil

2411 2353 2526 2407 est,
2598 2341 2745 2410 quod
2802 2340 3113 2411 prohibeat.
3178 2342 3389 2397 Etenim
3447 2356 3598 2396 anno
3647 2342 3686 2394 8
3770 2339 4001 2394 Heraclii

2412 2434 2730 2492 Constantis
2758 2433 2802 2487 ll
2843 2436 3011 2505 Aug.,
3059 2432 3264 2511 Christi
3314 2434 3648 2503 Dionysiano
3696 2433 3839 2498 648,
3891 2431 4002 2485 Βοτ-

2416 2527 2718 2583 ὺοιῆ-ὁοοο
2766 2526 3021 2581 Muharia
3048 2526 3268 2597 Egypti
3317 2527 3527 2592 Amira,
3569 2528 3670 2597 qui
3719 2527 4002 2596 deinceps,

2414 2621 2682 2676 exstincto
2709 2618 2973 2685 lloamen,
3005 2621 3120 2674 sive
3147 2619 3714 2682 Othmano,Arabum
3747 2617 3791 2670 Υ
3823 2621 4006 2671 Amer-

2414 2726 2666 2767 mumnes
2707 2711 3259 2779 (Amiral-mumanin
3302 2712 3406 2781 ipsi
3458 2713 3712 2777 vocant),
3763 2711 4006 2781 Cyprum

2415 2803 2653 2870 insulam,
2699 2787 2979 2869 invasere,
3033 2802 3365 2858 Christianis
3414 2802 3539 2856 inde
3596 2804 3881 2855 omnibus
3921 2801 4007 2853 de-

2413 2895 2589 2966 pulsis
2616 2894 2887 2966 (Thcoph.
2917 2895 2971 2947 in
3007 2893 3135 2949 Chr.
3158 2894 3195 2964 ),
3231 2894 3326 2963 qui
3353 2893 3408 2946 in
3440 2892 3655 2962 patrios
3688 2892 3861 2946 focos
3905 2907 4007 2944 non

2417 2986 2652 3049 reversi,
2675 2986 2782 3041 nisi
2814 2999 2960 3038 anno
2993 2987 3015 3038 t
3048 2983 3348 3048 Justiniam
3383 2985 3739 3038 Rhiuotmeti
3770 2985 3838 3041 ιι.
3866 2984 4007 3038 Hah-

2414 3076 2683 3131 dimelech
2733 3075 2976 3128 Arabum
3025 3074 3435 3132 Amermumnis
3460 3071 3603 3136 Vill,
3630 3071 3859 3125 Christi
3890 3069 4006 3131 685,

2340 3202 2383 3260 ο
2418 3181 2529 3237 quo
2557 3168 2700 3220 inter
2726 3176 2989 3233 utrosque
3014 3164 3293 3233 principes
3322 3180 3425 3232 pax
3458 3163 3593 3215 inita
3629 3162 3701 3216 iis
3738 3161 4011 3214 conditio-

2418 3260 2600 3319 nibus,
2633 3273 2773 3327 quas
2801 3253 3165 3324 Theophanes
3207 3255 3407 3307 recitat
3432 3254 3498 3307 ad
3530 3268 3754 3305 annum
3790 3253 3813 3303 1
3847 3251 4011 3304 Justi-

2418 3347 2588 3405 niani.
2627 3345 2773 3400 Inter
2812 3345 3058 3413 reliquos
3100 3352 3349 3397 extorres
3385 3340 3631 3396 Joannes
3664 3340 4014 3395 Constantia

2422 3439 2868 3508 archiepiscopus
2909 3443 3343 3499 annumeratus,
3394 3434 3489 3503 qui
3540 3431 3795 3501 proinde
3861 3430 4013 3489 titulo

2420 3538 2582 3583 tenus
2629 3527 3074 3595 archiepiscopus
3120 3524 3509 3591 usurpabatur.
3558 3521 3827 3575 ﬂoccine
3896 3534 4016 3575 vero

2418 3620 2627 3675 diutius
2680 3619 2989 3681 ferendum,
3040 3630 3207 3685 quum
3259 3612 3609 3683 petissimum
3670 3613 3729 3666 in
3793 3611 4017 3666 Oriente

2421 3727 2542 3766 mos
2580 3709 2934 3773 increbuerit,
2980 3717 3039 3762 ut
3066 3706 3360 3761 devastatis
3400 3704 3792 3758 Barbarorutn
3838 3703 4020 3756 furore

2419 3807 2689 3869 ecclesiis,
2745 3819 2868 3874 qua:
2923 3802 3290 3872 principatum
3345 3800 3399 3853 in
3447 3799 3865 3868 provinciales,
3916 3798 4021 3851 sive

2421 3896 2739 3950 diceceticas
2786 3902 3019 3961 gereret,
3060 3891 3181 3959 ejus
3207 3891 3332 3959 jura
3364 3889 3418 3941 in
3460 3888 3626 3941 aliam
3674 3892 4021 3942 transcran

2422 3986 2651 4040 rentur?
2692 3985 2829 4039 Ecce
2860 3999 3027 4047 anno,
3066 3997 3176 4051 quo
3206 3982 3469 4053 synodus,
3507 3983 3577 4037 de
3603 3978 3725 4049 qua
3779 3980 4020 4050 agimus.

2424 4080 2644 4145 habita,
2697 4095 2728 4132 e
2792 4077 3407 4146 Constantinopolitana
3472 4073 3833 4144 patriarchia
3904 4071 4024 4126 Hel-

2423 4174 2703 4243 lespontus
2744 4173 3024 4240 provincia
3053 4172 3263 4234 avulsa,
3307 4186 3483 4238 caque
3506 4169 3719 4222 Joanni
3749 4167 4026 4227 Constan-

2425 4265 2513 4319 tia:
2552 4264 2963 4331 archiepiscopo
3004 4263 3288 4323 attributa,
3338 4260 3431 4313 ubi
3481 4258 3649 4327 jura,
3704 4259 3930 4327 quibus
3978 4259 4027 4310 in

2425 4355 2605 4426 Cypro
2663 4368 2829 4416 usus,
2880 4361 3179 4405 exerceret.
3232 4349 3477 4404 Canonis
3536 4348 3647 4410 39,
3709 4364 3837 4417 quo
3904 4348 4029 4407 illud

2432 4459 2703 4511 sanctum,
2737 4447 2851 4500 ltarc
2874 4446 3035 4498 verba
3062 4462 3075 4497 :
3104 4443 3210 4496 Τοῦ
3240 4441 3493 4510 ἀδελφοῦ,
3531 4443 3626 4494 καὶ
3668 4440 4032 4508 callet-coap-

758 4549 898 4617 apud
943 4547 1135 4599 Senem
1184 4541 1469 4611 quemdam
1516 4547 1751 4591 ascetam
1785 4536 1813 4588 4
1856 4534 1987 4588 vivit
2020 4548 2215 4595 annos,
2257 4534 2319 4588 ab

2427 4539 2525 4608 γοῦ
2566 4540 2722 4607 ἡμῶν
2774 4539 3017 4591 Ἰωάννου
3064 4535 3161 4589 τοῦ
3218 4534 3318 4603 τῆς
3358 4533 3609 4603 Κυπρίου
3661 4534 3856 4603 νήσου
3905 4549 4033 4600 προ-

759 4654 934 4707 roque
987 4635 1201 4688 divinas
1255 4648 1340 4685 res
1392 4629 1638 4684 edoctus.
1704 4625 1867 4679 Addit
1926 4627 2324 4692 epitomastes,

758 4730 1079 4798 Gregorium
1109 4742 1215 4780 una
1248 4740 1370 4778 cum
1399 4721 1580 4775 Marco
1613 4718 1943 4786 Carthagine
1981 4716 2323 4769 Antiochiam

762 4822 1083 4891 profectum,
1117 4828 1277 4886 atque
1315 4815 1439 4869 inde
1478 4812 1872 4879 Hierosolyma,
1917 4809 2006 4862 tibi
2032 4824 2062 4860 a
2090 4806 2327 4860 Macario

761 4916 1019 4988 episcopo
1077 4912 1219 4963 inter
1269 4908 1528 4960 diaconos
1585 4903 1903 4971 repositus:
1944 4909 2000 4953 at
2059 4900 2204 4952 enim
2261 4913 2327 4951 ex

762 5007 987 5061 Leontio
1037 5010 1268 5065 constat,
1304 5014 1579 5067 nunquam
1613 4994 1937 5063 Gregorium
1979 5007 2104 5045 cum
2147 4989 2331 5044 Marco

762 5098 958 5152 abbate
989 5094 1337 5149 Antiochiam
1381 5090 1657 5148 inrisisse,
1702 5087 1796 5141 sed
1843 5084 2049 5138 adiisse
2090 5092 2326 5145 tantmn,

766 5201 1051 5259 postquam
1106 5182 1499 5253 Hierosolymis
1550 5177 1789 5233 secundo
1827 5177 2133 5244 digressus,
2189 5172 2331 5226 Con-

765 5280 1176 5348 stantinopolitn
1216 5275 1582 5344 profecturus.
1613 5269 1745 5322 Tam
1787 5268 1956 5322 multa
1985 5282 2108 5319 cum
2153 5264 2333 5317 tradat

763 5375 1156 5444 epitomaslcs,
1214 5382 1336 5437 quae
1375 5378 1507 5419 vero
1578 5361 1721 5415 haud
1774 5360 1976 5421 aﬁinia,
2022 5360 2067 5412 si
2112 5356 2333 5425 quidem

766 5467 1130 5521 certissimam
1162 5464 1318 5517 ﬁdem
1352 5459 1662 5513 Leontiauze
1700 5453 1943 5509 historia:
1971 5450 2335 5511 vindicemus,

768 5560 847 5614 uti
923 5559 1042 5611 sine
1112 5555 1279 5608 dubio
1333 5550 1699 5611 vindicanda,
1760 5545 1853 5615 qui
1927 5543 2004 5596 illi
2073 5540 2336 5609 astipuler

771 5648 1099 5717 perhibenti,
1144 5640 1759 5709 Constantiuopolitana:
1797 5633 2048 5688 Ecclesia.
2078 5633 2334 5685 thronum

772 5742 1039 5794 insedisse
1068 5737 1382 5805 Georgium,
1414 5748 1533 5786 cum
1567 5728 1861 5797 Gregorius
1901 5724 2103 5796 regiam
2147 5724 2335 5779 urbem

776 5832 1091 5906 ingressus?
1124 5829 1227 5884 Sed
1260 5826 1323 5882 ad
1353 5823 1637 5879 Leontium
1672 5820 1832 5875 redeo

2429 4633 2605 4703 έδρου.
2641 4632 2755 4700 ἅμα
2780 4630 2857 4700 τῷ
2908 4629 3092 4699 οἰκείῳ
3144 4629 3258 4698 λαῷ
3308 4628 3403 4679 ἐπὶ
3438 4629 3537 4695 τὴν
3592 4626 4034 4695 Ἑλλησπόντιον

2430 4725 2721 4794 ἐπαρχίαν.
2776 4723 2864 4775 διά
2894 4738 2953 4774 τε
3004 4720 3097 4773 τοῦ
3150 4719 3493 4791 βαρϐαρικοῦ
3533 4718 3801 4786 ἐφόδους,
3858 4720 4033 4771 διατε

2429 4816 2488 4868 τὸ
2539 4816 2637 4883 τῆς
2683 4812 2901 4880 ὲθνικῆς
2950 4811 3386 4881 ὲλευθερωθῆναι
3432 4810 3727 4874 δουλείας,
3782 4813 3895 4864 καὶ
3946 4830 4037 4863 za-

2430 4904 2609 4974 Oaptb;
2650 4905 2761 4965 τοῖς
2815 4904 3118 4975 σκήπτροις
3159 4902 3254 4956 τοῦ
3279 4903 3845 4972 Χριστιανικωτάτου
3904 4904 4035 4970 κρά-

2430 5011 2555 5057 τους
2615 4993 2997 5062 ὑποταγῆναι,
3063 4994 3161 5064 τῆς
3222 4994 3520 5063 εἰρημένης
3576 4995 4039 5061 μεταναστάντος

2431 5085 2617 5154 νήσου,
2665 5085 2891 5155 προνοίᾳ
2919 5082 3013 5136 τοῦ
3044 5083 3428 5151 φιλανθρώπου
3461 5082 3623 5142 Θεοῦ.
3681 5084 3788 5134 καὶ
3848 5084 4037 5151 μόχθῳ

2431 5176 2526 5233 τοῦ
2567 5178 2917 5248 φιλοχρίστου
2952 5178 3043 5229 καὶ
3079 5176 3339 5239 εὐσεϐοῦς
3367 5176 3525 5247 ήμῶν
3559 5176 3850 5245 βασιλέως
3919 5195 4039 5228 συν-

2434 5271 2650 5340 ορῶμεν
2680 5270 2819 5322 ὦστε
2857 5270 3261 5337 ἀκαινοτόμητα
3296 5267 3744 5336 διαφυλαχθῆναι
3768 5270 3850 5318 τὰ
3891 5268 4037 5333 παρὰ

2434 5364 2543 5416 τῶν
2575 5366 2632 5415 ὲν
2673 5364 2880 5432 Ἐφέσῳ
2916 5362 2975 5414 τὸ
3022 5364 3286 5431 πρότερον
3327 5360 3698 5412 συνελθόντων
3750 5360 4043 5427 θεοφὸρωι
4141 5360 4144 5399 ε

2438 5456 2697 5526 Ιιατέρων
2752 5455 2830 5525 τῷ
2872 5454 3048 5524 θρόνῳ
3111 5453 3206 5506 τοῦ
3261 5451 3776 5522 προγεγραμμένου
3846 5451 4035 5520 ἀνδρὸς

2441 5548 2854 5618 παρασχεθέντα
2882 5547 3152 5617 προνόμια
3174 5564 3187 5577 ·
3226 5546 3367 5599 ὥστε
3395 5545 3495 5614 τὴν
3525 5544 3653 5596 νέαν
3712 5544 4032 5596 Ίουστινια·

2440 5639 2712 5692 νούτιολιινδ
2730 5639 2791 5690 τὸ
2819 5638 3024 5690 δίκαιον
3052 5637 3197 5706 ἔχειν
3228 5636 3328 5703 τῆς
3360 5636 4030 5693 Κωνσταντινουπόλεως.

2441 5730 2656 5784 καὶτὸν
2706 5732 2792 5781 ἐπ’
2823 5731 2958 5797 αὐτῇ
2992 5728 3385 5795 καθιστάμενον
3432 5725 3874 5791 θεοφιλέστατον

2446 5838 2644 5878 σκοπον
2670 5823 2885 5878 πάντων
2910 5818 3253 5889 προιὸοεύιιν
3289 5817 3382 5885 τῆς
3400 5817 3827 5875 Ἑλλησπόντιον
3866 5822 4027 5886 ἑπαεε
