4144 6448
202 426 339 490 ιεοε

1599 443 1815 502 DISSE
1825 440 2121 505 R'l‘A'l‘lO.

3328 447 3471 512 1210

199 552 340 605 χιας,
381 533 595 588 καὶὺπὸ
622 535 727 589 τῶν
749 538 965 592 οἰκείων
995 537 1316 593 ἐπισκόπων
1356 546 1779 613 χειροτονεῖσθαι
1810 559 1852 611 Α
1885 553 2126 619 μουμνῇ,
2164 550 2250 603 ἵνα
2287 550 2391 610 τὸν,
2416 552 2473 603 ἐν
2510 551 2688 622 Συρίᾳ
2718 553 2847 608 ἄντα
2876 552 3004 626 λαδν
3029 553 3129 623 τῆς
3159 554 3324 625 νήσου
3356 558 3471 610 Κύο

198 629 339 681 κατὰ
356 630 454 697 τὴν
472 629 704 698 ἀρχαίαν
725 632 916 702 συνήθε
926 632 1151 688 ιαν.11ι)ο
1169 644 1249 689 est
1274 657 1285 690 :
1310 635 1501 691 Fratre
1518 638 1777 709 et’colleya

198 730 381 772 nostro
405 720 612 775 Joanne
644 723 806 793 Cypri
824 725 1214 796 archiepiscopo
1232 745 1333 781 una
1366 746 1483 782 cum
1513 732 1655 798 plebe
1682 747 1781 784 sua

198 809 254 861 in
280 808 682 880 Hellespontum
713 815 1058 882 provinciam,
1095 826 1146 868 et
1176 830 1387 885 propter
1419 818 1779 873 Barbarorum

199 900 549 965 incursiones,
581 912 629 956 et
668 913 726 955 ut
772 905 838 957 ab
883 906 1212 959 ethniCorum
1257 910 1574 963 eximeretur
1614 912 1780 965 servi-

206 999 349 1070 tute,
372 1005 677 1063 sceptroque
718 1004 927 1048 tantum
962 996 1408 1053 Christianissimi
1446 1003 1653 1070 imperii
1688 1017 1783 1069 pa-

199 1064 370 1146 reret',
419 1085 565 1138 dicta
614 1102 678 1139 ea:
725 1088 902 1141 insula
950 1099 1311 1158 transgresso,
1363 1091 1634 1147 clententis
1688 1094 1783 1147 Dei

197 1178 552 1244 providentia,
588 1196 843 1251 operaque
876 1182 1149 1237 Christum
1184 1187 1416 1239 amantis
1474 1188 1651 1256 piique
1683 1189 1783 1239 im-

198 1270 459 1333 peratoris
489 1273 678 1336 nostri,
708 1273 1057 1337 decrevimus,
1089 1286 1144 1328 ut
1173 1277 1331 1345 ﬁrma
1360 1289 1631 1344 maneant,
1666 1295 1783 1349 qua:

199 1358 267 1410 ab
319 1364 518 1415 sanctis
554 1362 808 1419 l’atribus
842 1364 1033 1433 Ephesi
1066 1368 1192 1420 olim
1231 1372 1559 1439 congregatis
1596 1371 1783 1424 throno

200 1449 414 1505 laudati
462 1453 843 1523 archiepiscopi
889 1474 1137 1513 concessa
1177 1469 1297 1513 sunt
1337 1462 1637 1530 privilegia,
1683 1464 1777 1514 ha-

203 1541 425 1613 beatque
468 1563 603 1600 nova
640 1545 1085 1619 Justinianopolis
1124 1552 1218 1620 jus
1264 1550 1778 1620 Constantinopolis,

202 1635 397 1704 quique
455 1636 537 1690 illi
595 1640 875 1707 impositus
937 1644 1309 1696 sanctissimus
1361 1645 1632 1712 episcopus
1685 1646 1780 1697 toti

203 1734 386 1799 prwsit
438 1733 764 1804 Hellesponti
804 1739 1107 1806 provinciis,
1161 1750 1210 1791 et
1264 1738 1328 1790 ab
1375 1740 1487 1792 suis
1528 1740 1781 1808 episcopis

204 1839 395 1877 manus
439 1826 826 1892 impositionem
854 1846 949 1898 pro
990 1832 1149 1884 ueteri
1184 1848 1325 1883 more
1366 1832 1614 1899 accipiat.
1655 1831 1781 1887 lla'c

1882 657 2022 711 πρου
2054 642 2315 694 ἀπολύσει
2360 646 2442 706 είς
2485 645 2582 697 τὸν
2614 645 2747 696 ἴδιον
2785 646 2974 700 τόπον.
3012 648 3123 699 Καὶ
3153 648 3472 712 ὑπακούσας

1881 734 1909 783 ὁ
1960 732 2380 805 Ἀμερμουμνὴς
2421 737 2486 805 τῇ
2523 733 2624 786 τοῦ
2656 734 2917 799 βασιλέως
2942 740 3154 808 γραφῇ,
3183 738 3474 791 ἀπέστειλε

1881 824 2021 874 κατὰ
2040 823 2217 892 πάσης
2237 826 2337 895 τῆς
2357 826 2556 895 Συρίας
2580 826 2829 891 ἐνδόξους
2851 829 3257 898 Σαρρακηνοὺς,
3278 830 3473 881 ἐπεσό-

1886 930 2042 981 ρευσε
2071 916 2277 978 πάντας
2306 918 2429 979 τοὺς
2454 918 2766 985 Κυπρίους,
2821 920 2911 970 καὶ
2936 919 3256 990 διεπέρασεν
3276 922 3357 982 είς
3380 922 3475 973 τὸν

1886 1006 2013 1058 ἴδιον
2040 1007 2202 1058 τόπον
2230 1024 2242 1036 ο
2277 1009 2567 1061 ἀπέστειλε
2609 1008 2668 1061 δὲ
2701 1008 2795 1059 καὶ
2826 1010 2853 1060 ὁ
2887 1007 3139 1076 βασιλεὺς
3168 1008 3471 1078 βασιλικὸν,

1884 1099 1976 1149 καὶ
2009 1098 2302 1166 διεπέρασε
2326 1139 2339 1161 ,
2384 1102 2474 1151 καὶ
2511 1102 2638 1161 τοὺς
2683 1101 2744 1151 ἐν
2780 1099 3063 1169 Ῥωμανίᾳ
3100 1102 3430 1169 οἰκήσαντας
3453 1137 3469 1163 ,

1882 1186 2048 1256 ἤγουν
2070 1187 2127 1239 ἕν
2166 1205 2225 1239 τε
2264 1192 2328 1257 τῇ
2358 1190 2599 1258 Κυζίκῳ,
2634 1192 2731 1244 καὶ
2769 1190 2848 1259 τῷ
2885 1190 3343 1260 Κιϐυρραιωτῶν,
3376 1192 3473 1243 καὶ

1882 1276 1959 1346 τῷ
1976 1277 2291 1348 Θρακγισίῳ,
2313 1279 2404 1330 καί
2424 1280 2690 1347 ἐνῳκίσοῃ
2712 1282 2745 1349 ή
2765 1280 2951 1349 νῆσος.
2970 1280 3082 1333 Hoc
3109 1288 3192 1333 est
3212 1297 3225 1332 :
3252 1276 3378 1332 Post
3396 1296 3469 1332 νιι

1883 1384 2047 1421 annos
2100 1372 2352 1437 (auctore
2394 1370 2538 1437 Deo)
2581 1374 2723 1423 stetit
2768 1373 3077 1440 imperatori
3113 1375 3473 1439 redintegrare

1884 1460 2081 1512 civibus
2111 1461 2363 1530 Cyprum.
2402 1459 2574 1515 Proin
2604 1463 2747 1515 misit
2773 1464 2842 1515 ad
2877 1465 3296 1515 Amermumnem
3329 1462 3463 1531 Bag-

1884 1552 1989 1605 dad
2013 1564 2116 1605 tres
2137 1571 2169 1626 ie
2192 1556 2451 1622 primaria
2479 1556 2756 1608 nobilitate
2786 1553 2949 1623 Cypri
2970 1555 3246 1624 indigenas
3272 1552 3473 1623 (Phatr

1886 1662 2063 1714 gumes
2103 1647 2456 1712 vocabantur)
2497 1649 2683 1700 addito
2727 1664 2753 1701 e
2798 1649 3057 1700 comitatu
3095 1663 3190 1700 suo
3239 1646 3387 1716 gravi
3421 1655 3469 1699 et

1884 1738 2080 1791 illustri
2110 1739 2221 1791 viro
2242 1779 2257 1803 ,
2280 1740 2510 1791 seribens
2554 1741 2913 1792 Amermumni
2933 1780 2949 1806 ,
2990 1747 3047 1791 ut
3093 1738 3345 1806 Cyprium
3375 1752 3474 1805 pa-

1882 1830 2065 1899 pulum
2108 1832 2161 1883 in
2198 1829 2356 1901 Syria
2389 1831 2719 1883 exsulantem
2751 1834 2967 1884 domum
3013 1830 3322 1885 dimitteret.
3356 1831 3472 1880 An-

204 1915 323 1983 ipsa
375 1918 557 1971 omnia
604 1919 829 1990 attingit
876 1921 1157 1991 Augustus
1206 1923 1444 1992 scriptor
1512 1926 1781 1978 Constan-
1816 1909 1854 1963 Β
1884 1922 1997 1976 nuit
2042 1924 2379 1991 imperatoris
2425 1925 2557 1977 rotis
2598 1926 3040 1986 Amermumncs,
3087 1921 3331 1988 misitque
3381 1936 3473 1987 per

205 2006 355 2061 linus
388 2009 903 2082 Porphyrogenncta
935 2014 1029 2067 lib.
1072 2016 1139 2067 de
1181 2016 1327 2068 adm.
1367 2016 1498 2085 imp.
1528 2031 1649 2085 cap.
1687 2018 1777 2081 Π,

206 2099 303 2152 sed
355 2098 517 2169 (quae
558 2112 814 2173 perpetua
861 2105 1023 2159 istius
1061 2105 1224 2159 libelli
1272 2107 1590 2173 calamitas)
1640 2110 1780 2163 mite

204 2188 262 2243 in
293 2205 563 2247 annorum
594 2193 977 2266 designatione
1014 2199 1361 2253 librariorum
1400 2200 1556 2269 culpa
1584 2216 1779 2268 pecca-

204 2295 342 2340 tum.
391 2285 483 2343 Sic
525 2288 689 2359 igitur
729 2292 950 2364 inquit:
981 2293 1091 2364 Τῆς
1131 2296 1298 2366 νήσου
1333 2295 1640 2364 ἀλωθείσης
1674 2298 1779 2350 ὑπὸ

200 2378 313 2430 τῶν
359 2380 765 2452 Σαῤῥακηνῶν,
831 2387 926 2438 καὶ
974 2386 1067 2438 ἐπὶ
1116 2389 1256 2440 ἐπτὰ
1302 2388 1478 2441 ἐτεσιν
1521 2391 1777 2461 ἀοικήτου

207 2470 507 2539 μεινάσης,
564 2475 660 2527 καὶ
707 2474 800 2529 τοῦ
841 2478 1277 2549 ἀρχιεπισκόπου
1344 2482 1591 2534 Ἰωάννου
1641 2481 1779 2550 μετὰ

202 2559 298 2612 τοῦ
329 2559 457 2614 λαοῦ
500 2563 667 2616 αὑτοῦ
704 2565 839 2637 πρὸς
878 2568 977 2639 τὴν
1020 2568 1410 2638 βασιλεύουσαν
1448 2570 1779 2623 καταλαϐόν-

202 2668 330 2717 τος,
362 2655 575 2722 ἐγένετο
609 2658 890 2733 οἰκονομίᾳ.
940 2659 1090 2728 παρὰ
1123 2661 1213 2713 τοῦ
1256 2660 1521 2730 βασιλέως
1559 2664 1781 2715 Ἰουστι·

204 2745 386 2797 νιανοῦ
417 2748 475 2797 ἐν
502 2749 568 2817 τῇ
604 2749 737 2819 ἁγίᾳ
771 2749 905 2821 ἕκτῃ
933 2752 1133 2822 συνόδῳ
1167 2750 1262 2803 τοῦ
1288 2752 1385 2818 τὴν
1415 2752 1649 2815 Κύζινον
1681 2770 1782 2805 πα-

210 2834 466 2903 ραλαϐεῖν
494 2839 632 2907 μετὰ
680 2840 789 2893 τῶν
838 2843 1155 2896 ἐπισκόπων
1190 2843 1355 2897 αὑτοῦ
1400 2843 1492 2898 καὶ
1538 2845 1631 2898 τοῦ
1652 2845 1780 2898 λαοῦ

214 2926 305 2994 τῆς
331 2928 517 2996 νήσου,
563 2929 657 2982 καὶ
684 2931 955 2985 ποιεῖσθαι
1004 2934 1095 2986 καὶ
1134 2935 1466 3003 χειροτονίας
1508 2938 1669 3005 ἡνίκα
1717 2937 1781 2988 ἂν

206 3018 367 3087 λείψῃ
410 3019 727 3089 ἐπίσκοπος,
758 3024 894 3093 πρὸς
928 3024 990 3076 τὸ
1039 3025 1115 3096 μὴ
1162 3025 1437 3079 διαπεσεῖν
1468 3027 1566 3096 τὴν
1592 3026 1773 3081 αὐθεν-

208 3110 332 3163 τίαν
363 3113 456 3163 καὶ
485 3114 555 3166 τὰ
578 3114 766 3169 δίκαια
811 3119 911 3186 τῆς
944 3117 1171 3189 Κύπρου
1199 3134 1212 3155 ν
1247 3120 1339 3171 καὶ
1370 3118 1479 3187 γὰρ
1507 3119 1599 3171 x1".
1624 3118 1784 3180 αὐτὸς

208 3202 241 3250 6
294 3202 663 3268 Ἰουστινιανδς
718 3206 968 3276 βασιλεὺς
1028 3209 1273 3278 Κύπριος
1327 3204 1417 3283 ἦν,
1459 3208 1641 3271 καθὼς
1692 3209 1784 3262 καὶ

212 3293 363 3362 παρὰ
394 3294 501 3348 τῶν
533 3296 779 3349 παλαιῶν
824 3299 1089 3369 Κυπρίων
1118 3301 1147 3354 ὁ
1179 3298 1335 3368 λόγος
1366 3301 1526 3369 μέχρι
1556 3300 1655 3371 τῆς
1694 3300 1788 3369 σή-

220 3402 386 3455 μερον
440 3389 838 3460 ἐπεκράτησεν.
880 3391 1049 3445 Ὥστε
1081 3391 1176 3444 καὶ
1216 3391 1426 3461 ὡρίσθη
1456 3393 1514 3444 ἐν
1552 3395 1619 3461 τῇ
1658 3392 1790 3462 ἁγίᾳ

214 3475 346 3547 ἕκτῃ
379 3478 580 3547 συνόδῳ
603 3483 926 3551 χειροτονεῖν
960 3482 1050 3534 τὸν
1092 3481 1520 3551 ἀρχιεπίσκοπον
1559 3480 1789 3550 Κύπρου

218 3568 310 3621 τὸν
341 3569 439 3638 τῆς
461 3569 705 3634 Κυζίκου
731 3572 993 3646 πρόεδρον
1019 3588 1032 3601 °
1064 3572 1243 3635 καθὼς
1264 3575 1321 3627 ἐν
1341 3573 1417 3641 τῷ
1436 3571 1516 3624 τθ’
1536 3572 1669 3643 (lege
1692 3572 1791 3645 λθ)

224 3661 505 3733 κεφαλαίῳ
529 3663 633 3732 τῆς
664 3664 835 3733 αὐτῆς
859 3665 1022 3732 ἁγίας
1048 3665 1214 3736 ἕκτης
1240 3666 1457 3720 συνόδου
1485 3668 1793 3738 ἀναγέγρα-

218 3770 371 3809 πται.
424 3754 539 3809 Hoc
568 3764 653 3810 est
687 3775 701 3810 :
752 3755 1021 3826 Occupata
1051 3759 1230 3813 insula
1268 3760 1332 3813 ab
1376 3760 1711 3823 Sarracenis,
1742 3768 1792 3814 et

223 3863 391 3901 annos
420 3865 493 3902 vn
528 3851 639 3903 sine
675 3850 937 3920 indigenis
982 3862 1243 3915 manente,
1281 3869 1401 3905 cum
1438 3854 1793 3909 diversaretur

217 3940 451 3996 Joannes
507 3944 927 4012 archiepiscopus
985 3961 1087 3999 sua
1140 3962 1260 3998 cum
1314 3944 1459 4015 plebe
1534 3947 1679 4015 regia
1736 3946 1791 3999 in

223 4033 367 4098 urbe,
413 4049 477 4088 ea:
519 4023 840 4089 auctoritate
869 4034 1165 4090 Iustiniani
1202 4037 1337 4105 Aug.
1391 4038 1444 4089 in
1517 4045 1702 4089 sancta
1738 4053 1793 4092 Vt

220 4127 419 4194 synodo
462 4127 750 4190 decretum,
800 4137 859 4180 ut
904 4126 1095 4198 Cyzico
1140 4138 1549 4197 praponeretur,
1581 4128 1796 4199 ejusque

220 4208 506 4282 provin'cite
530 4216 809 4285 episcopis,
836 4234 899 4270 ac
919 4218 1132 4285 populo,
1170 4234 1461 4287 manusque
1492 4220 1795 4287 impositio-

222 4324 341 4361 nem
375 4320 761 4378 exsequeretur,
813 4324 876 4363 ne
916 4310 1189 4377 deﬁciente
1235 4311 1476 4378 episcolro
1523 4311 1795 4365 interirent

222 4401 460 4465 deinceps
496 4400 787 4453 auctoritas
828 4410 878 4454 et
906 4401 1030 4468 iura
1070 4400 1254 4470 Cypri.
1299 4400 1423 4469 Ipse
1450 4406 1590 4456 enim
1618 4403 1793 4457 Justi-

224 4491 417 4567 nianus
469 4490 691 4559 Cyprius
735 4498 872 4555 erat,
907 4502 960 4543 ut
1012 4490 1155 4542 avita
1187 4488 1505 4559 Cypriorum
1552 4491 1701 4559 fama
1740 4495 1795 4548 in

1884 2018 2177 2069 universam
2207 2015 2419 2085 Syriam
2469 2018 2662 2069 summi
2716 2017 2944 2069 nominis
2995 2015 3290 2069 Saracenos
3319 2051 3335 2076 ,
3382 2009 3474 2080 qui

1881 2108 2101 2177 Cyprios
2134 2125 2310 2161 omnes
2340 2112 2699 2177 perquirerent
2722 2148 2736 2171 ,
2767 2124 2955 2178 eosque
2981 2109 3032 2160 in
3065 2109 3298 2175 patriam
3326 2106 3472 2158 able»

1880 2208 2087 2267 garent.
2118 2201 2198 2250 Ad
2234 2199 2340 2253 hwc
2381 2201 2522 2253 misit
2566 2201 2855 2269 imperator
2884 2215 2949 2253 ea:
2982 2198 3108 2252 aula
3142 2200 3346 2261 virum,
3381 2201 3476 2266 qui

1879 2294 1933 2346 in
1956 2294 2211 2361 pristinas
2233 2296 2378 2347 sedes
2408 2296 2743 2357 amandarat,
2775 2304 3029 2365 quotquot
3060 2310 3087 2347 e
3114 2293 3329 2364 Cypriis
3362 2290 3465 2344 Ilo-

1879 2386 2133 2447 maniam,
2162 2384 2433 2453 Cyzicum,
2464 2387 2637 2439 thema
2665 2387 3158 2457 Cibyrrhwoticum,
3191 2402 3253 2438 ac
3293 2383 3468 2436 Thra-

1881 2476 2074 2527 cesium
2114 2477 2390 2546 degerent,
2430 2480 2608 2547 sicque
2652 2480 2825 2555 insula
2871 2480 3064 2531 iterum
3110 2478 3463 2546 frequentata.

1881 2573 2071 2623 Annus
2102 2572 2314 2637 scripta:
2358 2572 2503 2637 pacis
2550 2572 2707 2624 inter.
2746 2570 3115 2625 .lustiuianutn
3167 2580 3218 2623 et
3259 2568 3462 2623 Ilabdi-

1885 2659 2088 2711 ntelcclt
2139 2659 2236 2712 fuit
2282 2662 2485 2728 primus
2514 2660 2811 2715 Justiuiani
2840 2701 2854 2722 ,
2887 2676 2997 2725 quo
3037 2661 3186 2715 solus
3239 2674 3467 2729 regnare

1881 2754 2076 2820 coepit.
2108 2754 2208 2805 hoc
2239 2764 2319 2804 est
2348 2752 2550 2806 Christi
2589 2753 2952 2823 Dionysianus
3005 2753 3112 2806 6:25
3134 2794 3147 2815 ,
3196 2753 3460 2822 quemad-

1884 2845 2100 2894 modum
2134 2845 2200 2895 ab
2231 2844 2645 2897 accuratissima
2673 2844 3005 2912 'l‘heOpItane
3034 2844 3288 2897 traditum
3318 2860 3333 2908 ;
3364 2857 3465 2896 an-

1884 2948 1988 2986 nus
2014 2934 2202 3003 synodi
2230 2934 2355 2991 680.
2389 2937 2470 2989 Ab
2500 2944 2711 3005 synodo
2741 2937 2902 3003 igitur
2926 2935 2991 2988 ad
3019 2937 3208 3002 patriae
3238 2935 3465 2988 reditum

1883 3027 2206 3095 Cypriorum
2245 3028 2609 3080 interm-ssent
2633 3028 2757 3081 anui
2791 3028 2853 3090 5,
2878 3028 2969 3095 qui
3014 3026 3371 3093 restituendi,
3411 3036 3469 3078 ut

1884 3125 2091 3191 legatur
2124 3120 2261 3189 μετᾶ
2308 3119 2470 3171 πέντε
2501 3119 2595 3188 ἔτη
2649 3134 2747 3187 pro
2781 3119 2921 3188 μετὰ
2953 3118 3092 3170 ἑπτὰ
3125 3119 3242 3188 ἐτη.
3283 3116 3470 3186 Neque

1831 3253 1851 3271 η
1887 3215 2100 3272 dubita.
2136 3213 2265 3281 quin
2293 3212 3021 3279 cpiloglsmusinstituendus
3052 3212 3236 3264 habita
3258 3211 3469 3264 ratione

1891 3306 2018 3361 anui
2056 3304 2245 3374 synodi
2276 3320 2349 3367 vt,
2384 3319 2490 3355 non
2525 3318 2654 3358 vero
2690 3304 3020 3371 quinisexta:
3044 3343 3058 3367 ,
3093 3312 3295 3357 coactae
3322 3316 3470 3356 anno

1891 3396 2015 3460 69l,
2040 3410 2159 3460 quae
2182 3395 2328 3463 quod
2352 3394 2789 3461 supplementum
2817 3408 2844 3443 v
2874 3403 2925 3447 et
2954 3408 3001 3445 \‘t
3025 3393 3237 3464 synodi,
3267 3393 3470 3447 idcirco

1895 3487 1947 3543 in
1984 3503 2030 3536 τι
2061 3490 2265 3553 εγιιιμίιε
2294 3497 2541 3537 sanctum
2569 3485 2671 3535 dict
2706 3484 2978 3553 potuerit,
3011 3487 3153 3551 quod
3194 3499 3383 3551 reapse
3417 3485 3468 3537 itt

1893 3578 2200 3646 quiuisexta
2232 3617 2245 3641 ,
2280 3576 2439 3629 anuis
2469 3576 2679 3629 scilicet
2714 3578 2772 3628 ll
2815 3585 2954 3645 post.
2989 3575 3045 3629 ld
3087 3578 3131 3630 si
3166 3578 3469 3640 arbitrere,

1894 3681 1985 3723 aut
2030 3670 2271 3736 stuporis
2329 3682 2529 3736 arguas
2578 3668 2954 3720 doctissimum
3011 3667 3318 3731 Caesarem,
3377 3676 3475 3721 aut

1896 3770 2135 3815 monstra
2169 3760 2265 3813 tibi
2303 3760 2503 3827 paries.
2542 3759 2682 3824 Quid
2728 3758 2911 3811 enim?
2949 3758 3292 3813 Justinianus
3339 3775 3472 3812 con-

1896 3857 2080 3909 stituta
2126 3854 2292 3908 semel
2341 3868 2472 3921 pace
2520 3868 2644 3905 cum
2708 3851 3099 3905 llabdnncleclt
3149 3866 3289 3905 anno
3332 3851 3472 3915 685,

1896 3962 2037 4001 anno
2069 3946 2206 4011 690,
2245 3945 2334 4014 qui
2373 3944 2405 3997 6
2438 3945 2555 4012 ejus
2588 3944 2731 4011 regni
2766 3943 2832 3995 ab
2852 3958 3081 3997 excessu
3117 3943 3467 3997 Constantini

1898 4041 2089 4106 patris,
2124 4037 2284 4103 fregit
2317 4037 2484 4097 illam,
2511 4036 2783 4104 jnssitque
2816 4020 3117 4105 demigrare
3145 4038 3339 4089 iterum
3368 4036 3476 4106 Cy-

1898 4134 2045 4199 prios
2079 4146 2144 4184 ex
2176 4130 2374 4191 insula,
2407 4144 2527 4197 quae
2562 4128 2758 4197 partim
2794 4127 2920 4189 sibi,
2953 4129 3148 4195 partim
3183 4127 3476 4181 llabditne-

1898 4220 2013 4273 let-li
2041 4220 2289 4282 serviret,
2320 4219 2465 4286 quod
2498 4233 2669 4271 unum
2700 4233 2763 4269 ex
2792 4217 2939 4284 pacis
2969 4216 3145 4270 fuerat
3167 4215 3479 4284 capitibus?

1898 4312 2165 4383 (Tlteoplt.
2212 4312 2264 4364 itt
2308 4309 2539 4379 Chron.)
2591 4307 2709 4362 Jam
2747 4310 2791 4363 si
2830 4324 2971 4363 anno
3009 4308 3111 4362 690
3144 4310 3292 4377 pacis
3333 4310 3478 4378 leges

1900 4404 2145 4467 violatae,
2182 4403 2453 4469 domoque
2485 4399 2692 4469 egressi
2731 4398 2948 4467 Cyprii,
2989 4399 3033 4452 si
3068 4413 3211 4450 anno
3242 4396 3342 4452 691
3380 4398 3480 4452 ha-

1899 4494 2006 4546 bita
2057 4492 2297 4561 synodus
2345 4491 2694 4558 quinisexta,
2753 4490 2845 4541 ubi
2903 4489 3247 4557 sepleuuium
3311 4489 3475 4553 illud,

222 4581 360 4634 hunc
398 4598 559 4650 usque
602 4583 739 4635 diem
777 4584 1055 4652 prwdicat.
1091 4582 1366 4637 Statutum
1404 4586 1605 4652 pariter
1657 4587 1713 4639 in
1742 4603 1795 4641 Vl
1832 4591 1872 4643 υ
1903 4586 2042 4652 quod
2110 4598 2141 4635 a
2204 4583 2533 4651 Cypriorum
2607 4578 3007 4647 μεταναστάσει
3077 4579 3145 4632 ad
3205 4580 3478 4650 synodum

224 4685 411 4727 sancta
438 4674 658 4743 synodo,
701 4684 757 4726 ut
800 4677 888 4743 qui
927 4674 1109 4743 Cyzici
1143 4676 1304 4743 fuerit
1333 4678 1694 4744 metropolita,
1730 4679 1793 4731 ab

231 4768 620 4833 archiepiscopo
665 4766 825 4836 Cypri
870 4768 1304 4837 inauguraretur,
1353 4769 1794 4837 quemadmodum

224 4873 340 4925 cap.
371 4858 439 4913 53
460 4860 625 4926 ipsius
656 4872 855 4912 sancta
909 4860 1097 4929 synodi
1147 4861 1424 4927 scriptum.
1461 4860 1599 4914 Cum
1633 4878 1797 4931 syno-

224 4951 330 5008 dus
360 4965 411 5003 Vl
460 4950 687 5004 coivcrit
715 4965 862 5004 anno
887 4950 1013 5013 680,
1059 4966 1184 5004 cum
1220 4950 1403 5019 Cyprii
1429 4952 1593 5004 domo
1623 4952 1797 5006 demi-

225 5044 436 5111 grariut
471 5058 618 5097 anno
650 5042 774 5105 648,
807 5058 915 5096 non
952 5043 1028 5095 illi
1066 5043 1137 5097 ab
1162 5058 1307 5096 anno
1342 5047 1798 5113 μεταναστάσεως

228 5153 343 5193 suae
367 5138 433 5191 ad
473 5139 740 5207 synodum
784 5137 931 5190 illam
967 5152 1258 5191 numerare
1309 5138 1585 5204 potuerint
1616 5138 1798 5193 minus

227 5228 393 5281 anuis
419 5229 508 5281 5'2.
552 5228 740 5295 ltaque
769 5242 866 5294 pro
892 5241 979 5287 eo,
1016 5225 1159 5294 quod
1182 5235 1363 5278 exsutt
1398 5224 1490 5278 ἐπὶ
1520 5225 1563 5288 ζ’
1600 5225 1799 5287 ἔτεσιν,

227 5318 629 5377 emendandum
672 5317 766 5369 ἐπὶ
810 5317 888 5383 λβ¹
919 5316 1115 5367 ἐτεσιν.
1154 5313 1334 5383 Pergit
1364 5314 1756 5368 Constantinus
1788 5335 1799 5368 :

234 5410 378 5473 Μετὰ
409 5410 465 5462 δὲ
502 5409 641 5461 ἐτττὰ
680 5408 774 5477 ἐτη
807 5408 1025 5476 θελήσει
1056 5404 1191 5457 Θεοῦ
1220 5405 1445 5475 ἐκινήθη
1481 5406 1509 5457 ὁ
1551 5406 1804 5474 βασιλεὺς

230 5502 395 5554 πάλιν
428 5500 654 5567 οἰκῆσαι
684 5500 785 5568 τὴν
815 5498 1061 5567 Κύπρον,
1103 5498 1197 5550 καὶ
1226 5496 1513 5549 ἀπέστειλε
1545 5497 1683 5565 πρὸς
1714 5496 1804 5549 τὸν

244 5591 665 5661 Ἀμερμουμνὴν
688 5588 780 5641 τοῦ
808 5587 1021 5655 Βαγδὰδ
1060 5588 1216 5656 311
1246 5590 1395 5657 τρεῖς
1430 5588 1538 5640 τῶν
1578 5588 1803 5654 ἐνδόξων

232 5683 516 5751 Κυπρίων,
545 5680 870 5749 αὐτόχθονας
897 5679 998 5749 τῆς
1023 5679 1193 5747 auri};
1218 5680 1381 5745 νήσου
1416 5680 1801 5746 τυγχάνοντας,

231 5776 361 5834 τοὺς
405 5772 731 5840 λεγομένους
776 5772 1151 5839 φαγγουμεῖς,
1206 5770 1344 5837 μετὰ
1389 5771 1483 5821 καὶ
1526 5769 1805 5838 βασιλικοῦ

233 5883 377 5930 τινος
424 5864 643 5935 ἀγχίνοι)
693 5863 784 5917 τοῦ
834 5864 924 5916 καὶ
971 5861 1180 5927 ἐνδόξου
1218 5861 1431 5931 γράψας
1482 5860 1556 5931 τῷ
1603 5863 1799 5932 Ἀμερ-

1900 4682 2154 4727 numerat
2177 4670 2569 4725 Constantinus
2592 4667 2737 4722 ?Sed
2765 4668 2866 4721 ltoc
2884 4669 2999 4722 leve
3021 4687 3033 4721 :
3056 4670 3275 4735 gravius
3292 4683 3476 4737 urgeo.

1900 4767 1980 4820 Ab
2023 4779 2166 4818 anno
2200 4764 2337 4829 690,
2385 4777 2493 4831 quo
2536 4775 2687 4814 nova:
2735 4763 2940 4815 obortae
2985 4762 3294 4814 simultates
3339 4761 3481 4814 inter

1898 4853 2267 4907 Justinianunt
2335 4858 2392 4903 et
2462 4848 2881 4913 llabdimeleclt,
2934 4864 3210 4916 nunquam
3252 4849 3484 4916 amplius

1901 4945 2037 4999 bella
2062 4982 2077 5007 ,
2121 4942 2357 5008 odiaque
2399 4942 2575 5007 posita
2615 4942 2682 4994 ab
2726 4942 2965 4996 Arabum
3007 4940 3481 5010 Protosyntbolis,

1901 5048 1954 5092 et
1997 5034 2618 5100 Coustautinopolitanis
2650 5034 2960 5088 Caasaribus
2982 5074 2998 5099 ,
3045 5037 3187 5087 unde
3214 5032 3486 5089 Christia-

1903 5141 2097 5179 norum
2141 5138 2228 5178 res
2254 5124 2560 5177 deteriores
2588 5124 2642 5176 in
2676 5124 2792 5178 dies
2818 5124 2977 5178 factae
2999 5163 3014 5187 ,
3053 5125 3228 5180 donec
3266 5126 3482 5179 tandem

1903 5218 2060 5273 sedes
2084 5216 2197 5282 ipsa
2226 5214 2435 5281 imperii
2468 5211 2792 5283 Byzantium
2824 5218 2872 5267 in
2909 5214 3269 5268 Bat‘bat‘orum
3295 5228 3484 5286 tyran-

1904 5309 2083 5362 nidem
2123 5308 2413 5361 concessit.
2452 5305 2636 5373 Itaque
2667 5308 2710 5360 si
2750 5322 2895 5360 anno
2922 5307 3026 5360 690
3065 5309 3258 5361 iterum
3295 5309 3481 5378 Cyprii

1905 5402 2075 5470 patria
2111 5400 2465 5461 cxsularunt,
2515 5399 2604 5466 qui
2652 5397 2993 5454 Justinianus
3032 5403 3317 5469 septennia
3362 5413 3481 5470 post

1906 5493 2163 5562 paciﬁcos
2207 5473 2472 5558 d'clcgarit
2514 5490 2886 5545 internuntios
2932 5491 3001 5545 ad
3057 5491 3481 5561 Habdimelecb,

1905 5587 2123 5658 quando
2144 5601 2267 5639 cum
2303 5600 2387 5649 eo,
2416 5586 2565 5652 jacto
2600 5586 2768 5639 semel
2806 5586 3219 5640 inimicitiarum
3252 5587 3483 5647 semine,

1909 5692 2187 5746 nunquam
2242 5676 2478 5743 amplius
2523 5676 2575 5727 in
2647 5676 2947 5730 amicitiam
2999 5676 3267 5739 reditum,
3309 5691 3487 5745 neque

1908 5785 2049 5824 anno
2080 5768 2180 5821 697
2220 5770 2332 5836 ipsc
2362 5767 2707 5822 Justinianus
2742 5768 3329 5837 Coustantinopolitani
3365 5784 3484 5823 sce-

1909 5862 2012 5934 ptri
2050 5860 2329 5931 potiretur,
2358 5860 2449 5914 sed
2483 5859 2740 5917 Leontius
2765 5903 2778 5927 ,
2819 5875 2846 5914 a
2878 5877 2986 5931 quo
3016 5875 3183 5932 regno
3224 5859 3482 5923 abortus!
