  <div class='ocr_page' id='page_1' title='image "/cluster/home/n/w/nwhite01/storage/ocr_20150623/98/nnc1.0046979697/609.png"; bbox 0 0 4144 6448; ppageno 0'>
   <div class='ocr_carea' id='block_1_1' title="bbox 670 458 799 525">
    <p class='ocr_par' dir='ltr' id='par_1_1' title="bbox 670 458 799 525">
     <span class='ocr_line' id='line_1_1' title="bbox 670 458 799 525; baseline -0.016 -2"><span class='ocrx_word' id='word_1_1' title='bbox 670 458 799 525; x_wconf 77' lang='lat' dir='ltr'><strong>I‘Ztl</strong></span> 
     </span>
    </p>
   </div>
   <div class='ocr_carea' id='block_1_2' title="bbox 1553 452 2995 520">
    <p class='ocr_par' dir='ltr' id='par_1_2' title="bbox 1553 452 2995 520">
     <span class='ocr_line' id='line_1_2' title="bbox 1553 452 2995 520; baseline 0 -3"><span class='ocrx_word' id='word_1_2' title='bbox 1553 460 1650 518; x_wconf 87' lang='lat' dir='ltr'><strong>DE</strong></span> <span class='ocrx_word' id='word_1_3' title='bbox 1674 459 1933 518; x_wconf 63' lang='lat' dir='ltr'><strong>IETATE</strong></span> <span class='ocrx_word' id='word_1_4' title='bbox 1968 452 2029 519; x_wconf 89' lang='lat' dir='ltr'><strong>S.</strong></span> <span class='ocrx_word' id='word_1_5' title='bbox 2063 458 2441 520; x_wconf 75' lang='lat' dir='ltr'><strong>GBEGORII</strong></span> <span class='ocrx_word' id='word_1_6' title='bbox 2485 458 2995 518; x_wconf 78' lang='lat' dir='ltr'><strong>AGRIGENTINI</strong></span> 
     </span>
    </p>
   </div>
   <div class='ocr_carea' id='block_1_3' title="bbox 3787 450 3903 514">
    <p class='ocr_par' dir='ltr' id='par_1_3' title="bbox 3787 450 3903 514">
     <span class='ocr_line' id='line_1_3' title="bbox 3787 450 3903 514; baseline 0 -1"><span class='ocrx_word' id='word_1_7' title='bbox 3787 450 3903 514; x_wconf 69' lang='lat' dir='ltr'><strong>I212</strong></span> 
     </span>
    </p>
   </div>
   <div class='ocr_carea' id='block_1_4' title="bbox 663 560 3905 647">
    <p class='ocr_par' dir='ltr' id='par_1_4' title="bbox 663 560 3905 647">
     <span class='ocr_line' id='line_1_4' title="bbox 663 560 3905 647; baseline -0.002 -27"><span class='ocrx_word' id='word_1_8' title='bbox 663 566 732 647; x_wconf 78' lang='lat' dir='ltr'><strong>Ut</strong></span> <span class='ocrx_word' id='word_1_9' title='bbox 780 566 942 636; x_wconf 85' lang='lat' dir='ltr'><strong>igitur</strong></span> <span class='ocrx_word' id='word_1_10' title='bbox 979 575 1121 620; x_wconf 84' lang='lat' dir='ltr'><strong>stent</strong></span> <span class='ocrx_word' id='word_1_11' title='bbox 1140 596 1156 631; x_wconf 60' lang='grc' dir='ltr'><strong>η,</strong></span> <span class='ocrx_word' id='word_1_12' title='bbox 1203 580 1325 632; x_wconf 65' lang='lat' dir='ltr'><strong>quae</strong></span> <span class='ocrx_word' id='word_1_13' title='bbox 1359 562 1755 619; x_wconf 82' lang='lat' dir='ltr'><strong>Constantinus</strong></span> <span class='ocrx_word' id='word_1_14' title='bbox 1779 566 1956 635; x_wconf 89' lang='lat' dir='ltr'><strong>prodit</strong></span> <span class='ocrx_word' id='word_1_15' title='bbox 1980 605 1993 625; x_wconf 84' lang='lat'><strong>,</strong></span> <span class='ocrx_word' id='word_1_16' title='bbox 2023 567 2245 619; x_wconf 88' lang='lat' dir='ltr'><strong>omnino</strong></span> <span class='ocrx_word' id='word_1_17' title='bbox 2274 578 2319 632; x_wconf 81' lang='grc' dir='ltr'><strong>Α</strong></span> <span class='ocrx_word' id='word_1_18' title='bbox 2348 581 2426 634; x_wconf 63' lang='grc' dir='ltr'><strong>εγω</strong></span> <span class='ocrx_word' id='word_1_19' title='bbox 2452 566 2678 633; x_wconf 67' lang='lat' dir='ltr'><strong>episcopi</strong></span> <span class='ocrx_word' id='word_1_20' title='bbox 2702 576 2891 633; x_wconf 68' lang='lat' dir='ltr'><strong>prazsto</strong></span> <span class='ocrx_word' id='word_1_21' title='bbox 2919 571 3087 617; x_wconf 82' lang='lat' dir='ltr'><strong>essent</strong></span> <span class='ocrx_word' id='word_1_22' title='bbox 3114 564 3180 615; x_wconf 88' lang='lat' dir='ltr'><strong>ad</strong></span> <span class='ocrx_word' id='word_1_23' title='bbox 3207 561 3464 614; x_wconf 84' lang='lat' dir='ltr'><strong>radicitus</strong></span> <span class='ocrx_word' id='word_1_24' title='bbox 3490 562 3633 614; x_wconf 77' lang='lat' dir='ltr'><strong>etcll.</strong></span> <span class='ocrx_word' id='word_1_25' title='bbox 3656 560 3779 621; x_wconf 81' lang='lat' dir='ltr'><strong>nda,</strong></span> <span class='ocrx_word' id='word_1_26' title='bbox 3806 577 3905 629; x_wconf 73' lang='lat' dir='ltr'><strong>qua</strong></span> 
     </span>
    </p>
   </div>
   <div class='ocr_carea' id='block_1_5' title="bbox 662 654 2243 724">
    <p class='ocr_par' dir='ltr' id='par_1_5' title="bbox 662 654 2243 724">
     <span class='ocr_line' id='line_1_5' title="bbox 662 654 2243 724; baseline -0.001 -15"><span class='ocrx_word' id='word_1_27' title='bbox 662 655 1067 719; x_wconf 72' lang='lat' dir='ltr'><strong>aliirmandum,</strong></span> <span class='ocrx_word' id='word_1_28' title='bbox 1094 654 1320 724; x_wconf 86' lang='lat' dir='ltr'><strong>Cyprios</strong></span> <span class='ocrx_word' id='word_1_29' title='bbox 1349 655 1524 707; x_wconf 65' lang='lat' dir='ltr'><strong>exsilii</strong></span> <span class='ocrx_word' id='word_1_30' title='bbox 1561 657 1665 720; x_wconf 91' lang='lat' dir='ltr'><strong>sui,</strong></span> <span class='ocrx_word' id='word_1_31' title='bbox 1694 657 1852 723; x_wconf 86' lang='lat' dir='ltr'><strong>cujus</strong></span> <span class='ocrx_word' id='word_1_32' title='bbox 1882 655 2087 721; x_wconf 88' lang='lat' dir='ltr'><strong>epocha</strong></span> <span class='ocrx_word' id='word_1_33' title='bbox 2124 655 2243 708; x_wconf 80' lang='lat' dir='ltr'><strong>iniit</strong></span> 
     </span>
    </p>
   </div>
   <div class='ocr_carea' id='block_1_6' title="bbox 661 745 2241 821">
    <p class='ocr_par' dir='ltr' id='par_1_6' title="bbox 661 745 2241 821">
     <span class='ocr_line' id='line_1_6' title="bbox 661 745 2241 821; baseline -0.002 -20"><span class='ocrx_word' id='word_1_34' title='bbox 661 764 805 821; x_wconf 87' lang='lat' dir='ltr'><strong>anno</strong></span> <span class='ocrx_word' id='word_1_35' title='bbox 822 747 946 808; x_wconf 63' lang='lat'><strong>648,</strong></span> <span class='ocrx_word' id='word_1_36' title='bbox 971 761 1141 799; x_wconf 85' lang='lat' dir='ltr'><strong>annos</strong></span> <span class='ocrx_word' id='word_1_37' title='bbox 1176 746 1245 798; x_wconf 62' lang='grc' dir='ltr'><strong>δὲ</strong></span> <span class='ocrx_word' id='word_1_38' title='bbox 1294 748 1674 809; x_wconf 75' lang='lat' dir='ltr'><strong>censentibus,</strong></span> <span class='ocrx_word' id='word_1_39' title='bbox 1700 748 2046 815; x_wconf 68' lang='lat' dir='ltr'><strong>prtrpositum</strong></span> <span class='ocrx_word' id='word_1_40' title='bbox 2075 745 2241 799; x_wconf 83' lang='lat' dir='ltr'><strong>Joan-</strong></span> 
     </span>
    </p>
   </div>
   <div class='ocr_carea' id='block_1_7' title="bbox 663 838 2238 909">
    <p class='ocr_par' dir='ltr' id='par_1_7' title="bbox 663 838 2238 909">
     <span class='ocr_line' id='line_1_7' title="bbox 663 838 2238 909; baseline -0.003 -14"><span class='ocrx_word' id='word_1_41' title='bbox 663 857 783 895; x_wconf 88' lang='lat' dir='ltr'><strong>nem</strong></span> <span class='ocrx_word' id='word_1_42' title='bbox 818 839 979 909; x_wconf 84' lang='lat' dir='ltr'><strong>Cypri</strong></span> <span class='ocrx_word' id='word_1_43' title='bbox 1012 840 1483 906; x_wconf 86' lang='lat' dir='ltr'><strong>archiepiscopum</strong></span> <span class='ocrx_word' id='word_1_44' title='bbox 1518 839 1873 905; x_wconf 58' lang='lat' dir='ltr'><strong>IIl-llesponto</strong></span> <span class='ocrx_word' id='word_1_45' title='bbox 1909 838 2200 908; x_wconf 72' lang='lat' dir='ltr'><strong>provincia:</strong></span> <span class='ocrx_word' id='word_1_46' title='bbox 2223 877 2238 903; x_wconf 92' lang='lat'><strong>,</strong></span> 
     </span>
    </p>
   </div>
   <div class='ocr_carea' id='block_1_8' title="bbox 666 931 2240 999">
    <p class='ocr_par' dir='ltr' id='par_1_8' title="bbox 666 931 2240 999">
     <span class='ocr_line' id='line_1_8' title="bbox 666 931 2240 999; baseline -0.003 -14"><span class='ocrx_word' id='word_1_47' title='bbox 666 935 719 989; x_wconf 90' lang='lat' dir='ltr'><strong>in</strong></span> <span class='ocrx_word' id='word_1_48' title='bbox 763 947 869 998; x_wconf 88' lang='lat' dir='ltr'><strong>qua</strong></span> <span class='ocrx_word' id='word_1_49' title='bbox 905 931 1302 997; x_wconf 73' lang='grc' dir='ltr'><strong>αὐτοκεφα).ίας</strong></span> <span class='ocrx_word' id='word_1_50' title='bbox 1328 931 1452 998; x_wconf 84' lang='lat' dir='ltr'><strong>jura</strong></span> <span class='ocrx_word' id='word_1_51' title='bbox 1492 941 1792 993; x_wconf 63' lang='lat' dir='ltr'><strong>exerceret,</strong></span> <span class='ocrx_word' id='word_1_52' title='bbox 1820 932 1980 999; x_wconf 85' lang='lat' dir='ltr'><strong>idque</strong></span> <span class='ocrx_word' id='word_1_53' title='bbox 2013 945 2138 982; x_wconf 86' lang='lat' dir='ltr'><strong>vero</strong></span> <span class='ocrx_word' id='word_1_54' title='bbox 2177 944 2240 981; x_wconf 80' lang='lat' dir='ltr'><strong>cx</strong></span> 
     </span>
    </p>
   </div>
   <div class='ocr_carea' id='block_1_9' title="bbox 664 1014 2243 1081">
    <p class='ocr_par' dir='ltr' id='par_1_9' title="bbox 664 1014 2243 1081">
     <span class='ocr_line' id='line_1_9' title="bbox 664 1014 2243 1081; baseline -0.005 -10"><span class='ocrx_word' id='word_1_55' title='bbox 664 1023 987 1075; x_wconf 84' lang='lat' dir='ltr'><strong>auctoritate</strong></span> <span class='ocrx_word' id='word_1_56' title='bbox 1034 1018 1249 1071; x_wconf 79' lang='lat' dir='ltr'><strong>concilii</strong></span> <span class='ocrx_word' id='word_1_57' title='bbox 1313 1033 1362 1069; x_wconf 64' lang='grc' dir='ltr'>τι</span> <span class='ocrx_word' id='word_1_58' title='bbox 1415 1017 1733 1069; x_wconf 76' lang='lat' dir='ltr'><strong>mt&#39;ttmeuit&#39;i</strong></span> <span class='ocrx_word' id='word_1_59' title='bbox 1768 1020 1895 1067; x_wconf 89' lang='lat' dir='ltr'><strong>anni</strong></span> <span class='ocrx_word' id='word_1_60' title='bbox 1945 1014 2048 1068; x_wconf 88' lang='lat'><strong>680</strong></span> <span class='ocrx_word' id='word_1_61' title='bbox 2082 1014 2243 1081; x_wconf 85' lang='lat' dir='ltr'><strong>quin-</strong></span> 
     </span>
    </p>
   </div>
   <div class='ocr_carea' id='block_1_10' title="bbox 660 1099 2243 1177">
    <p class='ocr_par' dir='ltr' id='par_1_10' title="bbox 660 1099 2243 1177">
     <span class='ocr_line' id='line_1_10' title="bbox 660 1099 2243 1177; baseline -0.008 -15"><span class='ocrx_word' id='word_1_62' title='bbox 660 1110 908 1177; x_wconf 87' lang='lat' dir='ltr'><strong>quennio</strong></span> <span class='ocrx_word' id='word_1_63' title='bbox 938 1117 1077 1176; x_wconf 90' lang='lat' dir='ltr'><strong>post,</strong></span> <span class='ocrx_word' id='word_1_64' title='bbox 1115 1123 1262 1161; x_wconf 87' lang='lat' dir='ltr'><strong>anno</strong></span> <span class='ocrx_word' id='word_1_65' title='bbox 1291 1107 1502 1160; x_wconf 72' lang='lat' dir='ltr'><strong>scilicet</strong></span> <span class='ocrx_word' id='word_1_66' title='bbox 1537 1104 1643 1157; x_wconf 80' lang='lat'><strong>685</strong></span> <span class='ocrx_word' id='word_1_67' title='bbox 1676 1103 1889 1170; x_wconf 88' lang='lat' dir='ltr'><strong>patrios</strong></span> <span class='ocrx_word' id='word_1_68' title='bbox 1925 1102 2063 1153; x_wconf 86' lang='lat' dir='ltr'><strong>lares</strong></span> <span class='ocrx_word' id='word_1_69' title='bbox 2103 1099 2243 1152; x_wconf 89' lang='lat' dir='ltr'><strong>revi-</strong></span> 
     </span>
    </p>
   </div>
   <div class='ocr_carea' id='block_1_11' title="bbox 664 1194 2242 1264">
    <p class='ocr_par' dir='ltr' id='par_1_11' title="bbox 664 1194 2242 1264">
     <span class='ocr_line' id='line_1_11' title="bbox 664 1194 2242 1264; baseline -0.009 -9"><span class='ocrx_word' id='word_1_70' title='bbox 664 1202 811 1255; x_wconf 83' lang='lat' dir='ltr'><strong>sisse</strong></span> <span class='ocrx_word' id='word_1_71' title='bbox 851 1201 979 1264; x_wconf 90' lang='lat' dir='ltr'><strong>imp.</strong></span> <span class='ocrx_word' id='word_1_72' title='bbox 1016 1197 1305 1253; x_wconf 80' lang='lat' dir='ltr'><strong>Justiniaui</strong></span> <span class='ocrx_word' id='word_1_73' title='bbox 1347 1210 1507 1262; x_wconf 76' lang='lat' dir='ltr'><strong>opera</strong></span> <span class='ocrx_word' id='word_1_74' title='bbox 1533 1233 1546 1255; x_wconf 90' lang='lat'><strong>,</strong></span> <span class='ocrx_word' id='word_1_75' title='bbox 1582 1194 1673 1262; x_wconf 90' lang='lat' dir='ltr'><strong>qui</strong></span> <span class='ocrx_word' id='word_1_76' title='bbox 1711 1208 1829 1245; x_wconf 88' lang='lat' dir='ltr'><strong>eam</strong></span> <span class='ocrx_word' id='word_1_77' title='bbox 1866 1195 1932 1243; x_wconf 88' lang='lat' dir='ltr'><strong>ad</strong></span> <span class='ocrx_word' id='word_1_78' title='bbox 1963 1206 2075 1243; x_wconf 89' lang='lat' dir='ltr'><strong>rem</strong></span> <span class='ocrx_word' id='word_1_79' title='bbox 2114 1206 2242 1243; x_wconf 86' lang='lat' dir='ltr'><strong>ora-</strong></span> 
     </span>
    </p>
   </div>
   <div class='ocr_carea' id='block_1_12' title="bbox 667 1281 2244 1353">
    <p class='ocr_par' dir='ltr' id='par_1_12' title="bbox 667 1281 2244 1353">
     <span class='ocr_line' id='line_1_12' title="bbox 667 1281 2244 1353; baseline -0.008 -11"><span class='ocrx_word' id='word_1_80' title='bbox 667 1300 815 1342; x_wconf 88' lang='lat' dir='ltr'><strong>tores</strong></span> <span class='ocrx_word' id='word_1_81' title='bbox 854 1290 1063 1342; x_wconf 89' lang='lat' dir='ltr'><strong>miserit</strong></span> <span class='ocrx_word' id='word_1_82' title='bbox 1100 1292 1164 1341; x_wconf 87' lang='lat' dir='ltr'><strong>ad</strong></span> <span class='ocrx_word' id='word_1_83' title='bbox 1208 1287 1593 1341; x_wconf 78' lang='lat' dir='ltr'><strong>llalulinielech</strong></span> <span class='ocrx_word' id='word_1_84' title='bbox 1617 1325 1630 1348; x_wconf 90' lang='lat'><strong>,</strong></span> <span class='ocrx_word' id='word_1_85' title='bbox 1655 1284 1853 1353; x_wconf 91' lang='lat' dir='ltr'><strong>quibus</strong></span> <span class='ocrx_word' id='word_1_86' title='bbox 1886 1281 2117 1335; x_wconf 80' lang='lat' dir='ltr'><strong>feliciter</strong></span> <span class='ocrx_word' id='word_1_87' title='bbox 2146 1281 2244 1333; x_wconf 90' lang='lat' dir='ltr'><strong>ad-</strong></span> 
     </span>
    </p>
   </div>
   <div class='ocr_carea' id='block_1_13' title="bbox 667 1373 2247 1444">
    <p class='ocr_par' dir='ltr' id='par_1_13' title="bbox 667 1373 2247 1444">
     <span class='ocr_line' id='line_1_13' title="bbox 667 1373 2247 1444; baseline -0.006 -12"><span class='ocrx_word' id='word_1_88' title='bbox 667 1380 885 1432; x_wconf 86' lang='lat' dir='ltr'><strong>modum</strong></span> <span class='ocrx_word' id='word_1_89' title='bbox 919 1381 1054 1432; x_wconf 82' lang='lat' dir='ltr'><strong>exiit</strong></span> <span class='ocrx_word' id='word_1_90' title='bbox 1095 1380 1312 1442; x_wconf 57' lang='lat' dir='ltr'><strong>legatio.</strong></span> <span class='ocrx_word' id='word_1_91' title='bbox 1360 1377 1702 1444; x_wconf 75' lang='lat' dir='ltr'><strong>Quapropter</strong></span> <span class='ocrx_word' id='word_1_92' title='bbox 1742 1376 1843 1443; x_wconf 91' lang='lat' dir='ltr'><strong>(ut</strong></span> <span class='ocrx_word' id='word_1_93' title='bbox 1890 1375 1940 1426; x_wconf 89' lang='lat' dir='ltr'><strong>in</strong></span> <span class='ocrx_word' id='word_1_94' title='bbox 1978 1373 2119 1424; x_wconf 84' lang='lat' dir='ltr'><strong>viam</strong></span> <span class='ocrx_word' id='word_1_95' title='bbox 2165 1386 2247 1423; x_wconf 84' lang='lat' dir='ltr'><strong>re-</strong></span> 
     </span>
    </p>
   </div>
   <div class='ocr_carea' id='block_1_14' title="bbox 668 1462 2247 1539">
    <p class='ocr_par' dir='ltr' id='par_1_14' title="bbox 668 1462 2247 1539">
     <span class='ocr_line' id='line_1_14' title="bbox 668 1462 2247 1539; baseline -0.005 -16"><span class='ocrx_word' id='word_1_96' title='bbox 668 1471 824 1523; x_wconf 86' lang='lat' dir='ltr'><strong>deam</strong></span> <span class='ocrx_word' id='word_1_97' title='bbox 874 1471 959 1535; x_wconf 88' lang='lat' dir='ltr'><strong>(si</strong></span> <span class='ocrx_word' id='word_1_98' title='bbox 1007 1486 1198 1539; x_wconf 87' lang='lat' dir='ltr'><strong>passus</strong></span> <span class='ocrx_word' id='word_1_99' title='bbox 1256 1468 1890 1537; x_wconf 73' lang='lat' dir='ltr'><strong>Constantinopolitanus</strong></span> <span class='ocrx_word' id='word_1_100' title='bbox 1938 1462 2177 1534; x_wconf 79' lang='lat' dir='ltr'><strong>pontifex</strong></span> <span class='ocrx_word' id='word_1_101' title='bbox 2216 1478 2247 1516; x_wconf 91' lang='lat' dir='ltr'><strong>e</strong></span> 
     </span>
    </p>
   </div>
   <div class='ocr_carea' id='block_1_15' title="bbox 670 1555 2246 1628">
    <p class='ocr_par' dir='ltr' id='par_1_15' title="bbox 670 1555 2246 1628">
     <span class='ocr_line' id='line_1_15' title="bbox 670 1555 2246 1628; baseline -0.008 -12"><span class='ocrx_word' id='word_1_102' title='bbox 670 1563 999 1628; x_wconf 85' lang='lat' dir='ltr'><strong>patriarchia</strong></span> <span class='ocrx_word' id='word_1_103' title='bbox 1045 1577 1139 1615; x_wconf 90' lang='lat' dir='ltr'><strong>sua</strong></span> <span class='ocrx_word' id='word_1_104' title='bbox 1172 1562 1354 1613; x_wconf 79' lang='lat' dir='ltr'><strong>divelli</strong></span> <span class='ocrx_word' id='word_1_105' title='bbox 1407 1562 1698 1612; x_wconf 78' lang='lat' dir='ltr'><strong>maximam</strong></span> <span class='ocrx_word' id='word_1_106' title='bbox 1744 1555 2077 1623; x_wconf 84' lang='lat' dir='ltr'><strong>Hellesponti</strong></span> <span class='ocrx_word' id='word_1_107' title='bbox 2120 1569 2246 1623; x_wconf 69' lang='grc' dir='ltr'><strong>[που</strong></span> 
     </span>
    </p>
   </div>
   <div class='ocr_carea' id='block_1_16' title="bbox 671 1647 2245 1717">
    <p class='ocr_par' dir='ltr' id='par_1_16' title="bbox 671 1647 2245 1717">
     <span class='ocr_line' id='line_1_16' title="bbox 671 1647 2245 1717; baseline -0.005 -13"><span class='ocrx_word' id='word_1_108' title='bbox 671 1652 949 1712; x_wconf 74' lang='lat' dir='ltr'><strong>vini-iam,</strong></span> <span class='ocrx_word' id='word_1_109' title='bbox 984 1654 1035 1703; x_wconf 90' lang='lat' dir='ltr'><strong>in</strong></span> <span class='ocrx_word' id='word_1_110' title='bbox 1073 1667 1175 1717; x_wconf 82' lang='lat' dir='ltr'><strong>qua</strong></span> <span class='ocrx_word' id='word_1_111' title='bbox 1206 1648 1444 1703; x_wconf 85' lang='lat' dir='ltr'><strong>Joannes</strong></span> <span class='ocrx_word' id='word_1_112' title='bbox 1483 1647 2002 1715; x_wconf 79' lang='lat' dir='ltr'><strong>arcliit-piscopalem</strong></span> <span class='ocrx_word' id='word_1_113' title='bbox 2036 1655 2245 1714; x_wconf 76' lang='lat' dir='ltr'><strong>gereret</strong></span> 
     </span>
    </p>
   </div>
   <div class='ocr_carea' id='block_1_17' title="bbox 672 1736 2243 1810">
    <p class='ocr_par' dir='ltr' id='par_1_17' title="bbox 672 1736 2243 1810">
     <span class='ocr_line' id='line_1_17' title="bbox 672 1736 2243 1810; baseline -0.006 -15"><span class='ocrx_word' id='word_1_114' title='bbox 672 1744 1074 1810; x_wconf 84' lang='lat' dir='ltr'><strong>magistratum,</strong></span> <span class='ocrx_word' id='word_1_115' title='bbox 1112 1743 1300 1809; x_wconf 86' lang='lat' dir='ltr'><strong>quidni</strong></span> <span class='ocrx_word' id='word_1_116' title='bbox 1333 1781 1347 1803; x_wconf 92' lang='lat'><strong>,</strong></span> <span class='ocrx_word' id='word_1_117' title='bbox 1379 1748 1669 1807; x_wconf 82' lang='lat' dir='ltr'><strong>antequam</strong></span> <span class='ocrx_word' id='word_1_118' title='bbox 1703 1747 1909 1790; x_wconf 87' lang='lat' dir='ltr'><strong>mactus</strong></span> <span class='ocrx_word' id='word_1_119' title='bbox 1945 1737 2031 1789; x_wconf 85' lang='lat' dir='ltr'><strong>illa</strong></span> <span class='ocrx_word' id='word_1_120' title='bbox 2060 1736 2243 1798; x_wconf 75' lang='lat' dir='ltr'><strong>fuerit,</strong></span> 
     </span>
    </p>
   </div>
   <div class='ocr_carea' id='block_1_18' title="bbox 672 1827 2244 1913">
    <p class='ocr_par' dir='ltr' id='par_1_18' title="bbox 672 1827 2244 1913">
     <span class='ocr_line' id='line_1_18' title="bbox 672 1827 2244 1913; baseline -0.005 -26"><span class='ocrx_word' id='word_1_121' title='bbox 672 1834 946 1887; x_wconf 81' lang='lat' dir='ltr'><strong>exstincto</strong></span> <span class='ocrx_word' id='word_1_122' title='bbox 978 1832 1216 1913; x_wconf 64' lang='lat' dir='ltr'><strong>Sardime</strong></span> <span class='ocrx_word' id='word_1_123' title='bbox 1247 1835 1535 1900; x_wconf 77' lang='lat' dir='ltr'><strong>episcopo,</strong></span> <span class='ocrx_word' id='word_1_124' title='bbox 1562 1847 1623 1884; x_wconf 87' lang='lat' dir='ltr'><strong>ea</strong></span> <span class='ocrx_word' id='word_1_125' title='bbox 1656 1830 1758 1883; x_wconf 85' lang='lat' dir='ltr'><strong>sibi</strong></span> <span class='ocrx_word' id='word_1_126' title='bbox 1793 1829 2032 1882; x_wconf 78' lang='lat' dir='ltr'><strong>Ecclesia</strong></span> <span class='ocrx_word' id='word_1_127' title='bbox 2060 1827 2244 1880; x_wconf 75' lang='lat' dir='ltr'><strong>crede-</strong></span> 
     </span>
    </p>
   </div>
   <div class='ocr_carea' id='block_1_19' title="bbox 2348 651 3904 722">
    <p class='ocr_par' dir='ltr' id='par_1_19' title="bbox 2348 651 3904 722">
     <span class='ocr_line' id='line_1_19' title="bbox 2348 651 3904 722; baseline -0.003 -15"><span class='ocrx_word' id='word_1_128' title='bbox 2348 657 2657 707; x_wconf 74' lang='lat' dir='ltr'><strong>exstiterant</strong></span> <span class='ocrx_word' id='word_1_129' title='bbox 2692 656 2923 707; x_wconf 77' lang='lat' dir='ltr'><strong>zizania.</strong></span> <span class='ocrx_word' id='word_1_130' title='bbox 2956 652 3185 722; x_wconf 87' lang='lat' dir='ltr'><strong>Insuper</strong></span> <span class='ocrx_word' id='word_1_131' title='bbox 3228 667 3350 706; x_wconf 88' lang='lat' dir='ltr'><strong>cum</strong></span> <span class='ocrx_word' id='word_1_132' title='bbox 3410 652 3524 704; x_wconf 72' lang='lat' dir='ltr'><strong>ltzrc</strong></span> <span class='ocrx_word' id='word_1_133' title='bbox 3569 666 3695 703; x_wconf 74' lang='lat' dir='ltr'><strong>mox</strong></span> <span class='ocrx_word' id='word_1_134' title='bbox 3738 651 3904 713; x_wconf 79' lang='lat' dir='ltr'><strong>addit,</strong></span> 
     </span>
    </p>
   </div>
   <div class='ocr_carea' id='block_1_20' title="bbox 2346 737 3909 811">
    <p class='ocr_par' dir='ltr' id='par_1_20' title="bbox 2346 737 3909 811">
     <span class='ocr_line' id='line_1_20' title="bbox 2346 737 3909 811; baseline -0.002 -16"><span class='ocrx_word' id='word_1_135' title='bbox 2346 744 2623 811; x_wconf 62' lang='lat' dir='ltr'><strong>praeterito</strong></span> <span class='ocrx_word' id='word_1_136' title='bbox 2689 745 2909 809; x_wconf 80' lang='lat' dir='ltr'><strong>insuper</strong></span> <span class='ocrx_word' id='word_1_137' title='bbox 2961 742 3189 811; x_wconf 80' lang='lat' dir='ltr'><strong>Augusti</strong></span> <span class='ocrx_word' id='word_1_138' title='bbox 3257 740 3478 793; x_wconf 88' lang='lat' dir='ltr'><strong>nomine</strong></span> <span class='ocrx_word' id='word_1_139' title='bbox 3523 758 3536 793; x_wconf 94' lang='lat'>:</span> <span class='ocrx_word' id='word_1_140' title='bbox 3591 737 3683 792; x_wconf 80' lang='lat' dir='ltr'><strong>Ita</strong></span> <span class='ocrx_word' id='word_1_141' title='bbox 3737 738 3909 792; x_wconf 78' lang='lat' dir='ltr'><strong>multas</strong></span> 
     </span>
    </p>
   </div>
   <div class='ocr_carea' id='block_1_21' title="bbox 2346 831 3910 901">
    <p class='ocr_par' dir='ltr' id='par_1_21' title="bbox 2346 831 3910 901">
     <span class='ocr_line' id='line_1_21' title="bbox 2346 831 3910 901; baseline -0.005 -13"><span class='ocrx_word' id='word_1_142' title='bbox 2346 834 2805 901; x_wconf 80' lang='lat' dir='ltr'><strong>Constantinopoli</strong></span> <span class='ocrx_word' id='word_1_143' title='bbox 2837 839 3017 886; x_wconf 76' lang='lat' dir='ltr'><strong>beatus</strong></span> <span class='ocrx_word' id='word_1_144' title='bbox 3047 833 3125 885; x_wconf 82' lang='lat' dir='ltr'><strong>rir</strong></span> <span class='ocrx_word' id='word_1_145' title='bbox 3153 832 3317 884; x_wconf 80' lang='lat' dir='ltr'><strong>edidit</strong></span> <span class='ocrx_word' id='word_1_146' title='bbox 3350 847 3467 883; x_wconf 85' lang='lat' dir='ltr'><strong>cum</strong></span> <span class='ocrx_word' id='word_1_147' title='bbox 3501 831 3571 883; x_wconf 82' lang='lat' dir='ltr'><strong>ad</strong></span> <span class='ocrx_word' id='word_1_148' title='bbox 3601 831 3875 884; x_wconf 75' lang='lat' dir='ltr'><strong>dicendum</strong></span> <span class='ocrx_word' id='word_1_149' title='bbox 3897 872 3910 891; x_wconf 89' lang='lat'><strong>,</strong></span> 
     </span>
    </p>
   </div>
   <div class='ocr_carea' id='block_1_22' title="bbox 2345 924 3913 994">
    <p class='ocr_par' dir='ltr' id='par_1_22' title="bbox 2345 924 3913 994">
     <span class='ocr_line' id='line_1_22' title="bbox 2345 924 3913 994; baseline -0.001 -16"><span class='ocrx_word' id='word_1_150' title='bbox 2345 937 2454 978; x_wconf 77' lang='lat' dir='ltr'><strong>tum</strong></span> <span class='ocrx_word' id='word_1_151' title='bbox 2486 926 2555 981; x_wconf 83' lang='lat' dir='ltr'><strong>ad</strong></span> <span class='ocrx_word' id='word_1_152' title='bbox 2594 926 2924 979; x_wconf 82' lang='lat' dir='ltr'><strong>laudandum</strong></span> <span class='ocrx_word' id='word_1_153' title='bbox 2968 928 3282 994; x_wconf 86' lang='lat' dir='ltr'><strong>compositas</strong></span> <span class='ocrx_word' id='word_1_154' title='bbox 3329 928 3616 990; x_wconf 82' lang='lat' dir='ltr'><strong>orationes,</strong></span> <span class='ocrx_word' id='word_1_155' title='bbox 3654 937 3711 976; x_wconf 84' lang='lat' dir='ltr'><strong>ut</strong></span> <span class='ocrx_word' id='word_1_156' title='bbox 3752 924 3824 976; x_wconf 68' lang='lat' dir='ltr'><strong>vel</strong></span> <span class='ocrx_word' id='word_1_157' title='bbox 3858 925 3913 976; x_wconf 79' lang='lat' dir='ltr'><strong>ad</strong></span> 
     </span>
    </p>
   </div>
   <div class='ocr_carea' id='block_1_23' title="bbox 2345 1012 3915 1084">
    <p class='ocr_par' dir='ltr' id='par_1_23' title="bbox 2345 1012 3915 1084">
     <span class='ocr_line' id='line_1_23' title="bbox 2345 1012 3915 1084; baseline 0.001 -19"><span class='ocrx_word' id='word_1_158' title='bbox 2345 1016 2581 1083; x_wconf 76' lang='lat' dir='ltr'><strong>piissimi</strong></span> <span class='ocrx_word' id='word_1_159' title='bbox 2623 1017 2961 1084; x_wconf 78' lang='lat' dir='ltr'><strong>imperatoris</strong></span> <span class='ocrx_word' id='word_1_160' title='bbox 3012 1012 3178 1068; x_wconf 77' lang='lat' dir='ltr'><strong>nostri</strong></span> <span class='ocrx_word' id='word_1_161' title='bbox 3214 1033 3368 1069; x_wconf 80' lang='lat' dir='ltr'><strong>aures</strong></span> <span class='ocrx_word' id='word_1_162' title='bbox 3417 1016 3562 1083; x_wconf 82' lang='lat' dir='ltr'><strong>[ama</strong></span> <span class='ocrx_word' id='word_1_163' title='bbox 3606 1016 3915 1083; x_wconf 69' lang='lat' dir='ltr'><strong>pervaderet.</strong></span> 
     </span>
    </p>
   </div>
   <div class='ocr_carea' id='block_1_24' title="bbox 2349 1106 3919 1175">
    <p class='ocr_par' dir='ltr' id='par_1_24' title="bbox 2349 1106 3919 1175">
     <span class='ocr_line' id='line_1_24' title="bbox 2349 1106 3919 1175; baseline 0 -16"><span class='ocrx_word' id='word_1_164' title='bbox 2349 1106 2629 1161; x_wconf 85' lang='lat' dir='ltr'><strong>Hactenus</strong></span> <span class='ocrx_word' id='word_1_165' title='bbox 2659 1124 2722 1161; x_wconf 87' lang='lat' dir='ltr'><strong>ea</strong></span> <span class='ocrx_word' id='word_1_166' title='bbox 2751 1108 2816 1159; x_wconf 90' lang='lat' dir='ltr'><strong>de</strong></span> <span class='ocrx_word' id='word_1_167' title='bbox 2844 1107 3105 1175; x_wconf 78' lang='lat' dir='ltr'><strong>Gregorio</strong></span> <span class='ocrx_word' id='word_1_168' title='bbox 3132 1117 3320 1160; x_wconf 86' lang='lat' dir='ltr'><strong>narrat</strong></span> <span class='ocrx_word' id='word_1_169' title='bbox 3342 1106 3490 1160; x_wconf 81' lang='lat' dir='ltr'><strong>Leon</strong></span> <span class='ocrx_word' id='word_1_170' title='bbox 3523 1108 3633 1168; x_wconf 91' lang='lat' dir='ltr'><strong>ius,</strong></span> <span class='ocrx_word' id='word_1_171' title='bbox 3660 1110 3788 1168; x_wconf 58' lang='lat' dir='ltr'><strong>quid</strong></span> <span class='ocrx_word' id='word_1_172' title='bbox 3809 1116 3919 1159; x_wconf 82' lang='lat' dir='ltr'><strong>ante</strong></span> 
     </span>
    </p>
   </div>
   <div class='ocr_carea' id='block_1_25' title="bbox 2344 1194 3920 1267">
    <p class='ocr_par' dir='ltr' id='par_1_25' title="bbox 2344 1194 3920 1267">
     <span class='ocr_line' id='line_1_25' title="bbox 2344 1194 3920 1267; baseline 0 -21"><span class='ocrx_word' id='word_1_173' title='bbox 2344 1197 2638 1250; x_wconf 80' lang='lat' dir='ltr'><strong>concilium</strong></span> <span class='ocrx_word' id='word_1_174' title='bbox 2689 1206 2885 1267; x_wconf 81' lang='lat' dir='ltr'><strong>gesta;</strong></span> <span class='ocrx_word' id='word_1_175' title='bbox 2939 1214 3065 1250; x_wconf 87' lang='lat' dir='ltr'><strong>nam</strong></span> <span class='ocrx_word' id='word_1_176' title='bbox 3110 1198 3294 1250; x_wconf 82' lang='lat' dir='ltr'><strong>statim</strong></span> <span class='ocrx_word' id='word_1_177' title='bbox 3344 1197 3588 1265; x_wconf 71' lang='lat' dir='ltr'><strong>excipit:</strong></span> <span class='ocrx_word' id='word_1_178' title='bbox 3642 1194 3777 1248; x_wconf 83' lang='lat' dir='ltr'><strong>Inde</strong></span> <span class='ocrx_word' id='word_1_179' title='bbox 3819 1206 3920 1262; x_wconf 76' lang='lat' dir='ltr'><strong>post</strong></span> 
     </span>
    </p>
   </div>
   <div class='ocr_carea' id='block_1_26' title="bbox 2347 1287 3923 1356">
    <p class='ocr_par' dir='ltr' id='par_1_26' title="bbox 2347 1287 3923 1356">
     <span class='ocr_line' id='line_1_26' title="bbox 2347 1287 3923 1356; baseline -0.001 -16"><span class='ocrx_word' id='word_1_180' title='bbox 2347 1288 2536 1341; x_wconf 89' lang='lat' dir='ltr'><strong>multos</strong></span> <span class='ocrx_word' id='word_1_181' title='bbox 2574 1289 2684 1341; x_wconf 82' lang='lat' dir='ltr'><strong>dies</strong></span> <span class='ocrx_word' id='word_1_182' title='bbox 2718 1289 2912 1341; x_wconf 86' lang='lat' dir='ltr'><strong>adsunt</strong></span> <span class='ocrx_word' id='word_1_183' title='bbox 2940 1290 3170 1356; x_wconf 73' lang='lat' dir='ltr'><strong>episcopi</strong></span> <span class='ocrx_word' id='word_1_184' title='bbox 3196 1289 3615 1352; x_wconf 74' lang='lat' dir='ltr'><strong>Alexandrinus,</strong></span> <span class='ocrx_word' id='word_1_185' title='bbox 3656 1287 3923 1339; x_wconf 76' lang='lat' dir='ltr'><strong>Antioche-</strong></span> 
     </span>
    </p>
   </div>
   <div class='ocr_carea' id='block_1_27' title="bbox 2346 1378 3925 1449">
    <p class='ocr_par' dir='ltr' id='par_1_27' title="bbox 2346 1378 3925 1449">
     <span class='ocr_line' id='line_1_27' title="bbox 2346 1378 3925 1449; baseline -0.002 -15"><span class='ocrx_word' id='word_1_186' title='bbox 2346 1398 2464 1445; x_wconf 90' lang='lat' dir='ltr'><strong>nus,</strong></span> <span class='ocrx_word' id='word_1_187' title='bbox 2499 1380 2796 1435; x_wconf 80' lang='lat' dir='ltr'><strong>Orientales</strong></span> <span class='ocrx_word' id='word_1_188' title='bbox 2830 1399 3006 1434; x_wconf 80' lang='lat' dir='ltr'><strong>omnes</strong></span> <span class='ocrx_word' id='word_1_189' title='bbox 3036 1400 3049 1435; x_wconf 90' lang='lat'><strong>:</strong></span> <span class='ocrx_word' id='word_1_190' title='bbox 3094 1382 3367 1434; x_wconf 82' lang='lat' dir='ltr'><strong>Romanus</strong></span> <span class='ocrx_word' id='word_1_191' title='bbox 3392 1382 3758 1449; x_wconf 73' lang='lat' dir='ltr'><strong>vero,quippe</strong></span> <span class='ocrx_word' id='word_1_192' title='bbox 3794 1378 3925 1447; x_wconf 72' lang='lat' dir='ltr'><strong>gravi</strong></span> 
     </span>
    </p>
   </div>
   <div class='ocr_carea' id='block_1_28' title="bbox 2346 1470 3926 1540">
    <p class='ocr_par' dir='ltr' id='par_1_28' title="bbox 2346 1470 3926 1540">
     <span class='ocr_line' id='line_1_28' title="bbox 2346 1470 3926 1540; baseline -0.004 -15"><span class='ocrx_word' id='word_1_193' title='bbox 2346 1471 2524 1525; x_wconf 84' lang='lat' dir='ltr'><strong>morbo</strong></span> <span class='ocrx_word' id='word_1_194' title='bbox 2563 1472 2835 1535; x_wconf 83' lang='lat' dir='ltr'><strong>detmtus,</strong></span> <span class='ocrx_word' id='word_1_195' title='bbox 2872 1470 3107 1525; x_wconf 78' lang='lat' dir='ltr'><strong>libellum</strong></span> <span class='ocrx_word' id='word_1_196' title='bbox 3151 1473 3314 1524; x_wconf 86' lang='lat' dir='ltr'><strong>mittit</strong></span> <span class='ocrx_word' id='word_1_197' title='bbox 3344 1472 3563 1540; x_wconf 87' lang='lat' dir='ltr'><strong>propria</strong></span> <span class='ocrx_word' id='word_1_198' title='bbox 3590 1486 3765 1520; x_wconf 83' lang='lat' dir='ltr'><strong>manu</strong></span> <span class='ocrx_word' id='word_1_199' title='bbox 3824 1484 3926 1520; x_wconf 73' lang='lat' dir='ltr'><strong>con-</strong></span> 
     </span>
    </p>
   </div>
   <div class='ocr_carea' id='block_1_29' title="bbox 2345 1562 3923 1632">
    <p class='ocr_par' dir='ltr' id='par_1_29' title="bbox 2345 1562 3923 1632">
     <span class='ocr_line' id='line_1_29' title="bbox 2345 1562 3923 1632; baseline -0.003 -16"><span class='ocrx_word' id='word_1_200' title='bbox 2345 1566 2617 1632; x_wconf 82' lang='lat' dir='ltr'><strong>scriptum.</strong></span> <span class='ocrx_word' id='word_1_201' title='bbox 2647 1562 2752 1616; x_wconf 81' lang='lat' dir='ltr'><strong>Sed</strong></span> <span class='ocrx_word' id='word_1_202' title='bbox 2794 1562 3086 1630; x_wconf 82' lang='lat' dir='ltr'><strong>aliquando</strong></span> <span class='ocrx_word' id='word_1_203' title='bbox 3111 1564 3327 1617; x_wconf 84' lang='lat' dir='ltr'><strong>tandem</strong></span> <span class='ocrx_word' id='word_1_204' title='bbox 3358 1564 3713 1632; x_wconf 71' lang='lat' dir='ltr'><strong>imperatoris</strong></span> <span class='ocrx_word' id='word_1_205' title='bbox 3738 1576 3923 1613; x_wconf 75' lang='lat' dir='ltr'><strong>nomen</strong></span> 
     </span>
    </p>
   </div>
   <div class='ocr_carea' id='block_1_30' title="bbox 2347 1655 3927 1724">
    <p class='ocr_par' dir='ltr' id='par_1_30' title="bbox 2347 1655 3927 1724">
     <span class='ocr_line' id='line_1_30' title="bbox 2347 1655 3927 1724; baseline -0.001 -16"><span class='ocrx_word' id='word_1_206' title='bbox 2347 1657 2552 1724; x_wconf 85' lang='lat' dir='ltr'><strong>prodit,</strong></span> <span class='ocrx_word' id='word_1_207' title='bbox 2577 1671 2701 1709; x_wconf 88' lang='lat' dir='ltr'><strong>cum</strong></span> <span class='ocrx_word' id='word_1_208' title='bbox 2725 1669 2785 1707; x_wconf 86' lang='lat' dir='ltr'><strong>ea</strong></span> <span class='ocrx_word' id='word_1_209' title='bbox 2811 1656 3153 1722; x_wconf 72' lang='lat' dir='ltr'><strong>exsequitur,</strong></span> <span class='ocrx_word' id='word_1_210' title='bbox 3171 1670 3291 1723; x_wconf 68' lang='lat' dir='ltr'><strong>quae</strong></span> <span class='ocrx_word' id='word_1_211' title='bbox 3315 1665 3433 1723; x_wconf 90' lang='lat' dir='ltr'><strong>post</strong></span> <span class='ocrx_word' id='word_1_212' title='bbox 3464 1655 3745 1723; x_wconf 78' lang='lat' dir='ltr'><strong>synodum</strong></span> <span class='ocrx_word' id='word_1_213' title='bbox 3780 1662 3927 1706; x_wconf 83' lang='lat' dir='ltr'><strong>acta:</strong></span> 
     </span>
    </p>
   </div>
   <div class='ocr_carea' id='block_1_31' title="bbox 2347 1743 3935 1814">
    <p class='ocr_par' dir='ltr' id='par_1_31' title="bbox 2347 1743 3935 1814">
     <span class='ocr_line' id='line_1_31' title="bbox 2347 1743 3935 1814; baseline -0.002 -14"><span class='ocrx_word' id='word_1_214' title='bbox 2347 1746 2600 1813; x_wconf 77' lang='lat' dir='ltr'><strong>Confecta</strong></span> <span class='ocrx_word' id='word_1_215' title='bbox 2638 1762 2793 1814; x_wconf 85' lang='lat' dir='ltr'><strong>porro</strong></span> <span class='ocrx_word' id='word_1_216' title='bbox 2830 1745 3151 1814; x_wconf 79' lang='lat' dir='ltr'><strong>(inquiens)</strong></span> <span class='ocrx_word' id='word_1_217' title='bbox 3188 1756 3531 1800; x_wconf 82' lang='lat' dir='ltr'><strong>sacrosancta</strong></span> <span class='ocrx_word' id='word_1_218' title='bbox 3571 1748 3782 1814; x_wconf 70' lang='lat' dir='ltr'><strong>synodo</strong></span> <span class='ocrx_word' id='word_1_219' title='bbox 3817 1743 3935 1797; x_wconf 79' lang='lat' dir='ltr'><strong>Gre-</strong></span> 
     </span>
    </p>
   </div>
   <div class='ocr_carea' id='block_1_32' title="bbox 2345 1835 3931 1906">
    <p class='ocr_par' dir='ltr' id='par_1_32' title="bbox 2345 1835 3931 1906">
     <span class='ocr_line' id='line_1_32' title="bbox 2345 1835 3931 1906; baseline 0.001 -19"><span class='ocrx_word' id='word_1_220' title='bbox 2345 1837 2493 1906; x_wconf 82' lang='lat' dir='ltr'><strong>gorio</strong></span> <span class='ocrx_word' id='word_1_221' title='bbox 2511 1851 2686 1888; x_wconf 83' lang='lat' dir='ltr'><strong>omnes</strong></span> <span class='ocrx_word' id='word_1_222' title='bbox 2709 1836 3064 1904; x_wconf 79' lang='lat' dir='ltr'><strong>gratulnri....</strong></span> <span class='ocrx_word' id='word_1_223' title='bbox 3093 1846 3147 1888; x_wconf 90' lang='lat' dir='ltr'><strong>at</strong></span> <span class='ocrx_word' id='word_1_224' title='bbox 3166 1846 3361 1904; x_wconf 63' lang='lat' dir='ltr'><strong>praeter</strong></span> <span class='ocrx_word' id='word_1_225' title='bbox 3379 1847 3595 1890; x_wconf 69' lang='lat' dir='ltr'><strong>crateras</strong></span> <span class='ocrx_word' id='word_1_226' title='bbox 3635 1835 3931 1888; x_wconf 73' lang='lat' dir='ltr'><strong>incredibile</strong></span> 
     </span>
    </p>
   </div>
   <div class='ocr_carea' id='block_1_33' title="bbox 671 1918 3931 1999">
    <p class='ocr_par' dir='ltr' id='par_1_33' title="bbox 671 1918 3931 1999">
     <span class='ocr_line' id='line_1_33' title="bbox 671 1918 3931 1999; baseline 0 -21"><span class='ocrx_word' id='word_1_227' title='bbox 671 1936 824 1979; x_wconf 90' lang='lat' dir='ltr'><strong>retur</strong></span> <span class='ocrx_word' id='word_1_228' title='bbox 847 1967 862 1989; x_wconf 96' lang='lat'><strong>,</strong></span> <span class='ocrx_word' id='word_1_229' title='bbox 914 1928 1005 1979; x_wconf 89' lang='lat' dir='ltr'><strong>ubi</strong></span> <span class='ocrx_word' id='word_1_230' title='bbox 1049 1926 1520 1993; x_wconf 80' lang='lat' dir='ltr'><strong>arcliiepisc0pum</strong></span> <span class='ocrx_word' id='word_1_231' title='bbox 1558 1931 1773 1991; x_wconf 80' lang='lat' dir='ltr'><strong>ageret,</strong></span> <span class='ocrx_word' id='word_1_232' title='bbox 1818 1934 1990 1988; x_wconf 83' lang='lat' dir='ltr'><strong>eoque</strong></span> <span class='ocrx_word' id='word_1_233' title='bbox 2032 1918 2201 1983; x_wconf 76' lang='lat' dir='ltr'><strong>magis</strong></span> <span class='ocrx_word' id='word_1_234' title='bbox 2225 1954 2240 1979; x_wconf 69' lang='grc' dir='ltr'><strong>ν</strong></span> <span class='ocrx_word' id='word_1_235' title='bbox 2275 1923 2316 1978; x_wconf 81' lang='grc' dir='ltr'><strong>Β</strong></span> <span class='ocrx_word' id='word_1_236' title='bbox 2347 1930 2479 1997; x_wconf 81' lang='lat' dir='ltr'><strong>cepit</strong></span> <span class='ocrx_word' id='word_1_237' title='bbox 2513 1944 2577 1981; x_wconf 77' lang='lat' dir='ltr'><strong>ea:</strong></span> <span class='ocrx_word' id='word_1_238' title='bbox 2611 1929 2818 1981; x_wconf 80' lang='lat' dir='ltr'><strong>homine</strong></span> <span class='ocrx_word' id='word_1_239' title='bbox 2849 1929 3169 1982; x_wconf 80' lang='lat' dir='ltr'><strong>desiderium</strong></span> <span class='ocrx_word' id='word_1_240' title='bbox 3206 1932 3475 1999; x_wconf 86' lang='lat' dir='ltr'><strong>piissimus</strong></span> <span class='ocrx_word' id='word_1_241' title='bbox 3514 1931 3816 1996; x_wconf 84' lang='lat' dir='ltr'><strong>imperator</strong></span> <span class='ocrx_word' id='word_1_242' title='bbox 3851 1944 3931 1979; x_wconf 71' lang='lat' dir='ltr'><strong>no-</strong></span> 
     </span>
    </p>
   </div>
   <div class='ocr_carea' id='block_1_34' title="bbox 671 2008 2240 2086">
    <p class='ocr_par' dir='ltr' id='par_1_34' title="bbox 671 2008 2240 2086">
     <span class='ocr_line' id='line_1_34' title="bbox 671 2008 2240 2086; baseline -0.005 -16"><span class='ocrx_word' id='word_1_243' title='bbox 671 2017 818 2086; x_wconf 84' lang='lat' dir='ltr'><strong>quod</strong></span> <span class='ocrx_word' id='word_1_244' title='bbox 848 2028 957 2072; x_wconf 90' lang='lat' dir='ltr'><strong>tum</strong></span> <span class='ocrx_word' id='word_1_245' title='bbox 996 2019 1263 2085; x_wconf 89' lang='lat' dir='ltr'><strong>temporis</strong></span> <span class='ocrx_word' id='word_1_246' title='bbox 1288 2017 1608 2070; x_wconf 66' lang='lat' dir='ltr'><strong>Justiniante</strong></span> <span class='ocrx_word' id='word_1_247' title='bbox 1638 2016 1651 2067; x_wconf 92' lang='grc' dir='ltr'><strong>Ι</strong></span> <span class='ocrx_word' id='word_1_248' title='bbox 1684 2013 1939 2067; x_wconf 76' lang='lat' dir='ltr'><strong>exarchia</strong></span> <span class='ocrx_word' id='word_1_249' title='bbox 1975 2026 2005 2065; x_wconf 92' lang='lat' dir='ltr'><strong>a</strong></span> <span class='ocrx_word' id='word_1_250' title='bbox 2041 2008 2240 2064; x_wconf 82' lang='lat' dir='ltr'><strong>Roma-</strong></span> 
     </span>
    </p>
   </div>
   <div class='ocr_carea' id='block_1_35' title="bbox 671 2102 2242 2181">
    <p class='ocr_par' dir='ltr' id='par_1_35' title="bbox 671 2102 2242 2181">
     <span class='ocr_line' id='line_1_35' title="bbox 671 2102 2242 2181; baseline -0.006 -16"><span class='ocrx_word' id='word_1_251' title='bbox 671 2127 740 2165; x_wconf 89' lang='lat' dir='ltr'><strong>na</strong></span> <span class='ocrx_word' id='word_1_252' title='bbox 769 2111 1096 2181; x_wconf 85' lang='lat' dir='ltr'><strong>patriarchia</strong></span> <span class='ocrx_word' id='word_1_253' title='bbox 1125 2108 1417 2171; x_wconf 75' lang='lat' dir='ltr'><strong>deiecerat,</strong></span> <span class='ocrx_word' id='word_1_254' title='bbox 1451 2116 1613 2175; x_wconf 83' lang='lat' dir='ltr'><strong>atque</strong></span> <span class='ocrx_word' id='word_1_255' title='bbox 1629 2102 2242 2172; x_wconf 78' lang='lat' dir='ltr'><strong>Constantinopolitatue</strong></span> 
     </span>
    </p>
   </div>
   <div class='ocr_carea' id='block_1_36' title="bbox 672 2193 2262 2274">
    <p class='ocr_par' dir='ltr' id='par_1_36' title="bbox 672 2193 2262 2274">
     <span class='ocr_line' id='line_1_36' title="bbox 672 2193 2262 2274; baseline -0.006 -14"><span class='ocrx_word' id='word_1_256' title='bbox 672 2206 1013 2274; x_wconf 74' lang='lat' dir='ltr'><strong>adiudicata,</strong></span> <span class='ocrx_word' id='word_1_257' title='bbox 1064 2204 1140 2256; x_wconf 92' lang='lat' dir='ltr'><strong>uti</strong></span> <span class='ocrx_word' id='word_1_258' title='bbox 1191 2216 1310 2255; x_wconf 80' lang='lat' dir='ltr'><strong>mox</strong></span> <span class='ocrx_word' id='word_1_259' title='bbox 1356 2201 1570 2253; x_wconf 79' lang='lat' dir='ltr'><strong>dicam?</strong></span> <span class='ocrx_word' id='word_1_260' title='bbox 1611 2197 1735 2251; x_wconf 70' lang='lat' dir='ltr'><strong>Haec</strong></span> <span class='ocrx_word' id='word_1_261' title='bbox 1767 2198 1944 2250; x_wconf 49' lang='lat' dir='ltr'><strong>locum</strong></span> <span class='ocrx_word' id='word_1_262' title='bbox 1986 2210 2092 2248; x_wconf 90' lang='lat' dir='ltr'><strong>non</strong></span> <span class='ocrx_word' id='word_1_263' title='bbox 2143 2193 2262 2250; x_wconf 87' lang='lat' dir='ltr'><strong>ha-.</strong></span> 
     </span>
    </p>
   </div>
   <div class='ocr_carea' id='block_1_37' title="bbox 671 2283 2242 2362">
    <p class='ocr_par' dir='ltr' id='par_1_37' title="bbox 671 2283 2242 2362">
     <span class='ocr_line' id='line_1_37' title="bbox 671 2283 2242 2362; baseline -0.009 -12"><span class='ocrx_word' id='word_1_264' title='bbox 671 2298 801 2350; x_wconf 86' lang='lat' dir='ltr'><strong>bent</strong></span> <span class='ocrx_word' id='word_1_265' title='bbox 836 2295 1186 2349; x_wconf 71' lang='lat' dir='ltr'><strong>terumenicze</strong></span> <span class='ocrx_word' id='word_1_266' title='bbox 1216 2308 1242 2342; x_wconf 87' lang='lat' dir='ltr'><strong>v</strong></span> <span class='ocrx_word' id='word_1_267' title='bbox 1276 2292 1463 2362; x_wconf 81' lang='lat' dir='ltr'><strong>synodi</strong></span> <span class='ocrx_word' id='word_1_268' title='bbox 1498 2289 1865 2358; x_wconf 80' lang='lat' dir='ltr'><strong>temporibus;</strong></span> <span class='ocrx_word' id='word_1_269' title='bbox 1907 2301 2030 2340; x_wconf 89' lang='lat' dir='ltr'><strong>cum</strong></span> <span class='ocrx_word' id='word_1_270' title='bbox 2057 2283 2242 2354; x_wconf 82' lang='lat' dir='ltr'><strong>Cypro</strong></span> 
     </span>
    </p>
   </div>
   <div class='ocr_carea' id='block_1_38' title="bbox 671 2382 2242 2455">
    <p class='ocr_par' dir='ltr' id='par_1_38' title="bbox 671 2382 2242 2455">
     <span class='ocr_line' id='line_1_38' title="bbox 671 2382 2242 2455; baseline -0.008 -14"><span class='ocrx_word' id='word_1_271' title='bbox 671 2388 819 2441; x_wconf 88' lang='lat' dir='ltr'><strong>nulla</strong></span> <span class='ocrx_word' id='word_1_272' title='bbox 850 2389 1141 2455; x_wconf 86' lang='lat' dir='ltr'><strong>importata</strong></span> <span class='ocrx_word' id='word_1_273' title='bbox 1179 2400 1206 2437; x_wconf 88' lang='lat' dir='ltr'><strong>a</strong></span> <span class='ocrx_word' id='word_1_274' title='bbox 1236 2385 1488 2437; x_wconf 73' lang='lat' dir='ltr'><strong>Bai-tiaris</strong></span> <span class='ocrx_word' id='word_1_275' title='bbox 1511 2382 1817 2443; x_wconf 84' lang='lat' dir='ltr'><strong>calamitas,</strong></span> <span class='ocrx_word' id='word_1_276' title='bbox 1848 2387 2242 2455; x_wconf 86' lang='lat' dir='ltr'><strong>mansuetoque</strong></span> 
     </span>
    </p>
   </div>
   <div class='ocr_carea' id='block_1_39' title="bbox 670 2469 2238 2546">
    <p class='ocr_par' dir='ltr' id='par_1_39' title="bbox 670 2469 2238 2546">
     <span class='ocr_line' id='line_1_39' title="bbox 670 2469 2238 2546; baseline -0.007 -13"><span class='ocrx_word' id='word_1_277' title='bbox 670 2476 1263 2546; x_wconf 84' lang='lat' dir='ltr'><strong>Constantinopolitani</strong></span> <span class='ocrx_word' id='word_1_278' title='bbox 1316 2474 1663 2543; x_wconf 84' lang='lat' dir='ltr'><strong>imperatoris</strong></span> <span class='ocrx_word' id='word_1_279' title='bbox 1700 2482 1937 2541; x_wconf 66' lang='lat' dir='ltr'><strong>sceptro</strong></span> <span class='ocrx_word' id='word_1_280' title='bbox 1972 2469 2238 2535; x_wconf 87' lang='lat' dir='ltr'><strong>obediret.</strong></span> 
     </span>
    </p>
   </div>
   <div class='ocr_carea' id='block_1_40' title="bbox 668 2561 2243 2641">
    <p class='ocr_par' dir='ltr' id='par_1_40' title="bbox 668 2561 2243 2641">
     <span class='ocr_line' id='line_1_40' title="bbox 668 2561 2243 2641; baseline -0.006 -17"><span class='ocrx_word' id='word_1_281' title='bbox 668 2568 812 2637; x_wconf 80' lang='lat' dir='ltr'><strong>Quid</strong></span> <span class='ocrx_word' id='word_1_282' title='bbox 840 2570 1007 2638; x_wconf 80' lang='lat' dir='ltr'><strong>igitur</strong></span> <span class='ocrx_word' id='word_1_283' title='bbox 1032 2577 1232 2631; x_wconf 86' lang='lat' dir='ltr'><strong>restat,</strong></span> <span class='ocrx_word' id='word_1_284' title='bbox 1261 2577 1318 2620; x_wconf 91' lang='lat' dir='ltr'><strong>ut</strong></span> <span class='ocrx_word' id='word_1_285' title='bbox 1357 2568 1514 2634; x_wconf 81' lang='lat' dir='ltr'><strong>plane</strong></span> <span class='ocrx_word' id='word_1_286' title='bbox 1540 2561 2243 2641; x_wconf 62' lang='lat' dir='ltr'><strong>aliirmemus;Gregorium</strong></span> 
     </span>
    </p>
   </div>
   <div class='ocr_carea' id='block_1_41' title="bbox 670 2645 2243 2732">
    <p class='ocr_par' dir='ltr' id='par_1_41' title="bbox 670 2645 2243 2732">
     <span class='ocr_line' id='line_1_41' title="bbox 670 2645 2243 2732; baseline -0.006 -16"><span class='ocrx_word' id='word_1_287' title='bbox 670 2664 884 2732; x_wconf 80' lang='lat' dir='ltr'><strong>synodo</strong></span> <span class='ocrx_word' id='word_1_288' title='bbox 906 2679 958 2715; x_wconf 77' lang='lat' dir='ltr'><strong>VI</strong></span> <span class='ocrx_word' id='word_1_289' title='bbox 988 2662 1337 2716; x_wconf 73' lang='lat' dir='ltr'><strong>mcumeuieze</strong></span> <span class='ocrx_word' id='word_1_290' title='bbox 1362 2657 1674 2712; x_wconf 82' lang='lat' dir='ltr'><strong>interfuisse</strong></span> <span class='ocrx_word' id='word_1_291' title='bbox 1696 2699 1709 2719; x_wconf 85' lang='lat'><strong>,</strong></span> <span class='ocrx_word' id='word_1_292' title='bbox 1742 2657 1794 2710; x_wconf 90' lang='lat' dir='ltr'><strong>in</strong></span> <span class='ocrx_word' id='word_1_293' title='bbox 1826 2670 1935 2726; x_wconf 85' lang='lat' dir='ltr'><strong>qua</strong></span> <span class='ocrx_word' id='word_1_294' title='bbox 1966 2645 2243 2712; x_wconf 75' lang='lat' dir='ltr'><strong>Monethe-</strong></span> 
     </span>
    </p>
   </div>
   <div class='ocr_carea' id='block_1_42' title="bbox 672 2746 2241 2819">
    <p class='ocr_par' dir='ltr' id='par_1_42' title="bbox 672 2746 2241 2819">
     <span class='ocr_line' id='line_1_42' title="bbox 672 2746 2241 2819; baseline -0.006 -12"><span class='ocrx_word' id='word_1_295' title='bbox 672 2755 891 2807; x_wconf 88' lang='lat' dir='ltr'><strong>litarum</strong></span> <span class='ocrx_word' id='word_1_296' title='bbox 923 2753 1145 2805; x_wconf 68' lang='lat' dir='ltr'><strong>haeresis</strong></span> <span class='ocrx_word' id='word_1_297' title='bbox 1176 2750 1504 2819; x_wconf 83' lang='lat' dir='ltr'><strong>proscripta,</strong></span> <span class='ocrx_word' id='word_1_298' title='bbox 1537 2760 1698 2818; x_wconf 88' lang='lat' dir='ltr'><strong>atque</strong></span> <span class='ocrx_word' id='word_1_299' title='bbox 1732 2763 1862 2800; x_wconf 87' lang='lat' dir='ltr'><strong>orco</strong></span> <span class='ocrx_word' id='word_1_300' title='bbox 1896 2746 2073 2801; x_wconf 81' lang='lat' dir='ltr'><strong>devoti</strong></span> <span class='ocrx_word' id='word_1_301' title='bbox 2113 2746 2241 2799; x_wconf 88' lang='lat' dir='ltr'><strong>Ser-</strong></span> 
     </span>
    </p>
   </div>
   <div class='ocr_carea' id='block_1_43' title="bbox 671 2840 2240 2917">
    <p class='ocr_par' dir='ltr' id='par_1_43' title="bbox 671 2840 2240 2917">
     <span class='ocr_line' id='line_1_43' title="bbox 671 2840 2240 2917; baseline -0.008 -16"><span class='ocrx_word' id='word_1_302' title='bbox 671 2851 814 2917; x_wconf 80' lang='lat' dir='ltr'><strong>gius,</strong></span> <span class='ocrx_word' id='word_1_303' title='bbox 853 2846 1116 2917; x_wconf 83' lang='lat' dir='ltr'><strong>Pyrrhus,</strong></span> <span class='ocrx_word' id='word_1_304' title='bbox 1143 2844 1366 2907; x_wconf 83' lang='lat' dir='ltr'><strong>Paulus,</strong></span> <span class='ocrx_word' id='word_1_305' title='bbox 1404 2843 1596 2897; x_wconf 86' lang='lat' dir='ltr'><strong>Petrus</strong></span> <span class='ocrx_word' id='word_1_306' title='bbox 1624 2840 2240 2908; x_wconf 86' lang='lat' dir='ltr'><strong>Constantinopolitani,</strong></span> 
     </span>
    </p>
   </div>
   <div class='ocr_carea' id='block_1_44' title="bbox 671 2923 2244 3011">
    <p class='ocr_par' dir='ltr' id='par_1_44' title="bbox 671 2923 2244 3011">
     <span class='ocr_line' id='line_1_44' title="bbox 671 2923 2244 3011; baseline -0.005 -20"><span class='ocrx_word' id='word_1_307' title='bbox 671 2944 845 3011; x_wconf 73' lang='lat' dir='ltr'><strong>Cyrus</strong></span> <span class='ocrx_word' id='word_1_308' title='bbox 876 2939 1316 3002; x_wconf 77' lang='lat' dir='ltr'><strong>Alexandrinus,</strong></span> <span class='ocrx_word' id='word_1_309' title='bbox 1362 2923 1684 2993; x_wconf 80' lang='lat' dir='ltr'><strong>Theodoms</strong></span> <span class='ocrx_word' id='word_1_310' title='bbox 1723 2935 2087 2988; x_wconf 86' lang='lat' dir='ltr'><strong>Faranitanus</strong></span> <span class='ocrx_word' id='word_1_311' title='bbox 2130 2933 2244 3001; x_wconf 90' lang='lat' dir='ltr'><strong>epi-</strong></span> 
     </span>
    </p>
   </div>
   <div class='ocr_carea' id='block_1_45' title="bbox 670 3022 2246 3098">
    <p class='ocr_par' dir='ltr' id='par_1_45' title="bbox 670 3022 2246 3098">
     <span class='ocr_line' id='line_1_45' title="bbox 670 3022 2246 3098; baseline -0.006 -14"><span class='ocrx_word' id='word_1_312' title='bbox 670 3030 821 3098; x_wconf 84' lang='lat' dir='ltr'><strong>scopi</strong></span> <span class='ocrx_word' id='word_1_313' title='bbox 842 3029 1315 3083; x_wconf 72' lang='lat' dir='ltr'><strong>Monothelitarum</strong></span> <span class='ocrx_word' id='word_1_314' title='bbox 1336 3028 1535 3093; x_wconf 84' lang='lat' dir='ltr'><strong>capita,</strong></span> <span class='ocrx_word' id='word_1_315' title='bbox 1555 3038 1787 3092; x_wconf 78' lang='lat' dir='ltr'><strong>quarunt</strong></span> <span class='ocrx_word' id='word_1_316' title='bbox 1818 3026 2024 3092; x_wconf 86' lang='lat' dir='ltr'><strong>aliquot</strong></span> <span class='ocrx_word' id='word_1_317' title='bbox 2043 3022 2246 3077; x_wconf 82' lang='lat' dir='ltr'><strong>diserte</strong></span> 
     </span>
    </p>
   </div>
   <div class='ocr_carea' id='block_1_46' title="bbox 676 3114 2249 3183">
    <p class='ocr_par' dir='ltr' id='par_1_46' title="bbox 676 3114 2249 3183">
     <span class='ocr_line' id='line_1_46' title="bbox 676 3114 2249 3183; baseline -0.004 -9"><span class='ocrx_word' id='word_1_318' title='bbox 676 3122 943 3183; x_wconf 85' lang='lat' dir='ltr'><strong>nominat,</strong></span> <span class='ocrx_word' id='word_1_319' title='bbox 980 3136 1103 3175; x_wconf 82' lang='lat' dir='ltr'><strong>cum</strong></span> <span class='ocrx_word' id='word_1_320' title='bbox 1140 3116 1974 3183; x_wconf 71' lang='lat' dir='ltr'><strong>Lcontius,ttnnMetaphrastes,</strong></span> <span class='ocrx_word' id='word_1_321' title='bbox 2004 3114 2249 3181; x_wconf 81' lang='lat' dir='ltr'><strong>etepito-</strong></span> 
     </span>
    </p>
   </div>
   <div class='ocr_carea' id='block_1_47' title="bbox 678 3208 2247 3275">
    <p class='ocr_par' dir='ltr' id='par_1_47' title="bbox 678 3208 2247 3275">
     <span class='ocr_line' id='line_1_47' title="bbox 678 3208 2247 3275; baseline -0.004 -10"><span class='ocrx_word' id='word_1_322' title='bbox 678 3223 884 3265; x_wconf 87' lang='lat' dir='ltr'><strong>mastes</strong></span> <span class='ocrx_word' id='word_1_323' title='bbox 938 3213 1109 3264; x_wconf 64' lang='lat' dir='ltr'><strong>Vitae:</strong></span> <span class='ocrx_word' id='word_1_324' title='bbox 1169 3221 1225 3264; x_wconf 88' lang='lat' dir='ltr'><strong>ut</strong></span> <span class='ocrx_word' id='word_1_325' title='bbox 1276 3210 1480 3264; x_wconf 76' lang='lat' dir='ltr'><strong>frustra</strong></span> <span class='ocrx_word' id='word_1_326' title='bbox 1531 3211 1602 3263; x_wconf 88' lang='lat' dir='ltr'><strong>sit</strong></span> <span class='ocrx_word' id='word_1_327' title='bbox 1646 3209 1961 3269; x_wconf 83' lang='lat' dir='ltr'><strong>Caietanus,</strong></span> <span class='ocrx_word' id='word_1_328' title='bbox 2002 3208 2095 3275; x_wconf 80' lang='lat' dir='ltr'><strong>qui</strong></span> <span class='ocrx_word' id='word_1_329' title='bbox 2145 3208 2247 3259; x_wconf 92' lang='lat' dir='ltr'><strong>hoc</strong></span> 
     </span>
    </p>
   </div>
   <div class='ocr_carea' id='block_1_48' title="bbox 675 3295 2247 3374">
    <p class='ocr_par' dir='ltr' id='par_1_48' title="bbox 675 3295 2247 3374">
     <span class='ocr_line' id='line_1_48' title="bbox 675 3295 2247 3374; baseline -0.006 -14"><span class='ocrx_word' id='word_1_330' title='bbox 675 3305 857 3374; x_wconf 90' lang='lat' dir='ltr'><strong>ipsum</strong></span> <span class='ocrx_word' id='word_1_331' title='bbox 885 3343 898 3366; x_wconf 94' lang='lat'><strong>,</strong></span> <span class='ocrx_word' id='word_1_332' title='bbox 929 3304 1075 3373; x_wconf 90' lang='lat' dir='ltr'><strong>quod</strong></span> <span class='ocrx_word' id='word_1_333' title='bbox 1118 3302 1183 3355; x_wconf 88' lang='lat' dir='ltr'><strong>ad</strong></span> <span class='ocrx_word' id='word_1_334' title='bbox 1214 3317 1434 3356; x_wconf 86' lang='lat' dir='ltr'><strong>causam</strong></span> <span class='ocrx_word' id='word_1_335' title='bbox 1470 3316 1625 3356; x_wconf 83' lang='lat' dir='ltr'><strong>suam</strong></span> <span class='ocrx_word' id='word_1_336' title='bbox 1656 3295 1762 3353; x_wconf 85' lang='lat' dir='ltr'><strong>Ilon</strong></span> <span class='ocrx_word' id='word_1_337' title='bbox 1793 3300 2155 3363; x_wconf 78' lang='lat' dir='ltr'><strong>conduceret,</strong></span> <span class='ocrx_word' id='word_1_338' title='bbox 2192 3299 2247 3351; x_wconf 91' lang='lat' dir='ltr'><strong>in</strong></span> 
     </span>
    </p>
   </div>
   <div class='ocr_carea' id='block_1_49' title="bbox 677 3391 1467 3462">
    <p class='ocr_par' dir='ltr' id='par_1_49' title="bbox 677 3391 1467 3462">
     <span class='ocr_line' id='line_1_49' title="bbox 677 3391 1467 3462; baseline -0.009 -13"><span class='ocrx_word' id='word_1_339' title='bbox 677 3394 1049 3462; x_wconf 79' lang='lat' dir='ltr'><strong>suspicionem</strong></span> <span class='ocrx_word' id='word_1_340' title='bbox 1090 3391 1340 3445; x_wconf 84' lang='lat' dir='ltr'><strong>vocarit?</strong></span> <span class='ocrx_word' id='word_1_341' title='bbox 1460 3443 1467 3461; x_wconf 32' lang='grc' dir='ltr'><strong><em>ί</em></strong></span> 
     </span>
    </p>
   </div>
   <div class='ocr_carea' id='block_1_50' title="bbox 753 3474 2250 3546">
    <p class='ocr_par' dir='ltr' id='par_1_50' title="bbox 753 3474 2250 3546">
     <span class='ocr_line' id='line_1_50' title="bbox 753 3474 2250 3546; baseline -0.006 -8"><span class='ocrx_word' id='word_1_342' title='bbox 753 3484 989 3538; x_wconf 80' lang='lat' dir='ltr'><strong>XXVIII.</strong></span> <span class='ocrx_word' id='word_1_343' title='bbox 1036 3483 1138 3537; x_wconf 88' lang='lat' dir='ltr'><strong>Sed</strong></span> <span class='ocrx_word' id='word_1_344' title='bbox 1170 3499 1294 3537; x_wconf 83' lang='lat' dir='ltr'><strong>ecce</strong></span> <span class='ocrx_word' id='word_1_345' title='bbox 1326 3523 1341 3546; x_wconf 92' lang='lat'><strong>,</strong></span> <span class='ocrx_word' id='word_1_346' title='bbox 1382 3482 1559 3546; x_wconf 85' lang='lat' dir='ltr'><strong>inquit</strong></span> <span class='ocrx_word' id='word_1_347' title='bbox 1585 3480 1899 3540; x_wconf 78' lang='lat' dir='ltr'><strong>Caietanus,</strong></span> <span class='ocrx_word' id='word_1_348' title='bbox 1934 3478 2115 3531; x_wconf 86' lang='lat' dir='ltr'><strong>adhuc</strong></span> <span class='ocrx_word' id='word_1_349' title='bbox 2144 3474 2250 3529; x_wconf 78' lang='lat' dir='ltr'><strong>ful-</strong></span> 
     </span>
    </p>
   </div>
   <div class='ocr_carea' id='block_1_51' title="bbox 678 3567 2248 3648">
    <p class='ocr_par' dir='ltr' id='par_1_51' title="bbox 678 3567 2248 3648">
     <span class='ocr_line' id='line_1_51' title="bbox 678 3567 2248 3648; baseline -0.009 -15"><span class='ocrx_word' id='word_1_350' title='bbox 678 3592 832 3633; x_wconf 87' lang='lat' dir='ltr'><strong>crum</strong></span> <span class='ocrx_word' id='word_1_351' title='bbox 859 3585 1144 3644; x_wconf 83' lang='lat' dir='ltr'><strong>superest,</strong></span> <span class='ocrx_word' id='word_1_352' title='bbox 1183 3591 1291 3642; x_wconf 90' lang='lat' dir='ltr'><strong>quo</strong></span> <span class='ocrx_word' id='word_1_353' title='bbox 1318 3571 1582 3648; x_wconf 77' lang='lat' dir='ltr'><strong>sententia</strong></span> <span class='ocrx_word' id='word_1_354' title='bbox 1617 3571 1872 3624; x_wconf 82' lang='lat' dir='ltr'><strong>lulciatnr</strong></span> <span class='ocrx_word' id='word_1_355' title='bbox 1909 3569 1973 3621; x_wconf 88' lang='lat' dir='ltr'><strong>de</strong></span> <span class='ocrx_word' id='word_1_356' title='bbox 2004 3567 2248 3640; x_wconf 75' lang='lat' dir='ltr'><strong>Gregorii</strong></span> 
     </span>
    </p>
   </div>
   <div class='ocr_carea' id='block_1_52' title="bbox 684 3660 2251 3733">
    <p class='ocr_par' dir='ltr' id='par_1_52' title="bbox 684 3660 2251 3733">
     <span class='ocr_line' id='line_1_52' title="bbox 684 3660 2251 3733; baseline -0.006 -11"><span class='ocrx_word' id='word_1_357' title='bbox 684 3668 801 3722; x_wconf 85' lang='lat' dir='ltr'><strong>Vita</strong></span> <span class='ocrx_word' id='word_1_358' title='bbox 827 3670 929 3721; x_wconf 90' lang='lat' dir='ltr'><strong>sub</strong></span> <span class='ocrx_word' id='word_1_359' title='bbox 952 3666 1260 3720; x_wconf 73' lang='lat' dir='ltr'><strong>Iustiniano</strong></span> <span class='ocrx_word' id='word_1_360' title='bbox 1285 3668 1303 3718; x_wconf 89' lang='grc' dir='ltr'><strong>ι</strong></span> <span class='ocrx_word' id='word_1_361' title='bbox 1333 3667 1469 3733; x_wconf 75' lang='lat' dir='ltr'><strong>Aug.</strong></span> <span class='ocrx_word' id='word_1_362' title='bbox 1502 3677 1756 3733; x_wconf 89' lang='lat' dir='ltr'><strong>procusa,</strong></span> <span class='ocrx_word' id='word_1_363' title='bbox 1779 3670 2047 3729; x_wconf 84' lang='lat' dir='ltr'><strong>quatenus</strong></span> <span class='ocrx_word' id='word_1_364' title='bbox 2081 3660 2133 3711; x_wconf 88' lang='lat' dir='ltr'><strong>itt</strong></span> <span class='ocrx_word' id='word_1_365' title='bbox 2158 3676 2251 3712; x_wconf 85' lang='lat' dir='ltr'><strong>eo-</strong></span> 
     </span>
    </p>
   </div>
   <div class='ocr_carea' id='block_1_53' title="bbox 684 3745 2249 3814">
    <p class='ocr_par' dir='ltr' id='par_1_53' title="bbox 684 3745 2249 3814">
     <span class='ocr_line' id='line_1_53' title="bbox 684 3745 2249 3814; baseline -0.01 -3"><span class='ocrx_word' id='word_1_366' title='bbox 684 3760 805 3811; x_wconf 87' lang='lat' dir='ltr'><strong>dem</strong></span> <span class='ocrx_word' id='word_1_367' title='bbox 841 3757 1055 3810; x_wconf 83' lang='lat' dir='ltr'><strong>Leontii</strong></span> <span class='ocrx_word' id='word_1_368' title='bbox 1090 3754 1497 3808; x_wconf 83' lang='lat' dir='ltr'><strong>Commentario</strong></span> <span class='ocrx_word' id='word_1_369' title='bbox 1534 3761 1640 3804; x_wconf 84' lang='lat' dir='ltr'><strong>tam</strong></span> <span class='ocrx_word' id='word_1_370' title='bbox 1684 3747 1975 3802; x_wconf 74' lang='lat' dir='ltr'><strong>mnifesto</strong></span> <span class='ocrx_word' id='word_1_371' title='bbox 2019 3745 2249 3814; x_wconf 80' lang='lat' dir='ltr'><strong>legitur,</strong></span> 
     </span>
    </p>
   </div>
   <div class='ocr_carea' id='block_1_54' title="bbox 682 3841 2254 3910">
    <p class='ocr_par' dir='ltr' id='par_1_54' title="bbox 682 3841 2254 3910">
     <span class='ocr_line' id='line_1_54' title="bbox 682 3841 2254 3910; baseline -0.008 -6"><span class='ocrx_word' id='word_1_372' title='bbox 682 3851 834 3904; x_wconf 89' lang='lat' dir='ltr'><strong>illum</strong></span> <span class='ocrx_word' id='word_1_373' title='bbox 884 3850 986 3904; x_wconf 80' lang='lat' dir='ltr'><strong>sub</strong></span> <span class='ocrx_word' id='word_1_374' title='bbox 1039 3863 1106 3901; x_wconf 89' lang='lat' dir='ltr'><strong>co</strong></span> <span class='ocrx_word' id='word_1_375' title='bbox 1156 3845 1467 3900; x_wconf 64' lang='lat' dir='ltr'><strong>Justiniano</strong></span> <span class='ocrx_word' id='word_1_376' title='bbox 1506 3844 1743 3905; x_wconf 76' lang='lat' dir='ltr'><strong>vixisse,</strong></span> <span class='ocrx_word' id='word_1_377' title='bbox 1798 3856 1906 3910; x_wconf 89' lang='lat' dir='ltr'><strong>quo</strong></span> <span class='ocrx_word' id='word_1_378' title='bbox 1954 3841 2254 3907; x_wconf 87' lang='lat' dir='ltr'><strong>imperante</strong></span> 
     </span>
    </p>
   </div>
   <div class='ocr_carea' id='block_1_55' title="bbox 684 3928 2253 4010">
    <p class='ocr_par' dir='ltr' id='par_1_55' title="bbox 684 3928 2253 4010">
     <span class='ocr_line' id='line_1_55' title="bbox 684 3928 2253 4010; baseline -0.01 -13"><span class='ocrx_word' id='word_1_379' title='bbox 684 3957 883 4010; x_wconf 88' lang='lat' dir='ltr'><strong>magna</strong></span> <span class='ocrx_word' id='word_1_380' title='bbox 923 3940 1166 4010; x_wconf 75' lang='lat' dir='ltr'><strong>synodus</strong></span> <span class='ocrx_word' id='word_1_381' title='bbox 1203 3938 1388 3990; x_wconf 77' lang='lat' dir='ltr'><strong>habita</strong></span> <span class='ocrx_word' id='word_1_382' title='bbox 1433 3928 1914 4001; x_wconf 83' lang='lat' dir='ltr'><strong>Constantinopoli</strong></span> <span class='ocrx_word' id='word_1_383' title='bbox 1940 3970 1955 3992; x_wconf 91' lang='lat'><strong>,</strong></span> <span class='ocrx_word' id='word_1_384' title='bbox 2000 3931 2253 3999; x_wconf 85' lang='lat' dir='ltr'><strong>quoddc</strong></span> 
     </span>
    </p>
   </div>
   <div class='ocr_carea' id='block_1_56' title="bbox 684 4009 2275 4090">
    <p class='ocr_par' dir='ltr' id='par_1_56' title="bbox 684 4009 2275 4090">
     <span class='ocr_line' id='line_1_56' title="bbox 684 4009 2275 4090; baseline -0.009 -6"><span class='ocrx_word' id='word_1_385' title='bbox 684 4009 795 4084; x_wconf 84' lang='lat' dir='ltr'><strong>uno</strong></span> <span class='ocrx_word' id='word_1_386' title='bbox 816 4009 1126 4082; x_wconf 83' lang='lat' dir='ltr'><strong>Justiniano</strong></span> <span class='ocrx_word' id='word_1_387' title='bbox 1159 4026 1174 4078; x_wconf 91' lang='lat' dir='ltr'><strong>l</strong></span> <span class='ocrx_word' id='word_1_388' title='bbox 1204 4022 1459 4077; x_wconf 82' lang='lat' dir='ltr'><strong>allii-mari</strong></span> <span class='ocrx_word' id='word_1_389' title='bbox 1489 4023 1682 4090; x_wconf 84' lang='lat' dir='ltr'><strong>possit,</strong></span> <span class='ocrx_word' id='word_1_390' title='bbox 1709 4021 1813 4074; x_wconf 85' lang='lat' dir='ltr'><strong>sub</strong></span> <span class='ocrx_word' id='word_1_391' title='bbox 1839 4036 1948 4088; x_wconf 89' lang='lat' dir='ltr'><strong>quo</strong></span> <span class='ocrx_word' id='word_1_392' title='bbox 1978 4026 2191 4087; x_wconf 88' lang='lat' dir='ltr'><strong>peracta</strong></span> <span class='ocrx_word' id='word_1_393' title='bbox 2224 4009 2275 4072; x_wconf 43' lang='lat' dir='ltr'><strong>vf</strong></span> 
     </span>
    </p>
   </div>
   <div class='ocr_carea' id='block_1_57' title="bbox 684 4113 2252 4193">
    <p class='ocr_par' dir='ltr' id='par_1_57' title="bbox 684 4113 2252 4193">
     <span class='ocr_line' id='line_1_57' title="bbox 684 4113 2252 4193; baseline -0.008 -17"><span class='ocrx_word' id='word_1_394' title='bbox 684 4121 927 4193; x_wconf 76' lang='lat' dir='ltr'><strong>synodus</strong></span> <span class='ocrx_word' id='word_1_395' title='bbox 953 4116 1321 4179; x_wconf 69' lang='lat' dir='ltr'><strong>mcumenica;</strong></span> <span class='ocrx_word' id='word_1_396' title='bbox 1354 4130 1477 4168; x_wconf 81' lang='lat' dir='ltr'><strong>nam</strong></span> <span class='ocrx_word' id='word_1_397' title='bbox 1514 4130 1561 4166; x_wconf 78' lang='lat' dir='ltr'><strong>rt</strong></span> <span class='ocrx_word' id='word_1_398' title='bbox 1599 4113 1885 4175; x_wconf 87' lang='lat' dir='ltr'><strong>convenit,</strong></span> <span class='ocrx_word' id='word_1_399' title='bbox 1916 4128 2040 4165; x_wconf 89' lang='lat' dir='ltr'><strong>cum</strong></span> <span class='ocrx_word' id='word_1_400' title='bbox 2073 4126 2252 4164; x_wconf 73' lang='lat' dir='ltr'><strong>rerum</strong></span> 
     </span>
    </p>
   </div>
   <div class='ocr_carea' id='block_1_58' title="bbox 682 4204 2252 4278">
    <p class='ocr_par' dir='ltr' id='par_1_58' title="bbox 682 4204 2252 4278">
     <span class='ocr_line' id='line_1_58' title="bbox 682 4204 2252 4278; baseline -0.006 -9"><span class='ocrx_word' id='word_1_401' title='bbox 682 4210 1156 4276; x_wconf 74' lang='lat' dir='ltr'><strong>Constantinopoli</strong></span> <span class='ocrx_word' id='word_1_402' title='bbox 1188 4210 1453 4278; x_wconf 84' lang='lat' dir='ltr'><strong>potiretur</strong></span> <span class='ocrx_word' id='word_1_403' title='bbox 1482 4204 1880 4260; x_wconf 89' lang='lat' dir='ltr'><strong>Constantinus</strong></span> <span class='ocrx_word' id='word_1_404' title='bbox 1919 4205 2252 4275; x_wconf 81' lang='lat' dir='ltr'><strong>Pogonatus.</strong></span> 
     </span>
    </p>
   </div>
   <div class='ocr_carea' id='block_1_59' title="bbox 686 4303 2253 4375">
    <p class='ocr_par' dir='ltr' id='par_1_59' title="bbox 686 4303 2253 4375">
     <span class='ocr_line' id='line_1_59' title="bbox 686 4303 2253 4375; baseline -0.008 -11"><span class='ocrx_word' id='word_1_405' title='bbox 686 4310 910 4364; x_wconf 85' lang='lat' dir='ltr'><strong>Scilicet</strong></span> <span class='ocrx_word' id='word_1_406' title='bbox 957 4308 1061 4363; x_wconf 87' lang='lat' dir='ltr'><strong>hoc</strong></span> <span class='ocrx_word' id='word_1_407' title='bbox 1100 4320 1333 4375; x_wconf 81' lang='lat' dir='ltr'><strong>magnus</strong></span> <span class='ocrx_word' id='word_1_408' title='bbox 1361 4303 1450 4356; x_wconf 86' lang='lat' dir='ltr'><strong>ille</strong></span> <span class='ocrx_word' id='word_1_409' title='bbox 1493 4303 1730 4355; x_wconf 75' lang='lat' dir='ltr'><strong>Achilles</strong></span> <span class='ocrx_word' id='word_1_410' title='bbox 1770 4312 2253 4370; x_wconf 79' lang='lat' dir='ltr'><strong>argumentorum,</strong></span> 
     </span>
    </p>
   </div>
   <div class='ocr_carea' id='block_1_60' title="bbox 683 4395 2258 4476">
    <p class='ocr_par' dir='ltr' id='par_1_60' title="bbox 683 4395 2258 4476">
     <span class='ocr_line' id='line_1_60' title="bbox 683 4395 2258 4476; baseline -0.004 -20"><span class='ocrx_word' id='word_1_411' title='bbox 683 4421 792 4476; x_wconf 89' lang='lat' dir='ltr'><strong>quo</strong></span> <span class='ocrx_word' id='word_1_412' title='bbox 825 4395 1115 4459; x_wconf 66' lang='lat' dir='ltr'><strong>Caietanus</strong></span> <span class='ocrx_word' id='word_1_413' title='bbox 1138 4402 1221 4456; x_wconf 86' lang='lat' dir='ltr'><strong>vel</strong></span> <span class='ocrx_word' id='word_1_414' title='bbox 1246 4402 1393 4475; x_wconf 87' lang='lat' dir='ltr'><strong>mille</strong></span> <span class='ocrx_word' id='word_1_415' title='bbox 1424 4400 1682 4457; x_wconf 85' lang='lat' dir='ltr'><strong>Hectoras</strong></span> <span class='ocrx_word' id='word_1_416' title='bbox 1709 4408 2049 4467; x_wconf 88' lang='lat' dir='ltr'><strong>prosternere</strong></span> <span class='ocrx_word' id='word_1_417' title='bbox 2081 4399 2258 4451; x_wconf 85' lang='lat' dir='ltr'><strong>conli-</strong></span> 
     </span>
    </p>
   </div>
   <div class='ocr_carea' id='block_1_61' title="bbox 682 4491 2255 4569">
    <p class='ocr_par' dir='ltr' id='par_1_61' title="bbox 682 4491 2255 4569">
     <span class='ocr_line' id='line_1_61' title="bbox 682 4491 2255 4569; baseline -0.006 -19"><span class='ocrx_word' id='word_1_418' title='bbox 682 4500 785 4552; x_wconf 79' lang='lat' dir='ltr'><strong>dit.</strong></span> <span class='ocrx_word' id='word_1_419' title='bbox 816 4497 955 4563; x_wconf 88' lang='lat' dir='ltr'><strong>Quid</strong></span> <span class='ocrx_word' id='word_1_420' title='bbox 982 4498 1146 4569; x_wconf 86' lang='lat' dir='ltr'><strong>igitur</strong></span> <span class='ocrx_word' id='word_1_421' title='bbox 1168 4496 1362 4565; x_wconf 83' lang='lat' dir='ltr'><strong>agam?</strong></span> <span class='ocrx_word' id='word_1_422' title='bbox 1397 4493 1615 4547; x_wconf 69' lang='lat' dir='ltr'><strong>Clu-iste</strong></span> <span class='ocrx_word' id='word_1_423' title='bbox 1642 4492 1785 4545; x_wconf 84' lang='lat' dir='ltr'><strong>Deus</strong></span> <span class='ocrx_word' id='word_1_424' title='bbox 1809 4533 1823 4555; x_wconf 96' lang='lat'><strong>,</strong></span> <span class='ocrx_word' id='word_1_425' title='bbox 1875 4491 2033 4544; x_wconf 88' lang='lat' dir='ltr'><strong>Iidem</strong></span> <span class='ocrx_word' id='word_1_426' title='bbox 2073 4503 2217 4543; x_wconf 90' lang='lat' dir='ltr'><strong>tuam</strong></span> <span class='ocrx_word' id='word_1_427' title='bbox 2241 4531 2255 4553; x_wconf 91' lang='lat'><strong>,</strong></span> 
     </span>
    </p>
   </div>
   <div class='ocr_carea' id='block_1_62' title="bbox 2342 2018 3933 2090">
    <p class='ocr_par' dir='ltr' id='par_1_62' title="bbox 2342 2018 3933 2090">
     <span class='ocr_line' id='line_1_62' title="bbox 2342 2018 3933 2090; baseline -0.001 -16"><span class='ocrx_word' id='word_1_428' title='bbox 2342 2031 2448 2075; x_wconf 86' lang='lat' dir='ltr'><strong>ster</strong></span> <span class='ocrx_word' id='word_1_429' title='bbox 2477 2018 2841 2080; x_wconf 85' lang='lat' dir='ltr'><strong>Justinianus,</strong></span> <span class='ocrx_word' id='word_1_430' title='bbox 2876 2032 3193 2090; x_wconf 82' lang='lat' dir='ltr'><strong>senatusque</strong></span> <span class='ocrx_word' id='word_1_431' title='bbox 3215 2025 3511 2074; x_wconf 79' lang='lat' dir='ltr'><strong>universus.</strong></span> <span class='ocrx_word' id='word_1_432' title='bbox 3537 2019 3617 2073; x_wconf 77' lang='lat' dir='ltr'><strong>Ex</strong></span> <span class='ocrx_word' id='word_1_433' title='bbox 3654 2022 3761 2073; x_wconf 88' lang='lat' dir='ltr'><strong>hoc</strong></span> <span class='ocrx_word' id='word_1_434' title='bbox 3800 2020 3933 2088; x_wconf 88' lang='lat' dir='ltr'><strong>quod</strong></span> 
     </span>
    </p>
   </div>
   <div class='ocr_carea' id='block_1_63' title="bbox 2340 2101 3933 2181">
    <p class='ocr_par' dir='ltr' id='par_1_63' title="bbox 2340 2101 3933 2181">
     <span class='ocr_line' id='line_1_63' title="bbox 2340 2101 3933 2181; baseline -0.001 -15"><span class='ocrx_word' id='word_1_435' title='bbox 2340 2112 2637 2166; x_wconf 85' lang='lat' dir='ltr'><strong>Caictanus</strong></span> <span class='ocrx_word' id='word_1_436' title='bbox 2696 2101 2972 2179; x_wconf 76' lang='lat' dir='ltr'><strong>putarit,</strong></span> <span class='ocrx_word' id='word_1_437' title='bbox 3020 2113 3272 2166; x_wconf 88' lang='lat' dir='ltr'><strong>eumdem</strong></span> <span class='ocrx_word' id='word_1_438' title='bbox 3336 2113 3481 2166; x_wconf 89' lang='lat' dir='ltr'><strong>hunc</strong></span> <span class='ocrx_word' id='word_1_439' title='bbox 3545 2114 3933 2181; x_wconf 83' lang='lat' dir='ltr'><strong>imperatorem</strong></span> 
     </span>
    </p>
   </div>
   <div class='ocr_carea' id='block_1_64' title="bbox 2313 2202 3935 2273">
    <p class='ocr_par' dir='ltr' id='par_1_64' title="bbox 2313 2202 3935 2273">
     <span class='ocr_line' id='line_1_64' title="bbox 2313 2202 3935 2273; baseline -0.001 -16"><span class='ocrx_word' id='word_1_440' title='bbox 2313 2202 2510 2257; x_wconf 63' lang='lat' dir='ltr'><strong>luisse</strong></span> <span class='ocrx_word' id='word_1_441' title='bbox 2564 2203 2656 2268; x_wconf 77' lang='lat' dir='ltr'><strong>qui</strong></span> <span class='ocrx_word' id='word_1_442' title='bbox 2699 2206 2967 2273; x_wconf 88' lang='lat' dir='ltr'><strong>Gregorio</strong></span> <span class='ocrx_word' id='word_1_443' title='bbox 2998 2205 3323 2273; x_wconf 84' lang='lat' dir='ltr'><strong>gratulatus,</strong></span> <span class='ocrx_word' id='word_1_444' title='bbox 3352 2213 3516 2272; x_wconf 89' lang='lat' dir='ltr'><strong>atque</strong></span> <span class='ocrx_word' id='word_1_445' title='bbox 3546 2204 3708 2257; x_wconf 85' lang='lat' dir='ltr'><strong>illum</strong></span> <span class='ocrx_word' id='word_1_446' title='bbox 3752 2206 3845 2271; x_wconf 90' lang='lat' dir='ltr'><strong>qui</strong></span> <span class='ocrx_word' id='word_1_447' title='bbox 3889 2212 3935 2256; x_wconf 87' lang='lat' dir='ltr'><strong>et</strong></span> 
     </span>
    </p>
   </div>
   <div class='ocr_carea' id='block_1_65' title="bbox 2343 2284 3931 2366">
    <p class='ocr_par' dir='ltr' id='par_1_65' title="bbox 2343 2284 3931 2366">
     <span class='ocr_line' id='line_1_65' title="bbox 2343 2284 3931 2366; baseline -0.003 -18"><span class='ocrx_word' id='word_1_448' title='bbox 2343 2284 2630 2348; x_wconf 87' lang='lat' dir='ltr'><strong>concilium</strong></span> <span class='ocrx_word' id='word_1_449' title='bbox 2654 2294 2835 2366; x_wconf 82' lang='lat' dir='ltr'><strong>jussit,</strong></span> <span class='ocrx_word' id='word_1_450' title='bbox 2878 2303 2933 2347; x_wconf 84' lang='lat' dir='ltr'><strong>et</strong></span> <span class='ocrx_word' id='word_1_451' title='bbox 2966 2295 3034 2359; x_wconf 81' lang='lat' dir='ltr'><strong>de</strong></span> <span class='ocrx_word' id='word_1_452' title='bbox 3067 2294 3317 2362; x_wconf 72' lang='lat' dir='ltr'><strong>Gregorii</strong></span> <span class='ocrx_word' id='word_1_453' title='bbox 3362 2297 3567 2349; x_wconf 78' lang='lat' dir='ltr'><strong>virtute</strong></span> <span class='ocrx_word' id='word_1_454' title='bbox 3602 2293 3812 2348; x_wconf 80' lang='lat' dir='ltr'><strong>famam</strong></span> <span class='ocrx_word' id='word_1_455' title='bbox 3845 2310 3931 2347; x_wconf 71' lang='lat' dir='ltr'><strong>ex-</strong></span> 
     </span>
    </p>
   </div>
   <div class='ocr_carea' id='block_1_66' title="bbox 2342 2368 3938 2455">
    <p class='ocr_par' dir='ltr' id='par_1_66' title="bbox 2342 2368 3938 2455">
     <span class='ocr_line' id='line_1_66' title="bbox 2342 2368 3938 2455; baseline -0.001 -15"><span class='ocrx_word' id='word_1_456' title='bbox 2342 2388 2583 2455; x_wconf 78' lang='lat' dir='ltr'><strong>ceperit,</strong></span> <span class='ocrx_word' id='word_1_457' title='bbox 2617 2399 2675 2441; x_wconf 95' lang='lat' dir='ltr'><strong>ut</strong></span> <span class='ocrx_word' id='word_1_458' title='bbox 2710 2387 2834 2441; x_wconf 90' lang='lat' dir='ltr'><strong>inde</strong></span> <span class='ocrx_word' id='word_1_459' title='bbox 2872 2386 3125 2443; x_wconf 75' lang='lat' dir='ltr'><strong>conﬁciat</strong></span> <span class='ocrx_word' id='word_1_460' title='bbox 3150 2426 3164 2449; x_wconf 92' lang='lat'><strong>,</strong></span> <span class='ocrx_word' id='word_1_461' title='bbox 3199 2386 3510 2440; x_wconf 65' lang='lat' dir='ltr'><strong>Iustiniano</strong></span> <span class='ocrx_word' id='word_1_462' title='bbox 3562 2368 3938 2440; x_wconf 18' lang='lat' dir='ltr'><strong>I‘Constanti-</strong></span> 
     </span>
    </p>
   </div>
   <div class='ocr_carea' id='block_1_67' title="bbox 2344 2466 3929 2548">
    <p class='ocr_par' dir='ltr' id='par_1_67' title="bbox 2344 2466 3929 2548">
     <span class='ocr_line' id='line_1_67' title="bbox 2344 2466 3929 2548; baseline 0.002 -18"><span class='ocrx_word' id='word_1_463' title='bbox 2344 2478 2525 2547; x_wconf 88' lang='lat' dir='ltr'><strong>nopoli</strong></span> <span class='ocrx_word' id='word_1_464' title='bbox 2560 2466 2877 2548; x_wconf 81' lang='lat' dir='ltr'><strong>imperante</strong></span> <span class='ocrx_word' id='word_1_465' title='bbox 2907 2478 3097 2532; x_wconf 86' lang='lat' dir='ltr'><strong>eadem</strong></span> <span class='ocrx_word' id='word_1_466' title='bbox 3133 2477 3189 2531; x_wconf 87' lang='lat' dir='ltr'><strong>in</strong></span> <span class='ocrx_word' id='word_1_467' title='bbox 3230 2480 3365 2532; x_wconf 88' lang='lat' dir='ltr'><strong>urbe</strong></span> <span class='ocrx_word' id='word_1_468' title='bbox 3398 2478 3758 2531; x_wconf 78' lang='lat' dir='ltr'><strong>diversatum</strong></span> <span class='ocrx_word' id='word_1_469' title='bbox 3805 2476 3929 2534; x_wconf 89' lang='lat' dir='ltr'><strong>Gre.</strong></span> 
     </span>
    </p>
   </div>
   <div class='ocr_carea' id='block_1_68' title="bbox 2332 2570 3939 2641">
    <p class='ocr_par' dir='ltr' id='par_1_68' title="bbox 2332 2570 3939 2641">
     <span class='ocr_line' id='line_1_68' title="bbox 2332 2570 3939 2641; baseline 0.001 -19"><span class='ocrx_word' id='word_1_470' title='bbox 2332 2571 2556 2641; x_wconf 73' lang='lat' dir='ltr'><strong>gor&#39;mm</strong></span> <span class='ocrx_word' id='word_1_471' title='bbox 2576 2610 2591 2636; x_wconf 96' lang='lat'><strong>,</strong></span> <span class='ocrx_word' id='word_1_472' title='bbox 2610 2585 2806 2638; x_wconf 64' lang='lat' dir='ltr'><strong>mue</strong></span> <span class='ocrx_word' id='word_1_473' title='bbox 2820 2570 3169 2624; x_wconf 52' lang='lat' dir='ltr'><strong>interfuisse</strong></span> <span class='ocrx_word' id='word_1_474' title='bbox 3186 2572 3416 2640; x_wconf 73' lang='lat' dir='ltr'><strong>&#39;synodo</strong></span> <span class='ocrx_word' id='word_1_475' title='bbox 3457 2571 3902 2624; x_wconf 60' lang='lat' dir='ltr'><strong>v-mcumenice</strong></span> <span class='ocrx_word' id='word_1_476' title='bbox 3923 2610 3939 2630; x_wconf 90' lang='lat'><strong>.</strong></span> 
     </span>
    </p>
   </div>
   <div class='ocr_carea' id='block_1_69' title="bbox 2348 2660 3939 2732">
    <p class='ocr_par' dir='ltr' id='par_1_69' title="bbox 2348 2660 3939 2732">
     <span class='ocr_line' id='line_1_69' title="bbox 2348 2660 3939 2732; baseline -0.002 -16"><span class='ocrx_word' id='word_1_477' title='bbox 2348 2661 2505 2717; x_wconf 90' lang='lat' dir='ltr'><strong>nullo</strong></span> <span class='ocrx_word' id='word_1_478' title='bbox 2536 2662 2706 2715; x_wconf 76' lang='lat' dir='ltr'><strong>modo.</strong></span> <span class='ocrx_word' id='word_1_479' title='bbox 2746 2660 3083 2732; x_wconf 81' lang='lat' dir='ltr'><strong>probandus.</strong></span> <span class='ocrx_word' id='word_1_480' title='bbox 3129 2662 3186 2717; x_wconf 90' lang='lat' dir='ltr'><strong>Si</strong></span> <span class='ocrx_word' id='word_1_481' title='bbox 3217 2662 3507 2716; x_wconf 73' lang='lat' dir='ltr'><strong>Ju~tiuiani</strong></span> <span class='ocrx_word' id='word_1_482' title='bbox 3558 2663 3699 2730; x_wconf 82' lang='lat' dir='ltr'><strong>Aug.</strong></span> <span class='ocrx_word' id='word_1_483' title='bbox 3737 2676 3939 2715; x_wconf 85' lang='lat' dir='ltr'><strong>nomen</strong></span> 
     </span>
    </p>
   </div>
   <div class='ocr_carea' id='block_1_70' title="bbox 2347 2753 3941 2828">
    <p class='ocr_par' dir='ltr' id='par_1_70' title="bbox 2347 2753 3941 2828">
     <span class='ocr_line' id='line_1_70' title="bbox 2347 2753 3941 2828; baseline -0.001 -23"><span class='ocrx_word' id='word_1_484' title='bbox 2347 2754 2668 2822; x_wconf 86' lang='lat' dir='ltr'><strong>protulisset</strong></span> <span class='ocrx_word' id='word_1_485' title='bbox 2707 2753 2971 2828; x_wconf 77' lang='lat' dir='ltr'><strong>Leontius</strong></span> <span class='ocrx_word' id='word_1_486' title='bbox 2994 2795 3008 2818; x_wconf 91' lang='lat'><strong>,</strong></span> <span class='ocrx_word' id='word_1_487' title='bbox 3042 2772 3166 2809; x_wconf 89' lang='lat' dir='ltr'><strong>cum</strong></span> <span class='ocrx_word' id='word_1_488' title='bbox 3207 2756 3289 2809; x_wconf 78' lang='lat' dir='ltr'><strong>vel</strong></span> <span class='ocrx_word' id='word_1_489' title='bbox 3331 2756 3603 2825; x_wconf 81' lang='lat' dir='ltr'><strong>synodum</strong></span> <span class='ocrx_word' id='word_1_490' title='bbox 3638 2753 3941 2816; x_wconf 79' lang='lat' dir='ltr'><strong>indixisse,</strong></span> 
     </span>
    </p>
   </div>
   <div class='ocr_carea' id='block_1_71' title="bbox 2344 2845 3943 2916">
    <p class='ocr_par' dir='ltr' id='par_1_71' title="bbox 2344 2845 3943 2916">
     <span class='ocr_line' id='line_1_71' title="bbox 2344 2845 3943 2916; baseline -0.002 -18"><span class='ocrx_word' id='word_1_491' title='bbox 2344 2846 2429 2898; x_wconf 89' lang='lat' dir='ltr'><strong>vel</strong></span> <span class='ocrx_word' id='word_1_492' title='bbox 2464 2845 2664 2899; x_wconf 82' lang='lat' dir='ltr'><strong>famam</strong></span> <span class='ocrx_word' id='word_1_493' title='bbox 2706 2847 2983 2900; x_wconf 87' lang='lat' dir='ltr'><strong>inaudisse</strong></span> <span class='ocrx_word' id='word_1_494' title='bbox 3011 2846 3261 2916; x_wconf 85' lang='lat' dir='ltr'><strong>Gregorii</strong></span> <span class='ocrx_word' id='word_1_495' title='bbox 3291 2856 3558 2901; x_wconf 85' lang='lat' dir='ltr'><strong>memorat</strong></span> <span class='ocrx_word' id='word_1_496' title='bbox 3584 2885 3598 2907; x_wconf 95' lang='lat'><strong>,</strong></span> <span class='ocrx_word' id='word_1_497' title='bbox 3627 2857 3785 2899; x_wconf 79' lang='lat' dir='ltr'><strong>certe</strong></span> <span class='ocrx_word' id='word_1_498' title='bbox 3817 2845 3943 2913; x_wconf 83' lang='lat' dir='ltr'><strong>qui-</strong></span> 
     </span>
    </p>
   </div>
   <div class='ocr_carea' id='block_1_72' title="bbox 2347 2922 3944 2999">
    <p class='ocr_par' dir='ltr' id='par_1_72' title="bbox 2347 2922 3944 2999">
     <span class='ocr_line' id='line_1_72' title="bbox 2347 2922 3944 2999; baseline -0.002 -8"><span class='ocrx_word' id='word_1_499' title='bbox 2347 2938 2468 2992; x_wconf 83' lang='lat' dir='ltr'><strong>dem</strong></span> <span class='ocrx_word' id='word_1_500' title='bbox 2501 2950 2679 2999; x_wconf 81' lang='lat' dir='ltr'><strong>esset,</strong></span> <span class='ocrx_word' id='word_1_501' title='bbox 2709 2955 2806 2992; x_wconf 90' lang='lat' dir='ltr'><strong>cur</strong></span> <span class='ocrx_word' id='word_1_502' title='bbox 2844 2922 3053 2997; x_wconf 29' lang='lat' dir='ltr'><strong>merito.</strong></span> <span class='ocrx_word' id='word_1_503' title='bbox 3082 2941 3489 2993; x_wconf 78' lang='lat' dir='ltr'><strong>sanctissimum</strong></span> <span class='ocrx_word' id='word_1_504' title='bbox 3541 2938 3834 2991; x_wconf 88' lang='lat' dir='ltr'><strong>hominem</strong></span> <span class='ocrx_word' id='word_1_505' title='bbox 3879 2939 3944 2989; x_wconf 87' lang='lat' dir='ltr'><strong>ad</strong></span> 
     </span>
    </p>
   </div>
   <div class='ocr_carea' id='block_1_73' title="bbox 2347 3026 3946 3100">
    <p class='ocr_par' dir='ltr' id='par_1_73' title="bbox 2347 3026 3946 3100">
     <span class='ocr_line' id='line_1_73' title="bbox 2347 3026 3946 3100; baseline -0.002 -17"><span class='ocrx_word' id='word_1_506' title='bbox 2347 3028 2640 3084; x_wconf 82' lang='lat' dir='ltr'><strong>Justiniani</strong></span> <span class='ocrx_word' id='word_1_507' title='bbox 2667 3029 2685 3082; x_wconf 95' lang='grc'><strong>1</strong></span> <span class='ocrx_word' id='word_1_508' title='bbox 2716 3042 2957 3099; x_wconf 85' lang='lat' dir='ltr'><strong>tempora</strong></span> <span class='ocrx_word' id='word_1_509' title='bbox 2971 3026 3259 3085; x_wconf 62' lang='lat' dir='ltr'><strong>revocaret</strong></span> <span class='ocrx_word' id='word_1_510' title='bbox 3285 3049 3301 3100; x_wconf 91' lang='lat'><strong>:_</strong></span> <span class='ocrx_word' id='word_1_511' title='bbox 3336 3032 3427 3084; x_wconf 89' lang='lat' dir='ltr'><strong>sed</strong></span> <span class='ocrx_word' id='word_1_512' title='bbox 3453 3032 3598 3084; x_wconf 84' lang='lat' dir='ltr'><strong>enim</strong></span> <span class='ocrx_word' id='word_1_513' title='bbox 3626 3030 3785 3099; x_wconf 87' lang='lat' dir='ltr'><strong>quod</strong></span> <span class='ocrx_word' id='word_1_514' title='bbox 3813 3029 3946 3081; x_wconf 85' lang='lat' dir='ltr'><strong>illud</strong></span> 
     </span>
    </p>
   </div>
   <div class='ocr_carea' id='block_1_74' title="bbox 2347 3114 3945 3190">
    <p class='ocr_par' dir='ltr' id='par_1_74' title="bbox 2347 3114 3945 3190">
     <span class='ocr_line' id='line_1_74' title="bbox 2347 3114 3945 3190; baseline -0.003 -15"><span class='ocrx_word' id='word_1_515' title='bbox 2347 3133 2579 3190; x_wconf 87' lang='lat' dir='ltr'><strong>usurpat</strong></span> <span class='ocrx_word' id='word_1_516' title='bbox 2619 3123 2670 3174; x_wconf 93' lang='lat' dir='ltr'><strong>in</strong></span> <span class='ocrx_word' id='word_1_517' title='bbox 2709 3138 2889 3176; x_wconf 89' lang='lat' dir='ltr'><strong>rerum</strong></span> <span class='ocrx_word' id='word_1_518' title='bbox 2933 3124 3268 3184; x_wconf 74' lang='lat' dir='ltr'><strong>narratiOne,</strong></span> <span class='ocrx_word' id='word_1_519' title='bbox 3307 3114 3429 3190; x_wconf 74' lang='lat' dir='ltr'><strong>quae</strong></span> <span class='ocrx_word' id='word_1_520' title='bbox 3462 3132 3722 3190; x_wconf 84' lang='lat' dir='ltr'><strong>magnam</strong></span> <span class='ocrx_word' id='word_1_521' title='bbox 3777 3137 3945 3190; x_wconf 61' lang='grc' dir='ltr'><strong>εςιις)⁸</strong></span> 
     </span>
    </p>
   </div>
   <div class='ocr_carea' id='block_1_75' title="bbox 2351 3213 3951 3279">
    <p class='ocr_par' dir='ltr' id='par_1_75' title="bbox 2351 3213 3951 3279">
     <span class='ocr_line' id='line_1_75' title="bbox 2351 3213 3951 3279; baseline -0.001 -15"><span class='ocrx_word' id='word_1_522' title='bbox 2351 3215 2475 3265; x_wconf 89' lang='lat' dir='ltr'><strong>dum</strong></span> <span class='ocrx_word' id='word_1_523' title='bbox 2511 3224 2854 3279; x_wconf 70' lang='lat' dir='ltr'><strong>consecutae,</strong></span> <span class='ocrx_word' id='word_1_524' title='bbox 2916 3214 3084 3268; x_wconf 86' lang='lat' dir='ltr'><strong>libere</strong></span> <span class='ocrx_word' id='word_1_525' title='bbox 3142 3215 3407 3276; x_wconf 81' lang='lat' dir='ltr'><strong>dicimus,</strong></span> <span class='ocrx_word' id='word_1_526' title='bbox 3450 3213 3766 3267; x_wconf 66' lang='lat' dir='ltr'><strong>foedissimo</strong></span> <span class='ocrx_word' id='word_1_527' title='bbox 3817 3213 3951 3265; x_wconf 76' lang='lat' dir='ltr'><strong>vitio</strong></span> 
     </span>
    </p>
   </div>
   <div class='ocr_carea' id='block_1_76' title="bbox 2352 3296 3955 3375">
    <p class='ocr_par' dir='ltr' id='par_1_76' title="bbox 2352 3296 3955 3375">
     <span class='ocr_line' id='line_1_76' title="bbox 2352 3296 3955 3375; baseline 0.001 -19"><span class='ocrx_word' id='word_1_528' title='bbox 2352 3304 2600 3357; x_wconf 89' lang='lat' dir='ltr'><strong>laborare</strong></span> <span class='ocrx_word' id='word_1_529' title='bbox 2620 3306 2823 3375; x_wconf 77' lang='lat' dir='ltr'><strong>egregii</strong></span> <span class='ocrx_word' id='word_1_530' title='bbox 2853 3307 2953 3359; x_wconf 85' lang='lat' dir='ltr'><strong>viri</strong></span> <span class='ocrx_word' id='word_1_531' title='bbox 2984 3296 3321 3374; x_wconf 76' lang='lat' dir='ltr'><strong>opinionem.</strong></span> <span class='ocrx_word' id='word_1_532' title='bbox 3354 3304 3527 3358; x_wconf 87' lang='lat' dir='ltr'><strong>Porro</strong></span> <span class='ocrx_word' id='word_1_533' title='bbox 3560 3305 3700 3358; x_wconf 88' lang='lat' dir='ltr'><strong>illud</strong></span> <span class='ocrx_word' id='word_1_534' title='bbox 3726 3315 3955 3358; x_wconf 78' lang='lat' dir='ltr'><strong>constat</strong></span> 
     </span>
    </p>
   </div>
   <div class='ocr_carea' id='block_1_77' title="bbox 2350 3393 3955 3462">
    <p class='ocr_par' dir='ltr' id='par_1_77' title="bbox 2350 3393 3955 3462">
     <span class='ocr_line' id='line_1_77' title="bbox 2350 3393 3955 3462; baseline -0.001 -13"><span class='ocrx_word' id='word_1_535' title='bbox 2350 3410 2415 3449; x_wconf 81' lang='lat' dir='ltr'><strong>ex</strong></span> <span class='ocrx_word' id='word_1_536' title='bbox 2439 3393 2765 3462; x_wconf 84' lang='lat' dir='ltr'><strong>Theophane</strong></span> <span class='ocrx_word' id='word_1_537' title='bbox 2788 3398 3197 3450; x_wconf 82' lang='lat' dir='ltr'><strong>accuratissime</strong></span> <span class='ocrx_word' id='word_1_538' title='bbox 3220 3395 3534 3450; x_wconf 72' lang='lat' dir='ltr'><strong>Grtecarum</strong></span> <span class='ocrx_word' id='word_1_539' title='bbox 3566 3412 3756 3449; x_wconf 86' lang='lat' dir='ltr'><strong>rerum</strong></span> <span class='ocrx_word' id='word_1_540' title='bbox 3809 3396 3955 3449; x_wconf 82' lang='lat' dir='ltr'><strong>scri-</strong></span> 
     </span>
    </p>
   </div>
   <div class='ocr_carea' id='block_1_78' title="bbox 2352 3484 3957 3557">
    <p class='ocr_par' dir='ltr' id='par_1_78' title="bbox 2352 3484 3957 3557">
     <span class='ocr_line' id='line_1_78' title="bbox 2352 3484 3957 3557; baseline 0 -18"><span class='ocrx_word' id='word_1_541' title='bbox 2352 3496 2531 3556; x_wconf 77' lang='lat' dir='ltr'><strong>ptore,</strong></span> <span class='ocrx_word' id='word_1_542' title='bbox 2562 3484 2936 3541; x_wconf 89' lang='lat' dir='ltr'><strong>Justinianum</strong></span> <span class='ocrx_word' id='word_1_543' title='bbox 2967 3487 3007 3539; x_wconf 94' lang='lat' dir='ltr'><strong>ll</strong></span> <span class='ocrx_word' id='word_1_544' title='bbox 3033 3504 3060 3540; x_wconf 89' lang='lat' dir='ltr'><strong>a</strong></span> <span class='ocrx_word' id='word_1_545' title='bbox 3092 3499 3243 3557; x_wconf 72' lang='lat' dir='ltr'><strong>patre</strong></span> <span class='ocrx_word' id='word_1_546' title='bbox 3266 3489 3631 3541; x_wconf 71' lang='lat' dir='ltr'><strong>Constantino</strong></span> <span class='ocrx_word' id='word_1_547' title='bbox 3660 3486 3957 3553; x_wconf 73' lang='lat' dir='ltr'><strong>Pogonato</strong></span> 
     </span>
    </p>
   </div>
   <div class='ocr_carea' id='block_1_79' title="bbox 2354 3576 3958 3649">
    <p class='ocr_par' dir='ltr' id='par_1_79' title="bbox 2354 3576 3958 3649">
     <span class='ocr_line' id='line_1_79' title="bbox 2354 3576 3958 3649; baseline -0.002 -19"><span class='ocrx_word' id='word_1_548' title='bbox 2354 3579 2663 3649; x_wconf 81' lang='lat' dir='ltr'><strong>Augusmtn</strong></span> <span class='ocrx_word' id='word_1_549' title='bbox 2696 3581 3088 3643; x_wconf 85' lang='lat' dir='ltr'><strong>renuntiatum,</strong></span> <span class='ocrx_word' id='word_1_550' title='bbox 3125 3595 3187 3633; x_wconf 77' lang='lat' dir='ltr'><strong>ca</strong></span> <span class='ocrx_word' id='word_1_551' title='bbox 3245 3580 3514 3648; x_wconf 77' lang='lat' dir='ltr'><strong>dignitate</strong></span> <span class='ocrx_word' id='word_1_552' title='bbox 3545 3578 3747 3647; x_wconf 84' lang='lat' dir='ltr'><strong>ejectis</strong></span> <span class='ocrx_word' id='word_1_553' title='bbox 3780 3576 3958 3629; x_wconf 79' lang='lat' dir='ltr'><strong>Hera-</strong></span> 
     </span>
    </p>
   </div>
   <div class='ocr_carea' id='block_1_80' title="bbox 2354 3668 3958 3738">
    <p class='ocr_par' dir='ltr' id='par_1_80' title="bbox 2354 3668 3958 3738">
     <span class='ocr_line' id='line_1_80' title="bbox 2354 3668 3958 3738; baseline -0.002 -15"><span class='ocrx_word' id='word_1_554' title='bbox 2354 3672 2473 3735; x_wconf 84' lang='lat' dir='ltr'><strong>clio</strong></span> <span class='ocrx_word' id='word_1_555' title='bbox 2522 3679 2573 3723; x_wconf 90' lang='lat' dir='ltr'><strong>et</strong></span> <span class='ocrx_word' id='word_1_556' title='bbox 2619 3668 2841 3723; x_wconf 85' lang='lat' dir='ltr'><strong>Tiberio</strong></span> <span class='ocrx_word' id='word_1_557' title='bbox 2896 3670 3199 3731; x_wconf 78' lang='lat' dir='ltr'><strong>fratribus,</strong></span> <span class='ocrx_word' id='word_1_558' title='bbox 3248 3686 3391 3725; x_wconf 87' lang='lat' dir='ltr'><strong>anno</strong></span> <span class='ocrx_word' id='word_1_559' title='bbox 3431 3670 3653 3738; x_wconf 85' lang='lat' dir='ltr'><strong>imperii</strong></span> <span class='ocrx_word' id='word_1_560' title='bbox 3708 3670 3798 3721; x_wconf 74' lang='lat' dir='ltr'><strong>sui</strong></span> <span class='ocrx_word' id='word_1_561' title='bbox 3860 3668 3958 3726; x_wconf 78' lang='grc'><strong>15,</strong></span> 
     </span>
    </p>
   </div>
   <div class='ocr_carea' id='block_1_81' title="bbox 2354 3756 3963 3837">
    <p class='ocr_par' dir='ltr' id='par_1_81' title="bbox 2354 3756 3963 3837">
     <span class='ocr_line' id='line_1_81' title="bbox 2354 3756 3963 3837; baseline -0.004 -22"><span class='ocrx_word' id='word_1_562' title='bbox 2354 3761 2499 3828; x_wconf 86' lang='lat' dir='ltr'><strong>quod</strong></span> <span class='ocrx_word' id='word_1_563' title='bbox 2551 3762 2682 3837; x_wconf 51' lang='lat' dir='ltr'><strong>iniit:</strong></span> <span class='ocrx_word' id='word_1_564' title='bbox 2720 3760 2877 3821; x_wconf 76' lang='lat' dir='ltr'><strong>anno</strong></span> <span class='ocrx_word' id='word_1_565' title='bbox 2945 3763 3084 3823; x_wconf 69' lang='lat'><strong>668,</strong></span> <span class='ocrx_word' id='word_1_566' title='bbox 3138 3777 3325 3820; x_wconf 81' lang='lat' dir='ltr'><strong>mense</strong></span> <span class='ocrx_word' id='word_1_567' title='bbox 3368 3760 3533 3814; x_wconf 81' lang='lat' dir='ltr'><strong>Julio.</strong></span> <span class='ocrx_word' id='word_1_568' title='bbox 3585 3760 3728 3813; x_wconf 86' lang='lat' dir='ltr'><strong>Cum</strong></span> <span class='ocrx_word' id='word_1_569' title='bbox 3787 3756 3963 3827; x_wconf 53' lang='lat' dir='ltr'><strong>igtur</strong></span> 
     </span>
    </p>
   </div>
   <div class='ocr_carea' id='block_1_82' title="bbox 2356 3849 3962 3918">
    <p class='ocr_par' dir='ltr' id='par_1_82' title="bbox 2356 3849 3962 3918">
     <span class='ocr_line' id='line_1_82' title="bbox 2356 3849 3962 3918; baseline -0.003 -13"><span class='ocrx_word' id='word_1_570' title='bbox 2356 3851 2705 3907; x_wconf 75' lang='lat' dir='ltr'><strong>menselulio</strong></span> <span class='ocrx_word' id='word_1_571' title='bbox 2729 3853 2855 3905; x_wconf 74' lang='lat' dir='ltr'><strong>anni</strong></span> <span class='ocrx_word' id='word_1_572' title='bbox 2887 3853 2991 3906; x_wconf 83' lang='lat'><strong>680</strong></span> <span class='ocrx_word' id='word_1_573' title='bbox 3041 3853 3439 3905; x_wconf 63' lang='lat' dir='ltr'><strong>C&#39;uts&#39;tantiuus</strong></span> <span class='ocrx_word' id='word_1_574' title='bbox 3485 3852 3624 3918; x_wconf 84' lang='lat' dir='ltr'><strong>Aug.</strong></span> <span class='ocrx_word' id='word_1_575' title='bbox 3668 3851 3835 3918; x_wconf 78' lang='lat' dir='ltr'><strong>regni</strong></span> <span class='ocrx_word' id='word_1_576' title='bbox 3878 3849 3962 3902; x_wconf 85' lang='lat' dir='ltr'><strong>sui</strong></span> 
     </span>
    </p>
   </div>
   <div class='ocr_carea' id='block_1_83' title="bbox 2353 3926 3965 4003">
    <p class='ocr_par' dir='ltr' id='par_1_83' title="bbox 2353 3940 3965 4003">
     <span class='ocr_line' id='line_1_83' title="bbox 2353 3940 3965 4003; baseline -0.004 -7"><span class='ocrx_word' id='word_1_577' title='bbox 2353 3958 2558 3996; x_wconf 89' lang='lat' dir='ltr'><strong>annum</strong></span> <span class='ocrx_word' id='word_1_578' title='bbox 2606 3945 2673 3997; x_wconf 81' lang='grc'><strong>15</strong></span> <span class='ocrx_word' id='word_1_579' title='bbox 2722 3944 3028 4003; x_wconf 83' lang='lat' dir='ltr'><strong>inclinarit,</strong></span> <span class='ocrx_word' id='word_1_580' title='bbox 3074 3947 3261 3996; x_wconf 62' lang='lat' dir='ltr'><strong>eodem</strong></span> <span class='ocrx_word' id='word_1_581' title='bbox 3308 3958 3451 3994; x_wconf 85' lang='lat' dir='ltr'><strong>anno</strong></span> <span class='ocrx_word' id='word_1_582' title='bbox 3494 3943 3834 4002; x_wconf 74' lang='lat' dir='ltr'><strong>desinente,</strong></span> <span class='ocrx_word' id='word_1_583' title='bbox 3883 3940 3965 3991; x_wconf 63' lang='lat' dir='ltr'><strong>Vel</strong></span> 
     </span>
    </p>
   </div>
   <div class='ocr_carea' id='block_1_84' title="bbox 2358 4030 3971 4103">
    <p class='ocr_par' dir='ltr' id='par_1_84' title="bbox 2358 4030 3971 4103">
     <span class='ocr_line' id='line_1_84' title="bbox 2358 4030 3971 4103; baseline -0.004 -14"><span class='ocrx_word' id='word_1_584' title='bbox 2358 4050 2501 4089; x_wconf 87' lang='lat' dir='ltr'><strong>novo</strong></span> <span class='ocrx_word' id='word_1_585' title='bbox 2540 4036 2639 4089; x_wconf 74' lang='lat'><strong>681</strong></span> <span class='ocrx_word' id='word_1_586' title='bbox 2686 4036 2739 4088; x_wconf 91' lang='lat' dir='ltr'><strong>in</strong></span> <span class='ocrx_word' id='word_1_587' title='bbox 2788 4036 2998 4103; x_wconf 82' lang='lat' dir='ltr'><strong>imperii</strong></span> <span class='ocrx_word' id='word_1_588' title='bbox 3050 4035 3391 4087; x_wconf 84' lang='lat' dir='ltr'><strong>consortium</strong></span> <span class='ocrx_word' id='word_1_589' title='bbox 3422 4034 3634 4087; x_wconf 82' lang='lat' dir='ltr'><strong>ascitus</strong></span> <span class='ocrx_word' id='word_1_590' title='bbox 3680 4030 3971 4084; x_wconf 83' lang='lat' dir='ltr'><strong>Justinia-</strong></span> 
     </span>
    </p>
   </div>
   <div class='ocr_carea' id='block_1_85' title="bbox 2319 4123 3968 4193">
    <p class='ocr_par' dir='ltr' id='par_1_85' title="bbox 2319 4123 3968 4193">
     <span class='ocr_line' id='line_1_85' title="bbox 2319 4123 3968 4193; baseline -0.005 -12"><span class='ocrx_word' id='word_1_591' title='bbox 2319 4139 2323 4143; x_wconf 77' lang='lat'><strong>‘</strong></span> <span class='ocrx_word' id='word_1_592' title='bbox 2358 4142 2460 4181; x_wconf 85' lang='lat' dir='ltr'><strong>nus</strong></span> <span class='ocrx_word' id='word_1_593' title='bbox 2498 4126 2557 4181; x_wconf 82' lang='lat' dir='ltr'><strong>F.</strong></span> <span class='ocrx_word' id='word_1_594' title='bbox 2598 4142 2624 4179; x_wconf 87' lang='lat' dir='ltr'><strong>a</strong></span> <span class='ocrx_word' id='word_1_595' title='bbox 2662 4136 2835 4192; x_wconf 84' lang='lat' dir='ltr'><strong>patre,</strong></span> <span class='ocrx_word' id='word_1_596' title='bbox 2869 4128 2969 4180; x_wconf 87' lang='lat' dir='ltr'><strong>hoc</strong></span> <span class='ocrx_word' id='word_1_597' title='bbox 2999 4137 3101 4189; x_wconf 56' lang='lat' dir='ltr'><strong>esu</strong></span> <span class='ocrx_word' id='word_1_598' title='bbox 3140 4126 3380 4178; x_wconf 81' lang='lat' dir='ltr'><strong>nondum</strong></span> <span class='ocrx_word' id='word_1_599' title='bbox 3420 4124 3633 4193; x_wconf 84' lang='lat' dir='ltr'><strong>synodo</strong></span> <span class='ocrx_word' id='word_1_600' title='bbox 3673 4123 3968 4174; x_wconf 64' lang='lat' dir='ltr'><strong>confecta.</strong></span> 
     </span>
    </p>
   </div>
   <div class='ocr_carea' id='block_1_86' title="bbox 2361 4204 3975 4283">
    <p class='ocr_par' dir='ltr' id='par_1_86' title="bbox 2361 4204 3975 4283">
     <span class='ocr_line' id='line_1_86' title="bbox 2361 4204 3975 4283; baseline -0.004 -12"><span class='ocrx_word' id='word_1_601' title='bbox 2361 4218 2475 4273; x_wconf 89' lang='lat' dir='ltr'><strong>Iluc</strong></span> <span class='ocrx_word' id='word_1_602' title='bbox 2514 4228 2566 4269; x_wconf 92' lang='lat' dir='ltr'><strong>ct</strong></span> <span class='ocrx_word' id='word_1_603' title='bbox 2605 4220 2732 4270; x_wconf 89' lang='lat' dir='ltr'><strong>illud</strong></span> <span class='ocrx_word' id='word_1_604' title='bbox 2767 4218 3008 4283; x_wconf 75' lang='lat' dir='ltr'><strong>accedit,</strong></span> <span class='ocrx_word' id='word_1_605' title='bbox 3052 4219 3232 4269; x_wconf 80' lang='lat' dir='ltr'><strong>datum</strong></span> <span class='ocrx_word' id='word_1_606' title='bbox 3273 4216 3469 4269; x_wconf 82' lang='lat' dir='ltr'><strong>Joanni</strong></span> <span class='ocrx_word' id='word_1_607' title='bbox 3524 4215 3700 4283; x_wconf 78' lang='lat' dir='ltr'><strong>Cypri</strong></span> <span class='ocrx_word' id='word_1_608' title='bbox 3736 4204 3975 4267; x_wconf 77' lang='lat' dir='ltr'><strong>‘arctn-</strong></span> 
     </span>
    </p>
   </div>
   <div class='ocr_carea' id='block_1_87' title="bbox 2366 4306 3973 4379">
    <p class='ocr_par' dir='ltr' id='par_1_87' title="bbox 2366 4306 3973 4379">
     <span class='ocr_line' id='line_1_87' title="bbox 2366 4306 3973 4379; baseline -0.005 -16"><span class='ocrx_word' id='word_1_609' title='bbox 2366 4310 2625 4379; x_wconf 84' lang='lat' dir='ltr'><strong>episcopo</strong></span> <span class='ocrx_word' id='word_1_610' title='bbox 2676 4308 3079 4377; x_wconf 81' lang='lat' dir='ltr'><strong>Hellespontum</strong></span> <span class='ocrx_word' id='word_1_611' title='bbox 3124 4308 3458 4378; x_wconf 85' lang='lat' dir='ltr'><strong>provinciam</strong></span> <span class='ocrx_word' id='word_1_612' title='bbox 3512 4322 3563 4357; x_wconf 79' lang='lat' dir='ltr'><strong>vi</strong></span> <span class='ocrx_word' id='word_1_613' title='bbox 3595 4307 3652 4357; x_wconf 90' lang='lat' dir='ltr'><strong>in</strong></span> <span class='ocrx_word' id='word_1_614' title='bbox 3702 4306 3973 4375; x_wconf 75' lang='lat' dir='ltr'><strong>synodo,</strong></span> 
     </span>
    </p>
   </div>
   <div class='ocr_carea' id='block_1_88' title="bbox 2361 4396 3980 4467">
    <p class='ocr_par' dir='ltr' id='par_1_88' title="bbox 2361 4396 3980 4467">
     <span class='ocr_line' id='line_1_88' title="bbox 2361 4396 3980 4467; baseline -0.004 -13"><span class='ocrx_word' id='word_1_615' title='bbox 2361 4410 2583 4454; x_wconf 84' lang='lat' dir='ltr'><strong>auctore</strong></span> <span class='ocrx_word' id='word_1_616' title='bbox 2627 4399 2936 4454; x_wconf 82' lang='lat' dir='ltr'><strong>Justiniano</strong></span> <span class='ocrx_word' id='word_1_617' title='bbox 2970 4398 3363 4461; x_wconf 74' lang='lat' dir='ltr'><strong>Rhinotmt-to,</strong></span> <span class='ocrx_word' id='word_1_618' title='bbox 3404 4399 3548 4467; x_wconf 83' lang='lat' dir='ltr'><strong>quod</strong></span> <span class='ocrx_word' id='word_1_619' title='bbox 3584 4396 3812 4450; x_wconf 85' lang='lat' dir='ltr'><strong>diserte</strong></span> <span class='ocrx_word' id='word_1_620' title='bbox 3861 4404 3980 4448; x_wconf 84' lang='lat' dir='ltr'><strong>tra-</strong></span> 
     </span>
    </p>
   </div>
   <div class='ocr_carea' id='block_1_89' title="bbox 2360 4487 3981 4561">
    <p class='ocr_par' dir='ltr' id='par_1_89' title="bbox 2360 4487 3981 4561">
     <span class='ocr_line' id='line_1_89' title="bbox 2360 4487 3981 4561; baseline -0.004 -14"><span class='ocrx_word' id='word_1_621' title='bbox 2360 4493 2533 4547; x_wconf 88' lang='lat' dir='ltr'><strong>ditum</strong></span> <span class='ocrx_word' id='word_1_622' title='bbox 2590 4508 2619 4546; x_wconf 85' lang='lat' dir='ltr'><strong>a</strong></span> <span class='ocrx_word' id='word_1_623' title='bbox 2663 4492 3026 4547; x_wconf 86' lang='lat' dir='ltr'><strong>Constantino</strong></span> <span class='ocrx_word' id='word_1_624' title='bbox 3083 4492 3595 4561; x_wconf 81' lang='lat' dir='ltr'><strong>Porpbyrogenneta</strong></span> <span class='ocrx_word' id='word_1_625' title='bbox 3655 4489 3859 4554; x_wconf 83' lang='lat' dir='ltr'><strong>capite</strong></span> <span class='ocrx_word' id='word_1_626' title='bbox 3912 4487 3981 4541; x_wconf 61' lang='lat'><strong>4&#39;:</strong></span> 
     </span>
    </p>
   </div>
   <div class='ocr_carea' id='block_1_90' title="bbox 682 4578 3985 4656">
    <p class='ocr_par' dir='ltr' id='par_1_90' title="bbox 682 4578 3985 4656">
     <span class='ocr_line' id='line_1_90' title="bbox 682 4578 3985 4656; baseline -0.006 -9"><span class='ocrx_word' id='word_1_627' title='bbox 682 4588 902 4647; x_wconf 76' lang='lat' dir='ltr'><strong>Christe</strong></span> <span class='ocrx_word' id='word_1_628' title='bbox 952 4586 1116 4651; x_wconf 85' lang='lat' dir='ltr'><strong>Deus,</strong></span> <span class='ocrx_word' id='word_1_629' title='bbox 1155 4601 1275 4656; x_wconf 83' lang='lat' dir='ltr'><strong>ago</strong></span> <span class='ocrx_word' id='word_1_630' title='bbox 1304 4585 1398 4637; x_wconf 91' lang='lat' dir='ltr'><strong>tibi</strong></span> <span class='ocrx_word' id='word_1_631' title='bbox 1443 4585 1645 4653; x_wconf 84' lang='lat' dir='ltr'><strong>gratias</strong></span> <span class='ocrx_word' id='word_1_632' title='bbox 1665 4625 1685 4645; x_wconf 21' lang='grc' dir='ltr'><strong>,ν</strong></span> <span class='ocrx_word' id='word_1_633' title='bbox 1728 4597 1897 4649; x_wconf 81' lang='lat' dir='ltr'><strong>supra</strong></span> <span class='ocrx_word' id='word_1_634' title='bbox 1956 4598 2120 4650; x_wconf 82' lang='lat' dir='ltr'><strong>quam</strong></span> <span class='ocrx_word' id='word_1_635' title='bbox 2164 4581 2349 4650; x_wconf 57' lang='lat' dir='ltr'><strong>dici”</strong></span> <span class='ocrx_word' id='word_1_636' title='bbox 2379 4584 2451 4636; x_wconf 85' lang='lat' dir='ltr'><strong>De</strong></span> <span class='ocrx_word' id='word_1_637' title='bbox 2503 4583 2647 4636; x_wconf 84' lang='lat' dir='ltr'><strong>adm.</strong></span> <span class='ocrx_word' id='word_1_638' title='bbox 2700 4585 2825 4651; x_wconf 87' lang='lat' dir='ltr'><strong>imp.</strong></span> <span class='ocrx_word' id='word_1_639' title='bbox 2875 4597 2905 4635; x_wconf 85' lang='lat' dir='ltr'><strong>a</strong></span> <span class='ocrx_word' id='word_1_640' title='bbox 2958 4584 3115 4636; x_wconf 86' lang='lat' dir='ltr'><strong>nobis</strong></span> <span class='ocrx_word' id='word_1_641' title='bbox 3160 4591 3325 4651; x_wconf 71' lang='lat' dir='ltr'><strong>antea</strong></span> <span class='ocrx_word' id='word_1_642' title='bbox 3370 4580 3576 4648; x_wconf 82' lang='lat' dir='ltr'><strong>integre</strong></span> <span class='ocrx_word' id='word_1_643' title='bbox 3626 4578 3935 4646; x_wconf 79' lang='lat' dir='ltr'><strong>producto</strong></span> <span class='ocrx_word' id='word_1_644' title='bbox 3972 4595 3985 4627; x_wconf 86' lang='lat'><strong>:</strong></span> 
     </span>
    </p>
   </div>
   <div class='ocr_carea' id='block_1_91' title="bbox 684 4664 2259 4750">
    <p class='ocr_par' dir='ltr' id='par_1_91' title="bbox 684 4664 2259 4750">
     <span class='ocr_line' id='line_1_91' title="bbox 684 4664 2259 4750; baseline -0.003 -16"><span class='ocrx_word' id='word_1_645' title='bbox 684 4690 867 4750; x_wconf 82' lang='lat' dir='ltr'><strong>queat,</strong></span> <span class='ocrx_word' id='word_1_646' title='bbox 894 4681 1079 4733; x_wconf 79' lang='lat' dir='ltr'><strong>maxin</strong></span> <span class='ocrx_word' id='word_1_647' title='bbox 1098 4695 1157 4732; x_wconf 89' lang='lat' dir='ltr'><strong>as</strong></span> <span class='ocrx_word' id='word_1_648' title='bbox 1176 4694 1194 4717; x_wconf 49' lang='grc' dir='ltr'><strong>ν·</strong></span> <span class='ocrx_word' id='word_1_649' title='bbox 1226 4664 1468 4745; x_wconf 27' lang='grc' dir='ltr'>,ἀείιιιιιιι</span> <span class='ocrx_word' id='word_1_650' title='bbox 1497 4690 1695 4728; x_wconf 86' lang='lat' dir='ltr'><strong>numen</strong></span> <span class='ocrx_word' id='word_1_651' title='bbox 1723 4675 1896 4728; x_wconf 85' lang='lat' dir='ltr'><strong>sentio</strong></span> <span class='ocrx_word' id='word_1_652' title='bbox 1926 4687 2105 4739; x_wconf 90' lang='lat' dir='ltr'><strong>tuum,</strong></span> <span class='ocrx_word' id='word_1_653' title='bbox 2146 4690 2259 4743; x_wconf 90' lang='lat' dir='ltr'><strong>quo</strong></span> 
     </span>
    </p>
   </div>
   <div class='ocr_carea' id='block_1_92' title="bbox 688 4760 2305 4844">
    <p class='ocr_par' dir='ltr' id='par_1_92' title="bbox 688 4760 2305 4844">
     <span class='ocr_line' id='line_1_92' title="bbox 688 4760 2305 4844; baseline -0.001 -21"><span class='ocrx_word' id='word_1_654' title='bbox 688 4774 939 4844; x_wconf 78' lang='lat' dir='ltr'><strong>perfusus</strong></span> <span class='ocrx_word' id='word_1_655' title='bbox 969 4764 1415 4829; x_wconf 37' lang='lat' dir='ltr'><strong>Caietani&#39;verna</strong></span> <span class='ocrx_word' id='word_1_656' title='bbox 1462 4768 1608 4835; x_wconf 73' lang='lat' dir='ltr'><strong>nullo</strong></span> <span class='ocrx_word' id='word_1_657' title='bbox 1642 4760 1864 4821; x_wconf 83' lang='lat' dir='ltr'><strong>Omnino</strong></span> <span class='ocrx_word' id='word_1_658' title='bbox 1908 4767 2113 4833; x_wconf 82' lang='lat' dir='ltr'><strong>diluam</strong></span> <span class='ocrx_word' id='word_1_659' title='bbox 2162 4781 2305 4841; x_wconf 2' lang='lat' dir='ltr'><strong>ne-p.</strong></span> 
     </span>
    </p>
   </div>
   <div class='ocr_carea' id='block_1_93' title="bbox 688 4846 2295 4939">
    <p class='ocr_par' dir='ltr' id='par_1_93' title="bbox 688 4846 2295 4939">
     <span class='ocr_line' id='line_1_93' title="bbox 688 4846 2295 4939; baseline -0.002 -23"><span class='ocrx_word' id='word_1_660' title='bbox 688 4862 855 4933; x_wconf 82' lang='lat' dir='ltr'><strong>gotio.</strong></span> <span class='ocrx_word' id='word_1_661' title='bbox 903 4846 1837 4939; x_wconf 43' lang='lat' dir='ltr'><strong>EvolvamuslaeontiiHistoriam,</strong></span> <span class='ocrx_word' id='word_1_662' title='bbox 1883 4850 2125 4939; x_wconf 73' lang='lat' dir='ltr'><strong>illudque</strong></span> <span class='ocrx_word' id='word_1_663' title='bbox 2165 4846 2295 4925; x_wconf 54' lang='lat' dir='ltr'><strong>tax-3</strong></span> 
     </span>
    </p>
   </div>
   <div class='ocr_carea' id='block_1_94' title="bbox 688 4934 2260 5029">
    <p class='ocr_par' dir='ltr' id='par_1_94' title="bbox 688 4934 2260 5029">
     <span class='ocr_line' id='line_1_94' title="bbox 688 4934 2260 5029; baseline -0.003 -23"><span class='ocrx_word' id='word_1_664' title='bbox 688 4954 1010 5028; x_wconf 85' lang='lat' dir='ltr'><strong>pendamus,</strong></span> <span class='ocrx_word' id='word_1_665' title='bbox 1040 4934 1327 5026; x_wconf 78' lang='lat' dir='ltr'><strong>ecquando</strong></span> <span class='ocrx_word' id='word_1_666' title='bbox 1342 4942 1517 5021; x_wconf 68' lang='lat'><strong>312</strong></span> <span class='ocrx_word' id='word_1_667' title='bbox 1539 4952 1897 5029; x_wconf 83' lang='lat' dir='ltr'><strong>imperatoris</strong></span> <span class='ocrx_word' id='word_1_668' title='bbox 1918 4934 2260 5026; x_wconf 51' lang='lat' dir='ltr'><strong>nomenpril</strong></span> 
     </span>
    </p>
   </div>
   <div class='ocr_carea' id='block_1_95' title="bbox 688 5028 2263 5121">
    <p class='ocr_par' dir='ltr' id='par_1_95' title="bbox 688 5028 2263 5121">
     <span class='ocr_line' id='line_1_95' title="bbox 688 5028 2263 5121; baseline -0.001 -24"><span class='ocrx_word' id='word_1_669' title='bbox 688 5062 780 5103; x_wconf 90' lang='lat' dir='ltr'><strong>mo</strong></span> <span class='ocrx_word' id='word_1_670' title='bbox 809 5045 1125 5114; x_wconf 87' lang='lat' dir='ltr'><strong>prodiderit,</strong></span> <span class='ocrx_word' id='word_1_671' title='bbox 1154 5034 1221 5096; x_wconf 87' lang='lat' dir='ltr'><strong>ut</strong></span> <span class='ocrx_word' id='word_1_672' title='bbox 1239 5033 1845 5114; x_wconf 69' lang='lat' dir='ltr'><strong>tandem_&#39;illndpateat.</strong></span> <span class='ocrx_word' id='word_1_673' title='bbox 1870 5045 2032 5121; x_wconf 64' lang='lat' dir='ltr'><strong>gnam</strong></span> <span class='ocrx_word' id='word_1_674' title='bbox 2049 5028 2263 5121; x_wconf 82' lang='lat' dir='ltr'><strong>impro-</strong></span> 
     </span>
    </p>
   </div>
   <div class='ocr_carea' id='block_1_96' title="bbox 691 5120 2303 5206">
    <p class='ocr_par' dir='ltr' id='par_1_96' title="bbox 691 5120 2303 5206">
     <span class='ocr_line' id='line_1_96' title="bbox 691 5120 2303 5206; baseline -0.002 -15"><span class='ocrx_word' id='word_1_675' title='bbox 691 5141 755 5196; x_wconf 87' lang='lat' dir='ltr'><strong>be</strong></span> <span class='ocrx_word' id='word_1_676' title='bbox 785 5139 1073 5191; x_wconf 81' lang='lat' dir='ltr'><strong>Caietauus</strong></span> <span class='ocrx_word' id='word_1_677' title='bbox 1098 5152 1252 5190; x_wconf 76' lang='lat' dir='ltr'><strong>exeo</strong></span> <span class='ocrx_word' id='word_1_678' title='bbox 1278 5124 1638 5205; x_wconf 74' lang='lat' dir='ltr'><strong>contenderit,</strong></span> <span class='ocrx_word' id='word_1_679' title='bbox 1660 5134 1984 5203; x_wconf 76' lang='lat' dir='ltr'><strong>Gregorium</strong></span> <span class='ocrx_word' id='word_1_680' title='bbox 2015 5120 2303 5206; x_wconf 57' lang='grc' dir='ltr'><strong>ιιοτειὲιιιιιτ-⁸</strong></span> 
     </span>
    </p>
   </div>
   <div class='ocr_carea' id='block_1_97' title="bbox 688 5213 2319 5302">
    <p class='ocr_par' dir='ltr' id='par_1_97' title="bbox 688 5213 2319 5302">
     <span class='ocr_line' id='line_1_97' title="bbox 688 5213 2319 5302; baseline -0.005 -19"><span class='ocrx_word' id='word_1_681' title='bbox 688 5233 910 5291; x_wconf 81' lang='lat' dir='ltr'><strong>duxisse</strong></span> <span class='ocrx_word' id='word_1_682' title='bbox 933 5247 1105 5302; x_wconf 73' lang='lat' dir='ltr'><strong>aevum</strong></span> <span class='ocrx_word' id='word_1_683' title='bbox 1150 5230 1254 5285; x_wconf 90' lang='lat' dir='ltr'><strong>sub</strong></span> <span class='ocrx_word' id='word_1_684' title='bbox 1277 5222 1581 5297; x_wconf 70' lang='lat' dir='ltr'><strong>Justiniano</strong></span> <span class='ocrx_word' id='word_1_685' title='bbox 1611 5227 1648 5281; x_wconf 89' lang='lat' dir='ltr'><strong>I.</strong></span> <span class='ocrx_word' id='word_1_686' title='bbox 1703 5220 1845 5282; x_wconf 48' lang='lat' dir='ltr'><strong>Sitne</strong></span> <span class='ocrx_word' id='word_1_687' title='bbox 1880 5213 2273 5295; x_wconf 27' lang='lat' dir='ltr'><strong>imperatorem.</strong></span> <span class='ocrx_word' id='word_1_688' title='bbox 2314 5269 2319 5275; x_wconf 89' lang='lat'><strong>.</strong></span> 
     </span>
    </p>
   </div>
   <div class='ocr_carea' id='block_1_98' title="bbox 690 5313 2258 5392">
    <p class='ocr_par' dir='ltr' id='par_1_98' title="bbox 690 5313 2258 5392">
     <span class='ocr_line' id='line_1_98' title="bbox 690 5313 2258 5392; baseline -0.005 -15"><span class='ocrx_word' id='word_1_689' title='bbox 690 5326 866 5392; x_wconf 84' lang='lat' dir='ltr'><strong>primo</strong></span> <span class='ocrx_word' id='word_1_690' title='bbox 904 5324 1086 5375; x_wconf 82' lang='lat' dir='ltr'><strong>laudat</strong></span> <span class='ocrx_word' id='word_1_691' title='bbox 1108 5313 1394 5392; x_wconf 75' lang='lat' dir='ltr'><strong>Leontius,</strong></span> <span class='ocrx_word' id='word_1_692' title='bbox 1424 5320 1589 5373; x_wconf 87' lang='lat' dir='ltr'><strong>tacito</strong></span> <span class='ocrx_word' id='word_1_693' title='bbox 1622 5328 1799 5371; x_wconf 83' lang='lat' dir='ltr'><strong>tamen</strong></span> <span class='ocrx_word' id='word_1_694' title='bbox 1840 5321 2062 5371; x_wconf 87' lang='lat' dir='ltr'><strong>nomine</strong></span> <span class='ocrx_word' id='word_1_695' title='bbox 2090 5360 2103 5379; x_wconf 85' lang='lat'><strong>,</strong></span> <span class='ocrx_word' id='word_1_696' title='bbox 2138 5334 2258 5391; x_wconf 84' lang='lat' dir='ltr'><strong>cum</strong></span> 
     </span>
    </p>
   </div>
   <div class='ocr_carea' id='block_1_99' title="bbox 692 5404 2263 5481">
    <p class='ocr_par' dir='ltr' id='par_1_99' title="bbox 692 5404 2263 5481">
     <span class='ocr_line' id='line_1_99' title="bbox 692 5404 2263 5481; baseline -0.004 -13"><span class='ocrx_word' id='word_1_697' title='bbox 692 5414 884 5468; x_wconf 82' lang='lat' dir='ltr'><strong>scribit</strong></span> <span class='ocrx_word' id='word_1_698' title='bbox 909 5433 920 5466; x_wconf 94' lang='lat'><strong>:</strong></span> <span class='ocrx_word' id='word_1_699' title='bbox 953 5413 1082 5465; x_wconf 84' lang='lat' dir='ltr'><strong>Inde</strong></span> <span class='ocrx_word' id='word_1_700' title='bbox 1108 5420 1221 5479; x_wconf 84' lang='lat' dir='ltr'><strong>post</strong></span> <span class='ocrx_word' id='word_1_701' title='bbox 1253 5408 1455 5481; x_wconf 84' lang='lat' dir='ltr'><strong>aliquot</strong></span> <span class='ocrx_word' id='word_1_702' title='bbox 1482 5411 1594 5481; x_wconf 80' lang='lat' dir='ltr'><strong>dies</strong></span> <span class='ocrx_word' id='word_1_703' title='bbox 1623 5427 1714 5478; x_wconf 85' lang='lat' dir='ltr'><strong>per</strong></span> <span class='ocrx_word' id='word_1_704' title='bbox 1744 5404 2149 5471; x_wconf 79' lang='lat' dir='ltr'><strong>Constantinum</strong></span> <span class='ocrx_word' id='word_1_705' title='bbox 2176 5427 2263 5477; x_wconf 85' lang='lat' dir='ltr'><strong>pe-</strong></span> 
     </span>
    </p>
   </div>
   <div class='ocr_carea' id='block_1_100' title="bbox 692 5494 2264 5577">
    <p class='ocr_par' dir='ltr' id='par_1_100' title="bbox 692 5494 2264 5577">
     <span class='ocr_line' id='line_1_100' title="bbox 692 5494 2264 5577; baseline -0.004 -17"><span class='ocrx_word' id='word_1_706' title='bbox 692 5506 775 5560; x_wconf 74' lang='lat' dir='ltr'><strong>tiit</strong></span> <span class='ocrx_word' id='word_1_707' title='bbox 810 5507 835 5571; x_wconf 86' lang='lat'><strong>.(</strong></span> <span class='ocrx_word' id='word_1_708' title='bbox 858 5504 1187 5571; x_wconf 75' lang='lat' dir='ltr'><strong>Gregorius)</strong></span> <span class='ocrx_word' id='word_1_709' title='bbox 1218 5494 1292 5556; x_wconf 41' lang='lat' dir='ltr'><strong>ab:</strong></span> <span class='ocrx_word' id='word_1_710' title='bbox 1319 5504 1705 5577; x_wconf 75' lang='lat' dir='ltr'><strong>archiepiscopo</strong></span> <span class='ocrx_word' id='word_1_711' title='bbox 1726 5540 1741 5565; x_wconf 91' lang='lat'><strong>,</strong></span> <span class='ocrx_word' id='word_1_712' title='bbox 1794 5512 1849 5554; x_wconf 89' lang='lat' dir='ltr'><strong>ut</strong></span> <span class='ocrx_word' id='word_1_713' title='bbox 1879 5503 2044 5566; x_wconf 86' lang='lat' dir='ltr'><strong>ipsum</strong></span> <span class='ocrx_word' id='word_1_714' title='bbox 2084 5502 2264 5569; x_wconf 77' lang='lat' dir='ltr'><strong>fausta</strong></span> 
     </span>
    </p>
   </div>
   <div class='ocr_carea' id='block_1_101' title="bbox 691 5592 2263 5665">
    <p class='ocr_par' dir='ltr' id='par_1_101' title="bbox 691 5592 2263 5665">
     <span class='ocr_line' id='line_1_101' title="bbox 691 5592 2263 5665; baseline -0.001 -18"><span class='ocrx_word' id='word_1_715' title='bbox 691 5606 937 5665; x_wconf 81' lang='lat' dir='ltr'><strong>precatus</strong></span> <span class='ocrx_word' id='word_1_716' title='bbox 979 5596 1264 5648; x_wconf 83' lang='lat' dir='ltr'><strong>dimitteret</strong></span> <span class='ocrx_word' id='word_1_717' title='bbox 1299 5597 1413 5651; x_wconf 66' lang='lat' dir='ltr'><strong>:yis</strong></span> <span class='ocrx_word' id='word_1_718' title='bbox 1458 5612 1573 5647; x_wconf 85' lang='lat' dir='ltr'><strong>vero</strong></span> <span class='ocrx_word' id='word_1_719' title='bbox 1606 5592 1913 5664; x_wconf 81' lang='lat' dir='ltr'><strong>Gregorium</strong></span> <span class='ocrx_word' id='word_1_720' title='bbox 1951 5598 2263 5647; x_wconf 81' lang='lat' dir='ltr'><strong>accersitum</strong></span> 
     </span>
    </p>
   </div>
   <div class='ocr_carea' id='block_1_102' title="bbox 694 5684 2262 5756">
    <p class='ocr_par' dir='ltr' id='par_1_102' title="bbox 694 5684 2262 5756">
     <span class='ocr_line' id='line_1_102' title="bbox 694 5684 2262 5756; baseline -0.003 -17"><span class='ocrx_word' id='word_1_721' title='bbox 694 5700 863 5755; x_wconf 74' lang='lat' dir='ltr'><strong>rogat,</strong></span> <span class='ocrx_word' id='word_1_722' title='bbox 902 5701 1202 5756; x_wconf 74' lang='lat' dir='ltr'><strong>exspectare</strong></span> <span class='ocrx_word' id='word_1_723' title='bbox 1234 5689 1351 5741; x_wconf 77' lang='lat' dir='ltr'><strong>velit</strong></span> <span class='ocrx_word' id='word_1_724' title='bbox 1390 5684 1822 5755; x_wconf 83' lang='lat' dir='ltr'><strong>aliquantulum:</strong></span> <span class='ocrx_word' id='word_1_725' title='bbox 1867 5688 2134 5738; x_wconf 77' lang='lat' dir='ltr'><strong>iuinticum</strong></span> <span class='ocrx_word' id='word_1_726' title='bbox 2170 5687 2262 5737; x_wconf 84' lang='lat' dir='ltr'><strong>Im-</strong></span> 
     </span>
    </p>
   </div>
   <div class='ocr_carea' id='block_1_103' title="bbox 695 5772 2266 5829">
    <p class='ocr_par' dir='ltr' id='par_1_103' title="bbox 695 5772 2266 5829">
     <span class='ocr_line' id='line_1_103' title="bbox 695 5772 2266 5829; baseline -0.001 -1"><span class='ocrx_word' id='word_1_727' title='bbox 695 5776 887 5828; x_wconf 86' lang='lat' dir='ltr'><strong>minent</strong></span> <span class='ocrx_word' id='word_1_728' title='bbox 922 5777 975 5827; x_wconf 84' lang='lat' dir='ltr'><strong>in</strong></span> <span class='ocrx_word' id='word_1_729' title='bbox 1005 5775 1172 5828; x_wconf 79' lang='lat' dir='ltr'><strong>medio</strong></span> <span class='ocrx_word' id='word_1_730' title='bbox 1210 5776 1372 5827; x_wconf 85' lang='lat' dir='ltr'><strong>tritici</strong></span> <span class='ocrx_word' id='word_1_731' title='bbox 1402 5772 1674 5829; x_wconf 78' lang='lat' dir='ltr'><strong>catholica:</strong></span> <span class='ocrx_word' id='word_1_732' title='bbox 1707 5774 1953 5828; x_wconf 70' lang='lat' dir='ltr'><strong>Ecclesia</strong></span> <span class='ocrx_word' id='word_1_733' title='bbox 1984 5776 2266 5826; x_wconf 73' lang='lat' dir='ltr'><strong>seminasse</strong></span> 
     </span>
    </p>
   </div>
   <div class='ocr_carea' id='block_1_104' title="bbox 701 5864 2264 5941">
    <p class='ocr_par' dir='ltr' id='par_1_104' title="bbox 701 5864 2264 5941">
     <span class='ocr_line' id='line_1_104' title="bbox 701 5864 2264 5941; baseline 0 -20"><span class='ocrx_word' id='word_1_734' title='bbox 701 5868 909 5921; x_wconf 70' lang='lat' dir='ltr'><strong>sisania</strong></span> <span class='ocrx_word' id='word_1_735' title='bbox 937 5864 1249 5923; x_wconf 72' lang='lat' dir='ltr'><strong>:mandasse</strong></span> <span class='ocrx_word' id='word_1_736' title='bbox 1272 5868 1567 5937; x_wconf 75' lang='lat' dir='ltr'><strong>piissimum</strong></span> <span class='ocrx_word' id='word_1_737' title='bbox 1600 5868 1985 5941; x_wconf 78' lang='lat' dir='ltr'><strong>imperatorem,</strong></span> <span class='ocrx_word' id='word_1_738' title='bbox 2021 5877 2075 5919; x_wconf 85' lang='lat' dir='ltr'><strong>ut</strong></span> <span class='ocrx_word' id='word_1_739' title='bbox 2113 5866 2264 5923; x_wconf 79' lang='lat' dir='ltr'><strong>calic-</strong></span> 
     </span>
    </p>
   </div>
   <div class='ocr_carea' id='block_1_105' title="bbox 2362 4666 3975 4744">
    <p class='ocr_par' dir='ltr' id='par_1_105' title="bbox 2362 4666 3975 4744">
     <span class='ocr_line' id='line_1_105' title="bbox 2362 4666 3975 4744; baseline -0.007 -15"><span class='ocrx_word' id='word_1_740' title='bbox 2362 4670 2610 4744; x_wconf 71' lang='grc' dir='ltr'><strong>Ἐγένετο</strong></span> <span class='ocrx_word' id='word_1_741' title='bbox 2630 4674 2909 4743; x_wconf 62' lang='grc' dir='ltr'><strong>οῐκδνομία</strong></span> <span class='ocrx_word' id='word_1_742' title='bbox 2935 4674 3085 4742; x_wconf 72' lang='grc' dir='ltr'>παρὰ</span> <span class='ocrx_word' id='word_1_743' title='bbox 3112 4672 3205 4726; x_wconf 80' lang='grc' dir='ltr'><strong>τοῦ</strong></span> <span class='ocrx_word' id='word_1_744' title='bbox 3238 4672 3504 4741; x_wconf 74' lang='grc' dir='ltr'><strong>βασιλέως</strong></span> <span class='ocrx_word' id='word_1_745' title='bbox 3539 4666 3975 4721; x_wconf 70' lang='grc' dir='ltr'><strong>Ἰουστινιανοῦ</strong></span> 
     </span>
    </p>
   </div>
   <div class='ocr_carea' id='block_1_106' title="bbox 2362 4755 3991 4837">
    <p class='ocr_par' dir='ltr' id='par_1_106' title="bbox 2362 4755 3991 4837">
     <span class='ocr_line' id='line_1_106' title="bbox 2362 4755 3991 4837; baseline -0.004 -18"><span class='ocrx_word' id='word_1_746' title='bbox 2362 4769 2419 4820; x_wconf 86' lang='grc' dir='ltr'><strong>ὲν</strong></span> <span class='ocrx_word' id='word_1_747' title='bbox 2448 4770 2513 4837; x_wconf 78' lang='grc' dir='ltr'><strong>τῇ</strong></span> <span class='ocrx_word' id='word_1_748' title='bbox 2542 4767 2673 4835; x_wconf 73' lang='grc' dir='ltr'><strong>ἁγίᾳ</strong></span> <span class='ocrx_word' id='word_1_749' title='bbox 2694 4767 2827 4837; x_wconf 73' lang='grc' dir='ltr'><strong>ἕκτῃ</strong></span> <span class='ocrx_word' id='word_1_750' title='bbox 2858 4755 3083 4833; x_wconf 63' lang='grc' dir='ltr'><strong>συνόδῳζ</strong></span> <span class='ocrx_word' id='word_1_751' title='bbox 3114 4764 3241 4819; x_wconf 90' lang='lat' dir='ltr'><strong>Inde</strong></span> <span class='ocrx_word' id='word_1_752' title='bbox 3273 4764 3330 4817; x_wconf 86' lang='lat' dir='ltr'><strong>Iit</strong></span> <span class='ocrx_word' id='word_1_753' title='bbox 3360 4762 3783 4825; x_wconf 85' lang='lat' dir='ltr'><strong>Justinianum,</strong></span> <span class='ocrx_word' id='word_1_754' title='bbox 3818 4770 3991 4813; x_wconf 77' lang='lat' dir='ltr'><strong>ante-</strong></span> 
     </span>
    </p>
   </div>
   <div class='ocr_carea' id='block_1_107' title="bbox 2342 4846 3992 4928">
    <p class='ocr_par' dir='ltr' id='par_1_107' title="bbox 2342 4846 3992 4928">
     <span class='ocr_line' id='line_1_107' title="bbox 2342 4846 3992 4928; baseline -0.004 -18"><span class='ocrx_word' id='word_1_755' title='bbox 2342 4872 2524 4928; x_wconf 67' lang='lat' dir='ltr'><strong>‘quam</strong></span> <span class='ocrx_word' id='word_1_756' title='bbox 2571 4858 2813 4927; x_wconf 72' lang='lat' dir='ltr'><strong>synodus</strong></span> <span class='ocrx_word' id='word_1_757' title='bbox 2847 4857 3254 4925; x_wconf 87' lang='lat' dir='ltr'><strong>dimitteretur,</strong></span> <span class='ocrx_word' id='word_1_758' title='bbox 3294 4856 3407 4923; x_wconf 83' lang='lat' dir='ltr'><strong>jam</strong></span> <span class='ocrx_word' id='word_1_759' title='bbox 3442 4852 3745 4919; x_wconf 80' lang='lat' dir='ltr'><strong>Augustali</strong></span> <span class='ocrx_word' id='word_1_760' title='bbox 3790 4846 3992 4904; x_wconf 68' lang='lat' dir='ltr'><strong>orna-</strong></span> 
     </span>
    </p>
   </div>
   <div class='ocr_carea' id='block_1_108' title="bbox 2324 4944 3991 5017">
    <p class='ocr_par' dir='ltr' id='par_1_108' title="bbox 2324 4944 3991 5017">
     <span class='ocr_line' id='line_1_108' title="bbox 2324 4944 3991 5017; baseline -0.005 -14"><span class='ocrx_word' id='word_1_761' title='bbox 2324 4956 2343 4965; x_wconf 75' lang='lat'>”</span> <span class='ocrx_word' id='word_1_762' title='bbox 2365 4959 2475 5003; x_wconf 91' lang='lat' dir='ltr'><strong>tum</strong></span> <span class='ocrx_word' id='word_1_763' title='bbox 2506 4947 2764 5017; x_wconf 81' lang='lat' dir='ltr'><strong>dignitate</strong></span> <span class='ocrx_word' id='word_1_764' title='bbox 2786 4986 2797 5008; x_wconf 89' lang='lat'><strong>,</strong></span> <span class='ocrx_word' id='word_1_765' title='bbox 2832 4948 2885 4999; x_wconf 94' lang='lat' dir='ltr'><strong>in</strong></span> <span class='ocrx_word' id='word_1_766' title='bbox 2918 4947 3077 5014; x_wconf 86' lang='lat' dir='ltr'><strong>cujus</strong></span> <span class='ocrx_word' id='word_1_767' title='bbox 3106 4947 3335 5015; x_wconf 86' lang='lat' dir='ltr'><strong>gratiam</strong></span> <span class='ocrx_word' id='word_1_768' title='bbox 3386 4945 3722 4998; x_wconf 81' lang='lat' dir='ltr'><strong>Constantia</strong></span> <span class='ocrx_word' id='word_1_769' title='bbox 3755 4944 3957 5013; x_wconf 71' lang='lat' dir='ltr'><strong>Cypri</strong></span> <span class='ocrx_word' id='word_1_770' title='bbox 3980 4984 3991 4999; x_wconf 84' lang='lat'><strong>.</strong></span> 
     </span>
    </p>
   </div>
   <div class='ocr_carea' id='block_1_109' title="bbox 2333 5037 3995 5106">
    <p class='ocr_par' dir='ltr' id='par_1_109' title="bbox 2333 5037 3995 5106">
     <span class='ocr_line' id='line_1_109' title="bbox 2333 5037 3995 5106; baseline -0.004 -13"><span class='ocrx_word' id='word_1_771' title='bbox 2333 5040 2687 5099; x_wconf 57' lang='lat' dir='ltr'><strong>&quot;,Jnstiniauze</strong></span> <span class='ocrx_word' id='word_1_772' title='bbox 2739 5040 2854 5092; x_wconf 77' lang='lat' dir='ltr'><strong>sive</strong></span> <span class='ocrx_word' id='word_1_773' title='bbox 2882 5037 3338 5106; x_wconf 79' lang='lat' dir='ltr'><strong>Justinianopolis</strong></span> <span class='ocrx_word' id='word_1_774' title='bbox 3373 5051 3526 5088; x_wconf 73' lang='lat' dir='ltr'><strong>nova:</strong></span> <span class='ocrx_word' id='word_1_775' title='bbox 3550 5047 3724 5088; x_wconf 83' lang='lat' dir='ltr'><strong>nacta</strong></span> <span class='ocrx_word' id='word_1_776' title='bbox 3756 5050 3995 5088; x_wconf 83' lang='lat' dir='ltr'><strong>nomen</strong></span> 
     </span>
    </p>
   </div>
   <div class='ocr_carea' id='block_1_110' title="bbox 2363 5126 3995 5199">
    <p class='ocr_par' dir='ltr' id='par_1_110' title="bbox 2363 5126 3995 5199">
     <span class='ocr_line' id='line_1_110' title="bbox 2363 5126 3995 5199; baseline -0.005 -14"><span class='ocrx_word' id='word_1_777' title='bbox 2363 5129 2551 5185; x_wconf 87' lang='lat' dir='ltr'><strong>eadem</strong></span> <span class='ocrx_word' id='word_1_778' title='bbox 2590 5130 2641 5182; x_wconf 92' lang='lat' dir='ltr'><strong>in</strong></span> <span class='ocrx_word' id='word_1_779' title='bbox 2675 5128 2912 5199; x_wconf 72' lang='lat' dir='ltr'><strong>synodo:</strong></span> <span class='ocrx_word' id='word_1_780' title='bbox 2931 5129 3103 5196; x_wconf 80' lang='lat' dir='ltr'><strong>Negat</strong></span> <span class='ocrx_word' id='word_1_781' title='bbox 3141 5128 3244 5181; x_wconf 90' lang='lat' dir='ltr'><strong>hoc</strong></span> <span class='ocrx_word' id='word_1_782' title='bbox 3270 5126 3611 5194; x_wconf 81' lang='lat' dir='ltr'><strong>Nicepltorus</strong></span> <span class='ocrx_word' id='word_1_783' title='bbox 3655 5127 3767 5178; x_wconf 87' lang='lat' dir='ltr'><strong>lib.</strong></span> <span class='ocrx_word' id='word_1_784' title='bbox 3820 5141 3995 5179; x_wconf 67' lang='lat' dir='ltr'><strong>xvtt.</strong></span> 
     </span>
    </p>
   </div>
   <div class='ocr_carea' id='block_1_111' title="bbox 2364 5216 3997 5290">
    <p class='ocr_par' dir='ltr' id='par_1_111' title="bbox 2364 5216 3997 5290">
     <span class='ocr_line' id='line_1_111' title="bbox 2364 5216 3997 5290; baseline -0.004 -16"><span class='ocrx_word' id='word_1_785' title='bbox 2364 5236 2485 5290; x_wconf 90' lang='lat' dir='ltr'><strong>cap.</strong></span> <span class='ocrx_word' id='word_1_786' title='bbox 2516 5220 2594 5272; x_wconf 66' lang='lat'><strong>98</strong></span> <span class='ocrx_word' id='word_1_787' title='bbox 2645 5221 2714 5273; x_wconf 89' lang='grc' dir='ltr'><strong>ΙΙ.</strong></span> <span class='ocrx_word' id='word_1_788' title='bbox 2750 5219 2858 5284; x_wconf 84' lang='grc' dir='ltr'><strong>Ε.,</strong></span> <span class='ocrx_word' id='word_1_789' title='bbox 2903 5221 2994 5287; x_wconf 90' lang='lat' dir='ltr'><strong>qui</strong></span> <span class='ocrx_word' id='word_1_790' title='bbox 3046 5222 3112 5270; x_wconf 88' lang='lat' dir='ltr'><strong>ab</strong></span> <span class='ocrx_word' id='word_1_791' title='bbox 3144 5217 3452 5271; x_wconf 74' lang='lat' dir='ltr'><strong>Jtlstittiutto</strong></span> <span class='ocrx_word' id='word_1_792' title='bbox 3497 5216 3515 5269; x_wconf 92' lang='lat' dir='ltr'><strong>l</strong></span> <span class='ocrx_word' id='word_1_793' title='bbox 3565 5232 3784 5270; x_wconf 87' lang='lat' dir='ltr'><strong>nomen</strong></span> <span class='ocrx_word' id='word_1_794' title='bbox 3848 5218 3997 5269; x_wconf 71' lang='lat' dir='ltr'><strong>iilud</strong></span> 
     </span>
    </p>
   </div>
   <div class='ocr_carea' id='block_1_112' title="bbox 2336 5312 3995 5383">
    <p class='ocr_par' dir='ltr' id='par_1_112' title="bbox 2336 5312 3995 5383">
     <span class='ocr_line' id='line_1_112' title="bbox 2336 5312 3995 5383; baseline -0.004 -17"><span class='ocrx_word' id='word_1_795' title='bbox 2336 5314 2789 5383; x_wconf 42' lang='lat' dir='ltr'><strong>,partutn&#39;scribit</strong></span> <span class='ocrx_word' id='word_1_796' title='bbox 2815 5313 3038 5365; x_wconf 86' lang='lat' dir='ltr'><strong>honoris</strong></span> <span class='ocrx_word' id='word_1_797' title='bbox 3061 5328 3191 5380; x_wconf 77' lang='lat' dir='ltr'><strong>ergo</strong></span> <span class='ocrx_word' id='word_1_798' title='bbox 3219 5312 3517 5363; x_wconf 74' lang='lat' dir='ltr'><strong>Tlteodut&#39;u:</strong></span> <span class='ocrx_word' id='word_1_799' title='bbox 3544 5314 3779 5371; x_wconf 75' lang='lat' dir='ltr'><strong>uxoris,</strong></span> <span class='ocrx_word' id='word_1_800' title='bbox 3801 5325 3995 5377; x_wconf 76' lang='lat' dir='ltr'><strong>quam</strong></span> 
     </span>
    </p>
   </div>
   <div class='ocr_carea' id='block_1_113' title="bbox 2364 5400 3998 5473">
    <p class='ocr_par' dir='ltr' id='par_1_113' title="bbox 2364 5400 3998 5473">
     <span class='ocr_line' id='line_1_113' title="bbox 2364 5400 3998 5473; baseline -0.004 -16"><span class='ocrx_word' id='word_1_801' title='bbox 2364 5402 2535 5457; x_wconf 86' lang='lat' dir='ltr'><strong>domo</strong></span> <span class='ocrx_word' id='word_1_802' title='bbox 2560 5404 2811 5473; x_wconf 73' lang='lat' dir='ltr'><strong>Cypriani</strong></span> <span class='ocrx_word' id='word_1_803' title='bbox 2844 5403 3107 5470; x_wconf 80' lang='lat' dir='ltr'><strong>perhibet.</strong></span> <span class='ocrx_word' id='word_1_804' title='bbox 3152 5400 3348 5454; x_wconf 77' lang='lat' dir='ltr'><strong>Verum</strong></span> <span class='ocrx_word' id='word_1_805' title='bbox 3384 5416 3488 5453; x_wconf 89' lang='lat' dir='ltr'><strong>non</strong></span> <span class='ocrx_word' id='word_1_806' title='bbox 3526 5416 3595 5453; x_wconf 87' lang='lat' dir='ltr'><strong>ea</strong></span> <span class='ocrx_word' id='word_1_807' title='bbox 3628 5401 3751 5452; x_wconf 73' lang='lat' dir='ltr'><strong>viri</strong></span> <span class='ocrx_word' id='word_1_808' title='bbox 3778 5412 3998 5452; x_wconf 81' lang='lat' dir='ltr'><strong>aucto-</strong></span> 
     </span>
    </p>
   </div>
   <div class='ocr_carea' id='block_1_114' title="bbox 2367 5495 3992 5563">
    <p class='ocr_par' dir='ltr' id='par_1_114' title="bbox 2367 5495 3992 5563">
     <span class='ocr_line' id='line_1_114' title="bbox 2367 5495 3992 5563; baseline -0.004 -13"><span class='ocrx_word' id='word_1_809' title='bbox 2367 5499 2519 5559; x_wconf 86' lang='lat' dir='ltr'><strong>ritas,</strong></span> <span class='ocrx_word' id='word_1_810' title='bbox 2574 5505 2635 5549; x_wconf 92' lang='lat' dir='ltr'><strong>ut</strong></span> <span class='ocrx_word' id='word_1_811' title='bbox 2667 5496 2743 5547; x_wconf 80' lang='lat' dir='ltr'><strong>vel</strong></span> <span class='ocrx_word' id='word_1_812' title='bbox 2776 5495 3023 5563; x_wconf 86' lang='lat' dir='ltr'><strong>ingratiis</strong></span> <span class='ocrx_word' id='word_1_813' title='bbox 3060 5510 3351 5547; x_wconf 87' lang='lat' dir='ltr'><strong>assensum</strong></span> <span class='ocrx_word' id='word_1_814' title='bbox 3405 5510 3434 5547; x_wconf 86' lang='lat' dir='ltr'><strong>a</strong></span> <span class='ocrx_word' id='word_1_815' title='bbox 3469 5509 3554 5545; x_wconf 86' lang='lat' dir='ltr'><strong>me</strong></span> <span class='ocrx_word' id='word_1_816' title='bbox 3588 5501 3992 5561; x_wconf 64' lang='lat' dir='ltr'><strong>extorquvat.</strong></span> 
     </span>
    </p>
   </div>
   <div class='ocr_carea' id='block_1_115' title="bbox 2366 5583 3993 5653">
    <p class='ocr_par' dir='ltr' id='par_1_115' title="bbox 2366 5583 3993 5653">
     <span class='ocr_line' id='line_1_115' title="bbox 2366 5583 3993 5653; baseline -0.004 -13"><span class='ocrx_word' id='word_1_817' title='bbox 2366 5589 2451 5641; x_wconf 90' lang='lat' dir='ltr'><strong>Ait</strong></span> <span class='ocrx_word' id='word_1_818' title='bbox 2495 5588 2610 5649; x_wconf 88' lang='lat' dir='ltr'><strong>ille,</strong></span> <span class='ocrx_word' id='word_1_819' title='bbox 2646 5586 3014 5649; x_wconf 83' lang='lat' dir='ltr'><strong>Constanti-.e,</strong></span> <span class='ocrx_word' id='word_1_820' title='bbox 3048 5586 3189 5653; x_wconf 84' lang='lat' dir='ltr'><strong>quod</strong></span> <span class='ocrx_word' id='word_1_821' title='bbox 3236 5583 3539 5641; x_wconf 51' lang='lat' dir='ltr'><strong>Theodore:</strong></span> <span class='ocrx_word' id='word_1_822' title='bbox 3581 5585 3739 5651; x_wconf 66' lang='lat' dir='ltr'><strong>Aug.</strong></span> <span class='ocrx_word' id='word_1_823' title='bbox 3796 5598 3993 5636; x_wconf 72' lang='lat' dir='ltr'><strong>cunas</strong></span> 
     </span>
    </p>
   </div>
   <div class='ocr_carea' id='block_1_116' title="bbox 2366 5674 3996 5749">
    <p class='ocr_par' dir='ltr' id='par_1_116' title="bbox 2366 5674 3996 5749">
     <span class='ocr_line' id='line_1_116' title="bbox 2366 5674 3996 5749; baseline -0.004 -18"><span class='ocrx_word' id='word_1_824' title='bbox 2366 5681 2657 5749; x_wconf 65' lang='lat' dir='ltr'><strong>prabuerit</strong></span> <span class='ocrx_word' id='word_1_825' title='bbox 2681 5720 2693 5743; x_wconf 91' lang='lat'><strong>,</strong></span> <span class='ocrx_word' id='word_1_826' title='bbox 2738 5680 2875 5733; x_wconf 87' lang='lat' dir='ltr'><strong>idem</strong></span> <span class='ocrx_word' id='word_1_827' title='bbox 2910 5682 3226 5731; x_wconf 78' lang='lat' dir='ltr'><strong>usuvenissc</strong></span> <span class='ocrx_word' id='word_1_828' title='bbox 3251 5721 3266 5741; x_wconf 91' lang='lat'><strong>,</strong></span> <span class='ocrx_word' id='word_1_829' title='bbox 3316 5686 3484 5745; x_wconf 80' lang='lat' dir='ltr'><strong>atque</strong></span> <span class='ocrx_word' id='word_1_830' title='bbox 3518 5678 3770 5729; x_wconf 71' lang='lat' dir='ltr'><strong>Acbridi</strong></span> <span class='ocrx_word' id='word_1_831' title='bbox 3804 5674 3996 5729; x_wconf 54' lang='lat' dir='ltr'><strong>Iusti-</strong></span> 
     </span>
    </p>
   </div>
   <div class='ocr_carea' id='block_1_117' title="bbox 2368 5765 3993 5839">
    <p class='ocr_par' dir='ltr' id='par_1_117' title="bbox 2368 5765 3993 5839">
     <span class='ocr_line' id='line_1_117' title="bbox 2368 5765 3993 5839; baseline -0.006 -15"><span class='ocrx_word' id='word_1_832' title='bbox 2368 5773 2515 5825; x_wconf 87' lang='lat' dir='ltr'><strong>niani</strong></span> <span class='ocrx_word' id='word_1_833' title='bbox 2557 5772 2695 5839; x_wconf 65' lang='lat' dir='ltr'><strong>Aug.</strong></span> <span class='ocrx_word' id='word_1_834' title='bbox 2730 5771 2937 5839; x_wconf 67' lang='lat' dir='ltr'><strong>pati-im,</strong></span> <span class='ocrx_word' id='word_1_835' title='bbox 2965 5768 3409 5837; x_wconf 76' lang='lat' dir='ltr'><strong>at-chicpiscOpali</strong></span> <span class='ocrx_word' id='word_1_836' title='bbox 3440 5767 3658 5820; x_wconf 71' lang='lat' dir='ltr'><strong>scilicet</strong></span> <span class='ocrx_word' id='word_1_837' title='bbox 3703 5765 3993 5820; x_wconf 69' lang='lat' dir='ltr'><strong>aﬂ&#39;ectam</strong></span> 
     </span>
    </p>
   </div>
   <div class='ocr_carea' id='block_1_118' title="bbox 2368 5857 3991 5932">
    <p class='ocr_par' dir='ltr' id='par_1_118' title="bbox 2368 5857 3991 5932">
     <span class='ocr_line' id='line_1_118' title="bbox 2368 5857 3991 5932; baseline -0.006 -17"><span class='ocrx_word' id='word_1_838' title='bbox 2368 5862 2627 5932; x_wconf 82' lang='lat' dir='ltr'><strong>dignitate</strong></span> <span class='ocrx_word' id='word_1_839' title='bbox 2672 5864 2737 5914; x_wconf 80' lang='lat' dir='ltr'><strong>ab</strong></span> <span class='ocrx_word' id='word_1_840' title='bbox 2771 5858 3075 5916; x_wconf 80' lang='lat' dir='ltr'><strong>Justiniauo</strong></span> <span class='ocrx_word' id='word_1_841' title='bbox 3106 5860 3158 5923; x_wconf 92' lang='lat' dir='ltr'><strong>l,</strong></span> <span class='ocrx_word' id='word_1_842' title='bbox 3199 5862 3343 5929; x_wconf 84' lang='lat' dir='ltr'><strong>quod</strong></span> <span class='ocrx_word' id='word_1_843' title='bbox 3379 5858 3681 5914; x_wconf 73' lang='lat' dir='ltr'><strong>manifeste</strong></span> <span class='ocrx_word' id='word_1_844' title='bbox 3734 5857 3991 5917; x_wconf 56' lang='lat' dir='ltr'><strong>falsum;</strong></span> 
     </span>
    </p>
   </div>
  </div>
