4144 6448
203 370 338 442 1213

1576 389 2108 450 υιδδΕιιΙἈτιο.

3318 392 3459 457 1114

195 501 318 543 cum
361 489 524 561 longe
577 503 702 548 ante
758 507 1002 568 tempore
1045 499 1384 556 Constantia:
1436 504 1781 573 metmpolita
1815 514 1856 568 Α
1891 522 2012 558 nent
2040 507 2104 558 ad
2131 503 2746 576 Justiniauiltcmpora
2769 507 3055 573 elevantis,
3083 521 3264 577 operat
3284 518 3466 565 tamen

195 582 565 651 obtexépalog
599 588 1045 662 archiepiseopus
1072 595 1348 655 audierit,
1381 596 1525 663 quod
1557 613 1586 649 a
1625 597 1784 650 nobis

196 672 654 732 demonstratum.
686 678 740 734 Si
765 682 953 750 lapsus
977 684 1031 736 in
1062 685 1146 738 via
1169 695 1277 740 tam
1307 687 1492 754 plana,
1517 687 1648 756 quid
1683 687 1784 742 mi-

196 778 342 831 rum,
375 769 462 822 ubi
493 771 758 828 salebrze?
780 773 966 845 Neque
991 777 1192 832 desunt
1223 779 1448 843 indicia,
1477 797 1598 849 quze
1623 778 1784 834 Nice-

194 860 354 931 phori
391 863 874 923 hallucinationem
903 869 1182 939 detegant.
1211 871 1502 925 Enimvero
1541 881 1651 926 tres
1682 887 1784 924 nu-

197 966 482 1010 merantur
502 955 826 1016 Justiniana:
861 981 874 1016 :
906 963 1125 1026 Aehris,
1149 979 1268 1030 qua:
1298 962 1317 1016 l
1345 1003 1359 1024 ,
1401 963 1634 1034 Cyprus,
1667 963 1783 1018 sive

195 1045 551 1115 Constantia,
603 1068 723 1120 qua:
777 1052 853 1118 ll,
919 1054 1193 1122 Carthago
1226 1096 1241 1121 ,
1298 1071 1419 1123 qua:
1460 1055 1562 1122 lll,
1606 1071 1782 1125 eoque

197 1137 392 1192 ordine
445 1156 476 1194 a
530 1139 769 1212 Georgio
819 1144 1032 1199 Codino
1081 1156 1469 1215 percensentur
1510 1164 1524 1201 :
1582 1146 1778 1218 Πρώτη

198 1227 556 1303 ἰοδστινιανὴ
601 1235 796 1304 Ἀχρις
819 1277 835 1293 .
876 1236 1107 1309 δτυτέρα
1147 1239 1179 1309 ἡ
1214 1239 1462 1310 Κύπρος,
1492 1241 1587 1294 καὶ
1621 1240 1780 1311 τρίτη

196 1319 231 1390 ἡ
277 1323 602 1394 Καρχηδὼν.
646 1329 938 1384 Aehridem
960 1373 975 1395 ,
1007 1339 1061 1384 et
1089 1330 1472 1402 Carthaginem
1505 1333 1574 1387 ab
1610 1332 1780 1388 Jusri-

197 1415 365 1470 uiano
410 1418 424 1470 Ι
477 1418 675 1472 ιιιινυτη
723 1421 1034 1478 obtinuisse
1092 1439 1291 1478 nomen
1354 1433 1500 1494 patet
1549 1440 1616 1480 ex
1661 1425 1780 1494 ejus

197 1507 378 1561 novel.
414 1525 490 1573 xi,
519 1511 702 1565 coltat.
736 1512 792 1576 2-,
829 1530 884 1570 n.
919 1513 973 1579 6,
1007 1522 1122 1569 tum
1151 1531 1216 1569 ex
1241 1516 1334 1569 lib.
1371 1531 1421 1577 ι,
1463 1531 1512 1570 c.
1545 1516 1623 1570 De
1647 1516 1776 1584 oﬁ'ic.

195 1599 351 1666 priet".
408 1612 562 1668 priet.
622 1602 741 1671 Afr.
805 1602 898 1657 Lis
949 1603 1234 1675 igitur‘de
1284 1621 1389 1659 una
1437 1605 1774 1661 Constantia.

198 1691 363 1760 Atqui
392 1708 514 1746 cum
547 1693 661 1748 haec
706 1696 898 1750 ordine
928 1697 1142 1752 dicatur
1183 1696 1218 1750 2
1243 1736 1258 1761 ,
1300 1713 1423 1751 cum
1466 1713 1496 1752 a
1528 1696 1779 1752 Patribns

202 1799 250 1836 γι
281 1786 476 1854 synodi
513 1804 650 1841 nova
683 1790 988 1858 appellatur
1015 1789 1332 1845 Justiniana
1360 1807 1486 1846 can.
1519 1791 1609 1854 39,
1636 1789 1778 1845 ὥστε

195 1871 295 1943 τὴν
342 1874 470 1927 νέειν
522 1874 1065 1931 Ἰουστινιανούπολιν
1117 1881 1178 1934 τὸ
1229 1880 1437 1934 δίκαιον
1499 1880 1639 1952 ἐχειν
1683 1880 1781 1949 τῆς

199 1962 614 2020 Κωνστειντινου
627 1968 834 2033 πόλεως
853 2015 868 2038 ,
902 1982 956 2024 ut
983 1989 1116 2026 nova
1138 1971 1452 2028 Iustiniano
1472 1974 1563 2043 jus
1591 1972 1780 2027 habeat

201 2054 693 2127 Constantinopolis
717 2101 731 2126 ,
768 2077 875 2116 non
909 2063 1187 2118 immerito
1226 2065 1354 2118 hinc
1388 2064 1646 2128 conﬁcio,
1683 2063 1782 2117 Ju-

199 2148 492 2205 stiniauam
517 2153 719 2208 dictam
746 2154 1217 2211 Constantiam'ab
1239 2156 1551 2213 Justiuiauo
1575 2159 1642 2224 ll,
1673 2173 1781 2213 non

201 2241 242 2296 Ι.
275 2240 333 2297 Si
363 2245 509 2298 enim
536 2245 634 2310 al,
670 2246 812 2302 haud
847 2264 1042 2304 novam
1076 2250 1225 2303 illam
1259 2251 1780 2305 vocassentcoiicilii

199 2333 391 2391 Patres
411 2378 426 2402 ,
459 2339 682 2406 quando
712 2355 830 2394 cam
874 2343 1066 2396 ordine
1102 2345 1436 2412 sequebatur
1463 2343 1737 2411 Carthago
1764 2382 1778 2406 ,

199 2442 320 2495 quia:
350 2443 475 2482 vere
503 2446 662 2498 nova,
697 2431 967 2500 siquidem
1025 2435 1342 2490 Constantia
1375 2435 1443 2488 ab
1469 2432 1780 2488 Justiniano

195 2518 621 2576 ldenominata.
665 2522 821 2589 Quod
853 2525 1029 2594 igitur
1072 2527 1270 2595 synodi
1311 2544 1356 2578 υ
1409 2524 1604 2581 [latras
1635 2527 1778 2580 Cou-o

195 2615 454 2668 stantiam
487 2617 674 2669 dicant.
701 2616 829 2669 vim
863 2617 1410 2671 Ίῡυστινιανυύπολιν
1447 2629 1778 2687 argumento

199 2716 322 2769 est,
362 2723 565 2767 norum
609 2709 742 2762 illud
795 2707 969 2764 fuisse
1000 2726 1236 2776 nomen,
1280 2725 1390 2778 quo
1424 2721 1536 2763 tum
1582 2712 1780 2764 (leuata

199 2781 522 2860 Constantia
550 2840 565 2863 ,
598 2816 829 2869 eamque
864 2801 1071 2858 idcirco
1110 2803 1406 2856 secundam
1438 2804 1641 2856 dictam
1685 2803 1778 2856 Ju-

201 2892 663 2962 stinianam,qu;e
689 2910 876 2946 revera
906 2895 1164 2960 temporis
1192 2903 1438 2963 respectu
1466 2900 1779 2964 tertia.quia

197 2986 376 3053 patria
421 2986 686 3055 Augusti,
750 3001 860 3054 quo
910 3000 1136 3040 nomine
1203 2989 1560 3056 pr:rponenda
1621 2991 1780 3042 "nent

199 3076 546 3146 Carthagini,
572 3079 838 3134 incolumi
874 3087 1129 3132 manente
1163 3080 1383 3132 Achtidt
1411 3078 1730 3133 Justit‘iiana‘
1764 3082 1781 3133 l

201 3176 638 3238 nomenclator-3,
672 3177 799 3245 quia
831 3175 1128 3229 JuStininni
1161 3177 1174 3228 Ι
1223 3181 1418 3244 patria.
1452 3175 1568 3228 Non
1601 3176 1776 3227 solum

205 3267 392 3335 igitur,
425 3268 567 3335 quod
594 3266 939 3320 Jostinianus
972 3265 1009 3318 II
1035 3282 1062 3318 a
1096 3267 1285 3336 synodi
1318 3283 1365 3318 γι
1399 3265 1649 3319 Patribns
1683 3281 1778 3319 vo-

212 3362 375 3413 lucr-it
413 3359 647 3413 dandam
699 3359 865 3430 Cypri
911 3359 1326 3429 archiepiscopo
1375 3359 1781 3427 Hellespontum

207 3453 544 3521 provinciam
578 3467 704 3506 cum
745 3451 1151 3522 αὐτοκεφαλίας
1198 3453 1344 3520 jnrc,
1391 3453 1666 3516 ostendit,
1707 3467 1783 3506 eo

207 3556 322 3600 tum
360 3546 738 3615 temporcjam
772 3545 1082 3614 Augustum
1117 3546 1417 3600 salutatum
1456 3545 1645 3612 illum,
1689 3546 1783 3601 sed

205 3639 374 3693 etiam
425 3639 569 3707 quod
622 3637 690 3692 ab
746 3637 942 3692 iisdem
1001 3639 1253 3692 Patt'ibus
1310 3640 1404 3692 νέα
1471 3640 1784 3691 Ἰουστινια-

206 3733 460 3793 νούπο).ις
489 3740 787 3800 usurpatur
816 3732 1140 3786 Constantia
1171 3775 1185 3793 .
1227 3747 1351 3786 cum
1383 3747 1521 3784 nova
1559 3731 1786 3785 urbibus

212 3826 436 3879 nomina
482 3825 550 3878 al)
587 3824 853 3892 Augustis
887 3825 1316 3893 imponerentur.
1367 3825 1525 3878 Proin
1566 3839 1688 3877 cum
1731 3823 1785 3876 in

211 3919 575 3971 Anastasiana
609 3917 908 3983 Agathonis
954 3919 1062 3971 vita
1101 3917 1371 3986 legimus:
1431 3917 1516 3968 Ito
1563 3917 1788 3968 discidio

214 4008 422 4061 sublato
453 4007 717 4075 (loquitur
747 4022 876 4060 vero
901 4007 967 4058 de
995 4008 1158 4061 rebus
1185 4009 1238 4060 iu
1271 4008 1481 4076 synodo
1505 4006 1786 4072 Trullaua,

213 4101 318 4152 hoc
346 4109 427 4152 est
462 4114 513 4152 vr
547 4098 882 4152 secumenica
911 4099 1079 4166 gestis
1105 4100 1123 4165 )
1192 4099 1436 4168 civilique
1464 4098 1603 4150 inter
1632 4097 1788 4150 Chri-

210 4190 413 4243 stianos
438 4190 570 4244 bello
604 4192 910 4260 composito,
936 4192 1168 4245 Joannes
1193 4194 1462 4258 cpiscopus
1487 4189 1790 4242 Parmensis

211 4283 299 4336 die
322 4281 617 4345 Prisc/tate,
666 4299 842 4335 corum
899 4283 1133 4350 principe
1177 4283 1337 4352 313
1383 4299 1444 4334 ac
1479 4281 1792 4336 Patriam/ia

213 4378 270 4426 in
319 4372 555 4426 Ecclesia
590 4373 758 4427 beata:
813 4371 1025 4442 Sophim
1077 4374 1290 4424 missam
1351 4372 1517 4424 latine
1567 4371 1793 4424 celebrat

211 4468 454 4520 omnibus
484 4466 902 4519 acclamantibus
929 4465 1394 4534 piissimarumque
1439 4464 1622 4517 laudes
1659 4480 1795 4530 pra:-

215 4559 556 4621 dicantibus;
610 4559 777 4611 hosce
832 4557 1108 4626 Augustos
1151 4558 1379 4610 omnino
1442 4557 1794 4624 interpretere
1833 4589 1874 4643 υ

214 4651 641 4707 Constantinum
663 4661 897 4720 patrem,
916 4658 970 4704 ct
1008 4647 1382 4704 Iustinianum
1411 4649 1605 4712 lilium,
1636 4648 1730 4718 qui
1763 4664 1795 4703 a

218 4754 378 4814 patre
437 4743 657 4812 imperii
710 4742 921 4810 collega
972 4742 1319 4796 renuntiatus
1349 4781 1364 4804 ,
1423 4741 1478 4794 in
1527 4743 1793 4810 privatam

219 4839 383 4892 vitam
411 4836 620 4891 abactis
643 4834 894 4889 Heraclio
949 4844 1004 4888 et
1026 4833 1250 4888 Tiberio
1298 4833 1584 4888 fratribus.
1615 4833 1798 4899 Quare

219 4929 364 5000 quod
400 4929 677 4985 Caietanae
711 4927 1000 4984 sententiae
1038 4926 1416 4980 ﬁrmissimum
1448 4934 1566 4979 erat
1596 4923 1794 4979 funda-

221 5030 466 5074 mentum
490 5060 506 5086 ,
539 5019 699 5088 plane
756 5017 970 5071 corruit
998 5057 1013 5079 ,
1055 5030 1178 5068 cum
1207 5013 1550 5068 Justinianus
1579 5054 1593 5076 ,
1635 5029 1796 5082 quem

221 5114 496 5183 praecipue
547 5112 798 5167 nominat
834 5109 1098 5165 Leontius
1135 5117 1188 5162 et
1222 5107 1654 5177 Metaphrastcs,
1692 5122 1799 5160 non

220 5221 452 5274 magnus
500 5205 591 5259 ille
631 5205 915 5259 habendus
943 5245 957 5264 ,
1008 5202 1112 5257 sub
1158 5217 1270 5271 quo
1321 5200 1718 5254 (ect'menicutn
1769 5215 1799 5252 ν

221 5299 516 5351 concilium
553 5307 804 5351 coactum
832 5334 846 5358 ,
885 5297 979 5350 sed
1019 5293 1370 5350 Constantini
1405 5291 1666 5360 Pogonati
1701 5291 1761 5346 F.
1784 5331 1800 5355 ,

220 5405 334 5461 quo
382 5390 435 5444 in
497 5389 649 5460 regni
692 5390 1033 5443 consortium
1088 5403 1117 5441 a
1165 5396 1318 5456 patre
1367 5397 1558 5440 recens
1609 5392 1804 5438 vocato

223 5498 421 5541 magna
449 5483 693 5553 synodus
722 5497 773 5534 vi
807 5480 1077 5536 confecta.

296 5572 487 5628 XXIX.
525 5575 850 5642 Quanquam
901 5573 1055 5642 plura
1097 5585 1204 5624 non
1239 5568 1641 5639 desiderantur,
1697 5580 1806 5633 quo

229 5666 435 5733 liqueat
461 5666 742 5727 omnibus,
773 5663 1095 5733 Gregorium
1125 5663 1227 5716 sub
1255 5660 1566 5714 Justiniano
1593 5658 1636 5711 ll
1663 5656 1807 5710 Coo-

230 5757 459 5811 stantini
492 5759 664 5827 patris
693 5757 900 5827 collega
933 5773 980 5808 vr
1017 5755 1222 5826 synodo
1256 5753 1609 5808 eecanicnica:
1637 5751 1806 5803 inter-

235 5851 431 5913 fuisse,
461 5864 634 5920 eoque
667 5849 889 5906 omnino
910 5848 1304 5919 esplodendam
1332 5844 1576 5900 (Iaietani
1599 5843 1806 5914 opinio-

1887 597 2118 666 pretium
2157 596 2430 652 facturum
2467 611 2554 650 me
2584 597 2749 662 duco,
2787 599 2835 652 si
2881 597 3114 668 reliqua,
3151 613 3274 668 quae
3304 599 3465 656 Gaio-

1888 697 2018 742 tano
2051 688 2304 757 oppositi,
2341 688 2473 741 mihi
2511 703 2619 742 non
2658 705 2812 759 aeque
2845 690 3071 744 adversa
3108 690 3462 747 ostenderim.

1885 781 2062 850 Atque
2093 781 2336 833 omnium
2365 781 2602 850 primum
2621 781 2996 836 characterem
3022 781 3174 836 illum
3194 781 3344 837 feriae
3365 798 3463 849 vn,

1884 889 1994 943 quo
2028 872 2256 943 insignis
2291 873 2406 928 dies
2456 875 2514 927 ll
2567 873 2940 942 Septembris,
2995 889 3121 929 cum
3166 873 3462 942 Gregorius

1884 965 2056 1020 Roma
2091 967 2258 1019 redux
2296 965 2347 1017 in
2377 965 2853 1034 Agrigentinorum
2890 965 3196 1034 emporium
3229 967 3460 1035 appulit,

1883 1073 2066 1113 causa:
2107 1066 2308 1112 nostra).
2357 1065 2691 1110 momentum
2729 1057 2926 1111 addere
2971 1071 3080 1110 non
3131 1058 3264 1120 leve,
3313 1059 3463 1114 dete-

1882 1167 2042 1220 gam;
2087 1165 2318 1219 eamque
2349 1149 2421 1203 ob
2455 1164 2679 1204 causam
2720 1164 2920 1203 novum
2958 1149 3241 1203 instituam
3282 1150 3462 1204 Cano.

1884 1261 2006 1299 llettt
2041 1243 2112 1299 ab
2143 1257 2289 1296 anno
2321 1241 2447 1303 682,
2481 1241 2533 1294 in
2580 1256 2692 1310 quo
2735 1241 2942 1310 primus
2990 1241 3292 1295 absolvitur
3323 1241 3461 1296 Gre-
3517 1234 3521 1238 ’

1882 1336 2020 1407 gorii
2077 1335 2429 1406 pontiﬁcatus
2491 1348 2705 1394 annus,
2765 1332 2831 1385 ad
2891 1331 3025 1391 7H,
3079 1332 3172 1401 qui
3233 1332 3461 1386 ultimus

1879 1429 2176 1483 Justiniani
2222 1427 2265 1481 ll
2314 1430 2476 1496 Aug,
2517 1426 2781 1495 incoque
2820 1433 3078 1489 statuam,
3113 1439 3235 1493 quae
3259 1439 3460 1494 propo-

1881 1522 1989 1578 sito
2023 1531 2214 1576 nostro
2247 1521 2580 1575 conducant.

1952 1616 2054 1668 An.
2089 1616 2217 1669 Chr.

1952 1707 2076 1763 682.
2121 1705 2330 1760 Desinit
2367 1706 2581 1775 Agatho
2628 1704 2688 1758 Ρ.
2739 1703 2811 1759 M.
2843 1703 2933 1758 die
2979 1703 3048 1757 l’J
3078 1703 3320 1758 Januarii
3363 1718 3460 1758 ca-

1883 1801 2100 1870 ruitque
2157 1799 2402 1854 Romana
2447 1799 2690 1854 Ecclesia
2758 1811 3079 1853 successore
3129 1811 3332 1849 annum
3396 1797 3460 1860 l,

1814 1863 1960 1948 Brn.
1995 1863 2126 1956 ᾖα.
2187 1894 2240 1947 5.
2289 1893 2523 1957 (Anast.
2579 1891 2837 1945 Biblioth.
2889 1889 2943 1944 in
2995 1891 3214 1957 Agath.,
3268 1899 3462 1942 auctor

1883 1985 2085 2039 Chron.
2134 1983 2500 2047 Fossaanovae,
2540 1998 2856 2053 quanquam
2903 1991 3050 2038 erret
3083 1983 3136 2034 in
3171 1979 3462 2035 emortuali

1885 2091 2028 2129 anno
2059 2074 2418 2145 designando,
2452 2073 2590 2142 alii.)

1954 2168 2079 2221 685.
2117 2166 2227 2221 Lco
2259 2165 2302 2220 ll
2343 2165 2562 2220 Siculus
2601 2163 2661 2217 P.
2711 2163 2781 2217 Μ.
2817 2171 3034 2216 creatur
3063 2161 3153 2216 die
3182 2161 3260 2214 40.
3289 2161 3455 2231 Aug..

1882 2261 1974 2331 qui
2018 2259 2390 2328 pontificatum
2436 2259 2602 2328 gessit
2648 2271 2720 2310 m.
2771 2254 2860 2322 l0,
2903 2257 2959 2312 d.
3013 2255 3102 2311 18.
3134 2254 3367 2326 (Anast.
3402 2253 3457 2306 in

1885 2353 2077 2420 Leon.)

1954 2445 2080 2499 684.
2122 2445 2230 2498 Leo
2267 2443 2306 2498 ll
2339 2443 2456 2498 obit
2485 2442 2555 2497 23
2591 2442 2762 2507 Junii,
2807 2443 2896 2498 cui
2942 2441 3190 2496 succedit
3221 2447 3343 2510 post
3372 2439 3458 2492 in-

1886 2539 2302 2605 lvt'ptitlliiicilttn
2349 2538 2618 2591 inensium
2660 2538 2714 2600 5,
2761 2536 2818 2590 d.
2886 2537 2973 2600 l8,
3025 2536 3352 2590 Benedictus
3395 2532 3457 2586 Il.

1889 2629 2105 2690 {Lit-ui.)

1955 2724 2078 2775 (38:72.
2111 2721 2340 2778 Moritur
2374 2721 2700 2774 Benedictus
2734 2719 2775 2772 ll
2810 2721 2873 2774 15
2903 2719 3104 2787 Martii,
3131 2721 3291 2790 eique
3314 2719 3461 2774 sulti-

1885 2816 2023 2867 riter
2049 2813 2290 2867 Joannes
2325 2812 2386 2872 ν,
2416 2813 2486 2864 Ξῖ»
2515 2811 2665 2865 Julii.

1953 2905 2076 2960 686.
2133 2905 2344 2958 incedit
2407 2902 2648 2956 Jozmuus
2707 2901 2767 2963 γ,
2832 2901 2895 2956 ’25
2949 2901 3084 2966 Aug.
3143 2894 3460 2967 Composito

1885 2996 2120 3063 partium
2159 2994 2388 3044 dis-siam
2433 2990 2808 3059 pontificatum
2858 2990 2956 3043 init
3004 2993 3196 3043 Conon
3239 2988 3462 3043 Siculus

1886 3087 1943 3140 21
1979 3085 2240 3138 Octobris

1955 3177 2079 3232 687.
2126 3177 2268 3230 Vixit
2304 3178 2492 3229 Conon
2531 3176 2799 3241 usquead
2847 3174 2918 3228 22
2963 3172 3322 3239 Septembris,
3365 3186 3464 3224 ex-

1885 3270 2196 3338 stinctaque
2257 3268 2548 3322 schismate
2597 3265 2655 3319 Ρ.
2709 3265 2773 3317 .‘ii.
2833 3264 3172 3318 renuntiatur
3237 3260 3464 3331 Sergius

1885 3363 1956 3418 Pa
1967 3362 2306 3415 normitanus
2344 3360 2411 3411 18
2453 3359 2784 3412 Decembris.

1955 3452 2079 3506 668.
2158 3493 2169 3502 .

1955 3544 2078 3599 689.
2154 3582 2169 3596 .

1958 3633 2082 3689 69d.
2152 3675 2164 3687 .

1958 3727 2084 3782 691.
2122 3726 2305 3780 Mensis
2354 3723 2572 3778 Octobri
2627 3721 2854 3776 Romam
2904 3718 3124 3788 navigat
3169 3717 3466 3788 Gregorius

1890 3821 2064 3888 stupri
2097 3819 2331 3879 til'lnltts,
2385 3817 2441 3868 l‘.
2477 3815 2617 3868 Max.
2653 3813 2923 3881 judicium
2961 3811 3270 3873 subiturus,
3300 3825 3464 3876 quam

1893 3913 2173 3981 iugi-essm
2221 3907 2513 3960 Novembri
2550 3920 2760 3966 mense,
2815 3904 2998 3972 ibique
3030 3904 3217 3957 statim
3255 3903 3310 3955 in
3341 3916 3465 3956 car-

1892 4016 2045 4056 ceres
2076 3999 2363 4068 conjicitur
2396 4017 2422 4049 a
2459 3996 2670 4061 Sergio.

1961 4093 2087 4146 692.
2156 4133 2166 4142 .

1963 4185 2089 4239 695.

1966 4274 2090 4328 694.
2131 4274 2202 4328 20
2243 4274 2476 4341 Aprilis,
2529 4273 2636 4327 hoc
2690 4283 2773 4326 est
2826 4270 3090 4338 postridie
3147 4269 3468 4332 Paschalis,

1898 4368 2132 4423 concilio
2163 4367 2374 4421 sistitur
2405 4363 2724 4435 Gregorius,
2757 4363 3085 4431 cognitaque
3115 4376 3278 4416 causa
3307 4361 3474 4420 iuno:

1897 4477 2029 4516 cens
2055 4460 2354 4528 iudicatur,
2392 4459 2516 4513 inde
2551 4457 2663 4511 abit
2699 4453 3257 4523 Constantinopolim.

1969 4551 2094 4606 695.
2136 4550 2354 4620 Peragit
2403 4549 2610 4603 Pascha
2641 4544 3154 4609 Constantinoiioli;
3197 4544 3327 4598 hinc
3363 4541 3475 4596 Ro—

1902 4655 2045 4694 mam
2061 4637 2313 4704 discedit,
2328 4652 2437 4706 quo
2453 4636 2698 4704 pervenit
2714 4633 2948 4691 201nm.
2967 4631 3206 4687 Tandem
3223 4632 3289 4692 ad
3309 4633 3476 4692 eccle-

1902 4733 2039 4785 siam
2060 4747 2213 4785 suam
2233 4730 2618 4798 proliciscitur,
2644 4727 2864 4796 adpellit
2884 4727 2950 4780 ad
2975 4725 3335 4795 Acragantem
3372 4725 3478 4778 llu-

1898 4824 2043 4875 vium
2062 4821 2129 4874 lO
2145 4817 2774 4888 Septembris,postridie
2796 4817 2909 4870 abit
2925 4815 2977 4868 in
2992 4814 3478 4885 Agrigentinorum

1898 4914 2223 4980 emporium,
2257 4911 2402 4981 quod
2439 4909 2623 4979 attigit
2651 4909 2962 4964 eademmet
2988 4906 3098 4971 die,
3138 4905 3274 4962 feria
3307 4923 3403 4960 vn.

1971 5006 2082 5062 Hoc
2110 5023 2255 5060 anno
2283 5005 2628 5060 Justinianus
2669 5000 2708 5054 ll
2741 5003 2882 5072 Aug.
2937 5015 3106 5071 regno
3155 5000 3376 5069 pellitur
3411 5000 3482 5052 ab

1901 5100 2149 5160 Leontio,
2183 5112 2370 5151 mense
2394 5095 2560 5150 Julio.
2595 5092 2908 5167 (Theoplu)

1972 5193 2098 5248 696.
2157 5231 2172 5245 .

1972 5286 3481 5341 697............

1972 5377 2098 5430 698.
2138 5375 2462 5429 Absiinarus
2507 5372 2762 5426 Tiberius
2812 5369 2977 5440 Aug.,
3005 5379 3194 5424 exacto
3226 5367 3480 5423 Leontio.

1906 5468 2131 5540 (ιιιρηι.)
2229 5543 2233 5546 ἱ

1977 5561 2100 5615 699.
2165 5601 2179 5614 .

1978 5652 2102 5705 7““.
2165 5691 2178 5701 ο
2292 5658 2306 5702 '-
2431 5691 2444 5704 ο
2561 5691 2575 5704 ο
2693 5691 2706 5704 ο
2819 5689 2834 5702 θ
2952 5688 2965 5700 ο
3081 5687 3093 5698 ο
3211 5686 3224 5698 ο

1982 5745 2102 5799 701.
2138 5745 2364 5814 Sergius
2393 5744 2452 5796 ι’.
2484 5743 2625 5796 Max.
2651 5760 2681 5798 c
2708 5744 2844 5798 viris
2875 5742 3088 5800 excedit
3119 5740 3188 5794 2’9
3211 5735 3472 5799 Octobris

1908 5840 2066 5909 eique
2107 5837 2435 5906 subrOgatur
2472 5833 2705 5893 Joannes
2739 5835 2805 5889 Vl
3446 5822 3472 5842 ”
