4144 6448
726 420 863 483 1215
1610 424 1706 483 DE
1745 424 2005 485 ,ΕΤΑΤΕ
2041 428 2103 486 S.
2133 427 2362 494 GRECd

2330 431 2515 494 i.ORII
2556 433 3076 497 AGRIGENTINI
3856 438 3966 500 1216

791 529 917 583 702.
987 566 1002 583 .
1123 567 1135 588 .
1249 568 1261 586 ς
1381 567 1393 581 .
1515 570 1526 583 .
1641 572 1657 587 .
1770 574 1783 587 .
1898 574 1911 587 .
2029 574 2042 588 .
2159 575 2170 591 .
2287 546 2379 600 ,Α
2414 541 2485 595 ita
2528 549 2587 595 ut
2627 558 2802 598 annos
2836 547 3069 614 prope‘
3106 546 3298 615 procul
3328 547 3396 603 ab
3441 547 3687 603 Ecclesia
3724 562 3834 601 sua
3867 565 3971 601 exe-

796 621 922 676 705.
986 660 1001 675 .
1122 665 1133 676 .
1244 658 1257 675 ,ι
1375 662 1390 675 .
1507 662 1523 677 .
1636 664 1651 679 .
1767 661 1782 678 .
1898 665 1912 678 .
2027 665 2043 681 .
2158 670 2171 683 .
2286 665 2305 684 .
2410 635 2565 704 gerit.
2607 633 2733 689 Haec
2770 652 2837 691 ex
2876 636 3090 691 Leontii
3126 639 3389 693 Historia.
3424 637 3543 693 Jam
3590 639 3662 693 ab
3706 653 3861 692 anno
3898 638 3980 692 682

794 712 920 766 70L
982 749 998 762 ο
1117 749 1132 768 ο
1250 752 1265 767 .
1379 754 1394 769 .
1512 753 1525 767 ι
1639 751 1655 767 ο
1766 754 1783 771 ς
1898 755 1912 769 ι
2031 757 2044 770 ι
2158 756 2173 771 ο
2288 756 2301 770 ι
2408 725 3718 796 ad7il,qniultimusJustinianillannus,Il
3756 731 3979 799 Septem-

793 803 915 857 705.
952 801 1197 857 Joannes
1246 803 1310 856 Vl
1355 805 1466 861 fato
1510 804 1755 874 fungitur
1803 807 1835 857 7
1880 807 2168 876 Januarii,
2215 810 2305 867 cui
2410 816 2522 870 bris
2563 819 2679 873 dies
2720 820 2773 873 in
2826 820 3018 875 feiiam
3076 838 3148 875 vn
3204 824 3436 877 incurrit
3488 839 3634 877 anno
3683 822 3806 877 689
3858 822 3982 892 eyclo

723 895 842 949 Κιλί-
882 894 1092 948 Μῖηίίίδ
1125 897 1371 951 SUCCt'dil
1402 897 1645 951 Joannes
1679 898 1789 953 VH.
2408 908 2541 961 solis
2579 910 2671 973 26,
2709 926 2855 964 anno
2892 912 2999 966 695
3036 912 3188 983 cyclo
3222 914 3357 967 solis
3400 915 3453 977 4,
3500 928 3646 967 anno
3686 911 3810 965 700
3856 912 3982 980 cyclo

790 986 1139 1041 Jnstiuiauus
1178 987 1217 1040 ll
1249 989 1449 1046 iterum
1486 1004 1703 1059 regnat.
2406 1001 2537 1054 solis
2578 1001 2642 1063 9,
2689 1018 2835 1057 anno
2867 1004 2968 1058 706
3014 1006 3168 1075 cyclo
3218 1007 3349 1061 solis
3386 1006 3475 1058 15.
3510 1005 3679 1075 Atqui
3710 1018 3871 1057 anno
3900 1004 3983 1055 689

792 1080 997 1153 70514
1116 1122 1129 1135 .
1248 1120 1263 1135 ε
1378 1120 1391 1133 ι
1508 1120 1524 1136 ι
1638 1121 1703 1158 ._
1766 1120 1781 1135 .
1896 1123 1908 1136 .
2028 1125 2042 1139 .
2158 1127 2171 1139 .
2286 1126 2299 1141 .
2406 1091 2652 1161 Gregorii
2683 1097 2891 1151 reditus
2923 1099 2987 1150 ad
3032 1096 3334 1152 Ecclesiam
3368 1114 3526 1152 suam
3557 1096 3880 1166 adjudicari
3906 1110 3983 1147 ne-

788 1173 895 1230 .70'.’
960 1170 1208 1227 Joannes
1240 1171 1331 1225 Vll
1365 1182 1599 1227 mortem
1632 1174 1742 1227 obit
1784 1173 1849 1226 l7
1884 1173 2140 1231 Octobris
2170 1197 2182 1231 :
2215 1178 2305 1234 die
2406 1184 2561 1253 quit;
2609 1187 2652 1240 si
2696 1190 2841 1241 enim
2880 1204 3136 1244 reversus
3171 1190 3527 1259 Agrigentum
3562 1206 3709 1243 anno
3751 1188 3885 1251 689,
3917 1189 3985 1240 in-

722 1258 1299 1332 sequenti‘surcessor
1327 1266 1549 1336 eligitur
1580 1268 1859 1332 Sisinnus,
1900 1270 1995 1336 qui
2025 1270 2300 1326 hominem
2404 1276 2585 1330 didem
2616 1278 2784 1346 igitur
2814 1280 3068 1335 discessit
3099 1258 3247 1335 anno
3280 1258 3386 1335 685
3421 1292 3680 1343 exeunte,
3718 1280 3985 1348 simulque

720 1357 867 1408 exuit
901 1358 965 1409 t6
997 1356 1357 1423 Novembris;
1405 1368 1518 1411 tum
1564 1358 1635 1411 25
1679 1358 1990 1415 Decembris
2028 1360 2302 1417 Constan-
2399 1368 2669 1438 judicium
2725 1373 2793 1426 de
2854 1388 2921 1427 co
2985 1374 3301 1427 institutum
3368 1374 3635 1442 postridie
3706 1373 3984 1426 Paschalis

721 1449 869 1501 tinus
904 1448 964 1503 P.
1000 1450 1071 1503 Μ.
1110 1452 1399 1505 salutatur.

2403 1463 2533 1516 anni
2569 1463 2693 1517 688.
2736 1466 2805 1517 At
2835 1465 2979 1518 enim
3015 1480 3047 1519 a
3081 1466 3359 1535 pnecipite
3388 1482 3478 1519 an.
3506 1466 3611 1520 685
3644 1467 3713 1518 ad
3742 1464 3861 1518 688
3892 1476 3982 1517 tres

797 1540 925 1595 708.
987 1579 1003 1595 .
1116 1583 1131 1596 .
1245 1581 1259 1595 .
1374 1581 1390 1595 .
1503 1583 1519 1599 .
1635 1583 1649 1596 .
1764 1584 1780 1599 .
1894 1585 1910 1601 .
2026 1586 2041 1601 .
2155 1587 2168 1600 .
2285 1586 2299 1599 .
2404 1566 2766 1609 numerantur
2794 1557 3096 1625 poutilici‘s,
3123 1555 3367 1612 Joannes
3394 1558 3456 1619 ν,
3488 1556 3705 1620 Conon,
3735 1555 3983 1623 Sergius;

795 1626 920 1681 709-
986 1669 1000 1681 -
1116 1670 1128 1682 -
1247 1670 1261 1684 -
1376 1669 1390 1683 ο
1507 1672 1519 1684 -
1636 1670 1651 1685 -
1766 1673 1779 1687 -
1894 1672 1910 1685 ο
2026 1674 2040 1688 -
2156 1676 2169 1689 -
2285 1678 2299 1691 ο
2402 1658 2529 1698 cum
2569 1656 2749 1701 tamen
2788 1648 2892 1701 sub
2927 1664 3037 1701 uno
3067 1649 3338 1701 duntaxat
3371 1645 3677 1715 Gregorius
3720 1656 3779 1699 et
3819 1661 3985 1698 caree-

791 1721 913 1774 7l0.
975 1720 1375 1777 Constantinus
1429 1725 1669 1793 pontifex
1733 1726 1932 1797 migrat
1983 1728 2304 1783 Constanti-
2402 1735 2554 1790 ribus
2595 1736 2886 1803 occlusus,
2945 1747 2999 1791 et
3051 1736 3602 1791 calumniatanilem
3657 1734 3983 1788 vindicatus.

720 1815 983 1882 inepoliin.
2403 1822 2593 1893 Neque
2622 1842 2801 1881 annus
2843 1827 2948 1883 700
2997 1828 3064 1882 ad
3113 1843 3339 1883 causam
3372 1839 3612 1882 nostram
3654 1826 3793 1880 facit
3832 1844 3847 1880 :
3893 1841 3987 1894 quo

793 1906 916 1960 7ll.
960 1909 1102 1961 Idem
1136 1906 1362 1962 Romam
1393 1911 1698 1979 regreditur
1729 1911 1799 1964 24
1825 1911 2098 1967 Octobris.
2131 1913 2302 1982 llnjus
2337 1904 2375 1958 Β
2404 1917 2548 1970 enim
2601 1934 2747 1973 anno
2778 1918 3259 1989 Constantinopoli
3304 1920 3533 1975 Romam
3580 1920 3749 1974 rediit
3796 1918 3983 1986 Gregor

716 2000 845 2050 anni
886 2002 1035 2053 exitu
1063 2039 1077 2063 ,
1123 2000 1207 2054 vel
1250 2002 1537 2070 sequentis
1582 2003 1742 2057 initio
1775 2003 2122 2061 Justinianus
2154 2007 2294 2075 Aug.
2404 2008 2543 2072 rius,
2576 2025 2758 2065 rerum
2798 2013 3108 2081 potiebatur
3134 2013 3481 2069 Justinianus
3524 2012 3597 2077 Il,
3648 2027 3783 2065 cum
3821 2019 3987 2063 tamen

716 2092 1007 2146 occiditur.
2404 2101 2473 2155 ab
2506 2117 2653 2155 anno
2679 2102 2785 2157 698
2819 2106 2884 2159 ad
2931 2106 3033 2160 705
3066 2107 3389 2161 Absimarus
3428 2104 3687 2159 Tiberius
3723 2106 3991 2158 Constan-

790 2184 957 2241 ΧΧΧ.
992 2187 1151 2241 Nunc
1181 2186 1235 2239 in
1269 2187 1588 2240 memoriam
1624 2198 1933 2251 revocetur,
1966 2191 2111 2259 quod
2139 2200 2299 2246 antea
2405 2195 2633 2265 tinopoli
2670 2197 2987 2266 imperaret.
3016 2201 3323 2254 Contumax
3356 2198 3539 2253 itidem
3558 2207 3643 2253 est
3670 2212 3860 2250 annus
3880 2194 3989 2257 706,

719 2279 987 2341 diximus,
1021 2279 1345 2349 Gregorium
1382 2295 1599 2333 menses
1632 2282 1926 2336 admodum
1960 2284 1992 2337 5
2014 2298 2176 2351 supra
2203 2299 2301 2336 an-
2403 2301 2470 2340 ex
2503 2303 2569 2341 eo
2597 2289 2744 2342 enim
2790 2291 2943 2345 lieret
2986 2291 3039 2344 in
3069 2291 3342 2361 judicium
3374 2300 3630 2345 vocatum
3665 2289 3991 2360 Gregorium

720 2386 822 2424 nos
856 2372 890 2423 2
928 2370 1115 2425 Roma:
1166 2388 1195 2426 a
1239 2373 1499 2442 pontifice
1538 2374 1819 2428 detentum
1867 2376 2182 2430 carceribus
2232 2376 2302 2430 ob
2404 2394 2549 2434 anno
2602 2382 2707 2435 .705
2743 2382 2812 2435 ab
2859 2381 3073 2438 Joanne
3109 2382 3234 2449 VII,
3292 2383 3385 2453 qui
3439 2382 3692 2453 pontifex
3748 2383 3995 2434 audierat

718 2464 961 2517 delatum
999 2466 1177 2533 stupri
1224 2466 1344 2534 ejus
1388 2482 1608 2521 nomen.
1641 2467 1801 2521 Certe
1838 2469 2080 2537 quidem,
2113 2485 2238 2523 cum
2270 2483 2301 2521 a
2405 2489 2613 2543 paucos
2655 2485 2782 2531 ante
2816 2477 2955 2541 dies,
3010 2478 3115 2533 hoc
3165 2487 3249 2532 est
3301 2476 3417 2531 Kal.
3464 2476 3704 2537 Martiis.
3761 2491 3895 2529 cum
3938 2490 3996 2526 ει

720 2560 988 2629 Gregorio
1019 2562 1362 2615 sciscitatum
1396 2560 1561 2615 fuerit
1591 2563 1662 2615 ab
1700 2564 1973 2631 episcopis
2010 2564 2217 2632 Cyzici,
2246 2570 2306 2617 et.
2407 2564 2636 2621 Leontio
2669 2568 2971 2633 discamus,
3027 2570 3339 2638 pontificem
3376 2570 3548 2629 illum,
3598 2568 3698 2637 qui
3744 2568 3921 2635 judex
3952 2567 3997 2617 iu

720 2652 993 2714 Corinthi,
1024 2654 1116 2721 qui
1150 2652 1341 2706 Romae
1368 2654 1655 2727 aderant_a
1685 2654 2302 2724 Constantinopolitano
2405 2658 2642 2712 concilio
2669 2658 2909 2727 praefuit,
2946 2660 2999 2712 in
3037 2677 3147 2729 quo
3181 2661 3431 2731 Gregorii
3464 2674 3633 2714 causa
3672 2659 4001 2727 dijudieata,

728 2747 883 2799 missi
918 2744 1234 2813 patriarcha
1274 2744 1385 2813 juri
1429 2744 1669 2798 dicundo
1718 2744 1772 2797 in
1826 2744 2078 2814 Gregorii
2128 2746 2304 2815 ipsius
2409 2764 2520 2803 non
2550 2750 2718 2803 alium
2754 2752 2822 2804 ab
2848 2768 2913 2805 eo
2942 2752 3136 2817 fuisse,
3169 2753 3261 2821 qui
3310 2753 3363 2805 in
3410 2753 3702 2806 custodias
3746 2750 4000 2818 conjecit.

724 2852 917 2900 causa,
945 2847 1080 2905 quot
1107 2851 1285 2890 annos
1314 2836 1368 2889 in
1398 2836 1677 2905 ergastulo
1702 2837 2078 2906 transegisset.
2108 2838 2307 2893 fatetur
2408 2842 2599 2896 Restat
2630 2841 2797 2908 igitur
2825 2859 3003 2898 annus
3031 2843 3155 2908 695,
3188 2845 3281 2912 qui
3328 2844 3493 2897 nullis
3538 2843 3852 2895 intricatus
3900 2856 4003 2893 am-

726 2930 815 2982 ille
848 2943 1025 2982 annos
1068 2928 1125 2991 2,
1173 2943 1391 2981 menses
1430 2928 1482 2981 4.
1524 2927 1632 2981 Sed
1676 2936 1789 2981 tum
1832 2939 2010 3009 tamen
2048 2945 2077 2986 e
2118 2930 2304 2984 Siiilia
2408 2933 2659 3003 bagibus.
2698 2934 2779 2987 Ab
2808 2935 2874 2987 l8
2903 2934 3218 2989 Decembris
3248 2935 3377 2988 anni
3410 2936 3511 2987 687
3543 2934 3609 2987 ad
3644 2934 3723 2986 29
3753 2931 4007 2987 Octobris

723 3022 1001 3075 delatores
1032 3020 1276 3075 nondum
1309 3021 1664 3085 advenerant,
1710 3022 1802 3090 qui
1850 3037 1956 3075 una
2003 3036 2127 3076 cum
2166 3021 2304 3077 Gre-
2409 3024 2535 3077 anui
2570 3023 2675 3077 700
2704 3025 3012 3079 Romanum
3045 3035 3291 3095 gesserat
3321 3024 3712 3095 pontiﬁcatum
3762 3022 4006 3092 Sergius,

726 3114 882 3193 gnrio
918 3115 970 3167 in
995 3115 1265 3184 judicium
1302 3114 1554 3169 vocandi.
1607 3116 1675 3168 At
1709 3130 1831 3169 cum
1860 3117 1976 3169 dies
2003 3116 2220 3169 tandem
2253 3125 2306 3170 et
2409 3116 2685 3185 simulque
2715 3116 2781 3170 ad
2813 3132 3057 3171 mensem
3090 3115 3293 3170 Julium
3332 3117 3460 3170 anni
3496 3116 3605 3171 695
3646 3116 3709 3169 in
3736 3114 4010 3169 Constan-

727 3206 1013 3276 Gregorio,
1040 3218 1095 3261 et
1121 3207 1559 3269 accusatoribus,
1586 3214 1640 3261 et
1668 3206 2035 3270 muliercula,
2068 3221 2303 3275 quacum
2334 3193 2803 3296 C'tinopolitanos
2842 3223 2931 3262 res
2974 3208 3290 3263 dominatus
3333 3205 3695 3262 Justiniauus
3758 3206 3803 3260 ll
3830 3245 3844 3266 ,
3880 3205 4015 3258 unde

732 3295 1028 3350 conﬁctam
1080 3295 1451 3357 consuevisse.
1483 3294 1649 3358 dicta,
1692 3294 1836 3349 dicta
1886 3309 2014 3349 vero
2041 3295 2309 3363 postridie
2332 3294 2361 3331 Γ
2404 3299 2672 3370 intelligis
2694 3339 2707 3361 ,
2761 3315 2927 3368 quam
2961 3299 3128 3355 nullis
3158 3299 3454 3368 impeditus
3484 3298 3555 3353 sit
3586 3298 4015 3352 diﬁicullalibus

730 3389 1041 3454 Paschatis,
1078 3388 1454 3457 impurissima
1487 3388 1578 3441 illa
1613 3384 1833 3449 mulier,
1864 3402 1985 3456 quae
2014 3388 2158 3440 malo
2201 3387 2311 3441 daa-
2410 3390 2903 3459 Ghronologismus
2936 3400 3144 3445 noster.
3198 3391 3355 3444 Patet
3406 3389 3553 3443 enim
3590 3398 3803 3463 exacta
3838 3387 4015 3441 omnia

730 3494 889 3533 mone
929 3480 1177 3533 districta
1210 3479 1373 3548 paulo
1435 3486 1563 3533 ante
1606 3493 1773 3549 quam
1814 3478 2115 3549 Gregorius
2154 3479 2312 3549 Agri-
2412 3480 2515 3533 sub
2544 3494 2658 3533 uno
2688 3479 2949 3548 pontifice
2994 3478 3212 3550 Sergio,
3254 3492 3491 3548 vereque
3513 3477 4019 3545 Constantinopoli

729 3584 893 3640 geuto
940 3571 1179 3625 solveret
1242 3570 1473 3624 Romam
1525 3570 1930 3639 perducendus,
1970 3584 2201 3639 qua-que
2244 3585 2312 3635 eo
2413 3570 2594 3624 adhuc
2638 3571 2941 3639 imperasse
2977 3569 3352 3623 Justinianum
3402 3568 3468 3635 ll,
3519 3584 3653 3623 cum
3707 3569 3848 3622 inde
3896 3567 4021 3621 Gre-

732 3664 852 3732 ipso
882 3662 993 3725 die,
1035 3676 1145 3729 quo
1190 3673 1245 3715 et
1294 3661 1623 3731 Gregorius,
1657 3672 1711 3715 et
1744 3661 2046 3724 delatores,
2095 3670 2151 3714 et
2194 3660 2311 3730 ipsa
2413 3664 2599 3733 gorius
2640 3663 2887 3725 recessit,
2920 3662 3149 3716 Romam
3187 3664 3479 3730 petiturus.
3526 3658 3673 3712 Nam
3725 3660 3776 3712 si
3814 3674 4023 3728 negres-

734 3757 874 3808 adeo
903 3755 1138 3809 concilio
1165 3752 1333 3823 315
1367 3753 1646 3817 adstitere,
1684 3752 1829 3807 fassa
1864 3754 2077 3808 tandem
2105 3754 2314 3808 calum-
2413 3770 2507 3809 sus
2544 3754 2771 3809 Romam
2802 3752 2865 3807 2l
2898 3752 3048 3816 Julii,
3098 3751 3571 3819 ConstantinOpoli
3604 3750 3916 3819 profectus
3954 3760 4026 3803 est

734 3848 905 3909 niam,
943 3846 1191 3916 Gregorii
1233 3847 1489 3916 precibus
1525 3846 1637 3899 Deo
1676 3846 1873 3901 solutis
1903 3846 2148 3898 daemone
2182 3845 2314 3898 libe-
2415 3862 2600 3901 mense
2649 3848 2935 3900 minimum
2986 3847 3191 3907 Junio,
3244 3859 3371 3897 cum
3422 3855 3610 3897 tamen
3661 3841 4028 3896 Justinianus

732 3949 909 4000 ratur,
948 3939 1171 4007 planum
1197 3937 1454 3991 omnibus
1480 3936 1629 3999 fecit,
1660 3952 1718 3991 se
1742 3952 1917 3991 annos
1936 3937 1990 4002 2,
2016 3952 2235 3990 menses
2257 3936 2312 3999 6,
2416 3939 2645 4009 imperio
2671 3939 2862 4008 pulsus
2898 3939 2965 3992 ab
3004 3937 3234 3991 Leontio
3276 3950 3463 3989 mense
3494 3934 3672 3988 Julio.
3706 3936 3813 4007 ⁸Εη
3869 3936 4031 4004 igitur

736 4041 877 4084 tetro
921 4031 1081 4100 genio
1106 4038 1434 4097 correptam,
1461 4045 1571 4098 quo
1599 4040 1707 4083 tam
1741 4029 1963 4096 perdita:
1997 4028 2314 4096 imposturae
2415 4045 2516 4100 pro
2546 4032 2702 4084 nobis
2732 4032 2857 4084 unis
2894 4039 3128 4084 stantem
3158 4030 3531 4081 characterem
3564 4027 3734 4079 illum
3770 4027 3938 4080 feriae
3965 4042 4031 4075 ιιι

734 4138 929 4191 ptenas
964 4124 1156 4176 lueret.
1196 4122 1309 4188 Age
1342 4122 1529 4191 igitur,
1585 4122 1629 4173 si
1678 4119 1836 4175 furiis
1876 4121 2077 4189 agitata
2115 4120 2313 4173 femina
2415 4137 2541 4176 cum
2579 4123 2635 4175 ll
2679 4121 3014 4191 Septembris
3044 4120 3460 4181 concurrentis,
3496 4117 3592 4184 qui
3618 4158 3631 4179 ,
3671 4118 3761 4170 uti
3792 4118 4037 4171 demon-

740 4230 916 4268 annos
953 4214 1010 4276 2,
1054 4228 1269 4266 menses
1312 4212 1365 4275 6,
1423 4212 1468 4266 si
1499 4221 1657 4280 capta
1695 4212 1801 4266 illis
1832 4211 1992 4280 paulo
2024 4221 2312 4279 antequam
2417 4214 2735 4277 stravimus,
2774 4214 2825 4265 in
2856 4210 3152 4266 Justiniani
3189 4211 3204 4263 l
3236 4212 3396 4264 annis
3422 4208 3679 4263 Gaietani
3730 4211 4037 4263 sententia

737 4307 1037 4375 Gregorius
1064 4303 1293 4357 Romam
1326 4288 1838 4369 navigaret,exime
1875 4317 2115 4356 mensem
2146 4317 2312 4355 unum
2418 4320 2699 4373 nunquam
2739 4304 3091 4374 suffragatus.

738 4413 803 4448 ex
846 4411 965 4458 sex,
1024 4394 1119 4463 qui
1166 4394 1300 4448 satis
1349 4394 1645 4448 admodum
1694 4394 1764 4448 sit
1819 4396 2097 4449 maritimo
2134 4395 2315 4449 itineri
2490 4392 2706 4446 XXXII.
2743 4392 2832 4457 At,
2871 4392 3122 4461 inquies,
3176 4390 3222 4445 si
3271 4405 3419 4444 anno
3455 4390 3562 4444 695
3609 4387 4038 4443 Constantino-

740 4487 1103 4547 ('oiiiiciendo,
1154 4496 1524 4553 apparetque,
1582 4484 1905 4553 Gregorium
1947 4486 2313 4552 mancipatum
2419 4488 2529 4556 poli
2577 4486 2859 4555 digressus
2909 4483 3208 4552 Gregorius
3257 4482 3483 4535 dimidia
3519 4482 3823 4549 Agrigenti
3884 4494 4039 4550 parte

745 4580 930 4651 liomze
963 4578 1280 4631 carceribus
1340 4591 1515 4630 annos
1538 4575 1592 4638 2,
1618 4592 1834 4631 menses
1865 4575 1917 4629 5.
1938 4577 2117 4643 Atque
2137 4575 2315 4629 isthuc
2345 4568 2393 4626 ι)
2421 4581 2660 4633 donatus
2688 4578 2756 4630 ab
2789 4577 2918 4645 imp.
2952 4574 3267 4628 Justiniano
3302 4572 3369 4635 ll,
3407 4573 3550 4625 unde
3582 4584 3866 4639 sumptus
3909 4588 4039 4640 sup»

745 4680 859 4733 est,
912 4669 1055 4739 quod
1094 4678 1279 4721 nostra
1318 4669 1369 4721 in
1404 4683 1571 4721 causa
1612 4676 1831 4721 maneat
1861 4683 2105 4731 necesse,
2144 4682 2318 4735 eoque
2421 4678 2664 4740 peterent
2700 4683 2843 4721 novo
2888 4667 3127 4734 templo,
3186 4663 3543 4734 episcopique
3599 4661 3804 4714 domui
3855 4662 4039 4714 aditi-

747 4761 969 4813 evidens
1007 4758 1189 4822 confit,
1247 4759 1618 4812 characterem
1677 4758 1829 4810 illum
1896 4757 2049 4811 feriae
2078 4772 2201 4829 'vn,
2266 4758 2318 4823 in
2422 4764 2633 4824 caudis,
2667 4776 2839 4829 ecqua
2875 4761 2963 4812 illa
3002 4760 3271 4827 Augusta,
3301 4771 3423 4826 qua:
3455 4755 3556 4808 viri
3581 4755 3865 4809 aemulata
3907 4756 4038 4807 liba»

750 4866 913 4919 quam
957 4850 1143 4902 incidit
1190 4849 1246 4901 ti
1303 4848 1641 4917 Septembris
1690 4849 1829 4908 dies,
1871 4863 1978 4915 quo
2031 4848 2323 4916 Gregorius
2374 4852 2383 4861 ’
2424 4855 2717 4913 ralitatem,
2745 4861 2800 4905 et
2837 4868 2934 4906 sua
2968 4852 3177 4906 addidit
3206 4847 3471 4916 Gregorio
3506 4860 3767 4908 munera,
3811 4846 4040 4899 scilicet

750 4941 816 4994 ad
871 4938 1348 5007 Agrigentinorum
1389 4938 1696 5006 emporium
1740 4938 2001 5006 pervenit,
2044 4938 2098 4990 in
2151 4953 2324 4993 unum
2425 4942 2801 5012 amplissima?
2854 4940 2951 4995 Hic
2996 4949 3149 4993 certe
3197 4940 3399 4999 haereo,
3450 4950 3575 4989 cum
3622 4950 3717 4987 me
3753 4936 4043 4987 destituat
4134 4962 4137 5012 in

752 5046 953 5092 annum
989 5030 1090 5083 695
1126 5045 1477 5091 concurrere,
1513 5044 1671 5096 quem
1726 5027 1931 5081 frustra
1987 5029 2040 5080 in
2077 5028 2323 5084 Caietaui
2408 5028 2679 5091 mswria.
2710 5034 3046 5087 Memor-amr
3065 5032 3289 5101 quidem
3321 5039 3434 5082 tum
3467 5028 3738 5095 temporis
3769 5027 4040 5094 Augusta

751 5122 1207 5189 (iltrolmlogislno
1239 5121 1689 5189 PN‘QUiSiViIIIUS-
2310 5136 2313 5137 ⁷
2356 5128 2359 5129 ⁷
2430 5129 2736 5191 Anastasio,
2782 5128 2873 5180 sed
2922 5141 3044 5194 quze
3078 5135 3261 5177 tamen
3314 5119 3611 5173 Justiniani
3666 5128 3893 5180 mater,
3938 5131 4042 5167 non

824 5212 1013 5267 XXXI.
1038 5214 1207 5266 Porro
1227 5213 1523 5281 Gregorius
1539 5213 1854 5265 carceribus
1871 5212 2121 5267 addictus
2143 5212 2328 5267 Romae
2431 5237 2587 5275 uxor.
2631 5220 2955 5274 Perhibetur
2989 5218 3153 5271 etiam
3192 5211 3495 5267 Justiniani
3527 5208 3741 5277 conqu
3771 5210 4044 5276 Augusta

757 5306 958 5358 mansit
1002 5306 1103 5357 sub
1142 5321 1272 5367 uno,
1308 5304 1455 5373 quod
1492 5313 1616 5357 ante
1651 5305 1908 5365 vidimus,
1948 5306 2203 5373 pontifice
2231 5321 2329 5358 an-
2431 5313 2740 5375 Theodora,
2781 5310 3023 5379 Chagani
3053 5306 3335 5361 Ghazarize
3367 5318 3546 5363 soror,
3584 5301 3680 5355 sed
3716 5317 3859 5355 eam
3888 5302 4047 5353 dum

758 5417 858 5453 nos
892 5400 925 5449 2
949 5437 964 5460 ,
1002 5414 1215 5451 menses
1270 5397 1322 5449 5.
1378 5396 1454 5449 lix
1499 5395 1717 5449 concilii
1763 5400 2030 5449 sententia
2065 5396 2330 5450 innocens
2434 5418 2579 5457 anno
2600 5402 2724 5467 705,
2750 5418 2873 5455 eum
2910 5414 3081 5468 regno
3114 5397 3414 5455 exsularet.
3446 5394 3479 5446 6
3504 5408 3718 5447 annum
3751 5391 4049 5446 Consult-

753 5492 1035 5561 jUdiCulUS
1086 5488 1350 5558 POSiI'idie
1415 5485 1736 5550 PaSChaliS,
1794 5484 2329 5554 COIISlallliUOPUIiIII
2435 5494 2659 5563 tumpoli
2698 5501 2962 5555 regnante
2996 5489 3288 5542 Ahsimaro
3328 5484 3574 5545 Tiberio,
3618 5482 4047 5545 coronaﬁtqu':

760 5584 920 5652 paulo
951 5590 1075 5649 post:
1108 5580 1490 5648 proficiscitur,
1531 5579 1619 5633 ubi
1648 5577 1856 5631 Pascha
1887 5580 2144 5638 Celebrat,
2178 5578 2334 5631 inde—
2437 5600 2544 5639 una
2576 5600 2699 5637 cum
2742 5583 2964 5634 Tiberio
3011 5579 3069 5632 Ρ,
3104 5594 3249 5633 anno
3278 5576 3409 5637 705.
3439 5591 3551 5644 quo
3588 5575 3845 5642 ίιιιρειοῑα
3884 5587 4051 5627 res“-

760 5688 865 5742 que
901 5681 1157 5739 regnante
1190 5673 1370 5723 adhuc
1394 5670 1707 5723 Justiniano
1732 5668 1767 5721 Il
1796 5668 2022 5721 Romam
2061 5669 2194 5731 abit,
2222 5685 2333 5738 quo
2438 5686 2589 5730 tutus
2646 5674 2928 5743 (Theoph.
2985 5673 3040 5725 in
3092 5668 3423 5737 Clirnnogr.)
3477 5667 3724 5734 sumptis
3784 5682 3942 5719 cum
3999 5672 4053 5713 με

762 5765 1007 5834 pervenit
1039 5766 1107 5817 20
1141 5762 1292 5825 Julii,
1338 5771 1501 5831 atque
1540 5762 1664 5815 hinc
1720 5763 1770 5815 in
1827 5761 2066 5814 Siciliam
2117 5764 2335 5817 solvens
2441 5766 2689 5828 Leontio,
2730 5777 2843 5818 turn
2878 5766 2946 5818 de
2981 5764 3274 5816 Absimaro
3310 5759 3598 5828 suppliciis
3625 5800 3638 5823 ,
3685 5773 3834 5811 sane
3885 5772 4054 5824 quasi

762 5852 1242 5926 Agrigentinorum
1286 5852 1431 5908 subit
1486 5854 1791 5922 emporium
1826 5853 1889 5917 ,Η
1956 5854 2334 5922 Septembris,
2443 5856 2744 5913 horrendis.
2779 5854 2916 5921 Quid
2969 5853 3167 5925 igitur"
3215 5850 3457 5920 nunquid
3508 5848 3563 5903 in
3626 5850 3913 5904 eamdem
3984 5852 4057 5898 ως

608 6070 949 6185 ἢ
