4144 6448
224 405 324 463 εοττ
1545 392 1586 447 ι)
1606 391 1805 448 sris»;
1830 389 1949 446 in

3309 386 3441 449 1218

213 523 369 585 κυίδῆ
407 527 643 578 nassam,
681 519 837 580 atque
863 503 1213 564 Caietanus?
1265 503 1371 560 Sed
1405 505 1546 567 Vide,
1604 519 1767 573 qnam

1881 516 2022 551 κελαι
2057 509 2232 569 ιῑτιψιι·
2270 500 2494 562 δέίείοίε,
2539 499 2815 554 (Ϊλίιιὺι-ἰαν.
2863 510 3158 567 sanctaque
3186 497 3447 558 Sererinai

212 609 354 665 facile
395 608 694 666 «labamur,
741 601 883 671 quod
913 597 1184 652 Caietano
1211 613 1319 652 non
1354 596 1601 662 contigit.
1635 594 1769 659 Quis

211 701 304 756 sibi
338 698 581 757 suadeat,
610 693 983 748 Iustinianum
1015 689 1160 744 hunc
1193 689 1261 742 ab
1300 702 1442 742 anno
1478 686 1582 740 085
1605 727 1618 748 ,
1661 701 1771 754 quo

211 792 350 848 solus
389 802 617 857 regnare
656 785 824 851 cmpit
867 783 1138 836 exstincto
1184 787 1337 848 patre
1383 777 1772 841 Constantino,

209 889 260 935 et
284 879 500 949 quidem
543 882 674 929 natu
703 872 818 942 jam
859 871 1144 941 grandem,
1195 870 1259 922 ad
1291 867 1414 925 695.
1466 883 1576 935 quo
1626 867 1775 934 regio

211 981 402 1026 exutus
449 970 677 1038 imperio
730 982 762 1020 a
807 965 1057 1028 Leontio,
1104 963 1314 1016 nullum
1349 961 1538 1014 iniisse
1586 960 1777 1027 conju-

212 1063 373 1133 giuni,
426 1068 775 1128 exspectasse
838 1056 1054 1110 tandem
1103 1054 1400 1116 exsilium,
1454 1068 1564 1122 quo
1625 1050 1777 1104 tzrdis

210 1153 587 1221 capillaretur?
633 1147 740 1204 Sed
783 1150 930 1202 enim
965 1162 1088 1202 cum
1141 1143 1485 1199 Iustinianus
1535 1143 1552 1196 l
1597 1142 1778 1196 Theo-

209 1245 338 1298 dora
380 1246 652 1302 viduatus,
689 1256 892 1296 annum
928 1238 1123 1308 agebat
1157 1237 1262 1301 66,
1304 1238 1440 1291 vixit
1483 1238 1628 1291 enim
1679 1251 1778 1289 an-

212 1349 306 1388 nos
338 1334 428 1392 82.
472 1333 718 1403 regnavit
748 1332 838 1395 '58,
875 1345 1090 1384 menses
1117 1329 1172 1394 7,
1198 1329 1314 1383 dies
1341 1327 1426 1390 10,
1462 1337 1647 1396 erepta
1675 1325 1775 1379 sibi

211 1424 320 1480 lato
356 1426 643 1479 The-odora
699 1438 846 1478 anno
887 1424 1035 1493 regni
1068 1422 1152 1477 sui
1187 1421 1276 1484 ἢ,
1313 1431 1370 1475 ut
1411 1436 1472 1474 ea
1525 1422 1578 1473 in
1621 1428 1778 1473 aetate

211 1532 336 1570 vero
369 1517 594 1586 propius
625 1530 733 1570 non
764 1514 856 1579 sit,
893 1515 1109 1584 nuptias
1139 1529 1451 1568 renovasse.
1505 1511 1685 1578 Quare
1720 1521 1779 1566 ut

213 1609 596 1663 historicorum
654 1607 932 1662 silentium
985 1606 1051 1659 de
1091 1619 1231 1658 nova
1282 1612 1402 1672 post
1429 1603 1773 1656 Tlirodotant

211 1698 450 1767 Augusta
483 1695 780 1752 Iustiniani
819 1696 836 1749 I
879 1697 1019 1750 favet
1053 1695 1323 1760 viduitati,
1380 1694 1435 1748 in
1473 1710 1603 1763 qua,
1650 1695 1776 1748 sub-

211 1791 314 1845 lata
361 1790 463 1844 sibi
513 1788 821 1852 'l‘beodora,
865 1787 934 1842 ad
986 1794 1212 1840 mortem
1263 1801 1438 1856 usque
1489 1789 1776 1848 manserit,

1873 591 2019 643 sedes
2050 593 2232 642 throno
2260 592 2852 656 Cons-tantirtopnlitttno
2889 610 2920 646 a
2964 591 3195 646 Romano
3225 597 3442 654 arulur,

1872 699 1988 734 cum
2013 683 2568 750 Barbaritleprelnwso
2587 701 2724 751 papa
2750 685 2968 737 Romam
2991 687 3214 752 spolium
3245 686 3445 754 fartam

1873 775 1927 826 in
1977 777 2217 843 proprios
2272 793 2395 827 usus
2451 785 2857 840 converterunt,
2907 777 3346 845 quemadmodum
3398 786 3448 828 et

1875 864 2032 920 Creta
2073 866 2168 919 sub
2205 866 2442 919 Iiornano
2477 884 2594 920 tum
2643 878 2814 927 esset,
2870 867 3452 934 Constantinopolitani

1875 955 2024 1024 facta
2062 968 2163 1010 est.
2206 956 2566 1032 Nihilominus
2598 958 2838 1026 pontifex
2868 956 2992 1008 t'iles
3027 959 3285 1025 quasdam
3320 975 3449 1024 par-

1876 1058 1950 1101 tes
1974 1089 1987 1108 ,
2020 1059 2068 1101 et
2110 1049 2447 1117 episcopatus
2482 1049 2761 1099 nonnullos
2793 1049 2846 1099 in
2879 1046 3090 1108 Sicilia,
3121 1058 3170 1099 et
3199 1049 3449 1102 Calabria

1878 1141 2065 1194 habere
2093 1143 2534 1208 deprchrmlitur;
2571 1140 2881 1208 metropoles
2909 1141 3072 1202 enim,
3117 1149 3167 1193 et
3214 1141 3365 1193 urbes
3397 1145 3449 1193 in

1877 1233 2056 1286 eadem
2085 1234 2403 1287 illustriores
2431 1254 2492 1288 ac
2539 1237 2804 1305 digniores
2823 1232 3450 1296 Constantinopolitanae

1877 1325 2174 1392 possidebat
2203 1343 2363 1393 usque
2387 1329 2453 1379 ad
2479 1325 2812 1380 Francorum
2841 1327 3142 1378 adventum.
3183 1325 3272 1378 Sic
3293 1328 3450 1378 etiam

1877 1419 1930 1471 in
1966 1417 2329 1486 Longobardiu
2364 1422 2379 1482 ι’
2403 1421 2504 1473 hoc
2541 1430 2644 1485 est,
2682 1416 3124 1489 translyberina)
3155 1428 3203 1471 et
3234 1417 3450 1482 Apulia.

1876 1521 1926 1564 et
1972 1515 2025 1564 in
2058 1514 2296 1565 omnibus
2346 1515 2411 1568 iis
2476 1514 2774 1582 regionibus
2826 1513 3088 1565 maximas
3141 1511 3454 1578 metropoles

1879 1616 2001 1658 ante
2047 1608 2346 1674 pas-sithliat
2387 1606 3035 1675 Constantinopolitanus,
3087 1605 3314 1674 reliquis
3345 1599 3452 1658 lio-5

1880 1714 2088 1759 manus,
2133 1709 2186 1750 ut
2247 1699 2476 1766 regiones
2531 1699 2639 1752 illa:
2672 1715 2764 1766 per
2793 1709 2968 1765 partes
3017 1699 3454 1765 possiderentur;

1883 1805 2105 1860 namque
2127 1793 2360 1844 ntelodus
2385 1807 2446 1844 ac
2473 1801 2626 1858 poeta
2643 1793 2888 1844 dominus
2908 1789 3120 1843 Marcus
3141 1807 3171 1843 a
3190 1789 3456 1844 Constan-

210 1881 282 1936 ita
317 1880 527 1935 nullum
558 1880 720 1936 nobis
755 1879 978 1935 facessit
1009 1879 1308 1949 negotium,
1353 1879 1648 1948 quominus
1681 1893 1778 1947 pu-
1813 1858 1852 1912 Β
1886 1882 2240 1947 tinopolitano
2271 1884 2466 1936 missus
2509 1885 2676 1950 fuisse
2716 1883 3062 1950 comperitur.
3110 1880 3243 1935 Cum
3278 1891 3456 1935 autem

210 1983 406 2038 temus,
460 1987 568 2027 non
619 1973 858 2039 unicam,
913 1986 1023 2026 non
1086 1971 1320 2040 primam
1370 1969 1683 2024 Iustiniano
1735 1969 1778 2022 ll

210 2074 434 2133 nuptam
462 2063 830 2128 Theodoram,
885 2078 1063 2134 neque
1118 2064 1263 2118 hunc
1313 2063 1565 2118 etelibem
1615 2064 1778 2116 vitam

209 2154 431 2208 duxisse
461 2155 526 2208 ad
555 2168 758 2207 annum
800 2168 973 2223 usque.
1017 2152 1144 2218 705,
1177 2168 1288 2222 quo
1318 2153 1491 2208 aetatis
1525 2167 1782 2208 numera-

211 2244 304 2299 bat
329 2245 418 2306 54.
454 2245 679 2315 quippe,
713 2260 838 2300 cum
866 2245 1019 2299 solus
1053 2258 1281 2316 regnare
1311 2245 1496 2315 empit,
1527 2243 1593 2299 16
1617 2252 1778 2300 natus

209 2349 382 2388 annos
407 2343 543 2389 erat.
576 2334 856 2404 (Theoph.
897 2334 1055 2406 ibid.)

279 2424 519 2480 XXXIII.
544 2426 685 2492 Quid
711 2441 854 2481 nunc
871 2427 1087 2480 tandem
1110 2425 1178 2482 de
1198 2425 1482 2482 Corinthio
1500 2429 1778 2496 episcoiio,

212 2517 306 2587 qui
335 2518 923 2587 Constantinopolitani
955 2519 1278 2587 patriarcha!
1303 2561 1318 2584 ,
1355 2521 1459 2574 hoc
1500 2529 1584 2573 est
1611 2521 1779 2574 Callia

213 2608 322 2662 nici
349 2608 558 2677 legatus
584 2606 771 2663 Romae
793 2607 960 2677 judex
985 2609 1192 2663 assedit
1223 2611 1277 2662 in
1303 2607 1550 2676 Gregorii
1577 2625 1740 2664 causa
1761 2609 1782 2646 ν

209 2697 409 2754 Notum
455 2700 622 2766 illud,
665 2699 927 2754 Romana:
973 2700 1321 2769 patriarchize
1346 2710 1456 2755 tres
1507 2702 1772 2769 singulari

206 2793 330 2863 jure
372 2793 620 2863 paruisse
667 2792 938 2847 exarchos
984 2792 1038 2845 in
1083 2790 1338 2855 Oriente,
1398 2791 1778 2858 Corinthium,

210 2881 780 2944 Thessalonicensem,
801 2881 962 2952 315
987 2890 1148 2950 atque
1165 2879 1528 2936 Iustinianam
1557 2883 1597 2950 I,
1622 2885 1782 2950 cujus

206 2976 432 3046 quidem
455 2974 715 3028 exarchia
744 2989 810 3027 ex
837 2982 986 3041 parte
1013 2969 1524 3027 Thessalonicensis
1552 2980 1777 3032 coaluit.

214 3070 375 3137 idque
408 3083 473 3121 ex
503 3065 800 3120 Iustiniani
828 3063 870 3128 I,
913 3065 1057 3134 quod
1103 3075 1230 3118 ante
1275 3068 1634 3132 ostendimus,
1687 3084 1783 3122 au—

212 3164 482 3214 ctoritate.
536 3158 638 3212 Sed
693 3155 926 3210 Romani
979 3156 1220 3226 episcopi
1283 3157 1336 3210 in
1392 3155 1714 3213 Iustiniana:
1761 3159 1781 3212 I

211 3250 526 3303 exarcbiam
571 3248 695 3316 jura
742 3247 986 3310 desiere,
1042 3247 1397 3316 pessumdata
1451 3263 1482 3301 a
1531 3247 1782 3319 Bnlgaris

211 3340 478 3405 Ecclesia,
514 3340 605 3409 qui
640 3354 735 3393 eas
765 3348 1108 3403 occuparunt
1147 3338 1398 3408 regiones
1438 3358 1451 3393 :
1492 3356 1618 3393 cum
1655 3357 1784 3395 vero

211 3447 359 3487 anno
391 3430 489 3485 86l
533 3431 724 3500 religio
752 3430 828 3489 .in
881 3428 1138 3499 Bulgaria
1197 3431 1452 3484 restituta
1503 3430 1784 3488 Michaelis

208 3528 358 3598 τίείς
393 3543 580 3597 opera,
627 3526 959 3580 reclamante
1003 3523 1211 3579 frustra
1267 3525 1518 3578 liotnano
1551 3526 1785 3595 patriar-

204 3621 338 3683 cha,
371 3621 592 3675 subdita
638 3617 995 3688 Bulgarnrnm
1029 3615 1273 3672 Ecclesia
1319 3619 1782 3686 ConstantinOpo-

209 3710 385 3765 litano
417 3711 870 3780 archiepiscopo,
918 3725 1092 3779 eaque
1123 3709 1192 3764 de
1229 3726 1288 3764 re
1328 3711 1610 3765 decretum
1647 3713 1782 3766 scri-

209 3812 363 3872 ptum
399 3819 541 3856 anno
585 3801 692 3858 859
745 3804 800 3858 in
835 3803 1046 3872 synodo
1077 3817 1172 3856 vm
1205 3803 1543 3858 meumeniea
1566 3842 1582 3867 ,
1635 3805 1782 3857 Con-

207 3895 696 3964 stantinOpolitana
740 3909 812 3948 vn
843 3935 856 3955 ,
927 3895 1311 3950 olinitentibus
1362 3896 1487 3958 licet
1548 3894 1781 3951 Romani

205 3987 489 4058 pontiﬁcis
521 3988 734 4056 legatis.
764 3985 1006 4039 Tandem
1040 4001 1168 4038 vero
1199 3986 1302 4039 sub
1343 3985 1544 4041 Basilio
1575 3989 1614 4042 ll
1650 3988 1784 4042 Por-

205 4077 641 4147 phyrogenneta.
664 4076 947 4139 Achridis,
975 4075 1090 4130 sive
1111 4073 1437 4130 Iustiniano:
1465 4075 1482 4128 Ι
1508 4077 1782 4132 exat-chus

202 4167 583 4237 αὐτοκέφαλος
607 4168 800 4231 audiit,
828 4168 898 4220 ita
933 4177 989 4218 ut
1020 4166 1153 4220 nulli
1187 4176 1402 4236 pareret
1434 4168 1780 4236 patriarchas,

204 4263 288 4315 uti
322 4261 593 4315 discimus
616 4277 682 4314 ex
707 4259 812 4314 Nili
844 4259 1164 4329 Doxnpatrii
1200 4260 1396 4313 notitia
1433 4259 1778 4330 patriarcha-

204 4369 389 4418 tnnm,
421 4368 582 4421 quam
626 4353 798 4406 edidit
833 4352 1156 4422 Stephanus
1191 4350 1440 4422 Moynius
1475 4353 1527 4404 in
1573 4352 1780 4420 sylloge

203 4450 492 4504 variorum
519 4447 936 4518 opusculorum.
973 4445 1548 4502 'I‘hesSnIonieenseni.
1582 4454 1635 4497 et
1668 4446 1779 4498 Co-

1882 1975 2141 2027 unircrsa:
2182 1973 2566 2044 Longobardim
2601 1976 2850 2038 ducatus,
2905 1991 3026 2040 qua:
3080 1984 3223 2026 vetns
3273 1971 3458 2026 Hellas

1880 2075 2018 2133 erat,
2050 2066 2143 2119 sub
2174 2069 2490 2129 iittpcratore
2524 2077 2638 2118 erat
2671 2067 3288 2134 Constantinopolitano,
3319 2081 3458 2134 papa

1881 2175 1999 2212 vero
2031 2169 2309 2225 separatus
2340 2157 2436 2210 sub
2470 2161 2596 2211 aliis
2644 2157 2885 2224 gentibus
2927 2158 3150 2220 virebat,
3181 2169 3459 2224 propterea

1880 2250 2194 2320 patriarcha
2237 2250 2505 2303 Ecclesins
2567 2249 2872 2310 obtinebat;
2922 2265 3045 2302 nam
3096 2247 3460 2302 Brundusiim

1879 2353 1929 2398 et
1961 2342 2247 2396 Tarentum
2285 2359 2315 2394 a
2349 2341 2945 2410 Constantinopolitano
2979 2349 3279 2394 sacerdotes
3313 2343 3456 2394 acci-

1881 2439 2117 2494 piebant,
2147 2435 2302 2503 idque
2332 2435 2534 2487 nullum
2572 2435 2719 2487 latet.
2758 2433 2890 2488 Cum
2922 2450 3040 2488 vero
3077 2432 3278 2487 Franci
3319 2435 3459 2487 hunc

1881 2529 2132 2580 ducatum
2191 2544 2510 2591 occuparunt
2595 2538 2716 2579 tunc
2777 2525 3041 2580 Romanus
3103 2528 3158 2579 in
3217 2526 3459 2580 omnibus

1883 2619 2024 2670 lusce
2051 2621 2285 2670 ecclesia
2313 2627 2679 2670 tu'tltttu'twtt.8
2707 2620 2906 2681 tenuit;
2937 2620 2989 2671 in
3021 2621 3086 2671 iis
3115 2620 3256 2672 enim
3289 2621 3460 2689 regio-

1883 2708 2056 2769 nibus,
2113 2723 2244 2775 quas
2293 2707 2920 2774 Consuuutnopolitanus
2975 2710 3266 2776 imperator
3324 2710 3458 2763 obti-

1881 2803 2056 2861 nebat,
2091 2799 2170 2852 vel
2203 2811 2383 2863 postea
2426 2818 2458 2852 a
2507 2800 2747 2854 barbaris
2781 2802 3024 2870 gentibus
3078 2805 3446 2871 καίνει-αὐτη,

1876 2889 1999 2955 jure
2039 2894 2350 2957 patriarcha
2413 2889 3036 2960 Constantinopolitano:
3092 2896 3456 2949 ordinationes

1885 2979 2132 3035 habebat.
2168 2995 2283 3032 cum
2321 2978 2485 3032 Roma
2526 2983 2695 3035 modis
2742 2984 2982 3035 omnibus
3012 3001 3043 3036 a
3083 2983 3460 3037 Constan’mo-

1886 3073 1996 3136 poli
2035 3074 2269 3124 alienata
2324 3072 2449 3124 aliis
2508 3090 2617 3125 sese
2676 3074 3026 3129 submisisset.
3086 3075 3288 3144 Papam
3341 3095 3458 3131 rero

1886 3176 2064 3231 partes
2121 3164 2330 3228 aliquas
2380 3174 2534 3216 antea
2585 3166 2637 3216 in
2689 3164 2879 3218 Sicilia
2926 3167 3238 3233 obtinuisse,
3282 3172 3459 3222 mani-

1886 3256 2080 3324 festum
2132 3257 2189 3323 [it
2222 3273 2284 3310 ex
2349 3255 2465 3307 I'ita
2507 3260 2676 3308 sancti
2714 3257 2955 3326 Gregorii
3005 3258 3460 3330 Agrigentinorum

1887 3347 2058 3405 urbis,
2099 3363 2232 3418 qua;
2257 3365 2393 3400 nunc
2448 3346 2783 3415 Crcqentinm
2839 3349 3054 3412 dicitur,
3099 3352 3329 3419 episcopi
3359 3370 3375 3404 .'
3407 3355 3456 3404 in

1885 3453 1943 3488 ea
1976 3437 2231 3501 siquidem
2269 3439 2518 3504 scriptam
2539 3449 2621 3490 'est
2656 3455 2849 3506 papam
2879 3449 3118 3492 sanctum
3149 3440 3460 3510 Gregorium

1887 3528 2351 3597 Agrigentinorum
2387 3531 2689 3598 episcopum
2743 3528 3057 3593 ordinasse;
3105 3530 3196 3584 sed
3224 3547 3285 3584 eo
3331 3541 3460 3584 tem-

1883 3633 2008 3686 pore
2057 3618 2225 3673 Roma
2275 3621 2509 3672 nomium
2550 3620 2758 3686 penitus
2806 3631 3056 3686 separata
3093 3632 3206 3674 erat
3243 3639 3276 3674 a
3321 3621 3458 3675 Con-

1886 3712 2258 3780 stantinopoli.
2294 3711 2523 3766 Tenebat
2561 3713 2741 3782 itaque
2791 3715 2985 3765 inultos
3031 3715 3096 3766 ab
3135 3713 3258 3767 hinc
3292 3732 3460 3773 annos

1887 3801 2512 3872 Constantinopolimnus
2553 3819 2619 3856 ea:
2647 3814 2795 3864 parte
2825 3814 2875 3857 et
2916 3803 3184 3870 Siciliam,
3213 3818 3263 3860 et
3293 3805 3458 3861 Cala-

1885 3895 2081 3960 briam,
2111 3905 2158 3948 et
2194 3912 2330 3964 papa
2360 3895 2593 3964 paucula
2627 3894 2895 3962 quardam,
2925 3896 3375 3962 quemadmodum
3408 3909 3458 3950 et

1883 3985 1938 4038 in
1977 3984 2369 4053 Longobardia,
2415 4000 2577 4052 usque
2607 3983 2676 4035 ad
2709 3985 3133 4051 separationcm;
3165 3996 3288 4038 tunc
3319 3990 3457 4040 enim

1883 4087 2159 4143 separatus
2205 4086 2284 4128 est
2341 4076 2406 4127 ab
2459 4075 2539 4127 his
2605 4075 2903 4142 regionibus
2961 4091 3103 4144 papa
3161 4093 3324 4145 usque.
3385 4079 3454 4129 ad

1886 4164 2215 4219 Francorum
2284 4166 2584 4219 adventum.
2650 4163 2804 4218 Hand
2860 4180 2981 4218 sum
3034 4177 3294 4233 gravatus
3347 4178 3455 4221 tam

1885 4259 2054 4310 multa
2105 4257 2324 4320 aﬂerrn,
2367 4257 2500 4326 quia
2549 4272 2654 4310 non
2691 4273 2861 4326 pauca
2896 4259 2948 4311 in
2996 4258 3066 4313 iis
3108 4262 3456 4316 animadver-

1884 4351 2037 4400 sione
2076 4349 2429 4416 dignissima.

1957 4437 2191 4492 ΧΧΧΝ.
2232 4438 2510 4505 Principio
2547 4436 2666 4490 falsi
2701 4445 3034 4506 arguuntur,
3073 4439 3166 4508 qui
3197 4439 3458 4494 Romanae

199 4542 470 4594 rintbiam
508 4539 845 4599 cxarchiani,
887 4537 1349 4606 quemadmodum
1399 4546 1452 4590 et
1505 4537 1774 4598 Siciliam,

1885 4530 2231 4598 patriai-ehize
2275 4530 2693 4582 distractionem
2741 4529 2809 4582 ab
2853 4527 3056 4584 Leonis
3101 4531 3274 4585 Isauri
3319 4542 3456 4586 tem-

195 4641 256 4688 et
295 4631 632 4693 Calabriam,
668 4644 698 4683 e
729 4629 975 4682 Romana
1000 4628 1335 4698 patriarcbia
1367 4629 1590 4683 avulsas
1618 4631 1779 4700 vulgo

196 4723 399 4778 volunt
448 4723 515 4773 ab
550 4719 732 4774 Leone
763 4721 902 4788 Aug.
951 4719 1213 4784 Isaurico,
1247 4735 1357 4788 quo
1408 4721 1664 4787 injuriani
1699 4723 1780 4773 ul-

193 4814 509 4868 cisceretur
533 4827 562 4864 a
590 4809 854 4880 Gregorio
887 4808 928 4862 ll
961 4809 1210 4864 Romano
1234 4810 1492 4878 episc0p0
1521 4811 1624 4863 sibi
1661 4811 1780 4864 illa-

192 4918 340 4968 tam,
365 4905 526 4972 eujns
561 4919 726 4971 opera
755 4901 966 4956 Italiam
998 4903 1067 4956 ab
1103 4917 1168 4955 co
1191 4901 1458 4956 dcit-cisse
1490 4904 1777 4956 traditum.

194 4997 311 5049 Sed
351 4997 507 5063 longe
537 5004 665 5048 ante
704 4994 818 5048 haec
854 5005 1098 5062 tempora
1135 4993 1395 5047 laudatus
1435 4996 1599 5048 modo
1628 4993 1782 5049 Nilus

190 5088 410 5142 factum
456 5087 639 5138 istbuc
674 5086 892 5150 scribit,
929 5085 996 5138 de
1030 5084 1642 5153 Constantinopolitano
1686 5101 1781 5153 pa-

188 5179 447 5234 lriarcha
479 5178 779 5239 disserens,
801 5177 958 5244 cujus
997 5176 1110 5229 ha:c
1147 5177 1317 5228 recito
1355 5174 1509 5229 Latio
1541 5177 1775 5230 donata:

180 5270 406 5325 lini-sus
442 5285 505 5322 ea:
553 5268 884 5325 Occidentoli
918 5268 1127 5319 dia'cesi
1162 5268 1266 5318 duo
1328 5269 1541 5320 ea‘archi
1588 5269 1778 5320 simitt~

182 5377 299 5428 ter,
332 5365 547 5434 reliquis
575 5361 1001 5430 metropolitanis
1028 5358 1300 5426 subjectis,
1325 5358 1488 5410 multo
1513 5370 1776 5426 prcestan-

181 5460 360 5512 liores
413 5473 466 5509 se
519 5455 882 5523 subjecerunt,
945 5450 1427 5504 Thessalonicensis
1479 5467 1679 5519 nempe,
1729 5463 1776 5502 et

180 5549 535 5609 Carinthius,
574 5564 703 5616 quos
744 5546 908 5598 secuti
949 5554 1070 5596 sunt
1103 5544 1451 5611 metropolin
1489 5545 1700 5606 reliqui,
1731 5553 1777 5596 ct

180 5642 602 5708 archiepiscopi,
635 5641 724 5708 qui
751 5638 844 5690 sub
871 5636 977 5689 illis
1002 5647 1247 5689 erant....
1281 5635 1474 5688 Sicilia
1500 5646 1774 5702 prcrterea.

177 5746 238 5788 et
282 5730 537 5786 Calabria
571 5747 623 5783 se
653 5727 1242 5792 CaustmttinOpolitano
1285 5739 1694 5794 supposuerunt.
1729 5742 1776 5781 et

179 5835 390 5880 sancta
425 5824 708 5888 Sereriua,
743 5837 860 5892 qua'
903 5833 948 5875 et
998 5819 1271 5889 Nicopolis
1302 5822 1613 5873 dicitur.....
1663 5821 1774 5874 An-

1886 4623 2111 4691 porihus
2161 4631 2458 4689 repetunt,
2502 4636 2628 4674 cum
2684 4620 2859 4674 multo
2921 4633 3213 4691 antequam
3280 4623 3454 4680 Roma

1886 4715 2105 4784 pi'ltiltts
2160 4729 2189 4766 a
2242 4712 2857 4780 Constantinopolitano
2922 4713 3254 4782 imperatore
3301 4716 3456 4770 deli--

1883 4812 2070 4872 cisset,
2110 4806 2223 4872 jam
2301 4805 2433 4857 illud
2498 4806 2817 4858 usuienisse
2875 4804 3067 4861 doceat
3118 4808 3304 4868 l\'ilns;
3356 4826 3452 4864 ne-

1883 4915 1985 4969 quc
2023 4909 2200 4950 tamen
2246 4898 2336 4950 illa
2393 4895 2674 4960 deiecerit,
2733 4898 2835 4951 nisi
2885 4898 2986 4952 sub
3038 4898 3214 4953 Leone
3269 4903 3457 4955 Isauro

1884 5008 2028 5044 anno
2059 4990 2180 5052 726,
2217 5006 2326 5056 quo
2357 4989 2576 5046 duceni.
2626 4989 2714 5041 cui
2762 5004 2943 5041 rerum
2979 5005 3193 5044 summa
3227 4995 3454 5059 credita,

1885 5085 1986 5136 sibi
2043 5091 2271 5136 senatus
2318 5083 2664 5149 populusque
2714 5081 2900 5150 elegit,
2950 5097 3282 5150 quamquam
3334 5098 3456 5152 post

1885 5177 1935 5227 ili
1970 5176 2208 5227 alliciunt
2248 5177 2445 5226 llt'l‘tlltt
2501 5175 2743 5237 redacta,
2795 5175 2972 5227 donec
3007 5190 3151 5228 anno
3183 5174 3284 5228 77b
3317 5179 3458 5230 (fmi-

1883 5268 2124 5320 stantino
2154 5266 2504 5334 (lopronyino
2537 5266 2677 5331 Aug.
2720 5266 2928 5333 regium
2967 5267 3258 5333 imperium
3295 5282 3456 5336 pror-

1882 5375 1975 5411 sus
2005 5361 2332 5416 excusserit,
2374 5359 2424 5409 in
2461 5358 2736 5424 pontiﬁcis
2778 5357 2862 5408 sui
2906 5355 3033 5424 jura
3073 5372 3196 5410 sese
3249 5361 3456 5412 dedens

1886 5448 1982 5518 iV.
2016 5449 2142 5516 ηις.
2187 5451 2254 5501 ad
2293 5466 2382 5501 :in.
2422 5449 2524 5501 796
2567 5458 2620 5499 et
2665 5447 2844 5518 799);
2894 5450 3025 5514 quin
3075 5447 3458 5515 aper-le‘Nlus

1883 5551 2138 5604 testatur,
2178 5543 2476 5594 accessisse
2514 5539 2782 5603 Siciliam,
2836 5543 3146 5594 Calabriam
3172 5584 3184 5600 .
3235 5543 3454 5595 Cri-tam

1881 5633 2490 5700 (Ionstantinnpolitzino
2534 5635 2882 5700 patriarchu',
2931 5649 3054 5688 cum
3096 5633 3326 5687 Barbari
3369 5637 3431 5688 de

1878 5728 2132 5795 prehenso
2163 5743 2299 5792 pupa
2343 5723 2560 5776 Romam
2609 5725 2838 5792 spolium
2885 5725 3081 5792 [actam
3117 5728 3170 5776 in
3215 5732 3455 5796 proprios

1882 5835 2008 5872 usus
2075 5829 2468 5880 converterunt;
2541 5817 2839 5886 itidemque
2885 5819 3079 5872 scribit
3131 5818 3185 5871 in
3244 5819 3454 5884 Loned-
