4144 6448
159 396 272 464 1221

1524 395 2051 459 DISSERTATIO.

3262 386 3400 457 1221

62 514 69 521 ⁷
155 511 373 566 Romani
411 508 732 580 patriarchae
771 506 828 564 in
850 506 1077 565 Oriente
1098 508 1419 571 vicariatus,
1467 506 1713 578 adeoque
1744 520 1787 573 Α
1816 507 2007 560 domus
2038 518 2133 572 pro
2167 501 2427 563 omnibus,
2461 516 2579 570 quur
2610 501 2756 559 nobis
2806 498 2940 558 Deus
2965 514 3057 570 per
3081 509 3130 555 te
3165 504 3348 560 tribuit
3372 505 3399 560 r

152 602 359 655 dubiam
389 614 580 655 eorum
612 599 1024 669 episcoporum,
1052 599 1144 668 qui
1190 598 1257 653 iis
1280 605 1554 666 parerent,
1587 598 1713 666 qui-

150 698 252 761 que
281 692 458 745 adhuc
493 700 678 760 aperte
722 704 828 743 non
881 692 1261 751 rebellassent,
1306 688 1465 741 Iidem
1520 686 1714 755 fuisse,

152 793 208 837 ut
236 783 282 836 id
325 782 542 836 tandem
593 797 793 836 munus
827 780 1265 836 demandandum
1299 779 1465 833 fuerit
1502 782 1716 848 provin-

42 888 47 897 ‘
143 874 245 928 ciae
272 874 531 944 episcopo
561 882 718 929 extra
748 889 843 928 eas
869 867 1155 931 exat-ehias
1189 874 1399 941 posito;
1428 882 1544 925 erat
1568 872 1713 923 enim

146 962 532 1033 Philadelphia
562 966 857 1034 episcopus
883 980 913 1018 e
943 967 1154 1035 synodo
1185 963 1370 1035 Lydiae
1392 964 1711 1033 provinciae,

52 1060 65 1089 λ
152 1068 265 1121 quae
316 1054 938 1121 Constantinopolitanze
986 1054 1329 1121 patriarchia:
1379 1053 1713 1107 contributa.

60 1160 63 1167 '
154 1144 270 1199 Haec
294 1160 418 1198 cum
452 1145 528 1198 ita
568 1146 703 1206 sint,
730 1145 945 1198 desinat
968 1144 1267 1198 Caietauus
1307 1143 1486 1197 dicam
1536 1144 1717 1197 dicere

149 1237 389 1303 Leontio,
420 1237 564 1307 quod
600 1237 824 1291 anxium
877 1238 1046 1292 animi
1082 1235 1427 1299 Pontiﬁcem,
1473 1236 1601 1306 quid
1633 1252 1716 1290 rc-

152 1345 265 1382 rum
296 1337 530 1397 gereret,
575 1328 652 1382 uti
688 1327 983 1383 manifesta
1018 1328 1120 1381 sibi
1154 1328 1304 1382 ﬁeret
1342 1326 1588 1397 Gregorii
1642 1328 1717 1380 in-

150 1422 390 1474 nocentia
416 1438 432 1487 ;
470 1421 582 1474 btet:
616 1418 960 1474 consuluisse
987 1418 1136 1472 dicat
1164 1419 1413 1473 Marcum
1441 1418 1713 1481 abbatem,

148 1511 236 1579 qui
266 1510 537 1580 quondam
589 1508 962 1581 Hierosolyma
1006 1509 1331 1579 Gregorium
1375 1508 1710 1564 deduxerat:

151 1602 282 1655 Audi
316 1618 394 1655 me
417 1643 432 1667 ,
487 1603 732 1665 domine,
792 1602 967 1670 tuique
996 1603 1131 1654 servi
1177 1601 1453 1656 consilium
1488 1601 1663 1668 accipe
1694 1616 1713 1654 :

148 1709 303 1761 neque
328 1694 465 1746 enim
494 1694 559 1747 de
593 1694 801 1747 homine
832 1709 924 1746 nos
954 1693 1092 1762 ferre
1120 1691 1387 1760 judicium
1413 1706 1707 1758 possumus,

149 1785 248 1837 nisi
284 1784 662 1863 archiepiscopi
690 1782 1269 1852 Constantinopolitani
1294 1822 1309 1847 ,
1340 1783 1563 1852 itemque
1582 1782 1713 1850 piis-

1818 602 1895 651 Ac
1925 598 2063 651 nosti
2098 596 2209 663 iam
2240 594 2518 647 dimidiam
2552 603 2750 647 nostra:
2782 593 2926 645 urbis
2954 604 3156 661 portent
3188 634 3203 659 ,
3246 597 3401 652 item.

1817 704 1917 757 que
1946 689 2308 756 episcopatum
2365 694 2549 738 sancto
2608 689 2669 738 'a'c
2720 673 2947 752 principi
2993 685 3269 753 apostolo,
3314 689 3405 757 qui

1818 779 1901 830 hic
1932 788 2029 842 est,
2056 778 2373 843 subiacere?
2405 773 2527 829 Rem
2560 792 2779 847 prorsus
2814 778 2888 828 ita
2941 776 3129 831 habere
3176 778 3401 847 afﬁrmat

1820 870 2122 939 Gregorius.
2151 870 2218 922 At
2248 868 2508 937 pontifex,
2543 868 2747 921 Mecum
2779 869 2889 936 ipse
2934 869 3255 936 stntuijam,
3282 884 3405 938 qua

1818 960 2101 1031 peculiaris
2132 960 2277 1013 nobis
2321 968 2421 1022 est,
2463 959 2687 1013 mediam
2734 959 2879 1018 urbis
2910 970 3106 1011 nostra:
3132 971 3337 1027 partem
3368 979 3401 1014 α

1817 1062 2022 1116 sancto,
2050 1052 2253 1113 divino,
2280 1051 2697 1118 scmpiternnque
2715 1051 2874 1103 laude
2902 1050 3061 1119 digno
3086 1052 3403 1119 imperatore

1818 1154 1999 1199 nostro
2036 1142 2389 1199 Constantino
2444 1142 2801 1211 apostolorum
2850 1143 3080 1210 principi
3122 1144 3397 1205 donatam,

1815 1250 1908 1304 per
1940 1243 1988 1287 te
2010 1249 2159 1286 nunc
2196 1232 2323 1290 Deo.
2351 1231 2645 1300 temploque
2685 1230 2776 1282 abs
2809 1240 2856 1282 te
2897 1229 3213 1298 aediﬁcando
3240 1233 3398 1285 attri-

1816 1327 1971 1380 buere
1997 1364 2012 1379 .
2042 1365 2055 1378 .
2084 1365 2100 1380 .
2143 1325 2265 1377 inde
2292 1324 2537 1376 advocati
2564 1340 2594 1374 a
2625 1322 2877 1391 pontiﬁce
2912 1320 3164 1375 Ecclesia:
3196 1323 3399 1387 dilecti,

1814 1421 2171 1489 primoresque
2200 1415 2345 1469 urbis
2371 1454 2386 1477 ,
2448 1431 2667 1484 cumque
2698 1414 3056 1477 assedissent,
3114 1430 3223 1467 una
3277 1431 3396 1469 cum

1814 1513 2057 1578 pontiﬁce
2086 1510 2336 1576 scripsere
2374 1506 2592 1565 librant.
2634 1522 2787 1576 quem
2822 1524 2853 1559 a
2887 1506 3076 1575 synodi
3112 1508 3397 1575 episcopis,

1815 1602 2102 1671 cuncl‘aque
2120 1601 2359 1655 Ecclesia
2381 1599 2715 1667 obsignatum
2740 1598 2890 1652 beato
2915 1599 3164 1668 Gregorio
3183 1599 3393 1654 dedere.

1816 1696 1916 1751 Hic
1941 1696 2238 1749 Caictanus
2265 1694 2505 1746 vitiatam
2544 1692 2827 1745 lcetionem
2864 1694 3114 1757 incusat;
3148 1707 3254 1746 non
3290 1708 3397 1762 pu-

1817 1797 1933 1852 tat,
1987 1802 2094 1841 non
2135 1787 2337 1856 patitur
2372 1782 2683 1853 pontiﬁcem
2736 1791 2843 1835 tam
2902 1782 3051 1851 large
3093 1783 3390 1838 liberalem.

148 1876 264 1928 simi
295 1875 455 1946 317
489 1877 824 1945 imperatoris
863 1876 1137 1929 accedente
1163 1873 1385 1928 consilio
1412 1914 1425 1927 .
1449 1912 1462 1926 ο
1489 1912 1501 1925 ο
1526 1913 1540 1927 .
1577 1871 1715 1926 Ρνο-
1747 1865 1789 1919 Β
1817 1879 1977 1934 Audit
2019 1878 2435 1948 Metapllraslcm
2475 1891 2596 1929 cum
2647 1872 2871 1927 Leontio
2913 1876 3239 1937 convenire;
3295 1890 3393 1929 nec

148 1968 297 2020 batur
332 1966 573 2037 pontiﬁci
594 1965 898 2027 consilium,
921 1981 1082 2034 quare
1100 1965 1309 2018 litteras
1335 1966 1404 2018 ad
1417 1967 1713 2035 piissimum

142 2059 511 2126 imperatorem
540 2066 778 2111 nostrum
806 2054 1193 2117 Justinianunt,
1224 2058 1716 2125 sanctissimumqne

143 2149 586 2218 archiepiscopum
618 2146 1258 2215 Constantinopolitanum
1299 2157 1544 2200 accurate
1581 2148 1713 2200 scri-

143 2239 236 2303 bit,
266 2241 625 2311 advocansque
654 2242 784 2293 duos
811 2241 1100 2309 episcOpos,
1127 2240 1216 2307 qui
1238 2255 1355 2319 cum
1386 2248 1564 2292 sancto
1592 2237 1715 2293 Gre-

137 2333 284 2403 gorio
310 2336 361 2386 in
397 2334 619 2385 concilio
678 2333 772 2400 (b.
818 2348 868 2385 c.
899 2332 1542 2399 Constantinopolitano)
1605 2347 1711 2383 una

139 2425 370 2495 fuerant,
401 2427 544 2479 datis
594 2440 708 2491 (μίαν
738 2424 806 2475 ad
837 2424 935 2476 iter
979 2425 1095 2477 usui
1123 2424 1354 2492 fuerant,
1403 2422 1709 2476 Constant!-

139 2514 365 2585 nopolitn
392 2517 636 2570 dimittit.
668 2516 783 2571 Non
806 2519 917 2571 haec
936 2516 1533 2582 concoxitCaietanus;
1567 2516 1709 2581 Quid

139 2611 276 2661 enim
321 2609 578 2679 (inquit)
638 2608 876 2663 Romano
925 2609 1166 2677 pontiﬁci
1221 2624 1340 2660 cum
1397 2609 1708 2676 imperatore

142 2698 370 2754 Orientis
410 2712 459 2753 et
523 2702 827 2769 patriarcha
862 2699 1470 2768 Constantinopolitano,
1524 2702 1578 2752 in
1617 2702 1703 2765 iis,

134 2808 252 2860 qua:
267 2793 334 2843 ad
354 2791 562 2861 judicia
584 2799 900 2859 spectarent,
926 2808 1043 2843 cum
1069 2794 1341 2859 episcopis.
1372 2802 1420 2844 et
1448 2793 1706 2858 pra‘cipue

133 2885 246 2936 sedi
280 2883 524 2937 Romana:
561 2883 827 2952 subjectis,
874 2883 1052 2951 quales
1083 2883 1245 2951 fuisse
1273 2884 1535 2950 episcopos
1565 2882 1703 2933 Sici-

133 2974 223 3027 lia:
245 2990 441 3026 certum
472 2984 548 3028 est
572 2991 629 3027 eo
666 2975 935 3041 tempore?
966 2973 1127 3043 Atqui
1158 2975 1299 3041 quod
1330 2984 1535 3026 certum
1563 2987 1702 3041 prte-

134 3064 277 3116 dicat
315 3062 628 3127 Caictanus,
682 3062 783 3115 hoc
822 3062 997 3131 ipsum
1028 3070 1114 3116 est
1165 3060 1310 3130 quod
1351 3062 1509 3130 plane
1539 3076 1693 3131 nega-

132 3169 278 3215 mus,
301 3154 344 3207 si
364 3155 581 3223 quidem
601 3154 667 3207 ad
688 3151 977 3206 Justiniaui
995 3151 1036 3205 ll
1057 3166 1295 3221 tempora
1320 3151 1696 3223 respiciamus.

132 3246 289 3300 Tunc
326 3246 602 3299 enimvero
643 3245 825 3298 onmis
883 3244 1051 3298 ferme
1092 3243 1397 3297 Siculorum
1459 3243 1701 3299 Ecclesia

130 3336 721 3403 Constantinopolitaui
749 3336 990 3405 episcopi
1038 3336 1346 3389 auctoritati
1373 3334 1700 3404 obsequens,

132 3427 363 3494 lit-etque
381 3426 727 3495 Agrigentina
749 3427 1018 3480 Romanas
1036 3427 1213 3480 adhuc
1233 3436 1412 3495 partes
1440 3434 1701 3490 tueretur,

130 3528 313 3571 tamen
353 3519 625 3571 nescimus
655 3532 775 3585 qua:
819 3516 1020 3571 hedera
1048 3518 1114 3572 ab
1139 3527 1370 3588 utroque
1398 3519 1702 3587 patriarcha

130 3622 345 3667 sancta,
367 3609 728 3677 undejurium
755 3608 888 3663 lines
917 3610 1331 3678 circumscripti.
1364 3608 1544 3679 Neque
1574 3611 1703 3665 illud

129 3716 347 3764 verum,
379 3702 521 3769 quod
554 3710 829 3768 tantopere
860 3709 1151 3770 exaggerat
1181 3700 1477 3756 Caietanus
1505 3703 1556 3756 in
1590 3702 1704 3772 cpi-

127 3807 426 3859 sc0porum
468 3792 687 3860 judiciis
740 3792 874 3845 nihil
922 3791 1340 3860 imperatoribus
1398 3794 1699 3847 tributum:

130 3885 245 3936 imo
272 3897 397 3935 vero
428 3883 651 3936 nimium
685 3892 951 3951 quantum
978 3884 1045 3937 iis
1071 3884 1353 3955 tribtttum,
1387 3893 1442 3937 ut
1468 3884 1698 3946 licuerit,

124 3985 176 4029 ct
220 3975 505 4044 episcopos
534 3974 812 4044 delegare,
842 3975 932 4043 qui
964 3990 1157 4029 causas
1186 3984 1599 4043 cognoscerent,
1650 3982 1704 4028 et

122 4066 461 4134 appellantes
491 4064 698 4129 audire,
734 4065 907 4133 iisque
929 4066 1232 4120 consulere.
1270 4065 1363 4133 (V.
1390 4065 1585 4120 Euseb.

129 4152 206 4205 ll.
241 4155 337 4207 lib.
383 4170 435 4216 χ,
466 4170 586 4222 cap.
615 4154 678 4217 5;
713 4153 948 4207 Mart-am
972 4194 987 4218 ,
1047 4154 1122 4208 De
1153 4171 1297 4209 conc.
1338 4172 1446 4209 sac.
1485 4166 1533 4209 et
1570 4157 1698 4224 imp.

124 4245 225 4298 lib.
264 4262 359 4306 \‘ll,
388 4260 509 4314 cap.
568 4246 646 4313 9.)
696 4243 886 4298 Nonne
922 4245 1026 4298 hoc
1064 4245 1219 4308 satis,
1248 4253 1306 4297 ut
1332 4247 1551 4300 cordate
1581 4262 1701 4301 sese

123 4338 369 4406 gessisse
417 4338 656 4390 Marcum
691 4338 941 4390 abbatem
991 4352 1113 4389 cum
1163 4336 1409 4391 Romano
1449 4338 1699 4407 pontiﬁce

117 4430 398 4491 dicamus,
417 4429 506 4496 qui
539 4438 731 4480 auctor
764 4443 873 4480 rem
904 4426 1179 4482 deferendi
1201 4429 1265 4481 ad
1295 4430 1695 4497 imperatorem,

1817 1972 2035 2026 duobus
2065 1978 2245 2025 tamen
2280 1954 2506 2023 testibus
2533 1984 2696 2037 penus
2734 1967 2885 2021 illum
2922 1966 3076 2022 ﬁdes.
3108 1966 3171 2020 Et
3189 1978 3392 2030 tamen,

1820 2073 2047 2131 excepta
2074 2048 2406 2129 stiscipione,
2442 2059 2625 2111 nullus
2668 2059 2742 2111 illi
2770 2058 2954 2122 ensis,
2988 2074 3097 2127 quo
3139 2059 3389 2111 testimo-

1815 2153 1966 2207 nium
1999 2151 2229 2222 jugulet.
2266 2152 2501 2204 Tantum
2531 2149 2798 2211 concedit,
2839 2150 3171 2215 e’argitama
3206 2151 3391 2217 ponti-

1813 2246 1914 2301 ﬁce
1945 2245 2272 2313 prmdiorum
2304 2251 2533 2312 partem,
2578 2254 2814 2309 quorum
2869 2239 3110 2292 liomana
3151 2238 3391 2294 Ecclesia

1815 2340 1866 2391 in
1894 2335 2079 2391 Sicilia
2114 2335 2400 2403 potiretur.
2432 2333 2614 2403 Neque
2644 2332 2915 2403 poutilicis
2964 2332 3126 2395 modo
3155 2332 3391 2408 liberali-

1813 2438 1973 2483 tatem
1996 2436 2233 2493 coercet,
2264 2429 2358 2482 scd
2384 2427 2547 2480 etiam
2581 2425 2943 2494 imperatoris.
3001 2410 3136 2478 Cum
3182 2424 3387 2490 Grego-

1811 2519 1928 2572 rius
1958 2517 2127 2571 Roma
2161 2532 2282 2571 sese
2324 2514 2853 2582 Constantinopolim
2905 2513 3264 2577 contulisset,
3321 2526 3390 2569 eo

1809 2610 2187 2669 admirationis
2244 2608 2343 2662 l'uit
2390 2606 2702 2660 Justiniano
2733 2605 2907 2673 Aug.,
2945 2612 3003 2656 ut
3055 2619 3176 2656 cum
3222 2603 3291 2657 ab
3320 2618 3387 2657 eo

1809 2706 2055 2775 petiisset
2092 2705 2269 2758 locum
2305 2703 2404 2757 sibi
2441 2702 2494 2754 in
2540 2700 2891 2770 Agrigentiua
2940 2698 3072 2752 urbe
3103 2698 3387 2763 tribueret,

1807 2798 1899 2850 ubi
1937 2809 2137 2850 novum
2166 2802 2387 2863 poneret
2411 2792 2719 2861 episcopale
2772 2790 3073 2861 templum,
3137 2790 3385 2859 quando-

1805 2888 2023 2957 quidem
2049 2888 2189 2955 quod
2214 2891 2515 2953 supererat,
2541 2882 2839 2951 sacrilegiis
2873 2880 3381 2935 iuccstaveratLeu-

1803 2974 1920 3027 cius
1951 2973 2168 3041 quidam
2203 2970 2486 3024 Increticns
2528 2972 2579 3023 in
2632 2969 2952 3023 Laodicensi
2995 2970 3207 3039 synodo
3252 2985 3379 3037 pm-

1802 3068 2061 3135 scriptns,
2095 3067 2209 3133 qui,
2241 3080 2297 3117 sc
2322 3064 2567 3127 absente,
2605 3062 3158 3131 pseudo-episcopum
3198 3075 3383 3131 gesse-

1806 3166 1890 3210 rat
1913 3174 1925 3207 :
1948 3155 2103 3218 Ecce,
2142 3154 2654 3222 inquit,imperator,
2673 3153 2954 3206 dimidiam
2983 3153 3125 3205 urbis
3152 3154 3377 3220 partem.

1804 3264 1920 3317 quur
1958 3248 2049 3316 pia
2090 3246 2260 3299 subest
2288 3245 2507 3312 imperio
2535 3252 2748 3305 nostra,
2797 3259 2889 3312 per
2921 3254 2969 3296 te
3014 3242 3125 3297 Deo
3166 3244 3377 3309 damus,

1804 3341 2165 3407 dicamusque,
2194 3337 2274 3390 uti
2322 3337 2483 3391 cedem
2518 3336 2624 3390 Deo
2672 3336 2904 3405 ﬁdelem,
2937 3337 3376 3405 episcopiumque.

1804 3429 1987 3483 tibitibi
2023 3430 2261 3495 libuerit,
2311 3430 2596 3483 iustaures.
2658 3426 2785 3481 lude
2842 3428 3050 3480 decerni
3092 3429 3383 3499 donarique

1805 3522 2057 3593 Gregorio
2096 3522 2268 3577 locum
2310 3520 2606 3589 multasque
2653 3521 3007 3588 possessiones
3053 3518 3224 3589 jubet.
3259 3518 3375 3574 Non

1806 3613 1919 3667 haec
1951 3614 2206 3666 historica
2241 3611 2346 3665 Iide
2373 3611 2574 3679 scripta
2602 3608 3223 3674 cettsetCaietatius,sed
3252 3626 3380 3664 ora-

1805 3706 1961 3767 torie,
2006 3704 2106 3757 hoc
2138 3712 2221 3758 est
2255 3702 2655 3772 ὑπερϐολικῶς.
2691 3700 2799 3755 Nos
2835 3711 3048 3762 contra,
3077 3717 3198 3755 cum
3229 3702 3378 3755 nulla

1804 3796 2083 3849 videamus
2110 3796 2283 3849 fulcro
2308 3794 2511 3849 lirmari
2538 3792 2782 3847 Caietani
2813 3793 3206 3862 suspicionem,
3240 3808 3377 3857 rem,

1805 3895 1862 3939 ut
1890 3888 2045 3955 plazie
2076 3896 2258 3948 sonat,
2303 3886 2746 3956 interpretamur.
2776 3882 2879 3939 Sed
2904 3885 3045 3953 quod
3082 3884 3134 3938 in
3152 3900 3375 3941 causam

1802 3978 1970 4042 venit,
2005 3978 2433 4034 consideremus.

1874 4067 2163 4123 XXXVIII.
2206 4070 2293 4121 Ait
2319 4070 2482 4138 igitur
2506 4067 2727 4138 Sergius
2744 4067 2982 4139 pontifex
3007 4068 3151 4124 dono
3169 4070 3238 4125 ab
3255 4086 3376 4125 sese

1801 4158 1992 4212 donari
2028 4158 2346 4227 Gregorium
2375 4174 2438 4210 cx
2471 4157 2754 4211 dimidiata
2784 4156 2954 4209 Roma
2983 4198 2996 4220 ,
3024 4172 3144 4227 qua
3170 4172 3201 4211 a
3240 4158 3377 4213 Couo

1802 4250 2043 4304 stantino
2102 4250 2347 4317 Augusto
2404 4248 2773 4317 apostolorum
2842 4247 3071 4315 principi
3126 4247 3405 4315 elargita,.

1802 4342 2032 4395 mediam
2064 4348 2295 4409 partem.
2336 4340 2439 4393 Sed
2482 4342 2625 4407 quis,
2660 4354 2779 4402 oro,
2830 4339 2931 4392 iste
2957 4338 3376 4404 Constantinus,

1798 4433 1889 4502 qui
1918 4432 2117 4485 donum
2154 4431 2282 4484 illud
2311 4431 2545 4484 obtulit?
2579 4429 2831 4499 Nunquid
2862 4428 3092 4499 Magnus
3117 4431 3205 4484 ille
3229 4459 3257 4493 ,-
3283 4433 3377 4501 qui

113 4518 369 4588 quando,
404 4519 563 4572 modo
588 4519 781 4587 volupe
811 4518 885 4571 illi
924 4518 1104 4584 fuerit,
1135 4519 1451 4589 episcopum
1482 4529 1693 4589 poterat
1727 4540 1769 4595 ι)
1797 4523 2111 4577 GliriStiano
2160 4522 2358 4591 populo
2415 4522 2562 4591 pacis
2628 4530 2837 4575 astrum
2890 4520 3134 4574 aﬂufsit?
3193 4522 3378 4589 Longe

111 4611 383 4678 deligere.
415 4610 506 4679 qui
532 4608 895 4679 Gregoriojus
912 4610 1131 4674 diceret,
1155 4611 1285 4678 quin
1321 4626 1385 4663 eo
1412 4612 1463 4663 in
1488 4612 1693 4678 judicio

112 4701 207 4753 \‘el
259 4700 545 4752 minimum
591 4700 693 4753 sibi
746 4706 1024 4768 arrogaret
1072 4697 1353 4754 Romanus
1412 4700 1693 4769 pomiferi?

108 4793 467 4859 Quapropter
490 4790 662 4843 videat
688 4789 1001 4852 Caietanus,
1035 4805 1210 4859 ecquo
1230 4791 1351 4859 jure
1383 4802 1691 4861 suspectam

112 4883 421 4938 vcnditarit
479 4882 688 4937 Leontii
725 4885 1112 4938 'narrationcm
1145 4924 1157 4944 .
1215 4899 1377 4953 quam
1418 4885 1689 4939 crambcm

108 4978 392 5041 recoquit,
435 4976 649 5044 qu0ties
682 4990 770 5029 res
798 4976 852 5029 in
891 4977 1216 5030 sententiam
1253 4992 1405 5031 suam
1449 4992 1554 5030 non
1604 4991 1693 5031 ce-

103 5071 280 5121 tlunt.
328 5066 516 5121 Utrum
548 5066 648 5119 hoc
681 5067 1036 5135 probandum,
1058 5068 1297 5136 judicent
1337 5068 1573 5122 subactte
1599 5067 1693 5121 do-

102 5158 314 5212 ctrinae
340 5160 516 5228 capita
553 5176 566 5211 :
598 5172 697 5227 ego
728 5158 907 5227 magni
933 5158 1033 5211 viri
1060 5160 1311 5214 manibus
1340 5169 1541 5213 aeterno
1574 5170 1692 5213 stu-

101 5252 208 5303 dio
244 5251 511 5311 addictus,
538 5266 659 5318 qua:
696 5266 725 5303 e
764 5266 818 5304 re
858 5267 972 5304 mea
1010 5261 1156 5314 sunt,
1188 5268 1475 5320 exsequar.

188 5339 461 5395 XXXVII.
496 5340 787 5410 Postquam
822 5352 929 5395 tam
962 5342 1130 5395 multa
1159 5343 1388 5396 dixerim
1414 5344 1693 5397 vindican-

100 5434 201 5485 «ἔτη
243 5431 496 5499 Gregorii
540 5432 723 5497 aetati,
779 5432 908 5502 quid
946 5432 1122 5487 adhuc
1181 5443 1466 5501 superest,
1501 5434 1606 5487 nisi
1638 5444 1693 5489 ut

100 5525 447 5578 mantissam
476 5523 619 5585 dcm,
644 5538 753 5592 quo
794 5530 1002 5577 tantum
1033 5525 1305 5593 negotium
1334 5524 1697 5579 conficiatur?

100 5616 235 5682 Age
270 5629 397 5667 vero
428 5614 649 5684 Sergius
679 5614 917 5683 pontifex
946 5655 959 5677 ,
1010 5624 1288 5685 perspecta
1318 5613 1565 5683 GregOrii
1614 5616 1696 5669 in-

105 5704 398 5764 nocentia,
421 5705 694 5774 simulque
713 5707 992 5761 sanctitate
1016 5706 1381 5775 prodigiorum
1405 5706 1693 5770 cIIeCIrice,

102 5796 278 5851 illum
313 5796 413 5851 sibi
441 5799 688 5863 accersit,
708 5807 754 5853 et
782 5818 793 5853 :
817 5797 987 5863 tQuid
1021 5795 1483 5874 tibi.{inquit),ﬁli,
1513 5812 1695 5867 repen-

1794 4614 1995 4666 abcunl
2055 4612 2157 4666 It‘oc
2201 4613 2492 4666 indicando
2522 4610 2817 4664 Leoatiana
2856 4614 3037 4664 verba.
3086 4609 3368 4681 Perpende

1797 4704 1910 4757 haec
1936 4701 2129 4771 Sergii,
2164 4718 2286 4770 qua:
2311 4702 2603 4771 protulisse
2631 4701 2790 4755 docet
2823 4701 3102 4765 Leontius,
3144 4703 3378 4771 impera-

1797 4802 1907 4847 tore
1944 4803 2119 4845 nostro
2151 4792 2500 4845 Constantino
2528 4833 2542 4849 .
2602 4803 2711 4845 tum
2772 4793 3009 4854 videris,
3066 4794 3376 4850 donationis

1796 4895 2072 4937 auctorem
2098 4884 2517 4937 Constantinum
2543 4884 2779 4952 aliquem
2815 4883 3240 4952 praedicandum,
3264 4902 3378 4955 quo

1798 4976 2100 5042 imperante
2151 4983 2203 5028 et
2236 4974 2460 5044 Sergius
2526 4984 2578 5028 et
2649 4973 2944 5043 Grcgmius
2978 4974 3247 5041 vixerint;
3281 4978 3375 5047 qui

1795 5066 1939 5119 enim
1971 5074 2205 5119 nostrum
2239 5066 2435 5119 dixerit
2479 5066 2846 5134 imperatorem
2898 5064 3122 5133 Sergius
3148 5107 3163 5132 ,
3218 5068 3378 5135 cujus

1796 5157 2051 5227 potestati
2086 5172 2362 5226 nunquam
2402 5156 2565 5210 fuerit
2615 5156 2925 5209 obnoxius?
2954 5154 3126 5210 Porro
3160 5157 3375 5211 (Iaieta-

1798 5264 1920 5314 nus,
1954 5246 2240 5302 Leontiqu
2268 5246 2527 5316 Gregorio
2556 5255 2713 5301 aetate
2742 5247 3005 5316 aequalem
3032 5230 3372 5302 demonstra-

1798 5351 1973 5407 turus,
2005 5356 2070 5395 eo
2107 5342 2339 5395 maxime
2371 5342 2561 5394 nititur
2590 5352 2929 5410 argumento,
2963 5341 3107 5410 quod
3136 5344 3373 5409 impera--

1796 5439 1969 5486 torem
1989 5430 2354 5486 Justinianum
2378 5432 2668 5490 Inetninans
2699 5444 2934 5486 nostrum
2961 5442 3203 5501 usurpet,
3228 5435 3373 5504 quod

1799 5538 1958 5577 nemo
1996 5523 2289 5575 damuarit.
2332 5519 2714 5577 Jurisconsulti
2769 5521 3058 5593 Ulpianum
3107 5542 3267 5579 suum
3303 5526 3373 5578 ad

1798 5615 2054 5670 Antonini
2080 5613 2375 5667 Garat-alla:
2411 5615 2653 5669 referunt
2687 5628 2949 5685 tempora,
2980 5616 3121 5685 quod
3154 5617 3208 5669 in
3239 5615 3272 5669 l.
3301 5616 3372 5670 3‘2

1802 5708 1876 5765 De
1915 5708 2302 5766 donationibus
2342 5712 2481 5762 inter
2517 5712 2689 5763 virum
2729 5721 2781 5767 et
2820 5727 3079 5766 ttxoretn.
3134 5717 3372 5763 nostrum

1804 5797 1946 5853 dicat
1978 5799 2131 5853 illum
2164 5801 2543 5870 imperatorem
2573 5816 2585 5854 :
2616 5802 2911 5872 imperator
2945 5813 3114 5856 noster
3152 5800 3371 5858 Anton:—
