4144 6448
699 452 834 513 1293

1614 446 1712 507 DE
1757 443 2015 505 ᾹΞΤΑΤΕ
2040 446 2097 504 S.
2126 446 2461 506 GREGORI
2532 446 3037 508 .«lGRIGENTlNl

3808 448 3919 513 122i

698 587 797 625 nm
832 567 964 635 Aug.
1001 574 1120 618 ante
1153 579 1417 618 excessum
1451 562 1622 616 Set-eri
1662 564 1829 631 patris
1876 564 1995 626 sui,
2032 564 2269 616 oratione
2299 575 2342 629 Α
2375 562 2602 617 Romani
2628 563 2913 632 pontiﬁces
2940 564 3267 632 pedetentim
3302 564 3600 634 principale
3621 564 3714 634 jus
3735 566 3920 622 invase-

698 666 753 715 in
787 671 973 715 senatu
1014 659 1221 721 habita,
1252 657 1354 724 fuit
1380 666 1566 708 auctor
1597 657 1857 719 censendi,
1892 666 1949 707 ut
1979 656 2181 725 aliquid
2211 672 2274 707 ex

692 758 835 824 juris
878 755 1051 822 rigore
1102 751 1355 813 laxetur;
1388 765 1570 818 neque
1610 749 1713 801 alia
1750 746 2022 803 incessum
2079 749 2163 800 ria
2220 748 2273 801 in

701 846 930 900 aliorum
983 854 1141 899 aztate
1184 842 1513 897 deﬁnienda.
1571 843 1751 909 Itaque
1796 841 1839 892 si
1885 841 2275 894 Constantinus

704 943 809 994 ille.
834 940 927 1007 qui
949 937 1247 991 Romanam
1291 935 1586 989 Ecclesium
1614 935 1839 987 dimidia
1865 934 1997 987 urbe
2019 934 2273 986 donatam

703 1033 893 1093 voluit,
921 1033 1047 1103 jura
1072 1030 1227 1092 dixit,
1260 1044 1382 1080 eum
1405 1025 1627 1093 Sergius
1654 1041 1770 1079 aevo
1806 1025 2098 1084 frueretur,
2134 1039 2278 1076 nun-

702 1138 867 1190 quam
894 1118 1591 1187 impetraverilllaietanus,
1618 1124 1674 1169 ut
1694 1115 1990 1184 Gregorius
2010 1114 2276 1168 Iustinia-

704 1214 759 1265 ni
799 1214 815 1263 1
853 1210 1020 1280 318
1059 1207 1394 1276 temporibus
1419 1207 1778 1274 adjudit-etur.
1808 1203 2002 1258 Nullus
2032 1211 2158 1256 ante
2179 1201 2278 1254 Iu-

705 1306 1005 1355 stinianun‘t
1032 1298 1459 1353 [Constantinus
1478 1300 1639 1366 Aug.,
1665 1297 1754 1363 qui
1798 1297 1851 1349 in
1887 1312 1972 1349 res
2002 1294 2278 1348 Romanas

704 1396 1037 1453 dominatus.
1077 1393 1182 1445 nisi
1210 1391 1435 1458 Magnus
1467 1389 1580 1451 ille,
1627 1387 2061 1442 Christianarum
2094 1400 2275 1439 rerum

709 1486 1021 1555 pru'sidium
1053 1502 1065 1536 :
1103 1499 1225 1536 nam
1260 1483 1325 1535 ad
1350 1481 1773 1535 ConStantinnm
1808 1478 1978 1531 lilium
2016 1477 2161 1546 quod
2195 1485 2277 1530 at-

708 1582 863 1637 tinet,
909 1578 1114 1630 nullum
1145 1575 1218 1628 illi
1253 1575 1538 1642 imperium
1568 1574 1753 1626 datum
1790 1572 1841 1624 in
1873 1569 2047 1632 Italia,
2095 1567 2190 1623 sed
2224 1569 2276 1621 in

709 1674 920 1731 Galliis,
954 1668 1254 1731 Britannia,
1285 1676 1445 1733 atque
1473 1663 1656 1716 Africa
1690 1658 2093 1731 proconsulari.
2122 1656 2279 1723 Quod

710 1766 755 1818 si
788 1764 857 1816 ab
886 1777 1031 1815 anno
1055 1759 1181 1824 337,
1207 1774 1318 1827 quo
1354 1756 1748 1810 Constantinus
1768 1753 1997 1821 Magnus
2021 1750 2276 1811 excessit.

710 1857 777 1909 ad
824 1857 948 1919 560,
987 1863 1112 1907 ante
1141 1867 1300 1929 quem
1354 1848 1618 1917 Gregorio
1656 1848 1799 1900 diem
1847 1845 2033 1898 Romae
2079 1844 2278 1896 dictam

2377 656 2487 709 rint
2518 673 2530 707 :
2558 671 2793 725 cumque
2828 666 3033 710 certum
3069 656 3199 708 illud
3228 699 3241 721 ,
3282 653 3707 711 Constantinum
3755 675 3919 728 quem

2376 747 2497 800 dam
2529 748 2797 803 Caesarem
2826 749 3109 802 dimidium
3139 732 3328 802 Romae
3357 751 3669 819 apostolicae
3698 751 3929 806 Ecclesiae

2376 839 2658 906 tribuisse,
2699 840 2822 894 inde
2850 840 2991 894 bella
3014 850 3227 908 arrepta
3259 841 3475 893 occasio
3494 856 3691 895 novam
3715 844 3923 896 cudendi

2375 931 2723 985 donationem
2746 973 2761 996 ,
2788 931 2947 1001 cujus
2986 942 3179 985 auctor
3208 946 3314 984 non
3354 931 3754 987 Constantinus
3788 933 3932 1003 Pago-

2377 1035 2563 1087 natus,
2604 1024 2696 1079 sed
2729 1022 2961 1091 Magnus
2990 1024 3405 1092 perhiberetur,
3445 1024 3650 1093 quique
3682 1040 3785 1078 non
3818 1041 3934 1079 con-

2380 1115 2729 1167 suetudinum
2760 1114 3074 1177 dimidium,
3102 1115 3155 1166 in
3184 1128 3296 1182 quo
3319 1114 3539 1167 dimidia
3575 1114 3751 1168 Roma
3784 1116 3935 1185 signi-

2380 1206 2561 1269 ﬁcata,
2602 1205 2832 1267 dederit,
2869 1204 2965 1259 sed
2996 1219 3215 1257 omnem
3250 1204 3412 1273 plane
3454 1204 3647 1259 urbem
3683 1220 3807 1258 cum
3833 1206 3938 1273 jute

2379 1296 2541 1367 gladii
2576 1313 2592 1350 :
2626 1312 2804 1366 neque
2835 1295 3065 1351 Romam
3095 1304 3324 1359 tantum,
3360 1295 3479 1361 sed,
3513 1306 3571 1350 ut
3598 1298 3939 1367 magniﬁcen-

2377 1389 2486 1441 tior
2528 1390 2754 1442 donatio
2807 1398 3129 1458 appareret,
3190 1388 3504 1456 provincias
3563 1404 3675 1443 non
3735 1405 3941 1457 paucas.

2379 1482 2578 1550 quibus
2616 1478 2720 1533 alia
2766 1480 2990 1551 insuper
3041 1480 3407 1549 supplementi
3460 1480 3582 1534 loco
3630 1480 3849 1541 addita.
3897 1490 3945 1533 ut

2382 1573 2613 1629 Romani
2641 1573 2914 1642 pontiﬁcis
2946 1573 3286 1642 principatus
3318 1572 3493 1642 :nquis
3540 1572 3947 1626 conditionibus

2383 1666 2772 1720 illustraretur.
2813 1663 2994 1729 Quare
3038 1662 3102 1715 ad
3146 1670 3361 1723 autem,
3396 1677 3519 1732 qua:
3547 1662 3946 1716 Consrantinia-

2382 1771 2506 1809 nam
2544 1753 2832 1824 proﬂigent
2859 1754 3217 1807 donationem
3246 1753 3406 1821 cujus
3434 1766 3543 1806 non
3572 1768 3687 1805 una
3719 1760 3951 1819 prostant

2380 1848 2731 1917 exemplaria,
2762 1845 3134 1901 testimonium
3159 1843 3376 1898 Leontii
3406 1843 3659 1906 accedat,
3686 1844 3837 1912 quod
3858 1859 3951 1895 non

711 1963 821 2002 non
851 1956 996 2015 putat
1025 1945 1339 2006 Caietunus,
1373 1941 1501 1994 anni
1533 1939 1757 1992 omnino
1788 1937 2135 1990 intercedunt
2156 1933 2281 1996 225,
2319 1944 2358 2000 ιι
2388 1938 2550 1991 modo
2584 1937 3040 2006 impudentissinti
3076 1936 3394 2005 impostoris
3448 1935 3702 1989 fraudem
3744 1935 3952 2003 detegit,

713 2039 861 2091 nullo
897 2045 1050 2103 pacto
1095 2031 1451 2086 ascribet-dus
1490 2026 1785 2095 Gregorius
1807 2021 2280 2077 annisIustiniani

711 2124 754 2194 Ι,
791 2131 892 2184 sub
924 2143 1037 2196 quo
1069 2141 1244 2194 neque
1278 2125 1603 2192 ipsr,neque
1633 2116 1910 2171 Romanus
1936 2112 2176 2184 pontifex
2202 2112 2286 2165 di—

710 2222 857 2275 xisse
882 2227 1151 2287 poterant,
1174 2216 1304 2282 imp.
1336 2212 1476 2268 Cass.
1510 2210 1873 2265 Constantino
1898 2207 2089 2276 Magno
2117 2220 2288 2274 quou-

713 2315 840 2367 dam
903 2311 1170 2380 paruisse.
1204 2306 1360 2372 Quod
1416 2305 1461 2358 si
1501 2306 1567 2357 ad
1614 2300 1908 2356 Iustiniani
1960 2297 1999 2350 ll
2043 2305 2284 2365 tempora

709 2406 1032 2459 diﬂ'eramus
1062 2398 1407 2468 Gregorium,
1442 2398 1627 2449 statim
1679 2400 1931 2447 occurret
1973 2388 2287 2443 Constanti-

710 2512 817 2550 nus
851 2496 988 2564 Aug.
1030 2490 1324 2545 Iustiniani
1376 2497 1547 2557 pater,
1584 2486 1871 2555 piissimus
1900 2487 2059 2546 vere,
2107 2478 2288 2532 Eccle-

713 2590 916 2655 siaeque
949 2586 1090 2643 bono
1124 2590 1283 2634 natus
1305 2617 1321 2640 ,
1353 2592 1513 2647 quem
1548 2577 1903 2644 imperantem
1939 2570 2207 2625 coluerint
2234 2574 2287 2621 et

716 2670 961 2743 Sergius,
993 2682 1046 2724 et
1077 2667 1395 2736 Gregorius.
1441 2665 1539 2718 llic
1565 2666 1731 2732 igitur
1754 2660 2151 2715 Constantinus
2180 2657 2289 2725 pri-

716 2781 839 2820 mus
868 2762 1114 2817 omnium
1156 2758 1326 2819 dedit,
1367 2757 1693 2823 dooavitque
1740 2752 1801 2806 Β.
1838 2751 1999 2805 Petro
2039 2747 2289 2817 apostolo

716 2856 1011 2911 dimidium
1047 2852 1261 2912 Romm,
1319 2849 1421 2900 hoc
1470 2854 1552 2900 est
1614 2845 1721 2897 τῶν
1780 2843 2101 2913 ὡρισμένων
2152 2858 2282 2893 συν-

714 2948 937 3018 ηθειῶν,
968 2948 1081 2998 sive
1104 2942 1366 3000 Cononis,
1391 2954 1552 3009 quem
1578 2945 1987 3005 repraasentaret
2010 2934 2290 2987 Romanus

719 3041 982 3113 populus,
1016 3037 1158 3090 unde
1188 3042 1440 3101 sumptus
1472 3030 1781 3085 sullicerent
1807 3068 1822 3091 ,
1862 3028 2019 3094 queis
2049 3024 2290 3078 Ecclesia

716 3144 833 3188 erat
861 3147 1019 3201 opus,
1056 3144 1163 3181 non
1196 3141 1357 3180 secus
1427 3126 1590 3192 atque
1628 3121 1825 3175 deinde
1851 3118 2194 3173 Iustinianus
2228 3113 2286 3167 l".

716 3224 1083 3294 Agrigentinus
1114 3218 1401 3280 Ecclesiae,
1432 3231 1541 3285 quo
1576 3229 1778 3268 novum
1819 3220 1872 3264 et
1923 3209 2205 3278 templum,
2239 3214 2291 3260 et

2389 2022 2482 2082 sed
2513 2042 2688 2097 ecquo
2725 2042 2756 2081 e
2795 2026 3004 2081 semine
3040 2036 3350 2079 monstrum
3384 2026 3515 2080 illud
3552 2036 3777 2087 natum,
3824 2028 3956 2095 quol

2389 2129 2468 2175 tot
2500 2121 2698 2175 saecula
2727 2121 2797 2173 ob
2827 2119 3017 2175 oculos
3047 2119 3331 2173 hominum
3375 2129 3650 2175 versatur.

2460 2210 2569 2264 XL.
2602 2212 2728 2265 Haec
2766 2226 2889 2265 cum
2928 2211 2999 2265 ita
3035 2211 3163 2273 sint,
3206 2210 3334 2279 quid
3383 2220 3552 2264 restat
3596 2210 3867 2279 amplius,
3911 2221 3962 2261 ut

2386 2303 2544 2357 effeta
2587 2303 2793 2358 viribus
2824 2305 3042 2359 dicatur
3087 2302 3329 2357 Caietani
3362 2303 3549 2370 opinio
3597 2304 3669 2357 de
3710 2304 3965 2371 Gregorio

2387 2394 2866 2464 Agrigentinorum
2918 2394 3179 2463 episc0po
3225 2392 3542 2448 Iustiniano
3596 2393 3615 2446 Ι
3670 2395 3968 2463 compare?

2388 2479 2521 2537 Tatn
2554 2489 2721 2539 multa
2763 2498 2888 2540 cum
2943 2486 3096 2540 illam
3154 2494 3490 2555 oppugnent,
3537 2495 3741 2540 contra
3792 2488 3968 2539 omnia

2387 2577 2707 2646 conspircnt
2735 2577 2803 2631 ad
2832 2578 3243 2643 declarandum,
3280 2580 3447 2633 vitam
3475 2576 3818 2649 Gregorium
3851 2594 3972 2648 pro-

2388 2667 2611 2723 duxisse
2662 2669 2766 2723 sub
2799 2667 3115 2724 Iustiuiano
3154 2668 3215 2732 ll,
3249 2669 3374 2739 quis
3421 2682 3529 2724 tam
3576 2673 3780 2725 insane
3818 2670 3977 2724 obﬁr-

2389 2772 2536 2815 mato
2567 2761 2641 2816 sit
2671 2762 2875 2827 animo,
2913 2761 3007 2830 qui
3036 2761 3091 2814 in
3119 2761 3365 2831 Cajctaui
3406 2764 3572 2816 verba
3609 2764 3980 2816 nihilominus

2384 2854 2570 2923 juret?
2607 2854 2776 2908 Nemo
2812 2869 2954 2908 unus
2985 2869 3049 2907 ex
3096 2855 3325 2908 vetustis
3362 2855 3735 2923 scriptoribus
3780 2854 3983 2925 Grego-

2390 2945 2533 2998 rium
2587 2943 2655 2996 ad
2710 2941 3059 2998 Iustinianil
3109 2953 3352 3013 tempora
3389 2945 3603 3012 rejecit,
3666 2944 3985 3017 Nicephoro

2391 3038 2614 3093 Callisto
2664 3049 2910 3107 excepto,
2948 3038 3043 3090 lib.
3083 3053 3211 3102 xm,
3246 3053 3368 3107 cap.
3402 3039 3470 3090 εἴ]
3528 3037 3601 3090 Η.
3640 3036 3714 3091 Ε.
3750 3039 3827 3092 At
3870 3040 3989 3108 quis

2396 3134 2494 3186 iste
2517 3131 2898 3200 Nicepltorus?
2925 3130 3119 3184 Saeculi
3149 3112 3235 3184 tuv
3267 3132 3520 3200 scriptor,
3557 3132 3655 3199 qui
3693 3142 3780 3184 tot
3809 3134 3991 3200 splrat-

2394 3234 2540 3279 mata
2576 3226 2851 3280 commisit
2881 3227 2933 3278 in
2990 3225 3384 3279 ecclesiasticis
3421 3224 3589 3278 rebus
3620 3229 3993 3285 enarraudis.

717 3286 959 3386 episcopi
1000 3311 1141 3365 aedes
1183 3316 1635 3371 exstruerentur,
1684 3303 1967 3358 dimidiam
2010 3298 2290 3370 Agrigenti

2395 3325 2452 3369 ut
2476 3316 2695 3368 nonnisi
2722 3331 2845 3369 cum
2880 3317 3036 3370 taédio
3072 3316 3139 3369 ab
3179 3316 3532 3382 acrisjudicii
3570 3318 3712 3369 viris
3752 3318 3998 3386 ejuslli-

721 3418 926 3479 partem
964 3404 1131 3466 dedit,
1165 3403 1218 3455 itt
1265 3406 1390 3469 Qua,
1427 3414 1591 3467 super
1626 3398 1851 3460 tributa,
1884 3410 2004 3463 quae
2054 3390 2287 3461 pepulus

719 3501 995 3571 penderet,
1025 3496 1100 3549 nil
1122 3495 1340 3548 demum
1383 3492 1693 3558 intelligas,
1755 3502 1878 3541 nam
1923 3486 2109 3539 datum
2154 3481 2289 3534 adeo

721 3591 1046 3662 imperiijus
1075 3581 1344 3656 suspicari
1378 3588 1484 3638 non
1527 3582 1690 3645 licet,
1734 3595 1858 3633 eum
1917 3592 2021 3630 una
2080 3574 2292 3628 eadem-

721 3701 827 3756 que
851 3684 1048 3739 civitas
1083 3679 1297 3733 duobus
1327 3690 1519 3746 parere
1540 3672 1778 3728 detninis
1797 3673 1954 3740 plane
1976 3677 2291 3756 monstruo-

722 3754 866 3836 sum,
888 3786 1065 3841 neque
1096 3770 1300 3824 donum
1328 3767 1589 3819 donatum
1619 3778 1714 3816 seu
1741 3762 2004 3822 Romano,
2030 3772 2123 3811 seu
2147 3754 2296 3821 Agri-

722 3865 946 3936 gentino
973 3864 1253 3931 episeopo,
1297 3857 1389 3912 sed
1412 3856 1574 3909 Petro
1594 3862 1646 3908 et
1670 3851 1800 3913 Deo,
1834 3859 1892 3903 ut
1923 3847 2175 3901 Ecclesiae
2202 3846 2296 3897 im-

726 3957 911 4027 pensis
947 3953 1329 4008 consuleretur
1361 3966 1377 4015 ;
1417 3946 1562 4018 quod
1611 3945 1811 3999 diserte
1854 3942 1907 3995 in
1944 3938 2294 4011 Agrigentina

725 4048 1017 4102 donatione
1050 4042 1416 4113 signiﬁcatum
1438 4082 1453 4107 ,
1512 4053 1687 4107 neque
1721 4037 1904 4092 secius
1937 4036 2005 4089 dc
2047 4033 2296 4087 Romana

726 4134 1132 4190 allii-mandunt.

798 4244 1045 4300 XXXIX.
1087 4244 1264 4313 Atque
1295 4242 1383 4295 hie
1410 4238 1671 4310 gratulari
1717 4238 1849 4292 mihi
1890 4237 2050 4291 liceat
2100 4238 2301 4290 littera-

728 4350 905 4395 torum
926 4336 1155 4399 civitati,
1181 4333 1443 4404 singulari
1462 4341 1664 4385 ornatae
1695 4332 1953 4383 beneﬁcio
1977 4331 2043 4382 ab
2074 4328 2300 4382 Leontio

730 4439 943 4491 nostro,
976 4427 1064 4480 eui
1090 4426 1275 4496 gratia;
1300 4438 1365 4477 eo
1401 4423 1625 4475 nomine
1659 4427 1791 4474 'sane
1827 4436 1991 4488 quam
2025 4420 2174 4472 mira
2202 4421 2298 4471 ha-

729 4522 949 4575 bendae-
970 4520 1181 4584 Quotus
1213 4518 1359 4569 enim
1400 4515 1633 4584 quisque
1664 4522 1766 4575 est,
1784 4513 1874 4581 qui
1908 4513 2133 4572 neseiat,
2164 4527 2302 4581 quas

2390 3411 2556 3464 Storia
2602 3411 2832 3476 legatur.
2889 3410 3080 3463 Ausim
3117 3411 3277 3478 igitur
3313 3408 3679 3463 Leontianam
3719 3410 3903 3465 (idem
3956 3415 4001 3463 ia

2389 3501 2684 3555 discrimen
2721 3516 2916 3554 vocare
2950 3512 3057 3554 tam
3086 3501 3297 3553 lubrico
3339 3501 3688 3563 testimonio,
3729 3504 3896 3571 quud
3938 3516 4005 3556 lOl

2391 3592 2496 3645 alia
2537 3592 2886 3661 oppugnant?
2943 3591 3141 3645 Ρωιιρι*
3191 3592 3557 3659 Epitomasten
3632 3592 4009 3663 Gregorianm

2391 3687 2538 3750 vitre,
2572 3696 2625 3739 et
2674 3687 3032 3755 Menolvgium
3084 3685 3440 3749 Basilianum,
3471 3686 3541 3739 ab
3581 3686 3846 3741 Leontio
3888 3701 4012 3741 sunt

2397 3779 2622 3832 Simeon
2651 3780 3069 3846 Metapltrastes,
3117 3777 3477 3848 Menologium
3520 3778 3797 3832 Grarcuui
3844 3798 3877 3833 a
3914 3780 3993 3835 ϐυ

2396 3870 2580 3923 lielmo
2637 3871 2836 3923 birleto
2873 3869 3064 3922 Latine
3122 3886 3361 3931 versum,
3400 3868 3621 3923 Nieelas
3685 3874 4019 3926 monachus

2399 3958 2636 4023 Studita,
2678 3974 2817 4028 quos
2850 3969 3027 4013 tamen
3063 3959 3358 4013 Caietanus
3409 3962 3719 4026 sententia:
3760 3978 3896 4016 sua
3930 3980 4022 4016 au-

2396 4062 2576 4107 ctores
2616 4052 2840 4105 laudare
2884 4066 2991 4104 non
3053 4061 3291 4105 veretur.
3347 4050 3598 4106 Haecine
3622 4052 4023 4124 εὐστομχῷς

2398 4142 2675 4205 feremus,
2748 4157 2814 4195 an
2883 4157 3009 4195 cum
3082 4141 3410 4195 Terentiano
3450 4142 3692 4199 Simone
3751 4149 4027 4201 dicamu-

2400 4234 2478 4302 (in
2512 4232 2681 4287 Andr.
2712 4240 2818 4285 act.
2851 4248 2905 4295 v,
2940 4248 3019 4286 se.
3056 4234 3135 4302 3):

2610 4326 2699 4378 Ita
2735 4324 2991 4392 prwdicat
3012 4328 3037 4378 ?
3065 4330 3324 4395 ingentem
3353 4329 3751 4396 conﬁdentiam
3775 4333 3802 4383 .'

2473 4417 2607 4472 XLI.
2647 4418 3041 4488 Metaphrastes
3071 4428 3179 4471 tam
3222 4420 3452 4489 liquido,
3502 4437 3677 4489 quam
3736 4425 3845 4476 lux
3892 4427 4031 4492 ipsa.

2402 4512 2664 4579 scripsit,
2744 4512 3058 4564 interfuisse
3125 4510 3444 4581 Gregorium
3514 4530 3743 4581 magna:
3800 4522 4035 4586 synodo

729 4613 959 4667 diridias
1022 4609 1275 4663 excitarit
1323 4604 1663 4661 Constantini
1717 4604 1857 4673 Aug.
1898 4603 2140 4665 donatio,
2193 4616 2297 4669 qua
2335 4606 3053 4685 DConstantinOpolitanm,
3111 4622 3233 4675 quae
3287 4608 3543 4660 convenit
3613 4609 4038 4664 Monnthelius

730 4712 890 4758 aucta
930 4700 1102 4754 fertur
1140 4699 1387 4751 Romana
1416 4692 1693 4750 Ecclesia?
1717 4693 1853 4747 Sunt
1886 4692 1977 4761 qui
2018 4692 2163 4744 illam
2206 4691 2297 4758 Ity-

734 4795 1109 4866 pobolimatam
1144 4790 1422 4860 sugillent,
1456 4794 1586 4842 sunt
1616 4785 1707 4854 qui
1741 4795 1800 4838 ut
1831 4784 2299 4854 germanissintam

731 4882 1076 4939 Constantini
1104 4881 1431 4950 scripturam
1476 4878 1877 4945 amplexentur,
1924 4883 2051 4929 sunt
2079 4873 2171 4940 qui
2204 4873 2301 4925 de-

732 4982 1014 5044 pravatum
1051 4971 1355 5041 legitimum
1405 4983 1543 5037 opus
1591 4966 1876 5030 dietitent,
1926 4965 2018 5018 sed
2053 4965 2151 5029 iis,
2210 4962 2300 5031 qui

734 5065 1066 5119 subditivam
1096 5063 1245 5116 illam
1274 5062 1485 5123 volunt,
1512 5058 1751 5113 nondum
1770 5065 2105 5126 compertum
2130 5070 2304 5121 ecquo

734 5174 765 5212 e
794 5156 944 5213 fonte
984 5155 1169 5209 fabula
1194 5156 1282 5208 illa
1300 5156 1558 5223 eruperit.
1601 5151 1838 5203 Tandem
1864 5164 1992 5204 vero
2012 5149 2308 5217 aliquando

735 5250 909 5304 facem
949 5249 1099 5301 hisce
1122 5246 1371 5301 tenebris
1413 5244 1743 5314 depellendis
1778 5242 2019 5311 praetulit
2047 5239 2305 5294 Leontius

736 5348 922 5395 noster
963 5339 1317 5399 testimmtio,
1374 5338 1517 5405 quod
1573 5350 1708 5388 auro
1763 5343 1955 5387 contra
1991 5332 2304 5401 pretiosius,

735 5429 993 5497 quodque
1021 5426 1225 5480 frustra
1258 5427 1553 5479 Caietanus
1584 5424 1857 5477 sollicitat.
1894 5421 1967 5474 Ex
2010 5438 2074 5473 eo
2108 5420 2305 5472 intelli-

737 5522 938 5590 gintus,
960 5516 1263 5569 Romanam
1284 5516 1582 5570 Ecclesiam
1605 5530 1632 5568 a
1654 5514 2013 5569 Constantino
2033 5514 2307 5581 l‘ogonato

734 5618 994 5666 donatam
1020 5610 1245 5663 dimidio
1278 5610 1526 5673 canonis,
1556 5622 1715 5676 quem
1761 5606 1991 5675 populus
2026 5604 2307 5657 Romanus

737 5707 792 5760 in
828 5704 1019 5758 iiscum
1047 5692 1355 5757 Caesareum
1391 5700 1678 5754 inferebat.
1704 5700 1808 5753 Sed
1834 5700 2001 5762 enim,
2022 5714 2144 5751 cum
2184 5708 2309 5749 tem-

736 5800 885 5867 poris
919 5813 1173 5866 processu
1204 5795 1481 5850 Ctesarum
1536 5796 1778 5865 potentia
1832 5796 1882 5847 in
1914 5794 2087 5857 Ilalia,
2144 5804 2308 5861 atque

738 5890 853 5960 ipsa
888 5892 1016 5945 urbe
1045 5890 1364 5944 labefactata
1397 5900 1595 5953 rueret,
1628 5904 1730 5943 non
1758 5888 1890 5941 mihi
1910 5888 2156 5949 dubium,
2177 5886 2305 5955 quin

494 6070 847 6189 ...η

2366 5250 2616 5320 synodo
2695 5252 2959 5305 adversus
3045 5252 3428 5305 Monothelitas
3506 5265 3735 5309 coacta.

2406 4712 2537 4750 orco
2594 4697 2947 4761 devovendis,
2990 4699 3337 4765 potissimum
3375 4714 3505 4751 vero
3551 4700 3732 4769 Cyro,
3794 4702 4038 4771 Sergio.

2401 4790 2631 4859 Pyrrho.
2652 4788 2821 4842 Paulo
2844 4788 3327 4843 Monothelitarum
3353 4790 3646 4859 primipilis
3673 4808 3691 4855 ;
3723 4794 4041 4859 Sintulth

2402 4882 2569 4934 vitam
2598 4883 2776 4950 egisse
2806 4879 3118 4936 Iustiniano
3156 4883 3294 4951 Aug.
3344 4882 3675 4951 imperante.
3715 4883 3893 4947 Quid
3940 4889 4039 4941 hoc

2402 4984 2506 5037 est,
2537 4974 2645 5028 nisi
2675 4974 2959 5028 nobiscum
2992 4976 3195 5029 sentire
3236 4974 3701 5045 Metaphrastent?
3737 4980 3857 5033 sed
3890 4983 4041 5031 enim

2406 5069 2558 5122 illum
2600 5078 2751 5121 ratus
2779 5067 3077 5137 Cajetanus
3109 5069 3176 5121 ad
3218 5084 3343 5122 suas
3377 5070 3677 5125 adductum
3724 5074 3798 5124 iri
3860 5086 4041 5127 τείως

2408 5175 2525 5222 nes,
2563 5160 2724 5212 modo
2785 5162 3215 5213 contaminatam
3255 5162 3461 5215 diceret
3508 5165 3940 5219 narrationem
3988 5170 4046 5219 de

3822 5256 4047 5325 Erquz

2408 5344 2657 5413 (malum)
2690 5344 2974 5398 calamitas
3003 5345 3126 5407 ista,
3181 5360 3285 5412 qua
3335 5344 3573 5398 efﬂictim
3604 5361 3879 5415 preSsus
3921 5366 4045 5401 αισι

2410 5432 2709 5496 Leontius,
2782 5443 2895 5484 tum
2931 5432 3361 5502 Metaphrastes?
3423 5432 3747 5499 Corruptus
3809 5436 4047 5487 Lt‘miii:

2408 5523 2869 5586 Commentarius,
2944 5523 3038 5575 ubi
3092 5532 3445 5592 percensetur
3498 5521 3830 5592 Gregorius
3911 5530 4027 5577 ina:

2413 5613 2692 5681 theologos
2738 5613 3043 5680 cooptatus,
3077 5614 3168 5681 qui
3222 5613 3528 5677 summoiu
3568 5628 3879 5669 consessu
3946 5616 4047 5666 ὶιει

2414 5704 2705 5757 nothelitas
2732 5706 3129 5773 proscriberent
3155 5723 3169 5770 ;
3197 5707 3489 5773 depravata
3523 5707 3629 5759 hoc
3662 5708 3802 5775 ipso
3838 5712 3911 5761 in
3946 5714 4055 5759 lem

2412 5796 2660 5865 Gregorii
2714 5798 2822 5849 vita
2856 5838 2868 5857 ,
2947 5813 3110 5867 quam
3148 5798 3561 5865 ’llletaphrastcs
3625 5802 4054 5854 concinnam.

2417 5889 2546 5942 Mira
2580 5904 2689 5960 res,
2723 5891 2806 5943 cui
2842 5904 2947 5944 non
2980 5890 3225 5954 credant,
3264 5892 3366 5943 nisi
3405 5891 3501 5958 qui
3542 5891 3778 5946 fuerint
3812 5912 3856 5946 ι-
3900 5906 4053 5961 gitti“:
