4144 6448
190 400 306 462 1225

1533 407 2060 468 DISSER'I‘ATIO.

3272 418 3410 480 1326

187 505 388 559 Meneni.
446 507 569 570 Sed,
618 517 672 560 ut
727 510 839 562 haec
886 502 1245 574 omittantur,
1278 510 1414 566 satis
1463 528 1733 583 superque
1765 525 1806 576 Α
1837 527 2042 578 noster,
2083 520 2172 586 qui
2204 519 2268 573 de
2304 521 2566 590 Gregorio
2601 524 2770 576 Roma
2817 524 3045 594 appulso
3073 525 3405 585 Panormum

185 603 320 652 docet
374 599 766 667 Metaphrastes
814 600 1144 666 Gregorium
1198 611 1447 658 nostrum
1506 605 1558 657 in
1611 622 1730 660 eam

184 691 427 760 synodum
463 690 626 760 319
647 694 992 756 convenisse,
1044 692 1098 746 in
1129 709 1235 762 qua
1285 709 1369 749 res
1397 705 1519 748 aeta
1545 707 1731 751 contra

184 782 543 838 Monothelitas
575 801 589 836 :
619 801 746 838 nam
778 787 854 838 ait
890 787 962 840 ab
999 802 1060 842 ea
1096 788 1339 844 abfuisse
1376 806 1499 844 cum
1526 791 1731 856 Romae,

181 888 281 930 tnm
308 877 570 932 Sardiniae
595 880 906 948 episcopos.
931 882 1133 950 quippe
1163 883 1360 936 morbo
1388 883 1683 952 implicitos
1714 903 1731 938 τ

178 979 227 1024 et
256 969 550 1024 Romanum
580 972 798 1040 quidem
837 975 1072 1042 legatum
1107 975 1341 1042 misisse,
1370 978 1461 1046 qui
1494 978 1578 1030 sui
1613 995 1736 1047 per-

177 1077 347 1114 sonam
377 1062 572 1115 obiret.
605 1058 730 1114 Haec
761 1077 868 1115 non
905 1065 1132 1127 cadunt,
1162 1066 1268 1120 nisi
1298 1067 1350 1118 in
1393 1068 1656 1136 synodum
1683 1085 1734 1122 vr

173 1152 592 1217 melimenicam;
635 1167 759 1205 nam
789 1154 932 1222 quod
975 1170 1006 1205 v
1044 1155 1256 1218 attinet,
1299 1171 1472 1224 neque
1508 1158 1662 1227 legati
1704 1174 1734 1213 a

175 1243 414 1309 pontilice
469 1240 643 1305 missi,
679 1242 770 1310 qui
822 1244 1030 1312 synodo
1073 1253 1391 1312 praeessent,
1424 1262 1598 1316 neque
1651 1248 1738 1302 hic

175 1331 350 1385 Romae
387 1333 724 1393 eonsidehat,
766 1334 859 1386 sed
902 1335 1016 1402 ipsa
1067 1336 1123 1389 in
1162 1337 1294 1391 urbe
1329 1339 1497 1405 regia,
1529 1340 1669 1408 quod
1706 1354 1736 1392 a

173 1422 319 1475 nobis
341 1425 797 1476 demonstratum.
832 1423 946 1487 Ona
978 1439 1035 1477 re
1070 1426 1375 1494 improbum
1410 1445 1548 1494 opus
1578 1431 1738 1482 desu-

171 1511 258 1565 dat
277 1512 602 1576 Caietanus,
653 1530 776 1567 cum
821 1513 1242 1583 Metaphrastem
1281 1518 1334 1571 in
1370 1529 1558 1588 partes
1608 1537 1736 1576 suas

172 1606 482 1673 protrahere
513 1613 806 1673 pertentat.

237 1694 392 1750 XLII.
428 1696 613 1765 Neque
643 1697 932 1751 candidius
957 1696 1126 1752 fatum
1150 1709 1427 1768 expertus,
1461 1717 1584 1756 cum
1610 1719 1738 1773 sup-

169 1786 335 1853 petias
371 1785 603 1839 advocat
633 1801 662 1838 a
690 1785 881 1840 Graeco
907 1786 1214 1860 Menologio
1243 1790 1536 1857 Sirletano,
1568 1809 1600 1849 e
1628 1812 1736 1864 quo

171 1891 271 1929 non
299 1877 474 1942 video,
501 1877 630 1945 quid
655 1886 939 1948 emungat,
962 1881 1104 1947 quod
1129 1882 1198 1934 ad
1235 1897 1391 1937 suam
1413 1884 1580 1940 faciat
1605 1902 1737 1941 cau-
1770 1865 1809 1918 Β

169 1982 302 2018 sam.
346 1966 420 2020 Ex
455 1983 520 2020 eo
552 1968 665 2022 haec
705 1969 918 2031 recitat,
950 1967 1072 2039 quae
1116 1973 1326 2028 scilicet
1376 1976 1645 2045 leguntur.
1669 1979 1735 2031 ad

167 2056 235 2107 23
267 2055 585 2110 Novembris
616 2077 628 2110 :
655 2056 1100 2115 Commemoratio
1151 2066 1324 2116 sancti
1359 2063 1598 2135 Gregorii
1631 2069 1738 2135 epi-

169 2149 306 2215 scopi
334 2146 682 2218 Agrigentini.
711 2152 811 2205 Hic
840 2151 942 2220 [uit
979 2153 1074 2207 sub
1109 2156 1323 2224 imperio
1348 2155 1644 2214 Iustiniani
1668 2177 1737 2214 ea:

167 2244 292 2295 urbe
328 2241 633 2312 Agrigento,
677 2245 776 2313 piis
808 2255 963 2316 atque
991 2247 1375 2316 hospitalitatis
1433 2261 1482 2304 et
1518 2252 1738 2308 eleemo-

166 2352 411 2404 διίησι-ιιοιι
454 2336 867 2392 studiosissimis
892 2341 1202 2406 parentibus
1233 2355 1401 2396 ortus.
1434 2348 1608 2400 Annos
1642 2364 1737 2400 na-

167 2439 248 2479 tus
287 2427 457 2480 decem
507 2437 556 2480 et
611 2439 728 2482 octo
780 2427 1042 2484 desiderio
1073 2436 1354 2487 uenerandi
1393 2446 1582 2489 sancta
1622 2438 1738 2492 loca

168 2518 593 2588 Hierosolymam
618 2523 794 2590 petiit,
837 2523 1007 2593 ibique
1053 2543 1084 2578 a
1114 2535 1296 2579 sancto
1338 2531 1578 2583 Morario
1620 2533 1740 2584 dia-

160 2629 323 2666 conus
355 2613 528 2681 factus
566 2631 800 2669 reversus
816 2627 904 2671 est
932 2616 1287 2687 Byzantium;
1313 2633 1490 2689 postea
1515 2621 1738 2677 Romam

163 2707 324 2770 venit,
378 2708 467 2760 ubi
510 2708 780 2776 episcopus
814 2712 1187 2780 Agrigentinus
1233 2726 1440 2769 creatus
1485 2727 1582 2779 est,
1638 2735 1737 2787 quo

162 2813 376 2850 munere
406 2799 660 2866 prwctare
692 2799 926 2867 functus,
962 2803 1139 2856 multis
1159 2807 1315 2858 editis
1339 2809 1642 2874 miraculis,
1684 2811 1738 2862 in

165 2906 374 2942 summa
416 2901 676 2945 senectute
725 2894 968 2962 migravit
1026 2898 1096 2948 ad
1146 2897 1447 2953 Dominum.
1502 2900 1741 2959 Hoccine

163 2989 423 3049 magnum
467 2982 599 3036 illud
632 2983 1030 3048 testimonium,
1075 3003 1184 3056 quo
1219 2999 1500 3061 tantopere
1546 2997 1742 3064 gestiat

160 3070 501 3138 Cajetanus?
548 3089 685 3128 eone
741 3076 962 3131 nomine
1010 3079 1167 3133 rbelo
1217 3081 1441 3147 dignum
1494 3085 1739 3142 habitum

164 3160 525 3233 Henologium
558 3165 728 3231 aliud,
763 3165 946 3220 Basilii
979 3171 1118 3239 Aug.
1176 3173 1381 3228 editum
1412 3176 1592 3244 jussu,
1642 3181 1732 3232 ubi
1762 3191 1804 3250 ε

161 3252 416 3306 disertim
454 3255 659 3310 indicat
686 3257 888 3312 vixisse
935 3259 1256 3330 Gregorium
1290 3265 1392 3320 sub
1425 3265 1778 3322 Iustiniano.

160 3339 567 3397 Rhinotmeto?
619 3345 842 3413 perinde
895 3364 1023 3402 vero
1074 3365 1158 3415 ac,
1216 3352 1344 3421 quia
1406 3354 1738 3423 Sirletanum

158 3432 525 3500 Menologium
577 3437 946 3494 Iustinianum
1001 3443 1305 3498 nominavit
1355 3447 1500 3500 nulla
1536 3464 1741 3521 cogno-

164 3525 344 3578 menti
383 3528 720 3593 aceessionc,
761 3530 968 3584 ideirco
1002 3532 1427 3602 confugiendum
1459 3539 1527 3594 ad
1566 3539 1740 3598 Justi-

153 3619 389 3671 nianum
422 3619 465 3681 l,
493 3619 716 3675 excluso
741 3623 955 3690 penitus
981 3622 1369 3682 Iustiniano".
1404 3628 1510 3686 Sed
1539 3647 1741 3703 cogno-

153 3723 275 3771 sce,
312 3725 430 3778 qua:
459 3713 930 3781 comminiscetur,
969 3718 1046 3771 uti
1095 3733 1274 3784 suam,
1324 3737 1548 3792 quoquo
1579 3728 1740 3780 modo

151 3800 357 3866 possit,
400 3803 723 3856 sententiam
773 3813 998 3861 tutetur.
1051 3807 1209 3864 Videt
1239 3811 1429 3866 eodem
1462 3815 1515 3867 in
1568 3817 1737 3870 Sirle~

150 3901 293 3942 Iano
343 3891 646 3961 Menologio
678 3895 744 3949 ad
783 3895 848 3950 I9
887 3895 1203 3955 Decembris
1254 3904 1584 3960 mentionem
1621 3910 1736 3962 ﬁeri

147 3983 226 4032 (le
255 3991 451 4036 sancto
487 3983 748 4054 Gregorio
777 3986 1155 4056 Agrigentino,
1197 4002 1359 4062 atque
1389 3995 1517 4050 hinc
1549 3999 1740 4052 statuit

140 4075 302 4126 duos
339 4072 631 4142 Gregorius
675 4078 1152 4147 Agrigentinorum
1200 4085 1506 4156 episcopos,
1546 4105 1736 4155 unum,

143 4164 266 4215 hoc
289 4174 370 4217 est
401 4164 789 4234 Leontianum,
818 4174 910 4239 qui
946 4173 1140 4227 vixerit
1173 4173 1484 4231 Iustiniano
1517 4178 1534 4231 Ι
1567 4179 1737 4250 Aug.,

139 4253 324 4320 eique
368 4266 586 4324 arrogat
617 4258 879 4326 elogium,
923 4264 1070 4330 quod
1099 4266 1164 4317 ad
1212 4266 1280 4319 25
1312 4265 1634 4324 Novembris
1682 4273 1734 4325 in

139 4343 436 4401 Sirletano
471 4348 776 4420 Menologio
812 4352 1006 4421 legitur
1034 4373 1048 4420 ;
1097 4358 1331 4412 alterum
1362 4359 1658 4416 Iustiniani
1692 4363 1734 4417 Il

139 4449 333 4501 regno
364 4436 621 4503 vindicat,
647 4456 806 4509 quem
861 4445 1176 4501 meminisse
1204 4449 1343 4502 idem
1373 4448 1734 4520 Menologium

131 4536 316 4593 putat
358 4529 421 4582 ad
462 4532 526 4584 I9
567 4529 918 4601 Decembris;
971 4553 1082 4605 quo
1129 4538 1448 4594 discriminc
1496 4545 1739 4611 neglecto

133 4617 368 4670 factum
424 4621 520 4684 ait,
560 4630 620 4675 ut
669 4623 838 4692 priori
875 4628 1068 4694 partim
1112 4631 1372 4698 imputata
1431 4633 1560 4697 sint,
1619 4649 1739 4702 qua:

131 4706 332 4759 unius
361 4711 586 4763 secundi
626 4714 867 4781 propria.
901 4725 1062 4784 atque
1091 4733 1154 4769 ex
1198 4720 1410 4772 duobus
1446 4736 1587 4773 unus
1616 4737 1741 4776 coa-

126 4801 329 4852 Iuerit
377 4799 692 4871 Gregorius.
740 4807 942 4875 Argnte
976 4808 1131 4872 satis,
1191 4813 1283 4866 sed
1341 4828 1467 4866 vere
1499 4814 1652 4868 nihil.
1683 4814 1738 4867 Si

121 4890 524 4960 McnoIOgium
556 4894 886 4950 Sirletanum
917 4899 980 4951 ad
1017 4901 1082 4954 l9
1106 4901 1422 4958 Decembris
1454 4905 1534 4957 vel
1577 4906 1738 4959 mini-

123 4996 311 5037 mum
344 4983 592 5037 innueret
615 4987 680 5040 de
698 4988 838 5056 ejus,
866 5005 1028 5058 quem
1061 4993 1268 5059 laudat,
1294 4993 1538 5064 Gregorii
1561 5006 1735 5062 relate,

119 5081 304 5128 esset
362 5075 503 5129 umle
557 5078 712 5130 nobis
755 5080 1159 5148 gratularemur
1197 5084 1264 5138 de
1299 5095 1580 5153 comperta
1617 5087 1738 5155 ejus

117 5162 413 5230 Gregorii
466 5174 646 5227 aetate,
687 5168 818 5235 quin
868 5177 1048 5223 tamen
1087 5169 1449 5227 Leontianum
1500 5191 1528 5227 a
1559 5174 1730 5228 Iusti-

115 5253 312 5305 niani
357 5249 396 5304 II
428 5255 764 5321 temporibus
795 5256 1220 5314 dimoveremus.
1253 5259 1445 5327 Porro,
1475 5261 1740 5332 Gregorio

114 5349 356 5396 nostro
387 5344 664 5409 praiivisse
695 5345 808 5398 sive
845 5363 1036 5413 unum,
1073 5350 1187 5402 sive
1219 5352 1403 5418 plures
1447 5352 1739 5421 Gregorius

112 5431 644 5498 Agrigentinorum
687 5435 886 5499 sidera,
947 5439 1104 5491 docet
1136 5452 1259 5491 cum
1299 5440 1522 5494 historia
1562 5452 1738 5497 trans-

110 5520 384 5574 IatiOnis
420 5521 588 5574 beatae
618 5523 929 5592 Agrippinae
965 5528 1033 5579 ab
1068 5529 1256 5581 eodem
1290 5528 1553 5598 Cajctano
1583 5534 1739 5585 exhi-

108 5613 259 5668 blla
297 5620 339 5662 t.
375 5612 393 5664 I
429 5613 671 5666 \‘ilarum
709 5613 806 5668 SS.
841 5616 1173 5681 Siculorum,
1207 5637 1328 5690 quae
1360 5623 1514 5677 nobis
1545 5639 1742 5692 suppe-

103 5706 291 5761 ditat
345 5703 447 5756 sub
488 5704 792 5771 Valeriano,
829 5719 882 5761 et
911 5710 1158 5764 Gallieno
1185 5713 1358 5782 Augg.
1419 5714 1738 5780 Gregorium

97 5792 451 5865 quemdam
473 5793 950 5862 Agrigentinorum
975 5800 1313 5868 cpisi'opum,
1341 5812 1452 5858 tum
1481 5803 1740 5858 Leontius

562 5886 836 5950 Ριτῐιοι..
870 5891 984 5950 Gn.
1017 5892 1293 5954 XCVIII.

1772 4522 1814 4575 Ῐ)

1836 619 1960 657 eum
1995 605 2176 660 Felice
2207 611 2484 678 episcopo,
2519 626 2548 664 a
2581 628 2690 680 quo
2734 614 3088 684 Agrigentino
3126 617 3176 670 in
3211 618 3409 681 throno

1838 694 2130 762 locaretur,
2171 700 2418 756 scribens
2469 702 2581 756 haec
2628 703 2801 771 inquit
2835 723 2845 757 :
2886 704 3061 775 Igitur
3103 709 3158 762 in
3194 713 3408 778 proprio

1835 786 2095 853 episcopio
2137 803 2549 858 commorantur,
2598 796 2684 846 cui
2714 796 2777 847 ab
2807 809 2990 850 sancto
3019 797 3273 870 Gregorio
3314 819 3410 858 no-

1838 892 1952 929 men
1977 891 2111 946 erat,
2147 883 2283 949 quod
2306 893 2442 937 certe
2468 885 2598 938 olim
2630 886 2986 955 Agrigentintz
3012 889 3264 946 Ecclesia:
3295 892 3410 960 [ue-

1839 979 1944 1032 rat,
1974 968 2304 1025 Libertinum
2336 976 2680 1042 appellatum.
2711 977 3163 1045 Agrigentinensc
3193 983 3379 1047 episco
3408 1016 3409 1019 η

1837 1060 1986 1127 pium
2035 1062 2290 1116 Panormi
2346 1067 2606 1134 positum,
2664 1069 3121 1136 quemadmodum
3177 1071 3408 1126 Liberti-

1840 1166 1966 1203 mnn
1999 1164 2154 1206 antea
2189 1154 2394 1208 dictum
2443 1173 2471 1210 a
2510 1157 2786 1212 Liber-tino
2815 1160 3069 1228 episcopo
3103 1160 3409 1230 Agrigenti-

1837 1255 2029 1294 norum
2065 1244 2264 1309 primo,
2298 1246 2367 1297 ita
2400 1247 2718 1317 Gregoriani
2763 1267 2960 1304 nomen
2997 1252 3224 1307 subinde
3253 1268 3409 1306 exce-

1837 1334 1982 1400 pisse
2012 1350 2039 1387 a
2075 1334 2338 1405 Gregorio
2377 1340 2612 1405 quodam
2655 1343 2839 1409 ejusee
2879 1344 3120 1397 civitatis
3153 1345 3407 1413 episeopo

1839 1440 1944 1477 non
2004 1425 2276 1481 immerito
2326 1432 2588 1499 aucupari
2642 1433 2786 1486 licet.
2838 1432 3114 1488 Hunccine
3168 1434 3409 1487 celebrat

1840 1515 2168 1568 Sirietannm
2205 1518 2564 1588 Menologium
2601 1522 2666 1576 ad
2699 1525 2762 1578 19
2795 1525 3129 1590 Decembris,
3153 1541 3219 1579 an
3254 1526 3406 1579 illum

1838 1603 1904 1657 de
1933 1620 2041 1672 quo
2073 1606 2289 1659 laudata
2315 1610 2627 1678 Agrippinae
2662 1612 2910 1679 histeria,
2942 1616 2984 1669 si
3015 1615 3235 1683 quidem
3267 1616 3408 1670 alius

1839 1695 1907 1747 ab
1947 1709 2032 1759 eo,
2081 1712 2243 1765 quem
2283 1699 2457 1752 obiter
2492 1703 2738 1757 nominat
2792 1703 3070 1770 Leontius,
3116 1722 3184 1759 an
3238 1707 3405 1760 alium

1843 1789 2115 1854 quemvis,
2151 1791 2308 1844 modo
2348 1807 2455 1845 non
2494 1803 2765 1863 nostrum,
2809 1798 2966 1865 cujus
3005 1799 3195 1852 uetitia
3241 1799 3409 1852 inter-

1838 1879 2001 1931 ierit?
2032 1878 2262 1950 Aﬂingat
2289 1883 2585 1953 Cajetauus
2618 1887 2720 1940 sub
2750 1885 3057 1943 Iustiniano
3086 1888 3106 1942 Ι
3140 1899 3409 1960 quotquot

1840 1969 2067 2024 voluerit
2090 1970 2379 2042 Gregorios
2413 1976 2773 2046 Agrigentina:
2805 1978 3057 2035 Ecclesia:
3099 1982 3405 2052 episeop::s,

1837 2059 1965 2113 dum
2005 2060 2364 2117 Leontianum
2388 2080 2416 2118 a
2439 2063 2729 2119 Iustiniani
2755 2067 2798 2120 ll
2821 2079 2976 2124 aetate
2999 2086 3105 2123 non
3132 2072 3405 2129 sollicitet.

1839 2151 1882 2205 si
1923 2162 2126 2206 sartam
2163 2164 2358 2210 tectam
2409 2158 2537 2212 velit
2578 2159 2890 2216 Leontianze
2936 2163 3186 2218 Historia:
3225 2164 3403 2218 Iidem.

1838 2247 2014 2314 Atque
2043 2247 2154 2302 htec
2181 2247 2359 2303 locum
2384 2251 2648 2319 obtinent,
2692 2254 2736 2307 si
2769 2255 2982 2324 quidem
3025 2257 3282 2327 Cajetano
3313 2260 3405 2311 de-

1840 2355 1962 2394 Inus
1989 2340 2332 2412 Gregorium,
2356 2346 2512 2414 cujus
2542 2346 2903 2417 Menologium
2939 2348 3121 2404 Sirleti
3161 2353 3408 2406 meminit

1839 2431 1904 2484 ad
1938 2432 2002 2487 19
2037 2432 2375 2501 Decembris,
2410 2439 2575 2492 alium
2609 2440 2676 2493 ab
2707 2456 2772 2494 eo
2807 2457 2946 2506 esse,
3002 2444 3160 2513 cujus
3192 2461 3276 2499 res
3316 2462 3409 2513 per

1839 2537 2051 2577 summa
2093 2526 2268 2592 capita
2297 2527 2370 2581 25
2393 2527 2718 2584 Novembris
2745 2547 3157 2600 percensentur.
3193 2536 3331 2603 Quid
3362 2540 3406 2591 si

1841 2627 1983 2667 unus
2039 2615 2292 2687 idemque
2345 2618 2548 2674 fuerit?
2598 2626 2812 2690 quoties
2863 2626 2914 2679 in
2963 2624 3283 2698 Menologiis
3310 2645 3408 2684 oc-

1839 2702 2012 2755 currit
2043 2720 2168 2757 cum
2202 2706 2430 2773 Grazcis,
2462 2718 2573 2763 tum
2616 2711 2845 2778 Latinis,
2877 2726 2932 2767 ut
2963 2715 3029 2768 de
3058 2731 3167 2770 uno
3201 2719 3408 2772 sancti-

1839 2793 1966 2848 tatis
1995 2793 2137 2852 I‘ama
2165 2797 2362 2851 illustri
2397 2801 2614 2862 homine
2637 2803 2719 2857 bis
2768 2815 2916 2859 terve
2947 2807 2998 2859 in
3028 2823 3174 2862 anno
3203 2811 3410 2864 mentio

1843 2884 1966 2938 Iiat?
1998 2884 2051 2938 Si
2077 2885 2392 2958 Gregorius,
2420 2893 2512 2960 qui
2541 2896 2878 2950 tantumdem
2908 2898 3179 2954 iudicatur
3215 2903 3280 2957 19
3313 2901 3411 2954 Deo

1841 2978 2105 3043 eembris,’
2134 2979 2200 3032 ab
2239 2996 2305 3034 eo
2351 2981 2550 3048 diﬂ‘erl,
2583 2987 2741 3054 cujus
2793 2989 2902 3042 vita
2935 2993 3157 3059 praecise
3202 2992 3409 3048 descri-

1842 3069 1989 3122 bitur
2009 3069 2077 3123 25
2101 3069 2450 3139 Novembris,
2474 3092 2573 3130 cur
2603 3078 2894 3135 illaudatus
2917 3084 3226 3138 omittitur?
3249 3101 3411 3156 oporo

1846 3159 1989 3214 lebat
2041 3177 2172 3217 sane
2213 3171 2266 3217 et
2320 3165 2483 3235 hujus
2533 3183 2621 3222 res
2653 3177 2835 3239 gestas
2889 3171 3079 3227 leviter
3120 3177 3406 3248 attingere.

1842 3250 2187 3324 Quapmpter
2219 3258 2264 3311 si
2300 3275 2366 3313 ne
2396 3275 2537 3316 unco
2594 3263 2815 3331 quidem
2852 3268 3056 3335 raptari
3094 3284 3260 3339 queat
3291 3271 3410 3325 Sir-

1843 3343 2082 3399 letanum
2129 3347 2495 3418 Menologium
2549 3353 2878 3409 sustinenda).
2919 3356 3164 3427 Cajetani
3208 3378 3409 3430 οτιιιδειξ,

1843 3435 1887 3488 si
1920 3448 1973 3489 et
2005 3437 2184 3492 isthuc
2217 3437 2493 3495 Basiliano
2539 3445 2838 3511 recentius,
2891 3448 3102 3503 nullum
3137 3453 3284 3507 enim
3320 3456 3411 3509 illo

1841 3529 2143 3597 antiquius,
2179 3534 2302 3601 quis
2337 3543 2445 3587 tam
2499 3535 2766 3592 insubida:
2801 3543 3000 3595 mentis
3031 3544 3119 3606 sit,
3151 3545 3284 3614 quin
3329 3547 3414 3601 in-

1842 3620 2069 3691 telligat,
2101 3624 2291 3677 eadem
2346 3625 2678 3681 Sirletanum
2707 3629 2931 3696 dixisse,
2985 3643 3148 3702 atque
3185 3635 3414 3692 Basilia-

1841 3727 1973 3766 num
2027 3711 2414 3784 Menologium,
2471 3719 2807 3789 proindeque
2858 3735 3077 3780 nostras
3124 3728 3177 3780 in
3232 3742 3412 3798 partes

1843 3805 2043 3858 venire.
2083 3821 2111 3858 a
2151 3807 2425 3876 Cajetanis
2457 3811 2791 3867 abscedere?

1911 3893 2096 3950 XLIII.
2129 3895 2302 3951 Venio
2330 3901 2546 3955 tandem
2578 3903 2644 3955 ad
2683 3902 2948 3960 Nicetam.
3001 3909 3102 3962 Hic
3132 3910 3176 3963 si
3214 3911 3410 3967 immo-

1841 4000 1949 4050 rer,
2004 3986 2144 4041 maIe
2180 3997 2393 4058 tempus
2449 3991 2631 4046 Iudam
2668 4009 2682 4046 :
2713 4007 2834 4047 cum
2892 3998 3036 4049 enim
3081 3997 3167 4052 ille
3221 4003 3412 4069 prodat

1842 4077 1960 4149 (lib.
2004 4077 2203 4133 Contra
2234 4079 2453 4136 Latinos
2485 4093 2521 4137 t.
2560 4082 2623 4136 VI
2654 4083 2869 4157 Antiqq.
2902 4088 3024 4141 lect.
3063 4088 3224 4144 Henr.
3250 4090 3414 4147 Cani-

1842 4170 1928 4239 sii)
1973 4171 2294 4240 Gregorium
2334 4175 2956 4246 Constantinopolitanae
2999 4183 3209 4250 synodo
3242 4184 3411 4237 inter-

1842 4259 2028 4324 fuisse,
2061 4263 2192 4330 imp.
2230 4263 2369 4318 Caes.
2406 4263 2770 4320 Constantino
2817 4269 3116 4338 Pogouato,
3153 4272 3410 4341 pontiﬁce

1842 4368 1968 4407 vero
1997 4354 2232 4408 Maximo
2258 4359 2562 4427 Agathone,
2599 4374 2705 4414 non
2739 4375 3035 4429 possumus
3071 4364 3279 4419 meliori
3312 4368 3410 4420 ad-

1840 4443 2128 4498 vocatione
2155 4460 2338 4500 causa:
2374 4457 2573 4502 nostrae
2614 4450 2741 4518 jura
2771 4452 3085 4510 defendere.
3120 4453 3408 4522 Cajetanus

1844 4550 1942 4602 pro
1985 4551 2042 4589 se
2080 4545 2311 4592 stantem
2346 4539 2560 4595 dictitat
2591 4523 2856 4605 Nicetant,
2889 4546 3015 4613 quia
3067 4548 3131 4600 de
3160 4563 3227 4602 eo
3257 4549 3412 4602 Iocu-

1842 4635 1956 4678 tum
1989 4625 2252 4697 Gregorio
2281 4639 2473 4697 certat,
2502 4633 2595 4701 qui
2641 4633 2783 4688 alius
2819 4635 2889 4689 ab
2941 4636 3266 4694 Leontiano.
3308 4640 3409 4693 Ve-

1811 4732 1961 4770 .rum
2001 4719 2281 4773 enimvero
2334 4719 2596 4779 Leontius
2646 4738 2755 4778 ιιοιι
2805 4725 2972 4781 alium
3028 4728 3187 4783 nobis
3226 4729 3412 4785 laudat

1841 4806 2185 4878 Gregorium,
2220 4812 2326 4866 nisi
2374 4817 2467 4883 qui
2499 4815 2664 4870 vitam
2699 4817 2916 4872 duxerit
2970 4834 3188 4874 summo
3220 4822 3413 4876 huma-

1841 4915 2034 4953 narum
2063 4916 2243 4956 rerum
2293 4903 2538 4974 Byzantii
2584 4909 2875 4978 praeposito
2910 4909 3276 4968 Gonsmntino
3308 4914 3412 4970 Po-

1843 4999 2061 5058 gonato,
2108 4993 2337 5064 ejusque
2391 4995 2450 5050 F.
2503 4995 2816 5055 Iustiniano
2846 5000 2890 5054 II
2937 5005 3085 5072 rcgni
3134 5017 3408 5068 consorte,

1840 5097 2122 5137 sacrorum
2155 5101 2285 5139 vero
2322 5087 2507 5142 Roma:
2539 5092 2780 5146 antistite
2813 5093 3131 5162 Agathone;
3170 5105 3228 5150 ut
3250 5097 3416 5164 ipsis-

1843 5175 2014 5228 simus
2045 5177 2114 5230 sit
2144 5177 2345 5233 Niceta':
2385 5180 2701 5251 Gregorius,
2741 5193 2903 5253 atque
2945 5184 3178 5249 Leontii,
3236 5188 3413 5240 hunc-

1843 5279 1950 5329 que
1996 5265 2277 5334 duplicare
2324 5270 2476 5337 juxta
2527 5275 2617 5336 sit,
2653 5283 2814 5341 alque
2861 5290 2997 5327 nova
3047 5276 3411 5331 intermundia

1843 5353 2130 5422 Epicureis
2161 5375 2436 5426 aggerere.
2474 5361 2577 5414 Sed
2618 5363 2833 5417 desinat
2871 5367 3166 5434 aliquando
3200 5365 3414 5437 Cajeta-

1846 5461 1950 5500 nus
1973 5450 2230 5516 quoniam
2259 5452 2438 5519 gladio
2462 5452 2626 5523 320
2649 5456 2855 5522 nequit,
2883 5457 3122 5512 volsellis
3149 5474 3412 5528 pugnare,

1842 5540 2027 5590 conari
2057 5541 2269 5594 desinat
2300 5558 2558 5597 revocare
2599 5544 2917 5615 Gregorium
2967 5551 3032 5600 ad
3068 5547 3362 5603 Iustiniani
3398 5553 3412 5603 l

1843 5637 2077 5693 a-tatem,
2107 5632 2252 5699 quod
2295 5643 2511 5688 strenue
2539 5648 2811 5705 oppugnat
2859 5637 3140 5702 Leontius,
3187 5656 3216 5694 e
3249 5642 3411 5708 cujus

1842 5726 2260 5786 commentario,
2317 5725 2582 5793 quidquid
2639 5728 2705 5781 de
2761 5736 2912 5781 tanto
2959 5729 3215 5799 episcopo
3267 5732 3412 5791 novit

1845 5814 2158 5878 posteritas,
2185 5815 2327 5870 velut
2367 5830 2506 5886 aqua
2533 5832 2562 5872 e
2590 5818 2754 5885 fonte,
2784 5819 3102 5876 dimanavit.

2813 5909 2889 5971 39
