4144 6448
180 418 292 487 I233

1176 410 1533 472 DOGMATA
1562 402 1981 467 CATHOLICA
2016 408 2121 467 SS.
2164 407 2417 468 APOST.

3276 403 3412 471 1234

173 531 223 585 δὲ
247 528 395 584 αὐτοῦ
431 529 497 582 τὰ
526 527 684 597 τίμια
718 526 813 579 καὶ
831 524 964 593 ἅγια
1010 520 1196 593 πάθη,
1226 520 1294 573 δι’
1322 515 1398 574 ὧν
1445 518 1593 588 ἡμᾶς
1624 515 1729 569 ὲτί-

1845 516 1981 571 dicet
2016 527 2270 585 tauquam
2317 516 2458 571 Deus
2505 529 2734 583 omnes,
2783 524 2836 573 ct
2877 518 3064 572 reddat
3120 518 3414 585 unicuique

177 641 297 693 μησε
321 663 333 685 ,
362 620 679 689 δοξάζοντες
709 618 869 672 αὐτοῦ
900 617 998 671 καὶ
1040 617 1143 685 τὴν
1174 615 1491 676 ἀνάστασιν,
1517 609 1612 662 καὶ
1641 608 1729 661 εὑ-

172 714 446 785 >.ογημένον
493 715 554 767 τὸ
596 714 800 783 κράτος
848 710 945 765 καλ⁸
988 707 1271 780 βασιλείαν
1301 702 1466 759 αὐτοῦ
1494 704 1572 765 είς
1602 702 1730 763 τοὺς

171 806 353 870 αἰῶνας
380 808 490 861 τῶν
518 806 757 861 αἰώνων.
794 806 1006 875 -”Αμήν.

244 978 637 1051 Ὀμολογοῦμεν
667 978 762 1033 καὶ
799 978 857 1032 ἓν
884 977 1174 1049 βάπτισμα
1198 976 1281 1039 είς
1312 973 1507 1044 ἄφεσιν
1546 972 1727 1043 ἀμαρ-

168 1073 305 1127 τιῶν.
346 1074 537 1144 Ἀμήν.

243 1189 638 1259 Ὀμολογοῦμεν
671 1187 729 1241 δὲ
758 1185 1061 1241 ἀνάστασιν
1088 1182 1325 1256 νεκρῶν,
1357 1182 1452 1236 καὶ
1475 1180 1621 1251 ζωὴν
1638 1197 1699 1234 το
1722 1200 1735 1222 ο

172 1280 443 1350 μέλλοντος
466 1280 685 1344 αἰῶνος.

246 1393 451 1447 Ἰστὲον,
495 1394 575 1447 ὅτι
620 1393 925 1465 ἀχώριστος
966 1393 1179 1462 ἔμεινεν
1212 1392 1245 1462 ἡ
1282 1389 1476 1458 θεότης
1507 1386 1603 1439 τοῦ
1634 1384 1736 1438 Λό-

168 1500 258 1551 γου
281 1485 376 1551 τῆς
407 1488 571 1554 ἁγίας
617 1487 785 1541 αὐτοῦ
838 1487 1063 1558 σαρκὸς,
1096 1484 1191 1539 καὶ
1214 1485 1271 1537 ὲν
1298 1480 1475 1553 καιρῷ
1500 1479 1593 1533 τοῦ
1629 1478 1736 1531 πά-

168 1578 307 1638 θους,
356 1578 447 1630 καὶ
490 1579 549 1631 ὲν
581 1578 661 1649 τῷ
708 1578 959 1649 θανάτῳ,
995 1578 1089 1631 καὶ
1112 1578 1169 1629 ὲν
1198 1575 1277 1646 τῷ
1304 1575 1462 1645 τάφῳ
1489 1569 1557 1644 ἦν
1596 1568 1738 1640 μετὰ

166 1666 257 1719 τοῦ
290 1667 562 1738 σώματος,
596 1669 693 1723 καὶ
724 1672 782 1722 ὲν
809 1669 885 1741 τῷ
916 1669 1020 1743 ᾅδῃ
1067 1669 1205 1739 μετά
1246 1666 1348 1737 τῆς
1383 1664 1543 1735 ἀγίας
1570 1660 1736 1718 αὑτοῦ

164 1758 358 1828 ψυχῆς,
392 1761 487 1813 καὶ
521 1761 578 1813 ὲν
603 1760 680 1831 τῷ
711 1760 929 1833 οὐρανῷ
959 1760 1099 1830 μετά
1124 1759 1219 1813 τοῦ
1252 1758 1464 1830 Πατρδς
1505 1757 1598 1809 καὶ
1640 1753 1737 1808 τοῦ

1824 606 1977 676 juxta
2013 623 2179 679 opera
2214 624 2331 663 sua.
2356 608 2661 663 Adoramus
2686 623 2815 663 vero
2839 609 3135 678 pretiosam
3164 610 3410 680 ejusdem

1828 707 1882 753 et
1914 710 2161 754 sanctam
2194 700 2521 769 passionem,
2547 714 2639 769 per
2669 714 2829 769 quam
2858 716 2955 755 nos
2982 700 3164 755 affecit
3186 702 3410 763 honore,

1830 788 2197 858 glorificantes
2246 791 2703 846 resurrectionem
2758 789 3023 859 ejusdem,
3063 792 3412 847 benedicmtn

1840 882 2127 949 imperium
2167 890 2221 935 ct
2274 898 2497 951 regnum
2531 898 2583 936 tu
2622 881 2821 936 saecula
2850 884 3193 938 saeculorum.
3218 885 3411 940 Amen.

1901 972 2235 1027 Conﬁtentur
2261 973 2423 1027 etiam
2459 989 2626 1028 unum
2655 974 2921 1042 baptisma
2953 971 3029 1044 (9)
3062 974 3115 1029 in
3139 975 3415 1031 remissiu-

1834 1078 1954 1119 nem
1985 1074 2354 1134 peccatorum.
2382 1066 2577 1119 Amen.

1902 1176 2238 1232 Conﬁtemur
2298 1177 2753 1232 resurrectionem
2807 1185 3143 1234 mortuorum
3199 1177 3333 1250 (l0),
3364 1190 3418 1236 et

1835 1269 2002 1324 vitam
2032 1267 2203 1324 futuri
2240 1269 2422 1325 surculi

1909 1380 2202 1436 Sciendum
2224 1390 2330 1445 est,
2361 1383 2505 1449 quod
2531 1381 2909 1451 inseparabilis
2936 1384 3136 1437 mansit
3161 1384 3421 1440 divinitas

1836 1472 2000 1527 Verbi
2049 1490 2077 1526 a
2132 1482 2317 1529 sancta
2359 1475 2500 1529 illius
2527 1490 2710 1541 carne,
2746 1477 2908 1530 etiam
2951 1488 3194 1545 tempore
3214 1477 3421 1545 passio-

1837 1562 1943 1628 nis,
1981 1570 2034 1616 et
2067 1563 2121 1615 in
2157 1574 2349 1629 morte,
2406 1573 2462 1617 et
2487 1564 2539 1616 in
2571 1564 2823 1629 sepulcro
2847 1574 2965 1619 erat
3007 1580 3129 1619 cum
3172 1579 3419 1634 corpore,

1837 1658 1893 1705 et
1912 1651 1963 1705 iu
1990 1650 2181 1705 Inferis
2209 1666 2310 1704 una
2336 1667 2458 1706 cum
2482 1664 2668 1708 sancta
2694 1652 2864 1723 ipsius
2897 1654 3099 1717 anima,
3128 1654 3255 1707 etin
3281 1654 3422 1709 curio

1841 1758 1946 1797 una
2000 1758 2121 1798 cum
2175 1742 2334 1798 Patre
2365 1784 2379 1807 ,
2422 1754 2477 1799 et
2517 1744 2718 1815 Spiritu
2776 1754 2988 1810 sancto,
3026 1754 3082 1799 et
3115 1746 3317 1813 ubique
3365 1754 3424 1799 ut

168 1850 501 1921 Πνεύματος,
532 1853 630 1906 καὶ
665 1852 947 1923 πανταχοῦ
995 1854 1070 1917 ὡς
1121 1851 1255 1915 Θεὸς
1294 1850 1390 1904 καὶ
1418 1849 1554 1903 Θεοῦ
1586 1848 1734 1913 Υἱὸς,

1845 1835 2097 1900 Deus,ct
2148 1836 2237 1891 Dei
2281 1836 2483 1902 Filius,
2536 1846 2891 1906 permanente
2935 1836 3252 1905 impassihili
3311 1836 3421 1891 sola

164 1942 258 2012 τῆς
297 1943 549 2015 θεότητος
576 1944 743 1998 αὑτοῦ
777 1945 1025 2010 ἀπαθοῦς
1058 1945 1344 2016 μεινάσης.
1379 1940 1489 1995 Καὶ
1533 1941 1734 1994 ὲθέωσε

164 2035 261 2106 τὴν
293 2035 456 2089 αὐτοῦ
489 2036 667 2110 σάρκα
721 2038 1045 2108 ἀσυγχύτως
1091 2038 1184 2092 καὶ
1210 2035 1492 2107 ἀφύρτως,
1520 2034 1548 2086 ὁ
1573 2031 1737 2094 αὐτὸς

166 2127 534 2198 περιγραπτδς
562 2129 657 2183 καὶ
686 2129 1123 2203 ἀπερίγραπτος.

238 2240 485 2305 Ἐκθεσις
534 2242 834 2311 θεολογίας,
883 2244 954 2316 ἢν
998 2243 1214 2315 ἐμυήθη
1253 2245 1282 2296 ὁ
1319 2239 1738 2312 θαυματουργὸς

164 2333 458 2403 Γρηγόριος
497 2335 648 2404 παρά
686 2336 789 2405 τῆς
826 2335 1115 2404 δεσποίνης
1161 2337 1317 2405 ἡμῶν
1342 2333 1607 2387 Θεοτόκου
1634 2331 1732 2385 καὶ

162 2423 249 2477 ἀεὶ
282 2424 558 2495 Παρθένου
598 2424 837 2495 Μαρίας,
888 2427 983 2479 καὶ
1013 2424 1109 2479 τοῦ
1144 2424 1300 2494 ἁγίου
1346 2425 1594 2478 Ἰωάννου
1641 2421 1735 2476 τοῦ

160 2517 422 2587 Θεολὸγου
453 2519 547 2572 καὶ
586 2516 999 2587 εὐαγγελιστοῦ.

234 2622 325 2690 Εἷς
356 2626 511 2692 Θεὸς,
551 2628 742 2699 Πατὴρ
784 2627 962 2696 Λόγου
1006 2626 1233 2693 ζῶντος,
1267 2628 1459 2695 σοφίας
1488 2624 1738 2695 ὑφεστώ-

160 2736 286 2789 σης,
320 2721 410 2772 καὶ
444 2720 751 2790 δυνάμεως,
783 2720 878 2773 καὶ
910 2721 1262 2791 χαρακτῆρος
1290 2719 1465 2772 ἀῖδίου
1492 2734 1504 2748 ·
1534 2718 1740 2781 τέλειος

162 2810 368 2863 τελείου
401 2812 705 2881 γεννήτωρ,
736 2810 925 2881 Πατὴρ
960 2811 1089 2863 Υίοῦ
1126 2810 1469 2881 μονογενοῦς.
1502 2807 1595 2871 Εἷς
1629 2809 1739 2863 Κύ-

164 2919 301 2971 ριος,
336 2902 495 2972 μόνος
525 2904 587 2956 ἐκ
626 2902 810 2972 μόνου,
842 2902 971 2965 Θεὸς
998 2901 1288 2973 [ἐκὶΘεοῦ.
1323 2902 1627 2973 Χαρακτὴρ
1647 2903 1742 2956 καὶ

136 2978 333 3047 eum,
351 2994 639 3062 Θεότητος,
663 2994 837 3060 Λόγος
861 2995 1113 3066 ἐνεργὴς,
1148 2994 1318 3063 Σοφία
1348 2993 1449 3062 τῆς
1469 2993 1577 3046 τῶν
1603 2993 1743 3046 ὅλων

164 3088 475 3149 συστάσεως
500 3086 844 3156 περιεκτικὴ,
871 3088 962 3138 καὶ
985 3086 1212 3154 δύναμις
1234 3085 1333 3152 τῆς
1357 3086 1486 3156 ὅλης
1510 3086 1742 3150 κτίσεως

162 3179 448 3247 ποιητική.
482 3178 611 3240 Υἱὸς
637 3178 887 3246 ἀληθινὸς
924 3177 1183 3249 ἀληθινοῦ
1227 3177 1475 3248 Πατρόςο
1512 3178 1742 3249 ἀόρατος

162 3270 422 3339 ἀοράτου,
454 3270 548 3322 καὶ⁸
577 3268 854 3340 ἄφθαρτος
884 3271 1189 3342 ἀφθάρτου,
1230 3270 1495 3334 ἀθάνατος
1536 3271 1742 3325 ἀθανάο

159 3378 282 3421 του,
327 3363 421 3415 καὶ
458 3362 625 3424 ἀΐδιος
658 3363 853 3415 ἀϊδίου.
906 3363 1001 3414 ’Ἑν
1034 3362 1259 3432 Πνεῦμα
1284 3362 1460 3432 ἀγιον,
1500 3365 1564 3416 ἐκ
1608 3363 1745 3417 Θεοῦ

161 3453 263 3523 τὴν
294 3452 526 3523 ὕπαρξιν
558 3452 699 3523 ἔχον,
733 3453 825 3505 καὶ
847 3453 935 3506 διὰ
962 3452 1092 3505 Υίοῦ
1118 3454 1377 3528 πεφηνὸς,
1411 3437 1614 3524 δηλαδῆ
1636 3457 1747 3518 τοῖς

160 3543 499 3613 ἀνθρώποις,
527 3544 692 3598 εἰκὼν
720 3545 814 3599 τοῦ
842 3544 974 3598 Υίοῦ
1005 3545 1210 3599 τελείου
1240 3546 1445 3612 τελεία,
1473 3546 1586 3617 ζωὴ
1613 3547 1749 3610 ζών-

160 3655 272 3690 των
304 3640 454 3690 αίτὲα
478 3654 491 3666 ·
521 3639 743 3708 ἀγιότης
775 3639 1050 3709 ἀγιασμοῦ
1087 3639 1345 3710 χορηγός.
1390 3640 1478 3692 Ἐν
1508 3632 1552 3707 ᾧ
1580 3657 1745 3707 φανε-

165 3725 359 3794 ροῦται
389 3726 521 3789 Θεὸς
543 3728 577 3777 ό
613 3726 823 3798 Πατὴρ,
850 3730 876 3781 ό
897 3728 989 3781 ἐπὶ
1016 3728 1230 3781 πάντων
1262 3727 1355 3780 καὶ
1380 3729 1437 3781 ὲν
1459 3730 1623 3781 πᾶσιν
1655 3729 1748 3780 καὶ

158 3818 297 3879 (θεὸς
327 3818 354 3868 ό
388 3817 539 3877 Υἱὸς,
579 3819 606 3870 ὁ
637 3817 727 3871 διά
758 3818 997 3873 πάντων.
1040 3819 1211 3890 Τριάς
1239 3819 1445 3885 τελεία,
1476 3818 1627 3892 δόξῃ,
1653 3820 1748 3872 καὶ

158 3908 448 3978 ἀῖδιότητι,
491 3908 587 3962 καὶ
629 3910 899 3981 βασιλείᾳ,
951 3911 1026 3981 μὴ
1072 3912 1428 3982 μεριζομένη,
1466 3911 1600 3981 μηδὲ
1645 3913 1746 3965 ἀπ-

156 4000 618 4072 αλλοτριουμὲνη.
653 4000 789 4053 Οὔτε
825 3998 917 4055 οὖν
960 4002 1176 4055 κτιστόν
1203 4020 1277 4068 τι,
1323 4001 1356 4072 ἢ
1386 4002 1572 4056 δοῦλον
1600 4004 1657 4055 ὲν
1682 4005 1746 4073 τῇ

161 4091 385 4162 Τριάδι,
422 4092 543 4144 οὐδὲ
581 4093 925 4155 ἐπείσακτον,
960 4092 1035 4155 ὡς
1066 4094 1329 4165 πρότερον
1374 4093 1475 4165 μὲν
1513 4093 1611 4164 οὐχ
1648 4094 1750 4147 ὑπ·

155 4186 357 4251 ἀρχον,
408 4183 633 4255 ὕστερον
695 4185 753 4238 δὲ
808 4184 1141 4239 ἐπεισελθὸν.
1182 4183 1322 4237 Οὔτε
1375 4184 1484 4255 γάρ
1533 4185 1747 4238 ὲνέλιπέ

156 4291 299 4327 ποτε
356 4275 386 4326 ό
441 4274 567 4338 Υἱὸς
626 4276 825 4346 Πατρὶ,
872 4273 993 4327 οὔτε
1045 4274 1123 4344 τῷ
1156 4274 1269 4343 Υἱῴ
1318 4274 1565 4344 Πνεῦμα.
1609 4275 1748 4328 Οῦτε
1800 4266 1801 4269 ¹

151 4363 383 4434 ηὐξήθη
436 4365 603 4434 μονὰς
656 4365 735 4428 είς
781 4364 945 4419 δυάδα
1012 4355 1112 4434 (8).,
1173 4365 1205 4435 ἦ
1262 4363 1392 4428 δυὰς
1455 4365 1535 4426 είς
1583 4365 1750 4434 Τριά-

150 4458 260 4509 δα·
310 4455 427 4508 ἀλλ’
469 4455 763 4525 ἄτρεπτος,
808 4458 901 4511 καὶ
931 4457 1309 4520 ἀναλλοίωτος,
1347 4458 1379 4527 ἡ
1414 4457 1552 4526 αὑτὴ
1578 4457 1749 4525 Τριάς

150 4549 273 4604 ἀεί.

1839 1930 2078 1998 ejusdem
2152 1930 2436 1984 divinitate
2491 1946 2507 1995 ;
2553 1930 2935 1999 deiﬁcavitque
2983 1945 3140 1984 suam
3203 1945 3422 1985 carnem

1840 2021 2139 2085 inconfuse,
2194 2030 2247 2075 et
2284 2037 2387 2074 non
2426 2022 2731 2090 immistim,
2773 2024 2889 2093 ipse
2943 2023 3423 2092 circumscriptus,

1838 2122 1893 2168 et
1923 2112 2447 2182 incircumscriptus.

1910 2228 2196 2298 Expositio
2239 2229 2349 2300 (ll)
2412 2228 2749 2301 Theologiae,
2805 2246 2971 2302 quam
3033 2233 3262 2288 edoctus
3323 2233 3428 2288 fuit

1838 2320 2137 2391 Gregorius
2170 2320 2621 2393 Tliaumaturgus
2656 2340 2684 2378 a
2723 2324 2947 2378 domina
2975 2334 3161 2381 nostra
3195 2326 3428 2395 Deipara

1832 2428 2159 2483 semperque
2174 2412 2395 2484 Virgine
2418 2414 2611 2482 Maria,
2635 2424 2690 2471 et
2709 2425 2900 2471 sancto
2913 2414 3127 2472 Joanne
3144 2416 3428 2488 Theologo

1839 2514 1894 2560 et
1927 2506 2287 2576 evangelista.

1912 2618 2023 2688 (19.)
2059 2616 2212 2674 Unus
2241 2618 2408 2683 Deus,
2435 2620 2595 2676 Pater
2640 2622 2800 2676 Verbi
2836 2622 3093 2689 viventis,
3145 2622 3431 2691 sapientia:

1841 2712 2202 2767 subsistentis
2234 2721 2289 2767 et
2322 2715 2581 2782 potentiae
2610 2722 2665 2767 et
2693 2715 3029 2770 characteris
3064 2718 3383 2785 sempiterni
3411 2734 3424 2771 2

1841 2804 2116 2875 perlectus
2170 2805 2397 2875 perfecti
2445 2808 2680 2876 genitor,
2730 2808 2895 2862 Pater
2945 2807 3065 2862 Filii
3131 2810 3425 2880 unigeniti.

1844 2896 1996 2952 Unus
2029 2896 2315 2962 Dominus,
2346 2900 2497 2952 solus
2529 2916 2595 2953 ex
2628 2900 2770 2963 solo,
2814 2899 2957 2955 Deus
3004 2901 3074 2955 de
3120 2900 3252 2956 Deo.
3286 2900 3432 2955 Cha-

1844 2997 2023 3044 racter
2051 2999 2104 3044 ct
2145 2991 2326 3058 imago
2370 2989 2623 3054 Deitatis.
2661 2992 2902 3047 Verbum
2944 2993 3157 3047 efficax.
3200 2995 3431 3062 Sapien-

1846 3082 1921 3135 tia
1957 3081 2375 3135 constitutionis
2408 3098 2594 3138 rerum
2651 3085 3035 3157 universarum
3069 3087 3432 3155 eomprehew

1846 3174 1995 3227 siva:
2029 3180 2084 3227 et
2122 3174 2295 3227 virtus
2325 3182 2487 3242 atque
2541 3176 2779 3243 potentia
2833 3177 3105 3232 universa:
3164 3191 3436 3235 creaturae

1846 3266 2118 3322 eﬂ'ectiva.
2151 3264 2322 3320 Filius
2354 3281 2517 3320 verus
2553 3268 2666 3321 veri
2695 3266 2877 3323 Patris
2904 3286 2916 3337 ;
2962 3270 3279 3334 invisibilis,
3312 3272 3433 3338 ejtu

1846 3356 1943 3426 qui
1992 3366 2077 3410 est
2112 3355 2450 3422 invisibilis;
2499 3366 2551 3412 et
2593 3358 3057 3428 iueorruptibilis,
3092 3363 3433 3430 corruptioui

1848 3464 1957 3504 non
1981 3449 2205 3504 obnoxii
2234 3466 2248 3511 ;
2281 3463 2345 3503 ac
2366 3448 2717 3515 immortalis,
2756 3453 2947 3505 mortis
2967 3468 3197 3523 prorsus
3230 3455 3432 3517 nescii;

1848 3549 1903 3595 et
1975 3540 2368 3609 sempiternus.
2450 3542 2793 3611 sempiterni.
2877 3542 3140 3614 Unusque
3198 3544 3438 3614 Spiritus

1849 3642 2073 3688 sanctus
2117 3648 2183 3687 ex
2224 3631 2336 3686 Deo
2363 3634 2744 3689 exsistentiam
2788 3636 3032 3704 habens;
3080 3648 3135 3692 et
3195 3640 3287 3707 qui
3344 3654 3438 3706 pt-r

1850 3724 2049 3778 Filium
2090 3725 2366 3794 apparuit.
2404 3727 2616 3781 scilicet
2682 3730 3014 3796 hominibus,
3074 3732 3255 3801 imago
3312 3731 3436 3786 Filii

1850 3815 2073 3885 perfecti
2116 3815 2376 3885 pcrfecta,
2413 3817 2527 3873 vita
2570 3819 2871 3875 viventium
2911 3837 3102 3887 causa,
3166 3824 3433 3877 sanctitas

1851 3909 2307 3964 sanctiﬁcationis
2342 3911 2764 3981 suppeditatrix,
2808 3914 2863 3967 in
2899 3929 3009 3985 quo
3052 3914 3424 3971 manifestatur

1851 4000 1997 4054 Deus
2046 3999 2226 4065 Pater,
2264 4002 2359 4071 qui
2411 4018 2578 4071 super
2613 4005 2798 4059 omnia
2825 4013 2929 4070 est,
2969 4014 3026 4060 et
3050 4006 3103 4060 in
3134 4008 3432 4063 omnibus:

1850 4102 1905 4147 ct
1930 4092 2073 4146 Deus
2102 4090 2293 4158 Filius,
2323 4096 2415 4163 qui
2444 4109 2542 4163 per
2563 4096 2749 4149 omnia
2771 4106 2873 4151 est.
2901 4096 3147 4153 Trinitas
3170 4098 3434 4167 perfecta,

1851 4202 1973 4257 quae
1996 4184 2192 4255 gloria,
2228 4192 2281 4238 et
2314 4185 2637 4251 aeternitate,
2673 4202 2735 4241 ac
2777 4203 2969 4258 regno,
3001 4198 3166 4258 atque
3205 4190 3438 4259 imperio

1853 4294 1961 4333 non
1991 4277 2274 4343 dividitur,
2295 4286 2460 4348 atque
2481 4279 2843 4334 abalienatur.
2878 4280 3436 4351 Nonigiturcreatum

1850 4368 2009 4439 quid,
2042 4378 2136 4422 aut
2159 4384 2378 4423 servum
2412 4370 2466 4423 in
2498 4367 2797 4432 Trinitate,
2819 4386 2998 4440 neque
3031 4372 3438 4441 superiudueti-

1852 4478 1978 4519 vum
2049 4458 2278 4528 aliquid,
2314 4471 2367 4512 et
2407 4459 2788 4526 adventitium,
2821 4462 2976 4530 quasi
3019 4463 3170 4531 prius
3208 4479 3316 4518 non
3341 4479 3440 4518 ex-

1859 4553 2085 4615 sistens,
2125 4551 2402 4621 posterius
2436 4567 2564 4607 vero
2595 4554 2914 4609 adveniens.
2950 4552 3068 4608 Non
3099 4569 3230 4624 ergo
3255 4552 3431 4608 defuit

152 4655 417 4710 unquam
447 4639 619 4695 Filius
640 4641 827 4695 Patri:
864 4656 1039 4710 neque
1061 4638 1199 4695 Filio
1227 4639 1464 4709 Spiritus
1484 4651 1743 4695 sanctus:
1786 4658 1962 4712 neque
2022 4651 2185 4696 aucta
2257 4652 2342 4696 est
2410 4660 2650 4713 unquam
2688 4644 2870 4699 unitas
2915 4645 2970 4700 in
3002 4646 3288 4709 dualitate,
3339 4654 3436 4700 aut

151 4737 411 4793 dualitas
443 4738 495 4791 in
537 4736 842 4803 Trinitate;
874 4738 966 4792 sed
1012 4738 1369 4791 immutabilis
1407 4746 1461 4791 et
1499 4737 1839 4795 invariabilis
1863 4739 2052 4795 eadem
2079 4755 2295 4808 semper
2328 4749 2510 4794 manet
2542 4738 2805 4798 Trinitas.

246 4830 473 4893 ἰστέον,
500 4831 582 4884 ὅτι
625 4829 808 4897 φύσις,
843 4829 935 4882 καὶ
978 4832 1186 4901 μορφὴ,
1230 4829 1324 4881 καὶ
1353 4829 1531 4892 οὐσία,
1567 4828 1625 4882 ἓν
1653 4831 1744 4883 καὶ

1930 4832 2247 4895 Sciendum,
2290 4831 2431 4900 quod
2456 4841 2671 4896 natura,
2704 4829 2900 4893 forma.
2925 4839 2977 4884 ct
3004 4831 3237 4886 essentia
3268 4847 3436 4884 unum

142 4924 367 4979 ταύτόν
399 4926 569 4978 ἐστιν.
609 4923 936 4985 ’Υπόστασις
966 4922 1022 4975 δὲ
1058 4923 1150 4975 καὶ
1184 4922 1473 4992 πρόσωπον
1500 4922 1594 4974 καὶ
1625 4920 1751 4975 ἀτο-

144 5034 290 5089 μον,
323 5018 420 5070 καὶ
444 5017 756 5088 χαρακτὴρ,
793 5016 850 5068 ἓν
880 5016 974 5069 καὶ
1008 5015 1207 5067 ταύτόν
1231 5014 1359 5067 είσι.

230 5107 354 5176 Τὴν
382 5107 438 5159 δὲ
468 5106 625 5176 ἁγίαν
649 5109 869 5176 Μαρίαν
891 5106 987 5177 τὴν
1006 5106 1099 5159 τὸν
1124 5104 1329 5175 Κύριον
1350 5104 1511 5174 ὴμῶν
1545 5103 1750 5173 Ἰησοῦν

140 5196 407 5268 Χριστὸν
453 5197 793 5267 γεννήσασαν
843 5195 1257 5266 προσκυνοῦμεν
1310 5193 1405 5246 καὶ
1458 5191 1748 5262 σεϐόμεθα,

225 5354 311 5424 (8)
366 5353 494 5408 Haec
547 5355 731 5417 verba,
761 5352 886 5406 οῦτε
932 5352 1148 5422 ηὐξήθη
1191 5352 1357 5424 μονάς
1391 5354 1500 5424 ,εἰς
1552 5351 1742 5424 δυάδα,

136 5421 301 5497 quae.
337 5435 469 5479 sunt
510 5425 563 5477 in
600 5425 821 5489 Codice,
858 5421 1070 5478 desunt
1097 5424 1238 5491 apud
1306 5421 1585 5477 Labbeum
1628 5423 1748 5476 loco

136 5496 429 5551 excitato.

224 5565 557 5633 (9)Conler.
579 5563 808 5618 Tertull.
838 5564 933 5619 lib.
956 5562 1033 5617 De
1065 5564 1360 5632 prwscript.
1398 5560 1599 5616 Marcio
1628 5562 1751 5632 pitt-

138 5650 244 5689 res
288 5635 611 5701 indulgebat
642 5634 967 5703 baptismos.

228 5706 283 5771 (l
299 5705 361 5765 0)
388 5701 751 5757 Valentiniani
772 5704 957 5758 carnis
976 5702 1430 5757 resurrectionem
1456 5701 1748 5773 negabant.

136 5774 504 5831 Damascen.
538 5776 667 5828 luer.
690 5774 777 5828 51.
818 5773 940 5828 Vid.
968 5783 1021 5828 et
1046 5776 1174 5828 haar.
1206 5774 1295 5835 54,
1329 5774 1419 5826 56.

228 5844 360 5915 (Η)
400 5843 615 5901 Titulus
646 5846 724 5901 sit:
778 5846 939 5900 habet
986 5846 1039 5900 in
1093 5845 1282 5901 codice
1337 5841 1751 5906 llichardiano;

1857 4934 1912 4977 et
1944 4925 2085 4977 idem
2111 4932 2235 4978 est:
2290 4922 2622 4993 hypostasis,
2671 4936 2926 4990 persona,
2970 4922 3339 4987 individuum,
3382 4931 3437 4975 et

1858 5015 2141 5069 character
2174 5030 2341 5068 unum
2364 5023 2417 5067 et
2442 5014 2582 5067 idem
2610 5023 2759 5069 sunt.

1928 5106 2183 5159 Sanctam
2219 5121 2348 5159 vero
2379 5104 2624 5170 Mariam.
2658 5123 2777 5177 qua:
2808 5111 2992 5177 genuit
3020 5107 3310 5162 Dominum
3344 5122 3442 5161 no-

1859 5204 2032 5249 strum
2093 5192 2277 5250 Iesum
2346 5195 2651 5261 Christum,
2718 5198 3011 5254 adoramus
3065 5208 3117 5252 et
3181 5200 3436 5263 colimus,

1856 5352 1948 5424 sed
1974 5352 2026 5424 in
2058 5352 2312 5405 Conciliis
2357 5352 2553 5407 Labbei
2611 5363 2744 5407 tom.
2781 5352 2819 5414 1,
2851 5370 2972 5424 pag.
3021 5356 3141 5413 865.
3190 5356 3388 5424 legitur
3420 5375 3431 5409 :

1860 5422 2384 5495 'nglsotgjtiotew;
2404 5425 2544 5475 κατά
2577 5422 2946 5495 ἀποκάλυψιν
2984 5422 3282 5495 Γρηγορίου
3315 5429 3429 5477 ἐπι-

1858 5493 2064 5544 σκόπου
2097 5493 2551 5563 Νεοκαισαρείας,
2584 5493 2861 5560 Expositio
2895 5493 3209 5563 ﬁdeijttxta
3243 5496 3439 5549 revela-

1860 5562 2055 5633 tionem
2083 5562 2329 5633 gregarii
2358 5562 2589 5633 episcopi
2628 5562 3011 5621 Neocaesaream.

1936 5632 2047 5705 (1‘2)
2082 5631 2214 5687 Vide
2238 5631 2582 5705 Fabricium,
2607 5633 2747 5687 Bibl.
2772 5633 2865 5689 Gr.
2905 5636 3110 5698 tmn.V,
3142 5652 3266 5705 pag.
3310 5636 3436 5689 9.69.

1864 5703 2186 5825 l\‘lersir‘mem
2237 5704 2401 5775 hujus
2433 5705 2780 5777 apocalypsis
2807 5706 2954 5761 dedit
3005 5703 3306 5761 Decus-cius
3366 5722 3431 5760 ex

1886 5790 1985 5825 .er.
2072 5790 2241 5825 ossm.

1861 5776 1985 5833 Ger.
2024 5774 2241 5829 Vossio.
