4144 6448
182 420 316 487 1249

919 425 1182 487 SERMO
1218 429 1239 487 1
1285 428 1362 486 ιΝ
1425 425 2265 487 ΤΙὶᾹΝΞἘΙϐΙΞίίΑΤΙι)ΧΙ-ἶλι
2310 431 2371 487 D.
2406 430 2473 486 Χ.
2517 430 2571 489 J.
2614 431 2677 491 Ο.

3328 440 3461 504 l‘ZSo

181 539 413 606 t‘vaguv
444 538 744 607 ἐσχηκότας
787 558 802 589 ι
847 541 973 603 τοὺς
1019 540 1271 608 μαθητὰς
1299 579 1311 600 ,
1341 538 1489 602 είκδς
1530 535 1597 610 ἦν
1633 539 1751 606 τάχ;

1875 552 1970 606 par
2008 537 2147 592 forte
2192 549 2311 593 erat
2342 550 2397 596 ut
2429 540 2596 592 etiam
2637 540 2841 609 aliquid
2880 542 3135 598 humanm
3170 548 3466 602 imbecilli-

179 647 286 682 που
320 630 410 681 καὶ
446 629 582 697 ἀνορ
604 630 819 690 υττίναις
860 634 1183 700 περιπεσεῖν
1208 632 1516 694 ἀσθενείαις
1545 648 1560 663 ⁸
1598 631 1690 683 καί
1718 648 1767 681 τι

179 720 423 775 τοιοῦτον
453 724 573 775 καθ’
600 724 829 783 ἑαυτοὺς
862 725 1249 793 ἐννενοηκότας
1280 728 1475 779 εἰπεῖν.
1516 726 1639 788 Πῶς
1670 725 1768 794 ἁρ-

182 816 408 885 νήσεταί
462 834 543 879 τις
607 818 832 869 ἑαυτῦνι
869 818 901 887 ἢ
938 818 1054 881 πῶς
1106 820 1379 885 ἀπολέσας
1416 820 1514 889 τὴν
1567 819 1767 873 ἑαυτοῦ

181 906 383 977 ψδχὴν,
413 909 635 979 εὑρήσει
693 909 859 962 πάλιν
900 913 1073 981 αὑτήν
1104 928 1117 972 ς
1150 912 1215 963 Τί
1246 913 1301 965 δὲ
1332 914 1448 975 τοῖς
1474 912 1630 965 τοῦτο
1659 930 1766 965 πα-

186 998 341 1051 θοῦσι
367 1001 426 1051 τὸ
459 1000 777 1053 ίσοσταλοῦν
826 1003 982 1056 ἔσται
1012 1004 1260 1076 χάρισμα
1288 1022 1301 1069 ;
1333 1005 1419 1055 ἵνα
1451 1004 1629 1056 τοίνυν
1657 1004 1767 1056 τῶν

180 1090 444 1141 τοιούτων
477 1091 673 1155 αὐτοὺς
705 1094 993 1168 ἀποστήσῃ
1042 1097 1137 1149 καὶ
1176 1096 1453 1167 λογισμῶν
1478 1097 1567 1149 καὶ
1597 1098 1768 1166 ῥημά-

180 1196 318 1235 των·
348 1184 443 1235 κα)⁵
465 1180 577 1238 οἷον
638 1190 1054 1260 μεταχαλκεύσῃ
1100 1192 1237 1261 πρὸς
1289 1190 1604 1260 εὐανδρείαν
1624 1232 1638 1255 ,
1668 1192 1767 1259 τῆς

179 1274 557 1349 δοθησομένης
596 1278 777 1343 αὐτοῖς
827 1282 1081 1346 εὐκλείας
1140 1282 1439 1347 ἐπιθυμίαν
1485 1284 1761 1336 ὲντεκὼνο

176 1383 208 1416 λ(
246 1366 405 1432 Λέγω
427 1367 576 1436 ὑμῖν,
608 1369 791 1437 φησὶν,
833 1370 940 1423 είσί
989 1388 1132 1434 τινες
1162 1376 1270 1425 τῶν
1307 1366 1406 1425 ὧδε
1435 1374 1763 1443 ἑστηκότων,

180 1460 234 1511 οῖ
266 1475 410 1517 τινες
435 1460 482 1511 οἱ
518 1460 592 1529 μὴ
624 1460 914 1527 γεύσονται
954 1461 1187 1516 θανάτου
1208 1506 1222 1530 ,
1251 1464 1358 1528 ἓως
1400 1466 1465 1517 ἂν
1494 1466 1643 1519 ἴδωσι
1668 1467 1766 1537 τὴν

176 1548 464 1618 βασιλείαν
500 1549 597 1602 τοῦ
629 1550 789 1607 Θεοῦ.
837 1572 856 1605 ι
894 1552 1045 1625 *Δρά
1077 1571 1141 1623 γε
1182 1557 1262 1619 είς
1288 1557 1543 1609 τοσοῦτον
1580 1557 1764 1621 αὐτοῖς

175 1641 569 1712 ὲκταθὴσεται,
601 1645 761 1715 φησὶ,
819 1643 882 1698 τὸ
912 1646 1013 1715 τῆς
1062 1646 1211 1714 ζωῆς
1243 1648 1462 1719 μέτρον,
1498 1648 1641 1701 ὥστε
1672 1650 1765 1702 καὶ

179 1735 266 1797 είς
290 1735 537 1799 ἐκείνους
567 1736 774 1804 φθάσαι
797 1739 924 1801 τοὺς
958 1738 1202 1807 χρόνους,
1233 1740 1353 1792 καθ’
1387 1741 1480 1805 οὓς
1519 1741 1610 1793 ἐπὶ
1643 1759 1767 1794 συν-

174 1826 363 1897 τελείᾳ
399 1826 507 1879 τῶν
537 1828 750 1881 αίὼνων
780 1829 841 1895 ἐξ
868 1830 1101 1898 οὐρανοῦ
1143 1832 1443 1898 κατελθὼν,
1477 1835 1760 1887 ἀποκατα-

180 1918 373 1987 στήσει
401 1922 513 1983 τοῖς
551 1922 748 1987 ἁγίοις,
779 1920 882 1992 τὴν
906 1924 1325 1995 ἡτοιμασμένην
1366 1926 1552 1990 αὐτοῖς
1602 1926 1757 1998 βασι-

176 2008 330 2062 λείαν
354 2028 368 2076 ;
402 2012 517 2064 ἀλλ’
545 2008 616 2083 ἦν
645 2014 743 2083 μὲν
773 2014 869 2067 καὶ
897 2015 1056 2069 τοῦτο
1083 2017 1305 2084 ἐφικτὸν
1357 2018 1505 2090 αὑτῷ
1531 2036 1543 2049 ·
1579 2020 1755 2073 πάντα

170 2100 287 2171 γὰρ
312 2100 558 2165 δύναται,
594 2105 688 2157 καὶ
743 2105 896 2159 οὐδὲν
943 2107 1226 2178 ἀμήχανον
1259 2109 1289 2180 ἢ
1341 2110 1601 2181 ἀνήνυτον
1642 2114 1754 2175 τοῖς

176 2192 344 2246 αὐτοῦ
371 2193 861 2260 πανσθενεστάτοις
903 2197 1157 2267 νεύμασι.
1209 2199 1495 2255 Βασιλείαν
1526 2202 1584 2254 δὲ
1615 2202 1752 2257 Θεοῦ

174 2300 343 2353 φησιν
390 2286 591 2355 αὐτὴν·
619 2286 720 2357 τὴν
769 2286 900 2341 θέαν
951 2288 1056 2369 τῆς
1098 2290 1279 2361 δόξης,
1306 2293 1363 2345 ὲν
1466 2294 1558 2346 καὶ
1591 2294 1752 2360 αὐτὸς

166 2377 476 2447 ὀφθήσεται
505 2378 626 2432 κατ’
651 2381 829 2433 ἐκεῖνο
861 2381 1080 2452 καιροῦ,
1131 2384 1254 2437 καθ’
1285 2385 1344 2436 ὃν
1374 2384 1439 2437 ἂν
1465 2387 1751 2460 ἐπιλάμψῃ

171 2469 290 2529 τοῖς
316 2469 407 2519 ἐπὶ
434 2468 532 2537 τῆς
562 2469 704 2538 γῆς·
735 2489 754 2522 ι
788 2471 950 2535 Ἥξει
979 2474 1087 2543 γὰρ
1118 2474 1176 2524 ἐν
1209 2474 1334 2545 δόξῃ
1366 2475 1458 2529 τοῦ
1494 2477 1630 2530 θεοῦ
1656 2479 1751 2530 καὶ

172 2558 561 2628 Πατρόςοικαὶ
589 2562 688 2613 οὐκ
733 2561 790 2616 ἔν
835 2579 899 2631 γε
956 2565 1156 2633 μᾶλλον
1205 2570 1647 2640 σμικροπρεπεία
1681 2572 1749 2642 τῇ

171 2652 295 2704 καθ’
321 2655 489 2721 ἡμᾶς.
529 2654 653 2717 Πῶς
683 2651 777 2707 οὖν
802 2655 911 2725 ἄρα
942 2653 1181 2726 Θεωροῦς
1206 2660 1376 2712 ἐποίει
1405 2659 1499 2711 τοῦ
1532 2660 1751 2729 θαύμα-

167 2760 263 2803 τος
306 2746 430 2807 τοὺς
496 2745 759 2809 λαϐόντας
808 2748 909 2817 τὴν
954 2748 1289 2819 ὑπόσχεσιν;
1324 2770 1343 2802 ι
1392 2752 1631 2805 Ἀνεισιν
1669 2754 1748 2817 είς

170 2835 233 2887 τὸ
262 2834 385 2903 (rgo;
420 2854 439 2887 ι
474 2840 623 2906 τρεῖς
674 2839 771 2891 ἀπ’
800 2839 980 2893 αὐτῶν
1017 2841 1144 2903 τοὺς
1196 2841 1515 2905 ἐπιλέκτους
1564 2842 1703 2913 ἔχων
1728 2858 1743 2874 °

170 2924 287 2980 εἶτα
346 2929 783 2997 μιταπλάττεται
834 2933 974 3000 πρὸς
1019 2932 1297 3003 ἐξαίρετόν
1336 2951 1457 2987 τινα
1496 2937 1587 2986 καὶ
1625 2934 1747 2987 Θεο-

171 3025 356 3091 πρεπῆ
393 3022 756 3095 λαμπρότητα
778 3040 792 3053 ·
819 3024 961 3077 ὥστε
993 3026 1201 3078 καὶτὸν
1235 3028 1526 3098 ίματισμὸν
1557 3030 1742 3094 αὑτοῦ,

168 3115 235 3181 τῇ
252 3112 344 3165 τοῦ
368 3116 545 3182 φωτὸς
562 3114 836 3185 προσϐολῇ
855 3116 1159 3187 διαλάμψαι
1174 3118 1350 3173 δοκεῖν
1367 3137 1382 3150 ·
1406 3118 1524 3176 εἶτα
1542 3142 1559 3174 ι
1584 3125 1745 3177 Mm?»-

1874 629 2002 683 tatis
2054 629 2419 692 incorrerent,
2472 644 2636 699 atque
2687 633 2957 699 rjusmodi
3020 636 3299 705 quidpiam
3358 641 3458 707 ipsi

1870 721 2010 788 aful
2060 736 2118 776 se
2172 723 2499 787 cogitantes,
2552 722 2821 775 diret'cul.
2866 725 2988 790 Quo
3029 742 3089 781 se
3136 729 3299 783 modo
3334 734 3457 799 quis

1870 814 2257 882 abuegarcrit?
2304 815 2413 867 Aut
2471 815 2751 882 quomodo
2804 820 3045 872 animam
3107 835 3264 874 suam
3330 838 3454 890 per-

1869 904 2072 969 deudo,
2103 907 2300 958 iterum
2329 921 2447 959 ram
2476 907 2804 961 inventurus
2829 909 2951 961 e51?
2974 909 3112 976 Quid
3138 927 3265 963 vero
3288 914 3456 966 hocce

1868 999 2085 1065 passis,
2147 999 2377 1068 aequalis
2435 1000 2503 1053 ad
2553 1001 2838 1069 prmmium
2893 1002 2999 1055 erit
3051 1006 3328 1059 muneris?
3385 1006 3453 1062 Ut

1867 1102 1996 1155 ergo
2046 1089 2181 1140 tales
2222 1103 2416 1141 eorum
2450 1100 2503 1143 ct
2534 1090 2900 1160 cogitationes
2941 1101 2993 1145 ct
3028 1095 3191 1147 verba
3226 1112 3388 1166 comp
3426 1128 3449 1140 -

1868 1190 2008 1244 seat,
2062 1182 2323 1251 vclutque
2372 1198 2553 1235 amcos
2598 1183 2664 1237 ad
2716 1185 2872 1239 virile
2920 1187 3090 1239 robur
3131 1189 3446 1251 transferat.

1866 1272 2060 1327 danda:
2120 1272 2253 1341 ipsis
2314 1274 2502 1342 glorize
2556 1275 2948 1343 cupiditatem,
3007 1279 3208 1333 animis
3255 1296 3445 1335 eorum

1866 1364 2243 1433 ingenerans:
2284 1383 2303 1416 ι
2343 1364 2474 1418 Dico
2509 1366 2687 1429 vobis,
2728 1368 2928 1436 inquit,
2972 1380 3103 1423 sunt
3142 1371 3310 1439 aliqui
3360 1375 3448 1427 hic

1865 1462 2096 1515 stantes,
2126 1456 2218 1524 qui
2250 1469 2357 1507 non
2408 1454 2710 1523 gustabunt
2754 1466 2990 1509 mortem
3020 1459 3195 1513 donec
3229 1462 3449 1513 \itlc-azt

1864 1561 2090 1614 regnum
2126 1544 2217 1598 Dei
2244 1548 2289 1598 ’.
2325 1565 2343 1597 ι
2390 1545 2627 1615 Ergone,
2679 1547 2883 1615 inquit,
2923 1564 3098 1619 usque
3141 1552 3278 1605 adeo
3319 1567 3445 1621 pm-

1863 1638 2113 1691 ducenda
2151 1638 2261 1691 illis
2297 1648 2385 1691 est
2413 1640 2538 1693 vitae
2570 1655 2854 1704 mensura,
2890 1649 2950 1695 ιιι
2994 1653 3047 1697 et
3078 1645 3145 1697 ad
3182 1660 3243 1697 ra
3282 1647 3445 1697 derc-

1865 1727 2021 1781 niant
2060 1738 2328 1796 tempora,
2361 1728 2584 1796 quando
2615 1728 2668 1781 in
2705 1734 3182 1787 consummatime
3212 1735 3444 1787 saeculo-

1866 1834 2010 1884 rum,
2062 1820 2129 1874 de
2180 1820 2321 1873 crelo
2369 1820 2737 1886 descendens,
2799 1833 3053 1892 paratum
3101 1827 3309 1879 sanctis
3358 1842 3443 1877 rc-

1861 1926 2027 1981 gnum
2086 1913 2430 1980 repositurus
2480 1912 2602 1967 est?
2634 1913 2804 1968 Plane
2851 1922 2905 1967 et
2953 1915 3055 1967 boc
3088 1913 3162 1967 illi
3197 1914 3440 1978 pervium

1857 2015 1973 2061 erat
2008 2025 2020 2059 :
2061 2021 2189 2059 nam
2238 2013 2421 2075 potest
2467 2006 2690 2071 omnia;
2742 2020 2843 2060 nec
2891 2006 3097 2075 aliquid
3143 2016 3248 2068 est,
3291 2008 3437 2076 quod

1858 2100 2240 2171 potentissimo
2290 2109 2428 2152 nutu
2478 2098 2751 2154 conlicere
2810 2110 3049 2169 nequeat
3077 2100 3141 2154 '°.
3194 2099 3435 2162 Verum.

1857 2208 2085 2262 regnum
2121 2191 2238 2257 Dei,
2290 2192 2465 2261 ipsam
2512 2192 2648 2245 dicit
2677 2191 2868 2261 gloriae
2902 2193 3194 2258 visionem,
3238 2194 3289 2246 in
3327 2209 3433 2262 qua

1853 2295 1907 2337 et
1941 2284 2059 2352 ipse
2100 2298 2195 2353 per
2232 2283 2285 2337 id
2323 2293 2539 2353 tempus
2588 2283 2959 2353 aspectandus
3000 2293 3151 2348 erat,
3189 2298 3318 2339 eum
3366 2286 3434 2339 iis

1854 2377 2147 2440 illuxisset,
2182 2377 2275 2446 qui
2307 2387 2485 2431 essent
2530 2376 2584 2430 in
2613 2386 2776 2430 terra.
2819 2398 2835 2428 ε
2869 2375 2963 2431 Est
2996 2378 3141 2430 enim
3173 2388 3438 2431 venturus

1854 2467 1906 2521 in
1959 2469 2133 2539 gloria
2184 2468 2274 2521 Dei
2325 2477 2377 2523 el
2412 2466 2695 2535 Patris“;
2728 2482 2750 2519 ι
2790 2483 2901 2522 non
2940 2468 3052 2535 jam
3101 2469 3335 2538 amplius
3384 2474 3438 2522 in

1852 2560 2057 2615 vilitate
2086 2561 2245 2614 nobis
2272 2560 2513 2629 propria.
2551 2558 2673 2624 Quo
2706 2560 2872 2630 igitur
2902 2561 3066 2614 modo
3098 2572 3439 2629 spectatores

1852 2652 1986 2706 facit
2022 2652 2275 2706 miraculi
2312 2666 2427 2714 eos,
2470 2651 2535 2705 ad
2590 2667 2728 2721 quos
2770 2652 3063 2720 promissio
3102 2652 3245 2706 iacta
3288 2654 3442 2708 erat?

1856 2762 1876 2795 ι
1908 2745 2171 2799 Ascendit
2220 2744 2273 2797 in
2311 2751 2553 2797 montem
2584 2744 2651 2807 ι’,
2685 2763 2703 2796 ι
2746 2752 2856 2797 tres
2889 2759 2957 2797 ex
2992 2743 3102 2799 illis
3134 2746 3440 2814 praecipuos

1851 2850 2037 2891 secum
2088 2836 2337 2902 habens;
2378 2851 2441 2889 ac
2489 2845 2604 2890 tum
2655 2835 2709 2889 in
2737 2836 3001 2889 eximium
3030 2838 3324 2905 quemdam
3373 2853 3439 2890 ac

1851 2941 2018 2995 supra
2095 2926 2372 2981 hominem
2446 2926 2793 2995 splendorem
2870 2926 3329 2991 transforinatur;
3381 2941 3437 2983 ut

1846 3020 2010 3074 etiam
2044 3020 2371 3074 vestimenta
2412 3018 2530 3088 ejus
2579 3019 2810 3073 luminis
2851 3021 3088 3089 appulsu
3129 3020 3312 3074 lucere
3357 3022 3439 3074 vi-

1849 3113 2110 3166 derentur
2140 3130 2153 3165 :
2184 3114 2371 3181 sicque
2405 3130 2424 3163 ι
2456 3110 2669 3182 Moyses
2702 3119 2756 3165 et
2812 3110 2958 3165 Elias
3024 3121 3269 3165 astantes
3310 3128 3435 3167 cum

171 3204 273 3271 σῆς
309 3207 404 3257 καὶ
440 3206 628 3269 Ἠλίας
663 3208 1060 3278 περιστηκότες
1088 3210 1178 3263 τὸν
1210 3210 1436 3280 Ἰησοῦν,
1475 3215 1744 3285 προσελά-

1853 3203 2001 3268 Jesu,
2039 3203 2275 3258 invicem
2326 3201 2723 3267 conferebant;
2757 3202 3005 3257 dicentes
3034 3206 3242 3257 exitum
3293 3204 3434 3273 ejus,

170 3293 294 3347 λουν
324 3296 575 3366 ἀλλήλοις
606 3297 706 3367 τὴν
734 3297 912 3362 ἔξοδον
942 3299 1130 3361 αὑτοῦ,
1164 3299 1232 3370 ἣν
1248 3300 1442 3370 ἔμελλε
1479 3303 1745 3374 πληροῦν,

172 3386 358 3454 φησὶν,
393 3387 453 3440 ὲν
502 3387 879 3459 Ἰερουσαλήμ.
929 3407 949 3441 ι
985 3390 1267 3456 Τουτὲστι,
1300 3393 1397 3461 τῆς
1432 3395 1570 3463 μετὰ
1610 3412 1747 3466 σαρ-

170 3479 264 3540 κὸς
292 3480 601 3549 οἰκονομίας
626 3480 689 3533 τὸ
722 3483 1040 3551 μυστήριον,
1060 3482 1153 3535 καὶ
1184 3483 1246 3535 τὸ
1276 3485 1545 3555 σωτήριον
1576 3486 1748 3550 πάθος

169 3569 233 3621 τὸ
257 3571 316 3621 ὲν
347 3570 425 3639 τῷ
452 3571 621 3640 τιμίῳ
667 3570 907 3641 σταυρῷ.
942 3573 1053 3625 Καὶ
1104 3574 1215 3642 γάρ
1239 3574 1387 3625 ἐστιν
1420 3574 1639 3645 ἀληθὲς,
1664 3578 1746 3631 ὃτι

166 3664 199 3715 ὁ
225 3660 311 3715 διὰ
350 3663 593 3726 Μωσέως
638 3664 837 3734 νόμος,
863 3665 957 3717 καὶ
1009 3667 1037 3717 ὀ
1074 3664 1184 3716 τῶν
1238 3666 1408 3732 ἁγίων
1450 3668 1747 3736 προφητῶν

171 3749 348 3818 λόγος,
383 3751 445 3802 τὸ
483 3752 725 3822 Χριστοῦ
783 3756 1085 3825 μυστήριον
1125 3755 1505 3825 προανέδειξεν
1528 3774 1540 3788 ’
1573 3760 1600 3812 ὁ
1645 3760 1747 3827 μὲν

169 3843 228 3892 ὲν
250 3839 445 3904 τύποις
480 3845 573 3895 καὶ
602 3846 781 3906 σκιαῖς
808 3860 821 3874 ·
849 3848 1130 3915 μονονουχὶ
1155 3848 1409 3916 καθάπερ
1437 3850 1494 3900 ὲν
1556 3849 1745 3903 πίνακι

168 3932 542 4001 καταγράφων
584 3935 715 3986 αὑτό
742 3952 754 3965 ·
791 3937 839 3987 οί
876 3934 967 4001 δὲ,
1009 3936 1363 4006 πολυτρόπως
1409 3954 1747 4009 προηγορευ-

168 4023 345 4089 χότες,
378 4023 455 4087 ὡς
495 4026 590 4078 καὶ
624 4026 921 4095 ὀφθήσεται
956 4028 1096 4080 κατὰ
1137 4030 1360 4098 καιροὺς
1411 4030 1468 4081 ὲν
1497 4030 1627 4083 εῖδει
1669 4031 1745 4101 τῷ

166 4116 286 4169 καθ’
328 4118 495 4186 ἡμᾶς,
526 4120 618 4170 καὶ
640 4119 721 4171 ὃτι
753 4119 855 4188 τῆς
872 4120 1128 4173 ἁπάντων
1155 4121 1316 4173 ἕνεκα
1356 4122 1630 4192 σωτηρίας
1650 4124 1745 4176 καὶ

166 4209 335 4278 ζωῆς,
366 4209 428 4261 οὐ
465 4214 867 4281 παραιτήσεται
906 4212 968 4264 τὸ
997 4212 1192 4264 παθεῖν
1217 4213 1310 4265 τὸν
1338 4214 1429 4266 ἐπὶ
1460 4214 1620 4280 ξύλου
1649 4215 1744 4268 Oci-

166 4317 349 4354 νατον.
383 4302 592 4355 Οὐκοῦν
618 4304 650 4373 ἡ
680 4303 929 4366 Μωσέως
962 4304 1058 4357 καὶ
1089 4303 1244 4357 Ἠλία
1261 4305 1627 4376 παράστασις,
1648 4311 1743 4361 καὶ

164 4392 228 4445 τὸ
255 4394 582 4463 προσλαλεῖν
638 4394 891 4464 ἀλλήλοις
942 4394 1142 4458 αὐτοὺς
1167 4436 1180 4459 ,
1222 4398 1506 4467 οἰκονομία
1531 4415 1615 4461 τις
1649 4394 1738 4469 ἦν,

164 4482 228 4537 εὖ
258 4486 401 4555 μάλα
430 4486 891 4540 καταδεικνύουσα
932 4488 1399 4559 δορυφορούμενον
1432 4491 1538 4543 ὑπὸ
1569 4492 1737 4561 νόμου

165 4578 260 4631 καὶ
313 4578 638 4647 προφητῶν,
673 4579 765 4631 τὸν
792 4578 997 4649 Κύριον
1047 4580 1205 4649 ἡμῶν
1242 4580 1448 4651 Ἰησοῦν
1482 4582 1737 4652 Χριστὸν,

161 4671 237 4727 ὡς
274 4671 367 4721 καὶ
397 4672 562 4738 νόμου
602 4671 694 4722 καὶ
724 4670 1021 4739 προφητῶν
1047 4670 1318 4742 δεσπότην
1351 4676 1743 4745 προκαταδειχ-

163 4760 329 4813 Θέιέτα
366 4764 494 4831 παρ’
524 4762 702 4813 αὐτῶν
727 4778 739 4790 ·
775 4763 840 4816 δι’
863 4756 939 4815 ὧν
968 4762 1220 4832 ἀλλήλοις
1267 4766 1476 4834 συνῳδὰ
1506 4771 1747 4837 προεκή-

167 4851 350 4919 ρυξαν.
392 4855 467 4905 03
502 4856 610 4924 γὰρ
637 4854 927 4924 ἁσύμϐατα
960 4858 1073 4917 τοῖς
1100 4856 1189 4908 διὰ
1221 4861 1314 4909 τοῦ
1341 4857 1507 4926 νόμον
1535 4860 1604 4914 τὰ
1632 4859 1742 4913 τῶν

163 4945 463 5013 προφητῶν
488 4962 500 4975 ·
530 4947 624 4997 καὶ
653 4946 811 4999 τοῦτό
845 4948 993 4999 ἐστιν
1012 4943 1166 5016 οἶμαι
1189 4947 1269 5011 τὸ,
1299 4948 1549 5019 ἀλλήλοις
1569 4968 1741 5021 προσ·-

162 5031 345 5084 λαλεῐν
409 5034 609 5087 Μωσέα
662 5035 753 5088 τὸν
802 5035 1133 5106 ἱερώτατον,
1171 5038 1263 5091 καὶ
1311 5039 1421 5091 τῶν
1448 5042 1744 5111 προφητῶν

163 5126 515 5196 πανάριστον.
565 5126 749 5190 Ἠλίας
782 5128 837 5180 δὲ
886 5124 1038 5192 οὗτος
1082 5126 1171 5200 ἦν.
1218 5133 1361 5187 Ἐστι
1396 5135 1458 5187 δὲ
1488 5138 1583 5189 καὶ
1618 5138 1745 5191 ἄλλο

160 5236 219 5272 τι
244 5218 496 5287 ἐννοῆσαι
522 5235 536 5250 ’
561 5220 750 5290 ἐπειδὴ
774 5224 822 5273 οἱ
850 5222 998 5290 δλλοι
1023 5223 1208 5292 ἔλεγον
1236 5243 1249 5257 ·
1272 5228 1319 5278 οί
1352 5226 1471 5297 μὲν,
1518 5228 1702 5281 Ἦλίαν
1727 5248 1740 5261 ο

163 5315 215 5365 οἱ
246 5314 323 5377 δὲ,
374 5315 641 5384 Ἰερεμίαν
663 5331 675 5343 °
706 5318 753 5369 οί
782 5317 835 5369 δὲ
869 5317 963 5370 ἕνα
1003 5318 1114 5371 τῶν
1149 5322 1465 5389 προφητῶν,
1496 5324 1619 5384 τοὺς
1654 5340 1745 5375 κο-

167 5405 432 5473 ρυφαίους
484 5406 628 5474 ἄγει,
660 5407 747 5460 ἵνα
806 5408 1102 5463 κάντεῦθεν
1131 5411 1193 5463 τὸ
1225 5414 1389 5480 μέσον
1449 5414 1598 5467 ῐδωσι
1638 5417 1746 5467 τῶν

162 5496 369 5548 δούλων
409 5498 501 5549 καὶ
526 5498 618 5549 τοῦ
663 5498 947 5554 δεσπότου.
985 5503 1140 5555 Μετὰ
1178 5504 1382 5574 ταύτην
1406 5505 1461 5557 δὲ
1496 5507 1589 5559 καὶ
1624 5510 1743 5562 ἐτέ-

166 5605 269 5658 ραν
313 5588 523 5641 ἔννοιαν
583 5591 729 5645 ἔστιν
772 5595 945 5645 εἰπεῖν
973 5610 985 5622 ·
1016 5594 1203 5665 ἐπειδὴ
1241 5595 1351 5666 γὰρ
1385 5598 1622 5668 συνεχῶς
1660 5603 1745 5653 έν-

240 5770 255 5783 “
284 5767 414 5822 Lac.
450 5786 524 5835 is,
559 5770 648 5823 Ξῖ.
728 5774 767 5801 ¹⁰
796 5772 925 5827 Luc.
964 5789 1001 5835 ι,
1034 5773 1121 5828 57.
1208 5775 1243 5803 ¹¹
1272 5773 1460 5828 Matth.
1499 5791 1606 5831 xrt.
1645 5777 1737 5830 Ξῖ.

168 5838 259 5895 £4.

1818 5780 2018 5833 "Luc.
2083 5796 2158 5839 is,
2221 5779 2309 5835 9.8.

1850 3312 2038 3366 quem,
2072 3296 2276 3365 inquit,
2315 3295 2694 3363 completurus
2729 3304 2849 3350 erat
2887 3296 2942 3349 in
2970 3293 3276 3350 Jerusalem
3306 3298 3370 3351 ³³.
3411 3317 3429 3349 ι

1851 3387 1965 3443 Hoc
2011 3396 2125 3454 est,
2180 3388 2611 3457 dispensationis
2667 3387 2721 3441 in
2773 3402 2939 3443 carne
2987 3400 3431 3454 sacramentum,

1850 3481 2241 3551 salubremque
2282 3481 2335 3534 in
2378 3482 2619 3551 pretiosa
2664 3480 2842 3534 Cruce
2904 3481 3233 3550 passionem.
3293 3482 3436 3538 Sane

1847 3574 1993 3628 enim
2049 3574 2493 3643 prmmonstravit
2548 3573 2751 3627 Christi
2807 3585 3258 3637 sacramentum,
3318 3584 3432 3629 tum

1849 3664 1930 3718 lex
1961 3680 2061 3734 per
2103 3663 2289 3719 Mosen
2321 3665 2468 3731 data,
2508 3675 2624 3719 tum
2678 3674 2998 3719 sanctorum
3038 3667 3431 3735 prophetarum

1846 3771 2029 3811 sermo
2059 3775 2073 3812 :
2104 3757 2191 3811 illa
2223 3756 2472 3826 quidem,
2501 3757 2652 3812 velut
2687 3758 2797 3812 fere
2838 3758 2892 3810 in
2925 3757 3119 3812 tabella
3153 3760 3205 3811 in
3238 3757 3432 3827 ﬁguris

1850 3851 2173 3921 umbrisque
2218 3852 2522 3921 depingens
2572 3871 2583 3905 :
2641 3853 2694 3906 bi
2747 3864 2955 3920 autem,
3016 3854 3205 3909 multis
3255 3857 3432 3908 tnudis

1847 3942 1965 3997 fore
2009 3944 2460 4012 praenuntiantes,
2504 3952 2564 3998 ut
2596 3948 2932 4014 quandoque
2966 3945 3021 3997 in
3068 3945 3307 3999 humana
3349 3950 3429 3999 vi-

1846 4036 2025 4091 sibilis
2060 4037 2242 4106 specie
2277 4045 2589 4106 appareret.
2626 4052 2726 4091 nec
2757 4052 2856 4105 pro
2893 4036 3139 4089 omnium
3176 4039 3350 4091 salute
3376 4049 3430 4089 ct

1845 4127 1956 4180 vita
2006 4129 2059 4180 in
2118 4127 2264 4196 ligno
2315 4126 2497 4181 crucis
2551 4126 2691 4180 mori
2756 4126 3108 4179 detrectaret.
3163 4126 3253 4180 illa
3298 4143 3429 4197 ergo

1845 4218 2014 4275 Mosis
2078 4218 2319 4288 Elimque
2375 4219 2711 4289 praesentia,
2771 4228 3073 4288 mutuaque
3124 4218 3424 4281 fabulaziu,

1846 4312 2191 4380 dispensatio
2220 4311 2471 4380 quaedam
2501 4319 2621 4364 erat
2653 4327 2666 4363 :
2703 4310 2756 4364 id
2794 4310 3038 4379 apertius
3073 4310 3422 4380 signiﬁcans;

1844 4404 2109 4458 nimirum
2158 4402 2364 4457 muniri
2395 4403 2689 4456 Dominum
2723 4400 2912 4456 Jesum
2953 4402 3259 4468 Christum,
3309 4404 3427 4469 lege

1849 4512 1911 4552 ac
1940 4497 2257 4566 prophetis;
2304 4496 2447 4549 velut
2490 4494 2691 4564 quibus
2742 4494 2872 4547 olim
2904 4494 3039 4563 legis
3069 4493 3333 4548 Dominus
3372 4506 3425 4549 cl

1851 4589 2263 4659 prepbetarum,
2305 4587 2619 4657 designatus
2662 4595 2830 4650 esset,
2875 4598 2971 4654 per
3014 4600 3077 4638 ea
3117 4600 3237 4655 qua
3271 4598 3421 4639 utra-

1845 4696 1951 4751 que
2003 4679 2235 4732 invicem
2281 4692 2523 4733 consona
2571 4678 2625 4731 in
2681 4692 2806 4731 eum
2866 4677 3269 4745 prtedixissent.
3315 4677 3423 4733 Nec

1843 4774 1990 4828 enim
2017 4788 2044 4826 a
2076 4772 2211 4842 legis
2242 4770 2395 4827 scitis
2444 4772 2839 4840 prepbetarum
2874 4769 3145 4823 dissident
3174 4776 3411 4824 oracula

1843 4865 2070 4936 Hocque
2121 4865 2487 4936 signiﬁcatum
2525 4864 2786 4927 arbitror,
2820 4862 2964 4931 quod
3012 4863 3421 4917 sacratissimth

1845 4959 2048 5024 Moses,
2090 4959 2347 5027 Eliasque
2378 4958 2774 5027 prophetarum
2808 4954 3292 5025 praeclarissimum,
3340 4956 3393 5008 in

1846 5054 2014 5105 vicem
2050 5052 2515 5120 colloquerentur.
2548 5048 2738 5102 Potest
2762 5049 2927 5099 etiam
2969 5046 3113 5099 aliud
3139 5048 3419 5115 quidpiam

1845 5144 2091 5213 intelligi.
2122 5141 2391 5208 Quoniam
2423 5142 2566 5193 enim
2602 5144 2771 5193 turba:
2797 5138 3071 5202 dicebant,
3123 5139 3174 5191 hi
3201 5140 3418 5207 quidem

1848 5234 2018 5287 Eliam
2072 5248 2220 5295 esse;
2276 5233 2352 5285 illi
2385 5230 2776 5293 .lcrcmiam”;
2826 5232 2918 5284 alii
2968 5244 3134 5285 unum
3185 5245 3251 5282 ex
3294 5246 3421 5298 prn-

1846 5326 2076 5395 pbetis:
2131 5324 2335 5376 idcirco
2392 5323 2677 5391 apostolici
2722 5325 2938 5378 ordinis
2993 5324 3207 5390 capita,
3271 5336 3417 5375 sum-

1846 5431 2075 5484 mosque
2136 5416 2414 5483 principes
2463 5414 2647 5476 ducit,
2710 5427 2768 5468 ut
2819 5414 2945 5468 inde
2994 5413 3245 5467 noverint
3292 5415 3422 5479 quid

1846 5511 1988 5563 inter
2036 5522 2224 5561 servos
2265 5508 2659 5573 dominumque
2700 5507 2935 5560 intersit.
2987 5506 3062 5557 Ad
3114 5509 3225 5559 htec
3283 5522 3422 5570 quo-

1844 5619 1949 5672 que
2012 5601 2177 5653 aliam
2249 5598 2517 5651 rationem
2586 5596 2742 5649 nobis
2810 5598 3004 5649 alicrre
3062 5598 3205 5649 licet.
3285 5595 3421 5658 Quia

2393 5779 2434 5809 ”
2489 5779 2620 5831 ibid.
2688 5779 2776 5839 δῦ,
2840 5780 2926 5833 31.
3012 5777 3267 5832 "Matth.
3312 5790 3422 5841 xu,
