4144 6448
174 412 311 483 1253

881 414 1136 475 SERMO
1163 415 1224 474 ΙΙ
1266 415 1343 474 1N
1387 414 2231 480 TRANSFIGURATIONEM
2266 421 2334 479 D.
2375 421 2443 480 Ν.
2484 422 2537 482 J.
2572 424 2634 483 C.

3293 432 3426 499 1254

169 551 337 604 φησιν
396 536 425 586 6
472 529 947 602 σκληροτράχηλος
1007 512 1292 592 Ἰουδαῖός·
1323 531 1351 582 ό
1393 528 1729 598 δυσάγωγος,

1844 533 1950 587 etis
1973 535 2254 604 apostolis,
2283 547 2340 591 ut
2366 551 2487 591 eum
2517 539 2740 594 audiant
2774 557 2787 593 :
2825 555 2887 597 ac
2918 542 3185 613 siquidem
3220 546 3427 602 voluis-

170 635 264 679 καὶ
322 625 585 694 ἀπειθὴς.
627 622 726 675 καὶ
768 620 1128 691 ἀνουθέτητον
1179 621 1319 690 ἔχων
1344 621 1443 692 τὴν
1471 622 1737 693 καρδίανς

172 715 282 768 ἰδοῦ
306 718 570 784 παρόντος
593 712 836 774 Μωσέως
851 711 879 762 6
903 711 1093 780 Πατὴρ
1118 710 1549 774 ἐντέλλεταιτοῖς
1568 712 1743 779 ἁγίοις

168 807 489 870 ἀποστόλοις
541 803 764 858 ἀκούειν
822 801 989 856 αὐτοῦ
1019 818 1031 832 ·
1058 803 1173 857 ἀλλ’
1217 802 1378 873 εἴπερ
1420 800 1489 872 ἦν
1519 803 1742 874 θελητδν

168 898 320 968 αὐτῷ
340 900 460 961 ταῖς
488 896 735 958 Μωσέως
761 894 1079 948 ἀκολουθεῖν
1114 893 1312 957 αὐτοὺς
1340 894 1604 957 ἐντολαῖς,
1634 894 1740 963 ἔφη

169 990 239 1043 ἂν
262 990 343 1041 ὅτι
371 986 627 1040 πείθεσθε
656 986 735 1056 τῷ
768 988 992 1041 Μωσεῖ·
1023 987 1241 1055 τηρεῖτε
1274 984 1366 1036 τὸν
1392 983 1573 1054 νόμον.
1605 985 1742 1038 Νυνὶ

166 1080 223 1133 δέ
252 1078 373 1133 ούδέ
400 1078 559 1131 τοῦτό
579 1094 711 1147 φησι
739 1079 768 1130 6
792 1076 925 1139 Θεὸς
958 1076 1055 1129 καὶ
1076 1077 1266 1145 Πατήρ
1289 1090 1303 1104 ⁸
1338 1074 1453 1129 ἀλλ’
1487 1076 1738 1139 ἑστῶτος,

164 1170 409 1232 Μωσέως
435 1168 533 1222 καὶ
558 1168 651 1222 τοῦ
682 1169 965 1238 προφήτου
986 1165 1156 1219 αὐτοῦ
1192 1165 1373 1232 Ἠλία,
1410 1165 1575 1219 αὑτοῦ
1606 1167 1742 1236 μᾶλ-

164 1260 257 1313 λον
291 1258 486 1321 αὐτοὺς
513 1257 734 1311 ἀκούειν
763 1257 1045 1311 ἐπιτάττει
1071 1271 1084 1286 ο
1112 1255 1199 1307 ἵνα.
1232 1244 1366 1325 μηδέ
1393 1255 1742 1325 συκοςὶαντῆ⁸

164 1367 256 1403 ται
289 1349 440 1421 παρά
478 1365 645 1403 τινων
677 1350 710 1417 ή
746 1346 977 1418 ἀλήθεια
1000 1363 1013 1377 ·
1064 1347 1336 1415 λεγόντων
1372 1347 1452 1399 ὅτι
1496 1347 1741 1410 Μωσέως

168 1438 374 1508 μᾶλλον
398 1435 596 1499 αὐτοὺς
644 1434 864 1489 ἀκούειν
910 1435 1311 1505 προτετάταχεν
1338 1435 1366 1487 6
1401 1435 1611 1507 Πατὴρ,
1646 1437 1741 1490 καὶ

165 1530 230 1581 ού
260 1526 354 1581 τοῦ
391 1530 611 1583 πάντων
640 1526 801 1597 ἡμῶν
827 1527 1078 1597 Σωτῆρος
1102 1525 1366 1597 Χριστοῦ.
1404 1525 1743 1595 Ἀναγκαίως

165 1614 262 1672 οὖν
295 1620 324 1671 ό
350 1617 747 1687 εὐαγγελιστὴς
793 1617 1182 1688 ἐπεσημῄνατο
1220 1617 1394 1686 λέγων
1414 1635 1429 1650 ·
1458 1618 1540 1671 ὄτι
1574 1619 1632 1669 ἐν
1663 1615 1742 1687 τῷ

167 1711 423 1780 γενέσθαι
452 1710 553 1779 τὴν
589 1710 806 1780 φωνὴν,
835 1709 1034 1780 εὑρέθη
1079 1710 1286 1779 Ἰησοῦς
1323 1710 1503 1779 μόνος.
1533 1707 1740 1762 Οὐκοῦν

163 1805 254 1858 ὅτε
279 1806 387 1867 τοῖς
416 1803 595 1872 ἀγίοις
625 1802 951 1866 ἀποστόλοις
982 1804 1010 1856 6
1033 1801 1165 1866 Θεὸς
1194 1804 1291 1856 καὶ
1333 1800 1523 1873 Πατὴρ
1558 1802 1632 1866 ὡς
1677 1804 1741 1883 ἐκ

1843 633 1948 687 set,
1985 625 2219 681 utMosis
2244 638 2511 698 prtecepta
2548 642 2926 701 sequeremur,
2952 634 3182 691 dixisset
3209 639 3424 709 utique.

1843 723 1901 768 ut
1958 715 2090 771 Mosi
2131 719 2603 788 obtemperarent,
2640 731 2698 775 nt
2734 734 3015 779 servarent
3079 727 3274 797 legem.
3304 728 3424 785 Jam

1842 823 1969 865 vero
1992 809 2401 881 haudquaquam
2434 813 2483 866 id
2505 812 2643 868 Dens
2671 822 2724 868 ct
2752 812 2912 868 Pater
2938 816 3089 881 dicit,
3117 820 3212 875 sed
3235 831 3425 876 astan-

1841 899 1985 955 tibus
2037 902 2202 967 Mose,
2228 901 2454 972 Eliaque
2478 905 2594 973 ejus
2626 907 2915 977 propheta,
2949 918 3015 963 ut
3046 910 3201 964 illum
3244 914 3424 982 potius

1844 993 2081 1059 audiam,
2113 994 2378 1064 praecipit.
2424 994 2493 1049 Ut
2539 1012 2605 1050 ne
2668 1007 2848 1054 autem
2885 1002 3085 1054 veritas
3118 1004 3256 1071 apud
3286 1020 3423 1058 non-

1843 1083 2019 1139 nullos
2073 1085 2400 1139 calumniam
2470 1096 2746 1154 patiatur,
2804 1090 3095 1161 dicamque
3188 1092 3422 1161 jussisse

1845 1171 2054 1226 Patrem
2107 1184 2161 1228 ut
2215 1174 2397 1231 Mosen
2463 1175 2682 1244 petitis,
2736 1193 2842 1232 non
2884 1184 3126 1236 omnium
3164 1194 3433 1239 nostrum.

1843 1260 2174 1322 Salvatorem
2223 1265 2501 1320 Christum
2537 1307 2551 1330 ,
2607 1268 2857 1324 audirent
2900 1285 2915 1322 :
2965 1272 3085 1326 ideo
3137 1274 3419 1345 s‘gnanter
3462 1308 3470 1321 ο

1840 1352 2183 1425 evangelium
2208 1353 2495 1409 dicendum
2534 1357 2665 1423 fuit,
2696 1358 2825 1415 dum
2864 1376 2962 1414 vox
3007 1363 3156 1418 ﬁeret
3184 1405 3201 1430 ,
3229 1368 3417 1421 inven-

1844 1449 1954 1495 tum
1989 1457 2108 1499 esse
2136 1442 2321 1499 Jesum
2366 1446 2563 1502 solum.
2594 1447 2728 1505 Cum
2764 1451 2925 1521 igitur
2970 1453 3110 1508 Deus
3138 1468 3193 1511 et
3231 1456 3414 1523 Pater,

1841 1535 1984 1589 velut
2012 1552 2076 1591 ex
2117 1537 2369 1605 nubibus,
2410 1540 2639 1609 desuper
2684 1545 2943 1618 apostolis
2969 1550 3175 1605 sanctis
3223 1552 3417 1618 princi-

1841 1633 2014 1694 peret,
2080 1626 2312 1681 dicens:
2360 1650 2378 1681 ι
2441 1631 2616 1698 Ipsum
2665 1616 2869 1698 audite,
2925 1656 2943 1687 ι
2991 1639 3174 1694 aberat
3218 1616 3417 1710 Moses,

1842 1715 2124 1769 I'lliasnon
2179 1730 2297 1772 erat
2352 1737 2366 1785 ;
2417 1719 2573 1774 Jesus
2636 1734 2813 1778 autem
2872 1737 2989 1780 erat
3047 1730 3224 1786 solus:
3291 1749 3421 1805 ergo

1842 1808 2095 1876 prmcepit
2125 1820 2181 1861 ut
2215 1809 2385 1878 ipsum
2436 1815 2706 1869 audirent.
2759 1817 2970 1874 Etenim
3026 1820 3141 1890 ipse
3194 1824 3319 1878 linis
3367 1834 3420 1881 et

163 1899 406 1969 νεφελῶν
429 1897 637 1954 ἀνωθεν
660 1896 973 1952 ἐνετέλλετο
988 1897 1183 1966 λέγων’
1199 1916 1215 1948 ι
1242 1896 1495 1950 Ἀκούετε
1515 1895 1729 1961 air-:06”

1846 1895 1977 1965 legis
2005 1906 2058 1951 et
2111 1900 2494 1969 prophetarum
2552 1902 2617 1956 θ.
2661 1903 2948 1975 Propterea
3002 1912 3164 1963 etiam
3208 1914 3421 1984 pepulis

162 1988 368 2058 Μωσῆς
406 1987 506 2058 μὲν
539 1988 685 2056 ἀπῆν
716 2003 729 2016 ·
774 1986 959 2050 Ἠλίας
987 1987 1124 2041 δὲού
1164 1986 1368 2057 πιρῆν,
1400 1987 1559 2057 μόνος
1591 1982 1739 2058 δὲῆν

160 2079 470 2149 ὁΧριστός.
533 2077 709 2132 Αὑτοῦ
762 2078 1059 2150 τοιγαροῦν
1108 2078 1331 2132 ἀκούειν
1380 2078 1737 2148 προστέταχε.

163 2169 274 2223 Καὶ
300 2170 406 2239 γάρ
433 2160 586 2221 ’ἔστιν
615 2169 779 2231 αὐτὸς
808 2168 963 2231 τέλος
986 2169 1153 2240 νόμου
1183 2170 1276 2223 καὶ
1297 2168 1613 2240 προφητῶν.
1640 2168 1737 2222 Διά

158 2260 321 2314 τοῦτο
350 2260 443 2314 καὶ
496 2262 612 2325 τοῖς
650 2260 759 2314 τῶν
803 2261 1071 2320 Ἰουδαίων
1116 2261 1312 2332 δήμοις
1342 2261 1735 2332 προσεφώνησε

159 2352 337 2420 λέγων
362 2372 374 2382 σ
429 2372 446 2404 ι
480 2352 543 2405 Εἰ
574 2352 860 2406 πιστεύετε
900 2354 1123 2417 Μωσεί,
1154 2352 1515 2406 ἐπιστεύσατε
1544 2354 1609 2406 ἂν
1641 2355 1737 2407 καὶ

159 2443 309 2512 ἐμοί.
353 2443 488 2513 Περὶ
513 2443 623 2514 γὰρ
655 2443 791 2514 ἐμοῦ
830 2446 1035 2506 ἐκεῖνος
1064 2443 1323 2513 ἔγραψεν.
1364 2462 1381 2493 ι
1434 2442 1733 2514 Ἐπειδὴδέ

158 2536 255 2587 καὶ
306 2534 403 2606 τὴν
433 2535 523 2588 διά
576 2535 673 2588 τοῦ
727 2536 1007 2605 πανσόφου
1059 2535 1306 2597 Μωσέως
1361 2535 1729 2603 ἀτιμάζοντες

160 2623 406 2694 ἐντολὴν,
439 2622 637 2676 καὶτὸν
665 2623 753 2677 διὰ
778 2624 888 2677 τῶν
913 2623 1083 2693 ἁγίων
1105 2625 1399 2695 προφητῶν
1414 2624 1734 2687 ἀθετοῦντες

157 2712 318 2781 λόγον
355 2713 519 2785 μέχρι
570 2713 773 2776 παντὸς
817 2715 1184 2783 μεμενήκασι,
1219 2714 1443 2775 δικαίως
1495 2713 1734 2783 ἀπηλλο-

154 2800 471 2872 τριώθησαν
497 2818 511 2833 ο
546 2803 639 2854 καὶ
668 2799 775 2856 τῶν
810 2803 910 2870 τῆς
950 2801 1222 2871 πατράσιν
1249 2801 1430 2855 αὐτῶν
1456 2801 1733 2870 ἐπηγγελ-

158 2895 340 2962 μένων
402 2891 712 2964 ἐξεώθῆσαν
792 2891 1037 2960 ἀγαθῶν.
1075 2911 1093 2945 ι
1146 2892 1394 2964 ’Υπακοὴ
1443 2893 1552 2962 γάρ
1590 2892 1731 2960 ὑπὲρ

156 2984 349 3038 θυσίαν
377 2984 557 3056 ἀγαθή
585 3001 598 3016 ο
616 2986 712 3038 καὶ
731 2985 764 3053 ἠ
784 2984 1121 3054 ἐπακρόασις
1143 2984 1283 3055 ὑπὲρ
1299 2975 1466 3053 στέαρ
1481 2984 1682 3052 ἀρνῶν,
1707 3003 1725 3035 ι

155 3074 339 3139 καθὼς
390 3077 725 3146 γέγραπται.
761 3076 872 3129 Καὶ
928 3075 999 3128 τὰ
1054 3075 1155 3144 μὲν
1211 3075 1321 3128 τῶν
1362 3076 1730 3144 Ἰουδαίωνέν

154 3167 366 3229 τούτοις
391 3184 404 3197 ·
441 3170 574 3238 ἡμῖν
634 3167 692 3221 δὲ
726 3169 839 3231 τοίς
872 3167 1217 3236 ἐπεγνωκόσι
1260 3168 1364 3237 τὴν
1398 3168 1726 3236 ἐπιφάνειαν

156 3264 345 3327 αὐτοῦ,
378 3266 555 3317 πάντα
584 3262 800 3325 πάντως
839 3261 1071 3330 ὑπάρξει
1097 3261 1166 3315 τά
1234 3262 1419 3330 ἀγαθά
1445 3281 1459 3293 ·
1485 3263 1554 3314 δι’
1590 3262 1755 3316 αὐτοῦ
1793 3282 1852 3316 τε
1889 3267 1983 3319 καὶ
2023 3272 2156 3339 παρ’
2192 3272 2359 3326 αύτοῦ
2418 3276 2513 3328 τοῦ
2558 3277 2796 3349 Χριστοῦ
2827 3301 2840 3313 ·

1842 1984 2150 2043 Judzeoruin
2222 1990 2432 2047 locutus
2490 2006 2593 2059 est,
2653 1998 2837 2054 dicens
2893 2016 2907 2052 :
2955 2018 2974 2050 ι
3014 2000 3070 2054 Si
3132 2004 3418 2061 credet-itis

1840 2077 1996 2141 Mosi,
2032 2082 2160 2135 mihi
2193 2085 2381 2154 utique
2421 2086 2714 2142 crederetis
2741 2107 2754 2144 :
2785 2090 2852 2144 de
2884 2106 2968 2145 tne
3001 2094 3143 2147 enim
3174 2097 3264 2149 ille
3286 2100 3420 2153 scri-

1839 2171 1944 2239 psit
1982 2172 2049 2225 ’⁸.
2105 2190 2122 2223 ι
2160 2170 2293 2237 Quia
2356 2190 2483 2229 vero
2544 2178 2816 2234 obstinate
2862 2181 3028 2237 Musis
3090 2200 3418 2263 praeceptum

1839 2264 2107 2329 aspernati
2144 2274 2266 2319 sunt
2297 2307 2310 2326 .
2348 2268 2657 2339 dictumque
2715 2286 2809 2340 per
2870 2285 3088 2333 sanctos
3124 2280 3418 2349 prophetas

1836 2366 2135 2408 sermonem
2189 2357 2339 2410 nihili
2402 2372 2466 2413 ac
2521 2370 2821 2418 extremum
2896 2382 3067 2436 usque
3132 2368 3415 2435 fecerunt,

1837 2446 2027 2500 merito
2045 2447 2271 2523 abdicati
2306 2461 2432 2503 sunt
2456 2492 2469 2509 .
2514 2461 2677 2523 atque
2708 2471 2736 2510 a
2788 2457 2952 2513 bonis
2981 2476 3210 2529 quorum
3237 2475 3418 2531 patres

1837 2537 2311 2604 rapi-amissionem
2376 2554 2740 2611 acceperant,
2798 2548 3040 2618 depulsi,
3084 2551 3225 2606 sicut
3272 2556 3417 2608 enim

1836 2627 2096 2695 scriptum
2133 2638 2220 2683 est
2272 2647 2284 2683 :
2380 2651 2396 2682 ι
2441 2632 2735 2706 Ohauditio
2822 2654 2984 2708 super

1837 2717 2053 2781 bonum,
2087 2731 2137 2773 et
2157 2722 2463 2779 obedientia
2497 2742 2659 2797 super
2686 2730 2899 2800 adipem
2962 2748 3234 2801 agnorum
3274 2737 3322 2769 "
3350 2777 3366 2793 .
3392 2757 3412 2789 ι

1834 2808 1897 2861 Ει
1927 2809 2004 2863 sic
2034 2813 2496 2879 quidemJutlaiea
2522 2819 2744 2874 habent.
2783 2819 2948 2878 Nobis
2973 2841 3124 2893 vero,
3151 2830 3254 2896 qui
3285 2831 3409 2901 ejus

1833 2902 2153 2967 agnovimus
2185 2909 2598 2976 apparitionem,
2632 2924 2790 2966 erunt
2825 2914 2984 2982 plane
3014 2920 3198 2974 omnia
3234 2922 3409 2978 bona:

1832 3001 1885 3043 ct
1920 3007 2014 3060 per
2056 2994 2531 3062 ipsum'Chrislum
2558 3041 2573 3067 ,
2608 3010 2663 3056 et
2701 3006 2767 3059 ab
2796 3006 2915 3075 ipso
2944 3047 2959 3071 ,
2988 3026 3085 3080 per
3108 3028 3268 3081 quem
3296 3054 3310 3075 .
3361 3025 3417 3068 et

1832 3097 1953 3134 eum
1982 3099 2091 3152 quo
2116 3083 2227 3139 Deo
2253 3087 2402 3143 Patri
2435 3107 2558 3146 cum
2596 3094 2802 3163 Spiritu
2860 3113 3073 3168 sancto,
3131 3104 3304 3175 gloria
3362 3117 3415 3162 et

1836 3172 2140 3241 imperium,
2177 3178 2228 3229 in
2292 3183 2492 3235 saacula
2532 3185 2877 3244 saeculorum.
2923 3192 3114 3247 Amen.

2902 3284 2969 3337 δι’
3013 3280 3101 3350 οῦ,
3146 3291 3242 3343 καὶ
3296 3293 3413 3362 μεθ’

154 3350 239 3418 οῦ,
267 3354 342 3425 τῷ
375 3354 494 3426 Θεῴ
528 3355 622 3408 καὶ
672 3354 850 3424 Πατρὶ
896 3351 1025 3416 δόξα
1070 3354 1165 3406 καὶ
1221 3354 1420 3422 κράτος
1470 3354 1566 3406 σὺν
1596 3353 1736 3422 ἁγίῳ
1777 3356 2075 3427 Πνεύματι,
2102 3362 2183 3423 εἰς
2246 3363 2373 3426 τοὺς
2411 3366 2613 3430 αἰῶνας
2641 3369 2748 3421 τῶν
2783 3371 3015 3428 αἰώνων.
3068 3377 3270 3449 Ἀμήν.

903 3466 978 3520 Γ’.

152 3560 252 3624 Εἰς
296 3558 417 3639 rip:
435 3556 859 3639 ﬁagspéfdoﬁor;
871 3559 1334 3639 μεταμόρφωςνιν
1366 3558 1727 3639 ζοῡαζὺιρίορ

225 3628 325 3682 καὶ
379 3628 526 3751 Θῗῦ
557 3626 659 3680 καὶ
694 3626 970 3695 Σωτῆρος
1003 3626 1177 3696 ἡμῶν
1214 3628 1411 3695 Ἰησοῦ
1468 3629 1726 3696 Χριστοῦ

223 3700 406 3762 λόγος
500 3735 515 3751 .

226 3789 397 3851 Αὐτὸς
433 3788 533 3859 μὲν
558 3789 782 3848 ἑωθινοῦ
812 3790 990 3858 φωτὸς
1027 3788 1461 3859 προηγούμενος,
1484 3789 1725 3843 ἀπελαύ-

153 3900 236 3936 νει
268 3881 375 3933 τῶν
400 3879 689 3951 βλεφάρων
722 3881 813 3934 τὸν
846 3880 1035 3945 ὕπνον,
1066 3880 1159 3935 καὶ
1189 3880 1249 3932 τὸ
1278 3880 1601 3954 περίορθρον
1628 3882 1725 3951 τῆς

155 3974 373 4043 ἡμέρας
414 3973 474 4025 τὸ
514 3972 788 4039 λυκαυγὲς
820 3972 1208 4042 ἐφελκόμενον,
1238 3971 1449 4025 διαλύει
1482 3973 1586 4037 τὰς
1615 3973 1724 4028 τῶν

153 4065 379 4134 ὀνείρων
411 4063 596 4127 σκιάς·
644 4065 917 4135 μαρτυρεῖ
955 4062 1012 4114 δὲ
1064 4065 1131 4133 τῇ
1167 4062 1262 4116 τοῦ
1296 4063 1425 4133 ἠοῦς
1452 4065 1726 4136 παρουσίᾳ

152 4157 261 4217 πᾶς
295 4155 443 4224 ὅρνις
485 4156 637 4217 ὅστις
684 4155 834 4207 ἐστὶν
865 4153 1097 4225 ᾠδικὸς,
1150 4154 1257 4225 πρὸ
1312 4156 1410 4226 τῆς
1471 4157 1723 4227 πτήσεως

152 4238 426 4309 ἐφιζάνων
474 4244 586 4305 τοῖς
631 4242 916 4312 πρέμνοις.
949 4243 1027 4312 Τῇ
1059 4242 1167 4313 γάρ
1196 4242 1303 4295 τῶν
1334 4244 1549 4297 οἰκείων
1588 4248 1721 4299 ἀνα-

152 4332 370 4400 κινήσει
395 4331 633 4402 πτερῶν,
664 4334 1190 4403 συνεκτιναξάμενος
1209 4326 1305 4404 τῆν
1334 4335 1493 4406 σιγὴν
1522 4339 1588 4407 τῇ
1615 4338 1722 4389 ἀπὸ

148 4422 246 4474 τοῦ
273 4422 443 4476 ῦπνου
471 4418 768 4494 ¹χαυνότητι
799 4464 812 4487 ,
840 4427 899 4478 ἐν
923 4426 1001 4496 τῷ
1034 4426 1215 4496 ὄρθρῳ
1238 4426 1334 4497 τὴν
1360 4428 1554 4480 ἀκτῖνα
1584 4446 1721 4500 προ-

148 4512 360 4567 ὅλέπει.
398 4515 509 4567 Καὶ
538 4516 665 4578 τοὺς
705 4515 782 4567 ἔτι
827 4515 1194 4579 καθεύδοντας
1219 4557 1233 4581 ,
1266 4518 1355 4572 διὰ
1387 4519 1485 4587 τῆς
1516 4520 1719 4583 οίκείας

149 4606 356 4675 ἐγείρει
411 4609 617 4678 φωνῆς.
668 4607 773 4659 Τὸν
808 4607 971 4660 αὑτὸν
1003 4608 1201 4678 τρόπον
1230 4608 1323 4661 τοῦ
1357 4609 1715 4678 εύογγελικοῦ

147 4696 326 4761 quato;
367 4696 459 4749 τὸν
508 4695 610 4765 τῆς
655 4698 1041 4767 οίκουμενικῆς
1077 4698 1402 4769 Ἐκκλησίας
1444 4700 1715 4771 περιλάμ-

2578 3481 2667 3535 Ill.

1837 3558 1901 3614 1η
1924 3561 2361 3640 gloriosissiiituiit
2420 3567 2634 3640 Domini
2673 3583 2721 3625 et
2766 3573 2864 3627 Dei
2892 3588 2938 3627 et
2982 3577 3273 3633 Salvium-is
3314 3602 3410 3638 iro-

1952 3635 2052 3685 stri
2074 3631 2201 3686 Jcsu
2233 3633 2431 3689 Christi
2460 3632 2984 3711 traukﬁguratioucm
3009 3631 3181 3702 oratio
3219 3631 3301 3706 II.

1901 3790 2154 3844 Matutini
2183 3791 2404 3848 luminis
2425 3795 2635 3862 primus
2675 3798 2936 3868 splendor
2992 3819 3247 3862 somnum
3300 3816 3410 3880 pal-

1831 3880 2016 3947 pebris
2039 3882 2227 3947 abigit,
2278 3885 2717 3958 productumque
2778 3892 2884 3948 diei
2935 3902 3263 3955 matutinum
3290 3920 3408 3960 cre-

1833 3971 2118 4039 pusculnm
2144 3975 2479 4030 somniorum
2500 3977 2749 4034 dissolvit
2769 3984 2993 4039 umbras
3010 4032 3023 4053 ,
3044 4002 3259 4044 aurorae
3279 4008 3406 4045 vero

1831 4060 2149 4127 adventum,
2168 4078 2371 4118 canora
2389 4068 2569 4123 omnis
2591 4070 2709 4123 avis
2733 4087 2763 4124 a
2813 4075 3093 4143 stipitibus
3131 4082 3406 4152 ramisque

1830 4159 1955 4206 ante
1980 4152 2221 4208 volatum
2278 4158 2532 4226 pendula,
2591 4168 2847 4216 testatum
2898 4165 3045 4221 facit.
3101 4168 3215 4225 Una
3254 4174 3400 4227 enim

1829 4257 1952 4297 cum
1983 4244 2204 4301 inducta
2232 4263 2428 4304 somno
2455 4250 2702 4317 mollitie,
2728 4269 3026 4323 pennarum
3053 4266 3404 4331 quassatione

1827 4336 2062 4390 decusso
2090 4338 2328 4405 silentio,
2370 4342 2702 4397 matutinum
2739 4347 2953 4401 radium
2990 4353 3210 4421 excipit,
3241 4370 3403 4412 voce-

1826 4442 1931 4495 que
1960 4427 2327 4497 obstrepente,
2359 4433 2539 4486 adhuc
2561 4435 2960 4495 dormientibus
3005 4456 3256 4498 somnum
3283 4449 3403 4501 adi-

1825 4518 1941 4571 mit.
1976 4517 2067 4572 Sie
2125 4521 2303 4589 plane,
2343 4521 2602 4579 Ecclesia:
2645 4528 2969 4586 universalis
3027 4534 3403 4601 domo,evau-

1823 4610 1980 4679 gelici
2014 4610 2237 4667 luminis
2293 4613 2567 4671 illustrata
2599 4615 2939 4688 fulgoribus,
2991 4625 3250 4683 abscedat
3279 4633 3399 4700 qui-

1822 4702 1943 4756 dem
1962 4718 2063 4758 ccu
2086 4719 2192 4759 nox
2219 4707 2494 4776 quietiam,
2515 4710 2743 4779 ignaviae
2765 4714 2942 4785 caligo
2964 4738 2975 4772 :
3000 4733 3063 4774 ac
3097 4737 3227 4776 vero
3252 4724 3394 4778 haud

145 4790 347 4857 φαντος
396 4785 578 4841 οἶκον·
629 4788 987 4858 ὑποχωρείτω
1042 4789 1140 4859 μὲν
1170 4789 1359 4861 ῶσπερ
1400 4789 1499 4854 νὺξ
1542 4793 1575 4861 ἡ
1617 4792 1717 4860 τῆς

1832 4808 1983 4848 secus
2029 4809 2094 4849 ac
2138 4798 2548 4854 tabernaculum
2612 4802 2780 4857 ﬁxum
2841 4806 2894 4859 in
2944 4810 3175 4875 somnis,
3234 4812 3396 4867 inane

148 4878 424 4951 ῥᾳθυμίας
468 4880 675 4949 ἀχλύς·
750 4881 903 4933 πᾶσα
951 4881 1009 4934 δὲ
1059 4882 1263 4952 σπουδὴ
1321 4884 1717 4955 ματαιότητος,

145 4970 399 5040 καθάπερ
439 4972 634 5042 ὀνείρῳ
698 4976 938 5040 παγείσα
979 4972 1281 5027 διαλυέσθω
1329 4976 1498 5045 σκηνή
1522 4993 1534 5005 ’
1572 4980 1635 5029 ἐκ
1666 4978 1721 5031 δὲ

142 5061 252 5113 τῶν
283 5061 637 5130 ὑψηλοτάτων
668 5062 759 5115 τοῦ
792 5062 1037 5133 βήματος
1086 5065 1343 5135 πρέμνων
1391 5068 1715 5148 κελαδείτω-

145 5168 247 5203 σαν
291 5153 347 5205 αἱ
399 5152 743 5207 θεόπνευστοι
788 5155 895 5208 τῶν
929 5154 1275 5209 διδασκάλων
1324 5157 1494 5228 ᾠδαὶ,
1524 5162 1591 5230 τῇ
1623 5160 1716 5215 τοῦ

144 5244 465 5311 ἐπουρανίου
487 5245 862 5315 μαρτυροῦσαι
885 5247 1157 5317 παρουσίᾳ
1185 5248 1383 5316 φωτός.
1412 5250 1714 5313 Ἀλλά·τοῖς

148 5336 249 5405 μὲν
280 5335 489 5404 ὄρνισιν
521 5337 735 5407 ἄσημος
772 5340 804 5406 ἡ
845 5338 1020 5408 φωνὴ,
1073 5339 1418 5410 διεγείροντα
1453 5343 1575 5404 τοὺς
1610 5360 1712 5394 νω-

145 5426 309 5494 θροὺς
339 5427 473 5495 πρὸς
500 5430 829 5498 ἐγρήγορσιν
855 5445 868 5459 ·
899 5431 956 5481 ἐν
988 5430 1045 5483 δὲ
1084 5433 1194 5492 τοῖς
1222 5430 1562 5494 διδασκάλοις
1593 5434 1713 5484 ἐπί-

148 5533 321 5585 σημος
353 5519 385 5585 ἡ
423 5516 515 5569 τοῦ
562 5518 776 5571 Παύλου
810 5520 961 5589 φωνή
987 5537 1000 5550 ·
1038 5539 1055 5571 ι
1096 5520 1157 5572 Ἢ
1191 5521 1306 5585 νὺξ,
1350 5520 1549 5590 βοῶσα,
1582 5538 1712 5592 προ-

148 5610 375 5677 έχοιεν·
410 5611 525 5681 ἠδὲ
551 5612 732 5683 ἡμέρα
775 5614 993 5682 ῆγγικε.
1038 5635 1054 5665 ι
1095 5614 1230 5667 Ποία
1284 5616 1558 5687 προέκοψε
1591 5617 1709 5682 νὺξ,

1824 4901 1985 4941 omne
2034 4889 2373 4960 stultumque
2430 4894 2671 4948 studium
2711 4897 3059 4966 dispellatur;
3103 4902 3394 4959 divinitus-

1818 4992 1924 5046 que
1954 4978 2231 5049 inspirata:
2251 4984 2635 5053 magistrorum
2685 4988 2971 5045 cantilenas
3006 4992 3073 5045 de
3113 4993 3396 5051 altissimis

1817 5082 2073 5126 resonent
2133 5087 2421 5144 suggestus
2460 5081 2651 5143 ramis,
2688 5097 2752 5136 ac
2782 5083 3026 5138 ctelestis
3054 5086 3279 5143 luminis
3320 5099 3395 5144 te—

1817 5172 2034 5219 stentur
2100 5166 2415 5222 adventum.
2462 5170 2531 5225 At
2561 5172 2754 5229 avibus
2805 5174 3025 5245 quidem
3080 5179 3243 5234 missa
3266 5197 3392 5245 vos,

1813 5270 2124 5325 quanquam
2161 5274 2270 5312 non
2300 5260 2577 5324 distincta,
2597 5264 2779 5334 pigros
2800 5266 2865 5320 ad
2886 5268 3126 5336 vigiliam
3149 5270 3390 5336 excitat;

1814 5348 1866 5399 in
1900 5349 2176 5418 magistris
2212 5362 2417 5419 autem,
2449 5364 2595 5407 certa
2618 5365 2700 5410 est
2724 5372 2787 5410 ac
2815 5357 3073 5412 distincta
3103 5359 3253 5413 Pauli
3293 5376 3390 5417 vos

1813 5438 1899 5489 illa
1931 5438 2172 5493 clamans
2199 5481 2213 5501 ,
2246 5459 2263 5491 ι
2302 5441 2416 5496 Nox
2449 5447 2761 5513 praecessit;
2799 5448 2916 5503 dies
2957 5462 3138 5505 autem
3192 5468 3389 5522 appro-

1814 5531 2182 5601 pinquavit".
2223 5552 2240 5584 ι
2304 5535 2437 5600 Quze
2465 5551 2565 5590 nox
2610 5539 2699 5593 illa
2740 5544 3093 5609 prmeessitm
3119 5555 3174 5598 tu
3204 5544 3387 5598 Eccle-

1815 5624 1909 5676 sia:
1936 5624 2228 5694 magister;
2262 5641 2448 5695 quaeve
2482 5633 2941 5701 appropinquavit
2979 5637 3132 5692 dies?
3173 5636 3387 5708 Ergone

221 5808 266 5839 ³⁵
298 5806 457 5863 Rom.
489 5824 544 5875 χ,
570 5810 620 5863 Ii.
698 5812 742 5843 "
779 5810 935 5867 Joau.
972 5828 1023 5880 ν,
1056 5811 1141 5866 46.
1219 5814 1265 5844 ’θ
1293 5815 1311 5866 l
1338 5812 1471 5887 Reg.
1497 5814 1596 5882 x'v,
1619 5812 1710 5870 22.

1832 5820 1834 5825 ’
1872 5816 2008 5873 Rom
2047 5821 2257 5891 xitt,l2.

3088 2643 3416 2701 sai-rilicium
3507 2634 3513 2639 ’
