4144 6448
689 400 833 468 1255

1790 394 2325 458 PANTALEONIS
2379 396 2697 458 DIACONI
2752 398 2865 459 CP.

3840 405 3959 469 1255

690 508 1094 577 caliginosioris
1119 504 1380 575 temporis
1428 501 1628 558 detenti
1670 504 1991 568 commodis,
2031 503 2174 557 velut
2206 517 2271 556 ex

2386 496 2425 556 ὦ
2480 505 2582 573 τῆς
2645 504 2978 575 Ἐκκλησίις
3034 504 3359 570 διδάσκαλε,
3428 510 3555 561 ποία
3612 510 3671 562 δὲ
3740 512 3960 581 ᾕγγικεν

689 612 870 664 nocte,
903 599 1100 653 diurno
1126 596 1316 650 lumini
1342 596 1777 665 propinquamus
1801 595 1824 648 ?
1850 594 2163 659 Enimvero,
2197 596 2277 649 si-

689 691 910 759 quidem
942 689 1172 743 mutatio
1215 680 1547 757 temperum,
1587 688 1856 740 malorum
1890 685 2069 740 ell‘ecit
2100 698 2280 739 mula-

693 784 918 845 tionem,
943 782 1087 850 quod
1118 780 1338 850 quidem
1371 780 1828 849 amirOpiuquavit
1872 789 2108 847 tempus,
2138 794 2279 847 prae-

690 875 852 926 terito
903 875 1098 927 melius
1158 872 1351 937 evasit,
1415 874 1664 925 humana:
1702 887 1830 925 vero
1890 881 2096 925 natum
2144 871 2281 924 nihil

690 967 872 1021 laudis
939 967 1192 1029 accessit,
1232 980 1359 1019 eum
1411 966 1527 1033 ipsa
1560 964 1790 1017 nihilex
1840 964 1950 1017 alia
2013 964 2067 1017 in
2115 963 2279 1017 aliam

689 1056 968 1112 demutata
1026 1058 1118 1111 sit.
1184 1057 1393 1129 Apage,
1448 1058 1645 1127 inquit.
1689 1054 1945 1110 Seieutize
2004 1071 2108 1125 ego
2154 1056 2281 1109 illo-

685 1153 1053 1214 atrationem,
1099 1165 1209 1204 non
1276 1150 1537 1218 temporis
1601 1149 1813 1217 lapsum
1864 1147 2165 1202 edissere:
2218 1162 2283 1201 ac

695 1240 844 1297 velut
897 1242 1162 1297 diuturno
1205 1244 1448 1312 sepultus
1495 1256 1712 1306 somno,
1754 1241 1939 1310 pigros
1971 1240 2277 1295 exsuscita.

766 1543 901 1600 Nam
926 1556 980 1601 et
1013 1546 1114 1615 ipsi
1176 1545 1384 1601 fuimus
1415 1563 1554 1611 uox;
1601 1562 1746 1604 nunc
1775 1557 1957 1602 autem
1991 1559 2279 1617 postquam

693 1637 974 1693 induimus
1004 1636 1306 1702 Christum,
1332 1639 1437 1692 diei
1484 1640 1644 1695 nobis
1690 1641 2277 1711 congruitappellatio.

700 1747 719 1780 ι
761 1729 991 1785 Eramus
1035 1731 1181 1783 enim
1219 1729 1521 1800 aliquando
1580 1733 1852 1797 tenebrae;
1898 1747 2045 1785 nunc
2094 1740 2278 1786 autem

694 1822 787 1874 Iuv
838 1824 892 1875 iu
946 1823 1179 1876 Domino
1206 1822 1272 1873 ".
1314 1840 1332 1873 ι
1387 1822 1719 1877 Benedictus
1771 1840 1852 1888 es,
1900 1822 2139 1888 Christe,
2185 1839 2281 1892 per
2314 1855 2357 1912 Β

693 1929 855 1981 quem
901 1915 1064 1967 homo
1114 1916 1253 1969 luris
1304 1915 1773 1983 nuncupationem
1814 1926 2151 1971 consecutus
2175 1925 2278 1971 est.

695 2002 1023 2059 Benedictus
1056 2019 1138 2066 es,
1172 2005 1409 2072 Christe,
1447 2021 1544 2074 per
1596 2022 1755 2076 quem
1794 2010 2033 2061 humana
2085 2018 2279 2062 natura

696 2104 947 2163 mutuum
989 2096 1096 2151 Deo
1130 2098 1506 2152 indumentum
1542 2100 1794 2168 przehuit,
1830 2098 2034 2170 Deique
2083 2112 2281 2154 natura

694 2188 951 2243 humanae
996 2190 1323 2244 substantia:
1388 2206 1683 2261 personam
1753 2206 1817 2246 ac
1861 2194 2279 2249 subsistentiam

693 2282 906 2336 tribuit.
951 2282 1281 2339 Benedictus
1329 2299 1409 2345 es,
1463 2283 1702 2348 Christe,
1732 2300 1828 2354 per
1861 2302 2023 2356 quem
2057 2288 2283 2342 exstin-

694 2374 881 2441 guitur
910 2391 1095 2445 pinna,
1119 2376 1322 2444 judicis
1347 2376 1414 2430 ad
1440 2392 1565 2432 reos
1601 2378 1771 2432 verita
1804 2378 2152 2448 Cogitatiouis
2184 2395 2282 2434 ne-

692 2467 1106 2521 cessitudinem.
1148 2467 1471 2522 Benedictus
1499 2484 1578 2533 es,
1610 2469 1861 2536 Christe;
1900 2478 1953 2523 tu
1998 2472 2142 2524 enim
2175 2470 2282 2523 Lu-

696 2572 821 2610 men
887 2574 1072 2611 verum
1136 2559 1432 2623 cxsistens,
1470 2560 1831 2614 humanitatis
1892 2561 2282 2631 subingressus

693 2649 998 2716 lucernam,
1057 2651 1180 2703 oleo
1231 2654 1451 2720 quidem
1503 2651 1762 2722 Spiritus,
1815 2663 2027 2708 naturae
2082 2656 2286 2724 impiu-

695 2737 876 2803 guasti
909 2736 1248 2806 elychnium,
1288 2739 1593 2807 spiritualis
1652 2741 1831 2808 ipsum
1889 2742 2075 2812 gloria:
2097 2745 2285 2810 splen-

695 2828 834 2880 dore
882 2830 1232 2896 accendens;
1296 2831 1538 2884 humauo
1588 2842 1771 2886 autem
1832 2835 2055 2887 vasculo
2102 2846 2285 2889 creata

693 2918 1039 2984 illuminasti,
1072 2920 1356 2976 illustrans
1388 2924 1673 2992 paululum
1716 2940 1836 2977 eam
1874 2924 2200 2993 lampadem,
2230 2926 2283 2979 in

695 3024 859 3078 quam
901 3025 1002 3065 nec
1059 3010 1275 3077 Petrus,
1315 3029 1414 3066 nec
1457 3012 1721 3078 Jacobns,
1762 3030 1861 3068 nec
1891 3014 2156 3081 Joannes,
2189 3018 2288 3070 hu-

695 3097 875 3151 manis
909 3098 1086 3153 oculis
1126 3100 1247 3153 ausi
1274 3110 1404 3154 sunt
1433 3102 1716 3171 aspicere;
1746 3103 1930 3172 potius
1967 3118 2094 3157 vero
2126 3104 2283 3173 proni

2383 599 2600 668 ἡμέρας
2627 594 2772 668 ’Δρα
2801 598 2991 662 νυκτὸς
3020 596 3453 671 ζοφωδεστέραις
3484 603 3858 671 κατεχόμενοι
3889 608 3962 658 σύ·

2383 692 2627 760 ετηρίαις
2654 691 2817 754 τισὶν,
2845 690 2920 751 ὡς
2948 692 3011 742 ἐκ
3037 690 3228 753 νυκτὸς
3257 693 3507 763 ἡμερινῷ
3540 696 3683 759 φωτὶ
3726 710 3960 761 προσῃ-

2383 781 2655 853 λάζομεν;
2692 781 2811 836 ἀλλ’
2841 784 2889 835 εἰ
2919 781 3027 851 ἄρα
3068 783 3101 851 ή
3144 781 3255 833 τῶν
3297 784 3505 852 καιρῶν
3537 784 3846 853 ὲναλλαγὴ,
3877 785 3961 852 τήν

2382 876 2492 927 τῶν
2522 876 2712 929 κακῶν
2737 874 3040 945 ἐναλλαγὴν
3069 876 3471 946 ἀπειργάσατο,
3489 879 3518 928 ὁ
3550 877 3651 945 μὲν
3672 878 3961 945 προσεγγί-

2385 984 2482 1024 σας
2534 968 2726 1037 χρόνος
2777 966 2873 1018 τοῦ
2928 968 3320 1036 παρῳχηκότος
3381 965 3607 1033 βελτίων
3646 968 3959 1034 γεγένηται,

2383 1058 2559 1121 οὐδεὶς
2587 1059 2643 1111 δὲ
2681 1059 2779 1129 τῆς
2808 1058 3158 1129 ἀνθρωπίνης
3201 1059 3571 1127 προσγέγονεν
3605 1059 3843 1121 ἔπαινος
3872 1062 3961 1125 φύ-

2387 1164 2560 1212 σεως·
2614 1149 2708 1216 ἀφ’
2754 1148 2946 1219 ἑτέρου
3003 1150 3077 1218 μὴ
3133 1149 3566 1219 μεταϐληθείσης
3627 1153 3713 1211 εἰς
3763 1151 3962 1220 ἕτερον.

2388 1242 2603 1309 Ἀπαγέ
2640 1258 2804 1310 φησιν
2826 1258 2838 1270 ·
2885 1241 2948 1292 οὐ
2981 1241 3174 1310 χρόνου
3213 1242 3567 1310 μετάπτωσιν
3592 1257 3607 1270 ·
3642 1240 3788 1292 ἀλλὰ
3836 1242 3963 1306 γνὼ-

2385 1348 2521 1393 σεως
2567 1330 2837 1401 ἔλλαμψιν
2881 1331 3192 1400 διαγορεύω
3234 1332 3377 1399 ἐγώ·
3424 1334 3520 1385 καὶ
3559 1332 3640 1394 ὼς
3691 1334 3795 1383 ἐπὶ
3838 1334 3961 1385 πολὺ

2384 1424 2751 1486 καθεύδοντας
2786 1424 2912 1486 τοὺς
2943 1408 3222 1495 ῥᾳθύμους
3252 1422 3556 1491 ὲφυπνίζω.

2453 1514 2619 1565 Αὐτοὶ
2675 1513 2782 1582 γὰρ
2830 1518 2926 1565 καὶ
2968 1514 3066 1577 νὺξ
3103 1510 3281 1583 ἦμεν
3323 1514 3417 1565 καὶ
3464 1513 3557 1565 νῦν
3589 1513 3685 1564 τὸν
3738 1514 3963 1582 Χριστδν

2383 1606 2761 1676 ἐνδυσάμενοι,
2787 1609 2852 1675 τῇ
2884 1606 3230 1677 προσηγορίᾳ
3257 1607 3355 1675 τῆς
3382 1607 3601 1677 ὴμέρας
3627 1608 3962 1677 ἁρμεξομιν.

2384 1692 2567 1767 Ἦμεν
2600 1697 2708 1767 γάρ
2742 1714 2874 1749 ποτε
2924 1697 3151 1759 σκότος’
3200 1698 3294 1751 νῦν
3323 1698 3379 1751 δὲ
3419 1699 3536 1767 φῶς
3588 1701 3651 1751 ἑν
3698 1701 3913 1769 Κυρίῳ.
3945 1720 3961 1751 ι

2386 1784 2693 1855 Εὐλογητὸς
2721 1784 2791 1851 εἴ,
2826 1788 3050 1858 Χριστὲ,
3083 1786 3151 1839 δι’
3184 1787 3243 1840 ὃν
3277 1789 3565 1858 ἄνθρωπος
3592 1792 3967 1860 προσηγόρευε

2383 1895 2475 1932 ται
2516 1879 2656 1947 φῶς.
2689 1878 2994 1950 Εὐλογητὸς
3043 1879 3127 1945 εῐ,
3164 1882 3402 1953 Χριστὲ,
3434 1881 3502 1935 δι’
3547 1882 3608 1935 ὃν
3651 1882 3968 1951 ἀνθρωπίνη

2385 1971 2549 2040 φύσις
2581 1970 2856 2024 ἐδάνεισεν
2907 1971 3113 2041 ἔνδυμα
3156 1973 3297 2042 Θεῷ,
3354 1974 3447 2025 καὶ
3489 1973 3633 2025 Θεοῦ
3680 1975 3849 2041 φύσις
3888 1978 3968 2025 ἀν-

2386 2061 2733 2132 θρωπότητος
2775 2061 2935 2134 οὐσίᾳ
2966 2061 3267 2133 περιέθηκε
3298 2064 3621 2133 πρόσωπον.
3664 2065 3969 2135 Εὐλογητὸξ

2384 2150 2455 2218 εί,
2492 2155 2712 2225 Χριστὲ,
2749 2155 2817 2207 δι’
2846 2154 2905 2207 δν
2937 2155 3227 2209 σϐέννυται
3267 2156 3510 2221 κόλασις,
3540 2157 3850 2227 αἰδουμένη
3883 2158 3971 2224 τὴν

2381 2247 2477 2300 τοῦ
2535 2247 2796 2302 δικαστοῦ
2848 2249 2982 2320 πρὸς
3042 2251 3167 2312 τοὺς
3227 2249 3556 2311 καταδξκους
3620 2250 3969 2317 συγγένειαν.

2385 2340 2694 2409 Εὐλογητὸς
2722 2336 2794 2405 εἰ,
2820 2340 3060 2411 Χριστέο
3094 2343 3159 2393 σὺ
3190 2340 3404 2411 γὰρηῶν
3428 2341 3486 2394 τὸ
3518 2342 3641 2404 Φῶς
3688 2343 3753 2393 τὸ
3786 2342 3973 2413 ἀληθι-

2385 2434 2513 2496 νὸν,
2573 2432 2911 2486 ὐπεισελθὼν
2972 2433 3065 2486 τὸν
3115 2433 3216 2502 τῆς
3282 2434 3713 2504 ἀνθρωπότητος
3763 2433 3971 2503 λῦχνιν,

2386 2525 2751 2589 κατελίπανας
2816 2527 2917 2596 μὲν
2967 2525 3046 2596 τῷ
3105 2524 3199 2579 τοῦ
3257 2526 3578 2595 Πνεύματος
3646 2526 3826 2596 ἐλαίῳ
3886 2530 3976 2593 τὴν

2385 2616 2679 2686 θρυαλλίδα
2707 2618 2807 2688 τῆς
2836 2619 3074 2685 φύσεως,
3113 2618 3328 2687 ἐφάψας
3358 2617 3436 2687 τῷ
3460 2618 3563 2685 τῆς
3590 2619 3975 2687 πνευματικῆς

2386 2711 2785 2780 ἁπάυγάσματι
2825 2712 2984 2781 δόξης
3004 2727 3018 2741 ο
3060 2711 3128 2763 δι’
3158 2711 3501 2779 ἀνθρωπίνου
3530 2710 3585 2762 δὲ
3615 2710 3862 2770 σκεύους
3888 2711 3975 2776 τὴν

2388 2792 2568 2854 κτίσιν
2619 2801 2916 2871 ἑφώτισας,
2977 2802 3183 2872 ταύτην
3218 2804 3504 2872 ἐκλάμψας
3554 2803 3659 2871 τὴν
3719 2802 3977 2869 λαμπάδα

2393 2893 2611 2962 μικρὸν,
2646 2893 2713 2963 ἣν
2735 2893 2797 2944 οὐ
2830 2894 3035 2961 Πέτρος
3058 2932 3073 2957 ,
3105 2894 3205 2945 οὐκ
3247 2895 3535 2955 Ἰάκωϐος,
3570 2894 3675 2943 οὐκ
3728 2892 3980 2959 ’ἰωαννης

2389 2984 2519 3036 ἰδεῖν
2557 2984 2853 3053 ὀφθαλμοῖς
2887 2986 3251 3055 ἀνθρωπίνοις
3276 2986 3591 3054 ἐτόλμησαν
3612 3001 3625 3012 ·
3664 2984 3811 3037 ἀλλὰ
3839 3001 3977 3054 πρη-

2386 3077 2502 3139 νεῖς
2531 3077 2788 3138 πεσόντες
2839 3078 2888 3129 οἰ
2932 3077 3042 3130 τῶν
3096 3076 3358 3146 μαθητῶν
3394 3076 3738 3145 ἀκρέμονες,
3769 3076 3982 3144 ὡμολό-

693 3190 750 3242 in
783 3198 1009 3256 terram,
1043 3193 1228 3262 magni
1258 3192 1337 3245 illi
1372 3195 1685 3264 summique
1728 3195 1782 3249 in
1808 3196 2093 3265 discipulis
2123 3196 2281 3261 rami,

2388 3185 2567 3239 γησαν
2589 3169 2684 3221 τοῦ
2714 3170 2893 3239 φωτὸς
2918 3169 2981 3221 τὸ
3010 3169 3327 3241 ἀπρόσιτον.
3356 3169 3595 3230 Τούτους
3627 3170 3749 3238 γάρ
3774 3170 3980 3235 ἀκροα-

696 3282 1084 3337 iuaecessibile
1143 3285 1328 3339 lumen
1372 3284 1609 3355 professi
1656 3296 1805 3341 sunt.
1860 3286 1972 3342 Hos
2004 3289 2147 3341 enim
2178 3287 2283 3342 Do-

696 3373 903 3438 minus,
955 3375 1198 3430 ccelestis
1255 3378 1409 3431 vocis
1445 3378 1730 3434 auditores
1764 3390 2101 3449 assumptos,
2126 3381 2285 3436 eﬂ‘ul-

696 3472 855 3532 gente
873 3479 970 3516 sua
1004 3464 1201 3534 gloria,
1242 3465 1501 3519 latentem
1535 3467 1739 3521 sensim
1788 3470 2129 3524 divinitatem
2155 3472 2284 3526 sub-

696 3555 971 3618 revelans,
1000 3564 1171 3610 testes
1209 3557 1394 3611 ﬁdeles
1439 3560 1642 3615 habere
1674 3561 1868 3627 voluit,
1905 3571 1964 3616 ut
2026 3565 2285 3634 adjuncto

696 3645 927 3699 auribus
963 3655 1197 3714 patrono
1236 3649 1420 3714 oculo,
1453 3651 1586 3705 orbe
1612 3660 1725 3705 toto
1746 3653 1902 3711 clara
1939 3670 2004 3709 ac
2030 3664 2285 3711 contenta

696 3754 848 3798 voce.
888 3741 1038 3793 nulla
1073 3742 1261 3810 requie
1285 3742 1584 3799 clamarent
1611 3763 1625 3798 :
1656 3763 1675 3795 ι
1704 3746 1857 3811 Quod
1886 3745 1988 3801 fuit
2014 3747 2083 3801 ab
2105 3748 2282 3813 initio,

697 3832 843 3898 quod
877 3832 1216 3890 audivimus.
1244 3835 1389 3903 quod
1438 3835 1676 3892 vidimus
1708 3838 1887 3893 oculis
1916 3840 2121 3894 nostris
2156 3842 2222 3896 ”.
2260 3861 2278 3894 ι

768 3918 961 3989 Operae
994 3938 1127 3975 vero
1162 3925 1391 3992 pretium
1417 3925 1604 3991 fuerit,
1633 3936 1692 3981 ut
1714 3929 1894 3983 medio
1920 3945 2174 3986 sermone
2199 3934 2282 3987 in-

699 4019 937 4079 tere-cpta
972 4011 1221 4077 historia,
1249 4014 1425 4083 ipsam
1464 4019 1806 4086 exponendo,
1841 4035 1945 4073 una
1971 4036 2096 4075 cum
2129 4023 2288 4078 disci-

697 4102 955 4170 pulorum
1033 4105 1386 4174 principibus
1452 4107 1859 4173 ascendamus,
1931 4113 2284 4182 magniloquo

698 4195 1067 4263 obsequentes
1116 4196 1289 4263 Isaize,
1315 4198 1552 4252 dicenti:
1595 4217 1613 4251 ι
1658 4198 1876 4266 Venite,
1920 4205 2286 4260 ascendamus

700 4283 754 4338 iu
786 4295 1020 4338 mOutetn
1078 4284 1289 4339 Domini
1329 4286 1395 4338 ³⁰.
1438 4306 1457 4338 ι
1513 4288 1894 4344 Ascendamus
1944 4301 2151 4358 autem,
2176 4308 2284 4346 non

699 4392 823 4430 cum
856 4378 1057 4430 sudore
1097 4392 1196 4431 nec
1253 4377 1457 4432 dillicili
1504 4379 1675 4433 halitu
1712 4381 1777 4434 ad
1819 4382 1990 4435 ardua
2025 4382 2287 4437 festinato

699 4467 1128 4529 contendentes;
1191 4469 1284 4521 sed
1344 4478 1628 4523 vacantem
1680 4472 2055 4541 quietumque,
2106 4475 2286 4528 susci-

2386 3261 2487 3323 τὰς
2533 3259 2715 3313 λαϐὼν
2769 3263 2798 3313 ὁ
2838 3260 3123 3329 Δεσπότης
3167 3260 3269 3329 τῆς
3327 3260 3581 3329 οὐρανίου
3631 3263 3857 3331 φωνῆς,
3916 3264 3976 3331 τῇ

2386 3352 2691 3422 λαμπηδόνι
2723 3352 2822 3422 τῆς
2874 3352 3085 3414 οἰκείας
3127 3351 3287 3422 δόξης
3326 3352 3610 3422 ὴρεμαίως
3659 3352 3987 3413 Otum-15+

2388 3462 2538 3498 πτων
2572 3445 2673 3514 τὴν
2708 3444 2936 3499 ἐνοῦσαν
2966 3445 3236 3516 θεότητα,
3273 3447 3500 3508 πιστοὺς
3530 3446 3685 3515 ἔχειν
3724 3446 3986 3515 ἠϐούλετο

2389 3538 2709 3606 μάρτυραςο
2758 3535 2907 3596 ὅπως
2949 3537 3017 3604 τῇ
3062 3535 3199 3605 ἀκοῇ
3238 3536 3331 3587 τὸν
3390 3534 3678 3604 ὀφθαλμὸν
3720 3534 3987 3592 λαϐόντες

2388 3628 2713 3699 συνήγορον,
2767 3628 2841 3699 μὴ
2906 3628 3211 3681 παύσαιντο
3268 3628 3484 3698 μεγάλῃ
3532 3627 3794 3698 βοῶντες
3840 3631 3987 3698 φωνῇ

2386 3720 2474 3773 διὰ
2505 3722 2834 3792 οἰκουμένης
2871 3723 3089 3792 ἁπάσης
3116 3739 3130 3753 ο
3167 3741 3187 3772 ι
3230 3724 3295 3774 ⁶Ὀ
3336 3718 3404 3791 ἦν
3448 3721 3718 3791 ἀπαρχὴ,
3740 3738 3757 3752 ο
3793 3723 3826 3775 δ
3855 3726 3991 3791 uxr;

2387 3813 2594 3882 κόαμεν
2614 3828 2626 3840 ·
2656 3812 2685 3865 ὃ
2711 3813 3037 3884 ἑωράκαμεν
3065 3815 3177 3876 τοῖς
3202 3813 3507 3882 ὀφθαλμοῖς
3531 3814 3721 3884 ἡμῶν.
3766 3834 3788 3866 a

2473 3906 2615 3958 Ἀλλ’
2648 3906 2919 3976 εὐκαίρως
2955 3908 3052 3977 τῆς
3100 3907 3345 3977 ἱστορίας
3382 3907 3885 3981 μεσολαϐηθείσης
3923 3910 3995 3979 τῷ

2387 4000 2555 4070 λόγῳ,
2612 3999 2910 4067 ἀναγκαῖον
2953 3999 3041 4052 διὰ
3087 3999 3185 4068 τῆς
3231 3996 3547 4069 ἐξηγήσεως
3602 4002 3995 4072 συναναϐἧναι

2388 4094 2500 4154 τοῖς
2532 4091 2641 4143 τῶν
2687 4089 2944 4160 μαθητῶν
2985 4092 3326 4160 κορυφαίοις,
3365 4089 3577 4164 ,Ἡσαΐᾳ
3620 4090 3706 4160 τῷ
3756 4094 3997 4161 μεγαλο-

2389 4182 2549 4253 φώνῳ
2571 4181 2890 4245 πεισθέντας
2918 4198 2931 4212 ·
2957 4201 2976 4233 ι
3000 4182 3190 4246 Δεῦτε,
3216 4180 3451 4249 λέγοντι,
3477 4181 3801 4251 ἀναδῶμεν
3833 4187 3915 4248 εἰς
3940 4185 3999 4237 τὸ

2387 4274 2515 4344 ὅρος
2552 4275 2784 4345 Κυρίου.
2821 4292 2839 4325 ι
2862 4334 2865 4335 ν
2888 4274 3211 4344 ’Δναϐῶμεν
3238 4275 3293 4327 δὲ
3324 4274 3403 4345 μὴ
3439 4277 3536 4329 σὺν
3574 4276 3812 4348 ἱδρῶτι,
3866 4280 3995 4350 μηδὲ

2393 4369 2489 4419 σὺν
2530 4367 2792 4437 ἄσθματι,
2817 4366 2955 4437 πρὸς
2980 4366 3039 4418 τὸ
3060 4365 3290 4427 ἄναντες
3325 4366 3451 4431 τοὺς
3486 4370 3830 4437 ἡμετέρους
3871 4390 3999 4425 κατ-

2390 4458 2708 4526 επείγοντες
2758 4458 2956 4520 πόδας·
3004 4456 3142 4510 ἀλλὰ
3177 4456 3551 4527 σχολάζουσαν
3592 4460 3706 4530 τὴν
3750 4463 4000 4517 summa

698 4558 914 4625 piendis
937 4559 1024 4625 iis,
1047 4573 1167 4628 qua)
1192 4559 1421 4613 dicenda
1465 4570 1615 4623 sunt,
1656 4563 1898 4617 animum
1939 4564 2279 4620 indueentes.

2392 4550 2529 4620 πρὸς
2564 4550 2662 4619 τὴν
2686 4548 2794 4602 τῶν
2821 4548 3133 4619 λεγομενων
3160 4549 3433 4619 ὑποδοχὴν
3467 4550 3838 4621 ἐπαγόμενοι
3859 4570 3874 4583 °
3913 4556 4003 4607 καὶ

699 4655 774 4704 Ac
800 4651 1033 4720 primum
1061 4652 1281 4721 quidem
1323 4654 1611 4721 explicatis
1666 4655 1869 4709 divinis
1917 4654 2098 4712 Libris
2133 4668 2279 4712 tum-

698 4758 804 4810 que
834 4742 1060 4797 intentis
1085 4742 1138 4794 in
1168 4758 1381 4796 sacram
1416 4741 1893 4811 Litteramocuhs,
1925 4748 2195 4815 repositas
2227 4750 2277 4801 iu

700 4843 763 4880 ea
786 4829 1005 4881 divitias
1049 4838 1476 4884 contrectemus.

777 4938 794 4969 ι
839 4920 1108 4986 Assumit,
1157 4922 1355 4991 inquit,
1408 4920 1569 4977 Jesus
1626 4922 1864 4988 Petrum,
1893 4935 1947 4978 et
1987 4923 2277 4993 Jacobum,

700 5020 753 5062 et
783 5008 1052 5064 Joannem
1091 5011 1315 5065 lratrcm
1349 5012 1502 5081 ejus:
1547 5022 1603 5066 et
1622 5012 1774 5067 ducit
1800 5015 1922 5067 illos
1950 5016 2004 5068 in
2040 5027 2279 5071 montem

700 5103 975 5156 excelsum
995 5120 1240 5159 seorsqu
1265 5122 1279 5159 :
1300 5116 1351 5158 et
1368 5109 1788 5175 transﬁguratus
1814 5116 1899 5160 est
1920 5119 2044 5162 ante
2064 5123 2159 5162 eos
2178 5109 2241 5164 ³⁸.
2258 5128 2276 5161 ι

701 5193 945 5266 Primum
1002 5201 1181 5245 autem
1222 5192 1267 5246 si
1337 5192 1506 5256 lubet,
1569 5208 1667 5246 cur
1723 5194 1896 5248 tribus
1927 5195 2047 5249 istis
2072 5205 2278 5250 tantum

702 5286 1025 5353 assumptis,
1080 5285 1358 5352 apostolos
1403 5287 1645 5356 reliquos
1692 5287 1952 5351 dimittat,
1980 5288 2280 5343 videamus.

701 5373 833 5428 Erat
874 5375 1139 5428 revelatio
1186 5392 1306 5444 qua:
1372 5379 1602 5431 multmn
1681 5377 1949 5434 incuteret
1994 5380 2281 5447 timorem;

704 5470 986 5537 prophetis
1036 5470 1347 5523 clanculum
1425 5473 1922 5537 concurrentibus,
1979 5475 2285 5530 collucente

706 5557 871 5620 nube,
934 5558 1247 5627 fulgurante
1291 5561 1500 5627 habitu,
1559 5562 1744 5617 vultus
1782 5564 2073 5631 Splendore
2122 5564 2286 5634 jubar

705 5658 1002 5718 utrumque
1053 5650 1347 5718 plurimum
1378 5664 1690 5720 superante,
1741 5653 2013 5707 clamante
2040 5654 2108 5707 de
2140 5654 2287 5708 nube

773 5808 818 5836 "
850 5803 1047 5875 Ephes.
1070 5823 1124 5871 ι’,
1161 5807 1212 5860 9.
1290 5809 1334 5841 ⁸³
1365 5806 1382 5861 l
1411 5806 1571 5863 Joan.
1612 5826 1648 5874 ι,
1682 5808 1733 5862 1.

2392 4640 2609 4709 πρῶτον
2642 4640 2741 4710 μὲν
2764 4680 2779 4704 ,
2811 4640 2910 4702 τὰς
2942 4639 3093 4702 θείας
3120 4639 3521 4711 ἁναπτύξωμεν
3556 4641 3807 4706 δέλτους
3836 4663 3850 4675 ’
3890 4644 4002 4697 εἶτα

2388 4733 2526 4802 πρὸς
2553 4733 2614 4785 τὸ
2646 4733 2790 4804 ἱερὸν
2819 4733 3166 4795 ἀτενίσαντες
3202 4733 3573 4802 Γράμμα,τὸν
3603 4736 4001 4807 ἀποκείμενον

2385 4825 2783 4896 ψηλαφήσομεν
2808 4825 3062 4879 πλοῦτον.

2464 4935 2482 4967 ι
2521 4916 2976 4988 Παραλαμϐάνει,
3002 4918 3189 4989 φησὶν,
3218 4919 3247 4970 ὁ
3270 4916 3477 4988 Ἰησοῦς
3505 4917 3599 4969 τὸν
3636 4919 3881 4991 Πέτρον
3913 4922 4003 4976 καὶ

2401 5007 2657 5061 Ἰάκωϐον
2702 5010 2798 5061 καὶ
2838 5008 3095 5078 Ἰωάννην
3127 5009 3219 5061 τὸν
3252 5008 3482 5075 ἀδελφὸν
3511 5009 3729 5075 αὐτοῦ,
3770 5030 3871 5064 κα
3916 5019 4003 5063 αν·

2388 5098 2510 5167 άγει
2533 5100 2731 5162 αὐτοὺς
2752 5100 2832 5163 εἰς
2861 5099 2988 5170 δρος
3012 5098 3213 5169 ὑψηλὸν
3242 5099 3367 5152 κατ’
3391 5098 3550 5161 ἰδίαν,
3577 5100 3682 5151 καί
3715 5118 4003 5173 μετεμορ-

2388 5192 2546 5262 φώθη
2601 5192 2911 5262 ἔμπροσθεν
2963 5180 3166 5246 αὐτῶν.
3210 5211 3229 5244 ι
3293 5193 3402 5246 Καὶ
3452 5194 3499 5244 εἰ
3550 5193 3725 5246 δοκεῖ
3784 5198 4001 5266 πρῶτον

2389 5288 2757 5355 σκοπήσωμεν
2774 5287 2949 5348 ’τίνος
2977 5285 3164 5338 ’ἐνεκεν
3191 5284 3413 5348 τούτους
3440 5284 3567 5347 τοὺς
3598 5289 3778 5355 τρεῖς
3811 5290 4001 5358 μόνους

2385 5375 2720 5448 παραλαϐὼν
2746 5417 2761 5442 ,
2806 5380 2933 5441 τοὺς
2967 5378 3194 5441 λοιποὺς
3240 5377 3351 5430 τῶν
3395 5376 3745 5432 ἀποστόλων
3786 5382 3999 5447 agam.

2385 5468 2557 5519 Πολὺν
2580 5468 2988 5537 ήάποκάλυψις
3017 5468 3191 5521 ὲποίει
3216 5469 3309 5521 τὸν
3343 5468 3532 5537 φόϐον,
3566 5475 4000 5540 συντρεχόντων

2384 5561 2688 5631 προφητῶν
2724 5563 3006 5633 ἀοράτωςο
3040 5561 3390 5632 φωτιζούσης
3426 5561 3671 5631 νεςρέλης
3699 5579 3716 5592 ·
3774 5565 4000 5629 eaeam

2384 5656 2851 5725 άστραπτούσηςο
2900 5658 2999 5727 τῆς
3048 5657 3116 5709 ὲκ
3151 5654 3245 5709 τοῦ
3290 5655 3593 5728 προσώπου
3628 5656 3999 5727 λαμπηδόπς

1813 5810 1857 5841 ³⁹
1889 5808 1992 5866 lsa.
2022 5824 2079 5873 ιι,
2107 5808 2161 5862 3.
2241 5808 2283 5841 ”
2320 5808 2515 5864 ﬂatth.
2560 5824 2698 5877 xvu,
2745 5810 2800 5865 1.
