4144 6448
172 407 309 474 1257
925 404 1182 467 ssnno
1212 404 1270 464 lI
1309 404 1389 463 1N
1422 398 2279 469 .TRANSFIGURATlON'ENI
2330 402 2391 459 υ.
2423 399 2488 459 x.
2526 399 2580 458 J.
2619 399 2679 457 (ἡ.
3303 379 3443 458 ιεδε

170 518 555 592 ὑπερνικώσης
593 517 856 590 ἑκάτερον
896 517 1133 587 φόγγοςο
1168 514 1379 587 βοιὲισης
1414 515 1478 567 ὲκ
1518 511 1617 565 τοῦ
1655 512 1745 565 νέο
1774 517 1806 575 Α

1794 517 1821 575 ι
1851 525 1982 567 voce
2020 519 2270 582 paterna,
2307 510 2795 583 Unigcnitumque,
2834 515 3178 562 contestante
3212 505 3430 575 Filium,

169 631 307 683 φους
338 614 435 683 τῆς
465 613 742 682 πατρικῆς
775 611 997 681 φωνῆς,
1044 609 1141 662 καὶ
1195 608 1273 679 τῷ
1308 607 1608 675 Μονογενεῖ
1647 604 1746 676 τὴν

1849 599 1903 655 in
1926 614 2036 670 quo
2057 599 2441 670 complaceret.
2476 596 2553 653 Ne
2581 612 2714 668 ergo
2735 596 2972 667 plurium
3001 596 3313 653 turbatione
3342 613 3434 652 sa-

168 705 623 777 εῦδοκιμηθετσαν
651 703 1045 776 μαρτυρούσης
1064 700 1313 772 υίότητα.
1343 701 1531 763 Ὅπως
1550 692 1643 752 οὖν
1673 697 1748 769 μὴ

1849 702 2214 759 oramentum,
2245 700 2372 747 ante
2402 700 2619 762 tempus
2673 690 3039 746 inconsultius
3065 700 3433 761 promeretur,

167 800 233 867 τῇ
272 799 487 868 ταραχῇ
528 796 637 849 τῶν
686 795 899 849 πολλῶν
940 796 1249 849 Εκπτυστον
1297 791 1404 864 πρὸ
1443 790 1639 861 καιροῦ
1689 790 1750 843 τὸ

1850 784 1951 840 hos
1989 793 2200 841 tantum
2258 785 2528 849 assumit,
2579 798 2722 855 quos
2747 785 2910 839 etiam
2942 782 3301 841 ferventiores
3335 801 3436 839 no-

173 890 473 959 μυστήριον
500 886 724 959 γένηται
743 927 757 951 ,
788 885 1011 949 τούτους
1060 885 1256 953 μόνους
1292 880 1745 949 παραλαμϐάνει·

1850 888 2003 933 verat
2056 880 2259 933 habere
2284 890 2595 933 amatores:
2656 876 2861 947 quibus
2901 891 3122 947 quoque
3153 878 3433 934 silentium

166 978 263 1043 οὓς
284 980 380 1032 καὶ
397 978 763 1050 θερμοτέρους
786 977 1026 1049 ἐραστάς
1048 976 1193 1047 ἔχειν
1219 974 1490 1045 ἠπίστατο
1507 988 1522 1001 ·
1550 968 1633 1034 οἷς
1657 970 1752 1023 καὶ

1854 972 2066 1037 indixit,
2102 988 2167 1028 ac
2216 988 2284 1028 ne
2340 972 2601 1042 cuiquam
2643 972 2942 1027 terribilem
2973 972 3121 1026 illam
3167 973 3434 1029 visionem

169 1070 230 1122 τὸ
258 1069 599 1140 ἐχεμυθῆσαι
639 1069 935 1140 παρῄνεσε,
982 1070 1077 1121 καὶ
1117 1066 1279 1138 μέχρι
1307 1065 1402 1134 τῆς
1434 1065 1499 1116 ὲκ
1538 1062 1752 1133 νεκρῶν

1854 1064 2219 1135 publicarent.
2246 1074 2372 1119 ante
2412 1065 2589 1135 ipsius
2610 1064 3067 1119 resurrectionem
3092 1079 3156 1119 ex
3185 1066 3436 1130 mortuis,

170 1163 521 1226 ἀναστάσεως
559 1161 751 1233 μηδενὶ
774 1160 879 1231 τὴν
905 1159 1144 1229 φοϐερὰν
1186 1158 1404 1227 ἐκείνην
1440 1157 1632 1228 ὅρασιν
1668 1154 1753 1218 t8-

1855 1156 2112 1226 injunxit.
2166 1156 2271 1212 Sed
2331 1167 2385 1211 et
2438 1158 2559 1213 ideo
2598 1156 2799 1212 futurae
2835 1156 3069 1213 visionis
3095 1167 3441 1227 spectatores

171 1253 506 1323 αγορεῦσαι·
548 1251 643 1317 οὓς
689 1251 786 1305 καὶ
832 1251 923 1305 διὰ
960 1251 1121 1304 τοῦτο
1165 1250 1302 1321 πρὸς
1338 1250 1437 1319 τὴν
1486 1246 1754 1317 ἐσομένην

1856 1248 2128 1311 adhibuit,
2152 1248 2298 1317 quod
2323 1250 2632 1305 vehementi
2686 1250 2739 1303 in
2774 1264 2901 1304 eum
2961 1249 3119 1305 cﬂ'usi
3143 1250 3437 1316 desiderio,

172 1344 441 1398 ὀπτασίαν
482 1343 817 1414 παρέλαϐεν,
850 1341 1042 1413 ἐπειδὴ
1076 1341 1282 1411 σφόδρα
1313 1338 1393 1410 τῷ
1424 1339 1560 1409 πρὸς
1586 1336 1755 1389 αὑτὸν

1857 1342 2001 1396 tristi
2028 1342 2327 1396 admodum
2367 1350 2674 1411 mmstoqne
2715 1341 2935 1406 animo,
2981 1344 3338 1397 disserentem
3374 1342 3441 1397 de

170 1435 558 1506 διακεχυμένοι
604 1434 794 1506 πόθῳ,
821 1433 1014 1497 δεινῶς
1057 1433 1326 1503 ἠθύμουν,
1364 1428 1754 1500 διαλεγομένου

1627 1428 1754 1482 ηένου
1859 1446 1958 1487 sua
1985 1433 2263 1503 passione,
2288 1447 2523 1502 eamque
2540 1432 2951 1503 praedicentem,
2988 1432 3263 1486 audirent.

174 1530 269 1582 καὶ
300 1527 663 1598 προλέγοντος
699 1526 766 1580 τά
792 1526 924 1598 περὶ
954 1524 1052 1579 τοῦ
1086 1522 1293 1588 πάθους
1328 1522 1645 1585 ἀκούοντες.

248 1620 492 1691 Πρόσεχε
524 1615 621 1673 οὖν
648 1619 765 1683 πῶς
788 1620 1051 1690 δυσφορεῖ
1080 1616 1216 1689 πρὸς
1258 1617 1359 1688 τὴν
1408 1616 1616 1669 τούτων
1666 1612 1756 1678 ὲξ-

1932 1603 2188 1675 Perspice
2213 1604 2381 1674 igitur
2415 1622 2578 1673 quam
2607 1604 2801 1662 Petrus
2826 1607 3207 1678 hujuscemodi
3247 1623 3444 1663 narra-

174 1714 375 1783 ήγησιν
396 1712 426 1764 ὁ
470 1711 696 1782 Πέτρος.
734 1710 824 1774 Ὠς
846 1711 958 1780 γὰρ
985 1710 1219 1781 ἤκουσεν
1255 1709 1337 1761 ὅτι
1378 1707 1461 1761 δεῖ
1484 1703 1648 1761 αὑτὸν
1678 1706 1757 1769 εἰς

1863 1696 2069 1751 tionem
2108 1697 2337 1752 moleste
2367 1696 2554 1751 ferret.
2604 1696 2674 1752 Ut
2724 1698 2870 1752 enim
2920 1700 3130 1754 audivit
3179 1716 3444 1757 ascensu-

192 1801 545 1871 Ἰεροσόλυμα
594 1800 862 1866 ἀνελθεῖν,
912 1802 1007 1855 καὶ
1053 1800 1225 1854 πολλά
1264 1800 1456 1853 παθεῖν
1506 1798 1615 1852 ἀπὸ
1647 1798 1759 1852 τῶν

1865 1804 1986 1842 rum
2017 1787 2441 1861 Jerosolymam,
2475 1790 2756 1862 multaque
2801 1807 2832 1847 a
2882 1792 3225 1863 principibus
3258 1809 3446 1849 sacer-

177 1890 483 1961 ἀρχιερέων
531 1889 629 1942 καὶ
679 1889 1075 1960 πρεσϐυτέρων
1114 1889 1209 1943 καὶ
1240 1888 1623 1961 Γραμματέων
1651 1886 1748 1941 τοῦ
1792 1877 1813 1932 Ῑ

1808 1877 1834 1931 Β
1861 1881 2071 1948 dotum,
2106 1893 2160 1937 et
2202 1882 2537 1948 senioribus,
2574 1892 2628 1938 et
2658 1883 2871 1939 Scribis
2903 1886 3085 1955 populi
3115 1901 3406 1955 passurum
3427 1928 3444 1952 ,

177 1980 334 2044 λαοῦ,
386 1980 479 2033 καὶ
518 1980 953 2051 ἀποκτανθῆναι,
987 1980 1151 2045 εὐθὺς
1198 1981 1459 2035 κεπᾶται
1490 1980 1583 2033 τὸν
1616 1979 1763 2047 λογι-

1862 1985 2025 2046 atque
2057 1975 2445 2042 occidendum,
2502 1977 2686 2031 statim
2734 1978 2922 2033 animo
2950 1979 3237 2050 pungitur,
3269 1995 3448 2052 exque

181 2074 352 2142 σμόνο
406 2072 499 2127 καὶ
556 2072 668 2127 ἀπὸ
729 2071 933 2145 πολλῆς
981 2072 1281 2137 διαθέσεως
1335 2071 1580 2145 ἑπιπηδᾷ
1647 2072 1763 2135 τοῖς

1864 2066 2033 2120 multa
2078 2065 2371 2122 affectione
2414 2067 2578 2124 dictis
2637 2068 2830 2136 insilit,
2876 2084 2943 2125 ac
2998 2070 3228 2127 liberius
3275 2070 3448 2143 Magi-

178 2163 440 2234 λεχθεῖσι,
494 2165 590 2218 καὶ
636 2163 1045 2237 τολμηρότερον
1105 2163 1202 2217 τοῦ
1249 2162 1574 2218 διδασκάλου
1623 2162 1762 2216 καθ·

1864 2167 2043 2213 strum
2078 2160 2273 2229 carpit.
2308 2178 2326 2211 ι
2367 2162 2669 2217 Assumcns
2694 2162 2840 2216 enim
2863 2177 3012 2229 eum,
3050 2164 3251 2234 inquit,
3285 2165 3450 2235 erepit

181 2255 433 2310 ἅπτεται.
461 2274 480 2308 ι
508 2256 960 2328 Προσλαϐόμενος
988 2256 1097 2327 γὰρ
1122 2254 1313 2322 αὐτοῦ,
1348 2255 1535 2327 φησὶν,
1561 2253 1766 2326 ἡρξατο

1865 2252 2151 2324 increpare
2180 2253 2357 2321 illum,
2397 2254 2623 2310 dicens:
2682 2255 2839 2312 Absit
2869 2272 2901 2311 a
2933 2266 3005 2321 te,
3058 2257 3308 2324 Domine,
3340 2273 3448 2314 non

181 2348 444 2419 ἐπιτιμᾷν
466 2348 648 2418 αὐτῷ·
676 2346 867 2411 Ἵλεώς
909 2364 1017 2415 σοι,
1058 2345 1256 2420 Κύριε,
1286 2348 1350 2417 ού
1384 2347 1459 2418 μὴ
1491 2346 1645 2400 ἔσται
1682 2362 1765 2398 σοι

1865 2347 1971 2401 erit
2000 2347 2099 2403 tibi
2133 2347 2238 2402 hoc
2269 2348 2332 2401 ⁸¹.
2368 2365 2386 2398 ι
2439 2346 2693 2403 Vidistin‘
2725 2362 3016 2405 accensam
3074 2348 3333 2420 discipuli
3395 2351 3450 2405 in

180 2435 364 2492 τοῦτο.
401 2456 420 2488 ι
472 2433 628 2502 Εἶδες
678 2438 925 2509 μαθητοῦ
973 2438 1075 2510 τὴν
1119 2438 1249 2509 περὶ
1297 2436 1391 2491 τὸν
1446 2437 1766 2493 διδάσκαλον

1868 2436 2190 2509 Magistrum
2226 2436 2625 2492 dilectionem?
2685 2436 2943 2494 Vidistin‘
2973 2447 3034 2493 ιιι
3054 2440 3239 2495 dilecti
3279 2442 3453 2496 tristi-

183 2530 452 2599 διάπυρον
481 2532 738 2602 άγάπην;
771 2527 913 2595 εἶδες
953 2531 1199 2586 διάθεσιν
1232 2531 1371 2603 πρὸς
1398 2531 1469 2584 τὰ
1496 2529 1591 2583 τοῦ
1630 2531 1769 2599 ἀγα-

1869 2528 1972 2583 bus
2003 2528 2351 2584 abiceretur?
2378 2536 2437 2582 ut
2475 2528 2528 2583 in
2567 2529 2673 2584 hoc
2713 2536 2924 2585 tantum
2955 2531 3136 2602 justus
3165 2533 3458 2590 excederet

184 2624 445 2692 πωμένου
476 2623 733 2694 λυπηρά;
783 2625 851 2677 τά
898 2625 998 2694 τῆς
1048 2626 1364 2697 παρρησίας
1402 2623 1545 2695 ὑπὲρ
1575 2622 1769 2678 τούτου

1870 2620 2139 2676 libertatis
2178 2622 2395 2678 modos.
2445 2640 2463 2673 ι
2503 2620 2680 2692 Cmpit
2735 2622 3021 2692 increpare
3054 2625 3230 2689 illum,
3272 2635 3327 2681 et
3365 2627 3452 2680 di-

191 2713 354 2785 μόνου
404 2716 480 2785 μὴ
522 2715 841 2785 φυλάξαντα
892 2715 1091 2787 μέτρα.
1156 2735 1175 2768 ι
1210 2714 1453 2787 Ἤρξατο
1502 2717 1767 2788 ἐπιτιμᾷν

1872 2726 2024 2768 cere:
2057 2710 2215 2766 Absit
2241 2725 2269 2765 a
2297 2720 2369 2773 te,
2394 2710 2645 2774 Domine,
2688 2726 2793 2764 non
2834 2710 2938 2765 erit
2966 2712 3061 2766 tibi
3106 2712 3227 2768 hoc.
3262 2732 3282 2765 ι
3312 2711 3455 2780 Quid

187 2807 362 2878 αὐτῷ,
410 2809 504 2862 καὶ
548 2808 766 2877 λέγειν’
800 2808 988 2872 Ἵλεώς
1022 2825 1128 2872 σοι,
1161 2808 1333 2877 Κύριε
1357 2850 1372 2873 ,
1401 2809 1463 2861 ού
1507 2808 1585 2880 μὴ
1615 2810 1770 2862 ἔσται

1871 2817 2002 2873 ergo
2054 2803 2356 2859 Dominus?
2418 2800 2576 2856 Velut
2647 2802 3019 2872 perniciosam
3067 2804 3455 2873 impcnsiorem

193 2917 278 2953 σοι
296 2898 474 2955 τοῦτο.
488 2917 506 2950 ι
531 2900 597 2953 Τί
621 2896 715 2953 οῦν
730 2902 759 2953 ό
776 2900 1074 2971 Δεσπότης
1093 2900 1178 2963 Ὠς
1202 2899 1536 2963 ὲπιϐλαϐοῦς
1554 2900 1770 2971 ἐκείνης

1871 2897 2145 2967 ejusmodi
2203 2913 2393 2953 curant
2460 2897 2803 2967 perstringit.
2856 2896 2971 2951 Non
3036 2899 3210 2965 enim,
3253 2900 3453 2972 inquit,

185 2990 535 3044 καθάπτεται
556 2990 657 3059 τῆς
680 2989 1009 3060 φειδοῦς.οὑ
1038 2991 1147 3062 γάρ
1180 2990 1443 3061 βούλομαι
1472 2989 1767 3059 φιλεῖσθαι,

1873 2991 1995 3043 voto
2041 2991 2239 3055 amari,
2300 3005 2425 3044 cum
2479 2990 2685 3043 damno
2732 2989 3101 3058 diligentium.
3141 2989 3253 3044 Mea
3307 3008 3456 3049 mors

192 3081 382 3150 φησὶν,
413 3081 506 3134 ἐπὶ
539 3081 649 3134 τῶν
683 3079 1024 3150 ἀγαπώντων
1057 3098 1126 3150 με
1165 3080 1362 3152 βλάϐῃ.
1400 3080 1474 3132 Τὸ
1504 3078 1639 3151 ἐμὸν
1668 3079 1771 3133 πά-

1872 3081 2023 3136 orbis
2045 3083 2213 3136 tetius
2248 3082 2493 3135 medetur
2530 3080 2716 3134 morti.
2745 3078 2886 3146 Quid
2921 3081 3185 3137 molestus
3214 3099 3273 3138 es
3306 3085 3459 3153 plan-

192 3170 305 3236 θος,
337 3170 719 3243 οίκουμενικοῦ
751 3170 958 3232 πάθους
1023 3172 1173 3235 ῑασις-
1199 3171 1432 3239 γίνεται.
1461 3170 1529 3222 Τί
1564 3187 1767 3241 παρεν-
1804 3226 1828 3244 l

1825 3227 1843 3244 _
1879 3172 2057 3226 lauda:
2087 3172 2261 3235 cruci,
2297 3172 2387 3240 qui
2418 3170 2663 3225 futurum
2696 3187 2761 3225 ex
2788 3171 2904 3241 ipsa
2936 3170 3175 3227 fructum
3210 3174 3461 3244 ignoras?

189 3226 370 3334 οχλετς
422 3226 776 3336 φυτευομένῳ
817 3226 1060 3335 σταυρῷ,
1085 3226 1182 3316 ’τὸν
1211 3226 1475 3332 εσόμενον
1508 3262 1568 3328 ἐξ
1600 3226 1766 3315 αύτοῦ
1801 3226 1825 3285 ί

1825 3227 1843 3248 .
2249 3226 2260 3235 .
2314 3226 2327 3240 .
2810 3226 2824 3241 .
3002 3226 3009 3227 κ
3066 3226 3075 3227 κ
3211 3226 3456 3244 παπ.--

1825 3262 1844 3285 ⁴
1878 3263 2018 3330 Quid
2051 3264 2146 3318 Dei
2194 3279 2321 3334 erga
2357 3264 2617 3317 mundum
2674 3263 3023 3319 dilectionem
3059 3267 3333 3332 nesciens,
3362 3284 3461 3322 ne-

192 3356 406 3427 καρπδν
435 3356 686 3425 ἁγνοῶνς
722 3355 793 3410 Τί
822 3355 1055 3419 κωλύεις
1095 3354 1311 3427 σφαγὴν
1350 3351 1772 3424 ἐκνευριζουσαν

1877 3372 1994 3411 cem
2064 3356 2347 3426 prohibes,
2401 3371 2510 3426 qua
2572 3372 2721 3411 mors
2787 3357 3189 3411 enervabitur?
3242 3358 3457 3430 Diligis,

193 3448 445 3514 θάνατον,
503 3450 603 3520 τὴν
658 3446 789 3519 περὶ
844 3447 938 3502 τὸν
987 3447 1205 3517 κόσμον
1230 3445 1455 3515 ἀγάπην
1495 3444 1590 3497 τοῦ
1636 3443 1773 3497 Θεοῦ

1878 3448 2058 3513 Petre,
2108 3448 2252 3503 sicut
2304 3448 2492 3502 homo.
2518 3446 2649 3502 Sine
2692 3449 2874 3517 spargi
2904 3464 3160 3519 granum,
3195 3458 3354 3519 teque
3394 3454 3463 3505 aut

194 3539 438 3607 ἀγνοῶνς
461 3541 681 3612 ἀγαπᾷς
709 3541 786 3605 ώς
814 3539 1121 3611 ἄνθρωπος,
1140 3538 1336 3610 Πέτρε.
1365 3539 1469 3591 Ἔα
1494 3536 1776 3608 σπαρῆναι

1879 3558 2113 3597 messem
2165 3558 2449 3613 compara.
2483 3541 2576 3597 llis
2624 3541 2847 3612 quidem
2882 3543 3060 3599 suasit
3083 3543 3377 3614 discipulo,
3408 3555 3466 3599 ut

194 3634 286 3683 τὸν
342 3632 561 3696 κόκκον,
612 3632 709 3686 καὶ
768 3632 908 3704 πρὸς
960 3632 1054 3687 τὸν
1109 3632 1373 3703 θερισμὸν
1428 3630 1773 3701 εὐτρεπίζου.

1880 3650 1948 3690 ne
1976 3632 2239 3705 Magistro
2262 3633 2648 3704 hujuscemodi
2702 3649 2892 3704 preces
2945 3636 3281 3706 porrigeret;
3318 3639 3461 3691 haud

197 3723 387 3778 Ταῦτα
424 3725 599 3793 λέγων
637 3724 825 3777 ἔπεισε
858 3724 957 3795 μὲν
991 3725 1083 3778 τὸν
1120 3724 1373 3797 μαθητὴν
1417 3724 1494 3795 μὴ
1522 3722 1778 3786 τοιαύτας

1881 3735 2062 3781 tamen
2106 3728 2301 3781 mortis
2332 3725 2606 3780 tristitiam
2658 3726 2730 3781 ob
2771 3727 3157 3796 impensiorem
3191 3728 3244 3783 in
3281 3729 3462 3799 ipsum

196 3815 441 3886 αἰτήσεις
469 3815 551 3886 τῷ
577 3815 883 3887 διδασκάλῳ
914 3814 1281 3888 προσφέρειν⁹
1317 3816 1378 3869 ού
1424 3816 1532 3886 μὴν
1558 3814 1654 3866 καὶ
1675 3812 1777 3883 τὴν

1880 3818 2249 3883 dilectionem,
2280 3818 2466 3872 animo
2494 3817 2723 3888 depulit.
2760 3818 2829 3875 Ut
2877 3818 3045 3889 igitur
3088 3835 3154 3875 ex
3217 3837 3465 3877 resurre-

195 3907 293 3961 τοῦ
317 3907 552 3981 θανάτου
589 3907 766 3977 λύπην
785 3948 800 3974 ,
846 3907 936 3961 διὰ
965 3908 1027 3960 τὸ
1058 3906 1291 3978 σφοδρὸν
1321 3907 1420 3977 τῆς
1453 3905 1583 3976 περὶ
1614 3904 1778 3958 αὑτὸν

1882 3910 2085 3973 ctione,
2114 3924 2237 3980 qua:
2299 3923 2406 3963 non
2457 3907 2750 3963 admodum
2778 3907 3076 3965 diﬂ'ercnda
3118 3920 3285 3975 esset,
3319 3912 3467 3967 sota-

195 4000 443 4071 ἀγάπης,
486 3998 587 4069 τῆς
628 3998 844 4053 ικείνου
866 3998 1107 4062 διανοίας
1138 3997 1413 4064 ἐξέϐαλεν.
1455 3997 1646 4059 Ὅπως
1684 3990 1779 4049 οὖν

1885 4013 2006 4053 men
2070 3998 2292 4068 aliquod
2354 4013 2453 4069 pro
2495 3998 2753 4068 passione
2798 3999 3139 4069 perciperet,
3178 4012 3465 4073 assumpto

193 4092 285 4144 διὰ
310 4092 409 4163 τῆς
447 4091 546 4144 οὐκ
588 4092 670 4154 εις
712 4090 935 4161 μακράν
981 4089 1340 4155 ἀναστάσεως
1373 4089 1475 4160 τὴν
1521 4088 1650 4159 περὶ
1683 4087 1779 4141 τοῦ

1885 4088 1997 4153 illo,
2028 4104 2095 4143 ao
2124 4089 2194 4142 iis
2252 4090 2345 4159 qui
2377 4090 2613 4158 proximi
2660 4090 2954 4146 dilectione
2993 4102 3201 4158 essent,
3235 4094 3464 4149 terribili

197 4184 404 4247 πάθους
435 4183 577 4254 λάϐῃ
606 4182 981 4255 παράκλησιν,
1013 4182 1175 4236 αὐτόν
1218 4198 1278 4235 τι
1312 4182 1406 4235 καὶ
1438 4182 1568 4243 τοὺς
1605 4197 1783 4252 παρα-

1887 4181 1976 4234 illa
2003 4180 2219 4235 visione
2249 4179 2391 4249 ejus,
2424 4196 2549 4250 quae
2579 4190 2696 4236 erat
2751 4182 2804 4236 in
2838 4182 2978 4251 ipso,
3002 4182 3329 4250 divinitatis,
3370 4202 3468 4257 po-

198 4277 446 4347 πλησίως
476 4275 814 4343 ἀγαπῶντας
847 4273 1186 4345 παραλαϐὼν
1208 4313 1222 4337 ,
1271 4273 1359 4326 διὰ
1402 4272 1505 4341 τῆς
1540 4271 1781 4343 φοϐερᾶς

1887 4273 2112 4328 tentiam
2152 4274 2371 4329 astruit.
2414 4292 2430 4325 ι
2468 4272 2918 4341 Transtiguratus
2947 4276 3117 4343 enim,
3150 4278 3349 4348 inquit,
3385 4291 3469 4335 est

198 4368 419 4438 ἐκείνης
448 4367 717 4430 ὀπτασίας
746 4368 807 4421 τὸ
834 4367 1061 4420 δυνατὸν
1089 4367 1188 4438 τῆς
1223 4368 1280 4419 ὲν
1313 4366 1462 4437 αὐτῷ
1493 4366 1781 4419 πιστοῦται

1886 4373 2013 4419 ante
2034 4379 2161 4419 eos:
2209 4373 2263 4418 et
2319 4364 2596 4434 splenduit
2644 4363 2812 4420 facies
2852 4366 2973 4436 ejus
3004 4367 3147 4423 sicut
3174 4370 3276 4432 sol,
3308 4373 3470 4425 vesti-

201 4460 483 4530 θεότητος.
534 4477 553 4510 ι
594 4457 1017 4529 Μετεμορφώθη
1050 4458 1181 4526 γάρ,
1235 4459 1421 4528 φησὶν,
1472 4454 1781 4527 ἔμπροσθεν

1723 4471 1781 4507 εν
1888 4466 2070 4510 menta
2113 4463 2295 4509 autem
2316 4455 2437 4525 ejus
2467 4454 2607 4509 facta
2637 4465 2767 4511 sunt
2798 4456 2917 4510 alba
2948 4459 3086 4510 sicut
3123 4460 3209 4512 niv
3247 4460 3312 4512 ³³.
3338 4479 3354 4510 ι

198 4550 409 4603 ιιιύτῶν⁸
450 4550 541 4603 καὶ
580 4549 793 4619 ἔλαμψε
828 4549 891 4602 τὸ
921 4548 1220 4620 πρόσωπον
1243 4548 1409 4602 αὑτοῦ
1434 4547 1507 4610 ώς
1535 4548 1563 4599 ὁ
1588 4546 1739 4614 ἥλιος
1762 4560 1776 4573 ⁸
1812 4574 1859 4631 D

198 4641 349 4695 τὰδὲ
375 4641 568 4711 ίμάτια
591 4641 760 4695 αὑτοῦ
787 4642 1041 4711 ἐγένοντο
1068 4642 1241 4695 λευκὰ
1268 4641 1344 4704 ώς
1373 4640 1434 4693 τὸ
1456 4641 1593 4710 φῶς.
1628 4659 1644 4691 ι

276 4756 293 4787 ι
324 4736 435 4789 Καὶ
485 4737 595 4790 ίδοὺ
635 4735 900 4808 ὤφθησαν
942 4736 1127 4799 αὐτοῖς
1173 4736 1411 4806 Μωῦσῆς
1447 4735 1559 4788 καὶ.
1595 4735 1781 4798 Ἠλίας

1964 4745 1983 4775 ι
2016 4724 2079 4778 Et
2103 4740 2229 4779 ecce
2249 4733 2624 4793 apparuerunt
2657 4724 2763 4778 illis
2804 4723 3019 4795 Moyses
3050 4734 3106 4778 et
3150 4724 3318 4792 Elias,
3343 4742 3467 4781 cum

201 4830 320 4898 μετ’
361 4828 528 4881 αὑτοῦ
577 4827 987 4892 συλλαλοῦντες.
1024 4850 1041 4881 ι
1099 4828 1458 4898 Ἑχαλίνωσεν
1497 4828 1526 4879 ό
1564 4827 1663 4898 τῆς
1705 4828 1783 4879 δι-

1885 4834 1950 4872 eo
1976 4819 2262 4886 loquentes
2291 4818 2356 4871 ³⁸.
2396 4836 2413 4867 r
2454 4817 2546 4871 Sol
2576 4818 2805 4886 justitize
2864 4818 3114 4886 corporis
3146 4820 3470 4888 compreSsit

198 4920 494 4990 καιοσύνης
529 4912 844 4992 ’Ήλιοςτὴν
888 4922 1120 4993 νεφέλην
1149 4920 1243 4975 τοῦ
1288 4918 1562 4991 σώματος,
1616 4920 1709 4974 καὶ
1747 4922 1780 4991 ἡ

1888 4912 2109 4975 nubem,
2146 4910 2443 4980 radiusque
2491 4910 2795 4965 divinitatis
2852 4920 3195 4981 Spectatores
3235 4912 3470 4965 ιιι-ωηι-

200 5014 360 5075 ἀκτὶς
392 5012 495 5083 τῆς
547 5011 804 5082 θεότητος
844 5014 968 5075 τοὺς
998 5011 1196 5075 θεατὰς
1235 5011 1640 5083 περιήστραψε.
1680 5012 1780 5064 Νε-

1888 5003 2059 5058 t‘ulsit.
2100 5002 2279 5057 Nubes
2330 5002 2500 5066 enim,
2534 5002 2653 5072 ejus
2707 5001 2856 5072 quod
2889 5018 2995 5056 non
3049 5002 3236 5057 subest
3272 5003 3467 5065 oculis,

201 5103 340 5172 φέλη
377 5102 485 5173 γάρ
515 5102 609 5155 τοῦ
654 5102 893 5173 ἀοράτου
939 5101 1000 5154 τὸ
1041 5100 1319 5171 ὁρώμενον
1364 5101 1587 5172 ἔνδυμα.
1626 5097 1783 5154 Οἵδεν

1892 5093 2199 5163 subjectum
2227 5092 2403 5147 oculis
2433 5090 2815 5146 indumentum
2843 5101 2985 5145 erat.
3021 5088 3181 5144 Novit
3217 5090 3319 5143 hoc
3351 5104 3473 5158 per—

212 5195 439 5258 ’Πσαῖας
466 5193 626 5247 τοῦτο
678 5194 895 5263 σαφῶς·
947 5194 1049 5264 τὴν
1084 5194 1193 5263 γὰρ
1235 5193 1323 5246 ἐπ’
1363 5193 1641 5262 Αἴγυπτον
1684 5192 1779 5246 τοῦ

1889 5190 2075 5259 Spicue
2132 5186 2336 5251 Isaias;
2368 5183 2611 5238 futurum
2660 5186 2806 5237 enim
2844 5182 3175 5252 quandoque
3224 5181 3278 5235 in
3311 5180 3472 5252 Egy-

198 5286 452 5357 Σωτῆρος
482 5285 704 5355 θεωρῶν
741 5285 1002 5355 ἐνδημεαν
1032 5285 1193 5338 ποτέ·
1228 5304 1245 5335 ι
1284 5283 1435 5349 Ἰδοὺ,
1472 5286 1623 5356 φησὶ,
1662 5286 1779 5337 Κύ-

1891 5295 2039 5353 ptum
2071 5288 2341 5333 contuens
2369 5276 2670 5330 Salvator-is
2698 5274 2995 5328 adventum
3024 5289 3080 5325 τι
3116 5270 3257 5327 Ecce
3285 5271 3473 5325 Domi-

202 5394 316 5446 ριος
350 5376 583 5444 κάθηται
620 5374 714 5428 ἐπὶ
738 5376 968 5445 νεφέλης
1000 5375 1233 5445 κούφης,
1276 5375 1370 5428 καὶ
1413 5374 1532 5444 ἥξει
1576 5376 1655 5438 είς
1687 5373 1779 5427 Ai-

1891 5392 2013 5436 nus,
2058 5373 2256 5443 inquit,
2300 5370 2454 5425 sedet
2498 5384 2666 5439 super
2699 5368 2896 5423 nubem
2955 5366 3151 5429 levem,
3192 5373 3247 5419 et
3291 5363 3476 5417 veniet

200 5484 427 5537 γυπτον.
462 5468 570 5520 Καὶ
600 5466 710 5520 ἰδοὺ
736 5465 896 5536 ὣφθη
924 5466 1110 5528 αὐτοῖς
1156 5466 1396 5535 Μωῦσῆς
1449 5464 1543 5518 καὶ
1592 5464 1779 5527 Ἠλίας

1890 5469 1941 5522 in
1964 5465 2258 5537 Egyptum
2280 5464 2348 5519 ³³.
2365 5482 2380 5513 ι
2396 5480 2484 5512 -ι
2500 5460 2564 5515 Et
2589 5474 2718 5515 ecce
2743 5465 3117 5530 apparuerunt
3139 5455 3246 5510 illis
3261 5454 3475 5525 Moyses

206 5559 325 5630 μετ’
349 5558 516 5612 αὑτοῦ
555 5558 969 5621 συλλαλοῦντες.
1009 5579 1025 5609 ι
1056 5559 1167 5627 Τῆς
1196 5559 1301 5627 γὰρ
1336 5557 1589 5626 θεότητος
1614 5555 1779 5609 αὐτοῦ

1888 5570 1943 5616 et
1978 5558 2294 5621 Elias,cum
2359 5570 2425 5609 eo
2486 5554 2793 5621 loquentes.
2832 5568 2849 5602 ι
2908 5548 3188 5619 Nusquam
3223 5547 3369 5598 t‘Itim
3408 5545 3476 5595 ah

204 5650 345 5723 ἦσαν
371 5652 669 5722 ἀγώριστοι
702 5652 957 5706 πάντοτε.
1002 5652 1155 5705 Atat!
1204 5651 1259 5703 δὲ
1295 5652 1387 5703 καὶ
1431 5651 1571 5720 ὑπὲρ
1604 5652 1781 5704 πάντα

1889 5653 2010 5722 ejus
2039 5649 2324 5703 divinitate
2340 5646 2571 5716 sejuncti
2601 5653 2779 5701 erant.
2813 5641 3086 5709 Quorsum
3102 5652 3230 5693 vero
3262 5635 3476 5707 Moyses

279 5847 321 5878 ³⁵
359 5846 549 5899 Matth.
588 5852 811 5910 x\t,‘l3.
892 5851 935 5878 ’³
976 5847 1167 5901 Matth.
1209 5863 1344 5910 XVII,
1374 5846 1427 5900 Ξ.
1510 5845 1551 5875 ³³
1582 5844 1709 5897 ἱιιὶιΙ.
1737 5844 1792 5897 5.
1874 5843 1915 5873 ³⁵

685 5852 811 5910 ,ελ
892 5851 935 5878 ’³
976 5847 1167 5901 Matth.
1209 5863 1344 5910 XVII,
1374 5846 1427 5900 Ξ.
1510 5845 1551 5875 ³³
1582 5844 1709 5897 ἱιιὶιΙ.
1737 5844 1792 5897 5.
1874 5843 1916 5873 ³⁵
1961 5842 2068 5896 lsa.
2106 5854 2221 5904 xIx,
2264 5839 2309 5893 Ι.

526 5942 793 6001 Parum.
827 5943 942 6001 (in.
990 5940 1267 6001 XIZVIII.

3022 5927 3105 5985 1ιο
