4144 6448
157 458 291 524 1261

1057 453 1314 513 SERMO
1345 451 1426 510 lN
1462 447 1698 509 FESTO
1732 445 1791 502 Ξ.
1820 444 2236 502 MlClI.\EI.lS
2276 448 2499 506 ARCH.

3276 442 3408 506 1262

152 591 269 630 ηπ,
303 573 464 643 μνη,
495 579 543 625 ει
590 569 674 624 οῖς
723 567 1013 638 providet;
1043 575 1097 621 et
1132 566 1223 633 qui
1261 561 1555 631 cujuslibet
1588 556 1733 625 quod
1767 558 1807 613 Α
1840 554 1919 607 los
1946 554 2012 621 ⁸⁸,
2052 566 2107 608 et
2146 570 2272 609 cum
2303 555 2568 627 Seraphin
2602 562 2694 629 qui
2726 560 2919 615 habent
2958 577 3051 618 sex
3099 562 3213 616 alas
3241 563 3309 626 ⁸⁸,
3358 572 3411 616 et

152 665 357 718 dicitur
386 670 441 716 et
483 658 805 729 intelligitur
839 659 1068 720 bonum,
1114 662 1198 709 est
1234 652 1493 715 efficiens,
1532 650 1732 717 imper-

154 757 318 816 tiens.
354 752 711 821 suppeditans
737 759 794 804 et
820 748 995 818 prima
1032 760 1222 802 causa.
1271 742 1525 797 Secundo
1549 748 1730 795 autem

152 846 311 898 nobis
338 842 625 898 constituit
655 840 873 893 divinos
901 836 1124 906 angelos
1149 845 1203 889 et
1233 832 1611 902 archangelos,
1640 829 1733 899 qui

152 951 345 991 curam
380 941 632 1005 gererent
654 941 711 986 et
744 936 1042 1002 praeessent
1069 926 1255 999 generi
1287 926 1575 980 hominum
1602 937 1733 992 pro-

154 1038 274 1099 pter
307 1027 605 1082 bonitatem
636 1023 948 1078 naturalem
979 1039 992 1074 :
1030 1027 1091 1074 ut
1121 1019 1534 1089 suppeditarent
1564 1014 1739 1069 homi~

155 1121 318 1174 uibus
364 1118 584 1172 divinos
614 1114 838 1168 nuntios
868 1122 924 1168 et
956 1113 1123 1174 dona,
1175 1118 1230 1164 et
1262 1114 1654 1177 componerent
1682 1114 1736 1160 ct

150 1212 455 1282 dirigerent
475 1222 668 1263 eorum
694 1207 860 1259 vitam
895 1205 962 1258 ad
987 1220 1049 1257 ea
1080 1217 1201 1273 quae
1232 1210 1360 1256 sunt
1385 1200 1635 1254 meliora.
1669 1197 1737 1253 Et

152 1321 221 1358 ex
257 1303 461 1358 divinis
483 1299 803 1371 quidem-et
833 1297 1062 1352 infinitis
1095 1296 1323 1365 angelis,
1347 1294 1482 1349 alios
1514 1294 1734 1364 quidem

154 1407 607 1463 unumquemque
640 1390 937 1461 unicuique
967 1402 1201 1459 praeesse
1230 1386 1494 1450 fidelium,
1527 1396 1580 1441 et
1609 1401 1735 1440 eum

156 1502 345 1554 regere
381 1485 553 1553 jussit
582 1483 870 1548 Dominus,
905 1489 965 1536 ut
990 1480 1122 1534 dicit
1170 1480 1223 1532 in
1255 1478 1458 1534 divinis
1491 1479 1737 1547 Evange—

157 1580 245 1632 liis
282 1596 295 1628 τ
337 1595 357 1626 ι
415 1576 607 1630 Videte
638 1591 706 1630 ne
740 1574 1061 1645 despiciatis
1099 1588 1270 1627 unum
1302 1560 1365 1626 ei
1410 1572 1496 1625 his
1530 1570 1735 1640 parvis,

153 1671 420 1739 quoniam
470 1668 649 1739 angeli
691 1681 883 1721 eorum
924 1674 1186 1736 perpetuo
1226 1665 1502 1734 aspiciunt
1542 1663 1737 1717 faciem

156 1762 337 1816 Patris
376 1762 481 1815 mei
527 1760 620 1829 qui
666 1768 752 1813 est
802 1759 859 1811 in
892 1758 1050 1812 crnlis
1080 1758 1146 1810 ³⁸.
1191 1776 1208 1808 ι
1244 1756 1509 1810 Similiter
1553 1765 1736 1809 autem

160 1856 301 1908 hanc
336 1867 558 1923 quoque
619 1850 910 1904 confirmat
948 1848 1274 1902 sententiam
1338 1848 1557 1902 divinus
1610 1862 1736 1916 pro-

158 1946 320 2015 pheta
364 1942 555 2006 David,
590 1941 781 1995 dicens
814 1958 827 1991 :
889 1957 908 1990 ι
947 1937 1025 1993 Ne
1059 1938 1156 1995 des
1196 1939 1248 1992 in
1304 1938 1731 1993 commotionem

156 2036 346 2106 pedem
381 2043 553 2099 tuum,
587 2039 642 2086 et
670 2047 779 2085 non
818 2030 1135 2085 dormitabit
1163 2030 1253 2106 qui
1287 2041 1337 2086 te
1365 2030 1603 2086 custodit
1626 2030 1671 2061 “
1708 2047 1727 2081 ι

159 2124 404 2193 angelus.

228 2221 378 2274 Alios
410 2227 615 2283 autem,
652 2225 713 2272 ut
743 2217 952 2272 alienas
1003 2225 1058 2271 et
1091 2214 1306 2284 ignotas
1356 2223 1546 2285 gentes
1582 2230 1737 2285 rege-

160 2321 303 2375 rent,
333 2319 393 2365 ut
422 2310 517 2379 qui
552 2310 737 2363 omnia
772 2308 1140 2372 administret,
1171 2307 1458 2363 constituit
1497 2322 1599 2377 pro
1630 2323 1738 2362 nu.

161 2419 313 2457 mero
345 2403 613 2474 gentium,
649 2410 708 2455 ut
734 2416 877 2456 unus
927 2399 1152 2468 angelus
1190 2407 1356 2454 totam
1388 2406 1606 2470 gentem
1638 2414 1739 2468 gu-

162 2496 417 2551 bernaret
448 2514 462 2550 :
505 2495 782 2563 quomodo
823 2494 988 2549 etiam
1026 2491 1289 2562 scriptum
1321 2499 1407 2547 est
1437 2491 1491 2546 in
1525 2491 1741 2546 cantico

163 2587 401 2642 Mosaico
436 2605 449 2641 :
483 2604 503 2638 r
541 2585 773 2653 Quando
797 2584 1071 2640 dividebat
1102 2585 1416 2639 Altissimus
1446 2592 1655 2652 gentes,
1684 2590 1740 2636 ut

161 2679 424 2748 dispersit
469 2678 613 2734 ﬁlios
653 2678 849 2732 Adami
889 2696 903 2731 :
950 2678 1143 2731 statuit
1189 2676 1455 2732 terminos
1495 2675 1739 2746 gentium

163 2775 469 2827 secundum
518 2786 809 2826 numerum
841 2769 1163 2839 angelorum
1200 2767 1292 2823 Dei
1325 2768 1391 2820 ".
1436 2786 1453 2819 ι
1518 2766 1742 2823 Summe

161 2872 346 2916 autem
370 2863 739 2928 benedictum,
766 2871 820 2917 et
848 2862 1089 2930 undique
1116 2860 1540 2922 exaudiendum.
1563 2861 1743 2915 omni-

167 2969 276 3030 que
307 2970 373 3007 ex
430 2963 585 3023 parte
632 2952 1003 3007 venerandum
1053 2951 1262 3006 militiae
1291 2951 1592 3021 principem
1641 2948 1744 3003 Mi-

164 3045 433 3111 chaelem,
471 3046 757 3100 meliorum
789 3053 844 3098 et
872 3043 1137 3099 divinitus
1167 3044 1559 3113 inspiratorum
1592 3050 1646 3097 et
1680 3041 1744 3094 fi-

167 3137 577 3192 delissimorum
610 3136 892 3191 hominum
948 3151 1072 3190 esse
1124 3135 1435 3204 praesidem,
1472 3143 1525 3187 et
1552 3148 1746 3188 eorum

1838 646 2073 715 primum
2123 646 2301 701 locum
2342 650 2590 703 obtinent
2621 654 2758 705 inter
2793 655 2939 707 mule
2988 653 3158 707 millia
3181 695 3197 718 ,
3228 662 3282 708 et
3318 654 3414 708 dc-

1834 738 1946 793 eics
2005 740 2152 793 mille
2213 740 2485 809 myriades
2544 744 2914 811 angelicorum
2971 744 3227 799 ordinum
3287 761 3302 797 :
3360 754 3413 796 et

1838 832 2082 901 proxime
2132 841 2185 886 et
2210 834 2344 887 citra
2371 832 2541 888 ullum
2573 843 2850 903 stuporem
2878 837 3027 889 canit
3050 846 3135 889 ter
3159 846 3410 890 sanctum

1836 936 1887 979 et
1918 925 2296 979 admirabilem
2340 926 2623 997 hymnum,
2674 927 2937 981 invehens
2982 930 3036 980 in
3071 927 3327 980 rebellem
3357 937 3412 981 et

1837 1015 2290 1071 scelestissimum
2328 1015 2587 1072 Satanam
2620 1018 2687 1083 ",
2740 1018 2833 1088 qui
2869 1026 3130 1087 tanquam
3169 1016 3357 1085 fulgur
3383 1033 3415 1070 e

1837 1108 1977 1162 coelo
2004 1108 2056 1162 in
2083 1117 2282 1162 terram
2315 1108 2417 1162 fuit
2437 1110 2679 1179 dejectus
2700 1126 2821 1163 cmn
2854 1111 3152 1164 immundis
3176 1121 3229 1164 et
3254 1108 3415 1163 malis

1837 1199 1958 1268 ejus
1996 1201 2301 1268 spiritibus.
2336 1199 2586 1268 Michael,
2618 1205 2711 1273 qui
2740 1210 2824 1258 est
2860 1204 3100 1257 maxima
3141 1213 3195 1257 ct
3225 1203 3417 1258 claris-

1838 1291 1973 1344 sima
2016 1292 2171 1347 stella
2208 1293 2440 1362 angelici
2492 1296 2711 1348 decoris
2768 1304 2821 1349 et
2872 1295 3319 1361 pulchritudinis,
3361 1305 3416 1349 ct

1838 1384 1930 1452 qui
1960 1384 2137 1438 claras
2182 1385 2357 1439 reddit
2407 1400 2469 1438 ac
2510 1385 2829 1440 manifestas
2864 1401 3055 1441 unmes
3088 1386 3291 1441 diaboli
3328 1387 3416 1441 in-

1839 1475 2025 1541 sidias,
2055 1476 2147 1545 qui
2174 1475 2346 1530 Adam
2379 1492 2408 1530 e
2435 1477 2696 1546 paradiso
2726 1478 2961 1548 ejectum
2988 1478 3180 1533 fraude
3212 1480 3419 1533 daemo-

1840 1566 1926 1620 nis
1961 1568 2165 1622 inimici
2198 1569 2487 1636 bonorum,
2521 1571 2675 1636 texit,
2721 1572 2986 1637 traduxit,
3010 1581 3065 1627 et
3106 1572 3333 1640 direxit,
3365 1582 3421 1628 et

1838 1674 1962 1713 eum
1996 1672 2197 1714 terram
2247 1661 2426 1732 ligone
2458 1664 2646 1721 docuit
2677 1664 2885 1730 fodere,
2934 1666 3319 1737 seminareque
3364 1681 3416 1724 et

1842 1760 2067 1812 metere,
2106 1760 2161 1805 et
2208 1750 2276 1805 ad
2330 1752 2564 1823 reliqua,
2598 1768 2721 1823 quae
2765 1756 3053 1810 utilitatem
3099 1756 3417 1824 alerebant,

1843 1840 2077 1894 instituit
2126 1859 2139 1894 :
2188 1849 2333 1895 etut
2366 1857 2490 1897 cum
2549 1843 2927 1902 benedictione
2974 1855 3029 1901 et
3076 1849 3420 1904 convenieuti

1840 1933 2137 2001 gratiarum
2170 1934 2405 2001 actione,
2437 1952 2563 1991 cum
2601 1937 2805 1993 sudore
2835 1955 2975 2009 pane
3010 1951 3321 1997 vesceretur
3344 1944 3424 1998 ef-

1839 2017 1966 2074 fecit
1990 2037 2005 2085 ;
2031 2030 2090 2075 ut
2117 2020 2211 2091 qui
2242 2037 2306 2077 ex
2340 2023 2538 2092 injuria
2561 2027 2607 2079 ei
2638 2028 2946 2099 contigerat
2981 2030 3188 2100 lapsus,
3216 2049 3312 2104 per
3341 2034 3422 2089 la-

1838 2110 2113 2167 boriosam
2156 2124 2211 2168 et
2255 2114 2364 2169 Deo
2402 2128 2609 2185 gratam
2657 2119 2869 2174 vivendi
2914 2124 3183 2179 rationem
3227 2141 3420 2183 rursus

1837 2204 2223 2273 corrigeretur.
2256 2205 2508 2271 Michael,
2539 2210 2632 2279 qui
2657 2220 2741 2265 est
2772 2228 2932 2269 verus
2963 2224 3017 2271 et
3042 2217 3291 2276 sinet-ms
3327 2222 3418 2277 Dei

1840 2314 2108 2363 assessor,
2141 2308 2194 2353 et
2227 2302 2377 2355 ducit
2406 2303 2629 2358 ordines
2677 2304 2939 2362 virtutum
2990 2311 3333 2383 caelestium;
3369 2328 3422 2372 et

1840 2401 1923 2446 est
1949 2394 2169 2463 sapiens
2193 2396 2531 2464 gubernator
2559 2412 2751 2452 eorum
2820 2401 2913 2471 qui
2960 2403 3014 2457 in
3047 2403 3217 2460 Deum
3248 2411 3424 2464 credi-

1841 2484 2057 2540 derunt.
2083 2486 2184 2552 Qui
2218 2487 2290 2556 pii
2312 2487 2638 2556 patriarcha‘
2663 2491 2912 2560 Abrahae,
2939 2496 3040 2550 etsi
3071 2512 3179 2552 non
3209 2500 3422 2556 videre-

1842 2585 1953 2645 tur,
1986 2579 2267 2649 prohibuit
2293 2582 2533 2651 gladium
2559 2583 2625 2647 “,
2657 2598 2725 2638 ne
2757 2597 3001 2654 tangeret
3070 2589 3180 2647 Deo
3206 2604 3421 2664 gratum

1842 2671 1962 2742 ejus
1989 2672 2159 2727 filium
2189 2672 2359 2738 Isaac,
2394 2686 2681 2748 postquam
2711 2681 2877 2753 230
2904 2686 3251 2754 apparuisset
3271 2693 3422 2746 omni

1844 2781 1908 2819 ex
1933 2775 2084 2835 parte
2115 2767 2424 2824 absolutum
2456 2780 2508 2826 et
2548 2772 2657 2828 Deo
2688 2786 2903 2846 gratum
2935 2780 3263 2848 patriarchae
3294 2800 3423 2855 pro-

1845 2859 2084 2926 positum
2118 2878 2130 2913 :
2163 2872 2215 2914 et
2250 2863 2305 2916 in
2340 2879 2405 2916 eo
2440 2864 2717 2920 benedixit
2762 2883 2955 2926 omnes
2994 2884 3200 2945 gentes,
3241 2886 3426 2947 utpote

1846 2966 1911 3005 ex
1968 2968 2079 3022 quo
2156 2956 2456 3010 secundum
2522 2974 2744 3014 carnem
2821 2950 2968 3020 esset
3016 2968 3426 3036 germinaturus

1846 3043 2096 3099 Christus
2119 3061 2279 3102 verus
2309 3046 2449 3104 Deus
2472 3060 2526 3104 et
2553 3050 2806 3108 Servatur
2829 3066 3033 3112 noster.
3058 3058 3308 3127 Michael,
3337 3063 3427 3120 fax

1849 3138 2152 3195 clarissima
2205 3142 2584 3200 immaterialis
2636 3158 2690 3201 et
2731 3148 3030 3206 inaccessae
3069 3153 3231 3219 lucis,
3262 3166 3317 3211 et
3348 3158 3428 3213 di-

171 3229 363 3284 salutis
389 3242 575 3283 curam
608 3242 797 3298 gerere
831 3227 1039 3280 voluit:
1073 3225 1349 3295 quomodo
1380 3224 1495 3294 ipse
1527 3224 1745 3278 univerv
1770 3230 1817 3292 (ἶ
1852 3230 2011 3286 vinus
2040 3232 2236 3289 ductor
2283 3237 2652 3307 angelicorum
2682 3241 2957 3297 ordinum.
2991 3242 3096 3312 Qui
3130 3248 3427 3318 legislatori

171 3336 357 3376 eorum
390 3319 532 3375 Deus
558 3319 698 3375 dixit
720 3319 856 3374 Mosi
886 3334 1168 3374 sacrorum
1198 3318 1477 3389 interprctt
1504 3337 1516 3372 :
1550 3339 1567 3371 ι
1604 3318 1746 3374 Vade

172 3411 237 3465 ad
264 3412 602 3466 Pharaonem
654 3426 835 3480 regem
882 3409 1123 3482 Egypti,
1154 3419 1209 3466 et
1247 3410 1448 3467 educes
1487 3414 1746 3483 populum

174 3518 352 3555 meum
388 3503 528 3556 filios
569 3501 733 3557 Israel
759 3518 825 3556 ex
858 3500 1093 3574 Egvpto
1126 3519 1143 3557 :
1172 3511 1227 3559 et
1254 3504 1461 3557 mittam
1496 3503 1745 3574 angelum

175 3608 354 3647 meum
390 3601 517 3648 ante
552 3592 744 3648 faciem
776 3605 948 3659 tuam,
987 3605 1046 3649 ut
1093 3596 1328 3650 deducat
1377 3596 1637 3665 populum
1692 3595 1745 3649 in

174 3692 373 3738 terram
423 3685 519 3739 tibi
564 3687 913 3754 promissam,
947 3702 1110 3756 quam
1148 3686 1329 3756 juravi
1378 3687 1627 3756 patribus
1656 3701 1747 3740 ve-

174 3772 303 3826 stris
332 3772 399 3826 ".
450 3790 469 3823 ι
505 3770 651 3838 Quin
706 3773 868 3828 etiam
921 3776 1181 3843 propheta
1213 3775 1399 3829 Daniel
1436 3776 1489 3829 in
1538 3776 1751 3831 visione

174 3862 372 3931 angeli,
401 3863 612 3917 audivit
633 3879 756 3917 eum
786 3864 1059 3919 dicentem
1093 3883 1109 3920 :
1150 3885 1167 3917 ‹
1201 3865 1464 3937 Princeps
1489 3882 1583 3923 seu
1610 3883 1748 3937 prae-

174 3967 260 4007 ses
290 3955 517 4024 augelus
552 3956 705 4025 regni
757 3954 1047 4010 Persarum
1087 3958 1284 4013 restitit
1323 3959 1455 4013 mihi
1490 3975 1557 4014 ne
1589 3976 1748 4015 revo-

174 4053 393 4099 caretur
438 4046 673 4114 populus
711 4045 884 4103 Israel
930 4061 998 4102 ex
1048 4049 1361 4117 captivitate
1406 4048 1744 4121 Babylonis:

176 4150 276 4189 nec
311 4146 396 4190 est
431 4136 574 4192 ullus
612 4137 836 4206 quieos
871 4154 1085 4193 mecum
1112 4150 1349 4206 tueatur,
1386 4141 1495 4196 nisi
1522 4140 1749 4197 Michael

174 4227 428 4297 princeps
448 4237 628 4283 vester
660 4229 726 4284 “.
766 4248 784 4281 ι
821 4229 935 4284 Hoc
964 4242 1150 4286 autem
1184 4233 1360 4301 ipsum
1408 4233 1487 4289 sic
1527 4250 1750 4305 quoque

175 4317 346 4371 David
372 4330 561 4389 aperte
595 4321 910 4389 significat:
942 4341 962 4370 ι
998 4321 1494 4380 Castrametabitur
1523 4328 1749 4395 angelus

177 4410 392 4465 Domini
443 4415 495 4466 in
549 4414 783 4469 circuitu
834 4416 1140 4470 timentium
1189 4432 1353 4480 eum,
1403 4426 1458 4473 et
1502 4418 1750 4474 liberabit

176 4519 272 4558 eos
304 4505 372 4557 “.
419 4525 436 4557 ι
482 4507 615 4572 Quis
652 4508 796 4560 enim
850 4516 960 4561 tam
1016 4517 1276 4564 strenuus
1327 4510 1566 4564 fidelium
1622 4528 1747 4580 pro-

1850 3322 1985 3379 Mosi
2011 3340 2139 3380 oves
2170 3331 2412 3396 pascenti
2444 3330 2497 3384 iu
2531 3341 2713 3387 monte
2742 3334 2943 3390 Chorin
2977 3354 3245 3408 apparens
3278 3352 3427 3400 totus

1851 3415 1902 3469 in
1934 3417 2111 3471 medio
2143 3419 2259 3473 rubi
2292 3422 2355 3483 ".
2397 3437 2519 3476 eum
2566 3425 2757 3480 urebat
2786 3428 2905 3483 sine
2952 3430 3062 3484 ulla
3102 3432 3345 3499 latsiune,
3373 3445 3428 3491 et

1849 3522 1958 3562 non
2010 3510 2366 3566 comburehat
2417 3515 2663 3582 omnino,
2708 3519 2861 3589 signa
2909 3526 3274 3582 sanctissimae
3320 3528 3425 3583 Dn-

1852 3603 2013 3657 minze
2041 3619 2111 3657 no
2147 3614 2241 3659 traa
2266 3605 2358 3659 Dei
2392 3610 2633 3676 parentis
2665 3612 3007 3682 significans.
3044 3617 3296 3685 Michael,
3332 3624 3428 3693 qui

1850 3694 2035 3749 divino
2074 3706 2207 3750 nutu
2258 3699 2465 3767 primas
2502 3712 2684 3770 partes
2707 3704 2918 3761 obtinet
2960 3708 3104 3763 inter
3147 3712 3288 3783 ignis
3325 3717 3429 3769 mi-

1852 3785 2051 3840 nistros
2096 3803 2107 3839 :
2144 3793 2197 3841 et
2243 3800 2444 3844 terram
2504 3793 2637 3860 obit,
2680 3795 2916 3865 implens
2962 3802 3295 3859 voluntatem
3332 3805 3430 3863 Dei

1836 3876 2274 3945 omnipotentem
2302 3897 2316 3943 ;
2347 3880 2494 3949 quia
2525 3884 2736 3939 ratione
2768 3887 3006 3943 alienum
3041 3894 3180 3948 vatis
3210 3893 3427 3952 Balaam

1850 3966 2127 4034 prohibuit
2170 3969 2426 4040 impetum
2453 3974 2681 4029 terribili
2731 3993 2832 4034 suo
2871 3980 3108 4038 adventu
3132 3987 3178 4017 "
3219 4005 3232 4041 :
3266 4003 3427 4058 quem

1849 4062 2014 4117 etiam
2041 4079 2165 4118 cum
2198 4066 2420 4123 vidisset
2448 4069 2601 4124 asina
2629 4083 2682 4125 et
2721 4074 3019 4141 timuisset,
3050 4080 3279 4139 rationis
3303 4101 3431 4154 par-

1852 4153 2014 4223 ticipe
2037 4170 2169 4210 voce
2190 4171 2373 4211 senem
2408 4170 2678 4215 amentem
2702 4167 2960 4222 correxit.
2979 4168 3229 4239 Michael,
3258 4153 3429 4245 ange-

1852 4245 2028 4299 lorum
2068 4246 2261 4303 dnetor
2317 4249 2472 4320 longe
2515 4254 2790 4311 maximus
2833 4266 2889 4312 et
2936 4262 3429 4322 excellentissimus

1851 4337 2099 4392 minister
2130 4339 2327 4395 divinae
2361 4342 2491 4411 legis
2538 4361 2660 4414 qua:
2684 4348 2809 4402 data
2834 4349 2934 4406 fuit
2965 4353 3017 4406 in
3054 4365 3237 4411 monte
3263 4357 3425 4424 Sina;

1851 4429 1945 4497 qui
1978 4445 2101 4484 cum
2136 4432 2324 4488 famuli
2356 4434 2447 4489 Dei
2489 4436 2652 4493 Musis
2684 4440 2925 4496 animam
2976 4448 3298 4517 accepisset,
3325 4453 3427 4505 ob-

1853 4538 2075 4578 scurum
2107 4533 2160 4579 et
2185 4526 2476 4581 exitiosum
2500 4530 2775 4587 diabolum
2800 4534 2868 4589 de
2894 4534 3016 4604 ejus
3046 4554 3278 4609 corpore
3301 4558 3427 4597 cum

176 4606 449 4665 pugnator
473 4597 766 4666 insigniter
788 4600 1061 4668 apparuit,
1090 4599 1301 4656 Veteris
1323 4611 1375 4656 et
1408 4600 1542 4657 Novi
1566 4604 1743 4659 Testa-

1857 4617 1974 4686 ipso
2004 4632 2197 4673 ausum
2257 4621 2418 4675 verba
2473 4621 2744 4691 conferre,
2792 4642 3008 4686 cessare
3059 4632 3187 4688 fecit
3231 4642 3286 4688 et
3318 4635 3427 4689 cito

179 4688 347 4742 menti
388 4690 721 4744 intercessor
762 4691 1224 4747 illuminationum
1256 4711 1272 4760 ;
1310 4710 1525 4765 semper
1569 4706 1748 4753 castra

174 4780 362 4835 locans
396 4781 449 4835 in
481 4782 711 4836 circuitu
744 4783 1010 4850 ﬁdelium,
1043 4793 1097 4839 et
1128 4801 1227 4841 nos
1262 4787 1534 4844 redimens
1571 4804 1599 4843 a
1629 4791 1752 4846 telis

177 4872 369 4936 Belial,
406 4883 459 4928 et
491 4877 735 4931 omnium
784 4877 1133 4931 inimicorum
1170 4890 1486 4935 nostrorum
1518 4884 1612 4953 qui
1648 4883 1751 4938 sub

177 4974 402 5032 aspectu
442 4966 646 5019 cadunt
678 4975 732 5020 et
766 4982 872 5021 non
906 4968 1133 5034 cadunt,
1181 4981 1239 5025 ut
1280 4970 1532 5041 Michael,
1573 4974 1750 5031 dulcis

179 5069 364 5108 revera
395 5069 482 5108 res
512 5064 566 5108 et
592 5056 834 5110 nomen?

249 5143 501 5210 Michael,
534 5147 627 5216 qui
662 5148 821 5217 plane
866 5159 949 5203 est
999 5150 1192 5219 plenus
1218 5153 1419 5223 pietate
1452 5157 1750 5229 archange-

178 5238 446 5309 lica;qui
497 5250 715 5310 propter
740 5257 857 5296 eam
905 5259 1027 5312 quae
1059 5248 1312 5301 convenit
1358 5248 1412 5302 in
1463 5251 1750 5306 Dominqu

182 5331 565 5397 reverentiam,
600 5333 854 5401 pietatem
870 5344 937 5390 .et
963 5338 1102 5404 grati
1132 5338 1299 5392 animi
1332 5339 1583 5395 virtutem
1614 5344 1748 5397 inef-

181 5418 423 5486 fabilem,
456 5430 515 5476 et
562 5439 685 5492 quae
740 5426 939 5479 mutari
999 5443 1108 5481 non
1170 5416 1345 5499 potest
1394 5434 1747 5490 stabilitatem

181 5528 351 5582 prope
398 5515 657 5569 thronum
701 5518 908 5573 assistit
946 5518 1287 5575 Dominicum
1330 5524 1662 5583 horrendum
1703 5540 1757 5583 et

178 5606 507 5671 terribilem,
560 5622 684 5663 cum
716 5608 991 5665 Cherubin
1022 5614 1116 5682 qui
1149 5614 1351 5669 multos
1386 5618 1585 5675 habent
1618 5640 1755 5678 oeu-

254 5739 298 5773 "
333 5740 712 5819 Mettium".
755 5746 867 5819 10.-
946 5750 990 5780 ⁴⁶
1020 5748 1164 5805 Psal.
1202 5768 1330 5819 cxx,
1361 5752 1419 5809 4,

186 5809 274 5863 15.
353 5810 397 5841 ⁸⁸
431 5810 575 5867 Psal.
610 5831 805 5877 xxxut,
844 5817 895 5871 8.

1004 5758 1455 5849 ,ἵδιὲἶλὲἶίδῖδίο
1530 5758 1765 5849 ⁶¹.Ρῗ¹¹ίο
1806 5783 1982 5849 ΜΡ»
2049 5768 2100 5849 3.-

1029 5822 1477 5902 f.ltl_zeclt.‘t,_l8_.
1507 5867 1518 5881 .
1576 5830 1622 5860 “
1656 5833 1761 5889 lsa.
1808 5855 1880 5902 vi,
1915 5841 1966 5893 5.

189 5896 271 5945 m,
301 5884 350 5936 :2.
428 5884 471 5913 ⁸⁸
502 5881 664 5938 Num.
700 5903 834 5952 xm,
861 5888 950 5943 9.3.
1026 5892 1066 5921 "
1097 5890 1249 5947 ludat
1272 5881 1347 5948 9.7
1369 5896 1413 5926 "
1437 5898 1600 5955 .losue

1853 4724 2177 4766 evanescere
2210 4711 2274 4765 σί.

1924 4797 2171 4863 Michael,
2211 4800 2304 4870 qui
2334 4802 2379 4857 si
2432 4802 2483 4858 id
2517 4803 2912 4875 interpreteris,
2949 4812 3150 4868 dicitur
3180 4816 3273 4873 Dei
3319 4820 3426 4874 dux

1851 4897 1905 4944 et
1933 4890 2225 4956 exercitus,
2260 4902 2315 4947 et
2345 4892 2680 4955 fortissimus
2717 4913 2991 4972 pugnator
3024 4915 3079 4960 et
3111 4922 3426 4982 propugna-

1853 4992 1937 5036 tor
1964 4998 2152 5037 eorum
2182 4984 2274 5054 qui
2307 5000 2458 5057 spem
2492 4990 2764 5046 collocant
2794 4995 2848 5048 in
2884 4997 3115 5055 Domino
3147 5022 3160 5056 :
3193 5012 3249 5057 ct
3279 5006 3433 5060 llam-

1857 5093 1976 5131 mea
2019 5079 2292 5147 romphaea
2321 5096 2444 5151 qua!
2475 5082 2676 5137 scindit
2713 5086 3151 5148 machinationes
3174 5095 3432 5153 adversa--

1859 5168 2089 5233 riorum,
2126 5180 2234 5224 tam
2266 5186 2455 5227 eorum
2496 5174 2599 5243 qui
2640 5177 2743 5231 sub
2783 5176 3215 5250 intelligentiam,
3266 5204 3428 5258 quam

1856 5277 2044 5316 eorum
2071 5264 2160 5331 qui
2184 5265 2382 5319 eadunt
2408 5266 2509 5319 sub
2533 5271 2753 5323 sensum
2781 5288 2793 5335 ;
2821 5272 2909 5341 qui
2931 5272 3062 5330 Jrsu
3088 5276 3233 5332 Nave
3258 5282 3431 5337 at-ient

1857 5353 2105 5423 dirigenti
2135 5366 2322 5409 contra
2354 5358 2697 5414 adversarius
2728 5362 2874 5419 visus
2907 5376 2991 5420 est
3016 5370 3205 5425 stricto
3230 5373 3429 5441 gladio.

1859 5452 1911 5497 et
1943 5460 2066 5497 eum
2099 5447 2299 5500 terruit
2340 5447 2442 5501 hoc
2476 5449 2655 5505 alieno
2683 5461 2738 5506 et
2767 5454 2989 5509 terribili
3018 5464 3354 5527 spectaculo,
3383 5478 3436 5519 ct

1865 5536 2108 5589 hortatus
2152 5544 2236 5590 est
2276 5545 2335 5591 ut
2375 5555 2593 5594 manum
2643 5557 2972 5612 consereret,
3017 5560 3070 5605 et
3121 5555 3437 5612 concideret

1864 5629 2117 5685 inimicos
2154 5629 2243 5684 Dei
2276 5630 2461 5687 hostes
2496 5634 2562 5687 δ’.
2604 5634 2853 5704 Michael,
2893 5642 3138 5698 omnium
3179 5660 3436 5715 suprema

2204 5768 2246 5800 ta
2284 5769 2691 5856 Exndiz‘mﬂl-OL
2782 5791 2938 5840 XXIII,
2974 5779 3062 5856 2οῙ
3143 5782 3187 5813 ⁸³
3219 5785 3350 5839 nim-
3383 5807 3433 5856 κο

2087 5842 2125 5871 ³⁷
2163 5838 2292 5895 Luc.
2328 5858 2379 5906 .\,
2422 5842 2502 5894 l8.
2571 5844 2613 5873 δ’
2654 5841 2789 5901 Gen.
2864 5838 2999 5914 nit,
3040 5852 3124 5904 l.’.
3192 5856 3234 5886 ⁸⁵
3264 5838 3433 5915 Exod:
