4144 6448
691 409 827 476 i253
973 456 979 460 .
1816 409 2344 472 PANTALEONIS
2374 411 2685 474 DIACONI
2721 416 2829 475 CP-
3841 419 3946 484 12f»

685 527 974 595 ignemque
1007 526 1186 579 ferens
1219 525 1425 593 lampas
1450 522 1769 587 divinitatis,
1805 539 1927 592 quae
1956 531 2036 576 est
2057 521 2259 591 princi-
2289 527 2332 589 Α
2363 537 2486 576 εει-θ
2516 521 2687 576 habiti
2721 522 2959 589 fuerant,
3009 523 3062 578 in
3100 527 3378 596 regionem
3413 525 3661 596 patriam
3708 530 3945 586 restituit,

684 621 834 686 pium
889 620 1044 682 lucis,
1097 618 1364 687 unieaque
1402 630 1455 671 et
1497 618 1633 670 trina
1692 627 1744 670 et
1786 616 2002 670 subtilis
2053 623 2261 670 natura;
2361 622 2580 682 propter
2611 614 2894 668 assiduam
2931 629 3058 669 cum
3093 617 3402 670 vehementi
3426 618 3652 687 jejunio
3708 627 3767 670 et
3796 621 3949 675 multis

683 709 1006 767 constitutio
1045 728 1056 761 :
1090 709 1183 778 qui
1217 723 1369 762 terra:
1398 709 1529 761 lines
1560 708 1674 761 obit
1703 708 1972 771 celeriter,
1998 716 2050 761 et
2080 708 2165 776 pie
2193 708 2259 761 iis

681 801 881 866 quibus
945 802 1057 853 vult
1124 801 1284 854 Deus.
1318 812 1464 853 muta
1525 801 1695 867 ﬁgura
1748 812 1989 868 apparet.
2034 799 2138 866 Qui
2192 801 2258 854 ad

681 888 994 942 Gedeonem
1018 890 1216 944 solaris
1243 891 1418 943 instar
1452 890 1589 943 radii
1622 891 1784 955 vertit,
1810 901 1862 944 et
1891 891 1960 944 ab
1989 892 2107 960 ipso
2140 902 2259 945 tan-

680 995 846 1047 qunm
877 979 1094 1032 divinus
1131 989 1182 1032 et
1216 980 1456 1034 caalesris
1491 981 1715 1050 angelus
1748 982 1848 1035 fuit
1871 983 2133 1038 adoratus
2165 1002 2178 1036 :
2206 993 2261 1039 et

683 1068 842 1136 ignea
889 1069 1034 1135 virga
1066 1078 1325 1137 tanquam
1375 1071 1756 1124 holocaustum
1802 1075 2144 1143 consumpsit
2178 1075 2257 1129 ci-

683 1162 810 1214 hum
850 1175 1012 1223 quem
1045 1162 1347 1227 obtulerat;
1388 1171 1440 1215 et
1469 1178 1592 1216 eum
1620 1179 1742 1218 cum
1778 1166 2035 1219 trecentis
2079 1168 2257 1221 solum

683 1251 1076 1320 impotentibus
1140 1253 1513 1308 corroboravit
1561 1257 1824 1311 adversus
1874 1259 2113 1312 maxime
2157 1259 2258 1312 im-

681 1345 827 1413 piam
861 1354 917 1400 et
962 1346 1226 1400 infinitam
1285 1346 1702 1402 Madiattitarutn
1755 1351 2156 1406 multitudinem
2189 1352 2253 1404 ⁵⁸.

683 1438 933 1502 Michael,
966 1441 1198 1494 maxime
1230 1428 1571 1509 perspicuum
1607 1441 2086 1511 purissimumque,
2105 1453 2158 1496 et
2191 1445 2258 1498 ab

683 1530 832 1582 onmi
860 1531 1080 1584 macula
1125 1532 1362 1584 alienum
1399 1535 1681 1600 speculum
1731 1533 2024 1588 ineﬁ‘abilis
2068 1544 2124 1588 et
2154 1536 2258 1589 im-

681 1637 884 1677 mensae
935 1614 1358 1691 pulchritudinis
1413 1624 1584 1678 divini
1634 1634 1686 1679 et
1742 1625 1956 1680 fontani
2012 1628 2144 1680 radii
2203 1640 2258 1683 et

681 1713 1016 1783 splendoris;
1050 1725 1101 1768 et
1133 1723 1349 1769 acutum
1392 1717 1560 1769 telum
1598 1718 1835 1785 potentis
1869 1727 1923 1771 et
1954 1720 2133 1789 magni
2170 1736 2254 1774 re-

677 1805 763 1867 gis
794 1803 907 1858 Dei.
947 1803 1050 1870 Qui
1080 1807 1357 1873 prophetae
1381 1804 1592 1858 Natban
1617 1808 1870 1875 apparuit
1900 1810 2251 1877 resplenden-

662 1886 790 1952 ltem
822 1907 1014 1951 tenens
1066 1898 1331 1961 lanceam,
1374 1906 1428 1950 et
1465 1897 1513 1951 ei
1550 1899 1788 1951 animum
1833 1900 2041 1954 addidit
2068 1901 2133 1954 ad
2169 1917 2255 1955 ar-

679 1990 952 2060 guendum
989 1989 1079 2044 Dei
1110 1998 1387 2059 parentem
1433 1990 1621 2054 David,
1663 2001 1884 2061 pr0pter
1916 1993 2124 2064 lapsum
2159 1996 2253 2064 qui

679 2081 1003 2135 acciderat:
1053 2083 1107 2134 et
1165 2081 1270 2134 cito
1319 2088 1376 2134 ut
1422 2081 1685 2134 bonorum
1737 2080 1947 2134 amicus
2007 2083 2253 2149 recessit,

680 2175 919 2243 quando,
964 2193 980 2234 ι
1010 2172 1232 2227 Peccavi
1269 2174 1495 2227 [mnino
1515 2174 1582 2238 ⁵⁸,
1622 2192 1642 2226 ι
1677 2189 1742 2228 ex
1774 2172 2046 2242 profundo
2072 2175 2255 2231 cordis

674 2283 702 2319 ιι
745 2266 911 2322 David
947 2281 1068 2336 urge
1098 2265 1285 2320 audiit.

751 2405 980 2458 Michael
1009 2419 1203 2473 purum
1227 2411 1276 2455 et
1306 2417 1470 2472 capax
1504 2404 1905 2472 receptaculum
1931 2402 2256 2459 beatissima:

683 2504 820 2560 lucis
847 2501 1149 2562 etfusionis,
1183 2509 1231 2553 et
1263 2500 1456 2552 divinat
1486 2499 1925 2559 illuminationis.
1956 2505 2010 2552 et
2053 2499 2255 2554 acutis-

677 2597 940 2648 simusct
966 2590 1376 2661 pernicissimos
1406 2589 1618 2658 gladius
1651 2589 1702 2641 in
1733 2604 1828 2643 eos
1866 2590 1959 2657 qui
2003 2588 2257 2657 blasphe-

679 2693 834 2741 mant
864 2684 1172 2738 Dominum.
1205 2681 1304 2747 Qui
1333 2692 1551 2734 centum
1581 2689 1636 2734 et
1666 2681 2061 2750 quinquaginta
2096 2681 2254 2750 quin-

680 2793 788 2847 que
823 2776 992 2830 millia
1040 2773 1360 2828 exsecrandi
1409 2781 1464 2827 et
1511 2773 1661 2841 impii
1708 2772 2082 2827 Sennaeherib
2111 2774 2255 2845 regis

681 2868 1033 2938 Assyriorum
1078 2867 1131 2919 in
1172 2880 1280 2918 uno
1308 2874 1586 2919 momento
1615 2873 1779 2918 noctu
1822 2873 1996 2919 morte
2024 2865 2202 2921 affecit
2236 2885 2251 2921 :

682 2970 735 3012 et
766 2961 834 3013 ab
861 2959 979 3029 ejus
1007 2957 1282 3027 tyrannide
1310 2955 1558 3009 liberavit
1582 2956 1728 3023 pium
1754 2971 1933 3026 regem
1965 2956 2250 3009 Ezechiam

683 3067 806 3104 eum
841 3051 1057 3103 civitate
1083 3046 1382 3101 Jerusalem
1405 3047 1472 3100 ⁸⁸.
1509 3046 1757 3111 Michael,
1791 3047 1883 3115 qui
1923 3055 2005 3101 est
2038 3047 2253 3102 lucidus

687 3152 739 3198 et
773 3142 1013 3198 candens
1046 3140 1306 3210 Spiritus,
1341 3139 1650 3208 multosque
1698 3139 1906 3195 habens
1959 3141 2146 3196 oculos
2197 3149 2252 3197 et

688 3233 1116 3302 potentissimus,
1145 3240 1199 3285 et
1228 3231 1297 3286 ab
1326 3230 1475 3284 omni
1509 3231 1776 3284 materiali
1804 3231 2142 3301 apparitione
2173 3249 2257 3289 re-

685 3334 890 3390 motus,
920 3332 974 3378 et
1008 3322 1210 3377 nullam
1245 3323 1471 3376 omnino
1501 3321 1795 3376 admittens
1825 3325 2253 3393 corruptionem;

693 3416 780 3485 qui
829 3430 934 3468 una
963 3429 1087 3467 eum
1119 3413 1311 3466 Azaria
1339 3421 1394 3467 et
1426 3412 1652 3490 reliquis
1689 3413 1986 3483 symbolice
2017 3415 2258 3471 ascendit

687 3510 741 3560 in
792 3506 1067 3560 fornacem
1096 3521 1109 3556 :
1139 3513 1194 3559 et
1228 3514 1339 3558 tres
1386 3505 1622 3558 maxime
1658 3506 1776 3574 pios
1807 3521 2007 3576 pueros
2057 3507 2257 3563 illaesos

693 3599 1032 3654 conservavit
1078 3607 1178 3652 :et
1229 3597 1410 3651 divina
1461 3598 1643 3665 specie
1689 3609 2015 3668 conspectus
2057 3615 2085 3654 a
2136 3616 2258 3669 rege

692 3692 1215 3754 Nabuchodonosor,
1238 3704 1358 3742 eum
1390 3704 1584 3757 magna
1608 3686 1784 3742 aﬁ'ecit
1809 3691 2169 3744 admiratione
2191 3693 2256 3746 “.

697 3774 1299 3851 l-lichael,quiversatur
1317 3780 1368 3832 in
1401 3779 1574 3841 caelis,
1599 3780 1919 3834 et'aztherem
1942 3783 2110 3836 ambit
2141 3793 2260 3837 tan-

689 3889 854 3944 quam
886 3870 1071 3939 pernis
1097 3869 1304 3938 fulgur;
1331 3876 1384 3923 et
1412 3869 1723 3923 universam
1745 3885 1866 3938 qua:
1887 3882 1971 3924 est
1993 3873 2094 3926 sub
2120 3874 2260 3936 caelo

694 3980 891 4019 terram
930 3977 1038 4014 uno
1088 3970 1364 4014 momento
1415 3959 1678 4027 pervadit,
1733 3961 1960 4029 piosque
1995 3964 2086 4029 qui
2128 3961 2260 4017 allli-

693 4067 892 4128 guutur
921 4055 1086 4114 addit,
1124 4058 1332 4104 recreat
1364 4059 1416 4102 et
1440 4049 1904 4119 eonsolatur;qui
1941 4053 2259 4122 prophetam

694 4148 965 4201 l-tanielem
999 4146 1052 4196 in
1087 4144 1263 4196 lacum
1315 4157 1407 4210 per
1443 4141 1697 4210 injuriam
1748 4144 2052 4210 conjectum
2087 4146 2258 4198 celer-

690 4239 830 4291 rime
857 4234 1220 4298 conservavit,
1251 4242 1303 4286 et
1331 4248 1598 4286 saevorum
1635 4233 1850 4286 leonum
1892 4248 1984 4286 ora
2019 4234 2262 4289 refrena-

697 4332 799 4389 vit;
845 4337 898 4381 et
946 4327 1219 4379 llabacum
1269 4325 1467 4393 rapuit,
1510 4334 1562 4378 et
1601 4325 1664 4376 ad
1698 4340 1822 4377 eum
1860 4342 1982 4379 cunt
2017 4327 2138 4378 cibo
2167 4342 2262 4394 pa-

692 4433 811 4475 rato
835 4437 862 4473 a
893 4420 1176 4472 Palatstiua
1213 4419 1437 4471 adduxit
1477 4416 1802 4486 Babylonem
1828 4428 1880 4471 et
1911 4435 2033 4470 eum
2071 4437 2261 4474 rursus
2293 4405 2336 4458 θ

695 4525 911 4583 repente
945 4513 997 4564 ιιι
1031 4526 1190 4563 suum
1221 4509 1400 4562 locum
1432 4509 1666 4562 restituit
1697 4510 1761 4562 ⁵⁷.
1798 4508 2023 4563 Michael
2055 4513 2148 4580 qui
2181 4523 2261 4565 est

691 4621 925 4673 magnus
957 4603 1208 4672 princeps
1262 4601 1626 4669 angelicorum
1658 4602 1998 4655 exercituum
2031 4611 2084 4657 et
2114 4605 2259 4656 ordi-

696 4712 820 4749 num
869 4693 1390 4763 archangelicorum,
1423 4692 1860 4762 beatissimaeque
1888 4702 1940 4746 et
1982 4695 2260 4750 immense

693 4786 945 4855 legionis'
971 4784 1446 4852 incorporearum;
1487 4792 1541 4836 et
1569 4783 1660 4852 qui
1714 4783 1815 4837 fuit
1851 4788 2048 4839 veteris
2098 4786 2261 4842 Israel

705 4887 872 4931 "rector
902 4877 995 4929 illo
1047 4873 1310 4943 tempore,
1353 4889 1543 4929 recens
1573 4885 1752 4927 autem
1786 4876 1940 4930 electi
1979 4892 2006 4930 a
2038 4877 2260 4932 Christo

692 4968 1060 5040 cognominati
1113 4967 1326 5020 Israelis
1365 4966 1474 5019 dux
1519 4967 1914 5033 validissimus,
1965 4978 2018 5023 et
2074 4981 2261 5026 custos

693 5063 1023 5124 tutissimus,
1050 5068 1103 5112 et
1133 5059 1324 5111 doctor
1358 5058 1445 5115 Dei
1480 5068 1896 5128 praeceptorum.
1930 5061 2031 5126 Qui
2065 5062 2262 5117 Persa-

699 5170 814 5207 rum
849 5152 1128 5222 praesidem
1165 5152 1412 5217 augelum
1441 5154 1804 5218 resistentem,
1839 5171 1906 5207 tte
1934 5171 1961 5207 a
1996 5155 2264 5226 Babylone

697 5247 1054 5300 liberarentur
1085 5242 1278 5311 captivi
1317 5241 1596 5307 lsraelitae,
1637 5245 1833 5312 repulit
1865 5255 2122 5315 tanquam
2164 5251 2260 5302 ad-

696 5335 996 5389 versarium
1032 5343 1127 5388 :et
1163 5333 1405 5401 captivos
1445 5336 1534 5402 qui
1574 5336 1916 5405 septuaginta
1949 5355 2121 5392 annos
2165 5341 2264 5394 tui-

770 5448 816 5478 ⁸³
855 5445 1030 5499 Judic.
1069 5445 1258 5517 vt,_12,
1297 5446 1387 5498 2i.
1519 5447 1564 5477 “
1592 5446 1634 5500 ll
1673 5448 1803 5517 Reg.
1874 5465 1971 5515 XII,
2008 5453 2088 5506 1'5.

696 5519 758 5574 51
796 5532 946 5584 seqq.
1057 5516 1101 5546 ⁸⁸
1141 5515 1272 5566 Dan.
1313 5533 1364 5577 κ,
1403 5518 1465 5568 13
1499 5532 1649 5586 seqq.
1759 5515 1806 5552 ³⁸
1844 5518 2001 5574 Joan.
2044 5539 2091 5585 v,
2129 5523 2181 5576 4.

697 5591 742 5620 ει
780 5587 966 5640 manu.
1002 5601 1147 5648 xxtv,
1189 5586 1221 5637 5
1249 5602 1422 5654 seqq.;
1459 5586 1474 5638 Ι
1505 5587 1628 5641 Cor.
1671 5605 1757 5654 av,
1800 5591 1902 5644 51.

772 5682 845 5750 (2)
878 5680 1133 5731 alit-acula
1184 5680 1234 5731 in
1289 5681 1546 5748 archippo
1595 5684 1779 5750 templi
1806 5684 2049 5738 Cerifero
2093 5685 2257 5751 facta,

704 5765 824 5803 eum
849 5752 1070 5819 reliquis
1104 5753 1207 5822 hie
1247 5751 1574 5822 insinuatis,
1613 5767 1706 5804 seu
1765 5770 1886 5821 quae
1933 5757 2124 5822 angelo
2158 5760 2246 5808 tri-

703 5822 941 5888 buuntur
987 5822 1042 5872 itt
1092 5820 1396 5888 Scriptuta,
1443 5821 1688 5886 pluribus
1728 5820 1867 5876 idem
1935 5820 2252 5888 Pantaleon,

699 5899 753 5947 et
783 5887 1169 5962 Mctaphrastcs
1187 5887 1546 5946 dctniraculis
1577 5893 1628 5945 in
1672 5895 1886 5963 regione
1930 5887 2251 5952 (Lhouensia

2254 5456 2299 5486 ⁸⁵
2335 5455 2396 5508 ιν
2439 5455 2547 5526 Reg

2314 5527 2358 5557 ‘°
2386 5526 2502 5580 Jac.
2527 5525 2582 5592 ίι,
2613 5525 2703 5579 17.

1973 5602 2017 5633 ⁸³
2054 5601 2072 5654 l
2107 5601 2235 5656 Cor.
2264 5616 2311 5667 ν,
2339 5601 2425 5662 10,

2360 703 2620 775 lacrymis
2654 705 2826 759 divini
2860 705 3105 761 Danielis
3131 708 3412 776 prophetat
3446 723 3550 778 pro
3585 709 3671 763 eis
3707 710 3780 762 ad
3812 709 3950 765 Deum

2358 796 2731 865 precationem
2759 797 2825 850 ⁸⁸.
2870 796 3126 860 Michael,
3152 801 3244 866 qui
3272 809 3357 854 est
3382 814 3412 852 a
3463 798 3582 853 Deo
3625 801 3953 856 constittus

2357 902 2607 942 asscssor
2671 887 2917 957 mystica
2950 887 3257 953 Trinitatis,
3298 898 3598 959 mystaque
3627 891 3955 945 illuminator

2357 986 2410 1030 et
2459 978 2702 1031 initiator
2755 993 3006 1046 supernae
3065 979 3412 1043 hierarchiae,
3463 989 3520 1033 et
3575 979 3804 1037 Veteris
3837 987 3956 1049 quod

2357 1068 2624 1136 praeteriit
2647 1066 3006 1131 Testamenti,
3036 1079 3089 1122 et
3112 1067 3278 1124 Novae.
3301 1080 3508 1125 nostra:
3537 1072 3747 1125 electa
3773 1071 3957 1126 Christi

2359 1160 2716 1215 haereditatis.
2775 1159 2882 1225 Qui
2948 1162 3248 1230 prohaticae
3313 1163 3544 1230 piscinae
3600 1175 3752 1231 quot
3813 1166 3954 1218 armis

2358 1266 2531 1321 aquas
2562 1251 2943 1307 sanetiﬁcabat
2978 1253 3032 1305 in
3065 1250 3296 1322 ﬁguram
3332 1253 3506 1306 divini
3545 1254 3909 1322 baptismatis
3942 1271 3953 1309 :

2357 1350 2411 1395 et
2444 1342 2490 1394 ei
2527 1342 2622 1411 qui
2657 1344 2867 1411 primus
2902 1343 2954 1395 in
2986 1356 3107 1396 eam
3159 1343 3555 1410 descendebat,
3599 1347 3804 1398 statim
3842 1363 3957 1413 pra-

2357 1432 2518 1486 bebat
2551 1435 2915 1496 curationem,
2971 1448 3306 1502 quocunque
3344 1437 3549 1488 morbo
3579 1445 3879 1489 teneretur
3902 1439 3955 1488 ".

2358 1521 2586 1577 Michael
2614 1523 2707 1592 qui
2743 1534 2822 1576 est
2859 1525 3170 1592 speciosum
3199 1533 3253 1577 et
3301 1529 3552 1579 maxime
3579 1527 3886 1590 decorum,
3918 1541 3958 1580 et

2358 1617 2504 1684 quod
2533 1630 2640 1669 non
2673 1616 2872 1670 occidit
2894 1618 3165 1671 luminare
3189 1618 3360 1690 totius
3390 1620 3546 1672 orbis
3572 1629 3748 1673 terra
3775 1621 3867 1688 qui
3893 1630 3958 1672 est

2358 1708 2462 1760 sub
2489 1708 2651 1760 coelo.
2688 1707 2843 1777 lgnea
2881 1718 2934 1762 et
2965 1724 3129 1761 manu
3187 1725 3296 1763 non
3333 1720 3672 1764 constructa
3716 1715 3958 1764 columna

2359 1810 2560 1852 sancta:
2578 1805 2631 1850 et
2656 1800 2969 1865 apostolica:
3001 1799 3258 1852 Ecclesia:
3293 1820 3306 1854 :
3341 1801 3460 1853 auri
3486 1802 3749 1868 speciem
3777 1817 3885 1870 prae
3911 1817 3957 1856 se

2357 1887 2596 1942 ferentes
2620 1895 2674 1941 et
2697 1887 2763 1940 ad
2788 1889 2986 1942 malum
3020 1905 3194 1958 usque
3223 1892 3619 1961 magnitudine
3655 1894 3958 1962 pertingen-

2357 1989 2439 2035 tes
2476 1980 2660 2045 scalae,
2699 1995 2792 2049 per
2821 1996 2958 2049 quas
2986 1982 3272 2036 descendit
3303 1985 3487 2038 omnis
3524 1985 3688 2037 datio
3721 1987 3883 2047 bona,
3909 1996 3956 2039 et

2357 2088 2522 2128 omne
2549 2072 2754 2126 donum
2780 2071 3082 2142 perfectum
3115 2073 3182 2140 “,
3214 2075 3344 2144 quid
3374 2075 3626 2129 mittitur
3660 2092 3694 2130 a
3731 2078 3954 2132 beneﬁca

2356 2173 2413 2218 et
2459 2163 2730 2217 bonorum
2774 2163 3046 2232 largitriee
3098 2173 3318 2226 natura,
3369 2165 3439 2218 ad
3493 2167 3657 2219 viros
3693 2167 3870 2220 bonos
3912 2179 3954 2220 et

2357 2253 2569 2307 honesti
2599 2260 2871 2307 amatores
2897 2253 2949 2306 itt
2981 2261 3121 2307 terra
3149 2293 3162 2317 ,
3191 2254 3286 2323 qui
3317 2255 3371 2308 in
3402 2255 3677 2310 columna
3710 2257 3854 2328 ignis
3873 2273 3952 2327 ap-

2355 2347 2538 2416 paruit
2584 2347 2937 2401 sanctissimo
2971 2347 3256 2417 archippo,
3317 2356 3373 2403 et
3426 2349 3774 2405 ﬁdelissimo
3811 2353 3951 2406 mitti-

2358 2448 2474 2493 stro
2537 2438 2701 2506 hujus
2771 2439 3163 2510 archangelica:
3227 2448 3281 2495 et
3341 2445 3690 2498 veneranda:
3750 2446 3951 2508 domus,

2356 2531 2577 2601 quando
2603 2532 2904 2586 sceleratus
2960 2532 3197 2601 populus
3235 2533 3549 2586 conabatur
3597 2535 3795 2604 ipsum
3844 2554 3952 2589 sau-

2357 2631 2508 2676 ctum
2551 2636 2675 2675 eum
2719 2621 2922 2691 templo
2968 2622 3207 2674 obruere
3262 2625 3421 2690 aquis
3468 2625 3869 2688 iluviatilibus,
3911 2639 3954 2680 et

2356 2713 2543 2768 divina
2575 2723 2627 2767 et
2656 2712 3034 2782 archangelica
3070 2713 3292 2777 virtute,
3341 2729 3518 2783 aquas
3549 2733 3691 2783 qua:
3728 2718 3954 2771 insolen-

2357 2811 2440 2857 ter
2471 2805 2852 2869 movebantur,
2886 2819 2981 2874 per
3014 2805 3221 2873 virgam
3255 2807 3365 2860 cito
3398 2806 3453 2880 ip
3491 2816 3660 2875 petra
3701 2807 3956 2863 tﬁ'uditet

2358 2895 2663 2950 transmisit
2694 2896 2794 2966 (2).

2426 2984 2678 3050 Michael,
2703 2987 2796 3054 qui
2829 2995 3092 3055 perpetuo
3118 2989 3534 3057 aspicitﬁl‘aciem
3573 2990 3770 3045 Patris
3800 2992 3954 3046 nostri

2359 3077 2452 3146 qui
2479 3079 2636 3130 estin
2673 3078 2920 3139 cwlis,et
2945 3079 3180 3140 lwtatur,
3209 3080 3318 3133 imo
3341 3096 3470 3133 vero
3493 3081 3820 3135 colla-tatur
3847 3099 3954 3135 cum

2361 3167 2592 3220 Domino
2642 3169 3019 3222 universorum
3073 3179 3295 3238 propter
3333 3171 3730 3225 inventionem
3779 3189 3953 3226 eorum

2359 3259 2452 3329 qui
2507 3259 2832 3328 perierant:
2868 3269 2923 3313 et
2973 3275 3197 3329 propter
3245 3277 3410 3314 unum
3469 3276 3837 3330 peccatorem
3875 3266 3954 3333 qui

2359 3347 2577 3402 ducitur
2607 3350 2947 3418 paenitentia,
2985 3350 3127 3403 diem
3163 3350 3358 3404 festum
3383 3353 3494 3422 agit
3529 3369 3663 3406 cum
3703 3359 3955 3408 omnibus

2360 3437 2681 3492 cmleslihus
2716 3438 3076 3503 potestatibus
3109 3439 3176 3492 ⁸⁵.
3205 3438 3310 3503 Qui
3347 3441 3475 3492 tuba
3508 3443 3606 3494 illa
3645 3446 3881 3498 tertiliil;
3912 3457 3954 3498 et

2364 3529 2573 3599 ingenti
2609 3544 2738 3582 voce
2769 3531 2986 3584 canenti
3017 3539 3100 3584 est
3141 3534 3422 3585 taniturus
3454 3550 3468 3585 :
3501 3543 3557 3586 et
3598 3535 3954 3590 fundamenta

2361 3633 2537 3688 terras,
2567 3630 2620 3676 et
2654 3637 2774 3691 qua:
2803 3633 2929 3676 sunt
2960 3623 3061 3677 sub
3091 3634 3255 3688 terra,
3301 3635 3385 3678 est
3421 3636 3709 3689 moturus,
3745 3632 3954 3698 quando

2360 3716 2543 3768 veniet
2580 3715 2701 3767 linis
2737 3716 3257 3781 consummationis;
3301 3727 3353 3770 et
3407 3733 3644 3788 surgere
3699 3720 3791 3776 fac
3815 3734 3865 3775 et
3909 3735 3954 3774 et

2360 3804 2713 3872 congregabit
2761 3812 3006 3858 mortuos
3038 3819 3228 3860 omnes
3256 3807 3349 3875 qui
3389 3817 3520 3861 sunt
3567 3826 3602 3863 ει
3641 3815 3875 3873 saeculo,
3907 3815 3950 3865 in

2362 3895 2471 3948 ictu
2504 3896 2668 3960 oculi,
2695 3895 2759 3947 ad
2787 3896 3056 3963 judicium
3083 3897 3354 3962 generale,
3387 3909 3437 3951 et
3468 3902 3535 3951 ad
3567 3904 3949 3970 accipiendam

2361 3987 2484 4038 vitae
2506 3985 3001 4038 remunerationem
3035 3987 3101 4048 ",
3132 3993 3190 4038 ut
3215 3985 3351 4039 ferat
3373 3987 3531 4056 231
3561 3994 3952 4062 unusquisque

2362 4092 2424 4130 ea
2450 4093 2572 4145 qua:
2593 4076 2714 4129 fecit
2740 4092 2834 4145 per
2857 4091 3079 4143 corpus,
3105 4077 3222 4130 sive
3246 4079 3470 4141 bonum,
3497 4085 3617 4135 sive
3652 4088 3864 4139 malum
3891 4089 3947 4139 ".

2437 4167 2569 4220 Cum
2606 4166 2752 4218 hunc
2801 4181 2931 4237 ergo
2961 4168 3373 4236 suscipiendum
3411 4179 3465 4223 et
3507 4175 3828 4228 maximum
3867 4193 3951 4245 pa-

2364 4265 2582 4310 tronum
2621 4267 3005 4325 potentemque
3047 4259 3414 4325 defensorem,
3463 4260 3644 4316 libere
3692 4277 3749 4318 et
3793 4269 3952 4319 comi-

2364 4349 2552 4403 denter
2582 4349 2890 4413 loquentem
2933 4351 3352 4404 intercessorem
3405 4354 3547 4420 apud
3583 4360 3848 4410 omnium
3878 4375 3951 4410 re-

2365 4453 2482 4505 gem
2519 4437 2708 4498 Deum,
2758 4437 3000 4490 divinum
3036 4441 3241 4494 militiae
3286 4443 3588 4510 principem
3649 4447 3949 4500 habeamus

2363 4521 2702 4586 Michaelem,
2740 4539 2771 4576 ο
2803 4525 2954 4576 chari
2990 4523 3200 4591 Patres,
3261 4528 3476 4594 fratres,
3511 4543 3563 4585 et
3615 4548 3648 4586 a
3690 4533 3809 4589 Deo
3845 4540 3951 4591 col-

2361 4614 2500 4668 lecte
2522 4624 2716 4680 cmtus,
2751 4616 2833 4683 pie
2860 4616 3036 4685 ipsqu
3067 4634 3279 4685 semper
3308 4636 3502 4674 omnes
3537 4635 3595 4675 ut
3631 4641 3755 4678 re“
3770 4643 3831 4680 ra
3861 4647 3954 4693 pu-

2363 4707 2665 4769 rissimum,
2730 4709 2783 4760 in
2833 4710 3051 4763 mundis
3094 4711 3351 4765 cordibus
3398 4729 3614 4782 semper
3662 4720 3953 4787 magniﬁce.

2361 4797 2712 4860 extollamus,
2746 4799 3035 4867 verbisque
3071 4800 3267 4854 latitia:
3299 4813 3353 4856 et
3396 4804 3667 4879 spiritalis
3717 4810 3954 4861 exsolta-

2365 4889 2549 4950 tionis,
2590 4899 2647 4942 ut
2694 4891 2842 4943 decet
2890 4893 3293 4961 archangelum,
3330 4894 3650 4950 honoriﬁcis
3680 4901 3873 4952 verbis
3908 4913 3953 4953 et

2369 4979 2618 5032 laudibus
2658 4980 2815 5035 hodie
2854 4997 3248 5052 prosequamur
3283 5003 3295 5037 :
3323 5000 3620 5054 amoreque
3649 4999 3705 5041 et
3738 4991 3951 5045 deside-

2372 5074 2454 5125 rio
2488 5075 2535 5127 ei
2567 5075 2884 5140 offeramus,
2921 5088 2974 5131 et
3007 5094 3348 5143 veneremur,
3383 5083 3474 5150 qui
3526 5089 3800 5139 ardenter
3833 5103 3952 5140 cott-

2372 5167 2645 5217 currimus
2691 5166 2754 5218 ad
2807 5183 3021 5220 sacrum
3072 5169 3190 5237 ejus
3225 5170 3420 5224 festum
3472 5172 3527 5225 in
3571 5179 3950 5231 venerandum

2369 5255 2490 5322 ejus
2529 5257 2809 5324 templum,
2835 5259 2980 5326 quod
3009 5269 3092 5312 est
3121 5261 3191 5327 pii
3213 5263 3478 5334 hominis,
3510 5274 3568 5317 ut
3595 5267 3815 5321 affatim
3851 5270 3954 5322 col-

2371 5343 2603 5411 ligamus
2651 5360 2916 5413 perennes
2966 5348 3084 5416 ejus
3118 5358 3170 5402 et
3205 5350 3470 5405 salutares
3501 5355 3718 5420 gratias
3748 5367 3810 5411 et
3867 5360 3950 5411 de-

2557 5497 2568 5509 .
2612 5457 2839 5523 x1x,55.
2951 5460 2997 5490 "
3031 5459 3166 5513 Dan.
3212 5478 3289 5524 ιιι,
3330 5462 3419 5517 49.
3544 5465 3589 5495 ⁸⁷
3623 5463 3772 5520 Dan.
3850 5486 3947 5524 ιιτ.

2841 5528 2884 5559 ⁸⁸
2956 5527 3141 5584 Matth.
3211 5547 3362 5599 xvm,
3419 5532 3519 5592 lO:
3554 5533 3695 5590 Luc.
3732 5554 3830 5601 xv,
3871 5545 3933 5597 52

2366 5686 2627 5763 Michaele
2661 5689 2838 5763 factis,
2867 5706 2987 5759 quae
3016 5700 3142 5745 sunt
3170 5695 3348 5761 pervia
3385 5695 3526 5763 apud
3554 5696 3942 5763 Lipomanum.

2369 5769 2425 5835 ut
2451 5767 2503 5810 et
2529 5758 2716 5835 Graeca
2746 5761 2796 5812 in
2825 5758 2980 5815 libris
3015 5758 3183 5835 manu
3207 5758 3464 5828 exaratis,
3498 5782 3562 5817 ex
3593 5758 3807 5831 quibus
3843 5775 3946 5835 ejus

2365 5827 2549 5880 Latina
2581 5831 3086 5909 lucemiacccpf-rint
3110 5872 3123 5892 ,
3148 5843 3378 5909 notatur
3396 5827 3648 5909 miraculi
3682 5827 3941 5909 aquaer

2360 5909 2569 5967 tempus
2597 5902 2878 5969 imperitth
2914 5902 3189 5961 Michaelis
3223 5916 3272 5962 et
3315 5903 3638 5960 Theudor-4:.
