4144 6448
161 417 298 479 1269

965 415 1220 477 SERMO
1248 415 1343 477 DE
1380 411 1911 495 EXALTATIONE
1952 411 2256 473 suam
2291 412 2583 472 CRUCIS.
2626 378 2632 384 ’

3264 408 3400 476 12·ίο

158 527 658 600 καρπολογὴσωμεν
698 525 759 579 τὸ
792 524 945 590 ξύλον
973 526 1035 580 τὸ
1067 545 1085 577 t
1115 525 1265 597 παρά
1311 525 1412 589 τὰς
1461 525 1726 590 διεξόδους

1838 524 2048 580 l‘ructus
2079 525 2237 595 ligni,
2266 524 2414 598 quod
2477 543 2494 574 ι
2529 524 2836 592 plautatum
2887 528 2972 574 est
3022 534 3182 574 secus
3223 522 3401 573 exitus

155 618 269 669 τῶν
293 633 312 667 ι
351 621 413 669 ὲκ
443 618 682 687 πλευρᾶς
711 636 727 667 ι
767 617 973 670 ὑδάτων
1006 615 1196 681 ἑστὼς,
1218 618 1246 670 ὃ
1272 618 1363 670 τὸν
1389 617 1602 686 καρπὸν
1627 615 1726 667 αὐ-

158 706 257 759 τοῦ
289 705 451 760 δώσει
487 718 515 758 (ι
548 710 606 760 ἐν
630 706 807 778 καιρῷ
840 706 1027 761 αὐτοῦ.
1068 727 1086 759 ι
1130 708 1188 760 '0
1217 708 1452 779 σταυρὸς
1483 707 1593 777 γὰρ
1613 706 1730 760 δέν⁴

157 799 287 865 δρον
343 799 491 852 ἐστὶν
518 799 839 863 ἀθανασίας,
872 799 1040 868 φυτὸν
1084 798 1412 869 ἀφθαρσίας,
1479 798 1602 868 ῥίζα
1645 796 1728 849 δι·

161 890 477 959 καιοσύνης,
498 890 848 961 σωφροσύνης
880 890 1188 961 βλάστημα,
1221 888 1516 960 παρθενίας
1546 887 1726 950 ἀνθοςο

166 981 423 1050 σταυρὸς,
457 982 713 1051 ἀνδρείας
737 982 924 1044 ὅπλον,
958 981 1287 1053 ἐγκρατείας
1316 982 1618 1051 στήριγμα,
1636 979 1730 1031 θε-

166 1070 351 1137 μέλιος
388 1072 645 1134 πίστεως.
674 1072 959 1136 εὐσεϐείας
1029 1071 1339 1142 ὐποδάθρα,
1394 1070 1732 1138 θεογνωσίας

166 1162 466 1231 φωτισμὸς,
491 1164 584 1216 καὶ
616 1162 750 1215 πολὺ
798 1164 1061 1234 πρότερον
1126 1161 1411 1233 ἀνατροπὴ
1467 1161 1730 1231 κατάρας,

163 1253 496 1321 ἀποφάσεως
530 1253 703 1316 λύσις,
732 1252 949 1327 ἐξορίας
995 1254 1317 1322 ἀνάκλησις,
1366 1252 1734 1322 αἰχμαλώτων

161 1345 455 1415 λύτρωσις,
486 1344 857 1416 πλανωμένων
906 1345 1232 1416 ἐπιστροφὴ,
1266 1344 1574 1397 πιπτόντων
1600 1343 1735 1398 ἀνά⁴

166 1449 395 1497 στασις,
448 1433 773 1503 σωζομένων
834 1434 1086 1505 δύναμις,
1166 1432 1418 1504 προκοπὴ
1468 1433 1733 1498 δικαίων,

162 1526 453 1596 παρρησία
517 1525 682 1578 ὁσίων
742 1534 790 1589 ι’,
846 1521 1147 1595 προφητῶν
1204 1522 1738 1593 ἀγαλλίαμα.κὴρυ-

162 1631 282 1684 γμα
327 1616 423 1669 καὶ
474 1618 739 1686 τρόπαιον
794 1616 1147 1670 ἀποστόλωνο
1195 1613 1446 1685 σταυρὸς,
1485 1613 1737 1685 βραϐεῖον

1828 631 2096 685 aquarum
2116 634 2134 666 ι
2166 630 2230 669 ex
2258 616 2448 676 latere,
2479 635 2495 665 ι
2523 614 2666 683 quod
2696 613 2935 668 fructum
2972 629 3132 669 suum
3157 612 3309 666 dabit
3347 613 3400 666 in

1828 713 2075 774 tempore
2127 705 2315 759 suo".
2352 722 2370 755 ι
2406 703 2542 756 Nam
2573 719 2708 757 crux
2760 704 2923 759 arbor
2967 702 3403 757 immortalitatis

1828 806 1932 862 est,
1969 798 2148 864 planta
2195 796 2645 864 incorruptionis,
2709 797 2863 848 radix
2896 796 3146 864 justitize,
3179 808 3402 863 germen

1832 888 2227 956 temperantiae,
2255 886 2589 956 virginitatis
2615 885 2733 939 llos.
2773 884 2918 938 Crux
2948 894 3223 938 armatura
3250 883 3407 937 forti-

1832 976 2060 1041 tudinis,
2091 975 2447 1031 continentiae
2501 974 2762 1037 fulerum,
2802 974 3217 1028 fundamentum
3254 975 3402 1036 lidei,

1832 1066 2054 1137 pietatis
2089 1067 2548 1127 sustentaculum,
2574 1066 2909 1136 cognitionis
2954 1065 3158 1118 divinae
3200 1065 3406 1118 illumi-

1833 1159 2007 1222 natio,
2042 1168 2096 1212 et
2132 1158 2290 1225 longe
2318 1166 2477 1211 antea
2509 1157 2911 1211 maledictionis
2943 1156 3181 1220 eversio,
3206 1156 3407 1210 solutio

1835 1246 1961 1303 latae
1989 1247 2299 1309 sententiae,
2329 1246 2510 1300 exsilii
2551 1246 2757 1299 decreti
2810 1246 3112 1305 revocatio.
3162 1246 3409 1315 captivo-

1835 1354 1956 1392 rum
1996 1338 2268 1402 liberatio,
2296 1337 2644 1393 seduclorum
2688 1338 2949 1402 reversio,
2981 1339 3290 1391 cadentium
3323 1352 3409 1391 re—

1837 1429 2132 1497 surrectio,
2183 1444 2375 1485 eorum
2430 1430 2526 1499 qui
2580 1429 2865 1484 salvantur
2885 1429 3084 1493 virtus,
3127 1428 3410 1498 prolectus

1832 1523 2132 1594 justorum,
2165 1522 2389 1577 libertas
2419 1530 2759 1586 sanctorum,
2791 1522 3183 1590 prophetarum
3229 1522 3412 1576 exsule

1837 1616 1991 1681 talio,
2033 1615 2368 1685 praeconium
2415 1623 2469 1668 et
2520 1622 2782 1683 treparutn
2826 1614 3226 1683 apostolorum,
3272 1630 3410 1669 crux

163 1709 392 1779 είρήνης
422 1708 657 1780 οὐρανοῦ
683 1710 778 1763 καὶ
808 1712 937 1780 γῆς,
972 1707 1174 1780 μᾶλλον
1201 1707 1259 1759 δὲ
1315 1706 1586 1781 οὐρανίων
1642 1707 1738 1760 καὶ

1839 1708 2088 1765 bravium
2115 1706 2266 1777 pacis
2324 1707 2448 1761 (ξαεΙὶ
2478 1715 2534 1761 et
2566 1717 2742 1769 terrae,
2779 1708 2860 1761 vel
2898 1709 3081 1776 potius
3103 1709 3409 1765 caelestium

163 1798 428 1866 ιπιγείων
457 1798 703 1869 ὁμόνοια.
736 1798 967 1861 κτίσεως
986 1805 1007 1833 ³
1042 1795 1337 1867 ἁγιασμὸς,
1366 1796 1736 1867 ἑορταζόντων

1838 1810 1892 1856 et
1948 1800 2293 1856 terrestrium
2347 1798 2665 1864 concordia,
2708 1812 2977 1854 creaturae
3026 1802 3410 1867 sanctiﬁcatio,

164 1861 504 1960 πανήγυρις,
524 1886 784 1958 ἀρραϐὼν
813 1861 1117 1951 υἱοθεσίας,
1152 1861 1447 1957 βασιλείας-
1488 1884 1736 1956 οὐρανῶν

1841 1890 2041 1947 festum
2072 1892 2465 1947 celebrantium
2499 1861 2813 1962 panegyris,
2851 1892 3050 1962 pignus
3095 1861 3411 1968 adoptionis

164 1978 518 2050 κληρονομία,
552 1980 732 2033 καὶτὸ
759 1979 824 2049 δὴ
853 1977 1152 2049 θειότερον,
1183 1979 1406 2048 ἀγάπης
1459 1976 1556 2031 τοῦ
1600 1975 1736 2030 Θεοῦ

162 2071 262 2125 καὶ
291 2071 501 2140 [ἰατρὸς
526 2071 655 2142 περὶ
687 2072 835 2141 ἡμᾶς
866 2069 1140 2140 σύμϐολον
1176 2070 1458 2140 μέγιστον,
1511 2068 1738 2135 ἔνδειξίς

160 2176 222 2213 τε
255 2160 357 2231 τῆς
383 2161 481 2214 τοῦ
511 2160 645 2217 Υίοῦ
675 2161 838 2232 μέχρι
862 2161 1094 2215 θανάτου
1126 2160 1427 2231 θειωτέρας
1484 2160 1739 2229 ὑπακοῆς

161 2253 258 2305 καὶ
296 2253 490 2321 σοφίας
514 2251 610 2308 τοῦ
663 2252 1000 2323 ηνεύματσς.
1040 2271 1059 2303 ι
1104 2250 1292 2315 Οὕτως
1316 2251 1425 2322 γάρ
1444 2251 1736 2321 ἠγάπησεν

156 2345 189 2397 ὁ
214 2343 347 2408 Θεὸς
370 2345 462 2398 τὸν
486 2345 725 2413 κόσμον,
762 2344 949 2416 φησιν,
977 2343 1121 2397 ὥστε
1153 2343 1245 2397 τὸν
1276 2342 1545 2413 μονογενῆ
1571 2342 1735 2398 αὐτοῦ

163 2435 295 2489 Υίὸν
323 2435 543 2499 ἔδωκεν,
578 2436 669 2491 ἵνα
699 2435 845 2499 ἄπας
863 2439 891 2490 ὁ
921 2433 1196 2489 πιστεύων
1216 2434 1298 2497 είς
1326 2434 1508 2499 αὐτὸν,
1531 2435 1607 2507 μὴ
1628 2437 1737 2490 ἀπ-

162 2527 377 2598 όληται,
400 2527 517 2584 ἀλλ’
543 2528 644 2600 ἔχῃ
675 2528 822 2599 ζωὴν
846 2530 1087 2583 αἰώνιον.
1109 2547 1128 2580 ι
1160 2528 1218 2582 '0
1246 2527 1305 2581 δὲ
1331 2527 1483 2591 Υίὸςι
1495 2528 1737 2598 ὑπήκοος

161 2620 461 2689 γενόμενος
505 2620 668 2691 μέχρι
720 2616 976 2686 θανάτου,
1038 2618 1276 2675 Θανάτου
1328 2617 1387 2674 δὲ
1420 2616 1683 2688 σταυροῦ,
1714 2637 1731 2670 ι

161 2710 366 2765 ἔδωκεν
391 2712 522 2784 ἡμῖν
552 2712 649 2781 τῆς
694 2711 836 2763 κατά
901 2709 997 2764 τοῦ
1044 2709 1276 2765 θανάτου
1318 2708 1476 2780 νίκης
1505 2707 1565 2762 τὸ
1619 2709 1740 2780 τρό-

164 2816 328 2852 παιον
350 2815 364 2828 ⁸
407 2799 495 2869 ἵνα
522 2802 620 2857 σὺν
652 2800 803 2871 αὐτῷ
836 2800 924 2854 διά
958 2802 1058 2872 τῆς
1115 2800 1312 2869 σοφίας
1355 2800 1451 2853 τοῦ
1481 2800 1737 2871 Πνεύμα-

161 2906 256 2952 τος
288 2891 717 2961 προκαθελόντες
745 2892 920 2963 ἀρχάς
949 2909 1009 2945 τε
1038 2893 1132 2946 καὶ
1158 2892 1430 2959 ἐξουσίας,
1463 2892 1740 2963 χειρωσώ-

160 2981 309 3051 μεθα
332 2984 424 3039 τὸν
446 2982 691 3053 Ἐχθρὸν,
706 2986 800 3037 καὶ
824 2985 1081 3055 δήσωμεν
1103 2984 1196 3038 τὸν
1224 2984 1739 3055 ίσχυρὸν.κα“ιδιαρ-

162 3074 431 3143 πάσωμεν
458 3073 627 3128 αὐτοῦ
665 3074 735 3128 τά
761 3073 957 3136 σκῦλα,
981 3074 1077 3127 καὶ
1109 3073 1294 3127 λοιπὸν
1317 3072 1540 3143 ἀφόϐως
1565 3075 1736 3143 ἐργα-

1840 1982 2103 2049 liliorum,
2140 1983 2428 2037 luereditas
2459 1982 2608 2051 regni
2646 1981 2937 2047 caelorum,
2987 1991 3043 2036 et
3086 1983 3236 2053 quod
3268 1982 3412 2036 divi-

1840 2076 1983 2139 nius,
2013 2076 2323 2131 dilectionis
2341 2076 2433 2130 Dei
2452 2085 2506 2129 et
2523 2076 2698 2134 Patris
2723 2092 2850 2145 erga
2873 2090 2975 2133 nos
3000 2076 3215 2146 signum
3234 2075 3415 2131 maxi-

1838 2185 2011 2233 mum,
2045 2169 2439 2224 demonstratio
2474 2178 2527 2223 et
2564 2170 2815 2238 probatio
2848 2168 3049 2221 diviuze
3088 2169 3413 2223 obedientia:

1837 2260 1961 2317 Filii
1990 2276 2167 2331 usque
2190 2262 2256 2315 ad
2287 2269 2542 2325 mortem,
2582 2270 2636 2315 et
2665 2260 2948 2330 sapientia:
2987 2260 3231 2331 spiritus.
3271 2280 3289 2311 ι
3322 2261 3414 2315 Sic

1836 2352 1984 2408 enim
2041 2350 2184 2407 Deus
2220 2352 2407 2407 dilexit
2460 2354 2745 2418 mundum,
2776 2370 2795 2404 ι
2833 2352 3028 2424 inquit,
3075 2370 3095 2404 t
3123 2359 3181 2407 ut
3209 2350 3414 2406 Filium

1839 2460 1996 2500 suum
2022 2444 2361 2511 unigenitum
2380 2445 2555 2509 daret,
2587 2454 2646 2499 ut
2668 2445 2850 2501 omnis
2868 2444 2961 2513 qui
2982 2444 3224 2500 creditin
3257 2444 3413 2499 illum

1792 2582 1793 2585 η
1839 2552 1947 2590 non
1979 2545 2186 2606 pereat,
2224 2537 2319 2592 sed
2351 2537 2553 2591 habeat
2586 2537 2758 2590 vitam
2792 2545 3053 2591 aternam
3080 2537 3149 2592 ⁷⁸.
3180 2555 3199 2586 ι
3239 2536 3419 2593 Filius

1840 2641 1969 2681 vero
2004 2646 2023 2679 t
2058 2626 2323 2684 obediens
2355 2625 2555 2691 factus,
2583 2640 2760 2697 usque
2788 2625 2857 2680 ad
2891 2635 3148 2690 mortem,
3178 2633 3412 2681 mottem

1841 2730 2025 2775 autent
2057 2720 2241 2776 crucis
2264 2719 2341 2787 ",
2371 2739 2390 2772 ι
2425 2720 2574 2774 dedit
2604 2719 2762 2774 nobis
2818 2720 3118 2788 trophaeum
3172 2718 3416 2773 victoria:

1838 2821 2027 2867 contra
2060 2818 2387 2875 mortem,ut
2416 2826 2539 2865 cum
2559 2811 2679 2881 ipso
2705 2824 2801 2880 per
2830 2809 3155 2879 sapicntiatn
3187 2809 3415 2880 spiritus

1838 2902 2181 2972 principatus
2214 2909 2268 2957 et
2298 2910 2594 2971 potestates
2616 2902 2983 2967 destruentes,
3018 2902 3229 2957 hostem
3258 2901 3417 2956 nobis

1840 2991 2223 3060 sulujiciamus,
2288 2989 2595 3061 fortemque
2649 2991 2903 3062 ligemus,
2971 3003 3025 3055 et
3084 2992 3417 3062 diripiamus

1841 3084 2017 3155 spolia
2050 3084 2191 3154 ejus,
2240 3093 2291 3138 et
2337 3084 2405 3139 de
2452 3091 2649 3138 cmtero
2699 3084 2818 3139 sine
2874 3083 3073 3138 timore
3125 3098 3420 3152 operemur

165 3164 392 3235 σὼμεθα
420 3166 511 3219 τὸν
536 3165 865 3238 παράδεισον
893 3165 987 3219 τοῦ
1014 3165 1152 3219 Θεοῦ
1194 3166 1237 3227 ί,
1270 3165 1367 3219 καὶ
1404 3166 1496 3219 τὸν
1526 3164 1736 3236 θησαυ⁹

1842 3176 2159 3247 paradisum
2221 3175 2338 3240 Dei,
2387 3176 2820 3245 thesaurumque
2878 3176 3002 3245 agni
3062 3174 3415 3236 eﬂ‘odiamus.

166 3255 259 3325 ρὸν
305 3252 661 3325 ἀνορύξωμεν
682 3254 780 3308 τοῦ
808 3254 1004 3326 ἀγροῦ,
1036 3255 1129 3308 καὶ
1142 3255 1439 3325 πολύτιμον
1467 3255 1740 3327 ἐμπορευ-

166 3342 395 3414 σώμεθα
419 3345 788 3415 μαργαρίτην,
808 3345 1118 3417 ἐμπρέπειν
1144 3347 1211 3417 τῇ
1239 3344 1499 3416 σφραγῖδι
1520 3344 1740 3416 μέλλον-

163 3452 233 3488 τα
263 3434 358 3489 τοῦ
393 3435 630 3507 σταυροῦ
662 3437 805 3491 κατὰ
847 3438 947 3508 τὴν
982 3436 1199 3515 ἡμέραν
1235 3438 1336 3509 τῆς
1397 3438 1633 3501 κτίσεως
1683 3448 1733 3491 υ.

237 3552 372 3605 Τότε
403 3551 513 3623 γάρ
548 3570 567 3604 t
602 3552 913 3623 φανήσεται
944 3552 1004 3605 τὸ
1047 3555 1276 3621 σημεῖον
1322 3553 1417 3608 τοῦ
1470 3554 1598 3608 Υίοῦ
1643 3554 1741 3609 τοῦ

163 3642 455 3713 ἀνθρώπου
481 3645 538 3695 εν
576 3643 656 3713 τῷ
703 3643 939 3715 οὐρανῷ.
975 3663 995 3696 ι
1049 3645 1206 3710 Τότε,
1258 3647 1434 3713 πότε;
1480 3648 1568 3701 ὅτε
1627 3665 1646 3699 t
1685 3650 1742 3703 αί

162 3733 425 3803 δυνάμεις
454 3735 561 3792 τῶν
603 3735 851 3806 οὐρανῶν
911 3736 1370 3808 σαλευθήσονται,
1412 3756 1431 3791 ι
1465 3739 1554 3792 ὅτε
1602 3738 1742 3808 μετὰ

164 3824 275 3878 τῶν
303 3826 555 3895 ἀγγέλων
606 3825 774 3884 αὐτοῦ
800 3829 829 3881 ό
860 3827 1161 3898 μονογενὴς
1211 3828 1340 3892 Υίὸς
1368 3827 1469 3883 τοῦ
1524 3831 1742 3902 Πατρὸς

167 3915 454 3969 ἐλεύσεται
496 3919 683 3988 κρῖναι
715 3917 927 3981 ζῶντας
987 3918 1084 3972 καὶ
1136 3919 1388 3990 νεκρούς.
1443 3921 1581 3974 Τότε
1630 3921 1742 3994 γὰρ

164 4004 219 4058 οί
263 4004 341 4075 τῷ
377 4006 591 4078 σημείῳ
616 4006 1014 4077 διαπρέποντες
1053 4005 1130 4077 τῷ
1164 4007 1449 4079 βασιλικῷ,
1508 4012 1604 4065 καὶ
1647 4011 1741 4066 τὸν

166 4096 453 4166 πολίτιμον
479 4098 538 4149 ἑν
570 4098 786 4162 ἑαυτοῖς
823 4098 1164 4169 κτησάμενοι
1228 4101 1596 4174 μαργαρίτην,
1645 4102 1743 4157 καὶ

165 4187 225 4239 τὸ
259 4186 383 4239 κατ’
416 4188 602 4241 είκόνα
632 4189 728 4242 καὶ
760 4188 1024 4259 ὁμοίωσιν
1046 4189 1227 4253 καλῶς
1266 4191 1657 4258 διασώσαντες,
1682 4195 1742 4250 ὲν

162 4274 423 4345 νεφέλαις
458 4278 541 4341 είς
600 4277 831 4349 οὐρανὸν
880 4279 1317 4351 ἀρπαγὴσονται.
1378 4281 1585 4353 Κύριος
1632 4285 1742 4357 γάρ

164 4367 457 4420 ἀποστελεῖ
477 4369 605 4431 τοὺς
625 4368 891 4437 ἀγγέλους
923 4369 1092 4424 αὐτοῦ
1121 4371 1262 4441 μετὰ
1292 4373 1592 4442 σάλπιγγος
1622 4393 1739 4445 φω-

162 4458 263 4527 νῆς
299 4459 565 4530 μεγάλης,
594 4460 690 4514 καὶ
712 4460 1005 4526 συνάξουσι
1041 4481 1060 4514 t
1092 4464 1220 4527 τοὺς
1247 4464 1539 4527 ίκλεκτοὺς
1570 4466 1739 4520 αὐτοῦ

1842 3280 1896 3325 et
1926 3270 2221 3339 pretiosam
2262 3282 2576 3323 mercemur
2606 3269 2981 3339 margaritam,
3029 3283 3153 3338 quae
3201 3268 3416 3339 signum

1843 3362 2024 3417 crucis
2070 3360 2315 3423 decoret,
2370 3360 2426 3415 in
2459 3360 2550 3415 die
2597 3360 2685 3415 illa
2737 3361 3034 3416 creationis
3087 3372 3139 3416 et
3196 3375 3421 3431 repara-

1844 3454 2031 3511 tionis.

1915 3543 2071 3599 Tunc
2099 3545 2269 3608 enim,
2316 3563 2333 3595 t
2365 3543 2579 3614 parebit
2618 3543 2835 3612 signum
2889 3540 3011 3597 Filii
3068 3544 3309 3598 hominis
3363 3543 3417 3597 in

1844 3634 1986 3690 coelo
2006 3635 2055 3665 "
2076 3674 2090 3687 .
2120 3652 2139 3684 ι
2173 3632 2349 3696 Tunc,
2382 3632 2647 3703 quando?
2672 3631 2904 3698 Quando
2942 3651 2960 3684 ι
2999 3633 3228 3688 virtutes
3251 3633 3421 3689 C(Plo-

1844 3741 1965 3779 rum
1995 3725 2489 3780 commovebuntur
2513 3725 2596 3789 7';
2630 3742 2648 3776 ι
2679 3725 2901 3793 quando
2930 3739 3052 3778 cum
3079 3725 3287 3795 angelis
3303 3728 3421 3780 suis

1845 3816 2159 3886 unigenitus
2214 3813 2386 3869 Filius
2418 3813 2600 3869 Patris
2628 3814 2809 3868 veniet
2846 3813 3099 3883 judicare
3156 3814 3315 3868 vivos
3361 3823 3417 3868 et

1845 3917 2115 3963 mortuos.
2188 3906 2343 3962 Tunc
2388 3906 2561 3969 enim,
2617 3907 2708 3977 qui
2753 3906 2904 3976 regio
2961 3905 3120 3976 signo
3170 3905 3419 3975 insigniti

1846 4009 1998 4065 sunt,
2036 4000 2445 4071 pretiosamque
2503 3998 2857 4068 margaritam
2906 3998 3213 4067 possident,
3258 3998 3420 4064 idque

1845 4091 1992 4167 quod
2042 4091 2347 4149 secundum
2407 4089 2702 4160 imaginem
2746 4099 2803 4145 et
2857 4089 3276 4145 similitudinem
3326 4088 3418 4143 Dei

1842 4198 1947 4255 est,
1998 4186 2209 4257 integre
2260 4183 2666 4251 custodierunt,
2718 4183 2770 4237 in
2823 4181 3062 4237 nubibus
3119 4182 3173 4235 in
3219 4180 3419 4236 caelum

1844 4279 2148 4351 rapientur.
2185 4278 2448 4334 Dominus
2477 4277 2627 4333 enim
2669 4278 2848 4333 mittet
2870 4275 3094 4346 angelos
3123 4289 3260 4330 suos
3292 4289 3435 4329 cum.

1845 4370 1998 4435 tuba,
2030 4383 2161 4423 voce
2188 4382 2412 4431 sonora,
2447 4375 2502 4421 et
2525 4366 2939 4436 congregabunt
2969 4384 2987 4417 ι
3016 4366 3219 4420 electos
3247 4365 3368 4434 ejus
3388 4380 3420 4418 a

1841 4470 2082 4532 quatuor
2108 4460 2285 4514 ventis
2313 4458 2360 4491 ⁷⁸
2396 4477 2415 4510 ι
2451 4458 2521 4512 ab
2542 4466 2789 4512 extremo
2808 4458 2933 4512 coeli
2955 4472 3128 4525 usque
3154 4456 3221 4510 ad
3244 4467 3421 4509 extre-

162 4550 227 4601 ἐκ
260 4548 368 4601 τῶν
398 4552 679 4623 τεσσάρων
702 4553 923 4624 ἀνέμων
960 4573 979 4606 ι
1012 4554 1108 4610 ἀπ’
1144 4555 1316 4626 ἄκρου
1348 4557 1580 4629 ούρανοῦ
1630 4558 1737 4623 ἕως

1846 4568 2016 4607 mum.
2054 4551 2180 4606 Haec
2218 4549 2554 4620 evangelista
2609 4548 2894 4603 Matthteus
2923 4550 2989 4603 de
3021 4548 3266 4603 secundo
3300 4545 3421 4600 Filii

161 4641 337 4712 ἀκρου
383 4644 548 4697 αὐτοῦ
582 4654 632 4701 ν.
684 4646 872 4701 Ταῦτα
936 4647 1410 4720 ὀέὐαγγελιστὴς
1456 4652 1737 4716 Ματθαῖος

162 4736 293 4803 περὶ
315 4736 413 4806 τῆς
441 4736 709 4809 ἐσομένης
735 4738 832 4793 τοῦ
852 4739 985 4793 Υίοῦ
1010 4739 1104 4793 τοῦ
1119 4740 1409 4811 ἀνθρώπου
1422 4741 1683 4813 δευτέρας
1711 4752 1738 4780 ι

158 4823 429 4890 ἐλεύσεως
475 4829 689 4882 καὶτοῦ
723 4831 1139 4900 προηγουμένου
1193 4831 1351 4901 φησί.
1409 4832 1484 4885 Τὸ
1537 4830 1593 4885 δὲ
1641 4831 1736 4887 νῦν

157 4916 505 4987 τελούμενον,
528 4919 700 4982 τύπος
726 4921 845 4975 ἐστὶ
867 4922 964 4975 τοῦ
997 4921 1285 4991 μέλλοντος
1314 4923 1570 4995 ἐναργής.
1605 4925 1737 4979 Ἰδοὺ

159 5007 271 5076 γὰρ
318 5007 551 5078 ὑψοῦται
601 5012 838 5083 σταυρὸς
872 5013 968 5066 ἐπὶ
1000 5013 1125 5083 γῆς,
1152 5015 1249 5067 καὶ
1297 5015 1473 5069 πᾶσαι
1522 5018 1578 5069 αί
1630 5034 1736 5069 πα-

159 5099 313 5167 τριαὶ
363 5101 470 5154 τῶν
501 5102 693 5167 ὲθνῶν,
742 5106 834 5157 καὶ
884 5105 1041 5172 γένος
1093 5106 1422 5176 ἀνθρώπων,
1454 5108 1642 5178 ἡλικία
1672 5126 1732 5162 τε

160 5191 313 5241 πᾶσα
369 5191 447 5262 τῷ
510 5194 720 5264 σημείῳ
757 5195 850 5247 τοῦ
907 5197 1142 5267 σταυροῦ
1211 5200 1732 5270 κατεσφραγισμένη

1846 4644 2088 4701 hominis
2130 4644 2391 4707 adventu,
2443 4651 2497 4696 et
2543 4656 2729 4705 cruce,
2767 4658 2888 4711 qua:
2931 4656 3053 4695 eum
3105 4640 3419 4704 antecedet,

1845 4734 2126 4792 memoria:
2152 4733 2395 4804 prodidit
2416 4733 2463 4765 "
2486 4772 2500 4786 .
2538 4732 2697 4799 Quod
2734 4747 2863 4787 vero
2893 4747 3038 4787 nunc
3056 4733 3264 4801 agitur,
3302 4746 3422 4784 ma-

1847 4828 2081 4885 nil'estus
2115 4826 2285 4880 futuri
2320 4835 2478 4898 typus
2507 4835 2612 4881 est.
2640 4824 2779 4880 Ecce
2809 4824 2956 4879 enim
2987 4824 3259 4878 exaltatur
3286 4838 3424 4876 crux

1844 4920 1900 4976 in
1932 4930 2097 4986 terra,
2130 4929 2183 4975 et
2205 4934 2398 4974 omnes
2428 4919 2649 4974 familiae
2672 4918 2936 4988 gentium,
2969 4925 3022 4972 et
3051 4930 3221 4988 genus
3245 4914 3424 4969 homi-

1843 5029 1996 5076 num,
2026 5011 2315 5082 omnisque
2353 5019 2486 5065 aetas
2510 5010 2669 5080 signo
2685 5010 2869 5064 crucis
2898 5010 3222 5078 consignata
3253 5008 3423 5077 glori-

1840 5110 2007 5162 iieant
2041 5107 2245 5171 locum,
2281 5105 2373 5159 ubi
2428 5112 2697 5160 steterunt
2741 5101 2909 5172 pedes
2956 5100 3170 5156 Domini
3224 5099 3418 5156 nostri.

1841 5199 1948 5269 Ipsi
1985 5197 2159 5266 gloria
2188 5198 2242 5250 in
2272 5197 2472 5253 smcula
2500 5196 2855 5251 saeculorum.
2886 5195 3085 5249 Amen.

154 5283 375 5348 δοξάζει
410 5288 501 5341 τὸν
530 5288 716 5354 τόπον,
767 5281 827 5343 οὗ
854 5289 1089 5360 ἔστησαν
1117 5293 1167 5345 oi
1196 5292 1358 5357 πόδες
1390 5292 1488 5348 τοῦ
1544 5296 1754 5365 Κυρίου
1790 5295 1974 5366 ἡμῶν,
2009 5292 2219 5363 αὐτῷὴ
2254 5291 2382 5357 δόξα
2420 5293 2501 5355 είς
2540 5291 2666 5352 τοὺς
2730 5288 2931 5352 αἰῶνας
2998 5287 3109 5341 τῶν
3186 5285 3419 5343 αἰώνων.

173 5376 368 5443 Ἀμήν.

236 5469 280 5498 ⁶⁹
486 5468 605 5547 1.,5.
680 5470 727 5528 '°.
755 5468 912 5547 Joan.
948 5486 1030 5535 ιιι,
1071 5472 1156 5529 16.
1234 5476 1277 5508 τί
1312 5474 1544 5547 Philipp.
1576 5492 1636 5539 tt,
1668 5475 1722 5530 8.
1806 5476 1849 5506 τ’
1891 5473 2077 5529 Matth.
2151 5490 2298 5539 xxiv,
2348 5472 2437 5527 50.
2524 5474 2571 5505 "
2596 5471 2728 5527 ibid.
2762 5470 2852 5527 29.
2948 5470 2995 5500 "'
3035 5469 3225 5523 Matth.
3270 5482 3418 5530 xxiv,

158 5537 250 5592 3i.
336 5539 381 5572 "
402 5537 593 5593 Matth.
628 5556 755 5607 xxv,
794 5542 855 5595 3|
892 5557 1046 5613 seqq.

1441 5636 1677 5693 VARIAE
1722 5633 2128 5694 LECTIONES.

266 5724 388 5811 τε.
414 5723 478 5780 ν.
520 5726 806 5811 δέδωκεν..
850 5726 966 5811 ’.0.
1002 5726 1415 5811 νημαρτύρων.
1549 5730 1959 5811 (ἷᾍνκκτίσεως
1986 5730 2243 5811 ἀπάσηςῦ
2313 5728 2334 5811 ι.
2366 5727 2472 5811 τοῦθ
2489 5727 2623 5780 Θεοῦ
2676 5727 2798 5811 Des.
2859 5727 2911 5807 i_tt
3063 5725 3139 5811 V'.w
3201 5737 3223 5763 υ
3260 5726 3317 5778 (Σ.
3358 5726 3423 5811 Υ.

162 5798 391 5859 τορείαις,
434 5799 586 5869 κατὰ
649 5798 746 5869 τὴν
784 5798 996 5869 ἡμέραν
1052 5799 1145 5869 τῆς

158 5869 285 5921 τῶν.
365 5880 391 5911 ι
422 5865 483 5922 C.
510 5868 572 5923 γ.
599 5865 748 5925 addit
787 5865 963 5924 πάλιν.

1189 5800 1442 5870 κρίσεως,
1494 5801 1545 5855 in
1586 5802 1670 5855 die
1698 5801 1908 5870 iudicii.

2023 5807 2047 5833 "
2081 5796 2168 5852 (Ξ.⁷
2207 5796 2267 5851 V.
2313 5799 2406 5852 ἀπ’
2444 5797 2629 5869 ἄκρων
2688 5797 2935 5868 οὐρανῶν
2962 5796 3068 5858 ἕως
3112 5798 3296 5864 ἄκρων
3330 5797 3423 5848 αὐ⁴
