4144 6448
242 371 370 433 1273

241 521 2068 558 ._.______________________

1283 386 1604 448 ISAGOGE
1643 388 1723 448 IN
1766 389 1867 448 SS.
1907 391 2393 454 SCRIPTUIIAS.

3313 398 3441 462 1274

3003 550 3404 566 *-

1462 690 2218 808 ΑΔΡΙΑΝΟΥ

897 912 1441 1004 ΕΙΣΑΓΩΓΗ
1479 917 1650 1003 ΕΙΣ
1687 912 1893 1003 ΤΑΣ
1942 919 2270 1009 ΘΕΙΑΣ
2319 923 2853 1010 ΓΡΑΦΑΣ(ί)ο

1515 1263 2177 1393 ADRIANI

815 1511 1306 1606 ISAGOGE
1377 1514 1526 1602 AD
1616 1517 2032 1610 SACRAS
2100 1521 2856 1612 SCRIPTURAS.

1113 1705 1306 1762 πολιαι.
1341 1706 1695 1777 Ρωιεοκιυε,
1725 1707 1909 1765 Critic.
1944 1708 2097 1766 Sacr.
2139 1721 2180 1766 t.
2211 1710 2347 1780 VIII,
2376 1729 2432 1784 p.
2461 1714 2545 1770 II.

294 1970 401 2023 Τοῦ
443 1969 731 2041 Ἐϐραῖκοῦ
759 1971 1104 2041 χαρακτῆρος
1148 1973 1452 2040 ἰδιωμάτων
1488 1973 1637 2026 ἐστὶν
1673 1974 1789 2042 εῐδη

1960 1971 2185 2041 Linguae
2219 1969 2497 2025 Hebraica:
2537 1970 2860 2026 idiomatum
2896 1981 3027 2043 sunt
3054 1982 3165 2028 tres
3191 1975 3401 2044 species
3431 1990 3447 2029 ι

222 2061 373 2130 τρία’
430 2055 505 2113 ῶν
554 2059 617 2113 τὸ
669 2060 769 2129 μὲν
817 2062 907 2114 ἐπὶ
959 2061 1060 2131 τῆς
1111 2062 1347 2126 διανοίας
1395 2062 1544 2132 εὖροι
1577 2079 1662 2124 τις
1698 2063 1785 2129 ἂν,

222 2153 283 2205 τὸ
310 2152 365 2204 δὲ
395 2153 486 2204 ἐπὶ
505 2139 508 2141 ’
525 2149 616 2221 ἑῆς
647 2151 862 2216 λέξεως,
886 2153 946 2205 τὸ
967 2153 1023 2205 δὲ
1049 2155 1140 2205 ἐπὶ
1166 2155 1264 2220 τῆς
1296 2153 1618 2217 συνθέσεως.

553 2242 722 2310 Ἀρχὴ
765 2241 882 2296 τῶν
921 2245 1019 2296 ἐπὶ
1049 2243 1159 2312 τῆς
1184 2233 1472 2309 ὃιανοίαςῖ.

292 2334 366 2386 Τὸ
398 2335 494 2403 μὲν
520 2330 612 2386 οὖν
641 2334 732 2386 ἐπὶ
757 2334 855 2404 τῆς
883 2333 1116 2396 διανοίας
1145 2335 1280 2396 ἐστὶ,
1311 2334 1371 2387 τὸ
1397 2336 1504 2388 ἀπὸ
1525 2335 1633 2390 τῶν
1658 2338 1788 2406 ἡμῖν

225 2426 532 2494 προσόντων
554 2425 646 2478 τοῦ
676 2424 810 2477 Θεοῦ
837 2427 1190 2495 σχηματίζειν
1213 2427 1310 2490 τὰς
1339 2429 1640 2497 ἐνεργείας,
1671 2430 1790 2498 ἦτοι

225 2513 316 2564 ἰπὶ
346 2511 513 2581 καλῷ,
550 2512 584 2583 ἢ
631 2513 722 2564 ἐπὶ
754 2513 909 2582 κακῷ
953 2514 1243 2583 γινομένας
1269 2531 1283 2546 ·
1319 2517 1461 2585 φημὶ
1499 2516 1584 2585 δὴ,
1620 2517 1653 2588 ἢ
1684 2517 1791 2571 ἀπὸ

229 2603 426 2673 μελῶν,
461 2604 493 2673 ἢ
525 2605 632 2657 ἀπὸ
662 2603 990 2674 αἰσθήσεων,
1018 2604 1050 2672 ἢ
1084 2605 1191 2657 ἀπὸ
1225 2608 1494 2672 κινήσεων
1545 2606 1792 2676 ψυχικῶν

227 2695 296 2764 [ﬂ
346 2695 453 2746 ἀπὸ
511 2697 777 2764 κινήσεων
824 2695 1171 2764 σωματικῶν,
1213 2697 1384 2766 ἢάπὸ
1418 2698 1603 2750 παθῶν
1634 2699 1792 2768 ψυχι-

227 2785 383 2857 κῶν].
413 2787 444 2857 ἢ
473 2787 580 2839 ἀπὸ
606 2787 792 2839 παθῶν
828 2787 1171 2856 σωματικῶν,
1203 2789 1237 2857 ἢ
1266 2790 1372 2842 ἀπὸ
1391 2790 1702 2855 διαθέσεων,
1733 2791 1789 2862 [ἢ

225 2879 332 2931 ἀπὸ
363 2879 556 2932 κοινῶν
582 2878 770 2942 δοξῶν,
798 2877 828 2948 ἢ
862 2877 969 2930 ἀπὸ
991 2879 1363 2950 ἁξιωμάτων,]
1395 2880 1427 2950 ἢ
1463 2882 1570 2956 ἀπὸ
1601 2885 1792 2952 ὲπιτη-

223 2969 528 3035 δευμάτων,
573 2968 606 3038 ἢ
658 2969 764 3020 ἀπὸ
818 2969 1020 3032 τόπων,
1063 2969 1094 3037 ἦ
1136 2969 1243 3021 ἀπὸ
1272 2971 1595 3038 στολισμῶν,
1624 2971 1656 3040 ἢ
1686 2973 1794 3024 ἀπὸ

225 3058 383 3120 ἐθῶν,
418 3059 450 3128 ἢ
477 3058 584 3112 ἀπὸ
609 3059 921 3129 σχημάτων,
953 3059 986 3130 ἢ
1015 3059 1123 3112 ἀπὸ
1153 3059 1275 3113 ὅλου
1306 3057 1400 3112 τοῦ
1437 3060 1599 3125 ζῶον.

295 3236 366 3289 α’.
399 3237 587 3299 Ὅπως
610 3236 716 3289 ἀπὸ
741 3235 917 3303 μελῶν
936 3253 947 3264 ·
980 3235 1086 3288 ἀπὸ
1109 3238 1208 3306 μὲν
1238 3237 1434 3306 μελῶν,
1459 3240 1534 3302 ὡς
1560 3238 1619 3292 τό
1643 3255 1654 3267 ·
1683 3241 1793 3292 ⁸Τὰ

1885 2078 2118 2132 quarum
2169 2077 2330 2114 unam
2365 2077 2393 2113 a
2429 2062 2863 2131 cogitationibus
2909 2063 3174 2129 invenies,
3208 2066 3367 2118 aliam
3415 2080 3448 2119 ι

1889 2154 2048 2224 stylo,
2091 2152 2252 2205 aliam
2289 2167 2321 2204 a
2351 2152 2772 2219 compositione.

2066 2242 2399 2310 Principium
2427 2241 2741 2296 idiomatum
2773 2259 2804 2296 α
2835 2243 3270 2312 cogitationibus.

1957 2331 2115 2398 Quod
2148 2345 2281 2400 ergo
2311 2349 2342 2383 a
2383 2330 2810 2399 cogitationibus
2839 2342 2944 2394 est,
2983 2334 3086 2384 hoc
3117 2331 3186 2384 ab
3215 2331 3299 2387 his
3330 2347 3452 2401 qua

1890 2432 2076 2477 nostra
2124 2431 2252 2476 sunt
2301 2419 2394 2476 Dei
2441 2421 2698 2490 emngere
2740 2422 3091 2490 Operatioues
3119 2463 3132 2487 ,
3192 2433 3305 2476 tum
3354 2439 3452 2491 pro

1890 2511 2058 2577 bono,
2091 2519 2202 2564 lum
2232 2525 2330 2580 pro
2368 2511 2513 2564 malo
2540 2510 2766 2565 eﬂ'ectus
2795 2529 2809 2564 :
2841 2509 2965 2564 dico
2992 2520 3087 2564 aut
3117 2526 3148 2564 a
3173 2511 3451 2575 membris,

1891 2613 1983 2658 aut
2021 2621 2051 2657 a
2083 2604 2357 2668 sensibus,
2391 2611 2488 2656 aut
2519 2619 2549 2657 a
2579 2603 2818 2657 motibus
2846 2602 3252 2670 spiritualibus,
3302 2611 3397 2655 aut
3423 2617 3454 2655 a

1891 2696 2132 2750 motibus
2162 2694 2563 2764 corporalibus,
2592 2703 2686 2749 aut
2714 2710 2744 2749 a
2775 2694 3123 2764 passionibus
3155 2693 3457 2762 spirituali-

1892 2786 2016 2850 bus,
2065 2793 2212 2839 auta
2249 2785 2597 2854 passionibus
2641 2784 3037 2853 corporalibus,
3096 2792 3191 2837 aut
3219 2799 3246 2856 a
3271 2784 3458 2852 dispo-

1894 2873 2210 2937 sitionibus,
2264 2882 2360 2927 a’ut
2392 2888 2420 2926 a
2456 2873 2842 2927 communibus
2876 2871 3143 2935 dicteriis,
3175 2881 3269 2926 aut
3312 2887 3342 2926 a
3369 2873 3458 2926 di-

1893 2964 2213 3034 gnitatibus,
2250 2973 2344 3017 aut
2376 2964 2444 3018 ab
2479 2963 2675 3032 agendi
2717 2963 3044 3028 rationibus,
3093 2972 3188 3014 aut
3231 2976 3260 3014 a
3298 2961 3456 3026 locis,

1893 3063 1986 3106 aut
2016 3053 2083 3106 ab
2111 3052 2464 3117 indumentis,
2497 3063 2590 3107 aut
2623 3067 2653 3106 a
2680 3053 2952 3117 moribus,
2988 3061 3080 3105 aut
3108 3065 3138 3104 ιι
3163 3048 3325 3116 facie,
3363 3061 3458 3106 aut

1895 3157 1924 3194 a
1957 3150 2071 3195 toto
2099 3142 2342 3194 animali.

1968 3234 2017 3286 I.
2059 3233 2349 3299 Quomodo
2382 3248 2409 3286 a
2465 3234 2722 3287 membris
2752 3251 2765 3288 :
2797 3250 2828 3289 a
2873 3235 3151 3302 membris,
3203 3236 3411 3292 scilicet
3441 3253 3454 3288 :

227 3329 470 3398 βλέφαρα
495 3327 658 3380 αὐτοῦ
694 3327 935 3392 ἐξετάζει
963 3328 1087 3389 τοὺς
1120 3329 1267 3389 υἱοὺς
1291 3328 1399 3380 τῶν
1424 3330 1742 3400 ἀνθρώπων·
1767 3350 1784 3382 ι

1900 3343 1918 3374 ι
1952 3323 2229 3392 Palpebrae
2257 3325 2376 3393 ejus
2417 3325 2752 3395 interrogant
2784 3326 2929 3382 ﬁlios
2970 3328 3294 3394 hominum;
3328 3347 3346 3380 ι
3380 3337 3456 3390 et,

225 3420 317 3473 καὶ
361 3419 442 3482 τὸ,
505 3438 523 3469 I
573 3418 868 3486 Ὀφθαλμοὶ
915 3417 1120 3487 Κυρίου
1159 3418 1248 3470 ἐπὶ
1286 3418 1564 3484 δικαίουςο
1603 3439 1620 3470 ι
1674 3424 1791 3485 καὶ,

231 3529 249 3561 ι
275 3510 454 3577 Στόμα
495 3509 698 3578 Κυρίου
731 3507 958 3575 ἐλάλησε
988 3507 1186 3561 ταῦτα’
1228 3527 1245 3558 ι
1286 3510 1379 3561 καὶ
1420 3509 1499 3571 τὸ,
1527 3528 1543 3560 ι
1569 3511 1794 3578 Ἀγαθός

228 3611 314 3663 μοι
343 3595 370 3646 ὁ
401 3594 562 3663 νόμος
590 3592 683 3645 τοῦ
713 3593 978 3659 στόματός
1003 3611 1118 3646 σοιν
1154 3614 1171 3645 ι
1209 3596 1301 3647 καὶ
1333 3597 1412 3662 τὸ,
1446 3592 1548 3649 (Ἶί
1579 3598 1685 3668 μὴν
1712 3599 1795 3663 ἐξ-

223 3683 500 3735 ελεύσεται
549 3683 612 3734 ὲκ
661 3681 754 3733 τοῦ
787 3683 1052 3750 στόματός
1086 3701 1186 3753 μου
1224 3684 1538 3755 δικαιοσύνη
1563 3703 1574 3715 ·
1619 3708 1637 3738 ›
1677 3691 1791 3752 καὶ,

229 3792 246 3824 ι
293 3773 588 3841 Πρόσωπον
645 3771 852 3842 Κυρίου
908 3774 1000 3823 ἐπὶ
1044 3771 1332 3836 ποιοῦντας
1385 3776 1564 3828 κακά’
1608 3796 1625 3826 ι
1678 3778 1792 3841 καὶ,

229 3882 246 3914 ι
281 3863 526 3931 Ἐπαρον
555 3860 652 3922 τὰς
681 3861 867 3928 χεῖράς
899 3879 990 3915 σου
1025 3864 1117 3915 ἐπὶ
1149 3863 1246 3926 τὰς
1281 3865 1661 3935 ὑπερηφανίας
1695 3868 1794 3918 αὺ-

223 3954 347 4006 τῶν.
385 3971 402 4002 ι
443 3952 553 4020 Τὴν
596 3951 798 4016 δεξιὰν,
835 3954 928 4003 ἐπὶ
969 3953 1078 4004 τῶν
1135 3955 1457 4023 κρειττόνων
1503 3951 1641 4008 οἶδεν
1681 3958 1796 4008 ὀνο-

228 4043 441 4114 μάζειν,
475 4045 549 4106 ὡς
594 4044 968 4114 τιμιωτέραν’
1018 4039 1130 4098 οἷον
1178 4047 1259 4108 τὸ,
1324 4065 1342 4097 ι
1385 4047 1542 4112 Δεξιὰ
1591 4047 1794 4116 Κυρίου

223 4136 442 4204 ἐποίησε
491 4133 754 4202 δύναμιν·
797 4153 815 4186 ι
871 4137 961 4187 καὶ
1006 4136 1086 4199 τὸ,
1140 4157 1157 4188 I
1201 4139 1673 4208 Προσκυνήσωμεν
1717 4142 1795 4201 εἰς

222 4227 313 4278 τὸν
343 4227 502 4278 τόπον
532 4220 592 4279 οὗ
617 4225 848 4295 ἔστησαν
877 4227 926 4277 oi
959 4227 1112 4288 πόδες
1139 4226 1300 4280 αὐτοῦ
1323 4244 1336 4258 ο
1373 4248 1390 4279 ι
1429 4229 1523 4280 καὶ
1552 4230 1651 4281 ὅσα
1673 4229 1795 4280 τού-

223 4335 331 4378 τοις
359 4316 714 4386 παραπλήσια
733 4332 746 4346 ·
774 4315 978 4369 τούτων
1003 4317 1078 4382 δὲ,
1108 4319 1175 4370 τὰ
1200 4319 1297 4386 μὲν
1323 4320 1412 4371 ἐπὶ
1437 4321 1699 4391 σωτηρίᾳ,
1729 4321 1797 4374 τὰ

223 4410 279 4461 δὲ
309 4409 401 4459 ἐπὶ
424 4406 661 4475 τιμωρία
697 4407 1081 4475 προϐάλλεται.

296 4502 359 4570 β’.
401 4502 587 4559 Ὅπως
644 4499 749 4550 ἀπὸ
802 4500 1141 4569 αἰσθήσεων
1176 4502 1250 4563 ὡς
1285 4501 1366 4564 τὸ,
1416 4519 1434 4552 ι
1473 4501 1797 4570 Ἐπὲὁλεψεν

1899 3433 1917 3466 ι
1948 3415 2104 3470 Oculi
2148 3415 2364 3469 Domini
2411 3431 2575 3484 super
2596 3416 2811 3484 justos;
2845 3435 2863 3466 ι
2897 3428 2974 3482 et,
3016 3436 3034 3470 ι
3067 3418 3279 3473 Βοηιιηι
3327 3417 3461 3471 mihi

1895 3507 1977 3558 lex
2014 3507 2127 3560 oris
2164 3507 2278 3571 tui;
2318 3526 2336 3558 ι
2368 3516 2444 3570 et,
2482 3525 2500 3558 ι
2553 3506 2878 3576 Egredietur
2915 3509 2982 3564 de
3031 3525 3125 3564 ore
3155 3509 3460 3578 meojusti-

1898 3597 1998 3662 tia;
2033 3615 2050 3647 ι
2084 3606 2158 3660 et,
2206 3614 2224 3647 ι
2257 3597 2452 3651 Vultus
2485 3597 2700 3650 Domini
2734 3613 2899 3666 super
2927 3597 3195 3653 facientes
3228 3600 3406 3664 mala;
3437 3619 3455 3649 ι

1893 3697 1968 3752 et,
2012 3706 2030 3737 ι
2064 3687 2206 3741 Leva
2249 3704 2446 3742 manus
2480 3697 2600 3742 tuas
2632 3690 2685 3742 in
2723 3691 3009 3759 superbias
3043 3705 3256 3744 eorum.
3289 3709 3308 3742 ι
3349 3689 3464 3743 Ma-

1896 3795 2024 3832 num
2053 3779 2298 3833 dextram
2332 3781 2400 3833 de
2429 3781 2752 3835 melioribus
2776 3797 2971 3835 vocare
3001 3781 3173 3846 novit,
3205 3792 3462 3850 tanquam

1896 3870 2387 3936 honorabiliorem,
2439 3872 2650 3926 scilicet
2686 3891 2699 3926 :
2734 3890 2753 3923 ι
2788 3871 3018 3926 Dextera
3075 3871 3290 3925 Do‘mini
3338 3872 3466 3925 fecit

1895 3962 2184 4026 virtutem;
2213 3980 2232 4012 ι
2254 3971 2329 4024 et,
2367 3980 2385 4012 ι
2415 3961 2779 4016 Adorabimus
2825 3964 2878 4016 in
2916 3963 3038 4016 loco
3077 3963 3166 4017 ubi
3199 3971 3464 4016 steterunt

1897 4048 2058 4114 pedes
2088 4048 2241 4117 ejus;
2273 4066 2290 4098 ι
2327 4062 2672 4117 quaecunque
2703 4049 2789 4103 his
2821 4050 3198 4104 assimilantur
3226 4068 3238 4101 :
3268 4050 3462 4103 horum

1897 4139 2000 4191 alia
2038 4139 2104 4192 de
2135 4140 2334 4204 salute,
2377 4140 2482 4194 alia
2509 4140 2575 4194 de
2606 4155 2762 4210 poena
2812 4141 3158 4195 emittuntur.
3195 4140 3370 4209 (Paul.
3410 4157 3462 4206 x,

1897 4230 1966 4295 5;
2007 4246 2198 4294 xxxnI,
2233 4229 2333 4297 I6;
2372 4230 2487 4284 Isa.
2520 4247 2558 4295 I,
2607 4232 2708 4296 ‘20;
2750 4247 2903 4294 LVIII,
2939 4232 3038 4293 14;
3087 4230 3235 4286 Psal.
3271 4247 3465 4289 cxvm.

1897 4321 2000 4384 72;
2058 4320 2173 4374 Isa.
2223 4338 2345 4385 λιν,
2394 4322 2498 4386 25;
2551 4321 2704 4377 Psal.
2761 4339 2954 4384 xxxIIt,
3009 4323 3108 4388 I7;
3153 4339 3348 4390 ιιιιιι,
3414 4324 3471 4390 ὅ;

1896 4424 2064 4475 cxvn,
2102 4410 2201 4474 I6;
2238 4425 2424 4474 cxxn,
2461 4411 2528 4477 7;
2565 4409 2742 4481 [xxxt,
2778 4411 2866 4474 I3,
2903 4411 3083 4483 non].)

1967 4500 2018 4553 2.
2062 4500 2352 4566 Quomodo
2396 4519 2425 4555 a
2475 4503 2731 4557 sensibus
2766 4522 2777 4556 :
2811 4504 2953 4558 sicut
2985 4523 2996 4555 :
3032 4523 3049 4553 ι
3083 4503 3154 4556 De
3202 4481 3339 4556 εαξιο
3384 4517 3468 4555 re-

226 4593 284 4658 ἐξ
314 4588 541 4663 οὐρανοῦ
588 4589 615 4638 ὁ
642 4589 867 4661 Κύριος,
911 4587 1016 4642 εἶδε
1072 4591 1282 4654 πάντας
1334 4593 1458 4654 τοὺς
1499 4593 1647 4656 υἱοὺς
1690 4595 1795 4646 τῶν

1901 4593 2076 4660 spexit
2118 4592 2393 4657 Dominus,
2429 4594 2559 4646 vidit
2589 4610 2781 4648 omnes
2812 4594 2950 4647 ﬁlios
2981 4593 3263 4646 hominum
3291 4611 3304 4656 ;
3341 4612 3359 4644 ι
3393 4604 3466 4656 ct,

225 4684 544 4755 ἀνθρώπων·
592 4687 725 4738 »καὶ
764 4683 842 4747 τὸ,
881 4702 898 4732 ι
931 4684 1084 4751 Φωνῇ
1132 4699 1231 4751 μου
1271 4681 1406 4751 πρὸς
1438 4683 1640 4753 Κύριον
1681 4683 1799 4735 ἐκέ-

228 4776 428 4844 κραξα,
463 4779 555 4829 καὶ
606 4774 880 4845 ἐπήκουσέ
917 4791 1017 4841 μου
1041 4789 1052 4800 ³
1090 4791 1107 4822 I
1138 4773 1253 4837 καὶ,
1288 4792 1304 4822 ι
1337 4771 1537 4840 Κύριος
1561 4774 1800 4827 είσακού·

226 4866 377 4919 σεταί
425 4884 560 4934 μουο
602 4884 620 4917 ι
662 4865 774 4923 καὶ,
817 4882 835 4913 I
874 4861 1177 4931 Ὠσφράνθη
1238 4862 1440 4929 Κύριος
1488 4863 1661 4932 ὀσμὴν
1712 4863 1801 4915 εὑ·-

224 4957 416 5018 ωδίας·
455 4976 471 5006 ι
507 4956 619 5018 καὶ,
657 4974 673 5006 ι
709 4953 1115 5018 Ἐξαπόστειλον
1141 4951 1238 5022 τὴν
1274 4954 1432 5021 χεῖρά
1461 4969 1589 5004 σου*
1633 4973 1648 5003 I
1687 4955 1798 5016 καὶ,

231 5068 247 5096 ι
280 5050 448 5115 ’Ἀψαι
490 5049 598 5100 τῶν
633 5047 834 5099 ὀστέων
862 5045 1024 5099 αὑτοῦ
1047 5059 1058 5071 ·
1096 5064 1114 5095 ›
1150 5045 1263 5106 καὶ,
1302 5064 1318 5094 ι
1354 5046 1489 5115 Χεὶρ
1523 5044 1727 5115 Κυρίου
1765 5048 1798 5114 ἡ

227 5141 482 5209 ἁψαμένη
524 5158 653 5208 μου”
703 5157 721 5189 ι
768 5140 883 5199 καὶ,
942 5155 960 5188 ι
1001 5137 1057 5188 ὐ
1093 5136 1397 5205 ἁπτόμενος
1455 5137 1561 5189 τῶν
1610 5139 1802 5209 ὀρέων,

227 5233 319 5283 καὶ
351 5233 724 5294 καπνίζονταιυ
761 5250 779 5280 ι
817 5229 931 5290 καὶ,
969 5248 986 5279 ι
1013 5228 1335 5298 Ψη).αφήσω
1370 5231 1547 5281 πᾶσαν
1571 5229 1665 5299 τὴν
1694 5230 1807 5283 ἀδι-

227 5325 351 5375 κίαν
379 5325 475 5393 τῆς
504 5325 607 5392 γῆς
635 5321 849 5389 ἐκείνης
871 5339 882 5350 ·
923 5341 938 5371 ι
968 5322 1062 5372 καὶ
1091 5321 1173 5386 τὸ,
1209 5340 1224 5371 I
1260 5321 1350 5389 Μὴ
1383 5321 1644 5390 φάγωμαι
1669 5321 1805 5390 κρέα

225 5410 474 5479 ταύρων·
513 5430 531 5461 I
575 5411 668 5462 καὶ
698 5413 724 5462 ὁ
751 5409 963 5478 Σωτὴρ,
1007 5427 1024 5458 I
1068 5407 1210 5474 Ἐγὼ
1252 5408 1455 5478 βρῶσιν
1481 5409 1587 5477 ἔχω
1614 5414 1806 5476 φαγεῖν

227 5504 295 5572 ἣν
324 5503 481 5570 ὑμεῖς
504 5503 602 5554 οὐκ
628 5501 828 5554 οἴδατε·
863 5519 880 5552 I
909 5501 1023 5566 καὶ,
1053 5518 1070 5550 ι
1113 5499 1272 5569 Ἐμὸν
1303 5499 1497 5570 βρῶμὰ
1525 5501 1691 5564 ἐστιν,
1722 5501 1806 5552 ἵνα

1909 4701 1927 4733 ι
1964 4681 2106 4736 Voce
2155 4699 2272 4736 mea
2341 4684 2406 4737 ad
2461 4683 2749 4737 Dominum
2802 4683 3028 4738 clamavi
3088 4693 3140 4736 et
3193 4683 3471 4736 exaudivit

1905 4788 2019 4836 Ine;
2061 4792 2078 4824 ι
2105 4783 2178 4838 et,
2219 4793 2234 4824 ι
2269 4774 2534 4828 Dominus
2559 4774 2816 4828 exaudiet
2846 4791 2958 4840 me;
3001 4793 3017 4824 ι
3049 4784 3119 4838 et,
3151 4793 3166 4824 ι
3201 4774 3471 4827 Odor-atus

1903 4875 1985 4917 est
2015 4864 2274 4918 Dominus
2301 4865 2525 4919 odorem
2558 4866 2846 4920 suavitatis
2874 4881 2888 4929 ;
2924 4884 2941 4916 ι
2973 4876 3044 4931 et,
3078 4884 3095 4914 ι
3128 4863 3321 4916 Emitte
3354 4878 3472 4915 ma-

1906 4969 2034 5006 num
2068 4962 2252 5019 tuam;
2295 4974 2312 5005 ι
2368 4966 2440 5018 et,
2490 4973 2507 5004 ι
2537 4955 2718 5023 Tange
2761 4971 2823 5008 os
2860 4955 3013 5023 ejus;
3050 4973 3066 5004 ι
3123 4963 3196 5011 et.
3236 4951 3472 5005 IManus

1906 5043 2118 5098 Domini
2157 5046 2332 5112 tetigit
2382 5061 2501 5110 me;
2539 5066 2556 5096 ι
2594 5054 2669 5107 et,
2728 5064 2744 5096 ι
2788 5043 2889 5109 Qui
2937 5043 3112 5113 tangit
3163 5051 3375 5095 montes
3420 5051 3475 5096 et

1908 5135 2210 5204 fumigant;
2242 5155 2259 5186 ι
2287 5148 2415 5204 ειη(
2448 5135 2688 5206 Tangam
2713 5151 2928 5189 omnem
2954 5135 3290 5200 iniquitatem
3316 5145 3474 5188 terra:

1910 5227 2092 5287 illius;
2128 5247 2145 5277 ι
2179 5236 2252 5290 et,
2309 5217 2609 5295 (Nunquid
2662 5226 3008 5280 Inanducabo
3044 5240 3236 5278 carnes
3286 5235 3472 5276 lauro-

1912 5317 2073 5369 rum?
2111 5337 2128 5368 ι
2169 5316 2232 5370 Et
2263 5315 2552 5370 Salvator:
2591 5335 2608 5368 ι
2640 5315 2751 5385 Ego
2795 5318 2975 5370 cibum
3028 5316 3198 5368 habeo
3247 5315 3474 5367 mandu-

1911 5422 2035 5461 care
2063 5423 2225 5475 quem
2253 5424 2351 5460 vos
2399 5408 2662 5472 nescitis;
2698 5425 2715 5458 ι
2750 5417 2826 5469 ct,
2866 5425 2883 5458 ι
2917 5405 3066 5458 Meus
3096 5406 3249 5458 cibus
3290 5411 3370 5457 est
3413 5413 3473 5456 ut

1917 5497 2111 5551 faciam
2140 5499 2470 5552 voluntatem
2501 5498 2680 5551 Patris
2721 5499 2827 5553 Inci
2856 5516 2868 5563 ;
2905 5517 2921 5548 ι
2951 5507 3003 5550 et
3033 5495 3331 5566 praesentiae
3356 5495 3475 5565 ejus

1378 5614 1604 5670 DAV'ID.
1661 5613 2053 5669 IILESCIII'JLII
2084 5614 2314 5670 ΝΟΤᾹΞ.

298 5715 374 5773 (li
426 5713 732 5778 Ἐσαγωνίι
779 5716 862 5774 εἰς
899 5729 944 5762 τ.
988 5713 1346 5778 0,1‘pupdc.
1385 5708 1608 5763 Pltolius
1635 5750 1646 5772 ,
1704 5711 1790 5762 ’Λν

1898 5709 2037 5778 ώσοη
2092 5709 2368 5778 Ἀδριανοῦ
2421 5706 2710 5776 Εἰσαγωγὴ
2756 5705 2854 5774 τῆς
2896 5704 2932 5757 Γ
2941 5702 3114 5774 ραφῆς
3153 5719 3166 5732 ⁸
3210 5699 3475 5769 χρήσιμος

228 5786 339 5845 τας
367 5784 738 5847 εἰσαγομένοις
776 5784 805 5846 ἠ
844 5781 1042 5849 βίϐλος,
