4144 6448
208 408 338 473 12η

1279 413 1602 476 ISAGOGE
1633 417 1714 478 IN
1742 417 1845 477 SS.
1898 418 2394 480 SCRIPTURAS.

3329 413 3474 478 1278

205 529 360 582 ὕδασι
407 525 476 580 τὰ
527 524 753 596 ὑπερῷα
797 523 998 578 αὐτοῦ’
1039 542 1058 576 ι
1089 523 1192 579 ,καὶ
1241 526 1320 590 τὸ,
1361 546 1379 577 ι
1413 528 1654 582 Ἔπλασε
1689 529 1775 583 τὸν

1883 516 2046 601 aquis
2070 531 2353 601 superiora
2379 528 2535 599 ejus;
2573 548 2590 579 ι
2621 536 2694 591 et,
2726 545 2744 580 ι
2775 526 3077 583 Plasmavit
3120 530 3423 598 hominem;
3451 553 3471 584 ι

205 618 511 688 ἀνθρωπον⁸
541 636 560 670 ι
597 618 745 682 καὶ,‹
786 613 1153 686 Ἐνεφΰσησεν
1180 620 1260 680 είς
1282 619 1344 670 τὸ
1369 620 1666 690 πρόσωπον
1690 623 1786 676 αὺ-

203 707 300 760 τοῦ
354 706 524 778 πνοὴν
572 707 748 776 ζωῆςο
782 725 801 759 ι
849 707 942 760 καὶ
977 707 1060 772 τὸ,
1099 725 1117 758 ι
1158 707 1352 778 Ἀνέϐη
1407 711 1671 779 ἐμφυσῶν
1703 715 1784 777 είς

205 799 499 869 πρόσωπόν
530 815 653 852 σου·
692 818 711 850 ι
750 798 873 852 ἀντὶ
899 798 1014 864 τοῦ,
1047 816 1068 850 ι
1093 799 1386 870 Φυσήμασι
1413 802 1784 867 διασκεδάζων

204 890 296 943 ὑπ’
343 891 465 960 ὄψιν
512 907 607 943 σου
646 892 776 953 τοὺς
816 892 1206 957 ὑπεναντίους·
1247 914 1265 946 ι
1316 896 1404 948 ἵνα
1451 896 1602 969 εἴπῃ,
1638 896 1784 950 οὕτω

206 981 405 1054 ῥᾳδίως
431 981 524 1034 καὶ
553 981 781 1051 (mpm;-
811 985 871 1035 τὸ
901 984 1032 1052 γὰρ,
1066 985 1379 1053 ἐμφυσῶν,
1421 987 1779 1055 σκορπίζων,

202 1073 252 1124 οἱ
299 1071 419 1140 ἔξω,
453 1072 874 1142 ἐφιλοσόφησαν.
907 1075 1034 1140 Καὶ,
1081 1092 1102 1126 ι
1146 1075 1279 1128 Ἰδοὺ
1313 1078 1370 1128 ἐν
1396 1079 1463 1147 τῇ
1498 1079 1642 1149 χειρί
1679 1096 1781 1148 μου

205 1160 578 1230 ἐζωγράφησα
610 1161 678 1214 τὰ
704 1161 858 1232 τείχη
885 1179 1000 1226 σου,
1026 1164 1161 1236 πρὸς
1185 1163 1286 1236 τὴν
1326 1163 1680 1238 Ἰερουσαλήμ
1701 1185 1716 1198 ο
1756 1187 1775 1219 ι

202 1252 316 1313 καὶ,
371 1269 390 1302 ι
433 1253 692 1323 Φραγμὸν
737 1254 1083 1326 περιέθηκα,
1135 1257 1229 1310 καὶ
1277 1255 1636 1328 ἐχαράκωσα,
1687 1265 1784 1314 καὶ

202 1341 480 1410 ἐφύτευσα
511 1361 571 1396 σε
601 1345 845 1413 ἄμπελον
868 1347 1083 1417 Σωρὴχ,
1107 1350 1203 1400 καὶ
1223 1349 1549 1420 ᾠκοδόμησα
1574 1352 1782 1422 πύργον

204 1432 262 1484 ἐν
287 1433 436 1504 μέσῳ
456 1434 644 1505 αὐτῆς,
675 1436 769 1489 καὶ
801 1436 1090 1507 προλήνιον
1120 1437 1304 1509 ὤρυξα
1326 1442 1382 1492 ἐν
1407 1442 1575 1512 αὐτῇ·
1611 1461 1629 1493 ο
1665 1443 1779 1506 καὶ,

210 1542 229 1574 ι
259 1522 394 1576 ’ἰδοὺ
425 1523 535 1593 ἐγὼ
567 1526 801 1596 φράσσω
831 1527 934 1597 τὴν
961 1527 1080 1581 ὁδὸν
1109 1531 1276 1600 αὐτῆς
1313 1533 1370 1584 ἐν
1409 1533 1653 1600 σκόλοψι,
1687 1533 1782 1585 καὶ

201 1614 612 1686 ἀνοικοδομήσω
629 1621 728 1680 τὰς
752 1618 971 1689 τρίδους
991 1619 1181 1690 αὐτῆς,
1212 1622 1306 1674 καὶ
1329 1621 1390 1673 οὐ
1421 1622 1495 1692 μὴ
1520 1621 1658 1694 εὕρῃ
1683 1623 1782 1693 τὴν

199 1706 323 1760 ὁδὸν
350 1709 556 1778 αὐτῆς⁶
593 1728 611 1761 ι
656 1710 771 1775 καὶ,
810 1729 827 1762 ι
865 1712 1186 1766 Ἐκπετάσω
1217 1713 1280 1765 τὸ
1307 1712 1526 1766 δίκτυόν
1561 1731 1662 1784 μου
1691 1716 1780 1769 ἐπ’

198 1799 364 1852 αὐτόν
387 1817 401 1832 ο
443 1821 461 1853 ι
500 1803 616 1869 καὶ,
656 1821 674 1854 ι
707 1803 1002 1858 Πεσοῦνται
1025 1807 1082 1858 ἐν
1113 1805 1518 1877 ἀμφιϐλήστρῳ
1543 1807 1707 1862 αὑτοῦ
1730 1811 1778 1862 οἱ

198 1891 518 1963 ἁμαρτωλοί
539 1913 552 1925 ·
589 1913 608 1946 ι
639 1896 734 1948 κα)⁵
763 1897 866 1949 ὃσα
884 1898 1070 1964 ὃμοια.

268 1980 358 2036 ια’.
399 1983 532 2036 Ἀπὸ
554 1984 766 2038 τόπων·
795 1985 872 2050 ὡς
889 1983 998 2048 τὸ,«
1021 1986 1300 2058 ’Υψώθητι
1331 1989 1424 2041 ἐπὶ
1457 1988 1584 2051 τοὺς
1609 1989 1779 2058 οὐρα·-

193 2073 319 2136 νοὺς
346 2076 373 2125 ό
399 2073 714 2140 Θεόςοῡκαὶ,
749 2096 768 2128 ι
809 2076 1036 2147 Ἀνέδης
1058 2080 1138 2141 είς
1163 2077 1316 2148 ὕψος,
1345 2077 1779 2149 ῄχμαλώτευσας

194 2159 614 2234 αἰχμαλωσίαν⁹
658 2185 676 2217 ι
716 2168 832 2231 καὶ,
870 2185 891 2220 t
932 2169 1183 2222 Ἔκλινεν
1213 2170 1500 2240 οὐρανοὺς,
1527 2170 1622 2222 καὶ
1649 2187 1779 2222 κατ-

193 2254 328 2325 έσηο
369 2274 389 2307 ι
438 2256 554 2321 καὶ,
603 2276 623 2309 ι
662 2257 864 2325 Ἐγγὺς
917 2256 1122 2326 Κύριος
1163 2260 1277 2320 τοϊς
1326 2258 1778 2329 ἐπικαλουμένοις

191 2345 385 2400 αὐτόν·
424 2366 444 2401 ι
482 2347 599 2411 καὶ,
650 2367 668 2400 ι
703 2349 820 2402 Ἵνα
847 2349 923 2411 τί,
970 2349 1168 2421 Κύριε,
1214 2351 1536 2419 ἀφέστηκας
1569 2351 1778 2422 μακρό-

191 2438 318 2503 θεν;
355 2457 374 2490 ι
407 2440 523 2502 καὶ,
564 2458 582 2492 ι
623 2441 754 2494 Ἰδοὺ
779 2440 984 2510 Κύριος
1011 2441 1251 2511 κάθηται
1271 2442 1364 2495 ἐπὶ
1399 2442 1627 2512 νεφέλης
1652 2443 1780 2495 κούσ

191 2545 329 2599 φης·
361 2548 378 2580 ι
415 2530 529 2594 καὶ,
562 2548 579 2579 ι
623 2529 758 2583 Ἰδοὺ
784 2529 989 2601 Κύριος
1015 2531 1378 2600 ἐκπορεύεται
1408 2533 1472 2585 ἐκ
1493 2529 1585 2584 τοῦ
1607 2532 1777 2583 τόπου

191 2620 396 2674 αὑτοῦ·
437 2641 456 2674 ι
504 2622 622 2684 καὶ,
660 2641 679 2674 ι
732 2621 1090 2694 Ἐπὶὸήσεται
1155 2624 1249 2677 ἐπὶ
1311 2624 1382 2677 τὰ
1445 2622 1626 2694 ὑψηλὰ
1680 2624 1776 2692 τῆς

190 2727 317 2781 γηςο
361 2729 379 2762 ι

268 2801 354 2871 ιβ’.
401 2801 535 2855 Ἀπὸ
563 2802 898 2873 στολισμῶνο
923 2804 999 2867 ὡς
1038 2804 1120 2868 τὸ,
1154 2822 1174 2855 ι
1218 2803 1538 2858 Ἐνεδύσατο
1571 2803 1778 2874 Κύριος

188 2892 444 2963 δύναμιν,
493 2897 588 2948 καὶ
625 2893 1037 2962 περιεζώσατο·
1072 2912 1092 2945 ι
1124 2894 1241 2959 καὶ,
1280 2913 1299 2945 ι
1338 2893 1649 2963 Περίξωσαι
1679 2893 1778 2964 τὴν

193 2984 472 3053 ῥομφαίαν
499 3000 593 3036 σου
625 2983 720 3036 ἐπὶ⁴
744 2984 835 3035 τὸν
868 2983 1045 3053 μηρόν
1077 3000 1171 3037 σου
1194 3000 1209 3014 ο
1244 3002 1263 3034 ι
1296 2983 1414 3045 καὶ,
1446 3002 1465 3034 ‹
1495 2979 1777 3052 Περιεζω·

192 3075 388 3144 σμένος
429 3076 487 3128 ἐν
516 3075 841 3146 δυναστείᾳ·
875 3095 892 3126 ι
923 3078 1037 3140 καὶ,
1082 3095 1100 3128 ι
1139 3075 1613 3147 Περιϐαλλόμενος
1662 3075 1779 3144 φῶς

189 3165 265 3229 ὡς
291 3166 502 3236 ἱμάτιον
522 3184 537 3199 ο
571 3186 589 3218 ι
654 3168 768 3231 καὶ,
808 3185 827 3219 ι
875 3169 971 3231 Τίς
1001 3161 1156 3230 οὗτος
1186 3170 1214 3220 ὁ
1239 3167 1684 3239 παραγενόμενος
1719 3167 1777 3234 ἐξ

203 3255 411 3326 Ἐδώμ;
462 3255 714 3326 ἐρύθημα
761 3255 995 3327 ίματίων
1035 3256 1200 3312 αὑτοῦ
1245 3258 1308 3312 ἐκ
1352 3255 1581 3328 Βοσὼρ·
1619 3248 1773 3320 οὗτος

185 3340 391 3414 ὡραῖος
416 3347 474 3400 ἐν
503 3345 664 3417 στολῇ
693 3345 885 3401 αὐτοῦ.
925 3365 943 3399 ι

261 3549 353 3610 ιγ’.
389 3543 523 3596 Ἀπὸ
554 3542 731 3598 ἐθῶν·
786 3546 863 3609 ὡς
892 3546 972 3610 τὸ,
1016 3565 1036 3597 ι
1075 3545 1456 3617 Ἀπέστρεψας
1498 3547 1562 3600 τὸ
1597 3549 1772 3618 πρόσ-

188 3633 339 3686 ωπόν
371 3650 487 3698 σου,
511 3635 608 3687 καὶ
642 3636 912 3706 ἐγενήθην
939 3638 1389 3708 τεταραγμένοςο
1425 3655 1443 3689 ι
1477 3639 1592 3699 καὶ,
1621 3639 1772 3691 «Ἵνα

188 3723 263 3784 τί.
298 3723 496 3794 Κύριε,
533 3725 779 3788 ἀπωθεϊς
808 3725 906 3796 τὴν
943 3727 1124 3796 ψυχήν
1152 3743 1279 3797 μου,
1307 3728 1683 3798 ἀποστρέφεις
1710 3728 1774 3782 τὸ

191 3812 490 3882 πρόσωπόν
530 3830 666 3880 σου;
700 3833 720 3865 ι
755 3817 874 3879 καὶ,
923 3833 941 3866 ι
969 3816 1063 3886 Μὴ
1097 3817 1359 3887 ἐκκλίνῃς
1389 3819 1447 3870 ἐν
1482 3819 1621 3888 ὀργῇ
1663 3818 1772 3872 ἀπὸ

187 3903 285 3955 τοῦ
321 3903 513 3956 δούλου
545 3921 641 3956 σου
664 3919 676 3932 ·
719 3922 736 3956 ι
773 3906 891 3971 καὶ,
933 3923 952 3956 ι
976 3904 1068 3975 Μὴ
1096 3906 1412 3978 ἀπορρίψῃς
1447 3924 1516 3975 με
1544 3908 1770 3962 ἀπὸτοῦ

190 3994 492 4064 προσώπου
523 4011 617 4047 σου
637 4009 652 4024 ο
684 4013 703 4046 ι
735 3996 850 4062 καὶ,
879 4014 897 4047 ι
923 3995 1070 4065 Ἐγὼ
1099 3997 1158 4049 δὲ
1189 3994 1318 4049 εἶπα
1344 4000 1403 4050 ἐν
1425 4000 1492 4068 τῇ
1514 4000 1772 4053 ἐκστάσει

192 4103 296 4156 μου
325 4103 339 4117 ·
371 4087 758 4159 Ἀπέρριμμαι
803 4091 914 4141 ἀπὸ
968 4089 1273 4160 προσώπου
1323 4089 1417 4143 τοῦ
1467 4090 1771 4160 ὀφθαλμῶν

191 4191 319 4228 σου·
355 4196 374 4229 ι
420 4177 568 4248 ἆπερ
609 4180 658 4231 oi.
704 4179 1053 4249 ὀργιζόμενοι
1100 4182 1196 4232 καὶ
1236 4180 1597 4250 λυπούμενοι,
1634 4181 1771 4250 πρὸς

189 4266 285 4331 οὓς
321 4270 701 4339 διαφέρονται,
732 4272 831 4324 καὶ
865 4271 1294 4324 ἐπιδείκνυνται.

266 4360 348 4413 ιδ’.
387 4361 522 4414 Ἀπὸ
545 4362 873 4433 σχημάτων·
906 4361 981 4425 ὼς
1014 4362 1096 4425 τὸ,
1127 4381 1144 4413 ι
1168 4362 1287 4415 Ἵνα
1312 4363 1363 4414 τί
1392 4361 1768 4433 ἀποστρέφεις

1810 1887 1856 1946 Β

1806 3225 1849 3286 C

1891 630 1967 681 et.
2002 636 2021 670 ι
2056 618 2354 689 lnspiravit
2399 618 2452 672 iu
2491 617 2684 673 faciem
2723 618 2844 686 ejus
2886 618 3225 689 spiraculum
3265 623 3414 684 vitae;
3453 640 3471 671 ι

1888 721 1964 776 et,
2001 730 2020 762 ι
2072 711 2334 767 Ascendit
2367 711 2462 780 qui
2503 711 2752 767 exsufﬂet
2795 704 2982 767 coram
3020 722 3092 777 Ie,
3126 730 3146 764 ι
3180 711 3302 766 loco
3332 712 3479 766 illius

1890 802 2152 857 dictionis
2201 821 2214 856 :
2273 821 2290 852 ι
2325 801 2568 856 Flatibus
2610 801 2888 870 dissipans
2937 810 3066 856 ante
3115 811 3472 871 conspectum

1889 901 2042 945 tuum
2081 892 2291 955 hostes,
2325 909 2345 942 ι
2384 901 2444 944 ut
2484 892 2655 954 dicat,
2681 892 2819 945 adeo
2845 892 3080 946 faciliter
3115 901 3168 945 et
3209 892 3476 957 multipli-

1889 984 2059 1050 citer;
2089 997 2328 1052 namque
2357 983 2641 1053 exsuﬁians
2678 998 2777 1053 pro
2815 982 3086 1052 dissipans
3127 985 3322 1053 pagani
3357 984 3477 1053 plai-

1888 1076 2243 1146 losophantcs
2297 1077 2663 1131 admiserunt.
2706 1074 2806 1141 Et,
2874 1095 2892 1127 ι
2938 1075 3080 1129 Ecce
3123 1078 3177 1129 in
3219 1078 3475 1130 manilius

1890 1168 2026 1222 meis
2064 1168 2334 1237 descripsi
2392 1183 2583 1222 muros
2635 1177 2799 1231 tuos,
2838 1186 2856 1219 ι
2906 1168 2973 1220 ad
3007 1165 3334 1221 Jerusalem.
3378 1167 3471 1230 Et,

1892 1277 1912 1312 ι
1938 1258 2135 1328 Sepem
2165 1261 2538 1328 circumposui
2565 1271 2620 1315 et
2643 1262 3050 1330 circumsepivi,
3077 1271 3130 1315 et
3157 1261 3396 1330 plantavi
3423 1268 3473 1313 te

1887 1353 2099 1405 vineam
2140 1350 2371 1414 Sorecli,
2415 1361 2470 1406 et
2512 1354 2780 1408 :ediﬁcavi
2814 1357 3009 1407 turrim
3050 1355 3103 1408 in
3138 1356 3318 1408 medio
3352 1354 3474 1422 ejus

1886 1449 1942 1496 et
1973 1442 2216 1495 torcular
2253 1442 2364 1495 fodi
2412 1443 2466 1495 in
2515 1459 2601 1496 ea.
2636 1462 2654 1493 ι
2699 1442 2783 1509 Ει,
2821 1463 2837 1492 ι
2877 1443 3016 1496 Ecce
3055 1458 3156 1512 ego
3203 1445 3354 1511 sepio
3390 1443 3474 1495 vi-

1889 1551 2048 1589 neam
2095 1544 2244 1590 tuam
2289 1536 2470 1605 spinis
2516 1545 2571 1590 et
2616 1535 2964 1591 remdificabo
2998 1535 3227 1590 semitas
3257 1535 3377 1602 ejus
3419 1543 3474 1587 et

1888 1629 2115 1682 semitas
2181 1643 2313 1681 suas
2367 1644 2474 1680 non
2531 1627 2801 1693 inveniet;
2853 1646 2871 1678 ι
2942 1635 2996 1680 et
3030 1667 3044 1689 ,
3111 1645 3128 1675 ι
3163 1623 3469 1678 Extendam

1887 1729 2003 1774 rete
2059 1733 2240 1773 meum
2277 1721 2456 1788 :super
2501 1733 2664 1783 eum;
2703 1738 2721 1770 ι
2777 1727 2848 1784 et,
2897 1737 2916 1768 ι
2949 1717 3161 1772 Cadent
3201 1718 3254 1770 in
3309 1717 3475 1770 retia-

1886 1811 2012 1866 culo
2072 1810 2193 1880 ejus
2246 1821 2600 1879 peccatores;
2641 1829 2659 1860 ι
2735 1819 2789 1864 et
2848 1819 3193 1879 quatcunque‘
3243 1809 3470 1865 similia.

1887 1902 2064 1973 (Psal.
2093 1903 2299 1968 cm,'5,
2331 1911 2381 1956 et
2409 1901 2590 1968 alibi.)

1955 1994 2043 2047 11.
2085 1993 2128 2045 Α
2162 1993 2334 2047 locis:
2369 2001 2428 2046 ut
2455 2011 2472 2043 ι
2508 1992 2738 2046 Elevare
2781 2005 2948 2061 super
2982 1992 3176 2053 caelos,
3217 1990 3359 2044 Deus
3390 2007 3403 2056 ;
3444 2009 3465 2041 ι

1879 2095 1959 2152 et,
2008 2103 2026 2136 ι
2057 2084 2369 2139 Ascendisti
2414 2085 2470 2138 in
2527 2085 2723 2146 altum,
2767 2064 2963 2153 ce'pisti
3001 2082 3410 2153 captivitatem;
3445 2100 3463 2132 ι

1877 2188 1951 2244 et,
1989 2197 2008 2231 ι
2041 2176 2334 2232 Inclinavit
2381 2177 2650 2232 coelos.et
2685 2175 3006 2241 descendit;
3044 2194 3062 2227 ι
3106 2186 3184 2237 et.
3240 2192 3258 2227 ι
3293 2172 3472 2241 Prope

1877 2280 1962 2325 est
1995 2269 2264 2323 Dominus
2303 2269 2691 2324 invocantibus
2717 2285 2880 2335 eum;
2917 2287 2936 2320 ι
2977 2277 3071 2334 et,
3132 2287 3150 2321 ι
3188 2266 3256 2323 Ut
3305 2269 3462 2338 quid,

1879 2349 2144 2427 Domine,
2189 2360 2470 2416 recessisti
2520 2361 2717 2431 longe?
2748 2381 2764 2411 ι
2825 2360 2927 2426 Ει,
2975 2380 2994 2415 ι
3032 2361 3171 2416 Ecce
3202 2360 3472 2415 Dominus

1879 2452 2036 2507 sedet
2072 2467 2240 2522 super
2287 2453 2488 2507 nubem
2534 2452 2744 2516 levem;
2777 2472 2796 2505 ι
2849 2461 2926 2518 et,
2978 2471 2997 2504 ι
3032 2451 3168 2506 Ecce
3202 2451 3472 2505 Dominus

1878 2543 2158 2612 egreditur
2220 2559 2252 2599 e
2311 2545 2440 2598 loco
2489 2559 2624 2608 suo;
2660 2563 2680 2595 ι
2743 2552 2837 2608 et,
2911 2562 2930 2596 ι
2972 2543 3250 2597 Ascendet
3308 2558 3471 2611 super

1879 2637 2093 2690 excelsa
2128 2648 2308 2692 terrm.
2354 2636 2532 2706 (Psal.
2571 2652 2683 2698 LVI,
2721 2638 2792 2701 6;
2838 2653 3004 2702 van,
3044 2637 3148 2701 19;
3179 2652 3314 2701 xvil,
3360 2635 3468 2703 10;

1881 2743 2062 2790 cxmv,
2104 2729 2203 2795 18;
2246 2743 2323 2791 Ix,
2361 2729 2460 2794 22;
2507 2728 2621 2782 Isa.
2657 2744 2769 2791 xix,
2807 2731 2823 2780 1
2856 2746 2871 2794 ;
2907 2728 3070 2782 Mich.
3099 2745 3140 2789 ι,
3170 2728 3250 2796 5.)

1955 2821 2042 2874 12.
2084 2819 2168 2874 Ab
2205 2820 2570 2884 indumentis,
2612 2821 2798 2875 sicut:
2833 2841 2850 2871 ι
2882 2821 3109 2875 Indutus
3151 2829 3236 2876 est
3285 2821 3471 2875 Domi-

1880 2924 1985 2964 nus
2010 2909 2389 2964 fortitudinem
2414 2921 2468 2964 et
2500 2912 2789 2978 prtecinxit
2821 2926 2915 2976 se;
2953 2930 2970 2961 ι
3003 2922 3080 2975 et,
3117 2930 3135 2962 ι
3164 2897 3468 2982 Aecingere

1879 3000 2063 3070 gladio
2115 3011 2210 3055 tuo
2267 3017 2432 3070 super
2471 3001 2652 3056 femur
2701 3014 2875 3055 tuum.
2909 3022 2928 3054 ι
2964 3003 3064 3064 Ει,
3116 3021 3134 3053 ι
3169 3003 3467 3058 Accinctus

1882 3092 2160 3161 potentia;
2188 3112 2205 3145 ι
2232 3103 2307 3157 et,
2338 3111 2357 3144 ι
2381 3093 2633 3147 Amictus
2651 3094 2863 3146 lumine
2884 3095 3026 3148 sicut
3053 3095 3416 3161 vestimento;
3441 3115 3459 3147 ι

1881 3191 1955 3247 et,
2012 3202 2031 3234 ι
2065 3183 2204 3249 Quis
2251 3193 2340 3238 est
2383 3185 2486 3239 iste
2526 3187 2619 3254 qui
2668 3187 2816 3239 venit
2847 3185 2913 3238 de
2955 3183 3164 3239 Edoni?
3213 3185 3457 3240 Rubrum

1881 3273 2262 3328 indumentum
2299 3276 2420 3345 ejus
2447 3277 2513 3330 de
2539 3275 2733 3341 Bosor,
2766 3276 2870 3329 iste
2904 3274 3180 3332 formosus
3209 3280 3263 3332 iu
3324 3280 3465 3334 stola

1873 3378 1996 3418 sua.
2037 3383 2054 3413 ι
2101 3363 2288 3434 (Paul.
2340 3382 2470 3432 xcn,
2521 3369 2588 3433 1;
2642 3383 2788 3432 κων,
2823 3366 2892 3432 4;
2932 3381 3082 3432 txtv,
3117 3369 3189 3431 7;
3232 3385 3348 3433 cm,
3392 3371 3465 3451 ες

1874 3455 1990 3510 Ita.
2021 3471 2175 3520 Lxm,
2217 3458 2308 3526 1.)

1945 3549 2033 3603 15.
2078 3550 2124 3602 Α
2151 3551 2402 3604 moribus
2433 3568 2446 3602 :
2483 3569 2502 3601 ι
2531 3548 2792 3607 Avertisti
2837 3555 3034 3608 faciem
3081 3564 3232 3608 tuam
3284 3567 3339 3606 et
3384 3552 3466 3606 fa-

1873 3649 1996 3695 ctus
2041 3655 2161 3695 sum
2212 3643 2608 3706 conturbatus;
2643 3660 2662 3693 ι
2721 3651 2796 3703 et,
2849 3663 2866 3694 ι
2901 3643 2972 3698 Ut
3010 3644 3162 3714 quid,
3213 3642 3459 3706 Domine,

1874 3733 2093 3801 repellis
2133 3733 2375 3786 animam
2415 3748 2617 3798 meam,
2655 3737 2860 3790 avertis
2888 3737 3084 3790 faciem
3119 3735 3310 3788 tuam?
3340 3754 3356 3784 ι
3386 3745 3460 3799 et,

1879 3838 1899 3871 ι
1931 3817 2008 3873 Ne
2034 3821 2281 3875 declines
2320 3821 2374 3873 in
2407 3821 2487 3874 ira
2524 3837 2554 3874 a
2595 3836 2756 3875 servo
2802 3831 2928 3886 tuo;
2964 3842 2982 3872 ι
3011 3832 3086 3886 et,
3137 3841 3155 3873 ι
3190 3822 3263 3874 [\e
3295 3821 3462 3890 proji-

1873 3911 1988 3964 cias
2046 3925 2133 3964 lue
2183 3925 2212 3962 a
2264 3909 2404 3964 facie
2447 3921 2572 3977 tua;
2611 3930 2629 3962 ι
2691 3923 2766 3976 et,
2828 3930 2846 3963 ι
2887 3912 2998 3983 Ego
3033 3923 3214 3966 autem
3249 3913 3362 3964 dixi
3407 3913 3461 3964 in

1873 4016 2107 4056 excessu
2159 4016 2280 4057 meo
2324 4002 2656 4072 :Projectus
2705 4020 2826 4058 sum
2885 4020 2914 4057 a
2972 4004 3110 4058 facie
3171 4004 3460 4056 oculorum

1876 4107 2120 4150 tuorum.
2157 4117 2174 4149 ι
2211 4097 2407 4163 Qualia
2441 4099 2563 4152 irati
2620 4109 2673 4152 et
2717 4100 2900 4153 amicti
2940 4101 3005 4153 ad
3039 4116 3132 4152 eos
3175 4115 3301 4152 cum
3340 4098 3462 4163 qui-

1875 4187 2272 4242 busdiscordes
2288 4197 2437 4252 sunt,
2457 4197 2511 4241 et
2525 4203 2686 4242 sensa
2707 4205 2804 4243 sua
2822 4189 3087 4257 pandunt.
3110 4186 3287 4256 (Psal.
3307 4203 3458 4249 xxix,

1872 4281 1940 4348 8;
1977 4297 2219 4343 Lxxxvu,
2252 4281 2352 4347 15;
2387 4297 2534 4348 xxvr,
2571 4282 2604 4336 9
2629 4300 2644 4349 ;
2669 4299 2722 4344 ι..
2760 4283 2860 4347 15;
2897 4299 3024 4346 xxx,
3055 4282 3173 4350 25.)

1943 4373 2030 4427 14.
2072 4373 2118 4427 Α
2139 4371 2300 4436 facie,
2323 4374 2465 4426 sicut
2492 4390 2504 4426 :
2535 4393 2554 4423 ι
2589 4373 2658 4427 Ut
2679 4375 2807 4443 quid
2835 4377 3036 4428 avertis
3060 4390 3280 4428 manum
3307 4383 3458 4427 tuam

188 4451 288 4522 τὴν
314 4455 474 4523 χεῖρά
501 4470 594 4506 σου
615 4494 629 4518 ,
667 4455 760 4506 καὶ
790 4454 889 4523 τὴν
913 4454 1097 4518 δεξιάν
1126 4469 1253 4518 σου;
1285 4471 1302 4503 ι
1348 4457 1410 4505 ἐκ
1447 4455 1766 4523 μεταφορᾶς

1879 4471 1926 4515 et
1954 4462 2236 4516 dexteram
2280 4464 2470 4517 tuam?
2499 4487 2516 4514 ι
2556 4480 2652 4534 per
2689 4467 3068 4534 metaphoram
3112 4474 3456 4533 assumptam

189 4542 299 4594 τῶν
325 4543 837 4614 παρακαλουμένων
897 4545 988 4596 καὶ
1025 4547 1104 4606 είς
1144 4543 1392 4596 τούπίσω
1433 4545 1534 4606 τὰς
1574 4547 1765 4615 χεῖρας

1879 4555 1941 4609 ab
1975 4556 2059 4609 his
2087 4556 2182 4625 qui
2224 4557 2587 4610 consolantur
2627 4566 2682 4610 et
2714 4568 2902 4625 postea
2938 4573 3134 4610 manus
3179 4566 3456 4609 avertunt.

190 4633 650 4704 ἀποστρεφόντων
677 4651 692 4669 ο
733 4635 862 4698 καὶ,
902 4653 918 4684 ι
946 4635 1068 4685 Ὅτι
1117 4633 1236 4701 ἀρῶ
1280 4635 1358 4696 είς
1408 4635 1498 4687 τὸν
1540 4635 1769 4704 οὐρανὸν

186 4725 290 4794 τὴν
323 4725 485 4794 χεῖρά
515 4743 639 4794 μου,
670 4726 766 4778 καὶ
786 4725 1031 4795 ὀμοῦμαι
1069 4727 1136 4795 τῇ
1168 4725 1322 4796 δεξιᾷ
1354 4742 1457 4796 μου
1480 4739 1493 4754 ·
1531 4744 1549 4776 ι
1582 4726 1677 4778 καὶ
1700 4726 1769 4778 τὰ

189 4819 378 4887 ὅμοια.

263 4904 344 4960 ιε’.
374 4907 508 4958 Ἀπὸ
536 4906 591 4959 δέ
637 4907 764 4959 ὅλου
796 4891 891 4959 τοῢ
937 4905 1077 4970 ζώου
1103 4923 1118 4936 ⁸
1153 4907 1263 4960 ἀπὸ
1308 4907 1432 4960 ὅλου
1481 4907 1575 4959 τοῦ
1627 4907 1767 4971 ζώου

189 4999 335 5052 κατὰ
361 4999 630 5069 διαίρεσιν
651 5041 664 5063 ,
694 4998 789 5050 νῦν
821 5000 919 5068 μὲν
949 4999 1056 5051 ἀπὸ
1087 4999 1188 5068 τῆς
1220 4998 1424 5069 ψυχῆς,
1451 4999 1550 5053 νῦν
1577 5001 1635 5053 δὲ
1663 5002 1770 5054 ἀπὸ

187 5093 288 5160 τῆς
317 5091 553 5160 σαρκός·
592 5090 666 5152 ὼς
697 5090 780 5151 τὸ,
817 5108 836 5142 ι
865 5090 1012 5160 Σὰρξ
1056 5108 1155 5159 μου
1198 5093 1257 5155 ἐξ
1305 5093 1511 5157 αὐτῶν,
1549 5112 1566 5142 ι
1613 5092 1770 5163 παρὰ

188 5182 267 5251 τῷ
297 5182 480 5250 Ὠσηέ.
517 5181 653 5232 una.
684 5180 742 5232 δὲ
783 5164 995 5250 ψυχῆς·
1030 5181 1128 5244 ὡς,
1170 5200 1186 5231 ι
1213 5181 1324 5243 Τὰς
1351 5183 1648 5252 νεομηνίας
1672 5184 1766 5235 και

189 5277 258 5326 τὰ
307 5272 564 5324 Σάϐϐατα
600 5271 754 5340 ὑμῶν
794 5275 946 5341 μισεῖ
985 5275 1017 5342 ὴ
1057 5274 1204 5344 ψυχή
1240 5291 1378 5345 μου·
1407 5296 1424 5328 ι
1466 5277 1766 5331 καὶταῦτα

194 5364 292 5434 μὲν
346 5362 755 5432 ὑποδείγματος
804 5364 967 5434 χάριν
1025 5365 1160 5435 πρὸς
1209 5365 1601 5436 ἐντελεστέραν
1657 5369 1768 5421 τῶν

194 5456 508 5526 ἰδιωμάτων
545 5455 881 5524 αἰτιολογίας
916 5458 1264 5528 παράστασιν
1295 5459 1601 5524 λελέξεται.

381 5588 699 5656 Ἐπίλυσις
737 5588 856 5643 τῶν
874 5593 1174 5659 ρηθεισῶν
1212 5593 1589 5662 διαιρέσεων.

265 5721 335 5787 α’,
370 5720 435 5792 β’.
470 5723 549 5776 Τὸ
573 5725 753 5778 τοίνυν
779 5725 1049 5795 ἁλάθητον
1069 5725 1170 5795 τῆς
1195 5727 1288 5779 τοῦ
1318 5728 1456 5781 Θεοῦ
1482 5730 1762 5796 γνώσεως,

202 5832 222 5868 ι
242 5815 583 5887 ὐφθαλμοὺς
605 5812 712 5870 οἶδε
745 5819 838 5872 καὶ
861 5817 1139 5886 βλέφαρα
1160 5821 1249 5872 καὶ
1274 5819 1489 5888 ὅρασιν
1512 5822 1696 5875 καλεῖν
1717 5841 1725 5851 ο
1744 5849 1760 5872 ι

1873 4646 1964 4708 Et,
1990 4665 2009 4697 ι
2035 4645 2254 4700 Levabo
2282 4647 2348 4700 ad
2374 4648 2575 4701 malum
2603 4663 2824 4701 manum
2853 4664 3052 4710 meam,
3071 4657 3123 4698 et
3143 4648 3343 4714 jurabo
3366 4663 3460 4715 per

1871 4734 2150 4789 dexteram
2207 4751 2422 4800 meam;
2461 4754 2479 4787 ι
2530 4744 2584 4790 et
2633 4734 2860 4788 similia.
2899 4734 3071 4804 (Psal.
3117 4749 3310 4796 tum,
3354 4734 3456 4800 11;

1873 4825 2032 4880 Deut.
2067 4843 2242 4891 xuii,
2281 4826 2396 4897 40.)

1943 4919 2034 4972 15.
2075 4919 2122 4972 Α
2154 4929 2268 4972 ιυιο
2302 4918 2558 4984 animali;
2589 4933 2617 4970 a
2649 4927 2764 4971 toto
2797 4917 3023 4970 animali
3059 4916 3220 4968 modo
3255 4915 3454 4979 diviso,

1872 5025 2018 5064 nunc
2052 5013 2120 5062 ab
2147 5011 2354 5072 anima,
2398 5024 2545 5063 nunc
2576 5024 2606 5062 a
2643 5024 2831 5073 carne,
2883 5011 3066 5062 sicut:
3105 5027 3121 5057 ι
3157 5007 3299 5060 Caro
3335 5022 3455 5058 mea

1869 5118 1935 5156 ex
1970 5102 2127 5171 ipsis,
2165 5121 2182 5154 ι
2225 5103 2365 5170 apud
2397 5098 2558 5154 Osee.
2615 5101 2699 5154 Ab
2734 5100 2916 5154 anima
2961 5101 3126 5166 sicut,
3178 5116 3195 5149 ι
3224 5097 3458 5151 Neome-

1871 5196 1991 5248 nias
2030 5204 2082 5248 et
2115 5193 2353 5248 Salibata
2383 5205 2566 5248 vestra
2601 5193 2774 5247 odivit
2801 5193 2981 5246 anima
3018 5207 3176 5254 mea;
3211 5211 3228 5242 ι
3269 5203 3320 5243 et
3349 5192 3456 5243 ista

1869 5284 2103 5352 exempli
2139 5285 2312 5352 gratia
2359 5284 2506 5337 dicta
2557 5293 2720 5336 ertmt
2759 5293 2816 5336 ut
2849 5282 3174 5350 complctius
3218 5281 3458 5332 idioma-

1872 5382 1985 5427 tum
2038 5376 2178 5428 ratio
2220 5375 2500 5429 reddatur.
2535 5371 2700 5446 (Osee
2741 5390 2856 5440 xix,
2896 5374 2961 5427 14
2986 5374 3091 5444 ﬂ);
3124 5373 3226 5436 lsa,
3265 5387 3301 5437 I,
3343 5372 3453 5440 14.)

2174 5594 2482 5665 Explicatio
2508 5594 2773 5650 dictorum
2800 5597 3140 5652 divisionum.

1942 5731 1992 5796 1,
2030 5730 2079 5783 2.
2126 5729 2279 5796 Quod
2304 5745 2433 5801 ergo
2460 5731 2628 5785 latere
2652 5748 2759 5786 non
2785 5743 2962 5803 potest
2981 5731 3074 5786 Dei
3095 5731 3457 5802 cognitionis,

1872 5821 2060 5878 oculos
2125 5824 2275 5878 novit
2321 5833 2372 5878 ct
2430 5823 2710 5894 palpebras
2778 5832 2832 5881 et
2909 5825 3158 5879 visionem
3206 5838 3444 5888 vocare.
