4144 6448
208 393 319 461 1281
1231 384 1560 448 ISAGOGE
1604 381 1682 443 IN
1719 382 1824 442 SS.
1856 376 2370 443 'SCRIPTURAS.
2668 388 2673 391 ’
3287 378 3423 446 1282

204 509 305 581 λὴν.
343 506 546 573 λήθην
602 504 898 576 ὀνομάζει·
939 501 1015 568 ὡς
1064 502 1145 567 τὸ,
1186 519 1203 555 t
1244 500 1615 571 Ἐπιλανθάνῃ
1654 498 1751 572 τῆς
1780 507 1824 565 Α

1786 507 1824 565 Α
1853 514 1971 553 nem
2027 496 2316 561 nominat,
2374 494 2517 551 sicut
2557 512 2568 549 :
2611 511 2629 546 ι
2660 492 3015 550 Oblivisceris
3064 493 3260 564 inopiae
3329 509 3422 553 no-

202 599 466 670 πτωχείας
496 595 682 669 ἡμῶν.
712 616 749 664 ι⁴

1856 599 2001 644 strze.
2041 607 2060 640 ›
2100 587 2273 657 (Psal.
2306 602 2465 652 mn,
2494 585 2608 657 24.)

266 686 340 739 ιδ’.
385 686 495 755 Τὴν
542 685 641 756 τῆς
679 684 997 755 προθέσεως
1025 684 1105 747 είς
1135 682 1296 754 ἔργον
1324 683 1573 745 ἔκϐασιν,
1604 683 1758 746 πλη-

1926 683 2014 737 14.
2056 681 2284 737 Consilii
2338 680 2746 736 exsecutionem
2797 681 2851 734 in
2904 696 3076 750 opus,
3137 680 3424 750 perfectam

200 780 473 847 ροφορίαν
499 778 597 849 τῆς
624 776 719 831 τοῦ
752 777 889 831 Θεοῦ
920 777 1196 848 γνώσεως
1225 777 1512 838 ἀποκαλεῖ,
1539 775 1613 837 ὡς
1652 771 1756 845 [τὸ]

1858 774 1955 829 Dei
1979 776 2333 845 cognitionem
2360 784 2538 840 vocat,
2571 782 2830 842 tanquam
2869 790 2991 843 qua:
3015 788 3180 844 opera
3204 790 3233 829 ι
3267 776 3424 830 nobis

203 872 322 941 παρ’
350 872 487 940 ἡμῖν
519 870 943 939 ἀξιοπιστότερα
971 869 1083 921 τῶν
1126 867 1305 935 λόγων
1331 866 1401 919 τά
1427 866 1757 936 πράγματα,

1857 868 2055 922 melius
2096 869 2276 922 verbis
2316 867 2438 922 ﬁdei
2473 866 2873 931 convenientia,
2922 870 3086 933 sicut,
3135 887 3154 920 ι
3184 866 3425 923 Descen—

201 964 271 1024 ὡς
294 964 371 1027 τὸ,
409 980 427 1013 t
452 963 712 1025 Καταϐἀς
740 958 833 1016 οῦν
869 962 1098 1032 ὄψομαι·
1125 960 1175 1013 εί
1207 960 1350 1012 κατά
1380 956 1481 1027 τὴν
1506 955 1758 1027 κραυγὴν

1854 960 1981 1013 ‘dam
2029 968 2083 1013 et
2112 958 2304 1013 videbo
2350 966 2531 1013 utrum
2566 959 2866 1014 clamorem
2916 960 3007 1028 qui
3043 959 3189 1012 venit
3230 960 3295 1013 ad
3343 973 3428 1013 me

202 1054 368 1105 αὐτῶν
390 1052 487 1123 τὴν
529 1054 831 1124 ἐρχομένην
877 1052 1015 1123 πρός
1057 1068 1123 1122 με
1160 1048 1570 1103 συντελοῦνται·
1614 1047 1664 1099 εί
1704 1045 1761 1098 δὲ

1858 1063 2023 1118 opere
2056 1048 2467 1118 compleverint,
2496 1063 2563 1102 an
2598 1062 2709 1103 non
2733 1057 2819 1105 est
2849 1049 2943 1114 ita,
2977 1057 3037 1103 ut
3064 1049 3267 1115 sciam;
3297 1069 3317 1102 ι
3352 1061 3424 1116 et,

205 1143 294 1214 μὴ,
316 1144 402 1196 ἵνα
432 1142 545 1211 γνῶ
563 1153 578 1169 ⁸
612 1161 631 1195 ι
660 1142 754 1196 καὶ
783 1143 867 1206 τὸ,
902 1160 921 1194 t
958 1140 1073 1195 Νῦν
1096 1141 1270 1209 ἔγνων
1296 1140 1379 1192 ὅτι
1403 1138 1543 1209 φοϐῇ
1576 1138 1642 1190 σὺ
1670 1135 1761 1188 τὸν

1866 1158 1885 1191 t
1919 1138 2075 1195 Nunc
2109 1140 2338 1210 cognovi
2382 1139 2530 1209 quod
2581 1141 2743 1196 times
2793 1138 2984 1196 Deum.
3016 1159 3036 1192 ι
3076 1138 3227 1210 (Cen.
3272 1156 3425 1206 svnt,

201 1233 345 1286 Θεόν.
390 1252 409 1284 ι

1858 1229 1923 1284 21
1953 1248 1968 1293 ;
2000 1247 2137 1294 xxtt,
2173 1231 2285 1299 12.)

269 1330 347 1379 ιε’.
385 1323 457 1377 Τὸ
488 1324 731 1394 ἄφυκτον
766 1324 862 1378 τοῦ
913 1323 1051 1378 Θεοῦ
1081 1323 1259 1395 δίκης,
1290 1320 1547 1392 ἐρευνᾶν
1575 1320 1758 1374 καλεῖ·

1939 1322 2024 1375 l5.
2084 1320 2241 1389 Quod
2292 1324 2454 1378 vitari
2508 1324 2601 1379 Dei
2630 1323 2845 1393 iustitia
2889 1334 3142 1394 nequeat,
3197 1326 3429 1380 scrutari

202 1416 273 1480 ὡς
302 1417 379 1482 τὸ,
410 1435 428 1468 ι
453 1418 564 1470 Καὶ
597 1416 748 1470 ἐσται
780 1418 838 1470 ἐν
867 1419 933 1486 τῇ
964 1417 1149 1487 ἡμέρᾳ
1184 1414 1390 1486 ἐκείνῃ,
1420 1412 1764 1484 ἐξερευνήσω

1860 1424 2041 1480 vocat,
2085 1414 2247 1479 sicut,
2291 1433 2309 1466 ι
2338 1414 2404 1469 Et
2447 1415 2552 1470 erit
2597 1416 2651 1469 in
2698 1424 2941 1485 tempore
2981 1417 3072 1469 illo
3097 1456 3112 1478 ,
3144 1418 3430 1473 scrutabor

201 1509 295 1577 τὴν
331 1507 693 1579 Ἰερουσαλὴμ
719 1509 858 1578 μετά
880 1506 1130 1578 λύχνου.»
1159 1506 1260 1577 Εῖη
1283 1505 1327 1558 δ’
1353 1506 1419 1559 ἂν
1448 1504 1619 1559 ταῦτα
1656 1503 1763 1557 ἀπὸ

1861 1502 2161 1559 Jerusalem
2198 1505 2252 1558 in
2297 1505 2562 1560 lucernis.
2596 1525 2617 1558 ι
2661 1506 2784 1560 Sint
2826 1507 2943 1561 haec
2972 1507 3039 1561 de
3079 1507 3427 1577 passionibus

203 1597 387 1650 παθῶν
416 1596 690 1667 ψυχικῶν.

1864 1594 2264 1664 spiritualibus.
2288 1592 2473 1664 (Soph.
2495 1612 2534 1661 ι,
2570 1596 2680 1663 12.)

273 1694 365 1752 ις’.
403 1688 513 1751 Τὴν
547 1687 647 1756 τῆς
675 1687 820 1743 κατά
847 1688 956 1741 τῶν
996 1686 1205 1758 ἐχθρῶν
1230 1686 1308 1759 (5)
1350 1687 1518 1741 αὑτοῦ
1548 1688 1764 1758 ἀμύνης

1936 1684 2023 1738 16.
2068 1684 2242 1753 Ipsius
2291 1684 2344 1738 in
2392 1686 2629 1740 vindicta
2677 1696 2865 1740 contra
2900 1687 3085 1742 hostes
3124 1689 3429 1743 cunctatio-

203 1778 514 1847 ὑπέρθεσιν,
537 1780 635 1849 τήν
656 1796 715 1832 τε
747 1786 885 1851 πρὸς
906 1779 1033 1842 τοὺς
1056 1779 1292 1844 οἰκείους
1317 1779 1610 1850 ἐπίκουρον
1641 1778 1766 1850 βρα-
1796 1846 1830 1851 _

1797 1846 1830 1851 _
1867 1788 2025 1840 nem,
2078 1774 2134 1828 in
2188 1774 2520 1829 auxiliandis
2567 1777 2742 1831 servis
2790 1790 3043 1841 moram,
3088 1793 3328 1831 cantuum
3377 1789 3433 1834 et

201 1846 429 1939 δυτῆτα,
480 1846 832 1941 νυάταγμὸν
878 1870 975 1924 καὶ
1021 1870 1221 1925 ὕπνον
1263 1874 1360 1925 καὶ
1400 1846 1767 1940 καρὴϐαρίαν
1796 1846 1837 1900 Β

1800 1846 1838 1900 Β
1867 1881 2127 1935 soporant,
2154 1875 2209 1921 et
2235 1867 2427 1935 capitis
2455 1866 2788 1935 gravedinem
2833 1875 3028 1931 vocat;
3060 1867 3238 1931 sicut,
3277 1884 3296 1918 ι
3324 1867 3436 1923 Ex-

204 1960 490 2013 ἀποκαλεῖ·
515 1960 590 2024 ὡς
627 1958 709 2028 τὸ,
747 1980 764 2013 t
793 1961 1169 2031 Ἐξεγέρθητι,
1204 1962 1290 2016 ἴνα
1322 1962 1375 2015 τί
1415 1964 1626 2024 ὑπνοΐς,
1656 1960 1769 2015 Κύ-

1868 1970 2051 2025 surge,
2087 1971 2256 2025 quare
2288 1956 2591 2017 obdormis,
2646 1955 2907 2011 Domine?
2935 1975 2954 2008 ι
3000 1966 3074 2020 et,
3112 1976 3130 2007 ι
3158 1955 3274 2011 Νοη
3308 1957 3436 2011 dor-

207 2068 318 2120 ριε;
352 2071 371 2104 ι
410 2053 524 2117 καὶ,
556 2071 574 2104 t
603 2054 677 2105 Οὐ
719 2051 795 2123 μὴ
851 2052 1091 2124 νυστάξῃ
1141 2046 1267 2107 οὐδὲ
1322 2054 1547 2124 ὑπνώσῃ
1589 2056 1617 2108 ὁ
1663 2071 1767 2121 φυ-

1867 2047 2081 2101 mitabit
2129 2062 2303 2117 neque
2353 2048 2592 2103 dormiet
2618 2048 2714 2117 qui
2760 2047 3000 2104 custodit
3028 2047 3214 2103 Israel.
3247 2067 3265 2100 ο
3317 2045 3438 2103 Sint

205 2142 412 2196 λάσσων
442 2144 531 2197 τὴν
554 2143 797 2215 Ἰσραήλ.
837 2162 857 2195 ι
893 2144 995 2215 Εῐη
1037 2144 1083 2198 δ’
1121 2144 1187 2198 ἂν
1220 2143 1396 2199 ταῦτα
1439 2145 1547 2199 ἀπὸ
1578 2144 1769 2199 παθῶν

1870 2140 1985 2193 haec
2034 2140 2102 2194 de
2158 2140 2507 2209 passionibus
2558 2139 2960 2215 corporalibus.
3017 2138 3208 2208 (Psal.
3266 2155 3433 2207 ut",

207 2236 555 2303 σωματικῶν.
1867 2230 1969 2295 25;
2006 2244 2134 2293 cxx,
2165 2231 2218 2285 4.
2243 2229 2260 2293 )

276 2329 359 2392 ιζ’.
395 2329 507 2399 Τὴν
532 2328 876 2400 καταθύμιον
903 2328 981 2400 τῷ
1005 2327 1125 2398 Θεῷ
1151 2327 1428 2381 πολιτείαν
1449 2327 1607 2398 ἡμῶν
1628 2327 1770 2397 ἁγά-

1942 2319 2028 2372 Η.
2070 2318 2292 2374 Oratam
2326 2317 2438 2374 Deo
2464 2320 2656 2391 agendi
2686 2321 2951 2376 rationem
2977 2321 3177 2384 nostri,
3204 2337 3435 2377 amorem

207 2437 327 2489 πην
360 2421 528 2474 αὐτοῦ
564 2421 709 2489 μάλα
738 2438 802 2488 γε
830 2420 1061 2484 εἰκότως
1099 2417 1383 2490 ὀνομάζει.

1175 2417 1383 2490 >μάξειη
1869 2410 1990 2481 ejus
2017 2411 2178 2464 valde
2213 2412 2602 2466 convenienter
2631 2421 2811 2467 vocat.

280 2514 368 2583 ιη’.
408 2515 580 2577 Μῖσος
613 2512 690 2579 δέ,
731 2511 791 2566 τὸ
821 2511 919 2583 τὴν
959 2509 1209 2565 ἐναντίαν
1230 2511 1328 2582 τῆς
1348 2508 1512 2565 αὑτοῦ
1537 2505 1776 2579 βαδίζειν

1945 2504 2032 2560 l8.
2074 2501 2272 2558 Odium
2318 2503 2459 2573 ejus,
2490 2507 2825 2560 contrarium
2869 2503 2990 2575 ejus
3025 2504 3324 2562 voluntatis
3357 2508 3441 2561 in-

212 2605 536 2674 βουλήσεως.

445 2621 536 2667 ως.
1871 2593 2081 2649 cedere.

281 2695 362 2750 ιϐ’.
397 2696 507 2751 Καὶ
539 2693 746 2762 ζῆλον,
774 2693 838 2747 τὸ
856 2694 983 2756 τοὺς
1007 2691 1243 2755 οἰκείους
1261 2691 1524 2763 τιμωρεῖν
1543 2706 1557 2721 ·
1587 2690 1664 2753 ὡς
1689 2688 1771 2754 τὸ,

1944 2685 2031 2740 19.
2077 2685 2140 2739 Et
2191 2685 2383 2747 zelum,
2441 2700 2627 2740 servos
2671 2685 2895 2765 punire,
2942 2685 3123 2752 sicut,
3173 2704 3192 2738 ι
3224 2684 3444 2742 Zelatus

216 2805 233 2836 ι
263 2786 534 2855 Ἐζήλωσε
564 2784 769 2855 Κύριος
797 2783 896 2855 τὴν
915 2782 1022 2854 γῆν
1050 2781 1241 2836 αὐτοῦ.
1276 2803 1295 2835 ι
1319 2781 1419 2853 Εῑη
1448 2781 1494 2835 δ’
1517 2781 1582 2835 ἂν
1605 2779 1775 2833 ταῦτα

1873 2785 1955 2831 est
1988 2776 2245 2830 Dominus
2282 2784 2481 2831 terram
2521 2777 2661 2846 ejus.
2693 2795 2711 2829 ι
2747 2776 2872 2832 Sint
2902 2777 3017 2833 haec
3042 2778 3109 2833 de
3137 2777 3441 2836 alfectibus.

210 2878 319 2931 ἀπὸ
350 2854 666 2929 διαθέσεων.
856 2854 859 2855 ⁷
1877 2866 2017 2937 (loc!
2067 2882 2131 2931 η,
2160 2866 2273 2936 18.)
3201 2854 3206 2860 '

280 2977 345 3024 κ’.
393 2970 435 3021 Τ
439 2970 503 3039 ὴν
536 2968 634 3038 τῆς
669 2963 1040 3038 Ἰερουσαλὴμ·
1065 2966 1159 3020 καὶ
1194 2965 1294 3037 τὴν
1335 2967 1432 3034 τῆς
1462 2964 1778 3036 Σαμαρείας

1945 2957 2036 3013 20.
2076 2958 2383 3031 Jerusalem
2408 2966 2461 3039 et
2487 2956 2747 3012 Samaria
2774 2972 2903 3028 erga
2928 2957 3096 3013 Deum
3125 2958 3444 3025 amicitiam,

212 3062 345 3131 πρὸς
362 3034 606 3113 τὸν-Θεὸν
622 3034 919 3124 οίκείωσιν,
944 3034 1282 3127 μνηστείαν
1301 3056 1409 3110 τοῦ
1429 3034 1577 3110 Θεοῦ
1598 3034 1774 3123 καλεῖ,

1878 3048 2154 3117 sponsalia
2186 3047 2277 3102 Dei
2312 3034 2486 3112 vocat,
2519 3050 2571 3102 in
2605 3046 2870 3102 feminina
2898 3049 3275 3103 enuntiatione
3291 3049 3447 3119 juxta

209 3154 297 3206 διὰ
329 3152 388 3205 τδ
425 3150 679 3221 θηλυκῶς
723 3150 865 3203 κατά
907 3149 1261 3219 μετωνυμίαν
1288 3147 1398 3201 ἀπὸ
1429 3149 1538 3200 τῶν
1569 3148 1779 3201 πόλεων
1806 3172 1845 3227 ρ

1811 3172 1849 3227 α
1881 3139 2119 3195 nominis
2162 3139 2467 3208 analogiam
2512 3155 2636 3194 cum
2685 3139 2905 3199 urbium
2951 3140 3353 3195 habitatoribus
3380 3156 3447 3195 ex

210 3244 337 3306 τοὺς
376 3243 670 3312 οἰκήτορας
703 3239 1025 3309 ὀνομάζειν,
1085 3241 1150 3293 ἐκ
1182 3240 1498 3309 μεταφορᾶς
1547 3238 1654 3290 τῶν
1686 3255 1782 3305 γυ-

1882 3229 2173 3283 mulicrum
2230 3230 2573 3299 metaphora,
2620 3230 2785 3294 sicut,
2834 3248 2854 3282 ι
2891 3228 3181 3301 Sponsabo
3224 3240 3278 3287 te
3312 3231 3448 3286 mihi

214 3330 448 3384 ναικῶν·
485 3329 561 3391 ὡς
583 3329 664 3394 τὸ,
706 3346 725 3380 t
757 3326 1188 3399 Μνηστεύσομαί
1229 3343 1288 3380 σε
1313 3325 1539 3398 ἐμαυτῷ
1577 3328 1657 3388 είς
1689 3326 1781 3378 τὸν

1245 3343 1288 3380 τε
1313 3325 1539 3398 ἐμαυτῷ
1577 3328 1657 3388 εἰς
1689 3326 1781 3378 τὸν
1882 3319 1938 3375 in
1968 3320 2381 3392 sempiternum.
2420 3341 2437 3372 ι
2477 3321 2633 3391 (Osee
2666 3338 2731 3389 ιι,
2769 3320 2881 3394 19.)

216 3422 411 3475 αἰῶνα.
445 3440 463 3473 ι

284 3540 389 3587 κα’.
417 3534 630 3602 Ὥσπερ
676 3531 770 3584 κα)⁵
813 3530 913 3602 τὴν
965 3530 1104 3601 πρὸς
1146 3530 1216 3583 τά
1264 3529 1460 3583 εἴδωλα
1508 3529 1784 3583 οἱκείωσιν

1948 3518 2039 3572 21.
2095 3517 2248 3572 Sicut
2310 3525 2364 3572 et
2409 3532 2534 3588 erga
2572 3518 2719 3573 idola
2777 3518 3069 3573 servitium
3127 3517 3449 3575 adulterium

211 3624 490 3694 μοιχείαν
518 3623 811 3677 ἀποκαλεῖ·
849 3622 916 3676 δι’
959 3622 1027 3693 ἢν
1068 3623 1163 3676 καὶ
1208 3621 1414 3692 βιϐλίον
1451 3622 1784 3676 ἀποστασίου

1884 3619 2042 3663 vocat
2075 3623 2169 3677 per
2202 3610 2346 3677 quod
2387 3621 2439 3663 et
2474 3609 2716 3664 libellum
2752 3609 2963 3679 repudii
3002 3609 3055 3663 in
3087 3625 3282 3666 manus
3312 3613 3454 3667 acci-

216 3720 297 3780 et;
325 3718 426 3778 τὰς
453 3719 645 3785 χεῖρας
672 3714 942 3783 λαμϐάνει
976 3714 1359 3785 Ἰερουσαλήμ.

679 3714 942 3783 λαμϐάνει
976 3714 1359 3785 Ἰερουσαλήμ.
1884 3701 1961 3773 Ρίι
1988 3696 2315 3755 Jerusalem.

289 3828 393 3898 κβ’.
433 3828 602 3880 Οὐδὲν
631 3821 795 3897 ἦττον
827 3827 919 3879 καὶ
955 3828 1023 3895 τῇ
1052 3825 1146 3879 τοῦ
1190 3825 1404 3897 Πατρδς
1439 3825 1787 3896 προσηγορίᾳ

1953 3815 2045 3868 22.
2085 3812 2195 3867 Nec
2239 3812 2420 3866 minus
2463 3821 2517 3865 et
2564 3811 2616 3865 in
2664 3812 3008 3869 invocatione
3055 3815 3234 3872 Patris
3279 3818 3455 3871 bono—

214 3920 278 3971 τὸ
313 3919 449 3988 πρὸς
484 3918 685 3980 αὐτοὺς
722 3916 815 3970 τοῦ
857 3915 993 3968 Θεοῦ
1050 3914 1211 3979 κῦδος
1262 3914 1541 3985 ἐμφαίνει,
1579 3915 1673 3967 καὶ
1719 3918 1784 3985 τῇ

1887 3918 2003 3960 rem
2054 3902 2148 3959 Dei
2197 3901 2263 3957 ad
2312 3901 2460 3977 ipsos
2510 3902 2862 3971 manifestat,
2914 3915 2968 3959 et
3006 3908 3059 3960 in
3110 3906 3455 3963 invocatione

219 4008 312 4062 τοῦ
347 4008 721 4079 Ιιρωτοτόκου.
756 4008 858 4076 Εῖη
902 4006 947 4060 δ’
1002 4007 1069 4061 ἀν
1101 4005 1275 4061 ταῦτα
1320 4007 1428 4059 ἀπὸ
1479 4007 1674 4058 κοινῶν
1702 4006 1788 4058 δο-

1570 4007 1674 4058 νῶν
1702 4006 1788 4058 δο-
1889 3996 2270 4067 Primogeniti;
2313 3996 2423 4051 sint
2455 3994 2569 4050 haec
2599 3996 2667 4050 de
2701 3997 2979 4050 communi
3012 3995 3206 4067 gloria.

218 4099 348 4164 ξῶν.

289 4215 398 4278 κγ’.
437 4210 510 4263 Τὸ
534 4211 734 4279 κράτος
756 4209 851 4263 καὶ
876 4209 974 4278 τὴν
997 4208 1156 4274 δίκην
1178 4207 1272 4261 τοῦ
1289 4207 1429 4261 Θεοῦ
1453 4207 1694 4262 κάθεσιν
1711 4208 1786 4279 (1)

1960 4217 2049 4271 25.
2092 4214 2395 4270 Potentiam
2441 4224 2495 4270 et
2538 4215 2804 4286 justitiam
2851 4217 2945 4273 Dei
2994 4221 3275 4276 sessionem
3336 4226 3457 4294 ejus

214 4298 385 4352 αὑτοῦ
422 4300 514 4353 καὶ
541 4299 757 4365 θρόνον
788 4297 1065 4367 ὀνομάζει,
1096 4298 1204 4349 ἀπὸ
1228 4299 1320 4350 τοῦ
1348 4298 1477 4369 παρ’
1503 4302 1636 4368 ἡμῖν
1664 4301 1791 4362 τοὺς

1891 4317 1945 4361 et
1976 4308 2217 4361 thronum
2268 4319 2458 4370 vocat.
2509 4324 2574 4362 ex
2626 4323 2690 4363 eo
2741 4310 2886 4378 quod
2941 4314 3083 4380 apud
3130 4331 3231 4369 nos
3271 4317 3322 4370 hi
3364 4324 3454 4387 qui

217 4392 320 4460 τὴν
354 4390 447 4444 τοῦ
483 4391 692 4460 κρίνειν
727 4406 786 4442 τε
829 4388 926 4442 καὶ
969 4389 1219 4463 κολάζειν
1272 4388 1493 4458 ἔχοντας
1521 4390 1789 4456 ἐξουσίαν,

1888 4398 2169 4468 judicandi
2207 4407 2263 4453 et
2299 4397 2557 4467 puniendi
2584 4398 2708 4466 jure
2745 4398 2999 4453 fruuntur
3040 4417 3206 4471 super
3233 4406 3459 4459 thronos

217 4485 316 4537 ἐπὶ
348 4482 551 4553 θρόνων
582 4481 930 4552 καθημένους
960 4480 1233 4533 ποιεῖσθαι
1267 4481 1368 4551 τὴν
1393 4480 1644 4545 ἐξέτασιν
1666 4498 1681 4513 ·
1716 4482 1793 4545 ὡς
1825 4514 1853 4566 ί

1825 4514 1868 4566 ι)
1897 4490 2149 4545 sedentes
2170 4490 2262 4557 jus
2287 4500 2601 4552 exerceant,
2637 4489 2797 4556 sicut,
2843 4510 2861 4542 ι
2892 4489 3091 4547 Sedisti
3124 4509 3286 4560 super
3311 4498 3460 4549 thro—

219 4576 302 4639 τὸ,
348 4594 363 4625 t
391 4574 687 4636 Ἐκάθισας
722 4573 814 4625 ἐπὶ
843 4572 1033 4643 θρόνου
1062 4574 1089 4625 ό
1123 4571 1325 4642 κρίνων
1353 4572 1701 4642 δικαιοσύνην
1722 4590 1736 4606 ·
1769 4592 1788 4625 ι

1896 4595 2025 4634 num
2086 4579 2180 4649 qui
2225 4578 2443 4649 judicas
2485 4580 2794 4648 justitiam;
2826 4600 2845 4631 ι
2905 4592 2993 4647 et,
3053 4602 3071 4634 ι
3106 4582 3249 4639 Deus
3310 4589 3461 4640 sedtt

217 4667 342 4730 καὶ,
387 4685 405 4714 α
441 4666 500 4718 Ὀ
538 4665 670 4727 Θεὸς
706 4662 940 4727 κάθηται
980 4663 1072 4716 ἐπὶ
1117 4662 1305 4733 θρόνου
1347 4663 1506 4729 ἀγίου
1539 4663 1704 4716 αὑτοῦ
1726 4680 1740 4694 ·
1776 4668 1794 4716 i

1894 4684 2058 4739 super
2106 4669 2288 4722 sedem
2346 4678 2591 4722 sanctam
2644 4683 2835 4735 suam;
2870 4688 2887 4719 ι
2944 4681 3020 4735 et,
3077 4689 3095 4721 ι
3129 4672 3295 4728 Sedes
3348 4686 3458 4738 tua,

220 4759 345 4828 καὶ,
384 4777 400 4806 ι
450 4757 507 4810 'O
543 4756 732 4827 θρόνος
764 4773 893 4818 σου,
945 4757 973 4807 ό
1028 4754 1160 4818 Θεὸς
1183 4795 1198 4819 ,
1229 4756 1309 4818 είς
1356 4755 1449 4808 τὸν
1495 4754 1671 4809 αἰῶνα
1701 4755 1797 4809 τοῦ

1896 4760 2058 4822 Deus,
2099 4759 2153 4812 in
2192 4759 2451 4813 saeculum
2483 4760 2702 4825 saeculi;
2736 4779 2754 4811 ι
2791 4767 2867 4824 et,
2909 4779 2925 4811 ι
2958 4760 3060 4828 Qui
3101 4763 3261 4819 sedes
3301 4780 3465 4834 super

220 4850 462 4919 αἰῶνος·
500 4867 519 4900 ι
552 4848 668 4909 καὶ,
710 4867 727 4900 t
762 4847 819 4900 '0
838 4846 1156 4916 καθήμενος
1187 4849 1281 4901 ἐπὶ
1320 4846 1430 4902 τῶν
1456 4848 1743 4919 χερουϐξμ.
1781 4868 1799 4900 ι

1894 4849 2211 4915 Cherubim,
2246 4870 2265 4902 ι
2302 4850 2414 4904 sint
2446 4850 2559 4905 lurc
2583 4851 2649 4905 de
2677 4851 3049 4921 dignitatibus.
3081 4851 3254 4924 (Psal.
3285 4871 3359 4920 ιι,
3387 4856 3456 4921 5;

229 4941 331 5011 Εἴη
373 4941 417 4994 δ’
448 4930 522 4995 ἀν’
541 4940 711 4994 ταῦτα
740 4941 850 4994 ἀπὸ
879 4939 1231 5008 ἀξιωμάτων.

1117 4957 1231 4994 ιων.
1896 4960 2040 5007 vat,
2065 4947 2137 5009 9;
2176 4958 2320 5009 xuv,
2353 4941 2415 5008 8;
2456 4957 2641 5007 Lxxtx,
2671 4942 2753 5013 2.)

297 5056 401 5109 κδ’.
442 5056 553 5123 Τὴν
579 5052 973 5126 δημιουργικὴν
999 5052 1163 5105 αὐτοῦ
1194 5054 1505 5122 ἐνέργειαν,
1530 5054 1659 5106 ποτὲ
1694 5054 1793 5123 μὲν

1967 5057 2058 5110 24.
2100 5056 2428 5111 Creatricem
2471 5053 2592 5123 ejus
2635 5056 2939 5124 energinm,
2985 5059 3100 5111 sive
3132 5074 3226 5127 per
3258 5061 3465 5127 jussio-

183 5128 319 5200 ’διὰ
377 5146 825 5216 προστάγματος,
857 5146 933 5208 ὡς
978 5145 1072 5196 ἐπὶ
1116 5145 1223 5196 τῶν
1257 5144 1497 5197 λοιπῶν·
1561 5146 1693 5197 ποτέ
1738 5146 1796 5199 δὲ

1903 5163 2026 5201 nem
2057 5147 2199 5201 sicut
2224 5147 2291 5201 de
2314 5146 2564 5215 reliquis,
2597 5146 2711 5199 sive
2741 5162 2836 5215 per
2860 5147 3032 5216 ipsam
3069 5151 3465 5217 Operationem,

219 5240 295 5291 δι’
329 5236 681 5307 αὐτουργίας,
712 5234 902 5306 ῶσπερ
928 5235 1012 5303 ἐφ’
1039 5234 1196 5306 ἡμῶν
1227 5236 1527 5305 παρίστησι
1569 5236 1662 5289 καὶ
1695 5236 1799 5300 ζω-

1907 5241 2053 5296 sicut
2082 5256 2180 5310 pro
2222 5239 2377 5292 nobis
2407 5237 2698 5306 exprimit;
2730 5247 2783 5290 et
2807 5238 3114 5293 describere
3141 5238 3466 5307 Jerusalem,

220 5334 469 5401 γραφεῖν
515 5330 614 5400 τὴν
653 5328 1040 5401 Ἰερουσαλὴμ,
1082 5330 1178 5383 καὶ
1223 5328 1481 5399 φράττειν
1520 5328 1618 5400 τὴν
1661 5329 1799 5394 ὁδὸν,

1856 5346 1857 5349 ‘
1909 5338 1963 5382 ct
2002 5326 2344 5383 circumdare
2392 5327 2557 5393 viam,
2587 5337 2640 5381 et
2685 5328 2937 5397 laqueum
2984 5338 3205 5400 rethue
3251 5334 3317 5387 ad
3345 5350 3470 5403 per-

1379 5443 1608 5499 DAVID.
1656 5435 2049 5502 uossanLu
2091 5446 2324 5502 Nona.

308 5543 388 5607 (5)
435 5539 609 5611 Verba
663 5541 715 5594 in
768 5556 900 5596 mss.
952 5541 1321 5610 transposita,
1371 5539 1471 5609 τὴν
1518 5539 1658 5593 κατά
1707 5544 1806 5611 τῆς
1914 5543 1967 5595 in
2029 5542 2295 5597 Adamum
2354 5538 2625 5595 hostiliter
2692 5540 2948 5611 impetum
3006 5541 3133 5611 fecit
3185 5559 3198 5594 :
3254 5543 3348 5598 sed
3403 5560 3467 5599 ex

219 5612 347 5667 ’τῶν
382 5610 657 5681 ἐχθρῶνη
808 5680 815 5681 7
1032 5679 1040 5681 Ξ
1113 5609 1118 5610 ⁷
1362 5678 1408 5681 Η
1761 5609 1768 5611 ⁷

1912 5612 2050 5667 Gen.
2087 5630 2233 5673 ιιις.
2265 5611 2353 5669 17,
2390 5611 2496 5681 leg.
2536 5609 2769 5681 ἐγενήθη
2806 5611 2917 5679 (sic
2948 5620 3001 5665 ct
3032 5610 3334 5681 Procopius
3366 5631 3468 5667 ms.

312 5682 392 5755 (ᾗ)
416 5678 538 5733 rm
568 5680 782 5755 κάθισιν
807 5680 1003 5755 legitur
1030 5679 1250 5755 in_mss.
1281 5678 1622 5755 καθίστησιν.
1909 5696 1948 5735 al

1909 5692 1969 5755 at
2001 5681 2245 5755 Romana
2273 5678 2464 5755 editio,
2500 5689 2553 5734 ct
2586 5678 2831 5750 quretlant
2876 5681 3026 5745 alite,
3060 5678 3365 5753 γενηθήτω)
3396 5683 3471 5755 τῷ

312 5751 448 5803 Mira
498 5750 784 5821 utriusque
836 5751 1040 5803 codicis
1082 5750 1428 5821 depravatio,
1458 5765 1549 5821 fex
1602 5764 1798 5821 sensus
1908 5757 1942 5804 A

836 5751 1040 5803 codicis
1082 5750 1428 5821 depravatio,
1458 5765 1549 5821 fex
1602 5764 1798 5821 sensus
1908 5752 2012 5804 Aitv
2045 5753 2166 5821 ὄφις
2204 5750 2285 5819 ἐφ’
2320 5750 2460 5803 ὀδοῦ.

230 5820 727 5877 verisimilitudine
772 5831 891 5873 orta
927 5836 939 5873 :
980 5835 1101 5874 nam
1137 5834 1363 5889 serpens
1414 5820 1503 5873 illc
1536 5820 1797 5890 antiquus
