4144 6448
196 405 324 468 1285

259 524 322 570 ε’.
359 515 431 568 Τὸ
463 513 586 569 κατ’
631 513 1026 583 ἀνταπόκρισιν
1058 511 1189 585 περὶ
1236 513 1322 567 τοῦ
1355 517 1556 580 παντὸς
1602 513 1757 580 λαοῦ,
1788 523 1833 577 Α

189 610 285 678 τὴν
318 606 502 674 κοινὴν
543 604 851 674 εὐπραγίαν
881 603 1166 673 σημαίνει·
1202 604 1278 667 ὡς
1306 606 1386 656 τό·
1427 625 1445 657 ι
1465 602 1535 659 Ὦ
1561 606 1753 677 Κύριε,

194 701 362 752 σῶσον
414 697 503 766 δὴ,
532 690 578 750 ὧ
623 694 818 766 Κύριε,
876 695 1140 749 εὐὸδωσον
1186 696 1279 766 δή·
1326 698 1689 768 εὐλογημένος
1727 697 1756 749 ό

193 791 484 861 ἐρχόμενος
517 789 575 841 ὲν
612 788 838 859 ὀνόματι
871 788 1103 858 Κυρίου.
1141 807 1159 839 ι
1192 789 1280 851 Ὠς
1302 789 1534 842 ἑκάστου
1563 789 1670 842 τῶν
1695 790 1758 842 ὲκ

190 881 281 933 τοῦ
318 879 450 934 λαοῦ
485 880 768 948 λέγοντος·
800 874 844 948 ᾧ
885 881 1250 934 ἑπισυνάπτει
1294 881 1387 934 καὶ
1433 881 1513 948 τὸ,
1549 899 1567 932 ι
1589 881 1756 934 Εὐλο-

188 975 443 1044 γήκαμεν
469 973 610 1042 ὑμᾶς
638 971 698 1037 ἐξ
729 972 880 1025 οῐκου
910 973 1141 1044 Κυρίου.
1173 990 1191 1023 ι

261 1143 336 1207 ς’.
371 1143 445 1195 Τὸ
487 1145 561 1214 μὴ
591 1145 686 1196 ἐπὶ
725 1145 892 1198 τόπου
930 1145 1094 1215 μόνον
1121 1145 1182 1198 τὸ
1229 1146 1362 1200 ἐκεῖ
1383 1146 1588 1216 λέγειν,
1623 1147 1760 1203 ἀλλὰ

191 1233 286 1289 καὶ
316 1234 410 1288 ἐπὶ
433 1236 716 1306 πράξεων·
748 1237 823 1300 ὼς
855 1237 937 1301 τὸ,
974 1257 993 1290 ι
1014 1238 1162 1292 Ἑκεῖ
1189 1239 1304 1302 όδδς
1322 1224 1402 1311 ’ἢν
1431 1241 1590 1306 δείξω
1611 1241 1761 1313 αὑτῷ

190 1326 252 1380 τὸ
280 1327 553 1396 σωτήριόν
594 1344 719 1398 μου,
756 1331 1040 1383 τουτέστιν
1073 1332 1154 1393 εἰς
1203 1331 1300 1401 τὴν
1327 1331 1520 1385 Θυσίαν
1556 1335 1649 1387 ἐπὶ
1680 1351 1761 1386 τι-

196 1415 428 1484 μωρίας·
450 1435 468 1466 ι
503 1415 598 1468 καὶ
622 1416 696 1479 ὡς
727 1417 810 1482 τὸ,
845 1416 1026 1470 «Ἐκεῖ
1055 1417 1253 1472 έπεκον
1276 1421 1476 1484 πάντες
1499 1424 1549 1475 ot
1588 1422 1761 1493 ἐργα-

192 1505 413 1577 ζόμενοι
440 1507 540 1578 τὴν
563 1507 817 1576 ἀνομίαν.
858 1527 877 1560 ι
1281 1557 1285 1562 .

261 1597 327 1662 ζ’.
364 1599 640 1668 Πολλαχοῦ
670 1599 1016 1667 δικαιοσύνην
1057 1600 1118 1653 τὸ
1142 1601 1250 1654 εἴτε
1277 1601 1362 1670 ἐφ’
1394 1603 1586 1656 ἑαυτοῦ
1613 1603 1762 1672 λέγει

191 1691 284 1744 τοῦ
319 1691 630 1763 ἀνθρώπου,
661 1692 735 1764 μὴ
784 1694 884 1765 τὴν
924 1695 990 1748 ὲκ
1027 1695 1121 1747 τοῦ
1159 1695 1277 1764 βίου
1329 1698 1531 1768 ἀρετὴν
1562 1696 1761 1753 ἑαυτοῦ

193 1784 611 1854 μαρτυροῦντα·
638 1787 750 1838 stre
782 1785 846 1855 δὴ
897 1786 993 1838 καὶ
1024 1787 1123 1855 τὴν
1151 1787 1237 1854 ἐφ’
1289 1788 1495 1858 ἑτέρων
1533 1790 1759 1859 ὁμοίως·

1251 404 1576 466 ISAGOGE
1611 404 1691 465 ΙΝ
1734 405 1836 465 SS-
1876 405 2371 468 SCRIPTURAS.

3301 423 3438 488 1286

1933 513 1985 570 5.
2018 515 2303 580 Quoddam
2326 516 2479 585 juxta
2520 531 2844 588 responsum
2893 518 2928 576 'a
2971 535 3172 582 cuncto
3216 535 3436 600 populo,

1859 623 2202 663 communem
2236 609 2645 666 beneﬁcentiam
2681 613 2976 683 signiﬁcat,
3011 618 3181 675 sicut:
3222 639 3239 672 ι
3263 621 3307 676 Ο
3335 624 3440 678 Do-

1860 699 2024 762 mine,
2053 699 2258 753 salvum
2295 698 2396 763 fac,
2433 715 2466 754 ο
2498 701 2750 766 Domine,
2786 705 2927 762 bene
2953 709 3184 778 incede;
3219 713 3439 769 benedi-

1863 797 1986 843 ctus
2029 789 2122 857 qui
2161 789 2310 842 venit
2362 791 2414 843 in
2453 793 2674 846 nomine
2735 791 2974 862 Domini,
3015 819 3034 851 ι
3070 804 3228 871 quasi
3268 820 3438 859 unus-

1860 877 2093 948 quisque
2121 893 2150 934 a
2176 881 2374 950 papulo
2405 881 2633 937 dixerit:
2667 887 2753 940 cui
2776 892 3106 957 superaddit:
3144 914 3162 946 ι
3191 895 3256 950 Et
3274 899 3438 951 liene-

1863 969 2105 1026 diximus
2129 972 2286 1026 vobis
2315 974 2382 1027 de
2409 973 2572 1027 domo
2607 973 2848 1032 Domini.
2890 998 2910 1031 ι
2949 981 3123 1049 (Paul.
3153 999 3320 1052 cxvii,
3344 988 3434 1053 25,

1861 1059 1977 1130 26.)

1933 1151 1986 1206 6.
2016 1151 2135 1208 Non
2178 1155 2353 1210 solum
2403 1157 2470 1211 de
2523 1161 2643 1216 loco
2672 1163 2743 1217 ibi
2774 1166 2974 1234 dicere,
3019 1170 3114 1225 sed
3149 1181 3204 1226 et
3253 1173 3319 1227 de
3349 1189 3440 1229 ac-

1864 1242 2124 1308 tionibus,
2154 1244 2329 1301 sicut:
2360 1267 2377 1298 ι
2411 1248 2528 1304 lllic
2585 1254 2687 1307 iter
2718 1272 2828 1324 quo
2857 1263 3140 1316 ostendam
3186 1264 3265 1318 illi
3293 1268 3439 1321 salu-

1865 1342 1981 1388 tare
2011 1351 2218 1401 meum,
2252 1354 2270 1388 ι
2300 1337 2352 1392 id
2385 1351 2489 1405 cst,
2515 1343 2570 1396 in
2607 1349 2936 1404 sacriﬁcium
2965 1369 2980 1418 ;
3027 1355 3095 1407 de
3141 1370 3295 1423 poena
3333 1373 3434 1412 au-

1867 1432 1993 1488 tem,
2029 1426 2194 1491 sicut,
2224 1447 2242 1480 ι
2285 1428 2364 1483 lbi
2393 1433 2710 1490 ceciderunt
2757 1440 2850 1507 qui
2882 1454 3178 1510 operantur
3229 1447 3435 1518 iniqui-

1864 1524 2054 1572 tatem.
2095 1539 2114 1571 ι
2149 1521 2323 1591 (Ρεαι.
2360 1541 2510 1594 xux,
2545 1527 2650 1594 25;
2688 1545 2849 1598 xxxv,
2885 1535 2997 1605 13.)

1937 1608 1988 1661 7.
2019 1610 2174 1680 δα·ρὲ
2223 1613 2493 1682 justitiam
2531 1623 2644 1675 sive
2681 1623 2748 1679 de
2792 1629 2973 1696 seipso
3013 1632 3143 1687 dicit
3193 1636 3432 1703 homine,

1867 1714 1975 1753 non
2017 1717 2181 1769 quam
2215 1705 2469 1762 virtutem
2515 1726 2545 1765 e
2593 1715 2701 1767 vita
2741 1717 2913 1785 ipsius
2942 1732 3192 1793 testatur,
3225 1729 3336 1785 sive
3367 1749 3432 1786 ex

1866 1791 2099 1846 aliorum
2142 1796 2249 1849 vita
2285 1797 2558 1864 similiter,
2610 1804 2785 1859 sicut:
2856 1825 2875 1858 ι
2931 1791 3432 1886 Εχιιιάίρῡοιιιίιρ,

191 1875 267 1938 ὡς
294 1876 375 1941 τὸ,
415 1896 432 1928 ι
458 1877 815 1941 Είσάκουσον,
857 1877 1050 1947 Κύριε,
1092 1877 1443 1950 δικαιοσύνην
1489 1882 1757 1950 μου·ικα“ι

1863 1881 2126 1944 iustitiam
2158 1901 2356 1952 meam,
2396 1907 2414 1938 ι
2450 1899 2505 1943 et
2536 1907 2900 1964 quacumque
2945 1902 3107 1968 talia;
3133 1909 3289 1973 quasi
3319 1875 3436 1978 ipso

190 1969 292 2021 ὅσα
345 1969 600 2021 τοιαῦτα·
649 1966 726 2030 ὼς
777 1967 1143 2032 ἀπολαύοντος
1194 1970 1417 2033 δικαίως
1461 1973 1558 2042 τῆς
1607 1972 1758 2042 παρὰ

1865 1974 1936 2029 ob
1983 1975 2253 2042 justitiam
2298 1977 2514 2035 fruente
2573 1986 2779 2040 auxilio
2833 2004 2862 2043 a
2918 1989 3047 2058 Deo,
3084 1966 3179 2049 aut
3217 2008 3269 2053 et
3327 1966 3435 2055 Deo

192 2059 284 2111 τοῦ
315 2059 452 2113 Θεοῦ
480 2059 755 2130 βοηθείας,
784 2059 816 2131 ἦ
842 2063 934 2114 καὶ
965 2060 1060 2114 τοῦ
1091 2059 1227 2114 Θεοῦ
1253 2061 1328 2125 ὡς
1357 2063 1581 2127 δικαίως
1617 2078 1761 2134 παρ-

193 2157 434 2225 έχοντος.
452 2136 457 2140 ’
476 2148 492 2166 ⁸

259 2242 329 2314 η’.
368 2245 440 2297 To
476 2243 718 2312 ἀγαπᾷν
748 2245 893 2312 λέγει
923 2244 1192 2315 πολλαχοῦ
1220 2246 1310 2298 ἐπὶ
1340 2243 1430 2298 τοῦ
1472 2242 1606 2298 Θεοῦ
1639 2248 1760 2300 κατ’

191 2337 440 2390 ἐπίτασιν
462 2353 475 2367 ·
504 2337 578 2399 ὡς
617 2339 697 2402 τὸ,
730 2356 748 2388 ι
777 2336 996 2408 Ἀγαπᾷ
1037 2337 1408 2409 ἐλεημοσύνην
1433 2338 1527 2392 καὶ
1577 2339 1760 2409 κρίσιν

189 2433 216 2483 ό
267 2430 504 2499 Κύριος·
538 2448 556 2480 ι
605 2431 719 2493 καὶ,
759 2447 776 2481 ι
819 2430 942 2481 Ὅτι
985 2429 1186 2500 Κύριος
1235 2432 1427 2501 ἀγαπᾷ
1480 2431 1694 2500 κρίσιν·
1735 2451 1752 2482 ι

192 2521 303 2580 καὶ,
337 2538 354 2571 ι
388 2519 751 2590 Δικαιοσύνην
779 2520 1092 2590 ἠγάπησεν·
1131 2539 1150 2573 ι
1191 2521 1312 2574 ἀντὶ
1348 2519 1514 2592 [τοῦ,]
1553 2541 1570 2571 ι
1602 2521 1758 2575 Μετὰ

191 2611 283 2665 τοῦ
330 2612 558 2675 δικαίως
606 2611 812 2683 κρίνειν
859 2611 1226 2665 ἐσπούδακεν·
1261 2630 1279 2664 ι
1315 2613 1410 2664 καὶ
1449 2612 1528 2679 τὸ,
1564 2630 1582 2664 ι
1623 2612 1757 2666 Ἰδοὺ

193 2705 297 2772 γὰρ
321 2703 580 2772 ἀλήθειαν
611 2703 927 2772 ἠγάπησας.
966 2721 984 2754 ι

262 2797 326 2850 0'.
370 2797 635 2859 Πολλάκις
659 2796 757 2857 τὰς
785 2795 1101 2866 παραϐολὰς
1127 2796 1510 2866 μεταφορικῶς
1536 2797 1754 2866 φράζει,

194 2885 284 2936 ἐπὶ
312 2884 385 2955 τῷ
422 2883 648 2954 μείζονα
679 2883 772 2936 τοῦ
808 2884 1103 2952 λεγομένου
1149 2886 1498 2955 παραστῆσαι
1534 2887 1632 2956 τὴν
1656 2886 1755 2956 ξμς

195 2992 392 3044 φασιν·
437 2975 510 3038 ὡς
550 2975 630 3038 τὸ,
671 2996 688 3025 ι
721 2973 811 3043 Τῷ
840 2974 1194 3045 ἐπιϐεϐηκότι
1247 2978 1341 3029 ἐπί
1387 2977 1477 3030 τὸν
1526 2977 1756 3048 οὐρανὸν

195 3068 284 3121 τοῦ
318 3066 549 3136 ούρανοῦ
606 3069 725 3120 κατ’
776 3068 1075 3130 ἀνατολάς·
1113 3087 1130 3118 ι
1176 3069 1239 3120 ἐκ
1282 3067 1503 3139 πρώτης
1540 3087 1600 3121 τε
1664 3071 1758 3122 καὶ

193 3162 366 3232 ἀρχῆς
399 3160 680 3228 εἰπὼνιὲκ
728 3162 1046 3229 μεταφορᾶς
1076 3159 1169 3212 τοῦ
1201 3158 1296 3229 τὴν
1326 3161 1589 3230 ἀνατολὴν
1617 3157 1755 3215 εἶναι

1865 2073 2123 2135 tanquam
2149 2068 2304 2138 justo
2332 2086 2390 2126 se
2416 2077 2744 2134 attendente.
2793 2081 2967 2151 (Psal.
3002 2101 3113 2153 xvr,
3145 2089 3220 2159 l.)

1932 2236 1986 2292 8.
2035 2239 2231 2293 Amare
2248 2241 2380 2295 dicit
2411 2257 2552 2312 sa'pe
2575 2245 2640 2298 de
2665 2244 2776 2304 De.»
2809 2266 2902 2318 per
2926 2256 3294 2314 exlensionem
3316 2299 3331 2325 ,
3362 2264 3434 2316 si-

1861 2340 1985 2384 cut:
2019 2349 2036 2381 ι
2070 2331 2706 2403 Diligitmisericordiam
2730 2344 3060 2414 etjudicium
3089 2351 3374 2419 Dominus,
3407 2376 3427 2409 ι

1859 2430 1932 2485 et,
1964 2441 1982 2473 ι
2007 2423 2144 2488 Quia
2169 2425 2430 2484 Dominus
2452 2431 2624 2502 diligit
2647 2433 2939 2504 justitiam,
2979 2461 2999 2496 ι
3024 2453 3078 2498 et
3111 2463 3128 2495 ι
3155 2443 3430 2503 Justitiam

1862 2511 2120 2569 dilexisti.
2156 2536 2172 2568 ι
2203 2521 2376 2589 (l’sal.
2415 2535 2588 2586 xxxu,
2620 2525 2688 2584 5:
2717 2538 2859 2589 ιιιν,
2889 2523 2965 2593 8.)

1930 2776 1982 2829 9.
2018 2775 2171 2845 Saepe
2205 2778 2573 2848 metaphoricc
2617 2783 2910 2850 parabolas
2934 2785 3066 2840 dicit
3093 2797 3143 2840 ιιι
3169 2789 3430 2859 majorem

1859 2867 2001 2922 dicta
2031 2869 2334 2936 producant
2369 2870 2656 2939 ﬁguratam
2687 2873 2815 2937 \llll,
2842 2876 3007 2941 sicut,
3038 2894 3055 2927 ι
3098 2877 3208 2933 Deo
3230 2884 3320 2949 qui
3342 2897 3432 2940 as-

1858 2958 2038 3011 cendit
2068 2974 2234 3027 super
2291 2962 2489 3014 cmlum
2515 2964 2637 3016 (εωιί
2690 2964 2755 3016 ad
2790 2967 3080 3031 orientem,
3125 2989 3143 3020 ι
3185 2986 3213 3025 a
3248 2975 3428 3040 prima

1857 3061 1911 3105 ct
1941 3051 2010 3104 ab
2045 3051 2202 3104 initio
2236 3053 2449 3118 dicens,
2481 3069 2512 3108 a
2555 3058 2869 3125 metaphora
2893 3071 3103 3132 sumpta
3136 3065 3204 3120 ab
3222 3066 3431 3124 oriente

1859 3143 2004 3214 quod
2033 3157 2112 3200 est
2148 3147 2251 3201 dici
2285 3146 2516 3203 initium.
2544 3147 2642 3216 Et,
2680 3171 2697 3202 ι
2733 3155 2814 3207 Ab
2849 3155 3136 3213 altitudine
3160 3161 3262 3214 diei
3324 3179 3430 3216 non

393 3253 491 3322 τῆς
522 3221 769 3323 ἡμέρας·
803 3221 897 3306 καί
926 3221 1005 3318 τὸ,
1030 3221 1068 3304 ﬁt
1089 3252 1222 3306 Ἀπὸ
1249 3221 1411 3322 ύψους
1442 3221 1665 3326 ἡμερῶν
1693 3259 1754 3310 οὑ

1861 3240 2197 3303 timebo,iibi
2256 3243 2424 3308 enim,
2453 3251 2516 3297 ab
2547 3245 2828 3300 altitudine
2850 3250 3066 3318 ponitur
3095 3267 3193 3321 pro
3229 3270 3294 3308 ea:
3319 3255 3431 3309 ulto

194 3343 920 3416 φοϐηθήσομαι·ικάνταῦθα
949 3344 1057 3412 γὰρ
1095 3345 1176 3408 τὸ,
1209 3344 1328 3397 ἀπὸ
1376 3345 1594 3411 ὕψους,
1637 3347 1758 3398 ἀντὶ

193 3436 308 3499 τοῦ,
337 3436 567 3488 ἄνωθεν
592 3434 690 3488 καὶ
707 3432 969 3502 ἐξαρχῆς
991 3451 1002 3464 ·
1031 3438 1145 3498 καὶ,
1185 3455 1202 3486 ι
1234 3436 1299 3486 Ἠ
1332 3437 1623 3505 συναγωγὴ
1650 3437 1758 3489 τῶν

193 3525 428 3595 ταύρων,
464 3543 481 3574 ι
521 3524 641 3575 ἀντὶ
667 3523 786 3584 τοῦ,
821 3541 839 3573 ι
872 3523 1266 3592 παμμεγεθῶν.
1301 3543 1319 3574 ι

263 3622 314 3668 ι’.
357 3614 466 3683 Τὴν
497 3615 577 3678 ὡς
612 3613 884 3683 συλλαϐὴν
912 3615 1074 3682 διχῶς
1104 3614 1286 3683 λέγει·
1326 3617 1444 3686 ἦτοι
1482 3619 1622 3671 κατὰ
1657 3635 1760 3669 παο

197 3707 449 3778 ραϐολὴν,
480 3707 512 3776 ἢ
545 3705 836 3775 βεϐαίωσιν
857 3722 871 3738 ·
903 3710 1040 3759 κατὰ
1072 3707 1170 3776 μὲν
1193 3710 1509 3779 παραϐολήν
1532 3726 1544 3739 ·
1575 3708 1650 3772 ὡς
1675 3711 1757 3773 τὴ,

201 3821 217 3852 ι
247 3798 354 3851 Θοῦ
385 3798 578 3860 αὐτοὺς
599 3796 674 3858 ὡς
705 3796 900 3868 τροχὸν
922 3835 937 3861 ,
976 3797 1050 3858 ὡς
1083 3798 1544 3867 καλάμην-»κατὰ
1578 3800 1634 3852 δὲ
1669 3800 1760 3869 βε-

195 3892 447 3948 ϐαίωσιν-
486 3889 561 3948 ὼς
604 3889 684 3952 τὸ,
724 3907 741 3939 ι
765 3888 852 3950 Ὠς
885 3887 1089 3956 ἀγαθὸς
1115 3890 1142 3940 ό
1185 3889 1315 3951 Θεὸς
1357 3889 1433 3959 τῷ
1466 3891 1702 3961 Ἰσραήλ.
1736 3912 1752 3943 ³

194 3987 316 4041 ἀντὶ
345 3983 438 4036 τοῦ
487 3983 686 4043 εἰπεῖν,
759 3979 972 4048 Σφόδρα
1021 3979 1224 4046 ἀγαθός
1248 3998 1260 4010 ·
1299 3981 1395 4034 καὶ
1420 3982 1499 4048 τὸ,
1552 4001 1569 4032 ι
1608 3984 1760 4051 Ἐγε-

193 4078 438 4148 νήθημεν
489 4072 619 4126 ὡσεὶ
662 4072 1183 4142 παρακεκλημένοι·
1222 4091 1240 4124 ι
1281 4073 1396 4137 καὶ,
1452 4093 1469 4124 ι
1499 4074 1757 4128 Ίζθεασά-

195 4169 334 4238 μεΘα
370 4169 468 4236 τὴν
500 4164 658 4230 δόξαν
690 4162 877 4226 αὑτοῦ,
921 4162 1082 4226 δόξαν
1120 4161 1195 4226 ὡς
1231 4164 1571 4232 Μονογενοῠς
1607 4167 1758 4235 παρὰ

196 4260 404 4328 Πατρός
439 4258 585 4308 »ἀντὶ
614 4254 731 4316 τοῦ,
763 4253 1054 4318 ἀληθοῦς.

263 4357 350 4402 ια’.
388 4347 652 4415 Σημαίνει
681 4344 803 4397 τινὰ
823 4338 895 4396 ὧν
926 4344 1174 4412 βούλεται
1195 4344 1291 4396 καὶ
1319 4346 1428 4398 ἀπὸ
1457 4346 1563 4399 τῶν
1589 4365 1758 4418 προσ-

190 4442 389 4493 όντων·
437 4434 549 4490 οἷον
590 4436 663 4499 ὡς
699 4436 782 4498 τὸ,
820 4454 840 4485 ι
880 4436 1282 4506 ΙΙαροικήσουσι
1338 4438 1433 4489 καὶ
1483 4440 1757 4512 κατακρύ·

187 4534 377 4600 ψουσιν
402 4547 414 4559 ·
456 4548 474 4580 ι
517 4529 602 4581 ἵνα
642 4527 796 4598 εἴπῃ.
878 4527 1213 4594 Συνάγονται
1242 4527 1335 4580 καὶ
1361 4529 1748 4598 ἐνεδρεύουσιν,

187 4621 295 4675 ἀπὸ
319 4621 524 4673 τούτων
546 4622 624 4682 εἰς
657 4619 742 4671 Et:
754 4635 842 4688 ρον
870 4619 1102 4670 ἀπιόντα
1136 4619 1300 4672 τόπον
1326 4621 1505 4672 ἐκεῖσε
1537 4623 1754 4686 πάντως

189 4713 497 4781 παροικεῖν,
527 4710 634 4762 τῶν
662 4710 881 4760 οἰκείων
913 4708 1277 4777 ὲκδημοῦντα.

262 4801 349 4870 ιβ’.
392 4801 555 4868 Λέγει
604 4801 664 4851 τὸ
694 4801 917 4867 κρύψαι
964 4801 1056 4852 καὶ
1107 4800 1200 4851 ἐπὶ
1252 4800 1344 4852 τοῦ
1392 4801 1528 4855 Θεοῦ
1594 4802 1756 4857 αὐτὸν

188 4891 490 4960 φυλάξαι·
541 4891 615 4951 ὼς
659 4890 736 4953 τὸ,
776 4907 793 4938 ι
830 4887 1215 4957 Κατακρύψεις
1262 4889 1459 4952 αὐτοὺς
1505 4891 1562 4941 ὲν
1621 4892 1754 4944 ἀπο-

188 4985 382 5054 κρύφῳ
420 4981 514 5035 τοῦ
563 4981 854 5051 προσώπου
888 4997 981 5032 σου
1004 4996 1016 5007 ·
1049 4999 1066 5031 ι
1107 4981 1230 5033 ἀντὶ
1280 4981 1396 5045 τοῦ,
1429 4983 1719 5050 φυλάξεις
1741 5000 1754 5013 ·

187 5077 284 5128 καὶ
329 5074 409 5138 τὸ,
464 5092 481 5124 ι
528 5073 771 5141 Ἔκρυψέ
822 5089 888 5140 με
931 5073 987 5122 ὲν
1023 5075 1197 5140 σκηνῇ
1233 5072 1432 5125 αὑτοῦ·
1473 5092 1490 5124 ι
1532 5078 1624 5127 καὶ
1676 5076 1754 5139 τὸ,

192 5185 211 5218 ι
247 5167 332 5226 Ὠς
366 5165 499 5216 πολὺ
537 5164 598 5214 τὸ
629 5162 831 5232 πλῆθος
875 5165 971 5231 τῆς
1004 5163 1372 5232 χρηστότητός
1402 5180 1518 5228 σου,
1560 5165 1753 5235 Κύριε,

185 5253 254 5328 ἦς
289 5256 528 5323 ἔκρυψας
565 5256 676 5314 τοῖς
711 5253 1063 5322 φοϐουμένοις
1094 5269 1181 5304 σε·
1216 5272 1234 5305 ι
1282 5254 1366 5306 ἵνα
1401 5255 1551 5326 εἴπῃ,

187 5349 486 5417 φυλάσσεις
536 5348 646 5408 τοῖς
697 5345 1054 5414 φοὸουμένοις
1091 5363 1178 5398 σε·

1655 5259 1757 5309 Ἦν

1281 5349 1403 5411 καὶ,
1439 5368 1456 5399 ι
1498 5350 1617 5400 Τῶν
1663 5368 1757 5404 κε-

186 5441 521 5510 κρυμμένων
547 5457 668 5491 σου·
713 5458 730 5488 δ
769 5439 991 5501 ὡσανεὶ,
1033 5459 1051 5490 ι
1082 5441 1202 5493 Τῶν
1234 5443 1384 5510 παρὰ
1425 5443 1517 5495 σοῦ
1555 5445 1758 5512 φυλατ-

183 5534 458 5601 τομένων·
497 5551 514 5582 ι
554 5532 648 5584 καὶ
698 5533 780 5599 ἐρ’
809 5533 997 5602 ἡμῶν·
1053 5534 1129 5596 ὡς
1163 5534 1242 5597 τὸ,
1280 5554 1295 5584 ι
1323 5534 1412 5586 Ἐν
1450 5539 1514 5605 τῇ
1561 5537 1756 5606 καρδίᾳ

188 5643 295 5697 μου
334 5625 546 5694 ἔκρυψα
584 5624 654 5676 τὰ
686 5624 842 5692 λόγια
881 5642 993 5677 σου.
1032 5645 1050 5676 ι

261 5739 350 5804 ιγ’.
393 5738 554 5804 Λέγει
584 5738 676 5790 καὶ
709 5736 1022 5801 κοιμᾶσθαι
1047 5739 1132 5806 ἐφ’
1162 5737 1317 5808 ἡμῶν
1338 5739 1398 5790 τὺ
1419 5741 1754 5793 καταπαύε-

185 5833 358 5882 σιπιι·
402 5827 474 5891 ὡς
510 5826 590 5892 τὸ,
633 5847 649 5878 ι
677 5827 802 5878 Ἐὰν
835 5826 1131 5898 κοιμηοῆτε
1166 5829 1266 5881 ἀνὰ
1300 5828 1463 5897 μέσον
1490 5826 1595 5880 τῶν
1627 5831 1755 5901 κλή-

1856 3333 2009 3385 etab
2062 3335 2236 3388 initio.
2288 3334 2373 3399 Et,
2443 3354 2462 3386 ι
2499 3337 2855 3408 Congregatio
2914 3351 3220 3412 taurorum,
3259 3367 3278 3400 ι
3330 3365 3434 3418 pro

1864 3442 1880 3472 ι
1921 3424 2075 3478 valde
2097 3442 2442 3495 magnorum.
2479 3446 2496 3477 ι
2529 3428 2699 3498 (Psal.
2728 3446 2895 3498 LM‘II,
2920 3433 3132 3500 54,1.v,
3154 3438 3222 3504 4;
3260 3455 3431 3508 van,

1860 3513 1973 3581 δι.)

1931 3604 2017 3656 l0.
2040 3603 2130 3659 Bis
2155 3607 2416 3674 syllabam
2471 3626 2546 3672 ως
2594 3609 2753 3664 diCIt:
2782 3618 2894 3666 tum
2957 3630 3053 3684 per
3086 3617 3426 3686 parabolam,

1859 3705 1968 3750 tuin
2011 3713 2122 3766 ,per
2163 3699 2656 3754 conﬁrmationem.
2711 3701 2809 3756 Per
2859 3707 3195 3773 parabolam,
3249 3712 3424 3765 sicut:

1863 3807 1882 3840 ι
1923 3787 2070 3842 Pone
2100 3790 2221 3842 illos
2272 3801 2330 3844 tit
2377 3803 2572 3854 rotam,
2613 3802 2670 3845 ut
2721 3795 3013 3864 stipulam;
3055 3818 3073 3850 ι
3099 3815 3193 3867 per
3227 3804 3428 3855 contir-

1859 3883 2176 3944 mationem,
2217 3883 2391 3937 sicut:
2429 3901 2447 3934 ι
2494 3884 2670 3950 Quam
2694 3885 2866 3940 bonus
2890 3887 3053 3943 Israel
3080 3891 3239 3956 Deus,
3284 3911 3302 3944 ι
3332 3909 3429 3961 pro

1859 3972 2096 4026 dictione
2161 3971 2329 4026 Valde
2403 3973 2614 4027 bonos:
2690 3983 2807 4041 et,t
2857 3976 3009 4031 Facti
3057 3994 3248 4035 sumus
3307 3991 3427 4035 tan-

1859 4079 2020 4131 quam
2052 4065 2345 4130 consolati;
2380 4083 2398 4116 ι
2435 4077 2507 4127 et,
2545 4085 2562 4116 ι
2595 4066 2845 4122 Vidimus
2871 4070 3100 4139 gloriam
3133 4074 3269 4140 ejus,
3308 4075 3423 4144 glo-

1857 4154 1994 4205 riam
2047 4155 2202 4223 quasi
2245 4152 2517 4225 Unigeniti
2565 4171 2596 4209 a
2653 4155 2835 4224 Patre,
2889 4178 2907 4210 ι
2943 4178 3040 4230 pro
3071 4166 3201 4218 veri.
3235 4165 3414 4233 (Paul.

1858 4256 2088 4302 Lxxxttt,
2116 4241 2218 4307 14;
2252 4258 2426 4308 Lxxtt,
2463 4243 2717 4310 l;cxxv,
2753 4248 2771 4299 l
2806 4263 2820 4308 ;
2850 4247 3009 4305 Joan.
3036 4267 3073 4312 ι.
3101 4252 3212 4323 14.)

1933 4332 2020 4385 ll.
2054 4331 2308 4402 Designat
2351 4337 2638 4401 quemdam
2667 4337 2735 4390 de
2755 4340 2955 4408 quibus
2984 4343 3171 4398 vultet
3194 4347 3259 4400 de
3295 4363 3428 4416 pra:-

1859 4426 2103 4479 scntibus
2121 4426 2303 4488 talem,
2331 4437 2417 4480 ut:
2452 4445 2470 4478 ι
2509 4429 2887 4486 lnltabitabunt
2911 4445 2964 4487 et
2991 4436 3366 4507 absrontlcnt;
3403 4461 3420 4492 ι

1862 4525 1918 4566 ιιι
1947 4516 2125 4568 dicat:
2168 4515 2585 4587 Congregantur
2623 4530 2676 4574 et
2735 4524 2966 4578 insidias
2997 4540 3213 4595 parant,
3247 4531 3314 4586 de
3341 4533 3428 4587 liis

1861 4606 1912 4658 in
1961 4606 2128 4659 alium
2192 4609 2488 4662 abeuntem
2527 4611 2724 4676 locum,
2763 4613 2872 4667 illic
2903 4618 3143 4682 penitius
3180 4621 3429 4677 habitare

1858 4697 1923 4750 de
1953 4699 2186 4767 propriis
2219 4702 2682 4770 peregrinantem.
2709 4703 2884 4773 (Psal.
2919 4723 3006 4772 ιν,
3036 4709 3115 4780 6.)

1931 4789 2016 4842 19..
2054 4788 2549 4844 οιιιίιαὺδεοιιάίδεε
2583 4800 2635 4845 et
2679 4794 2744 4846 de
2776 4794 2882 4850 Deo
2917 4798 3094 4867 ipsum
3123 4803 3428 4865 servavisse,

1860 4879 2021 4942 sicut,
2065 4898 2084 4930 ι
2134 4882 2449 4937 Abscondes
2487 4899 2578 4937 eos
2637 4885 2689 4937 in
2713 4887 3035 4943 abscondito
3060 4889 3359 4957 facieituzc,
3405 4915 3424 4946 ι

1859 4988 1955 5041 pro
1985 4972 2232 5026 servabis.
2303 4974 2389 5039 Et,
2437 4992 2457 5024 ι
2507 4976 2811 5029 Abscondit
2849 4994 2933 5031 me
2984 4980 3036 5031 in
3076 4982 3431 5037 tabernaculo

1861 5080 1982 5128 suo;
2023 5083 2039 5113 ι
2073 5064 2185 5127 Ει,ι
2216 5064 2390 5128 Quam
2422 5081 2614 5133 magna
2646 5069 2936 5122 multitudo
2962 5070 3268 5127 dulcedinis
3299 5087 3427 5139 tua‘,

1860 5155 2108 5219 Domine,
2135 5172 2298 5226 quam
2333 5157 2668 5212 abscondisti
2713 5160 3027 5215 timentibus
3064 5173 3150 5229 te;
3187 5183 3206 5216 ι
3262 5179 3318 5218 ιιι
3347 5169 3430 5220 di-

1859 5256 1976 5299 cat:
2018 5246 2190 5311 Quant
2235 5264 2421 5302 servas
2450 5250 2767 5305 timentibus
2807 5259 2906 5318 te;
2947 5263 3035 5313 et,
3093 5273 3111 5306 ι
3168 5256 3417 5310 Abscon-

1860 5342 2098 5393 ditorum
2155 5351 2395 5405 tuorum,
2460 5360 2478 5392 ι
2554 5343 2731 5410 quasi,
2783 5346 2828 5395 Α
2905 5355 2953 5398 te
3006 5349 3428 5403 custoditur-um.

1861 5428 1925 5482 Et
1954 5431 2018 5482 de
2042 5430 2197 5484 nobis
2223 5451 2235 5486 :
2263 5449 2281 5481 ι
2316 5431 2370 5484 In
2402 5432 2709 5486 cortle'niro
2733 5434 2992 5489 abscondi
3017 5427 3228 5506 eloquia
3259 5451 3364 5493 tua.
3405 5459 3424 5489 ι

1861 5520 2032 5589 (Psal.
2071 5537 2198 5586 xxx,
2234 5523 2334 5584 2i;
2370 5538 2515 5589 xxvi,
2557 5524 2782 5588 ngxx,
2824 5525 2922 5591 20;
2950 5543 3136 5594 cxvm,
3177 5530 3284 5598 ll.)

1938 5738 2018 5790 15.
2053 5737 2190 5792 Dicit
2236 5751 2289 5792 et
2341 5742 2569 5794 dormire
2619 5744 2685 5797 de
2712 5744 2861 5799 nobis
2893 5760 2987 5813 pro
3010 5762 3229 5808 cessare,
3256 5747 3428 5803 sicut:

1870 5852 1885 5881 ι
1926 5830 1982 5885 Si
2010 5832 2291 5885 dormiatis
2335 5833 2460 5886 inter
2504 5835 2709 5893 ntcdios
2746 5835 2945 5901 (Ἴριος,
2996 5848 3115 5902 ιιιι,
3159 5857 3174 5887 ι
3218 5837 3270 5890 In
3299 5853 3430 5908 pare
