4144 6448
179 405 297 468 1289

1215 411 1540 476 ISAGOGE
1611 413 1689 474 IN
1728 414 1833 474 SS.
1875 413 2371 479 SCRIPTURA'S.

3297 421 3432 488 1290

179 498 676 587 ιὲρῥᾳδιούργησε·
713 536 730 568 ι
769 518 864 572 και
892 518 991 572 τό·
1035 521 1425 596 «ΑΣυγχέωμιν
1442 521 1622 576 αὐτῶν
1645 523 1738 585 τὰς

1848 536 1963 590 pro,
1984 524 2240 593 loquelas.
2288 523 2364 578 Et.
2399 543 2411 578 :
2456 546 2472 577 1
2511 526 2770 596 Annos-uit
2805 527 2935 582 milii
2990 542 3198 594 aurem,
3235 551 3251 581 1
3306 531 3430 588 loco

170 608 438 674 γλώσσας·
475 628 494 661 1
524 610 643 661 ἀντὶ
673 609 792 676 τοῦ,
819 612 928 678 τὰς
955 592 1162 682 secunde
1182 630 1197 645 ·
1231 592 1345 667 καί·
1378 631 1396 665 ι
1425 612 1742 684 Προσέθηκέ

171 715 255 768 μοι
284 698 473 752 ὠτίον·
502 719 520 752 1
550 701 670 754 ἀντὶ
700 700 818 767 τοῦ,
840 704 1123 770 ὑπακοήν
1147 721 1160 735 ·
1233 706 1346 759 καί·
1380 724 1398 756 ι
1430 707 1492 759 'H
1521 703 1744 773 γλῶσσα

167 790 269 844 τῶν
308 792 488 847 κυνῶν
541 809 698 846 σουῚ
735 795 858 850 ἀντὶ
911 796 1031 861 τοῦ,
1087 800 1126 866 ἡ
1169 797 1392 866 λάψις·
1517 800 1610 852 καὶ
1659 797 1741 863 τὸ,

172 901 191 934 ι
222 881 473 934 Γλῶσσαν
501 884 568 952 ἢν
593 884 694 936 οὐκ
723 885 868 952 ἕγνω
892 887 1148 955 ἤκουσεν.
1187 904 1206 937 1

231 973 330 1043 κβ⁹.
376 975 489 1045 Τὴν
523 974 671 1028 ὁδὸν
703 975 968 1039 πολλάκις
999 979 1119 1030 ἀντὶ
1154 979 1409 1049 πράξεως
1445 980 1627 1049 λέγει·
1661 983 1738 1046 ὠς

163 1065 240 1130 τὸ,
275 1083 294 1117 1
324 1065 606 1137 Μακάριοι
638 1070 687 1120 oi
714 1068 938 1138 ἄμωμοι
968 1069 1026 1124 ὲν
1065 1069 1191 1141 ὀδῷ,
1214 1073 1263 1123 οἱ
1299 1073 1688 1143 πορευόμενοι·
1716 1094 1734 1126 1

165 1157 274 1218 καὶ,
309 1177 328 1206 1
358 1156 646 1227 Ἐκρυψαν
676 1158 843 1228 ἱερεῖς
871 1159 1154 1214 ὣόνοοῖνα
1205 1161 1358 1233 εἴπῃ,
1389 1163 1489 1233 τὴν
1532 1165 1742 1217 ἑαυτῶν

164 1246 358 1318 πρᾶξιν
382 1265 396 1278 ·
491 1250 608 1315 καὶ,
650 1269 669 1300 1
703 1249 915 1314 Τάξατε
949 1253 1049 1316 τὰς
1079 1252 1310 1323 καρδίας
1350 1254 1505 1324 ὑμῶν
1533 1258 1614 1320 εἰς
1643 1257 1743 1320 τὰς

161 1340 308 1404 ὁδοὺς
343 1341 529 1410 ὑμῶν·
567 1360 584 1392 1
617 1342 732 1406 καὶ,
769 1361 786 1393 ι
817 1341 933 1396 Ίνα
970 1343 1023 1395 τί
1064 1342 1379 1413 ὲπλάνησας
1433 1346 1582 1416 ἡμᾶς
1633 1346 1742 1399 ἀπὸ

160 1431 256 1501 τῆς
280 1431 399 1484 ὀδοῦ
433 1449 560 1500 σου;
597 1451 614 1483 1
644 1434 762 1497 καὶ,
795 1451 815 1484 1
850 1433 915 1487 Ai
961 1434 1068 1486 ὁδοί
1107 1451 1202 1486 σου
1229 1436 1323 1488 καὶ
1353 1435 1420 1488 τὰ
1457 1436 1743 1506 ἐπιτηδεύ-

162 1525 306 1594 ματά
337 1542 430 1577 σου
475 1526 742 1596 ἐποίησάν
782 1543 865 1579 σοι
903 1525 1105 1580 ταῦτα·
1137 1544 1156 1578 1
1193 1527 1307 1592 καὶ,
1354 1547 1374 1578 1
1409 1528 1601 1591 ’Ὅπως
1645 1529 1740 1583 ἐάν

157 1633 304 1678 τινας
334 1615 470 1685 εὕρῃ
504 1615 606 1685 τῆς
629 1615 749 1667 ὀδοῦ
783 1616 944 1677 ὄντας
967 1633 979 1644 ·
1026 1636 1044 1666 1
1077 1616 1192 1678 καὶ,
1237 1635 1255 1666 1
1294 1616 1383 1678 Ὠς
1411 1616 1617 1685 ταύτην
1643 1619 1740 1689 τὴν

156 1706 273 1758 ὁδὸν
321 1705 549 1769 ἐδίωξα·
591 1725 608 1757 1
643 1706 760 1770 καὶ,
803 1723 821 1755 ι
862 1706 1020 1758 Κατὰ
1061 1706 1162 1776 τὴν
1212 1707 1334 1759 ὁδὸν
1374 1707 1444 1777 ἢν
1489 1708 1739 1777 λέγουσιν

159 1799 392 1871 αἵρεσιν,
428 1797 571 1850 οὕτω
600 1796 873 1868 λατρεύω.
908 1818 926 1848 1

229 2073 333 2136 κγ’.
375 2067 487 2136 Τὴν
528 2065 848 2136 ὑπομονὴν
885 2066 1149 2131 πολλάκις
1206 2067 1328 2122 ἀντὶ
1387 2068 1486 2139 τῆς
1539 2081 1735 2138 προσ-

155 2161 364 2228 δοκίας
402 2162 575 2230 λέγει,
608 2161 641 2230 ἢ
672 2162 768 2215 καὶ
807 2161 870 2213 τὸ
896 2161 1228 2230 ὑπομένειν
1268 2162 1389 2216 ἀντὶ
1434 2159 1527 2214 τοῦ
1562 2178 1735 2232 προσο

154 2255 343 2322 δοκᾷν·
384 2253 460 2316 ὡς
487 2253 570 2320 τὺ,
609 2269 628 2303 1
662 2253 776 2306 Καὶ
808 2251 904 2305 νῦν
951 2252 1037 2317 τίς
1068 2253 1102 2323 ὴ
1139 2253 1387 2324 ὑπομονὴ
1434 2271 1572 2324 μου;
1616 2254 1739 2325 οὐχὶ

156 2344 398 2414 Κύριος;
454 2361 473 2394 1
512 2344 601 2397 ῐνα
647 2342 813 2415 εἴπῃ,
857 2361 877 2395 1
926 2342 992 2396 Ἦ
1045 2343 1342 2415 προσδοκία
1396 2360 1500 2414 μου
1553 2344 1650 2397 καὶ
1700 2345 1734 2414 ἡ

155 2436 308 2499 ἐλπίς
329 2453 344 2466 ·
373 2455 393 2487 1
425 2435 521 2489 καὶ
546 2434 608 2488 τὸ
651 2435 808 2506 παρὰ
846 2434 1112 2507 Ἱερεμίᾳ,
1147 2454 1166 2487 ι
1189 2434 1468 2506 Ὑπομονὴ
1493 2434 1734 2506 Ἰσραὴλ,

154 2528 362 2600 Κύριε·
409 2548 428 2580 1
474 2529 589 2594 καὶ,
628 2545 664 2603 ι.
699 2527 1000 2599 ’Υπέμεινα
1039 2528 1482 2600 συλλυπούμενον
1508 2545 1522 2559 ·
1552 2547 1571 2579 1
1616 2531 1735 2595 καὶ,

159 2640 178 2671 1
217 2620 542 2691 ’Υπόμεινον
582 2620 677 2672 τὸν
712 2619 952 2690 Κύριον·
986 2638 1007 2672 1
1051 2622 1164 2684 καὶ,
1216 2639 1236 2672 1
1265 2619 1591 2690 ’Υπόμεινόν
1645 2636 1735 2689 με,

152 2711 303 2778 λέγει
381 2711 615 2783 Κύριος·
674 2729 695 2762 1
767 2711 901 2776 καὶ,
971 2729 991 2762 1
1047 2705 1490 2780 Ὑπομεινάντων
1556 2711 1738 2766 αὐτῶν

152 2805 290 2874 φῶς.
322 2822 341 2856 1

225 3009 322 3062 κδ’.
364 3010 445 3063 Τὰ
473 3009 694 3062 ἀναίτια
734 3008 997 3072 πολλάκις
1029 3009 1104 3072 ὼς
1139 3011 1290 3064 αῐτια
1335 3011 1484 3080 λέγει
1508 3027 1523 3044 ·
1555 3012 1631 3074 ὡς
1653 3008 1734 3075 τὸ,

159 3119 180 3152 1
212 3101 400 3164 Ὅπως
431 3103 495 3154 ἂν
529 3100 678 3170 βαφῇ
705 3103 733 3154 ὁ
770 3099 906 3164 ποῦς
938 3116 1031 3152 σου
1066 3102 1125 3153 ὲν
1154 3103 1350 3171 αἵματι
1371 3117 1384 3131 ·
1418 3122 1438 3154 1
1472 3103 1596 3156 ἀντὶ
1616 3102 1734 3166 τοῦ,

156 3213 179 3245 1
211 3193 456 3262 Ἀνάγκη
493 3194 643 3246 πᾶσα
665 3208 677 3221 ·
710 3211 728 3242 1
766 3193 862 3244 καὶ
893 3192 973 3255 τξ,
1019 3211 1038 3241 1
1063 3192 1155 3245 Σοὶ
1212 3192 1358 3263 μόνῳ
1399 3193 1676 3264 ἥμαρτον·
1710 3213 1730 3246 1
1763 3226 1807 3285 α

150 3289 268 3350 καὶ,
306 3288 528 3348 «Ὅπως
562 3287 627 3338 ἂν
651 3283 976 3354 ἐνδείξωμαι
999 3285 1058 3337 ὲν
1079 3284 1162 3338 σοὶ
1184 3284 1282 3356 τὴν
1314 3285 1548 3356 δύναμίν
1572 3303 1731 3356 pou-1

150 3380 270 3443 καὶ,
302 3395 321 3428 1
348 3379 537 3438 Ὅπως
575 3375 643 3428 ἂν
686 3375 904 3448 γνωσθῇ
940 3377 973 3445 ἠ
993 3376 1315 3447 δικαιοσύνη
1347 3377 1445 3430 τοῦ
1469 3378 1729 3446 Κυρίου.»

150 3473 268 3532 καὶ,
305 3490 323 3522 ι
347 3468 491 3537 Ἐγὼ
521 3470 601 3532 είς
640 3470 817 3538 κρῖμα
849 3469 931 3530 είς
963 3467 1057 3521 τὸν
1095 3468 1301 3538 κόσμον
1335 3464 1524 3539 ἦλθον,
1558 3469 1644 3523 ἵνα
1688 3472 1736 3524 οί

153 3561 232 3629 μὴ
267 3559 560 3630 βλέποντες
601 3559 873 3628 βλέπωσι·
916 3577 935 3611 1
972 3558 1068 3612 xci.
1103 3557 1186 3621 τὸ,
1218 3577 1236 3610 1
1269 3559 1456 3629 Νόμος
1491 3561 1548 3614 δὲ
1594 3579 1738 3631 παρ-

149 3649 430 3719 εισῆλθεν,
463 3649 550 3701 ἵνα
576 3647 850 3719 πλεονάσῃ
875 3647 934 3700 τὸ
967 3647 1326 3717 παράπτωμα
1346 3665 1360 3679 ·
1393 3667 1411 3698 1
1442 3649 1559 3715 καὶ,
1590 3650 1738 3705 ι’Ὶνα

149 3745 264 3797 πᾶν
295 3743 472 3812 στόμα
515 3744 741 3814 φραγῇ·
791 3760 811 3794 1
852 3743 968 3807 καὶ,
1018 3759 1035 3790 1
1082 3742 1198 3793 Ἵνα
1252 3741 1330 3812 μὴ
1363 3741 1398 3794 ἃ
1430 3743 1497 3794 ἂν
1545 3742 1736 3814 θέλητε

147 3833 331 3888 ταῦτα
363 3834 574 3902 ποιῆτε.
607 3851 625 3884 1

225 4015 326 4062 κε’.
366 4009 477 4079 Τὴν
518 4007 718 4079 πρᾶξιν
749 4009 859 4062 ἀπὸ
893 4009 1181 4076 κοινωνίας
1230 4012 1519 4083 σημαίνει·
1553 4015 1628 4078 ὡς
1651 4015 1734 4081 τδ,

155 4119 176 4150 1
211 4102 324 4153 Καὶ
364 4100 502 4170 μετὰ
536 4101 1006 4171 παρανομούντων
1042 4103 1105 4156 οὐ
1140 4103 1216 4176 μὴ
1249 4105 1512 4159 εἰσέλθω·
1546 4127 1566 4160 1
1617 4111 1740 4163 ἀντὶ

144 4193 271 4252 τοῦ,
310 4211 328 4244 ι
351 4194 423 4246 Οὐ
457 4194 532 4263 μὴ
569 4195 980 4264 παρανομήσω·
1020 4213 1040 4246 1
1077 4195 1191 4260 καὶ,
1227 4196 1562 4270 «Μακάριος
1597 4201 1739 4272 ἀνὴρ

143 4287 209 4348 ὃς
261 4286 363 4337 οὐκ
411 4283 684 4355 ἐπορεύθη
737 4286 797 4338 ὲν
845 4285 1009 4357 βουλῇ
1067 4286 1318 4340 ἀσεϐῶν·
1371 4307 1392 4341 1
1444 4291 1566 4344 ἀντὶ
1617 4293 1735 4358 τοῦ,

149 4397 170 4430 1
204 4378 322 4429 Οὐκ
370 4376 634 4447 ἠσέϐησε·
675 4395 696 4429 1
747 4377 863 4441 καὶ,
903 4397 922 4428 1
959 4378 1075 4431 Οὐκ
1101 4377 1336 4433 ἐκάθισα
1381 4383 1440 4435 ὲν
1476 4384 1738 4454 συνεδρίῳ

141 4470 494 4532 παιζόντων·
530 4487 549 4519 1
587 4469 707 4535 καὶ,
751 4487 770 4519 1
800 4467 897 4532 Είς
929 4468 1128 4541 βουλὴν
1166 4471 1349 4526 αὐτῶν
1389 4473 1464 4544 μὴ
1501 4475 1736 4529 εἰσέλθοι

141 4561 179 4629 ὴ
218 4558 370 4626 ψυχή
566 4576 585 4608 ι

219 4656 338 4713 κς’.
397 4648 501 4702 Τὸν
549 4650 710 4719 ὅρκον
755 4651 850 4704 ἐπὶ
900 4650 996 4705 τοῦ
1054 4653 1272 4723 βεϐαίου
1323 4655 1508 4725 λέγει·
1545 4657 1622 4721 ὡς
1650 4659 1733 4724 τὸ,

145 4762 166 4793 1
197 4745 420 4812 Ὤμοσα
450 4742 615 4797 Δαυῖδ
645 4744 724 4814 τῷ
756 4745 926 4815 δούλῳ
959 4763 1092 4817 μου·
1125 4766 1145 4800 1
1187 4750 1304 4814 καὶ,
1343 4769 1362 4801 1
1388 4753 1592 4822 Ὠμοσε
1621 4753 1736 4806 Κύ-

142 4853 268 4905 ριος
321 4835 398 4905 τῷ
444 4835 608 4889 Δαυῒδ
654 4835 942 4907 ἀλήθειαν·
999 4858 1018 4891 1
1068 4840 1182 4904 καὶ,
1245 4861 1264 4894 1
1305 4842 1443 4895 Κατ’
1492 4844 1734 4915 ἐμαυτοῦ

136 4925 366 4995 ὤμοσα,
400 4925 546 4992 λέγει
578 4925 815 4998 Κύριος·
842 4947 861 4980 1
888 4930 1002 4996 καὶ,
1029 4948 1048 4982 1
1080 4930 1302 5000 Ὸμνύει
1343 4933 1549 5003 Κύριος
1593 4937 1736 4991 κατὰ

135 5018 246 5086 τῆς
281 5017 657 5088 ὑπερηφανίας
689 5019 911 5074 Ἰακώϐ.
949 5040 968 5073 1

213 5187 323 5250 κζ’.
359 5188 470 5259 Τὴν
492 5190 732 5244 διάθεσιν
752 5192 1014 5257 πολλάκις
1041 5194 1149 5248 ἀπὸ
1179 5195 1444 5267 ῥημάτων
1472 5197 1731 5252 δεικνύει·

133 5280 220 5343 ὼς
251 5281 336 5347 τὸ,
368 5300 385 5332 ι
417 5277 606 5346 Εἶπον,
633 5282 730 5347 Τίς
761 5284 952 5354 ὄψεται
982 5286 1214 5352 αὐτούςς
1242 5306 1259 5338 1
1287 5288 1410 5341 ἀντὶ
1429 5289 1548 5356 τοῦ,
1583 5309 1602 5342 1
1627 5289 1735 5343 Οὔ-

129 5391 257 5437 τως
289 5374 561 5445 ἔπραττον
601 5378 820 5433 ἅπαντα
861 5399 879 5432 1
913 5381 1118 5436 ὡσανεὶ
1139 5384 1240 5437 οὐκ
1267 5383 1420 5447 ὄντος
1463 5384 1612 5448 τινὸς
1639 5386 1752 5439 τοῦ.

132 5464 460 5533 ἐφορῶντος
485 5481 498 5495 ·
529 5467 644 5531 καὶ,
676 5486 694 5518 ι
734 5465 870 5520 Εἷπε
899 5470 1008 5541 γὰρ
1038 5472 1095 5524 έν
1134 5470 1334 5542 καρδίᾳ
1381 5470 1579 5532 αὑτοῦ,
1621 5471 1735 5526 Οὐκ

131 5555 262 5607 ἔστι
294 5554 460 5619 Θεὸς·
494 5575 511 5608 1
544 5558 658 5623 καὶ,
693 5577 712 5610 1
738 5555 931 5628 Εἶπον,
986 5561 1152 5615 Δεῦτε
1195 5564 1292 5617 καὶ
1340 5564 1736 5635 ὲξολοθρεύσω-

130 5663 248 5715 μεν
285 5647 484 5710 αὐτοὺς
531 5649 588 5714 ἐξ
628 5649 847 5715 ἔθνους·
896 5671 914 5704 1
955 5655 1048 5708 καὶ
1075 5694 1089 5718 ,
1149 5674 1167 5706 1
1211 5655 1731 5728 Κληρονομήσωμεν

128 5739 362 5802 ἑαυτοῖς
391 5740 450 5792 τὸ
476 5743 834 5816 ἁγιαστήριον
864 5746 955 5799 τοῦ
989 5747 1126 5802 Θεοῦ
1150 5765 1163 5779 ·
1199 5767 1217 5800 1
1246 5749 1362 5814 καὶ,
1403 5769 1421 5801 1
1464 5745 1634 5804 Εἶπον
1674 5755 1734 5807 ἐν

132 5832 208 5900 τῇ
241 5831 439 5904 καρδίᾳ
475 5835 654 5888 αὐτῶν
675 5838 730 5889 αἱ
758 5839 1069 5908 συγγένειαι
1101 5841 1283 5894 αὐτῶν
1303 5841 1394 5894 ἐπὶ
1418 5841 1478 5896 τὸ
1507 5844 1641 5898 αὐτό
1666 5863 1678 5877 ·
1705 5865 1724 5899 1

516 5959 779 6020 ΡΑτιιυῐ..
829 5962 922 6022 GR
979 5961 1263 6023 XCVIII.

1846 614 2105 670 dictionis
2136 618 2376 671 auditum
2406 637 2423 681 ;
2455 629 2544 671 et:
2579 637 2595 670 1
2629 618 2892 688 Linguam
2926 637 3124 677 canum
3150 631 3368 678 tuorum
3411 652 3426 672 ι

1847 721 1967 773 pro,
2000 710 2326 773 potationem
2352 727 2366 774 ;
2397 721 2449 764 et
2482 727 2492 761 :
2531 711 2829 781 1Linguam
2867 729 3032 785 quam
3073 730 3180 769 non
3206 725 3432 770 noverat

1846 797 2073 850 audivit.
2124 817 2141 847 1
2182 796 2358 859 (Psal.
2415 815 2604 865 XLVIII,
2640 800 2702 863 5;
2761 799 2889 856 Gen.
2935 818 3104 867 xxvii,
3158 802 3262 867 56;
3314 799 3428 857 15a.

1846 902 1898 949 1.,
1929 888 1994 950 4;
2033 888 2177 941 Psal.
2221 905 2390 954 vau,
2420 890 2521 953 είς
2555 909 2720 955 1.111111,
2767 893 2864 962 6.)

1913 980 2006 1033 ‘29..
2045 979 2198 1034 Viam
2222 997 2364 1049 saepe
2425 983 2545 1035 loco
2596 987 2836 1040 actionis
2885 986 3050 1042 dicit:
3095 1007 3112 1037 1
3153 986 3300 1044 Beati
3332 989 3431 1040 im-

1848 1075 2101 1127 maculati
2133 1075 2186 1127 in
2240 1076 2346 1138 via,
2401 1078 2492 1145 qui
2543 1079 2843 1134 ambulant.
2869 1101 2888 1131 1
2924 1081 2986 1134 lit
3027 1097 3040 1131 :
3085 1081 3433 1137 1Al1sconde-

1847 1167 2309 1221 ruutsacerdutes
2332 1170 2496 1236 vium,
2525 1189 2543 1220 1
2578 1177 2636 1223 ut
2660 1172 2802 1226 dicat
2874 1189 3068 1228 eorum
3136 1176 3426 1234 actionem:

1853 1256 1958 1311 Et:
2007 1276 2026 1308 1
2065 1256 2258 1313 Ponite
2285 1262 2453 1314 corda
2503 1271 2682 1316 vestra
2721 1279 2888 1333 super
2941 1267 3058 1320 vias
3110 1275 3358 1334 vestias;
3407 1285 3427 1318 1

1842 1361 1898 1402 et
1939 1370 1951 1404 :
1991 1371 2008 1402 1
2044 1351 2225 1417 Quare
2257 1367 2445 1408 errare
2491 1371 2590 1409 nos
2625 1357 2801 1412 fecisti
2850 1358 2916 1412 de
2949 1359 3051 1412 viis
3081 1359 3226 1425 tuis;
3266 1380 3284 1410 1
3328 1370 3382 1413 et
3418 1381 3428 1414 :

1849 1460 1868 1492 1
1905 1441 2017 1497 Vite
2041 1453 2147 1499 tuae
2195 1453 2248 1498 et
2281 1447 2646 1515 cogitationes
2689 1460 2795 1503 tuae
2825 1451 3075 1506 iecerunt
3099 1452 3218 1508 haec
3247 1453 3368 1520 tibi;
3409 1472 3429 1503 1

1841 1544 1896 1586 et
1927 1551 1941 1587 :
1982 1553 2000 1584 1
2037 1533 2104 1588 Ut
2131 1539 2174 1590 si
2206 1553 2344 1604 quos
2377 1540 2674 1595 invenisset
2703 1542 2867 1612 hujus
2895 1545 2994 1598 via:
3030 1546 3225 1612 vivos;
3283 1565 3301 1597 1
3330 1558 3382 1600 et
3418 1566 3430 1600 :

1847 1641 1865 1672 1
1897 1623 2001 1687 Qui
2036 1612 2175 1678 hanc
2198 1629 2340 1680 viam
2368 1641 2688 1696 persecutus
2718 1650 2837 1687 sum
2863 1651 2878 1700 ;
2906 1653 2923 1686 1
2960 1645 3034 1699 et,
3065 1655 3082 1687 1
3118 1637 3433 1692 Secundum

1843 1714 1986 1767 viam
2026 1731 2191 1784 quam
2240 1719 2432 1774 dicunt
2481 1721 2758 1787 haeresim,
2810 1727 3180 1784 sicdeserviu.
3213 1728 3430 1798 1(Psal.

1841 1819 2033 1868 cm”,
2066 1805 2086 1856 1
2120 1817 2136 1867 ;
2246 1821 2385 1877 cm,
2421 1813 2497 1876 4;
2575 1811 2708 1867 Osee
2744 1830 2817 1881 v1,
2861 1816 2934 1882 9;
2975 1819 3106 1888 Agg.
3134 1834 3180 1886 1,
3225 1820 3291 1886 5;
3318 1819 3431 1873 1.1a.

1778 1885 2000 1957 Βιιιιι,
2053 1896 2156 1964 17;
2203 1897 2401 1956 larem.
2464 1920 2538 1969 1v,
2595 1908 2700 1972 18;
2761 1907 2878 1962 Act.
2943 1885 3327 1977 Ix,n2;xxu,
3361 1914 3427 1975 4,

1807 1988 2079 2059 ιιιν,14.)

1908 2076 1997 2132 25.
2038 2077 2502 2150 Exspectationem
2537 2103 2679 2158 saepe
2713 2091 2832 2145 locu
2860 2093 2970 2160 spei
3002 2091 3156 2159 dicit,
3191 2106 3305 2160 aut,
3338 2114 3433 2150 ex-

1839 2182 2076 2234 spectare
2108 2188 2206 2243 pro
2246 2192 2480 2245 sperare,
2505 2180 2646 2233 sicut
2687 2199 2699 2234 :
2738 2201 2756 2231 1
2793 2183 2854 2237 Et
2890 2200 3034 2238 nunc
3062 2203 3184 2254 quae
3225 2199 3305 2241 est
3339 2204 3434 2240 cx-

1838 2263 2105 2330 spcetatio
2135 2281 2280 2333 mea,
2338 2284 2523 2324 nonne
2547 2270 2855 2328 Dominus?
2892 2294 2908 2324 1
2946 2277 3163 2330 utdicul
3188 2320 3202 2342 ,
3239 2297 3255 2329 1
3299 2277 3433 2348 Spes

1841 2369 1960 2409 mea
1988 2365 2044 2410 et
2075 2358 2407 2413 conﬁdentia
2434 2378 2448 2426 ;
2478 2381 2496 2412 1
2534 2373 2588 2418 et
2609 2365 2752 2433 apud
2813 2364 3108 2421 Jercmiam
3134 2385 3148 2421 :
3181 2388 3197 2418 1
3223 2369 3430 2438 Exspe-

1839 2446 2004 2501 ctatio
2045 2445 2234 2514 Israel,
2292 2450 2542 2520 Domine;
2574 2475 2594 2507 1
2641 2464 2695 2511 et
2726 2475 2737 2509 :
2775 2468 2820 2508 :1
2852 2459 3098 2513 Sustinui
3131 2463 3222 2529 qui
3265 2463 3429 2516 simul

1839 2539 2296 2609 contristaretur;
2347 2562 2366 2596 1
2399 2554 2476 2610 et,
2519 2565 2539 2598 1
2581 2548 2850 2619 Exspecta
2905 2551 3233 2618 Dominum;
3286 2575 3303 2605 1
3353 2567 3425 2617 et,

1845 2647 1864 2681 1
1891 2630 2153 2700 Exspecta
2181 2649 2287 2699 me,
2315 2636 2446 2692 dicit
2469 2640 2762 2706 Dominus;
2790 2662 2808 2694 1
2835 2654 2908 2706 et,
2937 2664 2955 2696 1
2977 2643 3428 2715 Exspcctantium

1837 2735 2027 2776 eorum
2052 2723 2251 2778 lucem.
2284 2745 2302 2778 1
2360 2727 2530 2796 (P5111.
2601 2749 2828 2797 xxan,
2867 2736 2931 2800 8;
2971 2736 3169 2792 larem.
3220 2756 3327 2795 λιν.
3355 2742 3426 2803 8;

1839 2810 1991 2869 Psal.
2021 2829 2209 2882 vam,
2239 2817 2344 2885 25;
2389 2837 2536 2888 xxvi,
2586 2822 2677 2889 20,
2717 2825 2807 2892 56,
2850 2827 2959 2894 34;
3012 2829 3169 2898 Soph.
3231 2848 3285 2884 tu
3314 2873 3326 2890 .
3355 2832 3424 2894 8;

1839 2901 1952 2957 Isa.
1981 2921 2094 2973 1.1x,
2129 2908 2211 2974 9.)

1909 2989 2001 3046 24.
2045 2993 2178 3058 Quae
2226 3010 2409 3054 causa:
2469 3017 2579 3056 non
2647 3015 2776 3059 sunt
2834 3022 3015 3062 rerum
3075 3025 3219 3080 εει]ῃο
3267 3018 3421 3080 quasi

1841 3101 2020 3143 causa:
2048 3102 2236 3146 essent
2267 3093 2426 3159 dicit,
2456 3098 2639 3153 sicut:
2665 3119 2682 3149 1
2712 3100 2780 3154 Ut
2814 3103 3153 3174 intinguntur
3183 3122 3276 3186 pes
3301 3119 3427 3164 tuus

1841 3172 1894 3227 in
1927 3176 2214 3244 sanguine,
2256 3199 2276 3232 1
2311 3197 2411 3250 pro
2435 3201 2454 3234 1
2491 3188 2790 3244 necessitas
2835 3172 3051 3259 omnis;
3105 3212 3122 3242 1
3157 3172 3211 3248 ei
3246 3215 3265 3247 1
3308 3197 3424 3252 Tibi

1841 3266 1942 3320 soli
2009 3271 2252 3338 peccavi,
2289 3291 2307 3323 ι
2347 3282 2421 3339 et,
2459 3293 2478 3326 1
2541 3275 2614 3332 Ut
2658 3281 2943 3336 ostendam
2991 3286 3045 3338 in
3080 3295 3132 3339 te
3165 3288 3425 3343 virtutem

1841 3375 2054 3429 meam;
2096 3382 2114 3414 1
2156 3374 2230 3430 et,
2266 3385 2284 3418 1
2329 3365 2398 3421 Ut
2430 3371 2648 3440 cognita
2681 3373 2984 3444 sitjustitia
3011 3377 3266 3446 Dom-ini;
3297 3400 3316 3433 1
3351 3391 3423 3444 et,

1846 3469 1865 3501 1
1904 3454 1962 3505 ln
1993 3454 2261 3523 judicium
2325 3475 2427 3531 ego
2481 3463 2535 3517 in
2569 3464 2716 3520 hunc
2784 3469 3051 3524 mundum
3090 3475 3211 3526 veni
3250 3484 3309 3528 ut
3334 3478 3428 3544 qui

1841 3558 1949 3597 non
1979 3546 2164 3602 vident
2213 3551 2467 3619 videant;
2508 3574 2526 3605 1
2596 3565 2670 3618 et,
2740 3576 2758 3608 1
2823 3557 2936 3613 va
2988 3562 3319 3618 subiutravit
3375 3579 3433 3619 ut

1841 3635 2148 3693 abundaret
2172 3641 2467 3712 delictum;
2509 3665 2528 3696 1
2581 3651 2655 3712 et',
2707 3667 2725 3699 1
2773 3648 3030 3707 Utomne
3075 3670 3138 3709 os
3175 3658 3430 3714 obstrua-

1839 3734 1970 3791 tur;
2009 3739 2142 3794 ιρι,
2182 3750 2202 3782 1
2237 3729 2308 3786 Ut
2341 3749 2449 3788 non
2473 3752 2819 3808 quaecunque
2875 3743 3064 3808 vultis,
3112 3745 3200 3799 illa
3260 3749 3428 3802 facia-

1843 3815 1935 3872 tis.
1970 3837 1987 3868 1
2026 3818 2205 3887 σξΡεαι.
2267 3839 2441 3892 uvu,
2466 3825 2572 3892 ΞΜ
2616 3844 2668 3894 1.,
2699 3829 2766 3895 6;
2802 3828 2954 3884 Rom.
3019 3833 3092 3895 Ii,
3136 3838 3235 3902 l7;
3266 3838 3425 3893 Mich.

1843 3924 1918 3975 v1,
1954 3910 2205 3976 5;.loan.
2231 3931 2306 3983 ιι,
2331 3917 2435 3982 59;
2461 3917 2610 3972 Rom.
2641 3938 2694 3985 ν,
2721 3922 3212 3989 20;:11,19;Cul.
3247 3934 3429 3994 v,l7.i

1910 4001 2001 4057 25.
2029 4004 2315 4063 Actionem
2333 4025 2426 4080 per
2449 4013 2768 4070 societatem
2800 4016 3094 4086 significat,
3121 4020 3291 4075 sicut:
3321 4042 3336 4073 1
3367 4025 3430 4076 Ει

1840 4110 1965 4150 cum
1995 4098 2182 4168 iniqua
2217 4108 2534 4170 geientibus
2583 4123 2692 4161 nun
2743 4109 3006 4174 introibo,
3037 4130 3057 4161 1
3113 4127 3209 4180 pro
3260 4133 3278 4166 1
3308 4117 3425 4174 Non

1841 4186 2012 4259 legem
2040 4194 2451 4262 transgrediar;
2494 4216 2511 4248 1
2549 4207 2641 4252 et:
2685 4199 2914 4256 dicatus
2941 4204 3025 4256 vir
3064 4206 3155 4273 qui
3197 4222 3302 4258 non
3332 4208 3428 4261 ab—

1841 4281 1904 4335 iit
1972 4283 2026 4336 in
2089 4287 2322 4340 consilio
2403 4288 2730 4359 impiorum;
2766 4313 2784 4344 1
2851 4308 2972 4363 pro,
3019 4313 3038 4346 1
3082 4296 3202 4350 Non
3264 4300 3431 4368 impie

1839 4374 1978 4441 egit;
2017 4394 2034 4424 1
2065 4386 2118 4431 et
2147 4397 2159 4430 :
2200 4396 2217 4428 1
2249 4376 2365 4433 Non
2393 4382 2506 4435 sedi
2547 4382 2599 4436 in
2635 4385 2870 4441 concilio
2896 4385 3234 4454 ludentium;
3262 4411 3281 4442 1
3326 4403 3381 4449 et
3413 4413 3423 4445 :

1849 4483 1867 4515 1
1913 4467 1966 4518 ιιι
2021 4469 2320 4524 consilium
2369 4487 2564 4526 eorum
2599 4491 2706 4529 non
2762 4479 2944 4534 veniat
2990 4482 3174 4534 anima
3223 4498 3366 4538 mea.
3403 4504 3423 4536 1

1768 4563 1816 4621 υ
1843 4556 2012 4628 (Paul.
2052 4576 2179 4625 xxv,
2205 4563 2273 4625 4;
2306 4579 2340 4626 ι,
2396 4564 2681 4630 “lenem.
2728 4583 2818 4633 xv,
2866 4570 2966 4635 l7;
3001 4570 3131 4625 Gen.
3175 4588 3322 4638 χιιι,
3351 4573 3428 4642 ι.)

1915 4649 2004 4704 26.
2043 4651 2431 4722 Jusjurandum
2472 4658 2539 4711 de
2588 4660 2745 4714 lirmo
2778 4660 2931 4728 dicit,
2965 4663 3139 4718 sicut:
3194 4684 3211 4714 1
3241 4665 3428 4721 Juravi

1845 4737 2014 4795 David
2043 4757 2200 4796 servo
2219 4759 2376 4809 meo;
2421 4763 2442 4796 1
2477 4745 2814 4804 etuJuravit
2834 4751 3100 4807 Dominus
3136 4754 3304 4808 David
3337 4771 3431 4809 ve-

1845 4832 2092 4898 ritatem;
2132 4853 2150 4886 1
2182 4844 2269 4890 et:
2309 4855 2327 4886 1
2362 4835 2463 4893 Per
2497 4843 2880 4912 memetipsum
2918 4845 3121 4913 juravi,
3157 4848 3288 4902 dicit
3319 4848 3430 4903 Do-

1845 4928 2168 4994 minus;1et:
2192 4947 2210 4980 1
2234 4928 2448 4986 Juravit
2469 4930 2740 4990 Dominus
2773 4936 2825 4990 in
2861 4937 3371 5006 superbiamlaeob.
3403 4963 3422 4992 1

1845 5017 2021 5086 (Psal.
2053 5035 2317 5087 Lxxxvm,
2350 5023 2630 5094 4;cxxx1,
2665 5028 2760 5095 ll;
2791 5026 2920 5082 Gen.
2956 5030 3215 5098 “11,16;
3270 5033 3430 5088 Amo:

1845 5123 1961 5173 vm,
1999 5110 2084 5164 17.
2117 5113 2135 5180 )
2216 5136 2218 5138 ·

1913 5201 2002 5256 27.
2031 5202 2456 5273 Dispositionem
2486 5212 2629 5278 saepe
2647 5224 2746 5279 per
2766 5211 2930 5266 verba
2953 5215 3212 5280 ostendit,
3239 5218 3427 5272 sicut:

1849 5311 1868 5345 1
1904 5293 2208 5351 Dixerunt:
2249 5297 2386 5364 Quis
2416 5301 2625 5357 videbit
2655 5304 2792 5358 eos?
2819 5323 2838 5356 1
2877 5319 3000 5375 pro.
3042 5325 3060 5356 1
3105 5308 3196 5361 Sic
3227 5320 3427 5366 cuncta

1844 5383 2116 5441 faciebant
2148 5398 2408 5460 tanquam
2451 5394 2496 5447 si
2557 5409 2720 5449 nemo
2757 5407 2904 5450 esset
2943 5398 3036 5466 qui
3099 5399 3304 5455 videret
3337 5419 3349 5468 ;
3405 5421 3423 5452 1

1842 5485 1931 5531 et:
1968 5496 1986 5528 1
2020 5476 2166 5535 Dixit
2191 5483 2337 5536 enim
2367 5484 2420 5538 in
2454 5487 2619 5541 corde
2650 5502 2775 5555 suo,
2807 5487 2927 5542 Non
2953 5499 3037 5544 est
3063 5489 3237 5559 Deus;
3282 5512 3300 5544 1
3336 5503 3424 5549 et:

1848 5586 1866 5618 1
1909 5569 2202 5628 Dixerunt:
2243 5575 2437 5631 Venite
2465 5588 2518 5632 ct
2549 5579 2934 5650 disperdamus
2969 5599 3065 5638 eos
3088 5584 3155 5639 de
3183 5595 3373 5654 gente;
3404 5605 3420 5635 1

1841 5669 1894 5716 et
1927 5681 1939 5717 :
1980 5681 1999 5713 1
2039 5663 2364 5723 Harreditate
2396 5671 2776 5738 possideamus
2823 5680 3195 5733 sanctuarium
3240 5678 3369 5744 Dei;
3401 5695 3422 5729 1

1839 5761 1933 5808 et:
1972 5752 2272 5812 1Dixerunt
2301 5759 2354 5814 in
2379 5763 2545 5816 corde
2578 5781 2680 5820 suo
2701 5769 2956 5837 cognatio
2982 5784 3175 5824 eorum
3196 5769 3380 5829 simul;
3404 5787 3424 5821 1

1839 5855 1923 5901 et:
1968 5866 1985 5899 1
2027 5847 2277 5918 Dixistis,
2306 5852 2361 5907 lu
2389 5872 2500 5926 quo
2535 5857 2929 5929 despeximus?
2965 5881 2984 5914 1
3017 5860 3105 5923 Et.
3145 5880 3162 5912 1
3212 5862 3424 5927 Dixisti,

3035 5977 3102 6038 Η
