4144 6448
166 447 300 516 1293

1169 433 1496 498 ISAGOGE
1558 430 1639 492 ΙΝ
1700 428 1805 491 SS.
1847 422 2339 488 SCRIPTURAS.
2446 466 2449 471 ί

3307 416 3442 479 1294

229 562 325 617 λδ’.
352 561 427 613 Τὸ
453 557 623 628 πρωῒ,
644 554 737 611 ἐπὶ
758 522 1065 625 ταχυτῆτος
1097 550 1437 613 ἐκλαμϐάνει
1468 546 1756 609 πολλάκις·

1939 538 2032 595 54.
2075 536 2232 591 Mane
2285 530 2692 602 tle-rapiditate
2724 542 2868 600 saepe
2935 527 3192 592 assumit,
3260 528 3442 583 sicut:

160 656 235 717 ὡς
266 653 349 715 τὸ,
388 669 407 702 ι
432 647 700 718 Βοηθήσει
722 647 862 715 αὐτῇ
882 644 911 696 δ
939 642 1073 705 Θεὸς
1102 641 1164 693 τὸ
1196 640 1335 710 πρὸς
1358 637 1505 710 πρωῒ
1530 638 1695 708 πρωϊ·
1724 654 1744 690 ι

161 744 257 799 καὶ
290 742 375 805 τὸ,
403 761 422 794 t
445 738 621 811 Πρωῒ,
644 736 811 807 πρωῒ,
848 733 1010 789 δώσει
1038 733 1100 786 τὸ
1132 735 1304 803 κρῖμα
1329 730 1494 784 αὐτοῦ
1516 746 1563 780 ο)
1594 746 1751 782 τουτ-

164 840 332 902 έστιν,
366 834 462 887 Ἐκ
483 831 580 885 τοῦ
613 828 931 900 παραυτίκα
958 844 970 857 ·
1005 826 1123 890 καὶ,
1204 825 1295 888 Ὣς
1324 824 1563 892 ὄρθρον-ο
1591 839 1750 875 τουτ-

161 929 332 993 ἐστιν,
384 926 476 980 Ἀθ
485 926 626 998 ρόον.

232 1020 329 1072 λε’.
364 1019 477 1087 Τὴν
505 1016 679 1088 χαρὰν
707 1015 826 1086 ἦτοι
855 1013 1000 1083 ζωὴν
1022 1012 1148 1082 φῶς
1170 1011 1319 1077 λέγει
1348 1008 1632 1070 πολλάκις,
1658 1005 1753 1058 καὶ

159 1112 260 1181 τὴν
294 1110 473 1179 λύπην
502 1110 620 1178 ἦτοι
646 1107 738 1161 τὸν
780 1106 1010 1160 θάνατον
1037 1107 1258 1168 σκότος
1282 1119 1295 1131 ’
1324 1102 1433 1154 ἀπὺ
1464 1098 1602 1172 [τοῦ]
1629 1098 1754 1158 τοὺς

164 1203 266 1274 μὲν
298 1200 403 1274 [ἐν]
428 1199 667 1270 εὐθυμία
700 1199 991 1265 διάγοντας
1017 1191 1606 1263 προὸλεπτικωτέρους
1635 1203 1753 1249 πως

161 1290 305 1347 εἶναι
340 1295 397 1345 ἐν
425 1293 537 1354 τοῖς
573 1290 887 1361 πράγμασι,
916 1290 1043 1350 τοὺς
1072 1286 1131 1338 δὲ
1159 1285 1215 1336 ὲν
1236 1280 1444 1352 ἀθυμία
1476 1277 1755 1333 καθεστῶ-

160 1402 261 1447 τας
286 1383 421 1454 μηδὲ
448 1383 517 1435 τὰ
546 1383 603 1434 ὲν
631 1381 759 1434 ποσὶ
804 1378 1043 1448 καθορᾷν
1077 1375 1338 1429 δύνασθαι
1359 1392 1371 1406 ·
1404 1374 1498 1426 καὶ
1519 1372 1627 1425 τῶν
1657 1371 1755 1439 μὲν

162 1476 385 1541 ζώντων
414 1470 556 1526 εἶναι
588 1472 650 1524 τὸ
682 1470 903 1541 βλέπειν
950 1468 1011 1521 τὸ
1041 1465 1154 1535 φῶς
1176 1506 1189 1529 ,
1235 1465 1363 1527 τοὺς
1404 1462 1461 1515 δὲ
1515 1459 1755 1527 ἀποθνή-

165 1585 397 1630 σκοντας
425 1568 481 1620 ὲν
516 1565 698 1619 σκότει
747 1560 1013 1616 διατελεῖν
1034 1576 1049 1588 ·
1103 1557 1201 1627 τὴν
1235 1556 1333 1625 μὲν
1367 1550 1461 1608 οὖν
1489 1550 1685 1621 χαρὰν,
1721 1548 1754 1618 ἢ
1786 1549 1792 1554 ’

164 1660 313 1731 ζωὴν
331 1656 527 1732 [λέγει]
551 1656 677 1725 φῶς
697 1672 709 1684 ·
735 1655 811 1716 ὡς
832 1654 913 1715 τὸ,
940 1672 957 1703 ε
984 1651 1103 1714 Φῶς
1124 1649 1364 1702 ἀνέτειλε
1389 1647 1467 1715 τῷ
1489 1644 1704 1714 δικαίην
1732 1662 1751 1694 ι

164 1756 281 1819 καὶ,
319 1772 337 1803 ‹
384 1752 444 1805 Ὁ
477 1750 609 1812 Θεὸς
641 1767 765 1821 μου,
800 1748 1024 1817 φωτιεῖς
1061 1743 1123 1796 τὸ
1169 1743 1361 1802 σκότος
1393 1756 1495 1809 μου
1522 1756 1533 1768 ·
1580 1756 1599 1788 ι
1634 1736 1758 1789 ἀντὶ

164 1851 283 1915 τοῦ,
311 1870 328 1901 ι
361 1849 474 1920 Τὴν
530 1846 710 1915 λύπην
748 1860 848 1914 μου
897 1842 977 1904 είς
1006 1837 1182 1911 χαρὰν
1235 1832 1698 1904 μετασκευάσεις’

163 1941 263 1993 καί
289 1939 373 2004 τὸ,
407 1919 439 1990 «⁷
468 1937 664 1990 Ἔσται
696 1935 759 1987 τὸ
799 1932 915 2001 φῶς
942 1931 1039 2000 τῆς
1075 1928 1307 1999 σελήνης
1333 1926 1408 1988 ὼς
1429 1924 1489 1976 τὸ
1517 1922 1633 1993 φῶς
1664 1919 1756 1972 τοῦ

167 2034 346 2106 ἡλίου·
368 2052 387 2085 ι
420 2031 512 2085 καὶ
542 2051 561 2083 ι
591 2028 853 2093 Φωτίζου,
873 2025 1136 2095 φωτίζου,
1178 2019 1566 2092 ’1ερουσαλήμ’
1593 2036 1611 2068 ι
1641 2016 1756 2076 καὶ,

174 2146 194 2179 ι
247 2126 373 2180 Ἐὰν
406 2121 662 2195 πορευθῶ
716 2122 775 2173 ὲν
825 2118 1031 2181 σκότει,
1088 2115 1292 2184 Κύριος
1327 2113 1519 2181 φωτιεῖ
1566 2124 1690 2179 μοι·
1733 2127 1752 2160 ι

166 2218 436 2279 τουτέστι,
459 2212 807 2275 ἰὀὺναντίον,
832 2208 966 2281 ἐμοῦ
994 2206 1283 2278 συμφορήν
1304 2204 1400 2258 καὶ
1429 2202 1608 2271 Θλῖψιν
1663 2202 1761 2269 ὑφ·

167 2311 472 2383 ορωμὲνου,
492 2307 638 2380 χαρά
667 2323 751 2369 τις
783 2304 880 2357 καὶ
906 2300 1111 2371 εὐωχία
1133 2301 1197 2353 ὲκ
1227 2294 1535 2368 παραδόξου
1559 2292 1759 2365 συνήν-

166 2420 333 2474 τησε·
373 2402 473 2473 τὴν
518 2400 577 2453 δὲ
618 2397 799 2467 λύπην
841 2395 938 2449 καλ⁸
970 2392 1225 2455 Θάνατον,
1268 2389 1524 2454 σκότος’
1554 2385 1632 2448 ὡς
1672 2385 1757 2451 τὸ,

173 2517 193 2548 ι
229 2499 338 2549 Καὶ
363 2491 518 2556 εἶπα,
555 2492 697 2562 Ἀρα
723 2488 913 2550 σκότος
946 2483 1329 2552 καταπατήσει
1366 2496 1434 2552 με
1457 2495 1471 2508 ·
1511 2496 1529 2530 ι
1560 2476 1655 2531 καὶ
1677 2476 1759 2542 τὸ,

177 2610 194 2641 ι
235 2587 354 2652 Νὺξ
384 2584 665 2656 φωτισμὸς
713 2582 774 2636 ὲν
805 2582 874 2651 τῇ
907 2578 1090 2649 τρυφῇ
1132 2589 1272 2647 μουο
1310 2591 1330 2627 ι
1378 2572 1496 2635 καὶ,
1530 2590 1549 2623 t
1589 2569 1758 2634 Φόὸος

172 2681 264 2735 καὶ
290 2680 491 2752 τρόμος
519 2672 687 2747 ἦλθεν
715 2673 801 2726 ἐπ’
827 2670 951 2742 ἐμὲ,
983 2669 1079 2723 καὶ⁸
1100 2663 1342 2736 ἐκάλυψέ
1378 2681 1446 2735 με
1480 2662 1671 2725 σκότος
1691 2678 1704 2692 ⁸
1733 2680 1751 2713 ι

173 2776 289 2836 καὶ,
318 2792 344 2845 η(
378 2770 604 2826 Ἐθεντό
631 2784 700 2839 με
722 2769 780 2821 ὲν
803 2762 994 2834 λάκκῳ
1026 2759 1350 2830 κατωτάτῳ,
1384 2760 1442 2812 ὲν
1466 2755 1764 2821 σκοτεινοῖς

175 2865 268 2921 καὶ
302 2868 361 2919 ὲν
392 2864 525 2934 σκιᾷ
555 2854 811 2917 θανάτου.
850 2877 868 2909 ι

250 3145 359 3210 λς’.
396 3142 714 3197 Συντέλειαν
760 3138 871 3192 τῶν
929 3135 1217 3206 στοιχείων
1240 3132 1485 3205 ὁρίζεται
1531 3130 1625 3183 ἐπὶ
1653 3128 1762 3182 τῶν

1860 649 1878 682 ι
1912 629 2347 699 Adjuvabiteam
2368 623 2512 677 Deus
2546 617 2969 673 manodiluculo
2997 635 3012 683 ;
3044 635 3063 667 ι
3102 624 3180 677 et.
3214 633 3233 667 ι
3270 613 3448 677 Mane.

1856 735 2041 783 mane,
2094 718 2371 787 judicium
2400 729 2563 770 suum
2590 710 2765 776 dabit,
2800 729 2817 761 ι
2864 708 2918 764 id
2948 720 3053 775 est,
3106 706 3403 764 confestim
3436 726 3450 773 ;

1855 820 1931 874 et,
1985 809 2259 875 Ditucufo,
2293 807 2346 861 id
2375 815 2481 868 est,
2534 802 2742 857 Statim.
2785 799 2959 870 (Psal.
2994 817 3118 866 va,
3167 800 3242 863 ϐξ
3284 798 3446 866 Soph.

1856 919 1937 962 ιιι.
1969 902 2048 969 5.)

1922 989 2295 1046 5:3.Lctitiam
2321 996 2415 1043 aut
2434 989 2599 1043 vitam
2631 988 2804 1041 lumen
2858 1000 3001 1053 smpc
3042 983 3198 1048 dicit,
3225 992 3281 1039 et
3318 984 3451 1039 ami-

1855 1084 2096 1137 ctionem
2126 1101 2140 1148 ;
2179 1090 2432 1145 mortem,
2476 1081 2714 1135 tenebras
2745 1095 2763 1143 ;
2791 1094 2855 1133 ex
2883 1094 2949 1133 eo
2978 1077 3125 1146 quod
3154 1078 3206 1131 lii
3253 1078 3347 1146 qui
3397 1093 3451 1130 in

1858 1177 2049 1230 laetitia
2073 1175 2280 1243 degunt
2322 1173 2758 1243 perspicaciores
2789 1170 3030 1241 quodam
3054 1169 3220 1223 modo
3254 1170 3369 1224 sint
3399 1171 3451 1221 in

1859 1266 2116 1335 negotiis,
2145 1267 2231 1320 isti
2265 1281 2397 1320 vero
2448 1267 2543 1335 qui
2587 1267 2640 1318 iu
2686 1265 2857 1318 anitni
2910 1263 3255 1319 demissioue
3301 1274 3454 1319 stant

1862 1374 1962 1413 nec
1999 1375 2123 1429 qua:
2179 1360 2338 1414 obvia
2371 1367 2501 1412 sunt
2554 1359 2830 1426 respicere
2896 1359 3151 1427 possint;
3199 1367 3254 1411 et
3300 1359 3452 1427 quod

1860 1451 2162 1507 viventium
2186 1451 2257 1507 sit
2292 1452 2476 1506 lumen
2506 1451 2710 1514 videre,
2741 1451 2872 1504 dum
2897 1451 3201 1505 morientes
3222 1451 3277 1505 in
3303 1459 3441 1504 tene-

1862 1543 1973 1596 bris
2032 1551 2534 1608 consummantur;
2612 1542 2852 1595 Izetitiam
2909 1554 3041 1611 ergo
3108 1549 3204 1595 aut
3258 1540 3451 1605 vitam,

1861 1632 2042 1708 [dicit]
2095 1636 2306 1701 lumen,
2343 1636 2506 1691 sicut.
2564 1654 2589 1686 ‹
2618 1633 2734 1688 Lux
2782 1644 2903 1687 orta
2950 1642 3035 1688 est
3086 1632 3259 1702 justo,
3291 1652 3309 1685 ι
3370 1643 3449 1696 ct,

1868 1742 1886 1774 ι
1926 1723 2069 1777 Deus
2119 1738 2297 1786 meus,
2350 1722 2689 1777 illuminabis
2744 1722 3000 1776 tenebras
3065 1736 3239 1785 meas,
3279 1740 3297 1772 ι
3355 1736 3456 1790 pro

1870 1833 1889 1865 ι
1928 1815 2291 1871 Δαιίοιίοιιοιιι
2327 1829 2509 1868 meam
2536 1814 2589 1868 in
2618 1812 2863 1868 laetitiam
2899 1812 3103 1866 mutari
3131 1811 3353 1881 parabis
3385 1826 3400 1877 ;
3432 1830 3451 1863 ›

1863 1916 1915 1961 et
1944 1925 1958 1961 :
1996 1926 2016 1959 ι
2053 1905 2172 1962 Erit
2202 1907 2297 1961 lux
2333 1906 2479 1960 luna:
2502 1907 2647 1960 sicut
2676 1906 2767 1959 lux
2805 1904 2940 1960 solis
2969 1921 2984 1969 ;
3016 1922 3036 1956 ο
3070 1913 3147 1969 et,
3186 1922 3206 1955 ι
3241 1902 3459 1958 lllumi-

1863 2015 2013 2067 nare,
2052 2000 2387 2068 illuminare,
2417 1997 2721 2053 Jerusalem
2748 2015 2763 2063 ;
2804 2016 2823 2049 ›
2863 2005 2937 2062 et,
2970 2016 2987 2048 ι
3016 1996 3151 2051 Cum
3181 1997 3461 2053 incessero

1862 2093 2126 2159 tenebris,
2154 2093 2421 2147 Dominus
2440 2091 2532 2147 lux
2560 2107 2677 2146 mea
2712 2099 2816 2155 est,
2854 2110 2873 2143 ι
2902 2090 2956 2144 id
2976 2097 3084 2156 est,
3166 2088 3210 2144 E
3237 2100 3460 2145 contra-

1862 2188 1948 2243 rio
1992 2204 2079 2242 me
2120 2187 2175 2241 in
2225 2187 2633 2249 calamitatibus
2657 2195 2713 2240 et
2758 2183 3081 2240 infortuniis
3134 2195 3456 2254 apparenle,

1864 2278 2053 2334 laetitia
2078 2279 2355 2349 quaedam,
2376 2286 2431 2332 et
2447 2274 2764 2333 convivium
2796 2290 2861 2328 ex
2892 2273 3126 2329 adverso
3159 2272 3421 2328 obviavit.

1865 2370 2230 2426 Amictionem
2286 2378 2342 2424 et
2397 2377 2687 2432 mortem,
2729 2366 2990 2431 tenebras,
3074 2365 3252 2425 sicut,
3330 2382 3348 2416 ι
3397 2364 3462 2418 Et

1862 2465 2016 2521 dixi:
2062 2463 2317 2520 Forsitan
2370 2462 2606 2519 tenebrae
2679 2459 3093 2538 conculcabunt
3146 2474 3329 2524 me;i
3384 2468 3459 2523 et,

1868 2575 1887 2610 ι
1914 2556 2032 2613 Nox
2091 2556 2423 2612 illuminatio
2468 2554 2525 2609 in
2554 2553 2768 2609 deliciis
2800 2552 2968 2618 meis;
3004 2571 3022 2604 ι
3080 2560 3158 2616 et,
3215 2570 3235 2604 ι
3275 2550 3463 2605 Timor

1864 2654 1921 2701 et
1946 2654 2159 2700 tremor
2189 2651 2461 2700 venerunt
2490 2657 2660 2713 super
2725 2656 2812 2697 me
2843 2651 2899 2698 et
2958 2650 3329 2698 contexerunt
3376 2657 3465 2696 me

1866 2737 2148 2803 tenebrae;
2187 2755 2208 2789 ι
2246 2745 2323 2801 et,
2387 2754 2405 2786 ι
2437 2733 2751 2790 Posueruut
2783 2748 2869 2788 me
2912 2733 2966 2788 in
3023 2733 3143 2788 lacu
3188 2733 3464 2798 inferiori,

1876 2829 1932 2884 in
1962 2829 2267 2885 tenebrosis
2310 2838 2365 2884 et
2412 2829 2467 2882 in
2513 2826 2708 2881 umbra
2764 2825 2980 2881 mortis.
3008 2845 3026 2878 ι
3095 2825 3276 2889 (Ρεαι.
3315 2842 3462 2889 xcvi,

1874 2921 1935 2973 ll
1971 2938 1987 2984 ;
2019 2936 2152 2986 xvn,
2180 2920 2286 2988 29;
2322 2918 2438 2974 Isa.
2480 2935 2612 2984 xu,
2651 2918 2758 2985 26;
2803 2921 2948 2986 1.x,l
2984 2939 2999 2987 ;
3044 2918 3211 2975 Mich.
3254 2938 3356 2987 vn,
3380 2923 3413 2975 8
3447 2939 3462 2988 ;

1872 3013 1965 3069 Ps.
2004 3029 2277 3080 cxxxvm,
2320 3014 2423 3080 ll;
2459 3013 2667 3081 Ltv,6;
2707 3030 2953 3080 unm,
2989 3015 3069 3086 7.)

1936 3104 2027 3161 36.
2057 3105 2253 3161 Finem
2285 3106 2688 3160 elementorum
2714 3104 2910 3160 defluit
2941 3119 3039 3176 per
3075 3106 3368 3161 obscurata
3410 3118 3466 3163 et

181 3196 620 3311 ἀμαυρουμένων
646 3232 743 3285 καὶ
777 3230 1019 3300 καθορᾷν
1048 3196 1124 3299 fit;
1157 3196 1661 3296 συγγωήρουμένων·
1690 3220 1762 3284 ὡς

1870 3215 1930 3254 ea
1977 3199 2181 3269 quibus
2236 3197 2422 3253 videre
2451 3212 2560 3252 non
2593 3196 2783 3264 datur,
2818 3198 2967 3252 sicut
3009 3215 3021 3251 :
3060 3215 3078 3249 ι
3121 3198 3215 3251 Sol
3244 3208 3296 3252 et
3333 3200 3463 3253 luna

1881 3292 2213 3311 ,μμ--..μη
2270 3298 2381 3311 ηω.
2420 3301 2463 3311 _.
2509 3290 2678 3311 ﬂ-..“
2718 3298 3069 3311 --.μμ-η-..

181 3333 263 3395 τὸ,
304 3350 322 3383 ι
370 3330 429 3382 '0
476 3328 629 3398 ἥλιος
679 3324 781 3379 καὶ
810 3325 845 3394 ἠ
878 3322 1079 3393 σελήνη
1140 3317 1561 3381 συσκοτάσουσι,
1595 3313 1691 3367 καὶ
1720 3312 1769 3365 οί

183 3424 413 3495 ἀστέρες
470 3422 530 3475 οὺ
588 3418 825 3473 δώσουσι
873 3414 948 3488 (6)
999 3413 1061 3468 τὸ
1098 3412 1304 3482 φέγγος
1343 3408 1558 3462 αὐτῶνθ
1599 3425 1618 3459 ι
1654 3405 1769 3469 καὶ,

190 3537 209 3571 ι
251 3518 457 3587 Κύριος
484 3513 646 3566 δώσει
682 3509 866 3580 φωνὴν
892 3507 999 3562 ἀπὸ
1034 3504 1338 3577 προσώπου
1361 3501 1645 3572 δυνάμεως
1674 3498 1772 3552 αὐ-

184 3602 303 3665 τοῦ,
333 3603 415 3657 ὅτι
447 3599 616 3669 πολλή
648 3600 767 3650 ἐστι
798 3594 1005 3666 σφόδρα
1038 3595 1072 3664 ἠ
1095 3590 1422 3664 παρεμϐολὴ
1452 3589 1643 3646 αὐτοῦ.
1679 3605 1698 3635 ι

256 3695 354 3758 λζ’.
380 3691 492 3763 Τὴν
529 3689 754 3763 ἐπὶτῶν
787 3684 1150 3757 ἀνθρωπίνων
1187 3683 1381 3737 κακῶν
1425 3679 1774 3751 συγχώρησιν

186 3787 281 3841 τοῦ
312 3759 471 3850 Θεοῦ,
506 3759 583 3847 ὡς
626 3781 829 3854 πρᾶξιν
881 3778 1050 3834 αὑτοῦ
1077 3778 1259 3847 λέγει·
1311 3773 1500 3844 ἐπειδὴ
1528 3771 1775 3826 κωλῦσαι

186 3878 508 3949 δυνάμενος,
531 3874 692 3927 τοῦτο
717 3875 778 3926 οὐ
801 3873 972 3926 ποιεῖ·
1010 3870 1087 3935 ὼς
1108 3869 1192 3934 τὸ,
1221 3886 1240 3918 t
1281 3866 1375 3937 Μὴ
1395 3863 1649 3933 ἐκκλίνῃς
1674 3863 1775 3933 τὴν

188 3970 420 4042 καρδίαν
460 3985 559 4039 μου
595 3968 675 4030 είς
714 3965 907 4032 λόγους
932 3961 1233 4034 πονηρίας·
1276 3979 1296 4012 ι
1333 3959 1463 4022 καὶ,
1506 3976 1525 4009 ι
1565 3957 1659 4027 Μὴ
1685 3956 1777 4010 ὲκ-

188 4062 376 4134 κλίνῃς
398 4064 455 4113 ὲν
470 4060 610 4128 ὀργῇ
634 4056 742 4111 ἀπὸ
770 4054 871 4108 τοῦ
886 4053 1077 4108 δούλου
1106 4068 1203 4105 σου
1225 4067 1239 4082 ·
1275 4068 1295 4103 ι
1326 4049 1443 4113 καὶ,
1472 4066 1493 4100 ι
1541 4047 1777 4114 Ἐξέκλι-

186 4170 285 4214 νας
307 4152 410 4215 τὰς
425 4150 645 4220 τρίόους
674 4147 829 4216 ἡμῶν
851 4142 1075 4212 ἀπδ,τῆς
1102 4138 1223 4195 ὁδοῦ
1243 4156 1336 4192 σου
1359 4154 1374 4169 ·
1407 4156 1425 4189 ι
1448 4137 1562 4201 καὶ,
1587 4154 1606 4189 t
1643 4136 1775 4189 Ἰδοὺ

190 4243 303 4311 ἐγὼ
361 4240 552 4295 πλανῶ
608 4239 800 4306 αὐτὴν,
840 4235 970 4304 περ)⁹
1020 4233 1121 4305 τῆς
1156 4229 1548 4303 Ἰερουσαλήμ·
1593 4246 1612 4281 ι
1658 4228 1773 4292 καὶ,

194 4356 212 4388 ι
254 4334 320 4388 Τί
367 4333 682 4400 ἐπλάνησας
733 4330 901 4400 ἡμᾶς,
936 4325 1135 4396 Κύριε,
1181 4324 1291 4378 ἀπὸ
1318 4324 1417 4394 τῆς
1470 4320 1590 4375 ὁδοῦ
1645 4337 1773 4389 sou;

189 4426 530 4496 ἑσκλὴρυνας
560 4424 657 4484 τὰς
690 4419 922 4489 καρδίας
958 4416 1117 4489 ἡμῶν
1142 4415 1237 4471 τοῦ
1268 4416 1344 4487 μὴ
1375 4412 1786 4485 φοϐεῖσθαίσιί

188 4518 307 4582 καὶ,
334 4535 353 4568 ι
386 4512 714 4584 Σκληρύνων
745 4508 1034 4580 σκληρυνῶ
1062 4506 1163 4579 τὴν
1186 4506 1418 4579 καρδίαν
1441 4502 1644 4575 Φαραὼ
1680 4504 1775 4558 καὶ

186 4610 296 4662 τῶν
332 4605 680 4677 Θεραπόντων
718 4600 920 4655 αὑτοῦ·
957 4616 984 4651 r
1013 4598 1128 4664 καὶ,
1170 4616 1188 4649 ι
1229 4596 1553 4667 Παρέδωκεν
1576 4595 1774 4658 αὐτοὺς
1808 4569 1852 4626 θ

186 4703 216 4753 ὁ
246 4699 377 4757 Θεὸς
407 4700 486 4759 εἰς
518 4695 779 4758 ἀδόκιμον
809 4690 958 4745 νοῦν.
1004 4708 1023 4740 ι

258 4788 364 4858 λη’.
397 4786 471 4839 Τὸ
490 4784 714 4837 δυνατὸν
737 4781 837 4834 τοῦ
861 4780 999 4833 Θεοῦ
1023 4778 1115 4832 διὰ
1143 4777 1243 4847 τῆς
1276 4776 1530 4846 πράξεως
1571 4774 1773 4831 πολλὰ·

194 4901 279 4945 κις
307 4881 488 4948 λέγει·
524 4877 599 4939 ὡς
632 4875 712 4939 τὸ,
752 4892 772 4925 ‹
814 4872 873 4927 Ὁ
896 4870 1206 4924 ἐπιϐλέπων
1235 4871 1331 4922 ἐπὶ
1368 4868 1466 4939 τὴν
1507 4869 1631 4938 γῆν,
1679 4870 1777 4924 καὶ

193 4975 365 5028 ποιῶν
399 4972 569 5041 αὐτὴν
598 4967 858 5039 τρέμειν·
895 4984 914 5017 ι
956 4964 1086 5029 καὶ,
1125 4982 1153 5016 ι
1195 4963 1255 5014 '0
1299 4960 1537 5015 ἀπειλῶν
1574 4964 1642 5033 τῇ
1679 4962 1776 5015 Θα-

192 5070 388 5139 λάσσῃ,
415 5067 514 5125 καὶ
544 5063 813 5133 ξηραίνων
841 5056 1033 5128 αὐτὴν,
1062 5057 1157 5110 καὶ
1185 5054 1395 5119 πάντας
1438 5055 1567 5118 τοὺς
1607 5072 1769 5108 ποτα.

197 5163 331 5232 μοὺς
357 5155 674 5229 ἔξερημῶνο
721 5172 740 5205 ι
781 5153 896 5213 καὶ,
936 5170 955 5202 ι
994 5147 1191 5221 [Κατὰ
1216 5148 1383 5211 πόδας
1422 5145 1615 5219 αὐτοῦ]
1644 5146 1775 5219 ἔστη

194 5252 289 5306 καὶ
319 5246 588 5315 ἐσαλεύθη
612 5247 647 5315 ἡ
678 5243 785 5312 γῆ·
833 5238 1121 5308 ὲπέϐλεψε,
1157 5236 1255 5291 καὶ
1289 5237 1463 5305 ἐτάκη
1497 5233 1647 5306 ἔθνη.
1680 5252 1700 5285 ι

266 5428 363 5480 λο’.
396 5420 673 5492 Πολλαχοῦ
715 5420 813 5490 τὴν
851 5416 1052 5485 σάρκα
1100 5414 1271 5482 λέγει,
1317 5412 1439 5483 1ἢτοι
1483 5409 1572 5464 ἐπ’
1608 5408 1781 5480 αὐτῆς

195 5522 294 5590 τῆς
328 5516 543 5587 φύσεως
563 5532 581 5549 ο
618 5515 690 5576 ὡς
721 5514 806 5575 τὸ,
831 5531 849 5562 ι
877 5508 1104 5562 Ἐθεντο
1128 5509 1227 5570 τὰς
1250 5504 1461 5574 σάρκας
1484 5503 1593 5557 τῶν
1620 5501 1784 5556 ὁσίων

197 5632 291 5667 σου
324 5614 433 5673 τοῖς
462 5609 672 5678 θηρίοις
707 5606 805 5676 τῆς
841 5605 972 5673 γῆς·
1028 5601 1061 5671 ἦ
1104 5599 1198 5653 ἐπὶ
1240 5595 1613 5666 φαυλότητοςο
1654 5611 1673 5644 ι
1707 5592 1785 5656 ὡς

195 5704 278 5766 1)),
318 5721 334 5752 t
373 5701 446 5752 Οὐ
484 5700 559 5768 μὴ
591 5701 900 5767 καταμείνῃ
950 5693 1011 5746 τὸ
1044 5689 1264 5759 πνεῦμά
1319 5702 1417 5757 μου
1451 5688 1509 5737 ἐν
1550 5686 1666 5747 τοῖς
1688 5685 1784 5737 ἀν-

1873 3292 2215 3351 obtenebrati
2255 3298 2381 3347 sunt
2413 3301 2467 3345 et
2506 3290 2683 3345 stellae
2718 3298 3074 3344 retraxerunt
3114 3291 3464 3361 splendorem

1874 3397 2059 3447 suum,
2090 3401 2109 3432 ι
2163 3392 2258 3438 et:
2298 3400 2317 3433 ι
2359 3380 2628 3436 Dominus
2661 3380 2812 3435 dedit
2873 3394 3066 3434 vocem
3122 3397 3278 3435 suam
3340 3392 3468 3435 ante

1875 3472 2071 3529 faciem
2103 3473 2362 3542 potentiae
2386 3486 2521 3537 suae,
2555 3472 2685 3541 quia
2720 3470 2894 3525 multa
2928 3480 3059 3525 sunt
3084 3470 3248 3525 nimis
3282 3483 3466 3528 castra

1873 3565 2015 3635 ejus.
2046 3559 2242 3633 »(Ιοει.
2273 3581 2356 3627 ιιι,
2384 3564 2492 3627 ίῦς
2525 3580 2584 3630 ιι,
2619 3558 2742 3629 ll.)

1944 3657 2035 3712 57.
2070 3656 2129 3711 in
2154 3658 2444 3712 hominum
2487 3656 2647 3711 malis
2700 3656 3121 3727 permissionem
3152 3672 3181 3712 a
3214 3656 3326 3712 Deo
3350 3669 3468 3712 tan-

1875 3761 2043 3818 quam
2090 3748 2369 3804 actionem
2417 3749 2538 3818 ejus
2569 3748 2725 3814 dicit,
2757 3763 2884 3804 eum
2938 3750 3205 3820 impedire
3252 3750 3465 3818 valens,

1876 3840 2012 3895 illud
2043 3856 2155 3897 non
2198 3840 2353 3909 facit,
2384 3840 2568 3897 sicut:
2618 3858 2637 3893 ι
2674 3840 2754 3897 Ne
2782 3842 3028 3899 declines
3059 3859 3157 3899 cor
3198 3860 3379 3900 meum
3410 3847 3466 3901 in

1877 3934 2043 3989 verba
2072 3934 2336 3999 malitiae;
2376 3952 2395 3986 ι
2449 3943 2522 3996 et,
2564 3953 2583 3987 ι
2615 3933 2695 3990 Ne
2727 3936 2977 3992 declines
3025 3936 3079 3990 in
3127 3938 3208 3991 ira
3242 3952 3272 3991 a
3307 3953 3469 3992 sei-ru

1878 4032 1973 4079 tuo
2004 4041 2020 4091 ;
2057 4044 2075 4077 ι
2101 4033 2175 4089 et,
2211 4044 2232 4077 ι
2272 4022 2571 4080 Deelinasti
2596 4023 2823 4080 semitas
2856 4033 3076 4080 nostras
3103 4040 3134 4079 α
3162 4026 3250 4081 via
3275 4034 3407 4094 tua;
3441 4048 3459 4079 υ

1877 4126 1951 4179 et,
1981 4114 2157 4171 «Ecce
2182 4130 2281 4186 ego
2317 4132 2505 4171 errare
2521 4115 2664 4170 facio
2693 4130 2838 4183 eam,
2872 4135 2891 4167 ι
2931 4116 2997 4171 de
3018 4115 3322 4172 Jerusalem
3346 4135 3360 4182 ;
3388 4129 3465 4183 et,

1884 4225 1904 4258 σ
1928 4206 2113 4273 Quare
2142 4222 2332 4263 errare
2389 4222 2491 4264 nos
2521 4207 2725 4274 feciSti,
2772 4207 3026 4273 Domine,
3060 4208 3129 4265 de
3162 4211 3265 4266 viis
3299 4212 3414 4266 tuis
3442 4214 3467 4265 ?

1878 4297 2149 4353 Indurasti
2176 4314 2274 4355 eor
2296 4308 2549 4355 nostrum
2575 4317 2642 4356 ne
2661 4301 2985 4356 timeremus
3008 4314 3058 4357 te
3084 4320 3097 4369 ;
3128 4322 3146 4355 ι
3173 4313 3248 4369 et,
3274 4302 3468 4358 cludu-

1877 4406 2007 4448 rans
2041 4392 2296 4447 induravi
2328 4408 2423 4447 cor
2464 4392 2772 4449 Pharaonis
2801 4405 2855 4449 et
2905 4410 3195 4450 servorum
3246 4398 3402 4467 ejus;
3440 4418 3461 4449 ι

1879 4495 1953 4548 et,
1990 4504 2009 4536 ι
2039 4483 2291 4539 Tradidit
2322 4486 2444 4541 illos
2492 4486 2637 4541 Deus
2685 4487 2740 4540 iu
2798 4488 3090 4556 reprobum
3154 4504 3402 4546 sensum.
3443 4511 3461 4541 ι

1880 4576 2054 4648 (Psal.
2080 4593 2203 4644 exn,
2237 4579 2314 4643 4;
2351 4594 2500 4639 tum.
2530 4578 2609 4645 9;
2659 4594 2818 4643 ιιιιι,
2846 4580 2942 4645 19;
3004 4578 3118 4640 Iw.
3173 4598 3326 4646 ant,
3358 4586 3462 4649 l7;

1877 4688 1933 4725 κ.
1973 4671 2035 4739 1;
2068 4688 2178 4736 xlv,
2211 4672 2269 4736 4,
2304 4672 2413 4738 17;
2451 4671 2607 4726 Rom.
2641 4688 2680 4737 ι,
2708 4672 2825 4744 28.)

1947 4763 2037 4819 58.
2070 4763 2228 4829 Quod
2262 4763 2371 4819 Deo
2420 4765 2687 4835 possibile
2744 4776 2827 4822 est
2861 4783 2956 4837 per
2994 4768 3269 4823 actionem
3322 4787 3469 4842 stupe

1876 4855 2032 4920 dicit,
2054 4856 2196 4911 sicut
2227 4876 2239 4912 :
2269 4875 2287 4909 ι
2316 4855 2420 4924 Qui
2450 4858 2675 4928 respicit
2706 4866 2908 4914 terram
2943 4870 2997 4915 et
3048 4860 3177 4916 facit
3205 4877 3325 4916 eam
3360 4872 3469 4917 tre-

1878 4962 2066 5013 mere;
2103 4964 2122 4998 »
2156 4956 2230 5013 et,
2298 4966 2316 4999 ι
2353 4947 2651 5018 lncrepans
2700 4964 2851 5002 mare
2898 4959 2953 5003 et
3008 4950 3298 5005 exsiccans
3334 4952 3466 5005 illud

1877 5045 1931 5091 et
1980 5037 2165 5091 omnia
2222 5037 2452 5092 ﬂumina
2500 5038 2566 5091 ad
2628 5039 2912 5093 desertum
2974 5039 3300 5107 deducens;
3340 5060 3359 5093 ι
3416 5052 3470 5095 et

1881 5146 1900 5179 ‹
1940 5125 2099 5200 [Ante
2124 5129 2286 5198 pedes
2307 5129 2456 5201 ejus]
2487 5131 2638 5185 stetit
2663 5140 2716 5185 et
2741 5132 2945 5201 agitata
2976 5141 3060 5186 est
3112 5143 3276 5198 terra,
3320 5148 3471 5203 aspe-

1878 5220 1959 5273 xit
2010 5230 2065 5274 et
2119 5220 2408 5276 dissoluta;
2451 5231 2583 5277 sunt
2633 5232 2892 5292 gentes.»
2948 5222 3125 5293 (Psat.
3170 5240 3306 5290 cm,
3355 5226 3467 5292 52;

1883 5309 2099 5364 Nahum
2134 5326 2171 5374 ι,
2205 5314 2239 5367 4
2271 5330 2285 5377 ;
2330 5309 2536 5365 Habac.
2571 5329 2656 5379 ιιι,
2693 5313 2748 5378 5,
2778 5312 2858 5383 6.)

1954 5404 2041 5458 59.
2071 5404 2225 5475 Saepe
2251 5420 2464 5458 carnem
2494 5405 2637 5460 dixit
2668 5407 2753 5460 vel
2784 5406 2850 5461 de
2882 5408 2999 5477 ipsa
3033 5417 3251 5473 natura,
3272 5409 3421 5463 sicut
3452 5425 3469 5462 :

1892 5514 1911 5545 ι
1952 5494 2259 5549 l’osueruut
2332 5512 2529 5551 carnes
2608 5482 2929 5552 sanctorum
2994 5510 3217 5567 tuorum
3280 5500 3473 5555 bestiis

1887 5599 2084 5656 terrae;
2118 5607 2136 5640 ι
2175 5591 2260 5643 vel
2296 5591 2362 5643 de
2403 5590 2635 5657 vilitate,
2672 5592 2816 5647 sicut
2846 5610 2859 5646 :
2913 5610 2931 5643 ι
2964 5590 3087 5647 Νοιι
3132 5596 3473 5663 permanebit

1887 5681 1940 5735 in
1965 5692 2230 5737 teter-num
2250 5683 2488 5753 Spiritus
2505 5700 2658 5741 meus
2677 5685 2732 5740 in
2757 5684 2981 5747 homine
2999 5688 3128 5758 quia
3151 5703 3284 5743 caro
3305 5698 3389 5743 est
3410 5706 3423 5755 ;
3448 5705 3471 5741 θ

1361 5801 1593 5856 mmo.
1630 5797 2029 5856 llOESCllELll
2060 5781 2310 5856 Nor/EI

269 5938 344 6004 (υ)
375 5936 457 5987 Οὺ
489 5932 760 5987 δώσουσι
802 5929 919 5985 Lib.
953 5928 1108 5994 editi,
1140 5925 1390 5981 δώσουσιτ
