4144 6448
208 427 337 490 1297
1249 431 1570 491 lSAGOGE
1605 429 1683 489 1N
1707 425 1783 488 SS

1888 419 2331 486 CRIPTURAS.
3328 414 3464 478 1998

271 536 344 603 μβ
365 573 380 588 .
411 533 484 587 Tb
533 534 645 600 ἕως
697 535 965 605 πολλαχοῦ
1018 537 1096 606 (7)
1127 539 1226 591 οὐκ
1273 542 1364 591 ἐπὶ
1389 539 1582 609 χρόνου
1610 537 1778 604 λέγει,

1957 531 2047 585 l2.
2083 528 2260 580 Donec
2317 539 2459 594 saepe
2490 538 2595 578 non
2637 522 2704 578 de
2757 531 3002 593 tempore
3053 519 3206 583 dicit,
3249 520 3343 574 sed
3399 522 3464 574 de

194 625 422 678 ἀλλ’ὲπὶ
448 624 542 679 τοῦ
573 626 740 678 αὑτοῦ
771 628 1096 696 πράγματος
1117 644 1132 660 ·
1165 627 1240 689 ὡς
1281 628 1361 692 τὸ,
1403 647 1420 678 ι
1471 629 1580 679 Καὶ
1628 629 1686 678 ὲν
1709 627 1776 694 τῇ

1888 623 2073 677 cadent
2108 636 2187 685 re,
2221 620 2405 674 sicut:
2467 637 2484 668 ‹
2515 615 2580 669 Et
2633 617 2686 668 in
2741 616 2934 670 umbra
2974 614 3184 668 alarum
3242 623 3461 667 tuarum

194 717 325 785 σκιᾷ
349 716 458 769 τῶν
480 716 766 786 πτερύγων
785 733 880 769 σου
906 717 1080 771 ὲλπιῶ
1104 718 1210 782 ἕως
1235 713 1299 772 οὗ
1323 718 1571 792 παρέλθῃ
1601 719 1778 788 ήάνο-

1888 715 2136 784 sperabo,
2198 714 2376 766 donec
2435 718 2683 765 transeat
2745 708 3050 778 iniquitas;
3099 725 3115 757 ι
3165 720 3273 761 ιιοιι
3315 706 3462 758 enim

195 808 318 875 μία.
355 827 375 860 ι
414 808 491 861 Οὐ
542 808 652 879 γὰρ
690 810 830 878 μετὰ
877 809 1039 864 τοῦτο
1067 811 1167 880 τῆς
1211 811 1345 882 πρὸς
1392 811 1525 864 Θεὸν
1563 809 1777 870 ἐλπίδος

1888 818 2004 876 post
2039 807 2141 859 lroc
2173 822 2200 858 ο
2229 820 2328 872 spe
2379 803 2434 856 in
2471 801 2639 856 Deum
2669 795 2952 856 immutari
2979 801 3189 866 debuit;
3211 808 3285 864 et,
3318 816 3336 850 ι
3365 799 3468 854 Do-

193 897 424 966 έμελλεν
476 899 920 954 ἀπαλλάττεσθαι
944 918 958 932 ·
1017 903 1135 965 καὶ,
1198 922 1216 954 ι
1254 904 1396 965 Ἕως
1428 903 1494 956 ἂν
1538 901 1618 954 θῶ
1655 901 1779 964 τοὺς

1888 914 1982 953 nec
1996 897 2471 968 ponam-inimicos
2486 906 2608 953 tuos
2626 896 2924 953 scabellum
2954 897 3148 964 pedum
3175 905 3414 949 tuorum.
3444 913 3462 944 ι

191 989 426 1060 ἐχθρούς
459 1007 553 1044 σου
584 992 874 1047 ὑποπόδιον
902 994 1012 1048 τῶν
1038 994 1215 1048 ποδῶν
1239 1012 1333 1048 σου
1356 1010 1369 1024 ·
1402 1013 1420 1045 ι
1451 994 1565 1059 καὶ,
1597 1013 1616 1044 ι
1641 991 1778 1061 Ἐγώ

1888 990 1970 1056 Ει,
2008 1010 2026 1041 ι
2061 993 2173 1061 Ego
2229 991 2367 1060 ipse,
2395 991 2570 1045 donec
2599 994 2932 1047 senescatls.
2967 1008 2985 1040 ι
3023 989 3108 1055 Ει,
3168 1008 3187 1040 ι
3221 988 3464 1055 Quaerite

195 1083 311 1151 είμι
346 1081 450 1145 ἓως
480 1081 548 1135 ἀν
578 1084 1029 1154 καταγηράσητε.
1087 1103 1105 1136 ι
1149 1085 1283 1148 Καὶ,
1333 1106 1352 1136 ι
1406 1083 1779 1152 Ἐκζητήσατε

1888 1083 2176 1136 Dominum
2202 1081 2378 1136 donec
2411 1082 2636 1136 veniant
2664 1081 2822 1136 vobis
2849 1081 3129 1152 genimina
3150 1080 3377 1149 justitiaa
3403 1095 3417 1144 ;
3445 1098 3462 1130 ι

194 1175 287 1225 τὸν
309 1173 517 1243 Κύριον
536 1173 641 1236 ἒως
666 1173 762 1227 τοῦ
786 1175 964 1234 ἐλθεῖν
987 1177 1117 1245 ὑμῖν
1148 1177 1466 1244 γεννήματα
1501 1171 1780 1226 δικαιοσύ-

1888 1186 1958 1238 et,
1995 1191 2015 1225 ι
2043 1173 2162 1228 Non
2196 1174 2484 1243 proposuit
2513 1172 2736 1228 Samuel
2788 1174 2973 1229 videre
3020 1172 3152 1227 Saul
3197 1185 3372 1240 usque
3400 1173 3467 1225 ad

193 1279 294 1329 νης
317 1279 335 1298 ⁸
367 1281 384 1313 ι
419 1250 593 1326 καλέ(
622 1263 696 1317 Οὐ
722 1263 1020 1337 προσέθετο
1045 1263 1300 1335 Σαμουὴλ
1333 1264 1462 1317 ίδετν
1489 1262 1580 1315 τὸν
1609 1259 1782 1314 Σαοὺλ

1888 1267 2033 1321 diem
2074 1265 2267 1320 mortis
2315 1280 2470 1330 suae;
2510 1283 2528 1316 ι
2565 1273 2640 1330 et,
2672 1283 2691 1316 ι
2727 1266 2868 1321 Ecce
2889 1280 2990 1334 ego
3027 1265 3315 1320 vobiscum
3344 1279 3466 1318 sum

195 1355 301 1415 ἕως
341 1353 559 1424 ἡμέρας
610 1353 844 1408 θανάτου
875 1355 1044 1408 αὐτοῦ
1069 1370 1085 1384 ·
1140 1374 1158 1406 ι
1195 1355 1289 1408 xui.
1315 1355 1395 1420 τὸ,
1452 1372 1472 1406 ι
1507 1353 1638 1408 Ἰδοὺ
1671 1351 1783 1420 ἐγὼ

1888 1358 2142 1412 omnibus
2152 1357 2347 1411 diebus
2363 1371 2537 1425 usque
2554 1357 2621 1410 ad
2637 1358 3165 1411 consummationem
3204 1356 3387 1411 saeculi
3407 1373 3420 1420 ;
3449 1373 3466 1406 ι

199 1443 320 1512 μεθ’
354 1443 510 1514 ὑμῶν
547 1444 664 1514 ειμι
720 1445 902 1508 πάσας
927 1445 1028 1508 τὰς
1058 1447 1295 1516 ἡμέρας,
1338 1446 1442 1509 ἕως
1463 1445 1564 1515 τῆς
1595 1461 1783 1498 συντε-

1888 1458 1957 1513 et,
1994 1467 2012 1500 ι
2040 1447 2158 1502 Non
2192 1447 2565 1519 cognoscebat
2601 1461 2721 1502 eam
2759 1446 2936 1501 donec
2966 1447 3177 1516 peperit
3219 1446 3412 1500 illium.
3448 1465 3466 1498 ι

196 1535 347 1598 λείας
378 1534 476 1588 τοῦ
532 1536 729 1600 αἰῶνος
752 1552 766 1566 ·
807 1555 826 1588 ι
861 1540 990 1602 καὶ,
1055 1556 1073 1589 ι
1115 1538 1230 1590 Οὐκ
1254 1538 1554 1605 ἐγίνωσκεν
1587 1534 1780 1605 αὐτὴν,

1888 1539 2058 1612 (Psal.
2109 1539 2310 1604 “1,2;
2351 1554 2462 1604 cu,
2501 1539 2526 1592 l
2564 1554 2580 1604 ;
2633 1536 2749 1592 18a.
2785 1553 2937 1604 ιιγι,
2979 1538 3013 1592 4
3046 1556 3060 1604 ;
3095 1541 3243 1606 ,Οεεε
3269 1555 3324 1603 x,
3360 1537 3469 1604 1‘2;

195 1627 302 1690 ἕως
331 1621 392 1681 οὗ
415 1626 572 1680 έτεκε
605 1627 699 1681 τὸν
731 1628 846 1681 υίδν
869 1629 1043 1699 αὐτῆς
1084 1629 1177 1682 τὸν
1215 1629 1576 1700 πρωτότοκον.
1614 1645 1634 1679 ι

277 1720 390 1790 μ’γῖ
416 1721 496 1790 Τῇ
526 1719 636 1773 τῶν
660 1721 869 1791 χρόνων
897 1721 1166 1792 ἐναλλαγῇ
1196 1722 1462 1794 κέχρηται
1522 1719 1778 1790 συνεχῶς-

1883 1631 1914 1685 1
1942 1631 2070 1701 Heg.
2107 1647 2198 1694 xv,
2235 1630 2345 1695 35;
2385 1628 2579 1684 Matth.
2610 1643 2802 1695 xxvm,
2837 1629 2911 1684 ‘20
2939 1647 2954 1697 ;
2986 1647 3025 1693 ι.
3059 1630 3180 1699 24.)

1956 1725 2045 1778 45.
2076 1723 2413 1793 Temporum
2488 1722 2879 1777 immutatione
2933 1724 3201 1778 continuo
3254 1724 3469 1778 utitur:

201 1813 459 1882 μέλλοντι
493 1812 590 1883 μὲν
618 1813 739 1866 ἀντὶ
765 1813 1203 1884 παρεληλυθότος
1223 1834 1235 1846 ·
1273 1813 1349 1876 ὼς
1385 1812 1481 1879 τὸ,
1531 1831 1550 1865 ι
1590 1812 1783 1866 Λούσω

1888 1815 2075 1870 futuro
2112 1815 2332 1885 quidem
2379 1830 2476 1884 pro
2501 1815 2804 1884 praeterito,
2831 1815 3018 1870 sicut:
3056 1835 3074 1868 ι
3121 1817 3340 1871 Lavabo
3377 1833 3474 1887 per

197 1876 323 1956 καθ’
375 1876 615 1974 ἑκάστην
674 1876 858 1957 νύκτα.
902 1876 1002 1974 τὴν
1051 1876 1240 1974 κλίντιν
1271 1920 1405 1975 μου·
1450 1876 1476 1956 »-
1517 1905 1639 1958 ἀντὶ
1664 1903 1781 1968 τοῦ,

1888 1876 2146 1977 singulas
2180 1876 2395 1961 noctes-
2421 1876 2620 1961 lectum
2657 1921 2861 1970 meum,
2901 1926 2918 1958 ι
2951 1923 3047 1977 pro
3080 1908 3204 1961 lavi.
3235 1906 3325 1973 Et,
3362 1876 3392 1958 ι’
3414 1905 3471 1960 In

195 1995 468 2048 ἔλουσα·
524 1994 643 2058 καὶ,
683 2013 701 2047 ι
749 1995 839 2048 Ἐν
885 1995 1122 2066 ποταμῷ
1154 1995 1517 2049 διελεύσονται
1563 1995 1716 2048 ποδί·
1762 2015 1780 2048 ι

196 2086 321 2139 ἀντὶ
353 2084 468 2148 τοῦ,
491 2085 776 2154 διῆλθον·
830 2087 946 2154 καὶ,
989 2107 1007 2140 ι
1062 2089 1151 2151 '0;
1181 2087 1406 2158 χελιδὼν
1427 2087 1570 2141 οὕτω
1601 2089 1784 2159 φωνή-

199 2192 302 2228 σω.
338 2195 356 2226 ι
390 2177 498 2228 Καὶ
526 2176 926 2247 παρεληλυθότι
998 2179 1120 2231 ἀντὶ
1187 2178 1507 2244 μέλλοντος·
1566 2177 1642 2242 ὼς
1699 2178 1782 2244 τὸ,

203 2288 221 2318 ι
275 2268 415 2335 Ἐγὼ
451 2267 589 2340 πρὸς
628 2267 719 2321 τὸν
749 2267 884 2321 Θεὸν
935 2270 1235 2340 ἐκέκραξα,
1269 2272 1363 2325 καὶ
1392 2272 1420 2324 ό
1446 2270 1647 2342 Κύριος
1673 2271 1786 2324 εισ-

199 2357 401 2427 ήκουσέ
433 2371 569 2426 μου·
627 2375 646 2406 ι
676 2358 800 2410 ἀντὶ
838 2356 957 2422 τοῦ,
997 2359 1422 2417 είσακούσεταί
1464 2376 1610 2429 μου·
1665 2359 1782 2424 καὶ,

205 2466 223 2497 ι
263 2447 399 2498 Τότε
448 2445 723 2500 ἔσπευσαν
774 2448 1041 2517 ἡγεμόνες
1084 2448 1282 2519 Ἑδώμ.
1322 2468 1341 2501 ι
1388 2449 1500 2502 Καὶ
1537 2447 1784 2519 μέλλοντι

199 2541 324 2594 ἀντὶ
373 2541 673 2604 ἐνεστῶτος
697 2554 712 2571 °
758 2541 834 2605 ὡς
875 2542 957 2608 τὸ,
1001 2561 1018 2593 ι
1057 2544 1460 2614 Παροικήσουσι
1486 2544 1580 2596 καὶ
1615 2559 1784 2597 κατα-

201 2632 533 2704 κρύψουσιν·
575 2652 593 2684 ι
629 2634 752 2686 ἀντὶ
781 2633 877 2686 τοῦ
904 2673 920 2699 ,
975 2633 1360 2703 παροικοῦσι·
1407 2634 1521 2700 καὶ,
1559 2652 1578 2685 ι
1613 2633 1785 2702 Φθέγ-

202 2727 383 2791 ξονται
410 2725 504 2778 καί
529 2724 876 2793 λαλήσουσιν.
911 2743 930 2775 ι

277 2927 378 2996 μδ’.
411 2928 515 2980 Τὸν
538 2928 711 2982 αἰῶνα
751 2929 956 3000 τριχῶς
995 2928 1174 2998 λέγει·
1224 2930 1341 3000 ἦτοι
1385 2930 1476 2983 τὸν
1507 2930 1604 3000 τῆς
1639 2929 1784 3000 ζωῆς

201 3021 437 3072 ἑκάστου
470 3021 680 3089 χρόνον,
708 3021 741 3091 ἢ
766 3020 865 3092 τὴν
884 3021 980 3075 τοῦ
1023 3023 1224 3093 χρόνου
1250 3021 1478 3076 κωθόλου
1505 3022 1784 3093 παρέκτα-

204 3128 309 3173 σιν,
351 3110 384 3179 ἢ
418 3111 481 3162 τὸ
511 3112 758 3181 διηνεκές
789 3129 849 3164 τι
888 3115 982 3165 καὶ
1009 3113 1397 3183 ἀτελεύτητον·
1429 3115 1520 3166 ἰπὶ
1547 3114 1647 3184 μὲν
1689 3112 1784 3167 οὖν

201 3203 297 3255 τοῦ
335 3204 432 3274 τῆς
483 3204 606 3256 καθ’
639 3203 874 3257 ῑκασ-τον
914 3206 1064 3274 ζωῆς
1119 3206 1348 3276 χρόνου·
1382 3206 1460 3270 ῶς
1487 3207 1569 3274 τὸ,
1619 3225 1637 3259 ι
1673 3208 1783 3261 Καὶ

1888 3224 1994 3280 que
2064 3210 2133 3264 de
2201 3220 2452 3280 tempore
2532 3211 2807 3281 cujusque
2853 3211 3001 3276 vitae,
3067 3214 3270 3267 sicut:

202 3296 494 3350 ἐκοπίασεν
523 3297 602 3358 είς
631 3296 723 3350 τὸν
770 3297 964 3364 αίῶνα,
1001 3299 1095 3351 καὶ
1145 3297 1372 3369 ζήσεται
1426 3301 1505 3363 είς
1537 3298 1719 3364 τέλος·
1759 3319 1780 3354 ι

204 3387 318 3449 καὶ,
358 3405 376 3437 ι
409 3385 660 3448 Ἐδωκας
692 3386 843 3456 αὐτῷ
883 3388 1210 3458 μακρότητα
1249 3389 1473 3460 ἡμερῶν
1513 3391 1591 3454 είς
1613 3389 1784 3444 αίῶνα

201 3475 427 3537 αἰῶνος·
468 3493 486 3526 ι
521 3475 637 3537 καὶ,
672 3494 691 3526 ι
731 3476 826 3539 Εἷς
852 3475 946 3530 τὸν
971 3476 1147 3532 αίῶνα
1183 3478 1651 3552 ὲξομολογήσομαί
1678 3498 1781 3534 σοι·

201 3570 362 3636 ἄχρις
383 3566 450 3620 ἀν
476 3566 556 3630 ζῶ
587 3568 682 3620 καὶ
712 3567 829 3637 είμί
852 3584 867 3600 ·
907 3587 924 3618 ι
955 3570 1068 3632 καὶ,
1125 3589 1144 3620 ι
1179 3572 1256 3624 Οὐ
1288 3572 1680 3643 σαλευθήσεται
1704 3575 1786 3637 είς

201 3657 297 3708 τὸν
318 3656 491 3709 αἰῶνα
517 3657 545 3708 ό
579 3657 852 3710 κατοικῶν
891 3659 1252 3730 Ἰερουσαλήμ
1273 3677 1285 3690 ·
1313 3680 1332 3712 ι
1363 3662 1478 3728 καὶ,
1520 3680 1539 3714 ι
1559 3663 1786 3718 Δουλεύ-

205 3764 288 3799 σει
334 3764 414 3799 σοι
445 3749 524 3809 είς
553 3747 643 3799 τὸν
674 3747 882 3800 αίῶνα·
925 3765 946 3800 ι
985 3752 1114 3815 καὶ,
1169 3768 1188 3801 ι
1220 3751 1296 3803 Οὐ
1338 3753 1414 3821 μὴ
1461 3751 1622 3824 νίψῃς
1657 3756 1784 3819 τοὺς

202 3838 370 3901 πόδας
396 3856 497 3908 μου
524 3840 603 3901 είς
624 3837 716 3890 τὸν
747 3838 948 3891 αίῶνα·
992 3859 1011 3892 ι
1047 3843 1160 3903 καὶ,
1196 3862 1213 3893 ι
1243 3843 1320 3895 Ut’)
1355 3843 1431 3912 μὴ
1464 3845 1624 3912 φάγω
1647 3845 1784 3916 κρέα

204 3936 284 3992 ei;
336 3932 429 3983 τὸν
487 3932 689 3984 αἰῶνα·
738 3949 756 3983 ι
815 3932 907 3984 καὶ
938 3971 951 3998 ,
1004 3951 1022 3982 ι
1074 3933 1147 3985 Οὐ
1201 3934 1275 4004 μὴ
1325 3933 1524 4006 διψήσῃ
1580 3937 1658 3999 είς
1691 3939 1785 3991 τὸν

203 4023 395 4077 αίῶνα.
433 4042 454 4075 ι

286 4211 411 4265 Ἐπὶ
444 4211 500 4265 δὲ
521 4211 621 4281 τῆς
645 4209 740 4264 τοῦ
764 4211 959 4283 χρόνου
988 4212 1216 4266 καθόλου
1252 4214 1644 4285 παρεκτάσεως
1662 4230 1674 4244 ·
1707 4215 1782 4278 ῶς

200 4303 285 4369 τὸ,
318 4321 337 4353 ι
377 4302 759 4356 Είσελεύσεται
782 4303 888 4364 ἕως
920 4305 1116 4370 γενεᾶς
1149 4305 1402 4375 πατέρων
1445 4304 1638 4369 αὑτοῦ,
1679 4305 1783 4368 ἕως

203 4396 405 4458 αίῶνος
433 4396 534 4448 οὐκ
565 4395 756 4465 ὄψεται
810 4394 960 4463 φῶς·
1002 4413 1021 4445 ι
1078 4397 1198 4448 ἀντὶ
1261 4397 1380 4462 τοῦ,
1415 4400 1608 4470 Ἀχρις
1640 4399 1706 4452 ἂν
1751 4401 1784 4469 ἡ

203 4486 460 4556 παροῦσα
516 4485 652 4557 μένῃ
708 4476 1044 4550 κατάστασις
1068 4502 1082 4517 ·
1131 4489 1191 4541 οὐ
1231 4489 1342 4560 γάρ
1379 4491 1465 4543 ἐπ’
1506 4491 1785 4562 ἀναιρέσει

1887 1999 2111 2054 ﬂumine
2161 1999 2576 2068 pertransibunt
2618 1999 2773 2068 pede,
2809 2017 2827 2050 ι
2887 2015 2986 2069 pro
3012 2002 3468 2069 pertransierunt.

1890 2088 1974 2155 Et,
2012 2107 2028 2139 ι
2056 2087 2211 2143 Sicut
2241 2090 2423 2158 pullus
2452 2088 2765 2142 hirundinis
2791 2090 2870 2142 sic
2897 2089 3185 2155 clamabo;
3218 2109 3235 2142 ι
3265 2100 3320 2146 et
3337 2108 3473 2161 praem

1889 2182 2052 2236 tet'ito
2076 2197 2176 2252 pro
2206 2181 2643 2244 futui-orsicut:
2709 2200 2728 2232 ι
2769 2179 2882 2252 Ego
2937 2192 3120 2236 autem
3179 2181 3248 2236 ad
3296 2181 3469 2238 Deum

1887 2275 2138 2340 clamavi,
2170 2283 2226 2330 et
2271 2273 2538 2328 Dominus
2568 2274 2848 2330 exaudivit
2888 2290 2994 2340 me,
3038 2293 3056 2327 ι
3097 2288 3197 2345 pro
3218 2275 3469 2331 exaudiet

1888 2387 1993 2426 me.
2027 2371 2114 2436 Et,
2151 2390 2170 2422 ι
2205 2370 2359 2426 Tunc
2387 2371 2699 2427 conturbati
2754 2374 3182 2443 suutprincipes
3213 2373 3407 2429 Edoni.
3449 2395 3466 2426 ι

1888 2467 2182 2522 Ειιῐυιιιτο
2236 2467 2361 2523 loco
2394 2468 2706 2537 presentis,
2760 2470 2906 2524 sicut
2943 2487 2955 2524 :
3023 2487 3041 2521 ι
3081 2469 3473 2526 lnhabitabunt

1885 2571 1942 2616 et
1976 2560 2338 2626 abscondent,
2372 2579 2390 2612 ι
2426 2577 2526 2631 pro
2558 2562 2912 2627 inhabitant;
2975 2570 3052 2627 et,
3091 2581 3108 2614 ι
3145 2563 3470 2619 Effabuntur

1884 2661 1938 2708 et
1970 2653 2292 2721 loquentur.
2328 2651 2539 2723 »(Ρειιι.
2577 2668 2650 2718 tv,
2691 2653 2755 2720 7;
2807 2669 2933 2718 va,
2965 2653 3037 2720 6;
3093 2653 3208 2709 lsa.
3239 2670 3467 2718 xxxvtu,

1887 2749 1954 2803 Μ
1985 2765 1999 2814 ;
2035 2747 2184 2804 Ρεαί.
2252 2764 2362 2814 LIV,
2396 2747 2461 2802 l7
2495 2764 2508 2814 ;
2567 2747 2740 2804 Exod.
2774 2765 2864 2816 xv,
2908 2749 3013 2816 l5;
3071 2749 3224 2804 Psal.
3270 2767 3357 2816 ιν,
3390 2750 3421 2802 7
3454 2767 3468 2814 ;

1887 2857 2036 2905 xcul,
2065 2842 2144 2912 4.)

1956 2936 2044 2990 44.
2083 2934 2504 3004 Perpetuitatem
2536 2935 2739 3006 triplici
2781 2935 2944 2991 modo
2974 2934 3130 3003 dicit,
3172 2946 3289 2991 tum
3333 2944 3471 2990 tem-

1886 3028 2040 3098 poris
2083 3027 2354 3098 cujusque
2393 3028 2542 3095 vitae,
2597 3038 2713 3083 tum
2756 3030 3018 3099 temporis
3050 3029 3218 3083 totius
3280 3037 3472 3083 exteri--

1884 3120 2121 3184 sionem,
2200 3126 2314 3173 tum
2409 3119 2732 3174 continuum
2808 3131 2864 3173 et
2953 3119 3298 3185 inﬁnitum;
3368 3121 3473 3173 ita-

3356 3209 3474 3264 ιΕι

1887 3303 2152 3357 laboravit
2206 3302 2260 3355 in
2289 3310 2553 3356 aternum
2605 3311 2657 3357 et
2682 3303 2832 3358 vivet
2875 3302 3061 3360 adhuc
3111 3303 3167 3357 in
3229 3302 3414 3357 linem.
3448 3319 3470 3352 ι

1887 3393 1973 3459 Ει,
2023 3413 2040 3446 ι
2067 3392 2334 3448 Tribuisti
2370 3396 2419 3449 ei
2440 3392 2839 3464 longitudinem
2877 3397 3086 3449 dierum
3129 3394 3182 3448 in
3213 3394 3476 3450 saculum

1887 3489 2073 3544 saeculi
2108 3505 2171 3554 ;·›
2205 3496 2279 3553 et,
2322 3507 2340 3539 ι
2380 3486 2441 3542 In
2485 3496 2749 3542 aeternum
2810 3487 3117 3542 confitebor
3171 3487 3291 3553 tibi,
3340 3486 3495 3540 dum.

1886 3580 2009 3635 vivo
2033 3591 2083 3635 et
2105 3596 2247 3634 sum.
2286 3599 2303 3631 ι
2334 3579 2424 3643 Et,
2459 3577 2605 3633 «Non
2634 3579 3074 3634 commovebitur
3108 3580 3161 3633 in
3205 3589 3470 3634 aeternum

1885 3673 1979 3741 qui
2013 3672 2223 3726 habitat
2246 3671 2299 3725 in
2329 3669 2636 3726 Jerusalem
2670 3689 2683 3736 ;
2720 3690 2738 3722 ι
2763 3681 2836 3735 et,
2870 3689 2888 3722 ι
2927 3669 3140 3724 Serviet
3169 3669 3266 3725 tibi
3293 3685 3471 3739 usque

1885 3763 1941 3817 in
1972 3772 2234 3818 aeternum
2267 3801 2282 3828 ,
2329 3781 2348 3814 ι
2385 3771 2500 3827 et,~
2522 3780 2541 3812 ι
2575 3762 2695 3816 Νοιι
2757 3762 2967 3817 lavabis
3023 3762 3155 3816 mihi
3217 3762 3382 3831 pedes
3415 3766 3469 3816 in

1885 3864 2170 3911 alternum.
2213 3873 2232 3907 ι
2300 3853 2387 3916 Ει.
2451 3873 2469 3905 ι
2513 3853 2628 3907 Non
2701 3855 3054 3908 manducabo
3122 3871 3346 3909 carnem
3414 3855 3466 3908 in

1887 3955 2169 4000 teternurn.
2214 3964 2232 3997 ι
2313 3963 2331 3996 ι
2369 3943 2488 3997 Νοιι
2550 3945 2697 3998 sitiet
2749 3945 2802 3999 in
2868 3955 3152 3999 aeternum.
3195 3966 3213 3998 ι
3274 3945 3469 4014 (Psal.

1887 4039 2164 4103 XLVIII,9;
2199 4053 2293 4102 xx,
2325 4037 2392 4104 5;
2435 4052 2592 4101 xxrx,
2618 4037 2733 4102 l5;
2777 4053 2870 4105 ιιι,
2898 4036 3187 4104 6;csxv1,
3227 4036 3467 4103 l;Deut.

1888 4147 1957 4184 xv
1987 4172 2000 4194 ,
2023 4129 2086 4183 Π
2117 4147 2131 4195 ;
2157 4128 2318 4183 Joan.
2351 4143 2471 4191 xm,
2503 4127 2537 4182 8
2567 4125 2909 4195 ;lCor.vm,
2931 4130 2997 4183 13
3024 4145 3038 4194 ;
3062 4127 3318 4195 Joan.rv,
3357 4130 3469 4197 15.)

1960 4221 2036 4276 De
2069 4219 2334 4290 temporis
2373 4219 2542 4276 totius
2565 4220 2912 4286 extensione,
2942 4220 3084 4276 sicut
3115 4239 3128 4274 :
3166 4240 3183 4272 ι
3223 4221 3473 4276 lntroibit

1889 4328 2066 4384 usque
2113 4313 2167 4367 in
2202 4313 2494 4382 progenies
2535 4320 2756 4381 patrum
2818 4327 3069 4376 suorum,
3107 4322 3160 4367 et
3207 4328 3384 4383 usque
3417 4315 3472 4366 'm

1888 4414 2150 4458 aeternum
2188 4417 2296 4456 non
2339 4403 2540 4456 videbit
2568 4402 2773 4468 lumen,
2803 4422 2820 4456 ι
2843 4420 2961 4473 pro,
3036 4404 3287 4471 Quandiu
3313 4422 3470 4460 nian-

1889 4495 2021 4550 serit
2065 4508 2247 4548 rerum
2279 4492 2417 4548 ordo
2443 4508 2720 4564 praesens;
2801 4512 2910 4550 non
2956 4497 3104 4550 enim
3139 4497 3207 4551 de
3235 4497 3469 4568 abroga-

202 4578 306 4648 τῆς
340 4578 688 4640 ἀναστάσεως
711 4579 1034 4648 ἀπεράντως
1057 4579 1357 4648 ἐφθέγξατο
1375 4598 1388 4612 ·
1419 4582 1532 4645 καὶ,
1558 4602 1576 4635 ι
1612 4584 1783 4636 Ὄνει-

1893 4589 2041 4640 tione
2084 4584 2504 4641 resurrectionis
2533 4587 2587 4640 iu
2629 4587 2906 4641 inﬁnitum
2949 4587 3166 4643 locutus
3221 4598 3342 4652 est;
3392 4599 3467 4653 et,

203 4670 292 4732 δος
325 4670 541 4723 αίώνιον
571 4669 772 4721 ἔδωκεν
795 4670 977 4732 αὐτοῖς
996 4687 1007 4701 ·
1046 4672 1139 4722 ἐπὶ
1167 4672 1277 4724 τῶν
1322 4672 1655 4742 ἀλλοφύλων,
1698 4675 1783 4728 ἵνα

204 4764 334 4832 εἴπῃ
383 4760 594 4830 χρόνιον
619 4799 634 4823 ,
669 4759 809 4812 ὥστε
859 4763 952 4814 καὶ
999 4761 1104 4814 ὑπὸ
1135 4762 1245 4814 τῶν
1294 4759 1449 4827 αὖθις
1487 4765 1783 4834 αἰσχίστων

208 4849 682 4922 μνημονεύεσθαι·
722 4868 740 4901 ι
774 4850 868 4902 καὶ
897 4851 981 4915 τὸ,
1017 4870 1035 4901 ι
1069 4852 1162 4915 Εἰς
1189 4854 1532 4923 μνημόσυνον
1567 4854 1786 4908 αίὼνιον

204 4943 358 4994 ἔσται
390 4941 599 5003 δίκαιος
622 4955 636 4969 ·
670 4959 689 4992 ι
720 4942 836 5006 καὶ,
876 4960 893 4993 ι
939 4941 1156 5013 Ἰσραὴλ
1193 4941 1423 5006 σώζεται
1454 4945 1558 4997 ὐπὸ
1577 4946 1784 5014 Κυρίου

207 5031 487 5102 σωτηρίαν
539 5032 791 5085 αἰώνιον·
844 5051 862 5083 ι
899 5033 992 5085 καὶ
1019 5073 1032 5095 ,
1074 5053 1093 5084 ι
1146 5034 1281 5087 Οὐδὲ
1315 5036 1392 5106 μὴ
1437 5038 1786 5103 έντραπῶσιν

204 5123 313 5184 ἕως
345 5123 422 5193 (8)
451 5123 545 5175 τοῦ
568 5124 761 5186 αἰῶνος
794 5127 852 5178 ὲν
879 5125 996 5194 όρει
1030 5125 1190 5191 ξιὼν,
1212 5126 1322 5179 ἀπὸ
1349 5129 1444 5180 τοῦ
1470 5128 1566 5181 νῦν
1591 5128 1686 5183 καὶ
1706 5132 1785 5193 είς

198 5214 301 5266 ’τὸν
354 5213 563 5266 αίῶνα·
599 5232 617 5264 ι
685 5214 831 5269 Ἀντὶ
881 5215 1000 5281 τοῦ,
1055 5217 1148 5269 ἐπὶ
1180 5217 1346 5269 πολὺν
1393 5219 1604 5288 χρόνον.
1652 5221 1782 5289 Καὶ,

214 5323 237 5356 ε
287 5304 516 5358 Ἰουδαία
547 5306 627 5368 είς
664 5307 757 5359 τὸν
781 5306 951 5360 αἰῶνα
983 5308 1478 5379 κατοικιοθήσεται.
1513 5330 1531 5362 ι

1898 4696 1916 4728 ι
1944 4675 2313 4746 Opprobriuur
2339 4677 2740 4746 sempiternum
2772 4678 2935 4732 dedit.
2957 4679 3084 4744 illis,
3120 4697 3142 4734 ι
3189 4679 3257 4735 de
3276 4680 3469 4734 alieni-

1892 4769 2069 4836 genis,
2111 4777 2172 4822 ut
2199 4769 2348 4822 dica't
2381 4769 2733 4835 diuturnum,
2765 4770 2839 4823 ita
2870 4780 2928 4824 ut
2961 4781 3016 4824 et
3057 4787 3084 4824 a
3118 4778 3467 4840 posterorum

1890 4859 2272 4915 inﬁrmissimis
2296 4863 2558 4916 memoria
2591 4871 2878 4926 servetur;
2913 4871 2988 4925 et,
3053 4881 3071 4913 ι
3107 4863 3166 4917 ln
3201 4864 3464 4917 memoria

1893 4962 2094 5004 aeterna
2122 4950 2220 5005 erit
2248 4951 2432 5021 justus
2458 4969 2471 5018 ;
2517 4970 2535 5002 ι
2570 4961 2644 5018 et,
2681 4969 2699 5002 ι
2727 4951 2890 5006 Israel
2921 4952 3164 5008 salvatus
3180 4954 3330 5008 estin
3360 4952 3458 5007 Do-

1892 5042 2044 5096 mino
2075 5043 2253 5096 salute
2277 5052 2479 5097 aeterna
2509 5061 2522 5110 ;
2567 5063 2585 5095 ι
2625 5053 2699 5106 et,
2738 5065 2755 5094 ι
2797 5043 2914 5097 Non
2935 5044 3474 5113 confundantusque

1892 5132 1948 5186 in
1981 5142 2242 5186 :eteruum
2298 5134 2350 5187 in
2390 5138 2575 5188 monte
2641 5134 2774 5189 Sion
2836 5152 2901 5189 ex
2940 5137 3044 5190 hoc
3105 5152 3251 5190 nunc
3312 5146 3363 5189 et
3420 5140 3474 5190 in

1885 5229 2204 5285 aeternum,»
2242 5236 2338 5289 pro
2371 5221 2422 5274 in
2452 5223 2684 5276 multum
2741 5232 2982 5292 tempus.
3056 5224 3170 5290 Et,r
3207 5223 3391 5278 ludam
3420 5228 3474 5279 in

1893 5320 2156 5366 aeternum
2181 5311 2713 5379 salvabitur.r(Psal.
2749 5331 2939 5380 vaut,
2969 5314 3039 5368 20
3067 5332 3080 5380 ;
3113 5332 3317 5381 Lxxvu,
3354 5314 3421 5370 66
3458 5332 3472 5381 ;

1899 5419 1980 5469 ιιι,
2013 5403 2082 5470 7;
2116 5402 2227 5461 Isa.
2256 5421 2379 5470 ην,
2414 5406 2520 5473 l7;
2560 5406 2675 5460 Joel
2708 5422 2788 5471 ιιι,
2819 5406 2933 5477 50.)

1345 5574 1574 5629 DAVID.
1640 5572 2040 5630 llCESCHELlI
2093 5571 2324 5628 NOTAE.

279 5665 354 5728 (7)
413 5666 483 5717 Τὸ
521 5667 676 5730 ’Ἕως
736 5668 1075 5734 πολλαχοῦ,
1125 5669 1187 5720 τὸ
1243 5668 1385 5722 Ἐως
1445 5671 1506 5721 οὐ
1563 5672 1781 5733 πάντως

205 5736 620 5810 ἀντιδιαιρεῖται
660 5735 739 5810 τῷ
793 5737 1283 5810 μέλλοντι-Πάλλὰ
1340 5740 1402 5790 τὸ
1456 5741 1616 5810 μέχρι
1645 5777 1660 5791 ι.
1683 5742 1783 5810 μὲν

206 5805 360 5856 τοῦδε
388 5806 689 5875 τίθησιξτὺ
728 5805 866 5875 μετὰ
900 5807 1057 5860 τοῦτο
1085 5809 1146 5859 δὲ
1177 5809 1275 5858 οὐκ
1312 5805 1613 5872 ἀναίνεται,
1651 5805 1781 5865 Νη.

205 5876 357 5927 Orat.
396 5876 432 5927 ΙΙ
474 5876 544 5944 De
579 5873 739 5927 Filio;
766 5877 973 5930 Similia
1004 5878 1122 5930 vidc
1168 5879 1305 5944 apud
1337 5879 1475 5932 Basrl
1524 5881 1590 5930 Si.
1628 5881 1782 5932 Ilum.

198 5948 261 5998 in
301 5944 425 6001 Nat.
473 5943 693 6011 Christi,
753 5963 803 6016 ιι.
840 5947 964 6009 ‘133,
1030 5959 1080 6003 ει
1146 5943 1283 6016 apud
1349 5949 1536 6008 Isidor.
1611 5951 1785 6005 Pelus.

1897 5670 1994 5722 lib.
2031 5685 2068 5732 ι,
2101 5670 2263 5735 epist.
2299 5669 2387 5730 18,
2419 5671 2471 5720 ἱιι
2505 5682 2605 5735 qua
2637 5665 2862 5731 σφάλμα
2895 5663 3194 5731 reponatur"
3218 5667 3244 5717 ό
3272 5665 3479 5735 κόραξ·

1894 5739 2132 5808 denique
2172 5738 2309 5803 apud
2350 5738 2409 5790 ll.
2471 5741 2697 5806 August.
2754 5736 2830 5787 lic
2869 5751 3104 5788 sermone
3161 5738 3385 5790 Domini.
3430 5738 3482 5791 ia

1897 5809 2364 6012 ἠξῖῗεὸἓὲὲιᾷλη
2411 5876 2809 5948 ἐι-·τρ(ιπώσιι·.
2844 5876 2927 5934 Al.
2961 5882 3052 5932 xei
3082 5879 3140 5933 οὐ
3177 5878 3258 5949 μὴ
3285 5882 3481 5948 ἐντρα-

1902 5973 1936 6009 rt
1987 5967 2190 6006 σονται.

1902 5967 2190 6009 πησονται.
