4144 6448
3795 343 3920 412 i300

2402 470 2524 522 Ἐπὶ
2553 469 2611 522 δὲ
2643 469 2738 524 τοῦ
2761 467 3048 539 διηνεκοῦς
3074 481 3134 521 τε
3166 467 3259 520 κα).
3292 463 3658 532 ἀτελευτήτου
3686 479 3700 491 ·
3734 460 3821 522 ὡς
3845 461 3918 522 τὲ,

643 354 785 417 1299
2036 363 2366 428 ADRIANI

708 458 785 514 De
835 461 1104 518 continuo
1165 473 1219 519 et
1275 463 1511 532 inﬁnito,
1563 466 1761 522 sicut:
1809 485 1826 518 ι
1878 465 2050 523 Sedes
2097 477 2210 533 tua,
2243 475 2285 530 Α

635 549 804 618 Deus,
841 553 896 607 in
929 555 1192 612 saeculum
1223 558 1445 622 surculi;
1482 578 1499 610 ι
1529 568 1603 620 et,
1636 577 1654 608 ι
1694 558 1752 612 In
1781 568 2072 623 aeternum,
2106 560 2214 614 Do-

2397 564 2455 617 Ὁ
2483 565 2673 635 θρόνος
2704 581 2820 629 σου,
2850 566 2878 617 ὀ
2909 564 3063 628 Θεὸς,
3093 563 3176 625 εἰς
3200 561 3291 613 τὸν
3307 559 3481 612 αἰῶνα
3502 556 3603 609 τοῦ
3630 555 3876 615 αἰῶνος·
3897 567 3914 598 ι

637 646 811 710 mine,
835 646 1062 701 verbum
1089 656 1243 702 tuum
1279 657 1562 719 permanet
1593 649 1650 703 in
1682 651 1824 705 cmlo
1852 667 1868 715 ;
1899 669 1920 701 ι
1955 660 2032 715 et,
2053 669 2076 701 ι
2105 650 2213 704 Do-

2349 657 2431 723 ni,
2470 676 2487 709 ι
2521 657 2614 720 Εἰς
2638 648 2954 718 τὸνάἰῶνα,
2975 653 3176 724 Κύριε,
3211 653 3239 704 ὁ
3263 650 3420 718 λόγος
3455 666 3548 701 σου
3577 645 3847 715 διαμένει
3867 647 3920 698 iv

639 737 827 792 minus
893 737 951 792 in
1008 749 1272 795 attentum
1346 750 1675 810 permanet,
1753 741 1911 812 cujus
1982 755 2215 810 regnum

2351 747 2395 818 ᾦ
2432 745 2682 819 οὐρανῷο
2729 766 2747 798 ι
2803 747 2936 812 καὶ,
2972 765 2990 798 ι
3025 744 3230 815 Κύριος
3267 743 3347 804 εἰς
3376 742 3467 794 τὸν
3517 739 3699 793 αἰῶνα
3742 738 3921 804 μένει.

640 829 1065 898 sempiternum.
1101 850 1121 884 ι
1157 833 1226 886 Ει
1257 830 1529 888 Dominus
1564 833 1704 887 dicit
1757 851 1770 886 :
1832 851 1850 885 ι
1886 832 2217 901 Centuplum

2349 839 2416 893 ιαὶ
2442 842 2475 911 ἡ
2508 839 2752 910 βασιλεία
2779 838 2948 893 αὑτοῦ
2986 836 3236 909 βασιλεία
3267 835 3484 896 αἰώνιος
3507 847 3522 863 ·
3551 850 3570 882 ι
3605 832 3704 883 καὶ
3737 830 3771 880 ὁ
3809 827 3921 880 K5-

638 921 872 991 accipiet
910 923 1144 982 nuncin
1181 923 1285 980 hoc
1334 925 1559 990 saeculo,
1614 931 1670 978 et
1720 924 1776 978 in
1825 924 2013 980 futuro
2049 926 2217 978 vitam

2349 935 2436 995 ιιός
2463 949 2654 1002 φησιν,
2683 951 2703 985 ι
2753 929 3322 986 Ἑκατονταπλασίονα
3355 925 3588 996 λήψεται
3628 925 3690 974 ἐν
3711 920 3800 990 τῷ
3831 917 3923 970 νῦν

632 1023 902 1070 aeternam
942 1014 1271 1085 possidebit.
1312 1035 1331 1070 ι
1383 1015 1486 1080 Et,
1541 1034 1560 1066 ι
1599 1015 1724 1070 llaec
1759 1025 1845 1071 est
1891 1025 2073 1070 autem
2107 1016 2220 1073 vita

2349 1022 2502 1087 ιίῶνι,
2537 1025 2633 1077 καὶ
2658 1024 2716 1076 ἰν
2746 1023 2826 1093 τῷ
2852 1022 3101 1092 μέλλοντι
3135 1019 3278 1090 ζωὴν
3308 1017 3527 1071 αἰώνιον
3558 1012 3920 1083 κληρονομήο

639 1112 881 1171 aeterna;
921 1123 940 1157 ι
991 1115 1070 1173 et,
1119 1125 1140 1158 ι
1177 1105 1292 1179 Ego
1339 1107 1506 1166 vitam
1557 1116 1822 1166 aeternam
1870 1108 2012 1163 dabo
2044 1107 2147 1163 eis.
2197 1127 2219 1161 ι

643 1195 818 1266 (Psal.
851 1212 998 1260 xuv.
1027 1199 1082 1272 7;
1112 1215 1296 1266 cxvm,
1325 1199 1428 1266 89;
1460 1199 1601 1254 Dan.
1630 1215 1730 1264 vn,
1758 1198 1851 1266 27;
1881 1198 2077 1254 Matth.
2105 1215 2221 1267 xix,

640 1288 744 1354 29;
778 1287 942 1343 Joan.
973 1306 1110 1358 xvu,
1139 1292 1208 1358 5;
1241 1305 1296 1357 ι,
1326 1291 1444 1360 28.)

714 1376 910 1448 Optata
947 1381 1268 1452 imperative
1319 1382 1485 1446 dicit,
1527 1382 1718 1437 sicut:
1759 1400 1778 1432 ι
1819 1382 2114 1436 Deleantor
2160 1382 2226 1435 de

644 1468 790 1523 libro
830 1471 1154 1537 viventium,
1190 1492 1209 1526 ι
1246 1487 1346 1541 pro
1376 1473 1655 1527 deleantur
1679 1482 1737 1526 et
1770 1488 1875 1526 non
1897 1472 2222 1527 scribantur.

648 1558 737 1624 Et,
781 1579 800 1612 ι
835 1562 892 1616 1η
930 1563 1314 1644 magnitudine
1347 1563 1564 1620 brachii
1597 1565 1677 1619 tui
1719 1563 1894 1623 [iuuto
1918 1565 2228 1625 immobiles

649 1655 810 1721 quasi
865 1657 1028 1726 lapis,
1069 1676 1088 1715 ι
1131 1673 1232 1730 pro
1265 1659 1445 1728 ﬁant;
1491 1667 1547 1714 et
1588 1677 1607 1711 ι
1655 1659 1979 1713 Sublevabis
2006 1659 2073 1714 de
2105 1673 2227 1714 cor-

649 1748 908 1817 ruptione
932 1749 1096 1805 vitam
1121 1765 1321 1805 meam.
1344 1769 1364 1812 ρ
1395 1749 1566 1820 (Ptol.
1597 1765 1791 1816 uvm,
1816 1747 1909 1817 29;
1937 1747 2110 1805 Exod.
2135 1766 2227 1816 xv,

650 1838 755 1905 £6;
785 1838 949 1897 Jonas
984 1858 1045 1906 ιι,
1083 1840 1161 1912 7.)

891 1928 1120 1985 Initium
1155 1930 1452 1986 dictionum
1487 1933 1543 1986 in
1577 1933 1981 2003 compositione.

720 2019 948 2093 Propria
985 2024 1134 2079 beati
1181 2023 1350 2080 David
1402 2024 1515 2080 sint
1562 2025 1717 2092 haec;
1765 2025 2067 2082 secundum
2112 2027 2229 2084 elli-

653 2114 814 2183 psim,
849 2115 1034 2172 sicut:
1083 2134 1101 2167 ι
1131 2113 1238 2170 Sed
1262 2125 1355 2170 aut
1387 2127 1651 2186 tanquam
1686 2117 1866 2186 pulvis
1900 2132 2062 2185 quem
2099 2133 2230 2187 pro-

646 2205 771 2274 jicit
804 2214 1002 2267 ventus
1045 2222 1075 2260 a
1111 2205 1250 2261 facie
1287 2215 1469 2272 terrai,
1518 2227 1540 2260 ι
1574 2207 1729 2263 deest
1792 2209 1936 2274 erit;
1971 2219 2028 2263 et
2057 2212 2226 2278 aiens,

654 2304 750 2350 aut
772 2298 977 2363 dicens,
1023 2307 1116 2353 aut
1147 2299 1358 2364 dixisti,
1394 2307 1490 2354 aut
1528 2301 1711 2355 dicunt
1744 2310 1842 2356 aut
1868 2301 2000 2371 quid
2030 2303 2229 2364 simile.

655 2385 722 2442 Et
751 2387 972 2458 quidem
1011 2403 1109 2458 pro
1146 2403 1279 2443 voce
1317 2390 1485 2454 aiens,
1541 2390 1724 2445 sicut:
1771 2408 1789 2442 ι
1820 2390 1903 2446 Ad
1940 2392 2230 2448 Dominum

657 2495 782 2533 cum
837 2480 1134 2545 tribularcr
1184 2480 1418 2545 clamavi
1473 2482 1720 2552 (aiens),
1757 2481 1890 2549 Quae
1919 2483 2129 2540 utilitas
2177 2485 2232 2540 in

655 2573 924 2643 sanguine
970 2576 1138 2628 meo?
1174 2594 1194 2626 ι
1250 2573 1520 2638 mutatum
1597 2584 1682 2630 est
1735 2585 1917 2631 autem
1987 2586 2234 2648 tempus;

654 2675 730 2728 et,
777 2681 798 2718 ‹
842 2665 1234 2736 Deprol'undis
1267 2666 1501 2721 clamavi
1533 2667 1602 2721 ad
1640 2676 1714 2734 te,
1748 2665 1979 2724 Domine
2010 2669 2234 2740 (aiens),

657 2756 911 2822 Domine,
945 2758 1096 2826 eripe
1137 2759 1379 2812 animam
1425 2772 1645 2822 meam;
1684 2776 1704 2810 ι
1740 2759 1806 2813 de
1839 2760 2003 2814 verbo
2031 2762 2234 2829 dicem,

659 2845 804 2898 sicut
839 2862 854 2898 :
910 2865 928 2896 ι
966 2845 1213 2900 Cantabo
1254 2856 1307 2900 et
1340 2846 1570 2915 psallam
1617 2845 1850 2903 Domino
1891 2850 2162 2921 (dicens);
2212 2871 2231 2904 ι

2326 1131 2444 1167 ser
2483 1133 2505 1166 ι
2538 1114 2654 1181 καὶ,
2693 1135 2714 1166 ι
2747 1112 2896 1183 Αὕτη
2941 1113 2998 1164 δέ
3038 1114 3184 1164 ἐστιν
3213 1113 3246 1180 ὴ
3294 1107 3514 1169 αἰώνιος
3543 1105 3660 1173 ζωή
3686 1119 3700 1131 ·
3743 1121 3763 1152 ι
3806 1102 3921 1161 καὶ.

2328 1228 2347 1259 ι
2397 1205 2538 1274 Ἐγὼ
2568 1205 2717 1277 ζωὴν
2747 1206 2966 1259 αἰώνιον
2992 1204 3151 1257 δώσω
3181 1203 3384 1264 αὐτοῖς.
3426 1221 3445 1252 ι

2397 1381 2477 1434 Τὰ
2499 1383 2730 1436 εὐκτικὰ
2751 1382 3169 1453 προστακτικῶς
3193 1380 3342 1448 λέγει
3362 1395 3374 1407 ·
3401 1378 3475 1441 ὡς
3497 1378 3582 1442 τὸ,
3617 1395 3636 1427 ι
3684 1373 3920 1439 Ἐξαὶει-

2328 1472 2621 1542 φοήτωσαν
2668 1474 2732 1525 ὲκ
2788 1473 2973 1542 βιὸλου
3007 1471 3227 1537 ζώντων
3255 1488 3268 1502 ·
3307 1490 3326 1522 ι
3365 1470 3484 1523 ἀντὶ
3513 1467 3634 1530 τοῦ,
3681 1466 3924 1530 ἐξαλειο

2329 1563 2534 1632 φθεῖεν
2562 1565 2660 1618 καὶ
2690 1563 2765 1635 μὴ
2797 1563 3148 1634 ὲττραφεῒεν
3167 1579 3178 1591 ο
3207 1563 3320 1624 καὶ,
3360 1581 3377 1612 ι
3419 1558 3659 1627 Μεγέθει
3695 1555 3925 1626 βραχίο-

2330 1654 2422 1717 νὸς
2458 1671 2553 1710 σου
2578 1655 3083 1725 ἁπολιθωθήτωσαν
3102 1671 3116 1684 ’
3150 1673 3168 1705 ι
3200 1654 3321 1707 ἀντὶ
3340 1651 3457 1716 τοῦ,
3479 1645 3926 1704 ἀπολιθωθεῖετ

2333 1745 2448 1811 καὶ,
2479 1762 2500 1798 ι
2550 1745 2809 1818 Ἀναόαεη
2842 1746 2907 1799 ὲκ
2936 1746 3146 1815 φθορᾶς
3180 1746 3212 1816 ἡ
3239 1744 3352 1813 ζωή
3401 1759 3526 1811 μου.
3569 1761 3588 1791 ι

2626 1927 2798 1997 Ἀρχὴ
2837 1926 2956 1981 τῶν
2986 1925 3084 1979 ἐπὶ
3125 1922 3234 1990 τῆς
3260 1921 3630 1984 συνθέσεως.

2405 2021 2547 2076 Ἰδια
2579 2017 2674 2072 τοῦ
2707 2018 2983 2089 μακαρίου
3019 2016 3187 2070 Δαυῒδ
3221 2015 3308 2085 εἴη
3347 2013 3413 2067 ἂν
3438 2009 3611 2064 ταῦτα
3631 2026 3642 2038 ·
3683 2010 3812 2061 κατ’
3843 2008 3925 2060 Ei.-

2331 2117 2535 2187 λειψινο
2577 2117 2652 2180 ὡς
2694 2117 2795 2182 τὸ,
2841 2133 2861 2166 ι
2913 2114 3052 2168 Ἀλλ’
3079 2115 3114 2184 ἢ
3166 2112 3299 2165 ὡσεὶ
3349 2109 3530 2180 χνοῦς,
3572 2106 3636 2158 ὃν
3666 2105 3928 2172 ἑκρξπτει

2333 2210 2537 2280 ἄνεμος
2561 2208 2671 2262 ἀπὸ
2705 2204 3004 2278 προσώπου
3027 2205 3127 2274 τῆς
3162 2203 3293 2272 γῆς·
3336 2219 3354 2251 ι
3407 2199 3582 2251 λείπει
3610 2195 3674 2247 τὸ
3703 2193 3888 2246 ἔσται
3913 2206 3924 2218 ·

2334 2301 2427 2354 καὶ
2449 2299 2531 2367 τὸ,
2557 2299 2762 2365 εἰπὼν,
2797 2297 2831 2369 ἢ
2869 2297 3085 2367 λέγων.
3121 2296 3193 2350 Ἦ
3233 2289 3430 2356 εἶπας,
3471 2291 3506 2360 ἢ
3539 2288 3867 2355 λέγουσιν,
3897 2286 3928 2350 ἦ

2333 2411 2388 2447 τι
2420 2390 2689 2446 τοιοῦτονο
2726 2390 2820 2444 κει.)⁸
2839 2389 2900 2442 τδ
2923 2389 3022 2459 μὲν
3055 2387 3264 2452 δικὼν,
3285 2385 3361 2449 ὡς
3391 2383 3472 2451 τὺ,
3526 2381 3669 2451 Πρὸς
3712 2377 3929 2447 Κύριον

2334 2485 2396 2536 ὲν
2427 2481 2505 2553 τῷ
2530 2480 2812 2535 θλίσεσθαί
2838 2498 2904 2550 με
2935 2479 3212 2551 ἐκέκραξα
3240 2477 3435 2540 εἰπὼν,
3482 2495 3499 2524 ι
3539 2473 3636 2536 Τίς
3685 2468 3932 2536 ὠφέλεια

2335 2577 2394 2630 ὲν
2423 2575 2502 2646 τῷ
2529 2575 2722 2644 αἵματί
2758 2590 2895 2643 μου;
2948 2572 3276 2644 ὲνὴλλακται
3321 2569 3378 2621 δὲ
3407 2570 3435 2622 ὁ
3481 2567 3702 2637 χρόνος·
3743 2581 3763 2612 ι
3807 2561 3930 2617 καὶ.

2343 2687 2361 2718 ι
2417 2667 2512 2718 Ἐκ
2540 2664 2749 2735 βαθέων
2771 2663 3046 2735 ὲκέκραξά
3073 2680 3180 2728 σοι,
3224 2661 3419 2732 Κύριε,
3464 2678 3482 2710 ι
3517 2658 3712 2718 εἰπὼν,
3752 2674 3772 2705 ι
3816 2655 3934 2705 Κύ-

2341 2776 2446 2829 ριε,
2474 2757 2636 2828 ῥῦσαι
2683 2757 2781 2826 τὴν
2827 2757 3006 2826 ψυχήν
3041 2771 3174 2825 μου’
3214 2773 3232 2805 ι
3282 2754 3342 2806 τὸ
3374 2753 3432 2806 δὲ
3468 2751 3662 2818 λέγων
3686 2765 3700 2778 ·
3732 2748 3814 2809 ὡς
3851 2746 3935 2806 τὸ.

2345 2867 2363 2899 ι
2399 2847 2552 2918 ’ᾼσω
2576 2848 2670 2899 καὶ
2695 2845 2852 2915 ψαλῶ
2877 2844 2958 2914 τῷ
2991 2846 3204 2916 Κυρίῳ,
3230 2843 3404 2910 λέγων
3428 2859 3444 2873 °
3483 2862 3501 2893 ι
3539 2840 3599 2892 οὑ
3627 2838 3743 2907 γάρ
3775 2838 3938 2887 ἐστιν

661 2947 771 2986 non
805 2933 951 2988 enim
989 2945 1077 2989 est
1117 2935 1171 2988 in
1207 2935 1434 3004 psalmis
1483 2936 2110 3011 alternatiopersonze;
2170 2943 2238 2999 de

2349 2939 2397 2992 ὲν
2422 2940 2536 3002 τοῖς
2584 2938 2820 3007 ψαλμοῖς
2870 2936 3145 3007 ἐναλλαγὴ
3177 2933 3472 3006 προσώπου
3496 2949 3510 2963 ·
3536 2930 3600 2983 τδ
3630 2929 3690 2983 δὲ
3715 2928 3901 2989 εἶπας
3921 2942 3932 2952 ·

659 3035 794 3076 voce
839 3023 1053 3089 dixisti,
1101 3024 1246 3079 sicut
1280 3043 1292 3077 :
1339 3043 1358 3076 ι
1397 3040 1523 3079 cum
1564 3040 1829 3097 accepero
1872 3036 2105 3099 tempus,
2137 3047 2240 3102 ego

2349 3029 2417 3096 ὡς
2438 3012 2529 3096 τὸ,
2557 3048 2576 3080 ι
2608 3029 2778 3082 Ὅταν
2802 3027 2952 3085 λάσω
2979 3027 3189 3099 καιρὸν,
3218 3025 3330 3094 ἐγὼ
3361 3023 3664 3093 sacoma;
3694 3018 3878 3090 κρινῶ
3915 3039 3932 3066 ι

659 3108 1235 3194 justitissjudicabo;
1274 3131 1295 3164 ι
1332 3122 1409 3181 et,
1453 3132 1474 3164 ι
1530 3115 1877 3171 Intellectum
1937 3117 2035 3174 tibi
2095 3119 2238 3178 dabo

2349 3122 2456 3184 καὶ,
2495 3139 2514 3172 t
2554 3119 2794 3173 Συνετιῶ
2833 3137 2893 3172 σε
2927 3118 3022 3173 καὶ
3051 3117 3304 3187 συμϐιεῶ
3333 3132 3393 3168 σε
3420 3131 3432 3143 ·
3471 3134 3488 3166 ι
3518 3112 3684 3166 entes
3709 3109 3802 3162 τοῦ
3834 3110 3937 3162 ,ζέ-

660 3207 718 3251 et
748 3199 1018 3255 instruam
1046 3211 1137 3268 te;
1177 3223 1196 3256 ι
1229 3202 1298 3258 de
1326 3219 1460 3259 voce
1487 3205 1742 3271 dicentes,
1776 3216 1834 3268 ut
1865 3226 1878 3262 :
1919 3228 1938 3261 ι
1961 3209 2240 3270 Adversus

2349 3228 2584 3282 γοντεςο
2624 3210 2700 3274 ὼς
2731 3211 2812 3275 τὸ,
2849 3230 2868 3263 ι
2925 3211 3083 3267 Κατά
3116 3207 3210 3262 τοῦ
3250 3207 3458 3277 Κυρίου
3510 3204 3606 3256 καὶ
3661 3200 3812 3254 κατὰ
3840 3216 3939 3250 του

665 3285 958 3362 Dominum
999 3300 1055 3346 et
1093 3292 1358 3347 adversus
1405 3291 1695 3350 Christum
1744 3295 1865 3365 ejus
1913 3296 2238 3370 (dicentes);

2349 3302 2585 3374 Χριστοῦ
2613 3300 2803 3366 αὐτοῦ,
2843 3299 3096 3369 λέγοντες
3118 3318 3131 3330 ·
3173 3318 3194 3350 ι
3247 3300 3340 3351 ἐπὶ
3385 3298 3444 3350 δὲ
3478 3295 3572 3349 τοῦ
3601 3291 3906 3360 ,λέγουσιν
3927 3307 3938 3318 ·

664 3380 730 3432 de
775 3380 982 3449 dicunt,
1033 3384 1220 3438 sicut:
1259 3405 1277 3436 ι
1312 3384 1497 3440 Nolite
1547 3386 1700 3458 loqui
1747 3388 2013 3446 adversus
2069 3390 2240 3448 Deum

2349 3396 2420 3460 ὡς
2443 3394 2526 3459 τὸ,
2557 3412 2577 3448 t
2618 3394 2728 3453 Καὶ
2757 3393 2834 3466 μὴ
2879 3393 3094 3447 λαλεῖτε
3129 3389 3270 3445 κατὰ
3312 3387 3405 3442 τοῦ
3439 3386 3574 3440 Θεοῦ
3617 3385 3836 3437 ἀδικίαν
3859 3399 3871 3410 ·
3921 3403 3935 3432 ι

666 3473 1033 3543 iniquitatem,
1093 3495 1113 3528 ι
1173 3492 1272 3547 pro
1319 3478 1502 3531 dicunt
1521 3496 1543 3544 ;
1619 3498 1639 3531 ι
1673 3476 1863 3551 Neque
1921 3497 1953 3537 a
2009 3482 2242 3548 desertis

2349 3487 2464 3541 ἀντὶ
2488 3485 2604 3550 τοῦ,
2631 3485 2941 3555 λέγουσιν’
2977 3481 3242 3553 Οὐδαμῶς
3272 3480 3380 3534 ἀπὸ
3412 3479 3637 3548 ἐρήμων
3665 3475 3865 3544 ὀρέων.

667 3567 969 3624 montibus.
1000 3588 1020 3621 ι
1052 3565 1739 3638 (Psat.cxn,i;cxnx,i;
1771 3587 1924 3636 xxix,
1990 3573 2095 3642 l0;
2129 3590 2314 3644 cutx,
2357 3578 2426 3646 l;
2481 3593 2558 3646 vt,
2603 3577 2676 3642 ei;
2730 3591 2849 3643 cui,
2895 3576 3000 3642 53;
3053 3588 3236 3639 uxrv,
3288 3574 3355 3636 3;
3406 3585 3555 3634 xm,
3603 3567 3673 3632 8;
3715 3582 3813 3627 xu,
3863 3568 3944 3628 Ως

667 3675 852 3726 Lutv,
883 3659 951 3726 6;
990 3677 1174 3727 Lxxw,
1210 3662 1288 3732 7.)

743 3753 1090 3823 Repetitione
1146 3757 1271 3813 aliis
1319 3758 1503 3814 verbis
1553 3758 1756 3828 ubique
1803 3759 1999 3824 utitur,
2053 3749 2244 3816 sicut:

676 3863 694 3895 ι
734 3844 873 3900 Ecce
902 3846 1048 3901 enim
1081 3847 1136 3902 in
1157 3848 1544 3918 iniquitatibus
1587 3862 1888 3920 conceptus
1926 3866 2068 3918 sum,
2103 3863 2157 3908 et
2192 3854 2245 3913 in

675 3938 916 4006 peccatis
948 3939 1203 4009 concepit
1234 3954 1320 3994 me
1357 3950 1533 3995 mater
1561 3955 1701 3996 mea.
1737 3961 1756 3993 ι
1795 3940 1882 4006 Ει,
1924 3962 1942 3993 ι
1973 3943 2088 4013 Ego
2119 3944 2247 3999 dor-

672 4030 804 4082 mivi
846 4040 900 4084 et
934 4039 1228 4099 soporatus
1272 4045 1433 4098 sum;
1476 4051 1493 4084 ι
1532 4041 1606 4094 et,
1661 4052 1678 4083 ι
1717 4030 2032 4104 Terrigenae
2067 4045 2119 4090 et
2155 4035 2251 4090 lilii

680 4124 1007 4190 hominum;
1049 4141 1066 4174 ι
1095 4131 1170 4188 et,
1208 4141 1226 4174 ι
1264 4122 1368 4189 Qui
1399 4124 1529 4178 facit
1556 4125 1781 4194 angelos
1819 4141 1952 4182 suos
1999 4128 2247 4196 spiritus,

673 4223 726 4268 ct
773 4214 1060 4269 ministros
1104 4231 1236 4271 suos
1270 4215 1546 4270 ﬂammam
1597 4217 1772 4286 ignis;
1811 4235 1829 4269 ι
1873 4227 1947 4282 et,
1991 4237 2009 4269 ι
2052 4218 2254 4275 Factus

677 4312 762 4359 est
808 4305 941 4359 mihi
991 4307 1258 4362 Dominus
1305 4308 1358 4360 in
1408 4306 1680 4377 refugium
1713 4318 1769 4362 ct
1807 4307 1951 4364 Deus
2001 4325 2158 4366 meus
2200 4312 2253 4368 in

679 4395 1017 4463 adjutorium
1045 4398 1160 4466 spei
1193 4413 1366 4462 meae;
1403 4417 1421 4448 ι
1459 4411 1534 4464 et,
1572 4416 1590 4448 ι
1625 4397 1891 4454 Dominus
1926 4401 2144 4464 locutus
2172 4409 2258 4456 est

676 4498 732 4543 et
768 4489 985 4543 vocavit
1027 4499 1266 4556 terram;
1311 4509 1331 4542 ι
1383 4501 1457 4551 et,
1509 4508 1527 4539 ι
1567 4487 1893 4543 Ell'abuntur
1928 4501 1981 4545 et
2029 4491 2255 4559 loquen-

2421 3759 2500 3829 Τῇ
2534 3757 2856 3828 ταυτολογῑᾳ
2888 3758 3153 3827 κέχρηται
3189 3751 3464 3822 πανταχοῦ
3485 3771 3500 3784 ·
3524 3752 3601 3812 ὡς
3639 3751 3722 3813 τὸ,
3754 3769 3775 3801 ι
3804 3749 3945 3801 Ἰδοὺ

2351 3851 2461 3920 γὰρ
2483 3852 2542 3904 ὲν
2565 3851 2821 3920 ἀνομίαις
2851 3847 3216 3919 συνελήφθην,
3249 3848 3341 3900 καὶ
3365 3850 3422 3899 ὲν
3455 3844 3757 3914 ἁμαρτίαις
3788 3842 3946 3896 hia-

2355 3942 2488 4012 σησέ
2526 3958 2594 4009 με
2629 3942 2662 4011 ἡ
2696 3940 2880 4011 μήτηρ
2901 3955 3034 4008 μου·
3072 3957 3092 3989 ι
3132 3938 3244 3999 καὶ,
3277 3955 3295 3988 ι
3343 3934 3486 4002 Ἐγὼ
3511 3931 3821 4001 ὲκοιμήϐην
3849 3932 3949 3982 καὶ

2357 4030 2613 4084 ὓπνωσα·
2654 4049 2671 4081 ι
2698 4031 2812 4091 καὶ,
2840 4049 2858 4080 ι
2885 4030 3140 4098 Γηγενεῖς
3169 4029 3262 4081 καὶ
3292 4028 3397 4079 υἱοὶ
3420 4024 3531 4078 τῶν
3559 4021 3889 4092 ἀνθρώπων·
3923 4042 3943 4072 ι

2358 4124 2469 4187 καὶ,
2515 4141 2532 4172 ι
2581 4123 2638 4174 '0
2666 4121 2837 4175 ποιῶν
2861 4122 2986 4183 τοὺς
3020 4119 3286 4187 ἀγγέλους
3314 4116 3481 4171 αὑτοῦ
3512 4115 3829 4184 πνεύματα,
3851 4114 3949 4164 καὶ

2356 4215 2484 4284 τοὺς
2519 4213 2867 4281 λειτουργοὺς
2893 4211 3059 4264 αὑτοῦ
3085 4211 3257 4281 πυρὸς
3283 4209 3458 4277 φλόγα
3478 4224 3490 4235 ·
3530 4225 3550 4261 ι
3589 4205 3706 4268 καὶ,
3751 4222 3770 4255 ι
3793 4203 3949 4269 Ἔγέ-

2358 4306 2478 4369 vero
2504 4323 2616 4375 μοι,
2647 4303 2872 4373 Κύριος,
2909 4305 2990 4366 είς
3010 4301 3355 4372 καταφυγὴν,
3390 4305 3483 4355 καί
3515 4299 3545 4351 ὁ
3570 4297 3704 4360 Θεὸς
3737 4311 3843 4365 μου
3870 4298 3953 4355 εἰς

2361 4397 2551 4467 βοηθὸν
2576 4397 2788 4463 ἐλπίδος
2821 4413 2923 4466 μου
2945 4409 2958 4424 ·
2979 4393 3126 4458 ικαὶ,
3147 4411 3164 4444 ι
3185 4395 3385 4462 Κύριος
3409 4391 3663 4459 ὲλάλησε,
3687 4389 3785 4441 καὶ
3811 4387 3952 4440 ἐκέ-

2360 4489 2484 4539 λεσε
2516 4487 2608 4556 τὴν
2644 4488 2776 4557 γῆν·
2808 4504 2825 4543 ι
2859 4483 2975 4547 καὶ,
3015 4501 3033 4532 ι
3067 4481 3395 4550 Φθέγξονται
3428 4481 3523 4533 καὶ
3552 4476 3858 4546 λαλήσουσι
3888 4491 3903 4503 ·
3932 4495 3951 4526 ι

680 4591 796 4645 tur;
839 4599 856 4645 ι
888 4589 962 4646 et,
1001 4603 1020 4632 c
1061 4578 1238 4635 Verba
1270 4598 1387 4643 mea
1416 4583 1642 4635 auribus
1671 4583 1912 4652 percipe,
1947 4582 2195 4639 Domine.
2233 4602 2243 4633 I

2363 4580 2479 4642 καὶ,
2518 4599 2536 4629 ι
2575 4578 2656 4629 Τὰ
2683 4578 2906 4647 ῥήματά
2940 4593 3040 4646 μου
3070 4573 3344 4635 ὲνώτισαι,
3376 4569 3569 4639 Κύριε.
3606 4587 3626 4618 ι

681 4671 873 4733 (Ρεαι.
911 4688 965 4736 ι,
997 4672 1064 4738 7;
1106 4688 1187 4739 In,
1231 4673 1306 4738 6;-
1343 4689 1533 4736 ιινιιι,
1566 4673 1638 4738 5;
1682 4688 1803 4736 cm,
1842 4673 1912 4738 αις
1959 4687 2110 4736 ιιῖιιι,
2152 4673 2256 4739 22;

681 4779 835 4827 ιοιιι,
878 4750 942 4831 4’;
978 4781 1030 4829 v,
1067 4764 1145 4832 l.)

753 4857 1068 4927 Tripliciter
1123 4858 1267 4912 idem
1322 4874 1467 4926 saepe
1535 4860 1835 4918 secundum
1891 4858 2260 4912 inversionem

682 4947 1001 5016 quamdam,
1059 4948 1240 5002 sicut:
1335 4946 1517 5013 νὶάυδ,
1561 4963 1661 5018 pro
1707 4949 1836 5017 quia
1889 4949 2062 5012 vides,
2187 4958 2261 5011 et,

697 5061 716 5091 ι
752 5037 930 5093 Tuum
963 5040 1069 5092 hoc
1105 5040 1448 5104 brachium,»
1483 5058 1583 5113 pro
1671 5041 1775 5096 boc
1803 5051 1979 5094 tuum.
2076 5039 2257 5109 (Prol.

686 5147 951 5197 Lxxxvm,
997 5131 1121 5197 14.)

760 5223 824 5276 Et
850 5223 1078 5292 longiori
1111 5224 1273 5277 modo
1305 5224 1673 5278 inversionem
1712 5223 1869 5285 facit,
1907 5223 2050 5275 sicut
2086 5241 2096 5275 :
2145 5241 2163 5274 ι
2204 5222 2262 5276 In

689 5313 935 5382 reliquiis
968 5316 1072 5369 tuis
1119 5315 1453 5385 przeparabis
1507 5317 1713 5367 vultum
1761 5328 2122 5390 eornnmpro
2212 5313 2264 5366 in

689 5407 938 5476 reliquiis
975 5423 1206 5474 eorum;
1315 5409 1456 5463 sicut
1491 5405 1635 5476 apud
1669 5406 1869 5473 lyricos
1913 5406 2269 5459 inveniuntur

690 5502 838 5555 talia.
885 5501 1063 5569 (Psal.
1102 5517 1192 5566 xx,
1232 5501 1345 5562 15.)

765 5674 1089 5746 llypcrbatis
1138 5686 1191 5730 et
1249 5676 1776 5744 transpositionibus
1835 5672 2026 5733 utitur,
2077 5672 2214 5726 sicut

701 5786 722 5824 ι
762 5765 907 5822 Dum
940 5769 1182 5839 superbit
1217 5768 1440 5840 impius,
1490 5767 1803 5822 incenditur
1856 5777 2082 5834 pauper,
2127 5775 2268 5832 qun-

2437 4844 2649 4914 Τριχῶς
2689 4845 2748 4895 τὺ
2782 4843 2912 4895 αὐτὸ
2944 4841 3203 4902 πολλάκις
3232 4839 3374 4892 κατὰ
3402 4835 3772 4905 ἀντιστροφὴν
3805 4847 3932 4884 τινα

2365 4936 2438 5000 ὼς
2458 4937 2538 4998 τὸ,
2559 4936 2837 5000 βλέπεις,
2871 4932 2993 4986 ἀντὶ
3022 4932 3142 4995 τοῦ,
3179 4932 3303 4988 Ὅτι
3354 4929 3570 4999 βλέπεις
3596 4943 3608 4952 ·
3638 4925 3755 4988 καὶ,
3800 4941 3820 4973 ι
3853 4922 3958 4983 Eb;

2368 5029 2396 5078 ὁ
2430 5027 2721 5098 βραχίων,ι
2750 5025 2871 5079 ἀντὶ
2893 5022 3011 5088 τοῦ,
3047 5023 3105 5075 '0
3133 5023 3244 5084 σός.

2443 5204 2550 5257 Καὶ
2575 5203 2661 5254 διὰ
2689 5200 3030 5270 μακροτέρου
3057 5197 3154 5269 τὴν
3188 5193 3553 5265 ἀντιστροφὴν
3584 5193 3855 5244 ποιεῖται·
3880 5191 3958 5252 ὡς

2373 5296 2454 5361 τὸ,
2490 5312 2510 5346 t
2561 5295 2648 5346 Ἐν
2682 5296 2795 5355 τοῖς
2827 5290 3168 5361 περιλοίποις
3197 5305 3289 5340 σου
3331 5285 3642 5354 ὲτοιμάσεις
3683 5283 3743 5333 τὸ
3785 5275 3959 5349 atpos-

2376 5405 2525 5441 ωπον
2554 5386 2766 5439 αὐτῶν·
2811 5405 2828 5438 ι
2864 5385 2986 5437 ἀντὶ
3013 5383 3107 5436 τοῦ
3132 5423 3146 5445 ,
3195 5379 3285 5433 Ἐν
3310 5381 3422 5441 τοῖς
3468 5375 3810 5443 περιλοίποις
3857 5374 3959 5424 αὐ-

2377 5480 2520 5533 τῶν·
2551 5479 2626 5541 ὡς
2677 5478 2771 5531 καὶ
2809 5476 2961 5546 παρὰ
3006 5477 3118 5536 τοῖς
3152 5473 3407 5541 ,λυρικοῖς
3447 5468 3798 5539 εὑρίσκονται
3848 5481 3963 5516 τοι-

2375 5575 2531 5638 αὖτα.

2459 5664 2824 5735 ’Υπερὸατοίς
2875 5663 2967 5714 καὶ
3014 5659 3345 5730 ὑπερθέσεσι
3392 5658 3690 5725 κέχρηται’
3748 5652 3823 5713 ὡς
3877 5650 3962 5711 eo,

2387 5780 2405 5813 ι
2455 5761 2544 5814 Ἐν
2571 5758 2646 5830 τῷ
2680 5753 3194 5827 ὑπερηφανεῠεσθαι
3229 5752 3318 5806 τὸν
3350 5751 3548 5821 ἀσεὸἧ,
3592 5745 3961 5819 ἑμπυρῑςιται
