4144 6448
695 386 842 458 1303

2154 398 2480 461 ADRIANI

3847 400 3979 471 1304

695 507 880 561 sicut:
938 525 959 560 ι
998 505 1265 563 Dominus
1337 509 1605 566 diluvium
1655 511 1964 569 inhabitare
2027 512 2195 579 facit;
2242 531 2259 566 ι

2374 516 2658 584 ἀποφαίνει
2681 534 2692 548 ·
2731 518 2809 581 ὡς
2841 518 2920 584 τὸ,
2959 536 2977 570 ι
3026 517 3230 589 Κύριος
3257 519 3345 572 τὸν
3391 516 3808 588 κατακλυσμὸν
3849 536 3981 571 κατ-

694 607 774 664 et,
814 619 832 650 ι
872 599 977 666 Qui
1025 610 1181 655 vocat
1219 615 1394 670 aquas
1427 604 1638 667 maris;
1677 621 1698 655 ι
1735 613 1795 658 ιιι
1824 603 1974 658 dicat
2013 604 2267 675 Assyrios

695 701 750 745 et
800 692 1241 760 multitudinem,
1293 703 1379 758 et,
1443 715 1462 747 ι
1505 696 1787 750 Protector
1842 704 2030 751 noster
2086 695 2268 765 aspice

698 785 878 851 Deus;
926 803 947 838 ι
982 795 1056 850 et,
1103 807 1125 837 ι
1162 788 1278 842 Sub
1318 790 1511 842 umbra
1546 787 1756 844 alarum
1792 801 2010 844 tuarqu
2046 799 2267 860 protege

696 891 816 940 me,
854 895 873 928 ι
903 886 977 941 et,
1018 896 1036 928 ι
1078 879 1410 948 Expandeus
1438 880 1554 934 alas
1577 896 1730 948 suas,
1765 882 2066 950 assumpsit
2091 896 2208 939 eos.
2243 899 2260 932 ι

691 979 744 1023 et
771 979 1083 1038 perseverat
1113 972 1166 1023 in
1193 971 1441 1025 oratione
1469 971 1719 1041 ﬁgurata.
1747 970 1926 1041 (Psal.
1962 987 2099 1035 xxu,
2125 972 2180 1038 ὃ,
2202 971 2224 1024 l
2249 991 2263 1036 ;

693 1076 903 1123 Lxxvu,
936 1063 995 1115 Ἠ
1023 1079 1036 1125 ;
1080 1060 1276 1116 Ezech.
1310 1077 1496 1126 xxxiv,
1527 1063 1580 1126 8,
1613 1061 1712 1127 l0;
1743 1077 1929 1126 xxxiv,
1955 1061 2024 1127 5;
2071 1061 2266 1118 Matth.

693 1168 769 1218 Iv,
802 1153 904 1216 19;
950 1152 1145 1205 Ezech.
1181 1167 1278 1218 xn,
1316 1153 1424 1217 13;
1457 1152 1606 1206 Ριιιί.
1649 1168 1840 1217 xxvttt,
1870 1153 1941 1219 9;
1983 1153 2143 1206 Amos
2187 1169 2264 1218 Ix,

692 1242 766 1305 6;
804 1240 954 1294 Ριιιί.
997 1257 1232 1309 Lxxxm,
1269 1244 1371 1313 lQ;
1409 1260 1520 1309 xw,
1552 1245 1625 1310 8;
1667 1243 1821 1299 Deut.
1865 1261 2041 1312 xxxlt,
2079 1246 2193 1315 11.)

766 1328 1084 1384 Secundum
1108 1333 1452 1400 parabolam,
1483 1334 1628 1387 sicut
1655 1352 1667 1387 :
1703 1353 1722 1386 ι
1755 1332 1983 1403 Vigilavi
2007 1343 2062 1389 et
2091 1333 2268 1389 factus

693 1436 815 1472 sum
850 1420 996 1475 sicut
1043 1435 1253 1489 passer,
1286 1441 1305 1474 ι
1350 1431 1423 1487 et,
1465 1441 1484 1474 ι
1524 1421 1678 1478 Sicut
1710 1425 1847 1477 ovis.
1886 1442 1905 1474 ι
1949 1421 2139 1492 (Psal.
2187 1438 2262 1490 Cl,

691 1510 761 1574 8;
804 1511 913 1565 lsa.
951 1529 1066 1577 LIII,
1100 1514 1178 1583 7.)

764 1605 1079 1659 Secundum
1106 1587 1597 1674 comparationem,
1629 1605 1777 1660 verbi
1807 1607 2003 1675 gratia,
2034 1621 2266 1675 praesen-

691 1695 769 1747 tia
805 1694 1049 1764 antiquis
1075 1710 1140 1748 ex
1169 1695 1447 1750 similibus
1479 1696 1593 1750 vult
1626 1697 1936 1751 assimilare
1966 1696 2265 1766 baptisma-

693 1787 766 1840 tis
800 1787 1055 1856 giatiam,
1099 1787 1236 1845 mari
1267 1786 1494 1852 Rubro;
1539 1795 1595 1842 et
1623 1789 1935 1843 divinorum
1979 1790 2266 1860 mysterio-

693 1894 815 1931 rum
873 1877 1390 1945 participationem,
1440 1892 1656 1932 manna:
1697 1887 1752 1934 et
1813 1894 1970 1948 aqua?
2014 1895 2044 1935 e
2093 1891 2268 1951 petra.

689 1967 755 2034 (Ι
791 1964 916 2021 Cor.
962 1981 1015 2029 Χ,
1047 1966 1138 2034 5.)

767 2058 1082 2113 Secundum
1139 2059 1523 2128 synecdochen
1583 2075 1707 2115 cum
1772 2075 1838 2118 ex
1890 2068 2044 2131 parte
2097 2068 2269 2118 totum

693 2151 954 2213 ostendit,
1002 2151 1190 2205 sicut:
1241 2169 1260 2202 ι
1298 2151 1552 2207 Animam
1595 2166 1773 2206 meam
1818 2152 2109 2220 convertit,
2147 2175 2169 2208 ι
2209 2163 2271 2210 ut

691 2245 841 2295 dicat
873 2257 972 2294 me.
1007 2242 1091 2298 Et.
1129 2261 1147 2294 ι
1186 2228 1411 2311 luctatur
1439 2251 1492 2297 et
1536 2257 1667 2297 caro
1725 2257 1846 2299 mea
1879 2244 2184 2315 requiescet
2214 2247 2268 2302 in

690 2348 809 2403 spe,
845 2351 862 2382 ι
893 2347 994 2400 pro
1015 2335 1144 2403 ego}
1177 2341 1254 2396 et,
1295 2352 1312 2382 ι
1347 2331 1426 2386 Ex
1456 2342 1610 2387 utero
1638 2342 1764 2388 ante
1787 2333 2078 2390 luciferum
2105 2339 2267 2408 genui

693 2436 766 2488 te,
796 2444 813 2475 ι
854 2439 975 2494 pro,
1009 2444 1027 2476 ι
1062 2433 1189 2478 ante
1218 2437 1436 2479 omnem
1463 2424 1819 2481 creationem.
1866 2445 1885 2478 ι
1921 2425 2108 2498 (Paul.
2132 2443 2266 2495 χιιι,

693 2515 765 2582 5;
802 2531 890 2580 xv,
931 2516 1000 2581 9;
1037 2530 1164 2579 (ιιι,
1199 2514 1289 2584 5.)

773 2604 1090 2659 Secundum
1143 2604 1458 2674 exemplum
1488 2645 1504 2670 ,
1562 2605 1788 2676 quando
1843 2622 1968 2678 qua:
2019 2607 2269 2664 facienda

698 2705 831 2752 sunt
859 2712 955 2766 per
979 2695 1182 2752 similia
1213 2695 1463 2766 quaedam
1490 2707 1863 2767 exponuntur,
1891 2701 2036 2756 sicut
2064 2720 2076 2755 :
2109 2720 2128 2753 ι
2162 2702 2269 2757 Co-

693 2797 884 2858 gnovit
920 2792 1019 2845 bos
1065 2802 1443 2858 possessorem
1486 2804 1650 2845 suum
1683 2808 1695 2822 -
1736 2808 1758 2843 ι
1788 2799 1876 2858 et,
1927 2809 1946 2844 ι
1983 2791 2178 2849 Milvus
2216 2795 2269 2849 in

693 2882 835 2934 cutlo
886 2883 1145 2951 cognovit
1197 2890 1414 2951 tempus
1455 2897 1655 2946 suum;
1695 2901 1714 2934 ι
1765 2891 1840 2947 et,
1890 2901 1910 2936 ι
1943 2882 2118 2938 Homo
2155 2895 2272 2940 erat

693 2971 1078 3040 paterfamilias
1114 2989 1129 3034 ;
1189 2989 1210 3026 ι
1242 2970 1317 3038 et,
1355 2990 1374 3023 ι
1408 2969 1656 3026 Hominis
1679 2971 1964 3039 cujusdam
2009 2975 2214 3032 divitis.
2247 2997 2265 3030 ι

693 3060 850 3131 (ha.
896 3079 934 3127 ι,
967 3062 1039 3128 '5;
1091 3062 1290 3120 Jerem.
1336 3078 1454 3132 νιιι,
1490 3063 1560 3130 7;
1606 3061 1800 3118 Matth.
1838 3081 1946 3133 xxi,
1985 3067 2093 3135 35;
2136 3067 2266 3123 Luc.

691 3169 791 3219 xli,
832 3153 956 3223 l6.)

765 3244 1082 3302 Secundum
1120 3254 1513 3321 metonymiam
1563 3255 1783 3324 quando
1832 3253 1916 3310 vel
1963 3268 1994 3308 a
2024 3254 2262 3309 circum—

691 3339 957 3394 dautibus
1009 3341 1376 3408 circumdata,
1429 3345 1513 3399 vel
1546 3360 1646 3414 pro
1690 3347 2082 3402 habitationem
2127 3364 2266 3417 pra:-

693 3432 959 3488 bcntibus
994 3433 1298 3490 habitantia
1329 3437 1615 3504 nominat;
1653 3448 1708 3493 et
1740 3454 1768 3492 a
1799 3439 2268 3495 circumdantibus

691 3523 1055 3592 circumdata,
1088 3525 1271 3582 sicut:
1308 3545 1326 3578 ι
1361 3526 1428 3582 Et
1453 3529 1590 3584 calix
1622 3545 1778 3585 meus
1801 3530 2078 3586 inebrians
2103 3545 2267 3600 quam

692 3617 1024 3684 praeclarus;
1051 3637 1070 3671 ι
1109 3628 1182 3683 et,
1217 3638 1235 3671 ι
1271 3620 1508 3685 Ululate,
1545 3637 1714 3678 naves
1745 3623 1908 3695 Tyri;
1947 3640 1969 3676 ι
2005 3632 2080 3689 et,
2115 3642 2134 3674 ι
2161 3623 2268 3677 Ca-

699 3709 859 3763 licem
898 3711 1108 3766 sororis
1154 3719 1260 3766 tute
1294 3712 1466 3769 bibes.
1505 3733 1524 3766 ι
1570 3715 1654 3770 Ab
1687 3716 2086 3770 habitationem
2135 3731 2271 3784 pra-

696 3801 957 3856 bentibus
1009 3803 1354 3872 habitantia,
1402 3805 1548 3860 sicut
1599 3825 1611 3860 :
1661 3825 1678 3857 ι
1721 3807 2021 3862 Advocabit
2069 3808 2267 3863 caelum

694 3883 1025 3960 desursum;
1056 3914 1075 3946 ι
1119 3901 1195 3962 et,
1233 3914 1252 3946 ι
1280 3895 1609 3962 Jerusalem,
1642 3895 1974 3962 Jerusalem,
2013 3913 2137 3967 qua:
2171 3913 2268 3952 oc-

694 3985 834 4040 cidis
866 3987 1204 4056 prophetas;
1242 4008 1262 4040 ι
1299 3997 1377 4052 et,
1415 4006 1432 4039 ι
1468 3988 1744 4044 Lmteutur
1779 3990 1970 4044 insula:
2003 3992 2206 4045 multae.
2246 4011 2264 4043 ι

693 4077 889 4144 (Paul.
939 4096 1075 4144 χχιι,
1111 4081 1182 4146 6;
1233 4081 1343 4134 Ιειι.
1384 4098 1544 4145 xxiii,
1590 4083 1659 4147 ‘l;
1719 4081 1910 4136 Ezech.
1963 4099 2122 4147 ιιιιιι,
2165 4084 2269 4148 32;

693 4169 848 4226 Psal.
891 4187 1039 4236 λιιι,
1081 4174 1146 4240 4;
1182 4173 1380 4227 Matth.
1415 4176 1573 4237 xxiii,
1609 4173 1702 4243 ὄϊς
1745 4173 1894 4228 Psal.
1933 4189 2075 4241 xcvn,
2112 4177 2201 4244 Ι.)

770 4262 1089 4318 Secundum
1126 4264 1518 4333 autiphrasim,
1550 4266 1772 4335 quando
1802 4280 1898 4335 per
1930 4268 2272 4320 contrarium

694 4357 960 4420 ostendit,
993 4356 1146 4412 verbi
1178 4355 1355 4425 gratia
1389 4374 1402 4408 :
1447 4375 1465 4406 ι
1503 4354 1616 4410 Nisi
1651 4357 1704 4410 in
1735 4357 1934 4412 faciem
1979 4358 2272 4416 heuedixe-

693 4448 766 4501 rit
794 4447 915 4509 tibi,
953 4467 972 4498 ι
1002 4462 1101 4519 pro
1129 4447 1593 4517 blasphemaverit.
1623 4447 1709 4511 Et,
1743 4467 1760 4496 ι
1791 4447 2071 4502 Benediin
2103 4449 2268 4504 Deum

2369 609 2560 661 οικιετ·
2598 625 2618 659 ι
2667 608 2784 674 καὶ,
2839 625 2858 659 ι
2919 607 2978 659 ’0
3029 606 3511 679 προσκαλούμενος
3564 609 3632 662 τὸ
3671 608 3844 680 ὕδωρ
3884 607 3983 676 τῆς

2370 697 2648 768 θαλάσσης
2670 716 2684 731 ·
2718 718 2736 750 ι
2771 698 2858 752 ῐνα
2885 698 3016 770 εἴπῃ
3061 701 3190 764 τοὺς
3231 701 3554 768 ⁹Δσσυρίους
3603 701 3705 755 καὶ
3737 701 3814 754 τὺ
3849 701 3983 767 κλῆ-

2370 789 2462 853 θος
2483 804 2498 820 ⁶
2529 792 2642 855 καὶ,
2682 808 2703 841 ι
2755 790 3171 861 ’Υπερασπιστὰ
3199 791 3360 863 ἡμῶν
3394 793 3518 847 ῐδεό
3552 794 3693 856 Θεός
3717 809 3734 821 ⁸
3793 811 3819 845 ι
3854 792 3976 855 καὶ,

2373 898 2395 932 ι
2445 881 2534 935 Ἐν
2555 883 2621 952 τῇ
2650 881 2830 954 σκέπῃ
2855 881 2965 937 τῶν
2985 881 3272 953 πτερύγων
3303 899 3397 936 σου
3447 885 3758 948 σκεπάσεις
3800 898 3881 951 με
3902 899 3918 912 ·
3956 902 3972 932 ι

2371 975 2486 1038 καὶ,
2522 993 2541 1026 ι
2579 974 2722 1037 Διεὶς
2746 963 2848 1038 τὰς
2872 973 3152 1045 πτέρυγας
3195 974 3360 1028 αὑτοῦ
3393 975 3613 1042 ἐδέξατο
3662 976 3917 1036 αὐτούς·
3957 996 3974 1026 ι

2370 1064 2464 1118 καὶ
2498 1063 2822 1135 έναπομένει
2859 1065 2936 1135 τῷ
2965 1064 3356 1136 σχηματισμῷ.

2440 1333 2596 1385 Κατὰ
2623 1334 2679 1386 δὲ
2711 1333 3024 1404 παραϐολήν
3061 1348 3074 1362 ·
3106 1334 3184 1398 ὠς
3211 1335 3291 1400 τὸ,
3347 1353 3364 1386 ι
3415 1335 3820 1404 Ἦγρύπνησα,
3883 1336 3975 1386 καὶ

2399 1420 2636 1492 γενόμην
2667 1422 2742 1484 ὡς
2785 1423 3098 1492 στρουθίον,
3119 1443 3137 1474 ι
3160 1423 3276 1487 καί,
3307 1443 3325 1473 ι
3363 1424 3449 1487 Ὠς
3471 1423 3784 1493 πρόδατον.
3832 1445 3854 1476 ι

2439 1603 2598 1656 Κατὰ
2630 1601 2938 1673 σύγκρισιν,
2967 1598 3080 1654 οἷον
3131 1601 3200 1654 τὰ
3239 1601 3482 1670 παρόντα
3535 1603 3656 1664 τοῖς
3705 1602 3973 1662 παλαιοῖς

2366 1693 2432 1744 ἐκ
2469 1690 2579 1744 τῶν
2606 1690 2807 1761 ὁμοίων
2841 1688 3012 1742 ἐθέλει
3041 1689 3284 1753 εἰκάζειν
3315 1705 3329 1717 ·
3362 1689 3461 1760 τὴν
3492 1691 3590 1743 τοῦ
3639 1690 3976 1760 βαπτίσμα-

2369 1799 2461 1846 τος
2493 1782 2676 1852 χάριν,
2703 1784 2771 1854 τῇ
2806 1779 3048 1852 Ἐρυθρᾷ
3075 1779 3324 1852 θαλάσσῃ
3347 1794 3362 1809 °
3396 1782 3490 1833 καὶ
3517 1783 3623 1850 τὴν
3650 1780 3772 1832 τῶν
3803 1780 3974 1832 θείων

2375 1874 2695 1946 μυστηρίων
2725 1872 3051 1942 μετάληψιν,
3090 1875 3158 1943 τῇ
3185 1889 3244 1925 τε
3279 1870 3373 1925 τοῦ
3403 1872 3582 1942 μάννα
3637 1872 3740 1924 καὶ
3761 1871 3849 1941 τῷ
3914 1874 3975 1923 ἐκ

2370 1965 2577 2034 πέτρας
2606 1961 2780 2018 ὕδατι.

2438 2057 2598 2116 Κατὰ
2618 2057 2970 2126 συνεκδοχὴν,
3002 2057 3132 2111 ὅταν
3169 2055 3279 2110 ἀπὸ
3310 2057 3510 2128 μέρους
3537 2057 3603 2110 τὸ
3632 2057 3763 2110 ὅλον
3793 2055 3973 2124 δηλοῖ·

2367 2149 2442 2213 ὡς
2469 2147 2552 2216 τὸ,
2584 2167 2604 2202 ι
2636 2148 2747 2219 Τὴν
2773 2147 2956 2218 ψυχήν
3010 2165 3116 2218 μου
3170 2147 3505 2218 ἐπέστρεψεν
3529 2165 3542 2178 ο
3584 2167 3605 2200 ι
3677 2148 3775 2199 ἵνα
3842 2146 3975 2217 εῐπη

2367 2241 2472 2312 ἐμέ
2503 2261 2517 2276 ·
2557 2241 2675 2306 καὶ,
2718 2260 2736 2293 ι
2775 2241 2898 2294 Ἔτι
2922 2240 2978 2294 δὲ
3011 2240 3124 2304 καὶ,
3152 2240 3186 2309 ἡ
3210 2239 3348 2310 σάρξ
3379 2256 3481 2310 μου
3525 2237 3976 2308 κατασκηνώσει

2369 2334 2458 2391 ἐπ’
2491 2332 2668 2386 ἑλπίδι
2696 2351 2708 2362 ·
2753 2351 2773 2384 ι
2806 2332 2929 2385 ἀντὶ
2949 2330 3066 2394 τοῦ,
3110 2329 3228 2400 ἐγώ
3264 2347 3278 2362 ·
3309 2331 3422 2394 καὶ,
3458 2349 3478 2380 ι
3561 2330 3662 2383 Ἐκ
3719 2329 3974 2398 γαστρὸς

2371 2425 2478 2496 πρὸ
2505 2423 2786 2492 έωσφόρου
2825 2421 3094 2491 ἐγέννησα
3147 2437 3206 2474 σε
3236 2438 3251 2452 ο
3289 2441 3308 2473 ι
3369 2421 3509 2487 ἀντὶ,
3545 2438 3566 2472 ι
3614 2421 3728 2490 πρὸ
3783 2420 3975 2490 πάσης

2369 2517 2468 2587 τῆς
2498 2515 2751 2577 κτίσεως.
2801 2535 2820 2568 ι

2441 2607 2597 2661 Κατὰ
2634 2606 2958 2677 ὑπόδειγμα,
3006 2608 3136 2660 ὅταν
3196 2607 3267 2660 τὰ
3306 2605 3556 2676 πρακτέα
3631 2605 3704 2658 δι’
3760 2605 3974 2676 ὁμοίων

2369 2699 2531 2753 τινῶν
2558 2697 2872 2752 ὑποτίθεται
2897 2714 2910 2728 ο
2951 2692 3083 2764 οἷον,
3111 2715 3131 2749 ι
3172 2698 3352 2766 Ἔγνω
3381 2695 3506 2766 βοῦς
3536 2697 3633 2748 τὸν
3661 2698 3858 2767 κτησά
3871 2715 3976 2768 με-

2371 2809 2460 2845 νον
2487 2810 2500 2824 ·
2540 2810 2560 2843 ι
2599 2793 2714 2856 καὶ,
2745 2810 2763 2844 ι
2805 2792 2874 2844 Ἦ
2909 2790 3070 2845 ὰσίδα
3100 2791 3158 2842 ιν
3181 2788 3258 2858 τῷ
3304 2787 3518 2858 οὐρανῷ
3547 2787 3701 2855 ἔγνω
3729 2789 3833 2842 τὸν
3849 2807 3973 2841 και-

2375 2885 2468 2954 ρὸν
2507 2885 2677 2953 αὐτῆς
2712 2899 2725 2914 ·
2749 2902 2766 2934 ι
2801 2883 2917 2949 καὶ,
2949 2901 2967 2934 ι
3008 2880 3327 2952 ’Ἄνθρωπός
3355 2896 3439 2942 τις
3466 2879 3884 2949 οἰκοδεσπότης
3910 2895 3922 2908 ·
3953 2899 3972 2932 ι

2373 2971 2488 3036 καὶ,
2524 2989 2544 3022 ι
2583 2969 2902 3042 ’Δνθρὼπου
2934 2970 3078 3032 τινὸς
3105 2969 3382 3023 πλουσίου.
3425 2988 3444 3020 ι

2440 3254 2598 3308 Κατὰ
2625 3257 2988 3324 μετωνυμίαν,
3018 3255 3143 3306 ὅταν
3167 3255 3200 3324 ἢ
3221 3253 3328 3306 ὰπὸ
3348 3253 3455 3306 τῶν
3478 3252 3865 3322 περιεχόντων
3917 3251 3980 3303 τὰ

2372 3347 2808 3417 περιεχόμενα,ἢ
2827 3346 3053 3400 ὰπδτῶν
3067 3346 3358 3399 οἰκούντων
3383 3346 3451 3398 τὰ
3489 3345 3808 3413 οἰκούμενα
3848 3329 4006 3412 μετέ

2377 3436 2634 3506 ονομάζει
2657 3437 2752 3490 καὶ
2766 3437 2873 3490 ὰπὸ
2896 3436 2998 3507 μὲν
3024 3437 3133 3489 τῶν
3155 3436 3518 3507 περιεχόντων
3539 3435 3607 3488 τὰ
3633 3435 3981 3505 περιεχόμε-

2373 3543 2441 3579 να
2471 3543 2484 3556 ·
2503 3526 2580 3590 ὡς
2609 3526 2693 3592 τὸ,
2724 3544 2744 3578 ι
2791 3527 2902 3579 Καὶ
2933 3527 2992 3580 τὸ
3016 3527 3275 3598 ποτήριόν
3295 3542 3388 3579 σου
3416 3525 3698 3595 μεθύσκον
3743 3542 3817 3594 με
3848 3525 3983 3576 ὡσεὶ

2374 3619 2665 3690 κράτιστον
2690 3634 2704 3649 ο
2752 3637 2770 3669 ι
2807 3617 2922 3681 καὶ,
2958 3636 2976 3667 ι
3025 3616 3530 3683 Ὀλολύζετε,πλοία
3556 3613 3978 3684 Καρχηδόνος-ι

2375 3715 2470 3768 καὶ
2500 3733 2518 3765 ι
2552 3713 2627 3766 Τὸ
2661 3713 2918 3782 ποτήριον
2943 3711 3042 3780 τῆς
3097 3711 3332 3780 ἀδελφῆς
3367 3727 3462 3763 σου
3500 3711 3696 3762 πίεσαι
3735 3724 3749 3738 ·
3796 3726 3819 3758 ι
3879 3708 3985 3760 ὰπὸ

2373 3807 2430 3861 δὲ
2453 3805 2564 3858 τῶν
2587 3802 2881 3857 οἰκούντων
2915 3802 2984 3855 τὰ
3017 3801 3311 3872 οἰκούμενα
3337 3818 3349 3831 ·
3391 3801 3467 3864 ὡς
3507 3800 3592 3863 τὸ,
3661 3817 3684 3850 ι
3716 3798 3984 3867 “pom-

2376 3897 2596 3950 λέσεται
2635 3894 2728 3947 τὸν
2785 3892 3013 3961 οὐρανὸν
3075 3892 3225 3945 άνω·
3265 3910 3284 3942 ι
3313 3893 3426 3953 καὶ,
3503 3908 3520 3940 ι
3573 3889 3981 3958 Ἰερουσαλὴμ,

2389 3986 2772 4058 Ἰερουσαλὴμ,
2801 3987 2834 4052 ὴ
2858 3985 3268 4037 ἀποκτείνουσα
3297 3983 3423 4045 τοὺς
3452 3983 3755 4051 προφήτας
3773 3997 3828 4032 ἰ
3868 3981 3983 4042 καὶ,

2386 4099 2423 4149 ι.
2439 4075 2824 4147 Ἀγαλλιᾶσθε,
2845 4075 3002 4145 νῆσοι
3021 4075 3236 4128 πολλαί.
3265 4094 3284 4126 ι

2451 4282 2608 4336 Κατὰ
2643 4281 2968 4348 ὰντίφρασιν
2999 4278 3100 4346 (9).
3141 4279 3270 4330 ὅταν
3301 4277 3368 4330 δι’
3401 4275 3648 4328 ἐναντίου
3690 4275 3765 4328 τὸ
3827 4277 3987 4328 ἔναν-

2379 4375 2491 4426 τίον
2511 4373 2659 4443 δηλοί
2689 4389 2703 4402 ο
2730 4365 2958 4436 οἷον,«Εί
2981 4371 3088 4439 μὴν
3121 4371 3196 4431 εἰς
3223 4367 3586 4439 πρόσωπόνσε
3609 4365 3942 4434 εύλογήστι.
3965 4384 3983 4415 ι

2381 4466 2503 4517 ἀντὶ
2533 4462 2652 4528 τοῦ,
2680 4461 3124 4529 ,βλασφημήσει
3156 4477 3168 4490 ·
3210 4462 3327 4521 καὶ,
3359 4477 3378 4508 ι
3415 4457 3697 4526 Εὐλόγησε
3727 4455 3881 4508 Θεὸν
3897 4458 3988 4509 καὶ

692 4549 749 4591 et
805 4552 1010 4606 regem,
1061 4556 1080 4590 ι
1142 4552 1242 4607 pro
1298 4537 1709 4600 contumeliose,
1766 4537 1902 4589 male
1959 4537 2131 4603 di\it;
2185 4547 2267 4603 et,

2385 4553 2646 4623 βασιλέα·
2693 4571 2710 4602 ι
2751 4553 2872 4605 ὰντί
2929 4549 3048 4612 τοῦ,
3106 4549 3372 4614 ὕϐρισεν,
3437 4546 3813 4599 ἐκάκωσεν-⁸
3869 4548 3985 4609 καὶ,

698 4655 718 4684 ε
755 4632 896 4698 Quia
926 4633 1232 4688 celebratus
1272 4651 1292 4684 ι
1340 4642 1421 4688 cst
1455 4647 1588 4696 rex;
1623 4640 1696 4696 et,
1758 4650 1776 4681 ι
1819 4631 2146 4688 Benedictus
2199 4635 2273 4687 sit

696 4725 862 4778 homo
896 4724 1002 4778 ille.
1044 4744 1064 4777 ι
1105 4723 1447 4793 (1061,11;
1505 4739 1566 4786 ιι,
1601 4723 1666 4787 5;
1725 4722 1812 4775 ΙΙΙ
1845 4721 1972 4792 Reg.
2011 4740 2124 4790 xxi,
2164 4726 2270 4789 10;

693 4813 893 4870 Jerem.
929 4832 1027 4879 xx,
1059 4815 1185 4884 16.)

769 4903 1085 4957 Secundum
1117 4904 1507 4972 periplirasitu,
1545 4903 1766 4972 quando
1793 4904 1860 4958 de
1898 4905 1964 4959 iis
1991 4920 2113 4973 qua:
2143 4920 2274 4974 pau-

695 4999 777 5054 cis
804 4997 988 5051 verbis
1011 4997 1248 5066 exprimi
1273 5005 1527 5066 possunt,
1553 4997 1805 5064 pluribus
1832 5011 1922 5052 res
1949 5007 2230 5066 exponunt
2261 5016 2271 5048 :

696 5089 838 5142 sicut
886 5105 897 5140 :
959 5106 977 5138 ι
1014 5085 1155 5142 Ecce
1207 5087 1530 5157 alienigena:
1582 5097 1636 5140 et
1692 5085 1870 5154 Tyrus
1929 5095 1982 5140 et
2042 5087 2275 5156 populus

695 5177 1020 5249 )Ethiopum
1049 5179 1103 5232 hi
1142 5179 1362 5232 luerunt
1398 5178 1530 5233 illic.
1574 5197 1592 5228 ι
1639 5177 1825 5247 (μιαί.
1860 5194 2080 5242 Lxxxw,
2113 5180 2204 5247 4.)

773 5269 1087 5323 Secundum
1135 5270 1651 5338 recapitulationem
1682 5279 1775 5323 aut
1808 5271 2038 5324 reditum
2072 5272 2137 5324 ad
2174 5272 2276 5324 ini-

699 5360 842 5413 tium
871 5361 1095 5428 quando
1126 5375 1248 5428 quae
1284 5376 1380 5429 per
1413 5362 1569 5428 plura
1604 5362 1751 5415 varie
1793 5374 2111 5425 narrantur,
2153 5381 2276 5431 pro-

700 5461 818 5520 pter
869 5453 1237 5507 dimcultatem
1279 5469 1399 5522 qua:
1444 5454 1618 5506 oritur
1663 5467 1693 5505 a
1742 5455 2146 5522 digressionum
2189 5459 2271 5511 iu-

2387 4665 2406 4696 ι
2439 4647 2562 4698 Ὅτι
2591 4642 2904 4707 δεδόξασται
2943 4644 2972 4694 ό
3026 4639 3309 4710 βασιλεὺς·
3351 4657 3369 4689 ι
3414 4640 3526 4703 καὶ,
3593 4657 3612 4688 ι
3656 4637 3988 4708 Εὐφραινό·

2385 4751 2543 4806 μενος
2575 4734 2715 4784 ἔστω
2743 4734 2771 4784 ό
2796 4731 3080 4800 ἄνθρωπος
3111 4731 3336 4790 ἐκεῖνος.
3382 4747 3399 4776 ›

2449 4911 2607 4963 Κατὰ
2638 4908 2988 4978 περίφρασιν,
3019 4908 3148 4959 ὅταν
3178 4907 3289 4968 τοῖς
3321 4905 3385 4958 δι’
3436 4905 3634 4973 ὀλίγων
3698 4907 3989 4974 ἐκφωνεῖ-

2381 5003 2505 5054 σθαι
2538 5001 2857 5070 δυναμένοις
2881 4999 2979 5070 τὴν
3005 4998 3095 5051 διὰ
3123 4998 3388 5050 πλείονων
3421 4997 3626 5065 φράσιν
3669 4999 3978 5066 περιτίθη-

2380 5111 2464 5145 σιν
2483 5111 2496 5124 ·
2524 5087 2656 5152 οἷον,
2692 5111 2709 5140 ι
2749 5091 2861 5144 Καὶ
2896 5090 3004 5142 ἰδοὺ
3035 5088 3344 5158 ἀλλόφυλοι,
3366 5090 3460 5140 καί
3487 5087 3691 5157 Τύρος,
3721 5091 3836 5142 καὶ
3861 5089 3984 5149 1.1L;

2376 5185 2482 5237 τῶν
2535 5184 2831 5245 Αἰθιόπων,
2867 5173 3011 5234 οὗτοι
3040 5181 3412 5250 ἐγεννήθησαν
3446 5181 3577 5231 ἐκεῖ.
3618 5197 3638 5230 ι

2451 5276 2606 5330 Κατὰ
2633 5274 3114 5341 ἀνακεφαλαίωσιν
3142 5274 3242 5323 εἰτ’
3275 5267 3374 5324 οὗν
3396 5271 3691 5339 ὲπανὰληψ
3704 5289 3789 5332 ιν,
3854 5274 3980 5326 ἰτεν

2386 5369 2450 5418 τὰ
2479 5366 2568 5418 διὰ
2603 5364 2862 5416 πλειόνων
2891 5361 3148 5424 ποικίλως
3182 5358 3566 5430 εἰσηγηθέντα,
3594 5357 3687 5410 διὰ
3728 5361 3847 5428 τὴν
3883 5353 3997 5411 άπὲ

2385 5461 2482 5530 τῆς
2514 5457 2621 5510 τῶν
2686 5453 3081 5524 παρεκϐάσεων
3141 5449 3458 5518 ἀνωμαλίας
3523 5450 3874 5518 δυσχέρειαν
3929 5451 3980 5498 tv

1857 5608 2081 5663 DAVID.
2123 5611 2513 5676 lllESllllELll
2563 5611 2794 5666 ΝΟΤᾹΣ.

773 5774 851 5844 (9)
895 5773 1027 5827 Κατ’
1058 5771 1438 5841 ἀντίρρησιν.
1478 5768 1733 5839 Exempla
1772 5770 1926 5839 plura
1976 5770 2256 5840 suppedita

2404 5773 2631 5840 August,
2667 5769 2760 5823 lib,
2789 5767 2983 5822 Contra
3019 5763 3363 5822 mendatium,
3433 5760 3496 5813 ad
3583 5759 3969 5816 Consentium.

703 5860 802 5914 (ap
857 5847 940 5899 10.
