4144 6448
128 399 266 471 1305

1207 412 1530 473 ISAGOGE
1571 411 1651 472 IN
1687 413 1790 473 SS.
1818 410 2310 476 SCRIPTURAS.

3233 407 3372 478 1306

120 511 322 578 ὀλίγοις
355 502 512 572 αὖθις
561 507 901 581 διεξέρχεται
939 529 952 543 ·
1003 514 1077 577 ὼς
1140 517 1167 568 ό
1227 517 1434 587 Μωσῆς
1498 533 1688 589 φησιν,

1796 516 2121 587 aequalitate,
2158 531 2250 586 per
2280 515 2534 585 pauciora
2575 515 2770 570 iterum
2805 524 3182 586 exponuntur,
3220 519 3364 576 sicut

130 620 148 654 ι
181 601 331 670 Αὕτη
372 603 407 671 ἡ
443 597 626 670 βίϐλος
671 602 941 669 γενέσεως
996 605 1225 676 οὐρανοῦ
1262 624 1320 660 τε
1371 608 1466 661 καὶ
1501 609 1626 679 γῆς.
1669 627 1687 660 ι

121 691 361 744 Τοιαῦτα
389 691 482 744 καὶ
509 691 568 744 ιν
595 690 716 753 ταῖς
760 691 1091 760 Βασιλείαις,
1156 695 1252 749 καὶ
1300 697 1359 749 ὲν
1409 696 1488 768 τῷ
1529 698 1695 751 Ἀπο-

123 782 322 852 στόλῳ.

189 873 350 927 Κατά
395 873 725 948 ἀπόχρησιν,
791 878 922 931 ὅταν
994 880 1060 948 τῇ
1103 879 1306 950 ἑτέρων
1352 882 1697 952 προσηγορίᾳ

119 965 215 1016 καὶ
243 966 302 1017 ἑν
331 966 539 1038 ἑτέροις
553 968 905 1038 καταχρᾶται
931 985 944 998 ⁸
983 965 1140 1040 [οἷονΙ
1170 969 1246 1033 ὡς
1275 970 1355 1032 τὸ,
1397 989 1416 1022 ι
1452 971 1696 1037 Φύλαξόν

121 1071 210 1123 με,
229 1054 510 1125 Κύριε,ὼς
538 1057 710 1128 κόρην
743 1048 1024 1128 ὀφθαλμοῦ
1051 1075 1065 1089 ο
1093 1078 1111 1110 ι
1135 1061 1246 1125 καὶ,
1275 1079 1291 1111 ι
1323 1062 1415 1114 Ἑν
1447 1061 1530 1113 σοὶ
1568 1063 1697 1126 τοὺς

118 1145 348 1216 ἐχθροὺς
370 1146 529 1217 ἡμῶν
556 1148 919 1219 κερατιοῦμεν
941 1165 958 1183 ο
1006 1169 1026 1202 ι
1063 1151 1177 1212 καὶ,
1197 1170 1215 1202 ι
1247 1151 1306 1205 '0
1331 1150 1608 1219 στεγάζων
1639 1154 1698 1206 ἐν

117 1235 277 1291 ὑδασι
301 1238 367 1291 τά
392 1239 617 1310 ὑπερῷα
639 1241 807 1293 αὑτοῦ
833 1256 850 1274 ο
877 1259 897 1292 ι
934 1242 1052 1308 καὶ,
1077 1260 1097 1294 ι
1145 1242 1236 1306 Ὦς
1264 1243 1464 1314 ὄρθρος
1523 1244 1695 1316 χυθή-

119 1343 276 1379 σεται
306 1327 398 1380 tul.
436 1327 507 1380 τά
539 1329 641 1398 δρη
695 1328 824 1394 λαὸς
855 1330 1022 1394 πολὺς
1081 1332 1176 1387 καὶ
1207 1333 1428 1405 ίσχυρός
1459 1351 1473 1365 ο
1515 1353 1533 1386 ι
1569 1336 1698 1406 περὶ

116 1420 218 1490 τῆς
251 1421 472 1492 ἀκρίδος
502 1420 701 1491 λέγων.

189 1598 347 1653 Κατά
373 1601 822 1670 προσωποποιίαν
837 1603 967 1658 ὅταν
981 1605 1094 1658 τισὶ
1121 1602 1232 1657 τῶν
1256 1603 1502 1675 ἀψύχων,
1525 1604 1697 1659 ινίοτε

117 1690 173 1742 δὲ
212 1690 308 1744 καὶ
337 1692 750 1759 ἀνυποστάτων,
786 1693 1056 1766 πρόσωπά
1083 1711 1144 1748 τε
1192 1695 1287 1749 καὶ
1317 1694 1513 1765 λόγους
1563 1696 1696 1750 ὑπο-

113 1782 324 1836 τίθεται
357 1800 371 1814 ·
441 1785 537 1837 ἐπὶ
581 1785 680 1854 μὲν
735 1785 992 1856 ἀψύχων·
1043 1786 1121 1848 ῶς
1171 1786 1253 1851 τὸ,
1319 1806 1337 1839 ι
1393 1787 1694 1860 Ἐπάρθητε

1798 603 1999 675 Moysis
2057 607 2190 660 dicit
2241 623 2253 658 :
2317 623 2336 654 ‹
2369 603 2470 658 llic
2529 603 2666 658 liber
2716 605 3083 674 generationis
3131 608 3254 662 cteli
3312 617 3370 666 et

1796 705 1977 752 teme.
2019 717 2037 749 ι
2074 697 2227 752 Talia
2264 703 2318 750 et
2352 696 2404 749 in
2447 695 2604 752 libris
2633 693 2864 767 Regum,
2893 703 2948 752 et
2983 698 3037 752 in
3069 699 3356 769 Apostolo.

1795 783 1968 855 (Gen.
2009 802 2071 853 ll,
2108 785 2202 854 ὁ.)

1869 874 2183 933 Secundum
2225 877 2458 933 abusum
2505 893 2630 934 cum
2681 878 2918 933 aliorum
2967 895 3166 936 nomen
3209 891 3263 936 et
3312 883 3365 937 in

1797 966 1919 1022 aliis
1949 967 2171 1023 adhibet
2195 966 2371 1039 [verbi
2395 967 2594 1041 gratia]
2624 985 2640 1025 :
2676 987 2694 1020 ι
2725 968 2951 1023 Custodi
2979 984 3087 1034 me,
3120 971 3368 1036 Domine,

1798 1068 1860 1114 ut
1900 1059 2162 1128 pupillam
2198 1060 2388 1121 oculi;
2429 1079 2447 1110 ι
2495 1072 2570 1124 et,
2616 1080 2636 1109 ι
2674 1060 2729 1115 In
2781 1069 2832 1116 te
2867 1061 3122 1116 inimicos
3156 1072 3371 1117 nostros

1797 1151 2189 1206 ventilabimus
2227 1165 2430 1217 cornu;
2477 1169 2498 1204 ι
2537 1158 2612 1216 et,
2655 1169 2673 1202 ι
2709 1151 2812 1216 Qui
2846 1152 2982 1220 tegis
3017 1153 3177 1220 aquis
3204 1167 3368 1221 snpe-

1799 1240 1945 1296 riora
1994 1240 2154 1309 ejus;
2196 1259 2214 1292 ι
2246 1251 2318 1306 et,
2357 1261 2376 1293 ι
2411 1241 2577 1308 Quasi
2625 1258 2784 1296 mane
2814 1243 3161 1311 expendetur
3205 1258 3371 1313 super

1799 1341 2013 1387 montes
2043 1334 2278 1401 populus
2309 1333 2512 1387 multus
2554 1343 2606 1387 et
2637 1331 2818 1393 fortis,
2877 1350 2896 1383 ι
2932 1333 2999 1387 de
3033 1333 3259 1388 locustis
3290 1335 3370 1388 lo-

1796 1438 1989 1493 quens.
2053 1422 2241 1494 (Psal.
2297 1438 2408 1490 xvr,
2459 1421 2530 1490 8;
2585 1438 2740 1491 xmn,
2797 1422 2868 1488 6;
2925 1438 3056 1489 cm,
3118 1425 3188 1489 5;
3252 1422 3371 1479 Joel

1797 1529 1861 1580 ιι,
1892 1512 1985 1584 2.)

1874 1606 2188 1663 Secundum
2221 1609 2660 1679 prosopopmiam
2691 1609 2915 1678 quando
2947 1608 3277 1678 quibusdam
3306 1625 3372 1664 ex

1798 1697 2140 1765 inauimatis,
2187 1699 2520 1768 quandoque
2566 1707 2621 1752 et
2649 1714 2714 1752 ex
2764 1699 2832 1753 iis
2878 1715 3001 1767 qua:
3034 1716 3128 1768 per
3158 1701 3375 1770 excogi-

1800 1789 1952 1845 tandi
1994 1791 2105 1845 vim
2153 1800 2363 1844 tantum
2413 1790 2727 1854 exsistunt,
2776 1805 3071 1859 personam
3118 1800 3173 1845 et
3215 1791 3374 1846 verba

115 1875 287 1929 πύλαι
319 1874 530 1929 αίώνιοι
569 1892 582 1908 ·
625 1893 645 1928 ι
678 1876 792 1938 καὶ,
820 1895 838 1928 ι
885 1876 953 1929 0t
1007 1876 1230 1948 οὐρανοὶ
1280 1876 1596 1947 διηγοῦνται
1621 1894 1635 1908 ·
1670 1896 1690 1930 ι

1796 1883 2098 1953 supponit;
2133 1884 2201 1938 de
2231 1883 2568 1947 inanimatis,
2606 1883 2790 1938 sicut:
2831 1903 2847 1934 ι
2891 1881 3214 1943 Elevamini,
3251 1897 3375 1951 por-

115 1967 213 2020 καὶ⁸
249 1985 267 2019 ι
298 1968 649 2039 Πορευόμενα
678 1967 952 2038 ἐπορεύθη
982 1967 1051 2021 τά
1082 1967 1215 2034 ξύλα
1248 1984 1262 1999 ”
1297 1986 1318 2021 ι
1355 1968 1449 2022 ἐπὶ
1501 1969 1558 2022 δὲ
1586 1969 1698 2024 τῶν

112 2059 505 2114 ἀνυποστάτων
529 2073 545 2088 °
585 2057 663 2122 ὡς
690 2058 752 2112 τὸ
786 2077 804 2110 ι
839 2057 1166 2129 Δικαιοσύνη
1196 2060 1292 2113 καὶ
1343 2060 1536 2132 εἰρήνη
1562 2077 1698 2114 κατ-

113 2151 380 2220 εφίλησαν
409 2165 457 2202 ἰ
489 2168 509 2202 ι
572 2151 686 2215 καὶ,
729 2167 749 2202 t
800 2149 1058 2203 Ἐκάλεσε
1102 2149 1202 2220 τὴν
1245 2149 1404 2221 δίκην
1460 2152 1518 2205 ιν
1565 2151 1701 2223 πυρὶ

112 2242 322 2315 Κύριος
350 2259 365 2274 ο
407 2260 426 2294 ι
465 2245 595 2308 καὶ,
625 2261 644 2293 ι
683 2240 918 2313 Ἐρῤιψε
964 2243 1058 2297 τὸν
1110 2242 1254 2295 λίθον
1300 2242 1381 2306 είς
1412 2242 1473 2296 τὸ
1524 2243 1700 2312 στόμα

109 2336 211 2403 τῆς
241 2335 474 2405 ἀνομίας
499 2353 512 2367 ·
559 2353 578 2387 ι
607 2336 723 2399 καὶ,
768 2354 786 2386 ι
830 2330 998 2388 Εἶπεν
1021 2338 1054 2405 ἡ
1081 2334 1264 2404 σοφία,
1296 2335 1503 2406 Κύριος
1535 2335 1697 2390 ἐκτι-

113 2426 174 2478 σέ
219 2441 310 2494 με’
350 2443 369 2476 ι
400 2423 516 2488 καὶ,
551 2441 570 2475 ι
615 2421 757 2491 Ἐγὼ
781 2422 929 2493 ήμην
1021 2422 1353 2493 προσέχαιρε
1379 2422 1502 2476 καθ’
1561 2422 1695 2493 ημὲ-

115 2531 252 2583 ραν·
297 2533 315 2566 ι
342 2515 458 2579 καὶ,
488 2532 508 2565 ι
558 2512 923 2584 ᾮκοδόμησεν
955 2515 1121 2585 ἑαυτῇ
1162 2508 1330 2566 οἷκον.
1367 2530 1384 2563 ι

1801 1981 1868 2026 ta:
1896 1973 2212 2038 eternales;
2249 1993 2266 2023 ι
2298 1982 2372 2033 et.
2405 1991 2424 2022 ι
2457 1972 2596 2026 (Steti
2626 1981 2926 2037 enarraut;
2959 1990 2978 2024 ι
3011 1981 3084 2035 et,
3119 1991 3137 2022 ι
3172 1971 3376 2028 Euntes

1801 2061 1982 2116 ierunt
2015 2063 2182 2132 ligna.
2225 2082 2243 2114 ι
2309 2062 2383 2117 De
2441 2062 2510 2116 iis
2544 2077 2665 2131 quae
2716 2077 2814 2131 per
2861 2062 3207 2132 excogitandi
3264 2063 3373 2116 vim

1801 2161 2012 2207 tantum
2048 2154 2349 2217 exsistunt,
2394 2153 2580 2208 sicut:
2621 2172 2639 2204 ι
2676 2152 2897 2207 Justitia
2933 2161 2988 2207 et
3022 2152 3368 2223 patoscula-

1803 2253 1870 2299 ta:
1894 2252 2062 2310 sunt;
2103 2262 2122 2296 ι
2166 2255 2240 2310 ct,
2291 2264 2308 2296 ι
2345 2243 2587 2298 Vocabat
2620 2243 2890 2313 judicium
2938 2243 3004 2298 ad
3056 2242 3234 2312 ignem
3271 2242 3374 2297 Do-

1803 2333 2020 2397 minus;
2065 2352 2082 2384 ι
2118 2343 2192 2399 et,
2233 2351 2252 2384 ι
2292 2332 2440 2387 Misit
2487 2332 2720 2402 lapidem
2769 2332 2823 2385 in
2871 2346 2934 2386 os
2983 2331 3304 2400 impietatis.
3345 2350 3365 2382 ι

1801 2422 1888 2486 Ει,
1939 2443 1958 2476 ι
1999 2425 2143 2479 Dixit
2197 2424 2511 2495 sapientia:
2547 2423 2812 2479 Dominus
2859 2422 3108 2493 possedit
3155 2437 3284 2488 me;
3348 2442 3366 2475 ι

1797 2525 1870 2579 et,
1899 2533 1917 2566 ι
1948 2515 2060 2583 Ego
2094 2529 2243 2569 eram
2271 2514 2361 2570 cui
2383 2512 2754 2569 delectabatur
2776 2528 2872 2584 per
2896 2512 3144 2588 singulos
3169 2512 3323 2577 dies;
3349 2530 3369 2562 ι

111 2621 188 2674 et,
267 2629 286 2663 ι
322 2610 636 2666 ιΕιΙίίίοονίι
686 2611 790 2666 sibi
843 2610 1090 2666 domum.
1123 2629 1142 2662 ι
1201 2609 1394 2680 (Psal.
1444 2625 1602 2675 xxtn,
1642 2608 1674 2663 Ἰ

1796 2627 1904 2674 nit.
1969 2612 2038 2678 2;
2073 2611 2256 2669 ludis.
2306 2626 2383 2676 ιι,
2430 2610 2494 2678 8;
2533 2626 2752 2674 Lxxxtv,
2794 2609 2893 2675 ll;
2964 2611 3120 2663 Amos
3159 2625 3256 2673 vn,
3300 2609 3369 2671 4;

114 2707 280 2761 Zach.
315 2721 366 2773 ν,
397 2705 464 2771 8;
498 2704 661 2760 Prov.
687 2719 812 2769 vni,
845 2702 934 2770 12,
968 2703 1040 2757 22
1063 2745 1078 2770 ,
1108 2704 1222 2776 50.)

185 2800 346 2853 Κατά
370 2796 771 2868 σχηματισμὸν,
825 2797 954 2850 ὅταν
1006 2797 1075 2850 τά
1121 2794 1262 2848 αὑτά
1314 2799 1692 2868 σχηματοποιῇ

113 2889 252 2960 πρὸς
280 2888 379 2960 τὴν
405 2887 514 2942 τῶν
541 2887 885 2958 πραγμάτων
915 2878 1195 2956 ὑφήγησιν
1222 2900 1236 2916 ·
1262 2887 1338 2950 ῶς
1360 2887 1443 2953 τὸ,
1485 2907 1502 2940 ι
1538 2890 1693 2958 Παρ-

114 2978 250 3048 ἑστη
314 2980 349 3049 η
381 2978 674 3048 βασίλισσα
723 2979 789 3030 ἐκ
819 2976 1012 3043 δεξιῶν
1047 2993 1142 3030 σου
1168 2990 1181 3004 ·
1221 2995 1241 3029 t
1278 2979 1410 3045 καὶ,⁴
1460 2997 1479 3030 ι
1515 2979 1690 3031 Ποτα-

115 3069 210 3140 μοὶ
253 3071 584 3142 κροτήσουσι
613 3069 759 3141 χειρὶ
798 3069 891 3122 ἐπὶ
919 3068 981 3122 τὸ
1021 3069 1154 3123 αὑτό
1176 3085 1193 3101 ο
1225 3087 1245 3120 ι
1290 3070 1406 3134 καὶ,
1430 3086 1450 3121 ι
1484 3070 1549 3122 Ol
1598 3086 1696 3141 μα·

114 3161 233 3216 σθοί
263 3179 357 3215 σου
397 3160 830 3232 ἀνωρθώθησαν,
871 3161 967 3216 καὶ
1026 3163 1061 3232 η
1092 3161 1214 3233 θρίξ
1265 3177 1359 3214 σου
1411 3158 1690 3215 ἀνέτειλε·

115 3254 180 3306 σὺ
233 3253 289 3305 δὲ
315 3249 460 3323 ἦσθα
502 3253 686 3324 γυμνὴ
745 3252 838 3306 καὶ
878 3253 1266 3323 ἀσχημονοῦσα
1291 3268 1308 3285 ⁸
1334 3273 1354 3306 t
1381 3253 1652 3324 μασθοὺς
1675 3270 1689 3284 °

113 3343 572 3414 καταχρηστικῶς
601 3343 670 3396 τά
700 3343 809 3412 ὅρη
839 3343 1095 3411 λέγουσα,
1122 3344 1230 3398 ἀπὸ
1255 3345 1354 3399 τοῦ
1383 3344 1696 3414 σχήματος

111 3435 274 3505 τρίχα
306 3435 383 3497 δὲ,
407 3436 506 3504 τὴν
530 3436 629 3505 τῆς
643 3434 748 3505 γῆς
771 3435 1031 3505 εὐφορίαν
1058 3452 1070 3464 ·
1104 3436 1507 3500 κατασκευάζει
1526 3436 1585 3492 δὲ
1602 3437 1696 3490 καὶ

113 3530 222 3582 ἀπὸ
257 3526 599 3599 πραγμάτων
640 3525 1042 3597 σχηματισμὸν,
1078 3527 1154 3590 ὡς
1201 3528 1260 3580 ὲν
1288 3530 1354 3598 τῇ
1417 3529 1560 3581 κατὰ
1601 3529 1694 3582 τὸν

117 3619 391 3688 μακάριον
433 3615 552 3671 Ἰὼϐ
581 3617 836 3670 ὑποθέσει
861 3633 874 3646 ·
904 3612 1018 3670 οἷον
1045 3616 1128 3681 τὸ,
1165 3639 1182 3672 ι
1222 3617 1576 3688 Παραστῆναι
1603 3619 1694 3672 τὸν

111 3709 361 3765 διάϐολον
395 3711 628 3763 ἐνώπιον
674 3707 771 3762 τοῦ
801 3707 962 3762 Θεοῦ.
1007 3727 1027 3760 ι

188 3801 344 3855 Κατά
363 3801 716 3871 ἀλληγορίαν,
747 3800 877 3852 ὅταν
904 3800 972 3852 τὰ
1001 3798 1210 3868 ἀπειρα
1235 3798 1412 3869 πλήθη
1449 3800 1690 3870 συνεχῶς

119 3895 174 3945 ’1
193 3894 325 3946 δατα
355 3892 516 3964 λέγῃ,
548 3892 642 3944 καὶ
671 3891 772 3962 τὴν
804 3890 1011 3944 τούτων
1035 3890 1224 3960 ἔφοδον
1267 3891 1686 3962 κατακλυσμόν·

114 3989 208 4040 καὶ
246 3986 326 4048 τὸ,
360 4004 379 4038 ‹
416 3987 609 4039 Ἔσται
639 3985 714 4048 ὡς
742 3986 802 4038 τὸ
830 3986 986 4051 ξύλον
1015 3985 1108 4039 τὸν
1171 3987 1582 4058 πεφυτευμένον
1615 4003 1628 4018 ο
1666 4005 1686 4038 ι

114 4077 254 4130 καὶὸ
292 4071 611 4139 ’Ᾱπύστολος
643 4075 743 4147 τὴν
773 4077 952 4146 ’Δγαρ
988 4076 1301 4148 ἀλληγορεῖ.

186 4253 323 4307 Καθ’
353 4251 661 4324 ὑπερϐολὴν
691 4251 825 4322 (ιθ),
862 4253 992 4306 ὅταν
1021 4253 1100 4315 εἰς
1139 4253 1310 4306 πολλά
1337 4253 1549 4321 μείζονι
1600 4257 1690 4310 κέο

1876 2795 2189 2852 Secuudum
2222 2796 2508 2863 ﬁguratam
2552 2795 2877 2858 orationem,
2927 2793 3144 2862 quando
3174 2793 3369 2849 eadem

1802 2885 1999 2957 ﬁgurat
2041 2896 2236 2956 praeter
2266 2901 2448 2939 rerum
2479 2886 2876 2948 narrationem,
2907 2884 3085 2939 sicut:
3125 2901 3144 2936 ι
3188 2884 3371 2940 astitit

1802 2977 1989 3048 regina
2040 2993 2070 3031 a
2118 2978 2330 3032 dextris
2378 2977 2524 3041 tuis;
2564 2994 2582 3028 ι
2632 2983 2706 3040 et,
2758 2993 2776 3026 ι
2813 2973 3066 3029 Flumina
3115 2975 3374 3045 paudcnt

1801 3084 1969 3124 manu
2002 3070 2066 3123 de
2108 3069 2321 3131 eodem,
2363 3086 2382 3118 ι
2435 3077 2509 3132 et,
2565 3086 2583 3119 ι
2618 3066 2801 3121 Ubera
2837 3076 2927 3121 tua
2965 3066 3369 3129 intumuerunt,

1797 3169 1853 3217 et
1895 3160 2038 3231 pilus
2083 3169 2212 3214 tuus
2241 3157 2602 3228 germinavit;
2649 3166 2706 3212 et
2733 3163 2858 3212 eras
2901 3157 3046 3212 nuda
3079 3163 3135 3212 et
3178 3157 3372 3212 contu-

1796 3251 1954 3308 sione
1983 3251 2140 3321 plena
2172 3267 2184 3304 :
2229 3267 2249 3302 ι
2284 3249 2444 3303 ubera
2472 3264 2568 3318 per
2595 3249 2955 3304 cataclnresim
2988 3258 3187 3302 montes
3215 3247 3370 3314 dicit,

1796 3358 1828 3398 a
1863 3341 2060 3408 forma,
2093 3341 2259 3410 pilum
2289 3355 2418 3394 vero
2450 3339 2790 3395 fertilitatem
2827 3351 2986 3396 terra:
3016 3359 3029 3394 :
3069 3349 3126 3396 et
3155 3351 3310 3410 parat
3337 3357 3370 3396 a

1797 3431 1965 3486 rebus
1996 3431 2286 3501 ﬁguratam
2319 3431 2655 3493 orationem,
2690 3432 2837 3486 sicut
2861 3432 2917 3488 in
2945 3442 3270 3502 argumento
3301 3433 3371 3488 de

1795 3526 1954 3582 beato
1982 3521 2106 3587 Job,
2139 3537 2356 3593 nempe,
2401 3542 2419 3574 ι
2463 3522 2721 3578 Astitisse
2751 3521 2919 3578 Satan
2959 3538 3145 3578 coram
3180 3524 3370 3581 Domi-

1794 3634 1884 3673 no.
1927 3637 1946 3670 ι
1993 3616 2188 3686 (Psal.
2237 3631 2384 3680 xuv,
2436 3616 2539 3684 t0;
2595 3633 2761 3683 xcvn,
2795 3618 2866 3682 8;
2919 3617 3110 3672 Exerit.
3145 3633 3262 3684 xvr,
3300 3618 3370 3685 7;

1793 3709 1896 3764 Job
1933 3725 1972 3773 ι,
2005 3708 2101 3778 6.)

1865 3801 2178 3856 Secundum
2203 3799 2519 3869 allegoriam
2544 3841 2558 3864 ,
2591 3800 2812 3869 quando
2845 3800 3089 3855 inﬁnitas
3117 3800 3372 3855 multitu-

1792 3893 1950 3948 dines
1981 3901 2246 3961 perpetuo
2283 3906 2456 3960 aquas
2483 3901 2679 3956 vocat,
2725 3901 2780 3945 et
2824 3890 3017 3945 horum
3077 3891 3370 3945 transitum

1794 3982 2252 4044 inundationem;
2283 3994 2373 4044 et,
2418 4001 2436 4033 ι
2470 3981 2587 4036 Erit
2619 3984 2764 4036 sicut
2795 3983 3002 4052 lignum
3040 3982 3187 4049 quod
3212 3984 3370 4052 plan—

1793 4081 1965 4129 tatum
2015 4081 2116 4128 est.
2151 4093 2170 4125 ι
2239 4073 2303 4126 Et
2369 4073 2666 4141 Apostolus
2709 4075 2855 4141 Agar
2917 4088 3014 4141 per
3049 4071 3368 4142 allegoriam

1792 4165 1948 4219 citat.
1977 4171 1995 4236 ς
2023 4163 2174 4217 Psal.
2215 4182 2268 4229 ι,
2309 4166 2370 4229 5;
2405 4162 2584 4218 Galat.
2628 4179 2702 4230 iv,
2731 4162 2846 4234 at.)

1864 4255 2178 4310 Secundum
2218 4255 2554 4325 hyperbolen
2597 4254 2820 4324 quando
2862 4252 2915 4307 in
2951 4253 3139 4306 multis
3174 4252 3369 4322 majori

114 4364 312 4416 χρηται
336 4345 412 4414 τῷ
431 4346 530 4415 τῆς
551 4347 876 4415 ὑφηγήσεως
906 4347 1131 4416 μεγέθει
1159 4346 1312 4417 παρά
1333 4345 1401 4399 τά
1427 4346 1690 4416 γινόμενα

1796 4349 1959 4404 utitur
2004 4364 2117 4418 prae
2165 4349 2503 4404 narrationis
2562 4347 2832 4417 gravitate
2885 4362 2985 4416 pro
3039 4345 3199 4400 factis
3251 4346 3370 4400 sive

112 4439 147 4509 ἢ
203 4438 498 4509 προσόντα,
523 4437 557 4506 ἢ
589 4437 917 4506 ὲνδεχόμενα
941 4452 955 4465 ·
1002 4437 1077 4498 ὼς
1101 4437 1181 4500 τὸ,
1221 4456 1237 4483 ι
1281 4437 1688 4493 Ἀναὸαίνουσιν

1796 4441 2216 4506 excedentibus,
2264 4441 2381 4494 sive
2425 4439 2822 4508 possibilibus;
2868 4439 3056 4493 sicut:
3094 4457 3113 4489 ι
3154 4438 3366 4492 Ascen-

116 4537 219 4592 ἕως
249 4529 360 4582 τῶν
392 4529 642 4599 οὐρανῶν
676 4544 691 4559 ⁶
734 4529 864 4599 περὶ⁵
890 4528 1001 4582 τῶν
1027 4528 1491 4600 ναυτιλλομένωνο
1529 4550 1547 4582 ι
1572 4534 1685 4596 καὶ,

1796 4533 1928 4588 dunt
1957 4547 2131 4602 usque
2159 4531 2226 4586 ad
2259 4531 2450 4596 ccelos,
2479 4531 2546 4586 de
2574 4529 2993 4601 navigantibus;
3017 4545 3035 4578 ι
3069 4537 3124 4584 et
3148 4566 3164 4592 ,
3212 4547 3231 4580 ι
3263 4525 3368 4581 Ve-

118 4641 136 4672 I
172 4622 317 4692 Πλὴν
348 4624 376 4675 ὁ
405 4621 538 4684 Θεὸς
571 4619 862 4673 συνθλάσει
911 4621 1155 4689 κεφαλὰς
1181 4620 1395 4693 ἐχθρῶν
1430 4623 1595 4677 αὑτοῦ
1615 4641 1629 4655 υ
1660 4645 1680 4678 ι

1796 4631 2100 4677 rumtamen
2133 4620 2273 4676 Deus
2299 4621 2604 4691 confringet
2658 4621 2836 4690 capita
2870 4620 3218 4675 inimicorum
3245 4634 3370 4675 suo-

113 4714 231 4778 καὶ,
263 4732 281 4764 ι
319 4712 511 4766 Δούσω
540 4711 665 4764 καθ’
696 4713 933 4783 ἑκάστην
950 4711 1120 4765 νύκτα
1148 4713 1247 4783 τὴν
1269 4713 1457 4783 κλίνην
1491 4732 1593 4785 μου
1615 4731 1630 4749 ·
1659 4736 1680 4770 ι

1796 4729 1950 4778 rum;
1982 4731 2002 4764 ι
2049 4722 2102 4766 et
2129 4755 2144 4778 ,
2195 4732 2211 4763 ι
2249 4712 2468 4766 Lavabo
2511 4728 2604 4782 per
2640 4712 2892 4782 singulas
2936 4721 3128 4767 noctes
3164 4712 3368 4766 lectum

113 4805 227 4867 καὶ,
267 4821 286 4856 ι
321 4803 403 4855 Τά
426 4801 527 4873 ὅρη
559 4803 892 4873 ὲσκίρτησαν
921 4802 1051 4855 ὡσεὶ
1099 4802 1244 4873 κριοί
1269 4817 1284 4832 °
1317 4821 1338 4856 δ
1372 4805 1488 4871 καὶ,
1550 4823 1570 4858 ι
1603 4806 1684 4860 Τά

1796 4820 1994 4871 meum,
2027 4823 2045 4855 ι
2079 4813 2153 4866 et,
2179 4822 2196 4854 ι
2223 4802 2435 4859 Montes
2458 4804 2875 4860 exsultaverunt
2902 4814 2963 4858 ut
2991 4804 3216 4868 arietes,
3243 4821 3262 4855 ι
3290 4811 3366 4866 et,

115 4895 246 4958 ξύλα
281 4894 376 4947 τοῦ
415 4894 588 4965 ἀγροῦ
653 4895 1015 4965 ἑπικροτήσει
1053 4897 1166 4958 τοῖς
1198 4895 1444 4960 κλάδοις·
1491 4914 1512 4950 ι
1565 4900 1682 4964 καὶ,

117 5010 135 5040 ι
173 4987 566 5058 Εὑκοπὼτερόν
600 4989 718 5040 ἐστι
760 4988 1039 5056 κάμηλον·
1077 4988 1206 5041 »καὶ
1236 4989 1362 5056 περὶ
1398 4989 1498 5058 τῆς
1521 4990 1680 5060 ἀκρίυ

109 5080 376 5143 δος,ι”οτι
411 5079 560 5141 ἔθνος
605 5079 774 5146 ἀνέϐη
801 5079 894 5131 ἐπὶ
922 5078 1020 5149 τὴν
1053 5078 1155 5148 γῆν
1189 5096 1289 5148 μου
1342 5081 1580 5150 ἰσχυρὸν,
1634 5083 1683 5135 οἱ

112 5173 321 5234 ὀδόντες
351 5170 516 5223 αὑτοῦ
540 5164 752 5233 ὀδόντες
781 5171 994 5232 λέοντος
1021 5186 1033 5198 ’
1079 5191 1096 5222 ι
1169 5171 1286 5233 καὶ,
1346 5189 1362 5220 ι
1415 5173 1680 5242 Ἀπηλλο-

112 5263 421 5333 τριὼθησαν
447 5264 496 5313 οἱ
527 5263 844 5332 ἁμαρτωλοὶ
875 5263 983 5316 ἀπὸ
1017 5264 1232 5331 μήτρας
1261 5277 1273 5289 ·
1327 5280 1344 5312 ι
1385 5265 1498 5325 καὶ,
1541 5282 1558 5313 ι
1591 5265 1682 5335 Μὴ

113 5353 307 5418 γνώτω
358 5355 390 5422 ἡ
421 5354 686 5421 ἀριστερά
715 5369 808 5403 σου
840 5354 890 5404 τί
928 5355 1071 5404 ποιεῖ
1097 5353 1128 5421 ἠ
1152 5350 1303 5416 δεξιά
1342 5370 1434 5405 σου
1461 5371 1474 5384 ο
1517 5374 1534 5405 ι
1569 5358 1682 5416 καί,

120 5465 137 5493 σ
175 5446 232 5496 Et
262 5446 290 5498 ό
320 5444 598 5512 ὀφθαλμὸς
628 5447 656 5496 ό
688 5443 862 5508 δεξιὸς
890 5444 1237 5507 σκανδαλίζει
1288 5463 1367 5505 σε.
1409 5446 1555 5513 ἔξελε
1587 5450 1684 5504 αὐ-

113 5535 231 5587 τόν·
275 5555 291 5584 ι
327 5537 440 5596 καὶ,
483 5556 498 5585 ι
536 5536 660 5586 Ἐὰν
694 5535 850 5605 ὑμεῖς
885 5538 1219 5606 σιωπήσητε,
1256 5540 1458 5592 οίλίθοι
1486 5543 1683 5610 κεκρά-

1794 4915 1813 4949 ι
1835 4897 2004 4966 Ligna
2033 4895 2273 4966 regionis
2302 4895 2560 4965 plaudeut
2592 4897 2783 4958 ramis,
2810 4914 2827 4946 ι
2865 4903 2941 4961 et,
2979 4915 2996 4946 ι
3023 4894 3259 4950 Facilius
3284 4904 3369 4949 est

1786 4991 2088 5053 camelum;
2148 5004 2168 5038 ι
2222 4997 2275 5043 et
2309 4991 2373 5043 dc
2419 4988 2667 5053 locusta,
2709 5006 2729 5038 ι
2760 4987 2900 5054 Quia
2947 5002 3081 5058 gens
3119 4987 3370 5042 accendit

1787 5097 1951 5150 super
1977 5089 2174 5134 terram
2209 5095 2383 5133 meam
2410 5119 2424 5143 ,
2469 5078 2628 5134 fortis
2651 5119 2664 5141 ,
2698 5080 2891 5134 dentes
2921 5080 3043 5148 ejus
3084 5089 3144 5132 ut
3172 5079 3371 5133 dentes

1789 5173 2000 5237 leonis;
2028 5191 2045 5224 ι
2088 5183 2180 5234 et,
2222 5192 2238 5224 ι
2272 5173 2504 5226 Alienati
2537 5181 2666 5227 sunt
2710 5180 3027 5240 peccatores
3067 5186 3097 5226 a
3124 5171 3307 5226 vulva.
3344 5191 3364 5222 ι

1792 5267 1879 5329 Et,
1914 5284 1931 5316 ι
1963 5264 2176 5320 Nesciat
2207 5266 2429 5319 sinistra
2463 5276 2553 5319 tua
2584 5267 2714 5336 quid
2752 5265 3152 5320 faciatdextera
3181 5275 3309 5330 tua;
3343 5284 3362 5315 ι

1791 5370 1870 5421 et,
1917 5377 1935 5409 ι
1973 5357 2026 5411 Si
2071 5357 2264 5411 oculus
2314 5365 2442 5412 tuus
2478 5360 2670 5414 dexter
2713 5359 3047 5413 scandalizat
3095 5368 3185 5422 te,
3235 5371 3367 5410 erue

1791 5467 1948 5514 eum;
1982 5470 1999 5501 ι
2025 5459 2096 5510 ct,
2137 5469 2153 5498 ‹
2180 5450 2233 5503 Si
2261 5464 2360 5503 vos
2392 5451 2694 5512 tacueritis,
2730 5451 2932 5519 lapides
2956 5449 3309 5513 clamabunt;
3343 5467 3360 5492 ι

1793 5553 1864 5605 et,
1903 5563 1917 5588 α
1950 5543 2058 5595 Iota
2105 5557 2272 5595 unum
2325 5553 2416 5594 aut
2463 5552 2601 5595 unus
2640 5558 2811 5611 apex;
2853 5564 2868 5594 ι
2901 5552 2946 5599 et
2974 5535 3042 5605 ,’‹
3074 5543 3281 5598 Caium
3314 5549 3371 5595 et

1271 5696 1350 5750 l).\
1363 5696 1492 5750 VII).
1538 5698 1929 5758 IIOESCIIELU
1983 5698 2214 5753 ΝΟΤΑΕ.

195 5804 306 5867 (l0)
357 5801 491 5855 KIHI'
548 5805 906 5871 ι’·πιίιϐικιήν.
950 5805 1019 5858 De
1055 5808 1152 5861 lmt'
1207 5811 1316 5875 agit
1371 5813 1512 5867 idem
1565 5816 1691 5882 ing

1796 5817 1976 5883 illﬂai'.
2016 5830 2136 5882 (τῳ.
2178 5815 2272 5868 ult.
2309 5814 2512 5883 l-Ivung.
2547 5813 2705 5868 .lnnn.
