  <div class='ocr_page' id='page_1' title='image "/cluster/home/n/w/nwhite01/storage/ocr_20150623/98/nnc1.0046979697/658.png"; bbox 0 0 4144 6448; ppageno 0'>
   <div class='ocr_carea' id='block_1_1' title="bbox 116 409 245 476">
    <p class='ocr_par' dir='ltr' id='par_1_1' title="bbox 116 409 245 476">
     <span class='ocr_line' id='line_1_1' title="bbox 116 409 245 476; baseline 0.008 -1"><span class='ocrx_word' id='word_1_1' title='bbox 116 409 245 476; x_wconf 81' lang='grc'><strong>1309</strong></span> 
     </span>
    </p>
   </div>
   <div class='ocr_carea' id='block_1_2' title="bbox 1161 414 2283 482">
    <p class='ocr_par' dir='ltr' id='par_1_2' title="bbox 1161 414 2283 482">
     <span class='ocr_line' id='line_1_2' title="bbox 1161 414 2283 482; baseline 0.004 -5"><span class='ocrx_word' id='word_1_2' title='bbox 1161 414 1479 479; x_wconf 66' lang='lat' dir='ltr'><strong>lSAGOGE</strong></span> <span class='ocrx_word' id='word_1_3' title='bbox 1529 420 1603 479; x_wconf 83' lang='lat' dir='ltr'><strong>IN</strong></span> <span class='ocrx_word' id='word_1_4' title='bbox 1648 423 1751 480; x_wconf 65' lang='lat' dir='ltr'><strong>SS.</strong></span> <span class='ocrx_word' id='word_1_5' title='bbox 1794 422 2283 482; x_wconf 80' lang='lat' dir='ltr'><strong>SCRIPTURAS.</strong></span> 
     </span>
    </p>
   </div>
   <div class='ocr_carea' id='block_1_3' title="bbox 3212 416 3353 487">
    <p class='ocr_par' dir='ltr' id='par_1_3' title="bbox 3212 416 3353 487">
     <span class='ocr_line' id='line_1_3' title="bbox 3212 416 3353 487; baseline 0.035 -5"><span class='ocrx_word' id='word_1_6' title='bbox 3212 416 3353 487; x_wconf 73' lang='grc'><strong>1810</strong></span> 
     </span>
    </p>
   </div>
   <div class='ocr_carea' id='block_1_4' title="bbox 106 523 1669 598">
    <p class='ocr_par' dir='ltr' id='par_1_4' title="bbox 106 523 1662 598">
     <span class='ocr_line' id='line_1_4' title="bbox 106 523 1662 598; baseline 0.004 -22"><span class='ocrx_word' id='word_1_7' title='bbox 106 523 255 576; x_wconf 86' lang='grc' dir='ltr'>τικδν</span> <span class='ocrx_word' id='word_1_8' title='bbox 290 524 381 577; x_wconf 77' lang='grc' dir='ltr'><strong>καὶ</strong></span> <span class='ocrx_word' id='word_1_9' title='bbox 439 524 708 593; x_wconf 77' lang='grc' dir='ltr'>ἱστορικόν</span> <span class='ocrx_word' id='word_1_10' title='bbox 741 547 752 556; x_wconf 64' lang='grc' dir='ltr'><strong>ί</strong></span> <span class='ocrx_word' id='word_1_11' title='bbox 784 528 842 579; x_wconf 82' lang='grc' dir='ltr'><strong>ἐκ</strong></span> <span class='ocrx_word' id='word_1_12' title='bbox 874 525 1040 596; x_wconf 81' lang='grc' dir='ltr'>τριῶν</span> <span class='ocrx_word' id='word_1_13' title='bbox 1068 526 1124 579; x_wconf 71' lang='grc' dir='ltr'><strong>δὲ</strong></span> <span class='ocrx_word' id='word_1_14' title='bbox 1159 529 1309 595; x_wconf 83' lang='grc' dir='ltr'>ὅμως</span> <span class='ocrx_word' id='word_1_15' title='bbox 1340 530 1545 598; x_wconf 80' lang='grc' dir='ltr'><strong>χρόνων</strong></span> <span class='ocrx_word' id='word_1_16' title='bbox 1605 530 1662 582; x_wconf 82' lang='grc' dir='ltr'><strong>ἓν</strong></span> 
     </span>
    </p>
   </div>
   <div class='ocr_carea' id='block_1_5' title="bbox 1771 523 3341 598">
    <p class='ocr_par' dir='ltr' id='par_1_5' title="bbox 1771 526 3341 598">
     <span class='ocr_line' id='line_1_5' title="bbox 1771 526 3341 598; baseline 0.003 -15"><span class='ocrx_word' id='word_1_17' title='bbox 1771 544 1894 598; x_wconf 85' lang='lat' dir='ltr'><strong>pars</strong></span> <span class='ocrx_word' id='word_1_18' title='bbox 1924 540 1980 585; x_wconf 90' lang='lat' dir='ltr'><strong>et</strong></span> <span class='ocrx_word' id='word_1_19' title='bbox 2020 531 2278 585; x_wconf 86' lang='lat' dir='ltr'><strong>historica</strong></span> <span class='ocrx_word' id='word_1_20' title='bbox 2305 549 2321 597; x_wconf 92' lang='lat'><strong>;</strong></span> <span class='ocrx_word' id='word_1_21' title='bbox 2355 529 2533 585; x_wconf 88' lang='lat' dir='ltr'><strong>tribus</strong></span> <span class='ocrx_word' id='word_1_22' title='bbox 2560 536 2745 583; x_wconf 86' lang='lat' dir='ltr'><strong>autem</strong></span> <span class='ocrx_word' id='word_1_23' title='bbox 2774 526 3114 598; x_wconf 80' lang='lat' dir='ltr'><strong>temporibus</strong></span> <span class='ocrx_word' id='word_1_24' title='bbox 3146 529 3341 587; x_wconf 86' lang='lat' dir='ltr'><strong>borum</strong></span> 
     </span>
    </p>
   </div>
   <div class='ocr_carea' id='block_1_6' title="bbox 110 613 1665 688">
    <p class='ocr_par' dir='ltr' id='par_1_6' title="bbox 110 613 1665 688">
     <span class='ocr_line' id='line_1_6' title="bbox 110 613 1665 688; baseline 0.007 -25"><span class='ocrx_word' id='word_1_25' title='bbox 110 613 335 666; x_wconf 74' lang='grc' dir='ltr'>ἕκαστον</span> <span class='ocrx_word' id='word_1_26' title='bbox 355 614 535 667; x_wconf 81' lang='grc' dir='ltr'>αὐτῶν</span> <span class='ocrx_word' id='word_1_27' title='bbox 563 617 882 688; x_wconf 74' lang='grc' dir='ltr'><strong>συνέστηκε,</strong></span> <span class='ocrx_word' id='word_1_28' title='bbox 918 619 1665 688; x_wconf 79' lang='grc' dir='ltr'>παρῳχηκότος,ἐνεστιῖ›τος,</span> 
     </span>
    </p>
   </div>
   <div class='ocr_carea' id='block_1_7' title="bbox 110 702 1668 776">
    <p class='ocr_par' dir='ltr' id='par_1_7' title="bbox 110 702 1668 776">
     <span class='ocr_line' id='line_1_7' title="bbox 110 702 1668 776; baseline 0.007 -25"><span class='ocrx_word' id='word_1_29' title='bbox 110 704 200 753; x_wconf 70' lang='grc' dir='ltr'><strong>καὶ</strong></span> <span class='ocrx_word' id='word_1_30' title='bbox 258 702 539 770; x_wconf 82' lang='grc' dir='ltr'>μέλλοντος</span> <span class='ocrx_word' id='word_1_31' title='bbox 573 722 588 735; x_wconf 92' lang='grc'><strong>·</strong></span> <span class='ocrx_word' id='word_1_32' title='bbox 635 705 1033 776; x_wconf 81' lang='grc' dir='ltr'>παρῳχηκότος</span> <span class='ocrx_word' id='word_1_33' title='bbox 1082 706 1202 776; x_wconf 69' lang='grc' dir='ltr'>μὲν,</span> <span class='ocrx_word' id='word_1_34' title='bbox 1241 707 1320 771; x_wconf 76' lang='grc' dir='ltr'>ὡς</span> <span class='ocrx_word' id='word_1_35' title='bbox 1351 709 1384 775; x_wconf 80' lang='grc' dir='ltr'><strong>ἡ</strong></span> <span class='ocrx_word' id='word_1_36' title='bbox 1416 708 1510 762; x_wconf 79' lang='grc' dir='ltr'>τοῦ</span> <span class='ocrx_word' id='word_1_37' title='bbox 1538 710 1668 762; x_wconf 87' lang='grc' dir='ltr'><strong>Μω-</strong></span> 
     </span>
    </p>
   </div>
   <div class='ocr_carea' id='block_1_8' title="bbox 108 791 1671 864">
    <p class='ocr_par' dir='ltr' id='par_1_8' title="bbox 108 791 1671 864">
     <span class='ocr_line' id='line_1_8' title="bbox 108 791 1671 864; baseline 0.006 -21"><span class='ocrx_word' id='word_1_38' title='bbox 108 791 241 854; x_wconf 85' lang='grc' dir='ltr'>σέως</span> <span class='ocrx_word' id='word_1_39' title='bbox 302 794 429 862; x_wconf 78' lang='grc' dir='ltr'>περὶ</span> <span class='ocrx_word' id='word_1_40' title='bbox 449 792 543 846; x_wconf 82' lang='grc' dir='ltr'>τοῦ</span> <span class='ocrx_word' id='word_1_41' title='bbox 573 795 769 858; x_wconf 83' lang='grc' dir='ltr'>παντὸς</span> <span class='ocrx_word' id='word_1_42' title='bbox 803 796 1115 860; x_wconf 82' lang='grc' dir='ltr'><strong>συστάσεως</strong></span> <span class='ocrx_word' id='word_1_43' title='bbox 1135 813 1150 830; x_wconf 77' lang='grc' dir='ltr'><strong>ο</strong></span> <span class='ocrx_word' id='word_1_44' title='bbox 1179 799 1473 861; x_wconf 76' lang='grc' dir='ltr'><strong>ἐνεστῶτος</strong></span> <span class='ocrx_word' id='word_1_45' title='bbox 1496 799 1573 864; x_wconf 81' lang='grc' dir='ltr'><strong>δὲ,</strong></span> <span class='ocrx_word' id='word_1_46' title='bbox 1593 799 1671 862; x_wconf 84' lang='grc' dir='ltr'><strong>ὡς</strong></span> 
     </span>
    </p>
   </div>
   <div class='ocr_carea' id='block_1_9' title="bbox 103 880 1669 959">
    <p class='ocr_par' dir='ltr' id='par_1_9' title="bbox 103 880 1669 959">
     <span class='ocr_line' id='line_1_9' title="bbox 103 880 1669 959; baseline 0.006 -27"><span class='ocrx_word' id='word_1_47' title='bbox 103 882 135 948; x_wconf 86' lang='grc' dir='ltr'><strong>ή</strong></span> <span class='ocrx_word' id='word_1_48' title='bbox 164 880 255 933; x_wconf 85' lang='grc' dir='ltr'>τοῦ</span> <span class='ocrx_word' id='word_1_49' title='bbox 273 883 694 954; x_wconf 79' lang='grc' dir='ltr'>μακαριωτάτου</span> <span class='ocrx_word' id='word_1_50' title='bbox 742 884 1045 940; x_wconf 78' lang='grc' dir='ltr'><strong>Ἐλισσαίου</strong></span> <span class='ocrx_word' id='word_1_51' title='bbox 1070 887 1206 957; x_wconf 84' lang='grc' dir='ltr'>πρὸς</span> <span class='ocrx_word' id='word_1_52' title='bbox 1232 888 1325 941; x_wconf 82' lang='grc' dir='ltr'>τὸν</span> <span class='ocrx_word' id='word_1_53' title='bbox 1351 887 1510 959; x_wconf 79' lang='grc' dir='ltr'>Γιεζῆ</span> <span class='ocrx_word' id='word_1_54' title='bbox 1547 889 1669 959; x_wconf 86' lang='grc' dir='ltr'><strong>περί</strong></span> 
     </span>
    </p>
   </div>
   <div class='ocr_carea' id='block_1_10' title="bbox 103 972 1689 1049">
    <p class='ocr_par' dir='ltr' id='par_1_10' title="bbox 103 972 1689 1049">
     <span class='ocr_line' id='line_1_10' title="bbox 103 972 1689 1049; baseline 0.007 -26"><span class='ocrx_word' id='word_1_55' title='bbox 103 972 196 1024; x_wconf 76' lang='grc' dir='ltr'>τοῦ</span> <span class='ocrx_word' id='word_1_56' title='bbox 237 973 481 1038; x_wconf 82' lang='grc' dir='ltr'><strong>δοθέντος</strong></span> <span class='ocrx_word' id='word_1_57' title='bbox 498 975 647 1046; x_wconf 81' lang='grc' dir='ltr'>αὐτῷ</span> <span class='ocrx_word' id='word_1_58' title='bbox 677 977 901 1046; x_wconf 77' lang='grc' dir='ltr'>χρυσίου</span> <span class='ocrx_word' id='word_1_59' title='bbox 926 993 939 1006; x_wconf 75' lang='grc' dir='ltr'><strong>ο</strong></span> <span class='ocrx_word' id='word_1_60' title='bbox 976 978 1259 1047; x_wconf 80' lang='grc' dir='ltr'>μέλλοντος</span> <span class='ocrx_word' id='word_1_61' title='bbox 1282 980 1361 1045; x_wconf 82' lang='grc' dir='ltr'>δὲ,</span> <span class='ocrx_word' id='word_1_62' title='bbox 1391 980 1466 1043; x_wconf 85' lang='grc' dir='ltr'>ὼς</span> <span class='ocrx_word' id='word_1_63' title='bbox 1498 984 1531 1049; x_wconf 86' lang='grc' dir='ltr'><strong>ή</strong></span> <span class='ocrx_word' id='word_1_64' title='bbox 1562 982 1689 1034; x_wconf 84' lang='grc' dir='ltr'>τῶν·</span> 
     </span>
    </p>
   </div>
   <div class='ocr_carea' id='block_1_11' title="bbox 106 1064 1669 1141">
    <p class='ocr_par' dir='ltr' id='par_1_11' title="bbox 106 1064 1669 1141">
     <span class='ocr_line' id='line_1_11' title="bbox 106 1064 1669 1141; baseline 0.007 -29"><span class='ocrx_word' id='word_1_65' title='bbox 106 1064 419 1132; x_wconf 79' lang='grc' dir='ltr'><strong>προφητῶν,</strong></span> <span class='ocrx_word' id='word_1_66' title='bbox 453 1066 524 1118; x_wconf 80' lang='grc' dir='ltr'><strong>τά</strong></span> <span class='ocrx_word' id='word_1_67' title='bbox 554 1067 687 1136; x_wconf 82' lang='grc' dir='ltr'>περὶ</span> <span class='ocrx_word' id='word_1_68' title='bbox 715 1068 822 1120; x_wconf 83' lang='grc' dir='ltr'>τῶν</span> <span class='ocrx_word' id='word_1_69' title='bbox 874 1066 1143 1138; x_wconf 85' lang='grc' dir='ltr'>Ἐϐραίων</span> <span class='ocrx_word' id='word_1_70' title='bbox 1176 1070 1271 1122; x_wconf 80' lang='grc' dir='ltr'>καὶ</span> <span class='ocrx_word' id='word_1_71' title='bbox 1300 1069 1403 1139; x_wconf 81' lang='grc' dir='ltr'>τῆς</span> <span class='ocrx_word' id='word_1_72' title='bbox 1428 1071 1669 1141; x_wconf 78' lang='grc' dir='ltr'><strong>Χριστοῦ</strong></span> 
     </span>
    </p>
   </div>
   <div class='ocr_carea' id='block_1_12' title="bbox 104 1154 1670 1235">
    <p class='ocr_par' dir='ltr' id='par_1_12' title="bbox 104 1154 1670 1235">
     <span class='ocr_line' id='line_1_12' title="bbox 104 1154 1670 1235; baseline 0.008 -32"><span class='ocrx_word' id='word_1_73' title='bbox 104 1154 426 1223; x_wconf 72' lang='grc' dir='ltr'><strong>παρουσίας,</strong></span> <span class='ocrx_word' id='word_1_74' title='bbox 460 1156 529 1225; x_wconf 59' lang='lat' dir='ltr'><strong>ibi</strong></span> <span class='ocrx_word' id='word_1_75' title='bbox 552 1158 644 1210; x_wconf 87' lang='grc' dir='ltr'><strong>διά</strong></span> <span class='ocrx_word' id='word_1_76' title='bbox 672 1176 732 1212; x_wconf 86' lang='grc' dir='ltr'><strong>τε</strong></span> <span class='ocrx_word' id='word_1_77' title='bbox 765 1159 937 1227; x_wconf 91' lang='grc' dir='ltr'>λόγων</span> <span class='ocrx_word' id='word_1_78' title='bbox 965 1160 1058 1214; x_wconf 77' lang='grc' dir='ltr'>καὶ</span> <span class='ocrx_word' id='word_1_79' title='bbox 1117 1160 1395 1215; x_wconf 83' lang='grc' dir='ltr'>όπτασιῶν</span> <span class='ocrx_word' id='word_1_80' title='bbox 1445 1162 1539 1215; x_wconf 76' lang='grc' dir='ltr'>καὶ</span> <span class='ocrx_word' id='word_1_81' title='bbox 1580 1162 1670 1235; x_wconf 75' lang='grc' dir='ltr'><strong>ερ-</strong></span> 
     </span>
    </p>
   </div>
   <div class='ocr_carea' id='block_1_13' title="bbox 102 1247 1668 1323">
    <p class='ocr_par' dir='ltr' id='par_1_13' title="bbox 102 1247 1668 1323">
     <span class='ocr_line' id='line_1_13' title="bbox 102 1247 1668 1323; baseline 0.008 -27"><span class='ocrx_word' id='word_1_82' title='bbox 102 1260 213 1311; x_wconf 87' lang='grc' dir='ltr'><strong>γων</strong></span> <span class='ocrx_word' id='word_1_83' title='bbox 248 1247 701 1318; x_wconf 72' lang='grc' dir='ltr'>παρειλήφαμενσ</span> <span class='ocrx_word' id='word_1_84' title='bbox 746 1253 841 1304; x_wconf 79' lang='grc' dir='ltr'><strong>καὶ</strong></span> <span class='ocrx_word' id='word_1_85' title='bbox 904 1252 993 1306; x_wconf 65' lang='grc' dir='ltr'>διὰ</span> <span class='ocrx_word' id='word_1_86' title='bbox 1015 1252 1189 1320; x_wconf 82' lang='grc' dir='ltr'>λόγων</span> <span class='ocrx_word' id='word_1_87' title='bbox 1247 1252 1347 1323; x_wconf 73' lang='grc' dir='ltr'><strong>μέν</strong></span> <span class='ocrx_word' id='word_1_88' title='bbox 1374 1270 1388 1284; x_wconf 89' lang='grc'><strong>·</strong></span> <span class='ocrx_word' id='word_1_89' title='bbox 1453 1254 1529 1317; x_wconf 82' lang='grc' dir='ltr'>ὡς</span> <span class='ocrx_word' id='word_1_90' title='bbox 1586 1254 1668 1322; x_wconf 78' lang='grc' dir='ltr'><strong>τὸ,</strong></span> 
     </span>
    </p>
   </div>
   <div class='ocr_carea' id='block_1_14' title="bbox 108 1337 1669 1417">
    <p class='ocr_par' dir='ltr' id='par_1_14' title="bbox 108 1337 1669 1417">
     <span class='ocr_line' id='line_1_14' title="bbox 108 1337 1669 1417; baseline 0.008 -30"><span class='ocrx_word' id='word_1_91' title='bbox 108 1355 127 1387; x_wconf 81' lang='grc' dir='ltr'>ι</span> <span class='ocrx_word' id='word_1_92' title='bbox 176 1337 301 1391; x_wconf 85' lang='grc' dir='ltr'>Ἰδοὺ</span> <span class='ocrx_word' id='word_1_93' title='bbox 331 1340 535 1410; x_wconf 74' lang='grc' dir='ltr'>ἡμέραι</span> <span class='ocrx_word' id='word_1_94' title='bbox 568 1341 839 1413; x_wconf 74' lang='grc' dir='ltr'>ἔρχονται,</span> <span class='ocrx_word' id='word_1_95' title='bbox 870 1342 1016 1412; x_wconf 77' lang='grc' dir='ltr'>λέγει</span> <span class='ocrx_word' id='word_1_96' title='bbox 1044 1344 1265 1416; x_wconf 80' lang='grc' dir='ltr'>Κύριος,</span> <span class='ocrx_word' id='word_1_97' title='bbox 1294 1346 1389 1399; x_wconf 79' lang='grc' dir='ltr'><strong>καὶ</strong></span> <span class='ocrx_word' id='word_1_98' title='bbox 1428 1346 1669 1417; x_wconf 81' lang='grc' dir='ltr'><strong>διαθήσω</strong></span> 
     </span>
    </p>
   </div>
   <div class='ocr_carea' id='block_1_15' title="bbox 101 1428 1671 1507">
    <p class='ocr_par' dir='ltr' id='par_1_15' title="bbox 101 1428 1671 1507">
     <span class='ocr_line' id='line_1_15' title="bbox 101 1428 1671 1507; baseline 0.008 -28"><span class='ocrx_word' id='word_1_99' title='bbox 101 1428 179 1498; x_wconf 83' lang='grc' dir='ltr'><strong>τῷ</strong></span> <span class='ocrx_word' id='word_1_100' title='bbox 203 1430 335 1501; x_wconf 78' lang='grc' dir='ltr'>οἴκῳ</span> <span class='ocrx_word' id='word_1_101' title='bbox 377 1432 590 1502; x_wconf 76' lang='grc' dir='ltr'>Ἰσραὴλ</span> <span class='ocrx_word' id='word_1_102' title='bbox 624 1434 719 1487; x_wconf 81' lang='grc' dir='ltr'>καὶ</span> <span class='ocrx_word' id='word_1_103' title='bbox 756 1434 835 1505; x_wconf 87' lang='grc' dir='ltr'>τῷ</span> <span class='ocrx_word' id='word_1_104' title='bbox 862 1436 998 1505; x_wconf 82' lang='grc' dir='ltr'>οίκῳ</span> <span class='ocrx_word' id='word_1_105' title='bbox 1031 1435 1198 1489; x_wconf 89' lang='grc' dir='ltr'>Ἰούδα</span> <span class='ocrx_word' id='word_1_106' title='bbox 1226 1436 1494 1507; x_wconf 80' lang='grc' dir='ltr'><strong>διαθήκην</strong></span> <span class='ocrx_word' id='word_1_107' title='bbox 1546 1454 1671 1491; x_wconf 90' lang='grc' dir='ltr'>και-</span> 
     </span>
    </p>
   </div>
   <div class='ocr_carea' id='block_1_16' title="bbox 101 1522 1670 1595">
    <p class='ocr_par' dir='ltr' id='par_1_16' title="bbox 101 1522 1670 1595">
     <span class='ocr_line' id='line_1_16' title="bbox 101 1522 1670 1595; baseline 0.008 -25"><span class='ocrx_word' id='word_1_108' title='bbox 101 1523 200 1588; x_wconf 83' lang='grc' dir='ltr'><strong>νήν</strong></span> <span class='ocrx_word' id='word_1_109' title='bbox 226 1538 239 1551; x_wconf 91' lang='grc'><strong>·</strong></span> <span class='ocrx_word' id='word_1_110' title='bbox 280 1541 299 1575; x_wconf 82' lang='lat' dir='ltr'><strong>i</strong></span> <span class='ocrx_word' id='word_1_111' title='bbox 335 1522 403 1576; x_wconf 78' lang='grc' dir='ltr'>δι’</span> <span class='ocrx_word' id='word_1_112' title='bbox 430 1525 708 1578; x_wconf 86' lang='grc' dir='ltr'>όπτασιῶν</span> <span class='ocrx_word' id='word_1_113' title='bbox 750 1526 807 1579; x_wconf 70' lang='grc' dir='ltr'>δὲ</span> <span class='ocrx_word' id='word_1_114' title='bbox 832 1567 846 1590; x_wconf 89' lang='grc'><strong>,</strong></span> <span class='ocrx_word' id='word_1_115' title='bbox 872 1528 951 1589; x_wconf 80' lang='grc' dir='ltr'>ὡς</span> <span class='ocrx_word' id='word_1_116' title='bbox 981 1528 1061 1589; x_wconf 83' lang='grc' dir='ltr'><strong>τὺ,</strong></span> <span class='ocrx_word' id='word_1_117' title='bbox 1094 1546 1112 1580; x_wconf 80' lang='grc' dir='ltr'>ι</span> <span class='ocrx_word' id='word_1_118' title='bbox 1150 1529 1261 1581; x_wconf 75' lang='grc' dir='ltr'><strong>Καὶ</strong></span> <span class='ocrx_word' id='word_1_119' title='bbox 1313 1528 1529 1595; x_wconf 75' lang='grc' dir='ltr'>ἐγένετο</span> <span class='ocrx_word' id='word_1_120' title='bbox 1581 1530 1670 1582; x_wconf 76' lang='grc' dir='ltr'>ἐπ’</span> 
     </span>
    </p>
   </div>
   <div class='ocr_carea' id='block_1_17' title="bbox 101 1613 1670 1691">
    <p class='ocr_par' dir='ltr' id='par_1_17' title="bbox 101 1613 1670 1691">
     <span class='ocr_line' id='line_1_17' title="bbox 101 1613 1670 1691; baseline 0.006 -27"><span class='ocrx_word' id='word_1_121' title='bbox 101 1613 205 1683; x_wconf 81' lang='grc' dir='ltr'><strong>ἐμὲ</strong></span> <span class='ocrx_word' id='word_1_122' title='bbox 235 1617 358 1686; x_wconf 83' lang='grc' dir='ltr'>χεὶρ</span> <span class='ocrx_word' id='word_1_123' title='bbox 400 1618 607 1688; x_wconf 80' lang='grc' dir='ltr'>Κυρίου</span> <span class='ocrx_word' id='word_1_124' title='bbox 636 1635 648 1647; x_wconf 92' lang='grc'><strong>·</strong></span> <span class='ocrx_word' id='word_1_125' title='bbox 687 1637 706 1671; x_wconf 82' lang='lat' dir='ltr'><strong>i</strong></span> <span class='ocrx_word' id='word_1_126' title='bbox 758 1620 875 1681; x_wconf 67' lang='grc' dir='ltr'>καὶ,</span> <span class='ocrx_word' id='word_1_127' title='bbox 935 1638 954 1670; x_wconf 80' lang='grc' dir='ltr'>ι</span> <span class='ocrx_word' id='word_1_128' title='bbox 1004 1620 1421 1691; x_wconf 75' lang='grc' dir='ltr'>Ἀναστήσονται</span> <span class='ocrx_word' id='word_1_129' title='bbox 1479 1624 1528 1675; x_wconf 78' lang='grc' dir='ltr'>οἱ</span> <span class='ocrx_word' id='word_1_130' title='bbox 1584 1639 1670 1674; x_wconf 85' lang='grc' dir='ltr'>νε-</span> 
     </span>
    </p>
   </div>
   <div class='ocr_carea' id='block_1_18' title="bbox 102 1706 1671 1785">
    <p class='ocr_par' dir='ltr' id='par_1_18' title="bbox 102 1706 1671 1785">
     <span class='ocr_line' id='line_1_18' title="bbox 102 1706 1671 1785; baseline 0.007 -27"><span class='ocrx_word' id='word_1_131' title='bbox 102 1706 228 1776; x_wconf 90' lang='grc' dir='ltr'>κροί</span> <span class='ocrx_word' id='word_1_132' title='bbox 254 1722 268 1736; x_wconf 75' lang='grc'><strong>⁸</strong></span> <span class='ocrx_word' id='word_1_133' title='bbox 309 1726 328 1759; x_wconf 82' lang='lat' dir='ltr'><strong>i</strong></span> <span class='ocrx_word' id='word_1_134' title='bbox 365 1709 476 1773; x_wconf 80' lang='grc' dir='ltr'>καὶ,</span> <span class='ocrx_word' id='word_1_135' title='bbox 510 1727 530 1760; x_wconf 76' lang='lat' dir='ltr'><strong>r</strong></span> <span class='ocrx_word' id='word_1_136' title='bbox 581 1708 882 1779; x_wconf 80' lang='grc' dir='ltr'>Ἐθεώρουν</span> <span class='ocrx_word' id='word_1_137' title='bbox 941 1710 1044 1775; x_wconf 73' lang='grc' dir='ltr'>ἕως</span> <span class='ocrx_word' id='word_1_138' title='bbox 1090 1713 1215 1765; x_wconf 76' lang='grc' dir='ltr'>ότου</span> <span class='ocrx_word' id='word_1_139' title='bbox 1257 1713 1433 1784; x_wconf 84' lang='grc' dir='ltr'>θρόνοι</span> <span class='ocrx_word' id='word_1_140' title='bbox 1481 1715 1671 1785; x_wconf 79' lang='grc' dir='ltr'>ἐτέθη-</span> 
     </span>
    </p>
   </div>
   <div class='ocr_carea' id='block_1_19' title="bbox 100 1799 1670 1870">
    <p class='ocr_par' dir='ltr' id='par_1_19' title="bbox 100 1799 1670 1870">
     <span class='ocr_line' id='line_1_19' title="bbox 100 1799 1670 1870; baseline 0.004 -20"><span class='ocrx_word' id='word_1_141' title='bbox 100 1815 204 1851; x_wconf 88' lang='grc' dir='ltr'>σαν</span> <span class='ocrx_word' id='word_1_142' title='bbox 229 1816 242 1830; x_wconf 89' lang='grc'>·</span> <span class='ocrx_word' id='word_1_143' title='bbox 274 1817 293 1851; x_wconf 79' lang='lat' dir='ltr'><strong>i</strong></span> <span class='ocrx_word' id='word_1_144' title='bbox 324 1799 438 1863; x_wconf 74' lang='grc' dir='ltr'>καὶ,</span> <span class='ocrx_word' id='word_1_145' title='bbox 477 1818 495 1852; x_wconf 84' lang='lat' dir='ltr'><strong>r</strong></span> <span class='ocrx_word' id='word_1_146' title='bbox 551 1801 682 1854; x_wconf 84' lang='grc' dir='ltr'>Ἰδοὺ</span> <span class='ocrx_word' id='word_1_147' title='bbox 711 1802 849 1870; x_wconf 81' lang='grc' dir='ltr'>μετὰ</span> <span class='ocrx_word' id='word_1_148' title='bbox 880 1804 989 1855; x_wconf 85' lang='grc' dir='ltr'><strong>τῶν</strong></span> <span class='ocrx_word' id='word_1_149' title='bbox 1026 1803 1263 1870; x_wconf 83' lang='grc' dir='ltr'>νεφελῶν</span> <span class='ocrx_word' id='word_1_150' title='bbox 1290 1806 1368 1868; x_wconf 83' lang='grc' dir='ltr'>ὡς</span> <span class='ocrx_word' id='word_1_151' title='bbox 1403 1806 1527 1869; x_wconf 85' lang='grc' dir='ltr'>Υἱὸς</span> <span class='ocrx_word' id='word_1_152' title='bbox 1575 1809 1670 1861; x_wconf 86' lang='grc' dir='ltr'>άν-</span> 
     </span>
    </p>
   </div>
   <div class='ocr_carea' id='block_1_20' title="bbox 1777 606 3346 689">
    <p class='ocr_par' dir='ltr' id='par_1_20' title="bbox 1777 606 3346 689">
     <span class='ocr_line' id='line_1_20' title="bbox 1777 606 3346 689; baseline 0.003 -15"><span class='ocrx_word' id='word_1_153' title='bbox 1777 622 2146 689; x_wconf 90' lang='lat' dir='ltr'><strong>quodcunque</strong></span> <span class='ocrx_word' id='word_1_154' title='bbox 2174 630 2427 682; x_wconf 90' lang='lat' dir='ltr'><strong>constat,</strong></span> <span class='ocrx_word' id='word_1_155' title='bbox 2473 619 2750 686; x_wconf 69' lang='lat' dir='ltr'><strong>praeterito</strong></span> <span class='ocrx_word' id='word_1_156' title='bbox 2772 657 2786 681; x_wconf 90' lang='lat'><strong>,</strong></span> <span class='ocrx_word' id='word_1_157' title='bbox 2812 619 3063 688; x_wconf 64' lang='lat' dir='ltr'><strong>praesenti</strong></span> <span class='ocrx_word' id='word_1_158' title='bbox 3089 660 3103 682; x_wconf 89' lang='lat'><strong>,</strong></span> <span class='ocrx_word' id='word_1_159' title='bbox 3137 606 3346 680; x_wconf 67' lang='lat' dir='ltr'><strong>futuro:</strong></span> 
     </span>
    </p>
   </div>
   <div class='ocr_carea' id='block_1_21' title="bbox 1776 708 3346 780">
    <p class='ocr_par' dir='ltr' id='par_1_21' title="bbox 1776 708 3346 780">
     <span class='ocr_line' id='line_1_21' title="bbox 1776 708 3346 780; baseline 0.003 -16"><span class='ocrx_word' id='word_1_160' title='bbox 1776 711 2056 765; x_wconf 59' lang='lat' dir='ltr'><strong>Praterito</strong></span> <span class='ocrx_word' id='word_1_161' title='bbox 2086 713 2338 779; x_wconf 85' lang='lat' dir='ltr'><strong>quidem,</strong></span> <span class='ocrx_word' id='word_1_162' title='bbox 2388 712 2529 765; x_wconf 89' lang='lat' dir='ltr'><strong>sicut</strong></span> <span class='ocrx_word' id='word_1_163' title='bbox 2566 711 2702 765; x_wconf 84' lang='lat' dir='ltr'><strong>liber</strong></span> <span class='ocrx_word' id='word_1_164' title='bbox 2745 708 2947 780; x_wconf 76' lang='lat' dir='ltr'><strong>Moysis</strong></span> <span class='ocrx_word' id='word_1_165' title='bbox 2989 710 3056 765; x_wconf 82' lang='lat' dir='ltr'><strong>de</strong></span> <span class='ocrx_word' id='word_1_166' title='bbox 3096 711 3346 768; x_wconf 69' lang='lat' dir='ltr'><strong>universi</strong></span> 
     </span>
    </p>
   </div>
   <div class='ocr_carea' id='block_1_22' title="bbox 1775 800 3345 871">
    <p class='ocr_par' dir='ltr' id='par_1_22' title="bbox 1775 800 3345 871">
     <span class='ocr_line' id='line_1_22' title="bbox 1775 800 3345 871; baseline 0.001 -15"><span class='ocrx_word' id='word_1_167' title='bbox 1775 800 2206 867; x_wconf 76' lang='lat' dir='ltr'><strong>constitutione;</strong></span> <span class='ocrx_word' id='word_1_168' title='bbox 2269 802 2563 871; x_wconf 83' lang='lat' dir='ltr'><strong>praesenti,</strong></span> <span class='ocrx_word' id='word_1_169' title='bbox 2621 801 2767 855; x_wconf 79' lang='lat' dir='ltr'><strong>sicut</strong></span> <span class='ocrx_word' id='word_1_170' title='bbox 2812 800 3114 855; x_wconf 72' lang='lat' dir='ltr'><strong>beatissimi</strong></span> <span class='ocrx_word' id='word_1_171' title='bbox 3162 801 3345 857; x_wconf 67' lang='lat' dir='ltr'><strong>Elimi</strong></span> 
     </span>
    </p>
   </div>
   <div class='ocr_carea' id='block_1_23' title="bbox 1776 886 3346 962">
    <p class='ocr_par' dir='ltr' id='par_1_23' title="bbox 1776 886 3346 962">
     <span class='ocr_line' id='line_1_23' title="bbox 1776 886 3346 962; baseline 0 -15"><span class='ocrx_word' id='word_1_172' title='bbox 1776 894 1911 950; x_wconf 84' lang='lat' dir='ltr'><strong>liber</strong></span> <span class='ocrx_word' id='word_1_173' title='bbox 1939 886 2008 948; x_wconf 76' lang='lat' dir='ltr'><strong>ad</strong></span> <span class='ocrx_word' id='word_1_174' title='bbox 2036 892 2184 949; x_wconf 84' lang='lat' dir='ltr'><strong>Giesi</strong></span> <span class='ocrx_word' id='word_1_175' title='bbox 2213 894 2281 949; x_wconf 90' lang='lat' dir='ltr'><strong>de</strong></span> <span class='ocrx_word' id='word_1_176' title='bbox 2304 894 2433 948; x_wconf 90' lang='lat' dir='ltr'><strong>dato</strong></span> <span class='ocrx_word' id='word_1_177' title='bbox 2456 894 2555 962; x_wconf 83' lang='lat' dir='ltr'><strong>ipsi</strong></span> <span class='ocrx_word' id='word_1_178' title='bbox 2581 907 2746 958; x_wconf 90' lang='lat' dir='ltr'><strong>auro;</strong></span> <span class='ocrx_word' id='word_1_179' title='bbox 2780 892 2986 955; x_wconf 75' lang='lat' dir='ltr'><strong>futuro,</strong></span> <span class='ocrx_word' id='word_1_180' title='bbox 3014 893 3164 947; x_wconf 74' lang='lat' dir='ltr'><strong>sicut</strong></span> <span class='ocrx_word' id='word_1_181' title='bbox 3197 893 3346 947; x_wconf 59' lang='lat' dir='ltr'><strong>Serio</strong></span> 
     </span>
    </p>
   </div>
   <div class='ocr_carea' id='block_1_24' title="bbox 1775 979 3346 1051">
    <p class='ocr_par' dir='ltr' id='par_1_24' title="bbox 1775 979 3346 1051">
     <span class='ocr_line' id='line_1_24' title="bbox 1775 979 3346 1051; baseline 0.001 -17"><span class='ocrx_word' id='word_1_182' title='bbox 1775 991 1934 1051; x_wconf 79' lang='lat' dir='ltr'><strong>ptura</strong></span> <span class='ocrx_word' id='word_1_183' title='bbox 1962 982 2381 1051; x_wconf 72' lang='lat' dir='ltr'><strong>prophetarum,</strong></span> <span class='ocrx_word' id='word_1_184' title='bbox 2417 980 2483 1034; x_wconf 90' lang='lat' dir='ltr'><strong>de</strong></span> <span class='ocrx_word' id='word_1_185' title='bbox 2509 980 2860 1035; x_wconf 68' lang='lat' dir='ltr'><strong>Hebraeorum</strong></span> <span class='ocrx_word' id='word_1_186' title='bbox 2896 990 2951 1033; x_wconf 79' lang='lat' dir='ltr'><strong>et</strong></span> <span class='ocrx_word' id='word_1_187' title='bbox 2978 979 3183 1033; x_wconf 77' lang='lat' dir='ltr'><strong>Christi</strong></span> <span class='ocrx_word' id='word_1_188' title='bbox 3207 994 3346 1049; x_wconf 72' lang='lat' dir='ltr'><strong>pm-</strong></span> 
     </span>
    </p>
   </div>
   <div class='ocr_carea' id='block_1_25' title="bbox 1777 1073 3347 1144">
    <p class='ocr_par' dir='ltr' id='par_1_25' title="bbox 1777 1073 3347 1144">
     <span class='ocr_line' id='line_1_25' title="bbox 1777 1073 3347 1144; baseline -0.001 -17"><span class='ocrx_word' id='word_1_189' title='bbox 1777 1073 1972 1136; x_wconf 82' lang='lat' dir='ltr'><strong>sentia,</strong></span> <span class='ocrx_word' id='word_1_190' title='bbox 1995 1086 2158 1142; x_wconf 88' lang='lat' dir='ltr'><strong>quam</strong></span> <span class='ocrx_word' id='word_1_191' title='bbox 2185 1088 2278 1144; x_wconf 86' lang='lat' dir='ltr'><strong>per</strong></span> <span class='ocrx_word' id='word_1_192' title='bbox 2298 1073 2461 1128; x_wconf 86' lang='lat' dir='ltr'><strong>verba</strong></span> <span class='ocrx_word' id='word_1_193' title='bbox 2488 1084 2543 1128; x_wconf 90' lang='lat' dir='ltr'><strong>et</strong></span> <span class='ocrx_word' id='word_1_194' title='bbox 2576 1074 2843 1128; x_wconf 80' lang='lat' dir='ltr'><strong>mirabilia</strong></span> <span class='ocrx_word' id='word_1_195' title='bbox 2866 1081 2924 1125; x_wconf 80' lang='lat' dir='ltr'><strong>et</strong></span> <span class='ocrx_word' id='word_1_196' title='bbox 2953 1087 3119 1141; x_wconf 85' lang='lat' dir='ltr'><strong>opera</strong></span> <span class='ocrx_word' id='word_1_197' title='bbox 3156 1088 3347 1126; x_wconf 82' lang='lat' dir='ltr'><strong>susce-</strong></span> 
     </span>
    </p>
   </div>
   <div class='ocr_carea' id='block_1_26' title="bbox 1777 1165 3347 1236">
    <p class='ocr_par' dir='ltr' id='par_1_26' title="bbox 1777 1165 3347 1236">
     <span class='ocr_line' id='line_1_26' title="bbox 1777 1165 3347 1236; baseline 0.002 -20"><span class='ocrx_word' id='word_1_198' title='bbox 1777 1166 1992 1233; x_wconf 87' lang='lat' dir='ltr'><strong>pimus;</strong></span> <span class='ocrx_word' id='word_1_199' title='bbox 2012 1181 2107 1236; x_wconf 89' lang='lat' dir='ltr'><strong>per</strong></span> <span class='ocrx_word' id='word_1_200' title='bbox 2128 1166 2318 1229; x_wconf 86' lang='lat' dir='ltr'><strong>verba,</strong></span> <span class='ocrx_word' id='word_1_201' title='bbox 2349 1168 2491 1221; x_wconf 88' lang='lat' dir='ltr'><strong>sicut</strong></span> <span class='ocrx_word' id='word_1_202' title='bbox 2523 1184 2535 1219; x_wconf 90' lang='lat'><strong>:</strong></span> <span class='ocrx_word' id='word_1_203' title='bbox 2564 1185 2583 1218; x_wconf 80' lang='grc' dir='ltr'>ι</span> <span class='ocrx_word' id='word_1_204' title='bbox 2622 1165 2759 1219; x_wconf 82' lang='lat' dir='ltr'><strong>Ecce</strong></span> <span class='ocrx_word' id='word_1_205' title='bbox 2787 1166 2905 1220; x_wconf 89' lang='lat' dir='ltr'><strong>dies</strong></span> <span class='ocrx_word' id='word_1_206' title='bbox 2935 1166 3184 1227; x_wconf 68' lang='lat' dir='ltr'><strong>veniunt,</strong></span> <span class='ocrx_word' id='word_1_207' title='bbox 3213 1165 3347 1219; x_wconf 85' lang='lat' dir='ltr'><strong>dicit</strong></span> 
     </span>
    </p>
   </div>
   <div class='ocr_carea' id='block_1_27' title="bbox 1779 1253 3344 1324">
    <p class='ocr_par' dir='ltr' id='par_1_27' title="bbox 1779 1253 3344 1324">
     <span class='ocr_line' id='line_1_27' title="bbox 1779 1253 3344 1324; baseline 0.003 -17"><span class='ocrx_word' id='word_1_208' title='bbox 1779 1253 2080 1324; x_wconf 88' lang='lat' dir='ltr'><strong>Dominus,</strong></span> <span class='ocrx_word' id='word_1_209' title='bbox 2114 1264 2169 1312; x_wconf 90' lang='lat' dir='ltr'><strong>et</strong></span> <span class='ocrx_word' id='word_1_210' title='bbox 2213 1258 2404 1313; x_wconf 76' lang='lat' dir='ltr'><strong>feriam</strong></span> <span class='ocrx_word' id='word_1_211' title='bbox 2444 1259 2632 1313; x_wconf 86' lang='lat' dir='ltr'><strong>domui</strong></span> <span class='ocrx_word' id='word_1_212' title='bbox 2679 1257 2845 1311; x_wconf 84' lang='lat' dir='ltr'><strong>Israel</strong></span> <span class='ocrx_word' id='word_1_213' title='bbox 2884 1264 2939 1311; x_wconf 78' lang='lat' dir='ltr'><strong>et</strong></span> <span class='ocrx_word' id='word_1_214' title='bbox 2988 1258 3175 1311; x_wconf 86' lang='lat' dir='ltr'><strong>domui</strong></span> <span class='ocrx_word' id='word_1_215' title='bbox 3202 1256 3344 1311; x_wconf 71' lang='lat' dir='ltr'><strong>Iuda</strong></span> 
     </span>
    </p>
   </div>
   <div class='ocr_carea' id='block_1_28' title="bbox 1778 1346 3347 1418">
    <p class='ocr_par' dir='ltr' id='par_1_28' title="bbox 1778 1346 3347 1418">
     <span class='ocr_line' id='line_1_28' title="bbox 1778 1346 3347 1418; baseline 0.001 -18"><span class='ocrx_word' id='word_1_216' title='bbox 1778 1346 1954 1403; x_wconf 63' lang='lat' dir='ltr'><strong>laetius</strong></span> <span class='ocrx_word' id='word_1_217' title='bbox 1976 1364 2177 1403; x_wconf 88' lang='lat' dir='ltr'><strong>novum</strong></span> <span class='ocrx_word' id='word_1_218' title='bbox 2203 1365 2218 1413; x_wconf 89' lang='lat'><strong>;</strong></span> <span class='ocrx_word' id='word_1_219' title='bbox 2246 1366 2268 1402; x_wconf 73' lang='grc' dir='ltr'><strong>ι</strong></span> <span class='ocrx_word' id='word_1_220' title='bbox 2302 1364 2398 1418; x_wconf 87' lang='lat' dir='ltr'><strong>per</strong></span> <span class='ocrx_word' id='word_1_221' title='bbox 2428 1348 2720 1413; x_wconf 79' lang='lat' dir='ltr'><strong>mirabilia,</strong></span> <span class='ocrx_word' id='word_1_222' title='bbox 2747 1348 2912 1410; x_wconf 84' lang='lat' dir='ltr'><strong>sicut,</strong></span> <span class='ocrx_word' id='word_1_223' title='bbox 2951 1365 2970 1397; x_wconf 79' lang='grc' dir='ltr'>ι</span> <span class='ocrx_word' id='word_1_224' title='bbox 3002 1346 3065 1400; x_wconf 83' lang='grc' dir='ltr'><strong>Ει</strong></span> <span class='ocrx_word' id='word_1_225' title='bbox 3091 1346 3233 1403; x_wconf 78' lang='lat' dir='ltr'><strong>facta</strong></span> <span class='ocrx_word' id='word_1_226' title='bbox 3262 1358 3347 1402; x_wconf 91' lang='lat' dir='ltr'><strong>est</strong></span> 
     </span>
    </p>
   </div>
   <div class='ocr_carea' id='block_1_29' title="bbox 1775 1435 3347 1509">
    <p class='ocr_par' dir='ltr' id='par_1_29' title="bbox 1775 1435 3347 1509">
     <span class='ocr_line' id='line_1_29' title="bbox 1775 1435 3347 1509; baseline -0.002 -15"><span class='ocrx_word' id='word_1_227' title='bbox 1775 1454 1946 1509; x_wconf 84' lang='lat' dir='ltr'><strong>super</strong></span> <span class='ocrx_word' id='word_1_228' title='bbox 1981 1454 2069 1493; x_wconf 89' lang='lat' dir='ltr'><strong>me</strong></span> <span class='ocrx_word' id='word_1_229' title='bbox 2102 1454 2298 1493; x_wconf 87' lang='lat' dir='ltr'><strong>manus</strong></span> <span class='ocrx_word' id='word_1_230' title='bbox 2337 1438 2586 1503; x_wconf 87' lang='lat' dir='ltr'><strong>Domini;</strong></span> <span class='ocrx_word' id='word_1_231' title='bbox 2620 1457 2638 1490; x_wconf 87' lang='lat' dir='ltr'><strong>i</strong></span> <span class='ocrx_word' id='word_1_232' title='bbox 2668 1448 2756 1501; x_wconf 92' lang='lat' dir='ltr'><strong>et,</strong></span> <span class='ocrx_word' id='word_1_233' title='bbox 2797 1456 2817 1490; x_wconf 73' lang='grc' dir='ltr'>ι</span> <span class='ocrx_word' id='word_1_234' title='bbox 2854 1435 3164 1507; x_wconf 74' lang='lat' dir='ltr'><strong>Resurgelit</strong></span> <span class='ocrx_word' id='word_1_235' title='bbox 3198 1454 3347 1492; x_wconf 81' lang='lat' dir='ltr'><strong>mor-</strong></span> 
     </span>
    </p>
   </div>
   <div class='ocr_carea' id='block_1_30' title="bbox 1776 1526 3340 1597">
    <p class='ocr_par' dir='ltr' id='par_1_30' title="bbox 1776 1526 3340 1597">
     <span class='ocr_line' id='line_1_30' title="bbox 1776 1526 3340 1597; baseline -0.001 -16"><span class='ocrx_word' id='word_1_236' title='bbox 1776 1528 1889 1593; x_wconf 85' lang='lat' dir='ltr'><strong>tui;</strong></span> <span class='ocrx_word' id='word_1_237' title='bbox 1920 1545 1940 1579; x_wconf 83' lang='lat' dir='ltr'><strong>i</strong></span> <span class='ocrx_word' id='word_1_238' title='bbox 1969 1535 2026 1581; x_wconf 88' lang='lat' dir='ltr'><strong>et</strong></span> <span class='ocrx_word' id='word_1_239' title='bbox 2046 1568 2061 1593; x_wconf 93' lang='lat'><strong>,</strong></span> <span class='ocrx_word' id='word_1_240' title='bbox 2097 1544 2116 1578; x_wconf 82' lang='grc' dir='ltr'>ι</span> <span class='ocrx_word' id='word_1_241' title='bbox 2142 1527 2480 1597; x_wconf 83' lang='lat' dir='ltr'><strong>Aspiciebam</strong></span> <span class='ocrx_word' id='word_1_242' title='bbox 2511 1528 2685 1582; x_wconf 87' lang='lat' dir='ltr'><strong>donec</strong></span> <span class='ocrx_word' id='word_1_243' title='bbox 2715 1528 2896 1581; x_wconf 87' lang='lat' dir='ltr'><strong>throni</strong></span> <span class='ocrx_word' id='word_1_244' title='bbox 2922 1526 3084 1595; x_wconf 84' lang='lat' dir='ltr'><strong>positi</strong></span> <span class='ocrx_word' id='word_1_245' title='bbox 3116 1537 3240 1583; x_wconf 80' lang='lat' dir='ltr'><strong>sunt</strong></span> <span class='ocrx_word' id='word_1_246' title='bbox 3270 1544 3285 1592; x_wconf 87' lang='lat'><strong>;</strong></span> <span class='ocrx_word' id='word_1_247' title='bbox 3319 1545 3340 1579; x_wconf 71' lang='grc' dir='ltr'><strong>ι</strong></span> 
     </span>
    </p>
   </div>
   <div class='ocr_carea' id='block_1_31' title="bbox 1774 1617 3346 1688">
    <p class='ocr_par' dir='ltr' id='par_1_31' title="bbox 1774 1617 3346 1688">
     <span class='ocr_line' id='line_1_31' title="bbox 1774 1617 3346 1688; baseline -0.001 -15"><span class='ocrx_word' id='word_1_248' title='bbox 1774 1627 1849 1684; x_wconf 90' lang='lat' dir='ltr'><strong>et,</strong></span> <span class='ocrx_word' id='word_1_249' title='bbox 1872 1636 1891 1669; x_wconf 81' lang='grc' dir='ltr'>ι</span> <span class='ocrx_word' id='word_1_250' title='bbox 1918 1617 2055 1675; x_wconf 85' lang='lat' dir='ltr'><strong>Ecce</strong></span> <span class='ocrx_word' id='word_1_251' title='bbox 2079 1634 2204 1674; x_wconf 89' lang='lat' dir='ltr'><strong>cum</strong></span> <span class='ocrx_word' id='word_1_252' title='bbox 2236 1620 2473 1673; x_wconf 79' lang='lat' dir='ltr'><strong>nubibus</strong></span> <span class='ocrx_word' id='word_1_253' title='bbox 2492 1619 2653 1688; x_wconf 83' lang='lat' dir='ltr'><strong>quasi</strong></span> <span class='ocrx_word' id='word_1_254' title='bbox 2687 1617 2863 1673; x_wconf 83' lang='lat' dir='ltr'><strong>Filius</strong></span> <span class='ocrx_word' id='word_1_255' title='bbox 2892 1618 3129 1673; x_wconf 85' lang='lat' dir='ltr'><strong>hominis</strong></span> <span class='ocrx_word' id='word_1_256' title='bbox 3160 1618 3346 1672; x_wconf 78' lang='lat' dir='ltr'><strong>venie-</strong></span> 
     </span>
    </p>
   </div>
   <div class='ocr_carea' id='block_1_32' title="bbox 1776 1706 3345 1779">
    <p class='ocr_par' dir='ltr' id='par_1_32' title="bbox 1776 1706 3345 1779">
     <span class='ocr_line' id='line_1_32' title="bbox 1776 1706 3345 1779; baseline -0.001 -15"><span class='ocrx_word' id='word_1_257' title='bbox 1776 1708 1903 1773; x_wconf 86' lang='lat' dir='ltr'><strong>bat;</strong></span> <span class='ocrx_word' id='word_1_258' title='bbox 1942 1725 1962 1760; x_wconf 74' lang='grc' dir='ltr'><strong>ι</strong></span> <span class='ocrx_word' id='word_1_259' title='bbox 1998 1725 2094 1779; x_wconf 86' lang='lat' dir='ltr'><strong>per</strong></span> <span class='ocrx_word' id='word_1_260' title='bbox 2122 1724 2319 1779; x_wconf 88' lang='lat' dir='ltr'><strong>opera,</strong></span> <span class='ocrx_word' id='word_1_261' title='bbox 2343 1709 2495 1764; x_wconf 83' lang='lat' dir='ltr'><strong>sicut</strong></span> <span class='ocrx_word' id='word_1_262' title='bbox 2522 1709 2589 1764; x_wconf 90' lang='lat' dir='ltr'><strong>de</strong></span> <span class='ocrx_word' id='word_1_263' title='bbox 2625 1709 2930 1771; x_wconf 82' lang='lat' dir='ltr'><strong>Abraham,</strong></span> <span class='ocrx_word' id='word_1_264' title='bbox 2965 1727 2983 1759; x_wconf 77' lang='grc' dir='ltr'>ι</span> <span class='ocrx_word' id='word_1_265' title='bbox 3018 1706 3185 1762; x_wconf 86' lang='lat' dir='ltr'><strong>Sume</strong></span> <span class='ocrx_word' id='word_1_266' title='bbox 3212 1708 3345 1763; x_wconf 87' lang='lat' dir='ltr'><strong>milii</strong></span> 
     </span>
    </p>
   </div>
   <div class='ocr_carea' id='block_1_33' title="bbox 1776 1799 3342 1870">
    <p class='ocr_par' dir='ltr' id='par_1_33' title="bbox 1776 1799 3342 1870">
     <span class='ocr_line' id='line_1_33' title="bbox 1776 1799 3342 1870; baseline -0.001 -17"><span class='ocrx_word' id='word_1_267' title='bbox 1776 1814 1996 1855; x_wconf 80' lang='lat' dir='ltr'><strong>vaccam</strong></span> <span class='ocrx_word' id='word_1_268' title='bbox 2031 1800 2299 1855; x_wconf 86' lang='lat' dir='ltr'><strong>trienneni</strong></span> <span class='ocrx_word' id='word_1_269' title='bbox 2341 1809 2396 1854; x_wconf 90' lang='lat' dir='ltr'><strong>et</strong></span> <span class='ocrx_word' id='word_1_270' title='bbox 2441 1814 2662 1870; x_wconf 85' lang='lat' dir='ltr'><strong>capram</strong></span> <span class='ocrx_word' id='word_1_271' title='bbox 2708 1799 2929 1853; x_wconf 84' lang='lat' dir='ltr'><strong>trimam</strong></span> <span class='ocrx_word' id='word_1_272' title='bbox 2959 1839 2974 1865; x_wconf 93' lang='lat'><strong>,</strong></span> <span class='ocrx_word' id='word_1_273' title='bbox 3023 1807 3078 1854; x_wconf 93' lang='lat' dir='ltr'><strong>et</strong></span> <span class='ocrx_word' id='word_1_274' title='bbox 3112 1799 3342 1853; x_wconf 81' lang='lat' dir='ltr'><strong>arietem</strong></span> 
     </span>
    </p>
   </div>
   <div class='ocr_carea' id='block_1_34' title="bbox 98 1889 1669 1971">
    <p class='ocr_par' dir='ltr' id='par_1_34' title="bbox 98 1890 1669 1971">
     <span class='ocr_line' id='line_1_34' title="bbox 98 1890 1669 1971; baseline 0.006 -28"><span class='ocrx_word' id='word_1_275' title='bbox 98 1890 318 1960; x_wconf 83' lang='grc' dir='ltr'>θρώπου</span> <span class='ocrx_word' id='word_1_276' title='bbox 347 1893 640 1963; x_wconf 78' lang='grc' dir='ltr'><strong>ἐρχόμενος</strong></span> <span class='ocrx_word' id='word_1_277' title='bbox 658 1909 675 1925; x_wconf 85' lang='grc'>⁶</span> <span class='ocrx_word' id='word_1_278' title='bbox 702 1914 720 1948; x_wconf 84' lang='lat' dir='ltr'><strong>i</strong></span> <span class='ocrx_word' id='word_1_279' title='bbox 743 1895 994 1966; x_wconf 81' lang='grc' dir='ltr'>δι’ἓργων</span> <span class='ocrx_word' id='word_1_280' title='bbox 1009 1897 1086 1961; x_wconf 85' lang='grc' dir='ltr'>δὲ,</span> <span class='ocrx_word' id='word_1_281' title='bbox 1105 1898 1178 1959; x_wconf 85' lang='grc' dir='ltr'>ὡς</span> <span class='ocrx_word' id='word_1_282' title='bbox 1195 1900 1287 1951; x_wconf 70' lang='grc' dir='ltr'><strong>ἐπὶ</strong></span> <span class='ocrx_word' id='word_1_283' title='bbox 1308 1899 1401 1951; x_wconf 84' lang='grc' dir='ltr'>τοῦ</span> <span class='ocrx_word' id='word_1_284' title='bbox 1428 1900 1669 1971; x_wconf 82' lang='grc' dir='ltr'>’Δϐραὰμ</span> 
     </span>
    </p>
   </div>
   <div class='ocr_carea' id='block_1_35' title="bbox 1771 1889 3346 1971">
    <p class='ocr_par' dir='ltr' id='par_1_35' title="bbox 1774 1890 3346 1959">
     <span class='ocr_line' id='line_1_35' title="bbox 1774 1890 3346 1959; baseline 0 -15"><span class='ocrx_word' id='word_1_285' title='bbox 1774 1906 2043 1945; x_wconf 90' lang='lat' dir='ltr'><strong>annorum</strong></span> <span class='ocrx_word' id='word_1_286' title='bbox 2068 1891 2233 1945; x_wconf 90' lang='lat' dir='ltr'><strong>trium</strong></span> <span class='ocrx_word' id='word_1_287' title='bbox 2264 1898 2320 1946; x_wconf 89' lang='lat' dir='ltr'><strong>et</strong></span> <span class='ocrx_word' id='word_1_288' title='bbox 2353 1900 2619 1945; x_wconf 85' lang='lat' dir='ltr'><strong>turturem</strong></span> <span class='ocrx_word' id='word_1_289' title='bbox 2647 1901 2701 1945; x_wconf 90' lang='lat' dir='ltr'><strong>et</strong></span> <span class='ocrx_word' id='word_1_290' title='bbox 2728 1890 3060 1955; x_wconf 80' lang='lat' dir='ltr'><strong>columbam,</strong></span> <span class='ocrx_word' id='word_1_291' title='bbox 3090 1908 3109 1942; x_wconf 75' lang='grc' dir='ltr'><strong>ι</strong></span> <span class='ocrx_word' id='word_1_292' title='bbox 3138 1899 3196 1944; x_wconf 91' lang='lat' dir='ltr'><strong>et</strong></span> <span class='ocrx_word' id='word_1_293' title='bbox 3221 1904 3346 1959; x_wconf 72' lang='lat' dir='ltr'><strong>quae</strong></span> 
     </span>
    </p>
   </div>
   <div class='ocr_carea' id='block_1_36' title="bbox 102 1984 1673 2059">
    <p class='ocr_par' dir='ltr' id='par_1_36' title="bbox 102 1984 1673 2059">
     <span class='ocr_line' id='line_1_36' title="bbox 102 1984 1673 2059; baseline 0.006 -23"><span class='ocrx_word' id='word_1_294' title='bbox 102 2002 123 2035; x_wconf 81' lang='grc' dir='ltr'>ι</span> <span class='ocrx_word' id='word_1_295' title='bbox 156 1984 299 2037; x_wconf 86' lang='grc' dir='ltr'>Λάϐε</span> <span class='ocrx_word' id='word_1_296' title='bbox 330 2002 420 2055; x_wconf 93' lang='grc' dir='ltr'><strong>μοι</strong></span> <span class='ocrx_word' id='word_1_297' title='bbox 462 1985 696 2056; x_wconf 79' lang='grc' dir='ltr'>δάμαλιν</span> <span class='ocrx_word' id='word_1_298' title='bbox 751 1988 1124 2059; x_wconf 77' lang='grc' dir='ltr'><strong>τριετίζουσαν</strong></span> <span class='ocrx_word' id='word_1_299' title='bbox 1158 2006 1171 2019; x_wconf 85' lang='grc'><strong><em>-</em></strong></span> <span class='ocrx_word' id='word_1_300' title='bbox 1232 1991 1324 2042; x_wconf 65' lang='grc' dir='ltr'>καὶ</span> <span class='ocrx_word' id='word_1_301' title='bbox 1382 1987 1512 2057; x_wconf 87' lang='grc' dir='ltr'>αίγα</span> <span class='ocrx_word' id='word_1_302' title='bbox 1562 2009 1673 2054; x_wconf 82' lang='grc' dir='ltr'>τρι-</span> 
     </span>
    </p>
   </div>
   <div class='ocr_carea' id='block_1_37' title="bbox 96 2077 1670 2152">
    <p class='ocr_par' dir='ltr' id='par_1_37' title="bbox 96 2077 1670 2152">
     <span class='ocr_line' id='line_1_37' title="bbox 96 2077 1670 2152; baseline 0.004 -22"><span class='ocrx_word' id='word_1_303' title='bbox 96 2077 386 2140; x_wconf 72' lang='grc' dir='ltr'>ετίζουσαν</span> <span class='ocrx_word' id='word_1_304' title='bbox 412 2079 506 2132; x_wconf 78' lang='grc' dir='ltr'>καὶ</span> <span class='ocrx_word' id='word_1_305' title='bbox 535 2079 693 2151; x_wconf 84' lang='grc' dir='ltr'>κριὸν</span> <span class='ocrx_word' id='word_1_306' title='bbox 734 2081 1093 2152; x_wconf 81' lang='grc' dir='ltr'>τριετίζοντα.</span> <span class='ocrx_word' id='word_1_307' title='bbox 1142 2081 1234 2133; x_wconf 84' lang='grc' dir='ltr'>καὶ</span> <span class='ocrx_word' id='word_1_308' title='bbox 1279 2082 1536 2151; x_wconf 75' lang='grc' dir='ltr'><strong>τρυγόνα,</strong></span> <span class='ocrx_word' id='word_1_309' title='bbox 1578 2084 1670 2136; x_wconf 80' lang='grc' dir='ltr'>καὶ</span> 
     </span>
    </p>
   </div>
   <div class='ocr_carea' id='block_1_38' title="bbox 95 2160 1669 2242">
    <p class='ocr_par' dir='ltr' id='par_1_38' title="bbox 95 2160 1669 2242">
     <span class='ocr_line' id='line_1_38' title="bbox 95 2160 1669 2242; baseline 0.004 -20"><span class='ocrx_word' id='word_1_310' title='bbox 95 2170 451 2241; x_wconf 62' lang='grc' dir='ltr'>περιστερὰν,</span> <span class='ocrx_word' id='word_1_311' title='bbox 486 2190 507 2226; x_wconf 81' lang='lat' dir='ltr'><strong>i</strong></span> <span class='ocrx_word' id='word_1_312' title='bbox 541 2173 636 2226; x_wconf 80' lang='grc' dir='ltr'><strong>καὶ</strong></span> <span class='ocrx_word' id='word_1_313' title='bbox 677 2174 747 2228; x_wconf 85' lang='grc' dir='ltr'><strong>τά</strong></span> <span class='ocrx_word' id='word_1_314' title='bbox 790 2173 952 2242; x_wconf 72' lang='grc' dir='ltr'><strong>ἑξῆςο</strong></span> <span class='ocrx_word' id='word_1_315' title='bbox 987 2176 1103 2239; x_wconf 75' lang='grc' dir='ltr'>καὶ,</span> <span class='ocrx_word' id='word_1_316' title='bbox 1163 2193 1183 2226; x_wconf 81' lang='grc' dir='ltr'>ι</span> <span class='ocrx_word' id='word_1_317' title='bbox 1219 2174 1365 2229; x_wconf 79' lang='grc' dir='ltr'>Λάϐε</span> <span class='ocrx_word' id='word_1_318' title='bbox 1400 2176 1491 2229; x_wconf 81' lang='grc' dir='ltr'><strong>τὸν</strong></span> <span class='ocrx_word' id='word_1_319' title='bbox 1549 2160 1669 2229; x_wconf 90' lang='grc' dir='ltr'>υίόν</span> 
     </span>
    </p>
   </div>
   <div class='ocr_carea' id='block_1_39' title="bbox 96 2260 1482 2332">
    <p class='ocr_par' dir='ltr' id='par_1_39' title="bbox 96 2260 1482 2332">
     <span class='ocr_line' id='line_1_39' title="bbox 96 2260 1482 2332; baseline 0.004 -19"><span class='ocrx_word' id='word_1_320' title='bbox 96 2277 197 2313; x_wconf 90' lang='grc' dir='ltr'><strong>σου</strong></span> <span class='ocrx_word' id='word_1_321' title='bbox 224 2260 318 2313; x_wconf 80' lang='grc' dir='ltr'><strong>τὸν</strong></span> <span class='ocrx_word' id='word_1_322' title='bbox 343 2261 627 2331; x_wconf 75' lang='grc' dir='ltr'>ἀγαπητὸν</span> <span class='ocrx_word' id='word_1_323' title='bbox 659 2260 718 2315; x_wconf 80' lang='grc' dir='ltr'><strong>δν</strong></span> <span class='ocrx_word' id='word_1_324' title='bbox 753 2262 1064 2332; x_wconf 84' lang='grc' dir='ltr'>ήγάπησας,</span> <span class='ocrx_word' id='word_1_325' title='bbox 1104 2264 1197 2316; x_wconf 76' lang='grc' dir='ltr'>τὸν</span> <span class='ocrx_word' id='word_1_326' title='bbox 1239 2263 1482 2318; x_wconf 77' lang='grc' dir='ltr'>Ἰσαάκ.)</span> 
     </span>
    </p>
   </div>
   <div class='ocr_carea' id='block_1_40' title="bbox 171 2352 1667 2427">
    <p class='ocr_par' dir='ltr' id='par_1_40' title="bbox 171 2352 1667 2427">
     <span class='ocr_line' id='line_1_40' title="bbox 171 2352 1667 2427; baseline 0.003 -22"><span class='ocrx_word' id='word_1_327' title='bbox 171 2352 388 2406; x_wconf 86' lang='grc' dir='ltr'>Τούτων</span> <span class='ocrx_word' id='word_1_328' title='bbox 417 2353 472 2405; x_wconf 83' lang='grc' dir='ltr'>δὲ</span> <span class='ocrx_word' id='word_1_329' title='bbox 502 2354 673 2416; x_wconf 80' lang='grc' dir='ltr'>οὕτως</span> <span class='ocrx_word' id='word_1_330' title='bbox 701 2355 952 2423; x_wconf 87' lang='grc' dir='ltr'>ἐχόντων,</span> <span class='ocrx_word' id='word_1_331' title='bbox 984 2356 1249 2425; x_wconf 86' lang='grc' dir='ltr'>προσήκει</span> <span class='ocrx_word' id='word_1_332' title='bbox 1317 2356 1667 2427; x_wconf 74' lang='grc' dir='ltr'>προηγουμέ-</span> 
     </span>
    </p>
   </div>
   <div class='ocr_carea' id='block_1_41' title="bbox 93 2444 1666 2517">
    <p class='ocr_par' dir='ltr' id='par_1_41' title="bbox 93 2444 1666 2517">
     <span class='ocr_line' id='line_1_41' title="bbox 93 2444 1666 2517; baseline 0.003 -20"><span class='ocrx_word' id='word_1_333' title='bbox 93 2461 205 2506; x_wconf 90' lang='grc' dir='ltr'><strong>νως</strong></span> <span class='ocrx_word' id='word_1_334' title='bbox 241 2447 362 2507; x_wconf 79' lang='grc' dir='ltr'>ταῖς</span> <span class='ocrx_word' id='word_1_335' title='bbox 383 2445 494 2497; x_wconf 82' lang='grc' dir='ltr'><strong>τῶν</strong></span> <span class='ocrx_word' id='word_1_336' title='bbox 522 2447 735 2515; x_wconf 74' lang='grc' dir='ltr'>ῥήσεων</span> <span class='ocrx_word' id='word_1_337' title='bbox 785 2444 1070 2499; x_wconf 84' lang='grc' dir='ltr'>ὑποθέσεσι</span> <span class='ocrx_word' id='word_1_338' title='bbox 1112 2446 1212 2516; x_wconf 84' lang='grc' dir='ltr'>τὴν</span> <span class='ocrx_word' id='word_1_339' title='bbox 1254 2446 1493 2500; x_wconf 88' lang='grc' dir='ltr'>διάνοιαν</span> <span class='ocrx_word' id='word_1_340' title='bbox 1566 2451 1666 2517; x_wconf 89' lang='grc' dir='ltr'>ἐφ-</span> 
     </span>
    </p>
   </div>
   <div class='ocr_carea' id='block_1_42' title="bbox 101 2531 1666 2607">
    <p class='ocr_par' dir='ltr' id='par_1_42' title="bbox 101 2531 1666 2607">
     <span class='ocr_line' id='line_1_42' title="bbox 101 2531 1666 2607; baseline 0.004 -22"><span class='ocrx_word' id='word_1_341' title='bbox 101 2536 262 2603; x_wconf 85' lang='grc' dir='ltr'>ιστᾷν</span> <span class='ocrx_word' id='word_1_342' title='bbox 291 2535 417 2597; x_wconf 82' lang='grc' dir='ltr'>τοὺς</span> <span class='ocrx_word' id='word_1_343' title='bbox 446 2534 876 2604; x_wconf 67' lang='grc' dir='ltr'>μαθητεύιηντας,</span> <span class='ocrx_word' id='word_1_344' title='bbox 908 2531 1006 2588; x_wconf 80' lang='grc' dir='ltr'>εἷθ’</span> <span class='ocrx_word' id='word_1_345' title='bbox 1031 2534 1201 2599; x_wconf 78' lang='grc' dir='ltr'>οὕτως</span> <span class='ocrx_word' id='word_1_346' title='bbox 1217 2537 1402 2600; x_wconf 80' lang='grc' dir='ltr'>αὐτοῖς</span> <span class='ocrx_word' id='word_1_347' title='bbox 1415 2537 1666 2607; x_wconf 79' lang='grc' dir='ltr'>τήνκατά</span> 
     </span>
    </p>
   </div>
   <div class='ocr_carea' id='block_1_43' title="bbox 92 2625 1660 2697">
    <p class='ocr_par' dir='ltr' id='par_1_43' title="bbox 92 2625 1660 2697">
     <span class='ocr_line' id='line_1_43' title="bbox 92 2625 1660 2697; baseline 0.002 -21"><span class='ocrx_word' id='word_1_348' title='bbox 92 2625 244 2689; x_wconf 81' lang='grc' dir='ltr'>λέξιν</span> <span class='ocrx_word' id='word_1_349' title='bbox 265 2625 558 2697; x_wconf 78' lang='grc' dir='ltr'><strong>ἑρμηνείαν</strong></span> <span class='ocrx_word' id='word_1_350' title='bbox 583 2627 800 2689; x_wconf 81' lang='grc' dir='ltr'><strong>οἰκείως</strong></span> <span class='ocrx_word' id='word_1_351' title='bbox 847 2625 1049 2697; x_wconf 87' lang='grc' dir='ltr'>ταύτην</span> <span class='ocrx_word' id='word_1_352' title='bbox 1097 2628 1406 2697; x_wconf 76' lang='grc' dir='ltr'>προσάγειν</span> <span class='ocrx_word' id='word_1_353' title='bbox 1432 2644 1449 2659; x_wconf 75' lang='grc' dir='ltr'><strong>ο</strong></span> <span class='ocrx_word' id='word_1_354' title='bbox 1480 2628 1554 2691; x_wconf 82' lang='grc' dir='ltr'>ὡς</span> <span class='ocrx_word' id='word_1_355' title='bbox 1576 2629 1660 2693; x_wconf 86' lang='grc' dir='ltr'><strong>ἂν,</strong></span> 
     </span>
    </p>
   </div>
   <div class='ocr_carea' id='block_1_44' title="bbox 91 2716 1665 2787">
    <p class='ocr_par' dir='ltr' id='par_1_44' title="bbox 91 2716 1665 2787">
     <span class='ocr_line' id='line_1_44' title="bbox 91 2716 1665 2787; baseline 0.002 -18"><span class='ocrx_word' id='word_1_356' title='bbox 91 2718 332 2781; x_wconf 83' lang='grc' dir='ltr'><strong>διανοίας</strong></span> <span class='ocrx_word' id='word_1_357' title='bbox 374 2716 451 2787; x_wconf 83' lang='grc' dir='ltr'>μὴ</span> <span class='ocrx_word' id='word_1_358' title='bbox 480 2716 961 2787; x_wconf 84' lang='grc' dir='ltr'>προῦπαρχούσης,</span> <span class='ocrx_word' id='word_1_359' title='bbox 1008 2720 1042 2787; x_wconf 86' lang='grc' dir='ltr'><strong>ή</strong></span> <span class='ocrx_word' id='word_1_360' title='bbox 1070 2717 1157 2770; x_wconf 76' lang='grc' dir='ltr'>διὰ</span> <span class='ocrx_word' id='word_1_361' title='bbox 1184 2718 1294 2771; x_wconf 85' lang='grc' dir='ltr'><strong>τῶν</strong></span> <span class='ocrx_word' id='word_1_362' title='bbox 1319 2718 1490 2787; x_wconf 85' lang='grc' dir='ltr'>λόγων</span> <span class='ocrx_word' id='word_1_363' title='bbox 1532 2718 1665 2772; x_wconf 86' lang='grc' dir='ltr'>πλά-</span> 
     </span>
    </p>
   </div>
   <div class='ocr_carea' id='block_1_45' title="bbox 95 2808 1663 2881">
    <p class='ocr_par' dir='ltr' id='par_1_45' title="bbox 95 2808 1663 2881">
     <span class='ocr_line' id='line_1_45' title="bbox 95 2808 1663 2881; baseline 0.003 -20"><span class='ocrx_word' id='word_1_364' title='bbox 95 2810 247 2873; x_wconf 82' lang='grc' dir='ltr'>ζοιτο</span> <span class='ocrx_word' id='word_1_365' title='bbox 289 2809 543 2871; x_wconf 88' lang='grc' dir='ltr'>σύστασις</span> <span class='ocrx_word' id='word_1_366' title='bbox 574 2825 587 2838; x_wconf 85' lang='grc'><strong>·</strong></span> <span class='ocrx_word' id='word_1_367' title='bbox 639 2809 892 2880; x_wconf 87' lang='grc' dir='ltr'>καθάπερ</span> <span class='ocrx_word' id='word_1_368' title='bbox 919 2808 1028 2878; x_wconf 88' lang='grc' dir='ltr'><strong>γάρ</strong></span> <span class='ocrx_word' id='word_1_369' title='bbox 1062 2812 1153 2862; x_wconf 79' lang='grc' dir='ltr'>ἐπὶ</span> <span class='ocrx_word' id='word_1_370' title='bbox 1199 2809 1308 2862; x_wconf 85' lang='grc' dir='ltr'>τῶν</span> <span class='ocrx_word' id='word_1_371' title='bbox 1355 2813 1422 2864; x_wconf 75' lang='grc' dir='ltr'><strong>τὰ</strong></span> <span class='ocrx_word' id='word_1_372' title='bbox 1480 2813 1663 2881; x_wconf 85' lang='grc' dir='ltr'><strong>σκάφη</strong></span> 
     </span>
    </p>
   </div>
   <div class='ocr_carea' id='block_1_46' title="bbox 94 2898 1664 2970">
    <p class='ocr_par' dir='ltr' id='par_1_46' title="bbox 94 2898 1664 2970">
     <span class='ocr_line' id='line_1_46' title="bbox 94 2898 1664 2970; baseline 0.001 -18"><span class='ocrx_word' id='word_1_373' title='bbox 94 2898 625 2970; x_wconf 81' lang='grc' dir='ltr'>πηόαλιουχούντων,</span> <span class='ocrx_word' id='word_1_374' title='bbox 656 2901 704 2951; x_wconf 79' lang='grc' dir='ltr'><strong>εἰ</strong></span> <span class='ocrx_word' id='word_1_375' title='bbox 751 2900 823 2968; x_wconf 90' lang='grc' dir='ltr'><strong>μή</strong></span> <span class='ocrx_word' id='word_1_376' title='bbox 852 2901 956 2951; x_wconf 83' lang='grc' dir='ltr'><strong>πού</strong></span> <span class='ocrx_word' id='word_1_377' title='bbox 995 2916 1081 2958; x_wconf 86' lang='grc' dir='ltr'><strong>τις</strong></span> <span class='ocrx_word' id='word_1_378' title='bbox 1128 2901 1310 2962; x_wconf 74' lang='grc' dir='ltr'>αὐτοῖς</span> <span class='ocrx_word' id='word_1_379' title='bbox 1362 2900 1664 2970; x_wconf 82' lang='grc' dir='ltr'>ὡρισμένος</span> 
     </span>
    </p>
   </div>
   <div class='ocr_carea' id='block_1_47' title="bbox 90 2989 1664 3064">
    <p class='ocr_par' dir='ltr' id='par_1_47' title="bbox 90 2989 1664 3064">
     <span class='ocr_line' id='line_1_47' title="bbox 90 2989 1664 3064; baseline 0.001 -19"><span class='ocrx_word' id='word_1_380' title='bbox 90 2992 193 3046; x_wconf 85' lang='grc' dir='ltr'>τοῦ</span> <span class='ocrx_word' id='word_1_381' title='bbox 222 2992 425 3047; x_wconf 83' lang='grc' dir='ltr'>σκοποῦ</span> <span class='ocrx_word' id='word_1_382' title='bbox 460 2992 753 3063; x_wconf 81' lang='grc' dir='ltr'>προκέοιτο</span> <span class='ocrx_word' id='word_1_383' title='bbox 780 2990 966 3056; x_wconf 84' lang='grc' dir='ltr'>τόπος,</span> <span class='ocrx_word' id='word_1_384' title='bbox 991 2992 1070 3055; x_wconf 86' lang='grc' dir='ltr'><strong>εἰς</strong></span> <span class='ocrx_word' id='word_1_385' title='bbox 1093 2991 1149 3044; x_wconf 76' lang='grc' dir='ltr'><strong>ὃν</strong></span> <span class='ocrx_word' id='word_1_386' title='bbox 1178 2989 1398 3045; x_wconf 80' lang='grc' dir='ltr'>άπασαν</span> <span class='ocrx_word' id='word_1_387' title='bbox 1427 2993 1527 3064; x_wconf 82' lang='grc' dir='ltr'><strong>τὴν</strong></span> <span class='ocrx_word' id='word_1_388' title='bbox 1556 2994 1664 3047; x_wconf 83' lang='grc' dir='ltr'><strong>τῶν</strong></span> 
     </span>
    </p>
   </div>
   <div class='ocr_carea' id='block_1_48' title="bbox 97 3080 1663 3153">
    <p class='ocr_par' dir='ltr' id='par_1_48' title="bbox 97 3080 1663 3153">
     <span class='ocr_line' id='line_1_48' title="bbox 97 3080 1663 3153; baseline 0.001 -18"><span class='ocrx_word' id='word_1_389' title='bbox 97 3083 308 3135; x_wconf 81' lang='grc' dir='ltr'>οἰάκων</span> <span class='ocrx_word' id='word_1_390' title='bbox 335 3083 505 3153; x_wconf 71' lang='grc' dir='ltr'>ῥοπὴν</span> <span class='ocrx_word' id='word_1_391' title='bbox 536 3080 782 3134; x_wconf 78' lang='grc' dir='ltr'>εὐθύνειν</span> <span class='ocrx_word' id='word_1_392' title='bbox 812 3081 1075 3149; x_wconf 71' lang='grc' dir='ltr'>μέλλοιεν,</span> <span class='ocrx_word' id='word_1_393' title='bbox 1108 3082 1271 3134; x_wconf 76' lang='grc' dir='ltr'>παντὶ</span> <span class='ocrx_word' id='word_1_394' title='bbox 1292 3082 1371 3151; x_wconf 82' lang='grc' dir='ltr'>τῷ</span> <span class='ocrx_word' id='word_1_395' title='bbox 1394 3083 1663 3152; x_wconf 84' lang='grc' dir='ltr'>πνεύματι</span> 
     </span>
    </p>
   </div>
   <div class='ocr_carea' id='block_1_49' title="bbox 89 3172 1733 3268">
    <p class='ocr_par' dir='ltr' id='par_1_49' title="bbox 89 3172 1733 3268">
     <span class='ocr_line' id='line_1_49' title="bbox 89 3172 1733 3268; baseline 0.002 -42"><span class='ocrx_word' id='word_1_396' title='bbox 89 3177 198 3244; x_wconf 78' lang='grc' dir='ltr'><strong>τήν</strong></span> <span class='ocrx_word' id='word_1_397' title='bbox 235 3174 437 3226; x_wconf 76' lang='grc' dir='ltr'>ἑαυτῶν</span> <span class='ocrx_word' id='word_1_398' title='bbox 474 3174 670 3242; x_wconf 80' lang='grc' dir='ltr'>τέχνην</span> <span class='ocrx_word' id='word_1_399' title='bbox 696 3172 967 3244; x_wconf 82' lang='grc' dir='ltr'>διαφόρως</span> <span class='ocrx_word' id='word_1_400' title='bbox 1015 3172 1366 3242; x_wconf 78' lang='grc' dir='ltr'>ἐμπιστεύειν</span> <span class='ocrx_word' id='word_1_401' title='bbox 1396 3175 1658 3229; x_wconf 84' lang='grc' dir='ltr'>συνελαυ-</span> <span class='ocrx_word' id='word_1_402' title='bbox 1692 3211 1733 3268; x_wconf 79' lang='lat' dir='ltr'>c</span> 
     </span>
    </p>
   </div>
   <div class='ocr_carea' id='block_1_50' title="bbox 91 3263 1661 3338">
    <p class='ocr_par' dir='ltr' id='par_1_50' title="bbox 91 3263 1661 3338">
     <span class='ocr_line' id='line_1_50' title="bbox 91 3263 1661 3338; baseline 0.001 -19"><span class='ocrx_word' id='word_1_403' title='bbox 91 3267 334 3335; x_wconf 87' lang='grc' dir='ltr'>νόμενοι,</span> <span class='ocrx_word' id='word_1_404' title='bbox 368 3266 434 3317; x_wconf 82' lang='grc' dir='ltr'>δι’</span> <span class='ocrx_word' id='word_1_405' title='bbox 455 3266 575 3318; x_wconf 80' lang='grc' dir='ltr'>ὅλου</span> <span class='ocrx_word' id='word_1_406' title='bbox 615 3265 871 3335; x_wconf 83' lang='grc' dir='ltr'>φέρονται</span> <span class='ocrx_word' id='word_1_407' title='bbox 911 3264 1008 3317; x_wconf 82' lang='grc' dir='ltr'>τοῦ</span> <span class='ocrx_word' id='word_1_408' title='bbox 1054 3263 1343 3333; x_wconf 72' lang='grc' dir='ltr'>πελάγους,</span> <span class='ocrx_word' id='word_1_409' title='bbox 1387 3265 1462 3329; x_wconf 87' lang='grc' dir='ltr'>ὡς</span> <span class='ocrx_word' id='word_1_410' title='bbox 1508 3269 1661 3338; x_wconf 84' lang='grc' dir='ltr'><strong>ὅρμῳ</strong></span> 
     </span>
    </p>
   </div>
   <div class='ocr_carea' id='block_1_51' title="bbox 90 3356 1663 3428">
    <p class='ocr_par' dir='ltr' id='par_1_51' title="bbox 90 3356 1663 3428">
     <span class='ocr_line' id='line_1_51' title="bbox 90 3356 1663 3428; baseline 0.002 -17"><span class='ocrx_word' id='word_1_411' title='bbox 90 3362 168 3428; x_wconf 81' lang='grc' dir='ltr'>τῇ</span> <span class='ocrx_word' id='word_1_412' title='bbox 209 3358 308 3428; x_wconf 82' lang='grc' dir='ltr'>άλῃ</span> <span class='ocrx_word' id='word_1_413' title='bbox 363 3358 797 3427; x_wconf 75' lang='grc' dir='ltr'>προσφεύγοντες</span> <span class='ocrx_word' id='word_1_414' title='bbox 826 3375 839 3388; x_wconf 77' lang='grc' dir='ltr'><strong>ο</strong></span> <span class='ocrx_word' id='word_1_415' title='bbox 869 3356 1043 3420; x_wconf 81' lang='grc' dir='ltr'>οὓτως</span> <span class='ocrx_word' id='word_1_416' title='bbox 1086 3359 1195 3428; x_wconf 82' lang='grc' dir='ltr'>ἄρα</span> <span class='ocrx_word' id='word_1_417' title='bbox 1250 3361 1346 3411; x_wconf 75' lang='grc' dir='ltr'>καὶ</span> <span class='ocrx_word' id='word_1_418' title='bbox 1408 3362 1500 3412; x_wconf 77' lang='grc' dir='ltr'>ἐπὶ</span> <span class='ocrx_word' id='word_1_419' title='bbox 1553 3362 1663 3414; x_wconf 83' lang='grc' dir='ltr'>τῶν</span> 
     </span>
    </p>
   </div>
   <div class='ocr_carea' id='block_1_52' title="bbox 90 3446 1661 3519">
    <p class='ocr_par' dir='ltr' id='par_1_52' title="bbox 90 3446 1661 3519">
     <span class='ocr_line' id='line_1_52' title="bbox 90 3446 1661 3519; baseline 0.002 -17"><span class='ocrx_word' id='word_1_420' title='bbox 90 3450 200 3517; x_wconf 83' lang='grc' dir='ltr'><strong>τῆς</strong></span> <span class='ocrx_word' id='word_1_421' title='bbox 222 3449 332 3501; x_wconf 78' lang='grc' dir='ltr'>διδα</span> <span class='ocrx_word' id='word_1_422' title='bbox 360 3448 569 3509; x_wconf 86' lang='grc' dir='ltr'>αλίας</span> <span class='ocrx_word' id='word_1_423' title='bbox 613 3447 923 3516; x_wconf 79' lang='grc' dir='ltr'>ἐξηγήσεων</span> <span class='ocrx_word' id='word_1_424' title='bbox 948 3446 1008 3511; x_wconf 78' lang='grc' dir='ltr'>ἐξ</span> <span class='ocrx_word' id='word_1_425' title='bbox 1034 3448 1278 3518; x_wconf 81' lang='grc' dir='ltr'>ἀνάγκης</span> <span class='ocrx_word' id='word_1_426' title='bbox 1304 3450 1661 3519; x_wconf 86' lang='grc' dir='ltr'>συμϐήσεται,</span> 
     </span>
    </p>
   </div>
   <div class='ocr_carea' id='block_1_53' title="bbox 95 3537 1666 3612">
    <p class='ocr_par' dir='ltr' id='par_1_53' title="bbox 95 3537 1666 3612">
     <span class='ocr_line' id='line_1_53' title="bbox 95 3537 1666 3612; baseline 0.003 -19"><span class='ocrx_word' id='word_1_427' title='bbox 95 3537 321 3593; x_wconf 76' lang='grc' dir='ltr'>ἐπειδὰν</span> <span class='ocrx_word' id='word_1_428' title='bbox 402 3539 478 3607; x_wconf 80' lang='grc' dir='ltr'>μὴ</span> <span class='ocrx_word' id='word_1_429' title='bbox 540 3537 1015 3607; x_wconf 85' lang='grc' dir='ltr'>καθυποκειμένης</span> <span class='ocrx_word' id='word_1_430' title='bbox 1069 3538 1211 3607; x_wconf 82' lang='grc' dir='ltr'>τινὸς</span> <span class='ocrx_word' id='word_1_431' title='bbox 1287 3544 1666 3612; x_wconf 77' lang='grc' dir='ltr'>πραγματείας</span> 
     </span>
    </p>
   </div>
   <div class='ocr_carea' id='block_1_54' title="bbox 94 3628 1663 3701">
    <p class='ocr_par' dir='ltr' id='par_1_54' title="bbox 94 3628 1663 3701">
     <span class='ocr_line' id='line_1_54' title="bbox 94 3628 1663 3701; baseline 0.002 -17"><span class='ocrx_word' id='word_1_432' title='bbox 94 3629 455 3701; x_wconf 80' lang='grc' dir='ltr'>προϐάλλοιτο</span> <span class='ocrx_word' id='word_1_433' title='bbox 479 3647 491 3659; x_wconf 92' lang='grc'><strong>·</strong></span> <span class='ocrx_word' id='word_1_434' title='bbox 518 3630 634 3692; x_wconf 80' lang='grc' dir='ltr'><strong>πῶς</strong></span> <span class='ocrx_word' id='word_1_435' title='bbox 662 3628 771 3699; x_wconf 83' lang='grc' dir='ltr'><strong>γάρ</strong></span> <span class='ocrx_word' id='word_1_436' title='bbox 794 3629 893 3681; x_wconf 87' lang='grc' dir='ltr'><strong>οὑκ</strong></span> <span class='ocrx_word' id='word_1_437' title='bbox 921 3628 988 3681; x_wconf 78' lang='grc' dir='ltr'><strong>ἂν</strong></span> <span class='ocrx_word' id='word_1_438' title='bbox 1018 3629 1102 3699; x_wconf 81' lang='grc' dir='ltr'><strong>εἴη</strong></span> <span class='ocrx_word' id='word_1_439' title='bbox 1140 3630 1247 3683; x_wconf 84' lang='grc' dir='ltr'>τῶν</span> <span class='ocrx_word' id='word_1_440' title='bbox 1276 3633 1663 3701; x_wconf 79' lang='grc' dir='ltr'>ἀτοπωτάτων,</span> 
     </span>
    </p>
   </div>
   <div class='ocr_carea' id='block_1_55' title="bbox 109 3720 1664 3798">
    <p class='ocr_par' dir='ltr' id='par_1_55' title="bbox 109 3720 1664 3798">
     <span class='ocr_line' id='line_1_55' title="bbox 109 3720 1664 3798; baseline 0.004 -24"><span class='ocrx_word' id='word_1_441' title='bbox 109 3724 151 3774; x_wconf 71' lang='grc' dir='ltr'>«ί</span> <span class='ocrx_word' id='word_1_442' title='bbox 188 3722 283 3785; x_wconf 89' lang='grc' dir='ltr'><strong>τάς</strong></span> <span class='ocrx_word' id='word_1_443' title='bbox 341 3721 444 3791; x_wconf 87' lang='grc' dir='ltr'>μὲν</span> <span class='ocrx_word' id='word_1_444' title='bbox 501 3720 799 3790; x_wconf 69' lang='grc' dir='ltr'>ῥαψῳδίας,</span> <span class='ocrx_word' id='word_1_445' title='bbox 852 3720 1148 3790; x_wconf 87' lang='grc' dir='ltr'>πλάσματα</span> <span class='ocrx_word' id='word_1_446' title='bbox 1210 3725 1304 3775; x_wconf 75' lang='grc' dir='ltr'>καὶ</span> <span class='ocrx_word' id='word_1_447' title='bbox 1342 3725 1442 3777; x_wconf 82' lang='grc' dir='ltr'>οὒκ</span> <span class='ocrx_word' id='word_1_448' title='bbox 1488 3726 1664 3798; x_wconf 83' lang='grc' dir='ltr'><strong>ἀληθῆ</strong></span> 
     </span>
    </p>
   </div>
   <div class='ocr_carea' id='block_1_56' title="bbox 96 3811 1670 3886">
    <p class='ocr_par' dir='ltr' id='par_1_56' title="bbox 96 3811 1670 3886">
     <span class='ocr_line' id='line_1_56' title="bbox 96 3811 1670 3886; baseline 0.003 -19"><span class='ocrx_word' id='word_1_449' title='bbox 96 3814 406 3883; x_wconf 85' lang='grc' dir='ltr'>πράγματα</span> <span class='ocrx_word' id='word_1_450' title='bbox 432 3812 811 3882; x_wconf 85' lang='grc' dir='ltr'>περιεχούσας,</span> <span class='ocrx_word' id='word_1_451' title='bbox 856 3813 956 3864; x_wconf 86' lang='grc' dir='ltr'>οὐκ</span> <span class='ocrx_word' id='word_1_452' title='bbox 1039 3811 1249 3866; x_wconf 77' lang='grc' dir='ltr'>ἔνεστιν</span> <span class='ocrx_word' id='word_1_453' title='bbox 1305 3815 1503 3886; x_wconf 74' lang='grc' dir='ltr'>ἑτέρως</span> <span class='ocrx_word' id='word_1_454' title='bbox 1555 3821 1670 3871; x_wconf 88' lang='grc' dir='ltr'>εἰσ-</span> 
     </span>
    </p>
   </div>
   <div class='ocr_carea' id='block_1_57' title="bbox 96 3898 1667 3973">
    <p class='ocr_par' dir='ltr' id='par_1_57' title="bbox 96 3898 1667 3973">
     <span class='ocr_line' id='line_1_57' title="bbox 96 3898 1667 3973; baseline 0.005 -22"><span class='ocrx_word' id='word_1_455' title='bbox 96 3898 419 3968; x_wconf 85' lang='grc' dir='ltr'>ηγήσασθαι</span> <span class='ocrx_word' id='word_1_456' title='bbox 452 3899 581 3961; x_wconf 80' lang='grc' dir='ltr'>τοὺς</span> <span class='ocrx_word' id='word_1_457' title='bbox 603 3899 988 3969; x_wconf 75' lang='grc' dir='ltr'>ἐπιστήμονας,</span> <span class='ocrx_word' id='word_1_458' title='bbox 1008 3899 1083 3970; x_wconf 80' lang='grc' dir='ltr'>μὴ</span> <span class='ocrx_word' id='word_1_459' title='bbox 1112 3902 1377 3972; x_wconf 88' lang='grc' dir='ltr'>πρότερον</span> <span class='ocrx_word' id='word_1_460' title='bbox 1412 3904 1509 3973; x_wconf 84' lang='grc' dir='ltr'>τὴν</span> <span class='ocrx_word' id='word_1_461' title='bbox 1538 3908 1667 3960; x_wconf 86' lang='grc' dir='ltr'>ἐκά-</span> 
     </span>
    </p>
   </div>
   <div class='ocr_carea' id='block_1_58' title="bbox 95 3988 1667 4064">
    <p class='ocr_par' dir='ltr' id='par_1_58' title="bbox 95 3988 1667 4064">
     <span class='ocr_line' id='line_1_58' title="bbox 95 3988 1667 4064; baseline 0.005 -24"><span class='ocrx_word' id='word_1_462' title='bbox 95 4006 233 4059; x_wconf 89' lang='grc' dir='ltr'>στης</span> <span class='ocrx_word' id='word_1_463' title='bbox 271 3989 448 4041; x_wconf 84' lang='grc' dir='ltr'>αὐτῶν</span> <span class='ocrx_word' id='word_1_464' title='bbox 496 3988 756 4041; x_wconf 84' lang='grc' dir='ltr'>ὑπόθεσιν</span> <span class='ocrx_word' id='word_1_465' title='bbox 813 3991 894 4052; x_wconf 87' lang='grc' dir='ltr'><strong>εἰς</strong></span> <span class='ocrx_word' id='word_1_466' title='bbox 945 3989 1149 4058; x_wconf 84' lang='grc' dir='ltr'>γνῶσιν</span> <span class='ocrx_word' id='word_1_467' title='bbox 1218 3994 1667 4064; x_wconf 79' lang='grc' dir='ltr'>ἐνεγκαμένουςο</span> 
     </span>
    </p>
   </div>
   <div class='ocr_carea' id='block_1_59' title="bbox 91 4080 1667 4158">
    <p class='ocr_par' dir='ltr' id='par_1_59' title="bbox 91 4080 1667 4158">
     <span class='ocr_line' id='line_1_59' title="bbox 91 4080 1667 4158; baseline 0.004 -24"><span class='ocrx_word' id='word_1_468' title='bbox 91 4082 176 4143; x_wconf 86' lang='grc' dir='ltr'>ὠς</span> <span class='ocrx_word' id='word_1_469' title='bbox 209 4080 273 4133; x_wconf 76' lang='grc' dir='ltr'><strong>ἂν</strong></span> <span class='ocrx_word' id='word_1_470' title='bbox 300 4081 433 4152; x_wconf 79' lang='grc' dir='ltr'>πρὸς</span> <span class='ocrx_word' id='word_1_471' title='bbox 466 4081 669 4152; x_wconf 86' lang='grc' dir='ltr'>ταύτην</span> <span class='ocrx_word' id='word_1_472' title='bbox 702 4081 947 4144; x_wconf 85' lang='grc' dir='ltr'>εἰκότως,</span> <span class='ocrx_word' id='word_1_473' title='bbox 981 4083 1076 4135; x_wconf 81' lang='grc' dir='ltr'>καὶ</span> <span class='ocrx_word' id='word_1_474' title='bbox 1118 4082 1193 4153; x_wconf 80' lang='grc' dir='ltr'>μὴ</span> <span class='ocrx_word' id='word_1_475' title='bbox 1248 4086 1383 4157; x_wconf 83' lang='grc' dir='ltr'>πρὸς</span> <span class='ocrx_word' id='word_1_476' title='bbox 1428 4088 1667 4158; x_wconf 76' lang='grc' dir='ltr'>ἀνέμους</span> 
     </span>
    </p>
   </div>
   <div class='ocr_carea' id='block_1_60' title="bbox 105 4169 1669 4246">
    <p class='ocr_par' dir='ltr' id='par_1_60' title="bbox 105 4169 1669 4246">
     <span class='ocr_line' id='line_1_60' title="bbox 105 4169 1669 4246; baseline 0.006 -25"><span class='ocrx_word' id='word_1_477' title='bbox 105 4171 201 4238; x_wconf 79' lang='grc' dir='ltr'>τὴν</span> <span class='ocrx_word' id='word_1_478' title='bbox 228 4169 338 4221; x_wconf 83' lang='grc' dir='ltr'><strong>τῶν</strong></span> <span class='ocrx_word' id='word_1_479' title='bbox 372 4170 547 4236; x_wconf 86' lang='grc' dir='ltr'>λόγων</span> <span class='ocrx_word' id='word_1_480' title='bbox 573 4173 772 4239; x_wconf 84' lang='grc' dir='ltr'>χρῆσιν</span> <span class='ocrx_word' id='word_1_481' title='bbox 804 4172 1093 4241; x_wconf 78' lang='grc' dir='ltr'>ἐκφέροιεν</span> <span class='ocrx_word' id='word_1_482' title='bbox 1114 4186 1125 4202; x_wconf 85' lang='grc'><strong>·</strong></span> <span class='ocrx_word' id='word_1_483' title='bbox 1156 4173 1223 4225; x_wconf 84' lang='grc' dir='ltr'><strong>τά</strong></span> <span class='ocrx_word' id='word_1_484' title='bbox 1259 4175 1318 4227; x_wconf 79' lang='grc' dir='ltr'>δὲ</span> <span class='ocrx_word' id='word_1_485' title='bbox 1359 4178 1458 4246; x_wconf 84' lang='grc' dir='ltr'><strong>τῆς</strong></span> <span class='ocrx_word' id='word_1_486' title='bbox 1519 4177 1669 4241; x_wconf 85' lang='grc' dir='ltr'>θείας</span> 
     </span>
    </p>
   </div>
   <div class='ocr_carea' id='block_1_61' title="bbox 98 4260 1669 4337">
    <p class='ocr_par' dir='ltr' id='par_1_61' title="bbox 98 4260 1669 4337">
     <span class='ocr_line' id='line_1_61' title="bbox 98 4260 1669 4337; baseline 0.005 -26"><span class='ocrx_word' id='word_1_487' title='bbox 98 4260 261 4330; x_wconf 69' lang='grc' dir='ltr'>ήμῶν</span> <span class='ocrx_word' id='word_1_488' title='bbox 297 4260 719 4329; x_wconf 87' lang='grc' dir='ltr'>ὑποθημοσύνης</span> <span class='ocrx_word' id='word_1_489' title='bbox 749 4261 1145 4325; x_wconf 83' lang='grc' dir='ltr'>άνυποστάτοις</span> <span class='ocrx_word' id='word_1_490' title='bbox 1172 4265 1281 4316; x_wconf 79' lang='grc' dir='ltr'>τισὶ</span> <span class='ocrx_word' id='word_1_491' title='bbox 1341 4273 1669 4337; x_wconf 80' lang='grc' dir='ltr'>στοχασμοῖς</span> 
     </span>
    </p>
   </div>
   <div class='ocr_carea' id='block_1_62' title="bbox 94 4349 1667 4427">
    <p class='ocr_par' dir='ltr' id='par_1_62' title="bbox 94 4349 1667 4427">
     <span class='ocr_line' id='line_1_62' title="bbox 94 4349 1667 4427; baseline 0.007 -26"><span class='ocrx_word' id='word_1_492' title='bbox 94 4349 525 4418; x_wconf 76' lang='grc' dir='ltr'>ὑποϐάλλοιμεν,</span> <span class='ocrx_word' id='word_1_493' title='bbox 562 4351 778 4413; x_wconf 86' lang='grc' dir='ltr'>εἰκαίας</span> <span class='ocrx_word' id='word_1_494' title='bbox 811 4351 994 4415; x_wconf 82' lang='grc' dir='ltr'>αὐτοῖς</span> <span class='ocrx_word' id='word_1_495' title='bbox 1025 4354 1119 4404; x_wconf 72' lang='grc' dir='ltr'><strong>καὶ</strong></span> <span class='ocrx_word' id='word_1_496' title='bbox 1148 4354 1552 4427; x_wconf 87' lang='grc' dir='ltr'>ἀσυναρτήτους</span> <span class='ocrx_word' id='word_1_497' title='bbox 1571 4360 1667 4422; x_wconf 82' lang='grc' dir='ltr'>τὰς</span> 
     </span>
    </p>
   </div>
   <div class='ocr_carea' id='block_1_63' title="bbox 92 4439 1666 4520">
    <p class='ocr_par' dir='ltr' id='par_1_63' title="bbox 92 4439 1666 4520">
     <span class='ocr_line' id='line_1_63' title="bbox 92 4439 1666 4520; baseline 0.008 -28"><span class='ocrx_word' id='word_1_498' title='bbox 92 4439 405 4510; x_wconf 79' lang='grc' dir='ltr'>ἑρμηνείας</span> <span class='ocrx_word' id='word_1_499' title='bbox 440 4440 725 4509; x_wconf 77' lang='grc' dir='ltr'>ἐπιφέρειν</span> <span class='ocrx_word' id='word_1_500' title='bbox 754 4441 814 4493; x_wconf 86' lang='grc' dir='ltr'><strong>ού</strong></span> <span class='ocrx_word' id='word_1_501' title='bbox 852 4442 1311 4512; x_wconf 64' lang='grc' dir='ltr'>δυσωπούμενον</span> <span class='ocrx_word' id='word_1_502' title='bbox 1346 4446 1557 4520; x_wconf 83' lang='grc' dir='ltr'>διόπερ,</span> <span class='ocrx_word' id='word_1_503' title='bbox 1607 4450 1666 4504; x_wconf 81' lang='grc' dir='ltr'><strong>ὃν</strong></span> 
     </span>
    </p>
   </div>
   <div class='ocr_carea' id='block_1_64' title="bbox 1772 1982 3341 2051">
    <p class='ocr_par' dir='ltr' id='par_1_64' title="bbox 1772 1982 3341 2051">
     <span class='ocr_line' id='line_1_64' title="bbox 1772 1982 3341 2051; baseline -0.001 -15"><span class='ocrx_word' id='word_1_504' title='bbox 1772 1992 2111 2051; x_wconf 88' lang='lat' dir='ltr'><strong>sequuntur;</strong></span> <span class='ocrx_word' id='word_1_505' title='bbox 2178 1993 2274 2049; x_wconf 91' lang='lat' dir='ltr'><strong>et,</strong></span> <span class='ocrx_word' id='word_1_506' title='bbox 2329 2002 2347 2036; x_wconf 84' lang='grc' dir='ltr'>ι</span> <span class='ocrx_word' id='word_1_507' title='bbox 2377 1982 2528 2037; x_wconf 82' lang='lat' dir='ltr'><strong>Tolle</strong></span> <span class='ocrx_word' id='word_1_508' title='bbox 2579 1983 2749 2037; x_wconf 82' lang='lat' dir='ltr'><strong>lilium</strong></span> <span class='ocrx_word' id='word_1_509' title='bbox 2800 1994 2954 2036; x_wconf 92' lang='lat' dir='ltr'><strong>tuum</strong></span> <span class='ocrx_word' id='word_1_510' title='bbox 3005 1983 3341 2049; x_wconf 70' lang='lat' dir='ltr'><strong>unigenitum</strong></span> 
     </span>
    </p>
   </div>
   <div class='ocr_carea' id='block_1_65' title="bbox 1770 2072 3341 2144">
    <p class='ocr_par' dir='ltr' id='par_1_65' title="bbox 1770 2072 3341 2144">
     <span class='ocr_line' id='line_1_65' title="bbox 1770 2072 3341 2144; baseline 0.002 -19"><span class='ocrx_word' id='word_1_511' title='bbox 1770 2088 1933 2140; x_wconf 81' lang='lat' dir='ltr'><strong>quem</strong></span> <span class='ocrx_word' id='word_1_512' title='bbox 1970 2073 2153 2144; x_wconf 79' lang='lat' dir='ltr'><strong>diligis</strong></span> <span class='ocrx_word' id='word_1_513' title='bbox 2190 2073 2517 2140; x_wconf 79' lang='lat' dir='ltr'><strong>Isaac.i(IV</strong></span> <span class='ocrx_word' id='word_1_514' title='bbox 2554 2074 2680 2144; x_wconf 80' lang='lat' dir='ltr'><strong>Reg.</strong></span> <span class='ocrx_word' id='word_1_515' title='bbox 2716 2089 2778 2138; x_wconf 93' lang='lat' dir='ltr'><strong>v,</strong></span> <span class='ocrx_word' id='word_1_516' title='bbox 2817 2073 2918 2137; x_wconf 85' lang='lat' dir='ltr'><strong>l9;</strong></span> <span class='ocrx_word' id='word_1_517' title='bbox 2949 2072 3145 2127; x_wconf 77' lang='lat' dir='ltr'><strong>lenm.</strong></span> <span class='ocrx_word' id='word_1_518' title='bbox 3180 2089 3341 2138; x_wconf 74' lang='lat' dir='ltr'><strong>xxxi,</strong></span> 
     </span>
    </p>
   </div>
   <div class='ocr_carea' id='block_1_66' title="bbox 1767 2162 3344 2232">
    <p class='ocr_par' dir='ltr' id='par_1_66' title="bbox 1767 2162 3344 2232">
     <span class='ocr_line' id='line_1_66' title="bbox 1767 2162 3344 2232; baseline 0.003 -13"><span class='ocrx_word' id='word_1_519' title='bbox 1767 2162 1829 2219; x_wconf 77' lang='grc'><strong>51</strong></span> <span class='ocrx_word' id='word_1_520' title='bbox 1862 2183 1876 2231; x_wconf 93' lang='lat'><strong>;</strong></span> <span class='ocrx_word' id='word_1_521' title='bbox 1916 2164 2107 2220; x_wconf 71' lang='lat' dir='ltr'><strong>Ezech.</strong></span> <span class='ocrx_word' id='word_1_522' title='bbox 2137 2165 2347 2231; x_wconf 68' lang='lat' dir='ltr'><strong>iti,22;</strong></span> <span class='ocrx_word' id='word_1_523' title='bbox 2390 2164 2418 2217; x_wconf 90' lang='grc'><em>1</em></span> <span class='ocrx_word' id='word_1_524' title='bbox 2451 2164 2631 2221; x_wconf 78' lang='lat' dir='ltr'><strong>Tlieu.</strong></span> <span class='ocrx_word' id='word_1_525' title='bbox 2666 2182 2739 2231; x_wconf 89' lang='lat' dir='ltr'><strong>iv,</strong></span> <span class='ocrx_word' id='word_1_526' title='bbox 2779 2165 2880 2232; x_wconf 70' lang='lat'><strong>16;</strong></span> <span class='ocrx_word' id='word_1_527' title='bbox 2917 2164 3057 2219; x_wconf 75' lang='lat' dir='ltr'><strong>Dan.</strong></span> <span class='ocrx_word' id='word_1_528' title='bbox 3125 2180 3221 2231; x_wconf 88' lang='lat' dir='ltr'><strong>vii,</strong></span> <span class='ocrx_word' id='word_1_529' title='bbox 3256 2170 3289 2224; x_wconf 80' lang='lat'><strong>9</strong></span> <span class='ocrx_word' id='word_1_530' title='bbox 3321 2181 3344 2231; x_wconf 69' lang='lat'><em>3</em></span> 
     </span>
    </p>
   </div>
   <div class='ocr_carea' id='block_1_67' title="bbox 1768 2256 2441 2328">
    <p class='ocr_par' dir='ltr' id='par_1_67' title="bbox 1768 2256 2441 2328">
     <span class='ocr_line' id='line_1_67' title="bbox 1768 2256 2441 2328; baseline 0 -16"><span class='ocrx_word' id='word_1_531' title='bbox 1768 2256 1897 2312; x_wconf 79' lang='lat' dir='ltr'><strong>Gen.</strong></span> <span class='ocrx_word' id='word_1_532' title='bbox 1927 2274 2013 2322; x_wconf 78' lang='lat' dir='ltr'><strong>xv,</strong></span> <span class='ocrx_word' id='word_1_533' title='bbox 2052 2256 2121 2316; x_wconf 86' lang='lat'>9:</span> <span class='ocrx_word' id='word_1_534' title='bbox 2161 2273 2307 2321; x_wconf 75' lang='lat' dir='ltr'><strong>xxii,</strong></span> <span class='ocrx_word' id='word_1_535' title='bbox 2345 2258 2441 2328; x_wconf 80' lang='lat' dir='ltr'><strong>i.)</strong></span> 
     </span>
    </p>
   </div>
   <div class='ocr_carea' id='block_1_68' title="bbox 1838 2351 3340 2422">
    <p class='ocr_par' dir='ltr' id='par_1_68' title="bbox 1838 2351 3340 2422">
     <span class='ocr_line' id='line_1_68' title="bbox 1838 2351 3340 2422; baseline 0 -17"><span class='ocrx_word' id='word_1_536' title='bbox 1838 2351 1935 2406; x_wconf 92' lang='lat' dir='ltr'><strong>llis</strong></span> <span class='ocrx_word' id='word_1_537' title='bbox 1980 2351 2052 2405; x_wconf 90' lang='lat' dir='ltr'><strong>ita</strong></span> <span class='ocrx_word' id='word_1_538' title='bbox 2101 2368 2159 2407; x_wconf 91' lang='lat' dir='ltr'><strong>se</strong></span> <span class='ocrx_word' id='word_1_539' title='bbox 2200 2353 2562 2417; x_wconf 86' lang='lat' dir='ltr'><strong>habentibus,</strong></span> <span class='ocrx_word' id='word_1_540' title='bbox 2590 2351 2656 2405; x_wconf 91' lang='lat' dir='ltr'><strong>ad</strong></span> <span class='ocrx_word' id='word_1_541' title='bbox 2689 2352 2985 2407; x_wconf 81' lang='lat' dir='ltr'><strong>verborum</strong></span> <span class='ocrx_word' id='word_1_542' title='bbox 3018 2360 3340 2422; x_wconf 80' lang='lat' dir='ltr'><strong>argumenta</strong></span> 
     </span>
    </p>
   </div>
   <div class='ocr_carea' id='block_1_69' title="bbox 1768 2438 3341 2513">
    <p class='ocr_par' dir='ltr' id='par_1_69' title="bbox 1768 2438 3341 2513">
     <span class='ocr_line' id='line_1_69' title="bbox 1768 2438 3341 2513; baseline 0.001 -18"><span class='ocrx_word' id='word_1_543' title='bbox 1768 2442 2101 2497; x_wconf 86' lang='lat' dir='ltr'><strong>intellectum</strong></span> <span class='ocrx_word' id='word_1_544' title='bbox 2137 2438 2293 2498; x_wconf 85' lang='lat' dir='ltr'><strong>decet</strong></span> <span class='ocrx_word' id='word_1_545' title='bbox 2335 2444 2612 2513; x_wconf 83' lang='lat' dir='ltr'><strong>applicare</strong></span> <span class='ocrx_word' id='word_1_546' title='bbox 2649 2443 2957 2509; x_wconf 89' lang='lat' dir='ltr'><strong>discentes,</strong></span> <span class='ocrx_word' id='word_1_547' title='bbox 3013 2442 3209 2497; x_wconf 89' lang='lat' dir='ltr'><strong>deinde</strong></span> <span class='ocrx_word' id='word_1_548' title='bbox 3260 2446 3341 2497; x_wconf 89' lang='lat' dir='ltr'><strong>sic</strong></span> 
     </span>
    </p>
   </div>
   <div class='ocr_carea' id='block_1_70' title="bbox 1767 2533 3337 2605">
    <p class='ocr_par' dir='ltr' id='par_1_70' title="bbox 1767 2533 3337 2605">
     <span class='ocr_line' id='line_1_70' title="bbox 1767 2533 3337 2605; baseline 0.001 -18"><span class='ocrx_word' id='word_1_549' title='bbox 1767 2534 1895 2603; x_wconf 50' lang='lat' dir='ltr'><strong>ipsis</strong></span> <span class='ocrx_word' id='word_1_550' title='bbox 1954 2533 2455 2603; x_wconf 84' lang='lat' dir='ltr'><strong>interpretationem</strong></span> <span class='ocrx_word' id='word_1_551' title='bbox 2519 2537 2821 2590; x_wconf 79' lang='lat' dir='ltr'><strong>secundum</strong></span> <span class='ocrx_word' id='word_1_552' title='bbox 2885 2536 3085 2605; x_wconf 87' lang='lat' dir='ltr'><strong>stylum</strong></span> <span class='ocrx_word' id='word_1_553' title='bbox 3136 2550 3337 2589; x_wconf 86' lang='lat' dir='ltr'><strong>conve-</strong></span> 
     </span>
    </p>
   </div>
   <div class='ocr_carea' id='block_1_71' title="bbox 1766 2626 3337 2698">
    <p class='ocr_par' dir='ltr' id='par_1_71' title="bbox 1766 2626 3337 2698">
     <span class='ocr_line' id='line_1_71' title="bbox 1766 2626 3337 2698; baseline 0.001 -19"><span class='ocrx_word' id='word_1_554' title='bbox 1766 2628 1974 2698; x_wconf 84' lang='lat' dir='ltr'><strong>nienter</strong></span> <span class='ocrx_word' id='word_1_555' title='bbox 1996 2626 2229 2680; x_wconf 74' lang='lat' dir='ltr'><strong>allerre:</strong></span> <span class='ocrx_word' id='word_1_556' title='bbox 2263 2627 2337 2680; x_wconf 89' lang='lat' dir='ltr'><strong>ita</strong></span> <span class='ocrx_word' id='word_1_557' title='bbox 2366 2636 2425 2680; x_wconf 94' lang='lat' dir='ltr'><strong>ut</strong></span> <span class='ocrx_word' id='word_1_558' title='bbox 2450 2627 2803 2696; x_wconf 77' lang='lat' dir='ltr'><strong>intelligentia</strong></span> <span class='ocrx_word' id='word_1_559' title='bbox 2834 2643 2940 2680; x_wconf 89' lang='lat' dir='ltr'><strong>non</strong></span> <span class='ocrx_word' id='word_1_560' title='bbox 2975 2630 3337 2697; x_wconf 66' lang='lat' dir='ltr'><strong>praecedente,</strong></span> 
     </span>
    </p>
   </div>
   <div class='ocr_carea' id='block_1_72' title="bbox 1763 2718 3334 2784">
    <p class='ocr_par' dir='ltr' id='par_1_72' title="bbox 1763 2718 3334 2784">
     <span class='ocr_line' id='line_1_72' title="bbox 1763 2718 3334 2784; baseline -0.002 -12"><span class='ocrx_word' id='word_1_561' title='bbox 1763 2719 1831 2772; x_wconf 91' lang='lat' dir='ltr'><strong>de</strong></span> <span class='ocrx_word' id='word_1_562' title='bbox 1850 2718 2040 2772; x_wconf 81' lang='lat' dir='ltr'><strong>verbis</strong></span> <span class='ocrx_word' id='word_1_563' title='bbox 2084 2718 2303 2771; x_wconf 86' lang='lat' dir='ltr'><strong>collatio</strong></span> <span class='ocrx_word' id='word_1_564' title='bbox 2345 2718 2492 2770; x_wconf 80' lang='lat' dir='ltr'><strong>varie</strong></span> <span class='ocrx_word' id='word_1_565' title='bbox 2533 2728 2815 2772; x_wconf 86' lang='lat' dir='ltr'><strong>tractaret.</strong></span> <span class='ocrx_word' id='word_1_566' title='bbox 2862 2719 3334 2784; x_wconf 83' lang='lat' dir='ltr'><strong>Quemadmodum</strong></span> 
     </span>
    </p>
   </div>
   <div class='ocr_carea' id='block_1_73' title="bbox 1765 2810 3334 2878">
    <p class='ocr_par' dir='ltr' id='par_1_73' title="bbox 1765 2810 3334 2878">
     <span class='ocr_line' id='line_1_73' title="bbox 1765 2810 3334 2878; baseline -0.001 -15"><span class='ocrx_word' id='word_1_567' title='bbox 1765 2810 1909 2863; x_wconf 85' lang='lat' dir='ltr'><strong>enim</strong></span> <span class='ocrx_word' id='word_1_568' title='bbox 1945 2810 2009 2863; x_wconf 89' lang='lat' dir='ltr'><strong>de</strong></span> <span class='ocrx_word' id='word_1_569' title='bbox 2047 2810 2113 2862; x_wconf 92' lang='lat' dir='ltr'><strong>iis</strong></span> <span class='ocrx_word' id='word_1_570' title='bbox 2163 2810 2254 2878; x_wconf 86' lang='lat' dir='ltr'><strong>qui</strong></span> <span class='ocrx_word' id='word_1_571' title='bbox 2291 2810 2446 2864; x_wconf 90' lang='lat' dir='ltr'><strong>navis</strong></span> <span class='ocrx_word' id='word_1_572' title='bbox 2487 2810 2919 2877; x_wconf 68' lang='lat' dir='ltr'><strong>gubernaculum</strong></span> <span class='ocrx_word' id='word_1_573' title='bbox 2964 2818 3184 2873; x_wconf 87' lang='lat' dir='ltr'><strong>tenent,</strong></span> <span class='ocrx_word' id='word_1_574' title='bbox 3230 2811 3334 2862; x_wconf 86' lang='lat' dir='ltr'><strong>nisi</strong></span> 
     </span>
    </p>
   </div>
   <div class='ocr_carea' id='block_1_74' title="bbox 1766 2901 3335 2970">
    <p class='ocr_par' dir='ltr' id='par_1_74' title="bbox 1766 2901 3335 2970">
     <span class='ocr_line' id='line_1_74' title="bbox 1766 2901 3335 2970; baseline 0 -17"><span class='ocrx_word' id='word_1_575' title='bbox 1766 2901 1889 2969; x_wconf 85' lang='lat' dir='ltr'><strong>quis</strong></span> <span class='ocrx_word' id='word_1_576' title='bbox 1930 2902 2061 2969; x_wconf 90' lang='lat' dir='ltr'><strong>ipsis</strong></span> <span class='ocrx_word' id='word_1_577' title='bbox 2112 2901 2374 2970; x_wconf 89' lang='lat' dir='ltr'><strong>specialis</strong></span> <span class='ocrx_word' id='word_1_578' title='bbox 2425 2902 2527 2953; x_wconf 80' lang='lat' dir='ltr'><strong>via:</strong></span> <span class='ocrx_word' id='word_1_579' title='bbox 2560 2901 2823 2954; x_wconf 86' lang='lat' dir='ltr'><strong>terminus</strong></span> <span class='ocrx_word' id='word_1_580' title='bbox 2859 2912 3226 2969; x_wconf 84' lang='lat' dir='ltr'><strong>proponatur,</strong></span> <span class='ocrx_word' id='word_1_581' title='bbox 3266 2903 3335 2955; x_wconf 82' lang='lat' dir='ltr'><strong>ad</strong></span> 
     </span>
    </p>
   </div>
   <div class='ocr_carea' id='block_1_75' title="bbox 1765 2992 3338 3063">
    <p class='ocr_par' dir='ltr' id='par_1_75' title="bbox 1765 2992 3338 3063">
     <span class='ocr_line' id='line_1_75' title="bbox 1765 2992 3338 3063; baseline 0.001 -19"><span class='ocrx_word' id='word_1_582' title='bbox 1765 3008 1925 3061; x_wconf 85' lang='lat' dir='ltr'><strong>quem</strong></span> <span class='ocrx_word' id='word_1_583' title='bbox 1997 3003 2162 3046; x_wconf 90' lang='lat' dir='ltr'><strong>totam</strong></span> <span class='ocrx_word' id='word_1_584' title='bbox 2209 2992 2565 3063; x_wconf 77' lang='lat' dir='ltr'><strong>gubernaculi</strong></span> <span class='ocrx_word' id='word_1_585' title='bbox 2612 2994 2718 3044; x_wconf 85' lang='lat' dir='ltr'><strong>vim</strong></span> <span class='ocrx_word' id='word_1_586' title='bbox 2768 2994 3047 3046; x_wconf 82' lang='lat' dir='ltr'><strong>iiiotricein</strong></span> <span class='ocrx_word' id='word_1_587' title='bbox 3102 2993 3338 3059; x_wconf 78' lang='lat' dir='ltr'><strong>dirigere</strong></span> 
     </span>
    </p>
   </div>
   <div class='ocr_carea' id='block_1_76' title="bbox 1765 3081 3339 3143">
    <p class='ocr_par' dir='ltr' id='par_1_76' title="bbox 1765 3081 3339 3143">
     <span class='ocr_line' id='line_1_76' title="bbox 1765 3081 3339 3143; baseline -0.001 -6"><span class='ocrx_word' id='word_1_588' title='bbox 1765 3083 2014 3143; x_wconf 86' lang='lat' dir='ltr'><strong>debeant,</strong></span> <span class='ocrx_word' id='word_1_589' title='bbox 2053 3083 2201 3135; x_wconf 89' lang='lat' dir='ltr'><strong>omni</strong></span> <span class='ocrx_word' id='word_1_590' title='bbox 2233 3092 2393 3135; x_wconf 88' lang='lat' dir='ltr'><strong>vento</strong></span> <span class='ocrx_word' id='word_1_591' title='bbox 2426 3095 2612 3134; x_wconf 85' lang='lat' dir='ltr'><strong>eorum</strong></span> <span class='ocrx_word' id='word_1_592' title='bbox 2669 3091 2838 3134; x_wconf 89' lang='lat' dir='ltr'><strong>artem</strong></span> <span class='ocrx_word' id='word_1_593' title='bbox 2879 3082 3027 3134; x_wconf 85' lang='lat' dir='ltr'><strong>varie</strong></span> <span class='ocrx_word' id='word_1_594' title='bbox 3069 3081 3339 3135; x_wconf 77' lang='lat' dir='ltr'><strong>conﬁdere</strong></span> 
     </span>
    </p>
   </div>
   <div class='ocr_carea' id='block_1_77' title="bbox 1766 3173 3337 3243">
    <p class='ocr_par' dir='ltr' id='par_1_77' title="bbox 1766 3173 3337 3243">
     <span class='ocr_line' id='line_1_77' title="bbox 1766 3173 3337 3243; baseline -0.001 -16"><span class='ocrx_word' id='word_1_595' title='bbox 1766 3175 2015 3227; x_wconf 83' lang='lat' dir='ltr'><strong>ardentes</strong></span> <span class='ocrx_word' id='word_1_596' title='bbox 2047 3189 2140 3240; x_wconf 84' lang='lat' dir='ltr'><strong>per</strong></span> <span class='ocrx_word' id='word_1_597' title='bbox 2171 3183 2341 3227; x_wconf 86' lang='lat' dir='ltr'><strong>totum</strong></span> <span class='ocrx_word' id='word_1_598' title='bbox 2365 3173 2611 3227; x_wconf 81' lang='lat' dir='ltr'><strong>feruntur</strong></span> <span class='ocrx_word' id='word_1_599' title='bbox 2644 3188 2818 3238; x_wconf 89' lang='lat' dir='ltr'><strong>mare,</strong></span> <span class='ocrx_word' id='word_1_600' title='bbox 2850 3174 2991 3228; x_wconf 87' lang='lat' dir='ltr'><strong>sicut</strong></span> <span class='ocrx_word' id='word_1_601' title='bbox 3031 3175 3209 3243; x_wconf 83' lang='lat' dir='ltr'><strong>portui</strong></span> <span class='ocrx_word' id='word_1_602' title='bbox 3242 3189 3337 3242; x_wconf 90' lang='lat' dir='ltr'><strong>pe-</strong></span> 
     </span>
    </p>
   </div>
   <div class='ocr_carea' id='block_1_78' title="bbox 1768 3264 3343 3334">
    <p class='ocr_par' dir='ltr' id='par_1_78' title="bbox 1768 3264 3343 3334">
     <span class='ocr_line' id='line_1_78' title="bbox 1768 3264 3343 3334; baseline -0.001 -15"><span class='ocrx_word' id='word_1_603' title='bbox 1768 3266 2125 3328; x_wconf 74' lang='lat' dir='ltr'><strong>regrinationi</strong></span> <span class='ocrx_word' id='word_1_604' title='bbox 2186 3281 2304 3320; x_wconf 89' lang='lat' dir='ltr'><strong>sese</strong></span> <span class='ocrx_word' id='word_1_605' title='bbox 2352 3266 2547 3319; x_wconf 82' lang='lat' dir='ltr'><strong>dantes</strong></span> <span class='ocrx_word' id='word_1_606' title='bbox 2589 3285 2600 3318; x_wconf 92' lang='lat'><strong>:</strong></span> <span class='ocrx_word' id='word_1_607' title='bbox 2640 3267 2720 3319; x_wconf 80' lang='lat' dir='ltr'><strong>sic</strong></span> <span class='ocrx_word' id='word_1_608' title='bbox 2754 3280 2885 3333; x_wconf 75' lang='lat' dir='ltr'><strong>ergo</strong></span> <span class='ocrx_word' id='word_1_609' title='bbox 2934 3265 3000 3319; x_wconf 89' lang='lat' dir='ltr'><strong>de</strong></span> <span class='ocrx_word' id='word_1_610' title='bbox 3040 3264 3343 3334; x_wconf 61' lang='lat' dir='ltr'><strong>disciplinae</strong></span> 
     </span>
    </p>
   </div>
   <div class='ocr_carea' id='block_1_79' title="bbox 1765 3358 3328 3426">
    <p class='ocr_par' dir='ltr' id='par_1_79' title="bbox 1765 3358 3328 3426">
     <span class='ocr_line' id='line_1_79' title="bbox 1765 3358 3328 3426; baseline 0.001 -17"><span class='ocrx_word' id='word_1_611' title='bbox 1765 3360 2041 3410; x_wconf 88' lang='lat' dir='ltr'><strong>auditione</strong></span> <span class='ocrx_word' id='word_1_612' title='bbox 2068 3359 2378 3411; x_wconf 34' lang='lat' dir='ltr'><strong>necessario</strong></span> <span class='ocrx_word' id='word_1_613' title='bbox 2398 3359 2628 3417; x_wconf 87' lang='lat' dir='ltr'><strong>eveniet.</strong></span> <span class='ocrx_word' id='word_1_614' title='bbox 2659 3358 2932 3424; x_wconf 75' lang='lat' dir='ltr'><strong>siquidem</strong></span> <span class='ocrx_word' id='word_1_615' title='bbox 2964 3372 3071 3409; x_wconf 90' lang='lat' dir='ltr'><strong>non</strong></span> <span class='ocrx_word' id='word_1_616' title='bbox 3099 3372 3328 3426; x_wconf 88' lang='lat' dir='ltr'><strong>pensum</strong></span> 
     </span>
    </p>
   </div>
   <div class='ocr_carea' id='block_1_80' title="bbox 1765 3448 3335 3515">
    <p class='ocr_par' dir='ltr' id='par_1_80' title="bbox 1765 3448 3335 3515">
     <span class='ocr_line' id='line_1_80' title="bbox 1765 3448 3335 3515; baseline 0.001 -17"><span class='ocrx_word' id='word_1_617' title='bbox 1765 3448 2036 3515; x_wconf 89' lang='lat' dir='ltr'><strong>quoddam</strong></span> <span class='ocrx_word' id='word_1_618' title='bbox 2069 3458 2326 3502; x_wconf 83' lang='lat' dir='ltr'><strong>statutum</strong></span> <span class='ocrx_word' id='word_1_619' title='bbox 2374 3458 2707 3515; x_wconf 83' lang='lat' dir='ltr'><strong>proponatur</strong></span> <span class='ocrx_word' id='word_1_620' title='bbox 2746 3465 2759 3502; x_wconf 93' lang='lat'>:</span> <span class='ocrx_word' id='word_1_621' title='bbox 2796 3448 3153 3501; x_wconf 89' lang='lat' dir='ltr'><strong>accommodo</strong></span> <span class='ocrx_word' id='word_1_622' title='bbox 3190 3448 3335 3500; x_wconf 87' lang='lat' dir='ltr'><strong>enim</strong></span> 
     </span>
    </p>
   </div>
   <div class='ocr_carea' id='block_1_81' title="bbox 1765 3538 3346 3604">
    <p class='ocr_par' dir='ltr' id='par_1_81' title="bbox 1765 3538 3346 3604">
     <span class='ocr_line' id='line_1_81' title="bbox 1765 3538 3346 3604; baseline 0.002 -14"><span class='ocrx_word' id='word_1_623' title='bbox 1765 3553 1874 3595; x_wconf 76' lang='lat' dir='ltr'><strong>non</strong></span> <span class='ocrx_word' id='word_1_624' title='bbox 1922 3548 2064 3593; x_wconf 72' lang='lat' dir='ltr'><strong>esert</strong></span> <span class='ocrx_word' id='word_1_625' title='bbox 2102 3539 2590 3604; x_wconf 77' lang='lat' dir='ltr'><strong>stiiltissiiaoruiii,</strong></span> <span class='ocrx_word' id='word_1_626' title='bbox 2633 3546 2687 3600; x_wconf 84' lang='lat' dir='ltr'><strong>in</strong></span> <span class='ocrx_word' id='word_1_627' title='bbox 2721 3544 2963 3599; x_wconf 81' lang='lat' dir='ltr'><strong>dramata</strong></span> <span class='ocrx_word' id='word_1_628' title='bbox 3015 3538 3241 3592; x_wconf 79' lang='lat' dir='ltr'><strong>fallaciis</strong></span> <span class='ocrx_word' id='word_1_629' title='bbox 3284 3550 3346 3593; x_wconf 75' lang='lat' dir='ltr'><strong>et</strong></span> 
     </span>
    </p>
   </div>
   <div class='ocr_carea' id='block_1_82' title="bbox 1764 3628 3332 3684">
    <p class='ocr_par' dir='ltr' id='par_1_82' title="bbox 1764 3628 3332 3684">
     <span class='ocr_line' id='line_1_82' title="bbox 1764 3628 3332 3684; baseline -0.001 -2"><span class='ocrx_word' id='word_1_630' title='bbox 1764 3629 2088 3683; x_wconf 82' lang='lat' dir='ltr'><strong>commentis</strong></span> <span class='ocrx_word' id='word_1_631' title='bbox 2119 3646 2148 3681; x_wconf 89' lang='lat' dir='ltr'><strong>a</strong></span> <span class='ocrx_word' id='word_1_632' title='bbox 2180 3630 2404 3683; x_wconf 76' lang='lat' dir='ltr'><strong>veritate</strong></span> <span class='ocrx_word' id='word_1_633' title='bbox 2433 3631 2624 3684; x_wconf 80' lang='lat' dir='ltr'><strong>alienis</strong></span> <span class='ocrx_word' id='word_1_634' title='bbox 2656 3629 2853 3683; x_wconf 85' lang='lat' dir='ltr'><strong>referta</strong></span> <span class='ocrx_word' id='word_1_635' title='bbox 2881 3628 3035 3683; x_wconf 79' lang='lat' dir='ltr'><strong>nefas</strong></span> <span class='ocrx_word' id='word_1_636' title='bbox 3064 3640 3147 3682; x_wconf 85' lang='lat' dir='ltr'><strong>est</strong></span> <span class='ocrx_word' id='word_1_637' title='bbox 3173 3631 3332 3683; x_wconf 83' lang='lat' dir='ltr'><strong>aliter</strong></span> 
     </span>
    </p>
   </div>
   <div class='ocr_carea' id='block_1_83' title="bbox 1767 3718 3347 3790">
    <p class='ocr_par' dir='ltr' id='par_1_83' title="bbox 1767 3718 3347 3790">
     <span class='ocr_line' id='line_1_83' title="bbox 1767 3718 3347 3790; baseline 0.001 -19"><span class='ocrx_word' id='word_1_638' title='bbox 1767 3718 2112 3772; x_wconf 87' lang='lat' dir='ltr'><strong>introducere</strong></span> <span class='ocrx_word' id='word_1_639' title='bbox 2147 3720 2384 3787; x_wconf 89' lang='lat' dir='ltr'><strong>peritos,</strong></span> <span class='ocrx_word' id='word_1_640' title='bbox 2425 3721 2528 3774; x_wconf 84' lang='lat' dir='ltr'><strong>nisi</strong></span> <span class='ocrx_word' id='word_1_641' title='bbox 2567 3721 2718 3789; x_wconf 87' lang='lat' dir='ltr'><strong>prius</strong></span> <span class='ocrx_word' id='word_1_642' title='bbox 2766 3720 3192 3790; x_wconf 86' lang='lat' dir='ltr'><strong>unumquodque</strong></span> <span class='ocrx_word' id='word_1_643' title='bbox 3235 3720 3347 3773; x_wconf 83' lang='lat' dir='ltr'><strong>bo--</strong></span> 
     </span>
    </p>
   </div>
   <div class='ocr_carea' id='block_1_84' title="bbox 1768 3810 3336 3880">
    <p class='ocr_par' dir='ltr' id='par_1_84' title="bbox 1768 3810 3336 3880">
     <span class='ocr_line' id='line_1_84' title="bbox 1768 3810 3336 3880; baseline -0.001 -16"><span class='ocrx_word' id='word_1_644' title='bbox 1768 3828 1887 3865; x_wconf 88' lang='lat' dir='ltr'><strong>runt</strong></span> <span class='ocrx_word' id='word_1_645' title='bbox 1924 3821 2305 3880; x_wconf 78' lang='lat' dir='ltr'><strong>argumentum</strong></span> <span class='ocrx_word' id='word_1_646' title='bbox 2343 3811 2408 3865; x_wconf 91' lang='lat' dir='ltr'><strong>ad</strong></span> <span class='ocrx_word' id='word_1_647' title='bbox 2452 3812 2698 3864; x_wconf 85' lang='lat' dir='ltr'><strong>notitiam</strong></span> <span class='ocrx_word' id='word_1_648' title='bbox 2737 3811 3029 3875; x_wconf 90' lang='lat' dir='ltr'><strong>inducant,</strong></span> <span class='ocrx_word' id='word_1_649' title='bbox 3070 3811 3141 3864; x_wconf 89' lang='lat' dir='ltr'><strong>ita</strong></span> <span class='ocrx_word' id='word_1_650' title='bbox 3175 3820 3234 3864; x_wconf 93' lang='lat' dir='ltr'><strong>ut</strong></span> <span class='ocrx_word' id='word_1_651' title='bbox 3270 3810 3336 3863; x_wconf 90' lang='lat' dir='ltr'><strong>ad</strong></span> 
     </span>
    </p>
   </div>
   <div class='ocr_carea' id='block_1_85' title="bbox 1766 3902 3336 3957">
    <p class='ocr_par' dir='ltr' id='par_1_85' title="bbox 1766 3902 3336 3957">
     <span class='ocr_line' id='line_1_85' title="bbox 1766 3902 3336 3957; baseline -0.001 -2"><span class='ocrx_word' id='word_1_652' title='bbox 1766 3902 1914 3956; x_wconf 85' lang='lat' dir='ltr'><strong>illaut</strong></span> <span class='ocrx_word' id='word_1_653' title='bbox 1969 3904 2357 3957; x_wconf 69' lang='lat' dir='ltr'><strong>convenienter</strong></span> <span class='ocrx_word' id='word_1_654' title='bbox 2404 3912 2457 3956; x_wconf 91' lang='lat' dir='ltr'><strong>et</strong></span> <span class='ocrx_word' id='word_1_655' title='bbox 2513 3917 2621 3955; x_wconf 90' lang='lat' dir='ltr'><strong>non</strong></span> <span class='ocrx_word' id='word_1_656' title='bbox 2674 3905 2729 3955; x_wconf 90' lang='lat' dir='ltr'><strong>in</strong></span> <span class='ocrx_word' id='word_1_657' title='bbox 2779 3912 3000 3956; x_wconf 82' lang='lat' dir='ltr'><strong>ventum</strong></span> <span class='ocrx_word' id='word_1_658' title='bbox 3050 3904 3336 3955; x_wconf 87' lang='lat' dir='ltr'><strong>verborum</strong></span> 
     </span>
    </p>
   </div>
   <div class='ocr_carea' id='block_1_86' title="bbox 1766 3993 3339 4062">
    <p class='ocr_par' dir='ltr' id='par_1_86' title="bbox 1766 3993 3339 4062">
     <span class='ocr_line' id='line_1_86' title="bbox 1766 3993 3339 4062; baseline 0 -15"><span class='ocrx_word' id='word_1_659' title='bbox 1766 4009 1926 4047; x_wconf 85' lang='lat' dir='ltr'><strong>usum</strong></span> <span class='ocrx_word' id='word_1_660' title='bbox 1956 3993 2281 4062; x_wconf 83' lang='lat' dir='ltr'><strong>proferant;</strong></span> <span class='ocrx_word' id='word_1_661' title='bbox 2326 3994 2488 4048; x_wconf 85' lang='lat' dir='ltr'><strong>verba</strong></span> <span class='ocrx_word' id='word_1_662' title='bbox 2528 4002 2709 4049; x_wconf 87' lang='lat' dir='ltr'><strong>autem</strong></span> <span class='ocrx_word' id='word_1_663' title='bbox 2745 3993 2943 4046; x_wconf 55' lang='lat' dir='ltr'><strong>divinae</strong></span> <span class='ocrx_word' id='word_1_664' title='bbox 2979 3993 3339 4048; x_wconf 77' lang='lat' dir='ltr'><strong>institutionis</strong></span> 
     </span>
    </p>
   </div>
   <div class='ocr_carea' id='block_1_87' title="bbox 1769 4084 3336 4156">
    <p class='ocr_par' dir='ltr' id='par_1_87' title="bbox 1769 4084 3336 4156">
     <span class='ocr_line' id='line_1_87' title="bbox 1769 4084 3336 4156; baseline 0.001 -18"><span class='ocrx_word' id='word_1_665' title='bbox 1769 4096 1969 4140; x_wconf 73' lang='lat' dir='ltr'><strong>nostra:</strong></span> <span class='ocrx_word' id='word_1_666' title='bbox 2003 4087 2054 4139; x_wconf 77' lang='lat' dir='ltr'><strong>in</strong></span> <span class='ocrx_word' id='word_1_667' title='bbox 2091 4086 2449 4156; x_wconf 88' lang='lat' dir='ltr'><strong>incomposita</strong></span> <span class='ocrx_word' id='word_1_668' title='bbox 2480 4088 2727 4154; x_wconf 69' lang='lat' dir='ltr'><strong>quaidam</strong></span> <span class='ocrx_word' id='word_1_669' title='bbox 2770 4087 2998 4156; x_wconf 82' lang='lat' dir='ltr'><strong>injicere</strong></span> <span class='ocrx_word' id='word_1_670' title='bbox 3034 4084 3336 4149; x_wconf 71' lang='lat' dir='ltr'><strong>stomacho,</strong></span> 
     </span>
    </p>
   </div>
   <div class='ocr_carea' id='block_1_88' title="bbox 1768 4178 3333 4247">
    <p class='ocr_par' dir='ltr' id='par_1_88' title="bbox 1768 4178 3333 4247">
     <span class='ocr_line' id='line_1_88' title="bbox 1768 4178 3333 4247; baseline 0.001 -16"><span class='ocrx_word' id='word_1_671' title='bbox 1768 4178 2083 4231; x_wconf 87' lang='lat' dir='ltr'><strong>temerarias</strong></span> <span class='ocrx_word' id='word_1_672' title='bbox 2123 4178 2228 4231; x_wconf 79' lang='lat' dir='ltr'><strong>illis</strong></span> <span class='ocrx_word' id='word_1_673' title='bbox 2275 4187 2330 4232; x_wconf 89' lang='lat' dir='ltr'><strong>et</strong></span> <span class='ocrx_word' id='word_1_674' title='bbox 2381 4178 2519 4231; x_wconf 89' lang='lat' dir='ltr'><strong>male</strong></span> <span class='ocrx_word' id='word_1_675' title='bbox 2557 4190 2822 4232; x_wconf 90' lang='lat' dir='ltr'><strong>coeuntes</strong></span> <span class='ocrx_word' id='word_1_676' title='bbox 2852 4178 3333 4247; x_wconf 88' lang='lat' dir='ltr'><strong>interpretationes</strong></span> 
     </span>
    </p>
   </div>
   <div class='ocr_carea' id='block_1_89' title="bbox 1769 4268 3337 4338">
    <p class='ocr_par' dir='ltr' id='par_1_89' title="bbox 1769 4268 3337 4338">
     <span class='ocr_line' id='line_1_89' title="bbox 1769 4268 3337 4338; baseline -0.001 -16"><span class='ocrx_word' id='word_1_677' title='bbox 1769 4268 1961 4323; x_wconf 79' lang='lat' dir='ltr'><strong>aﬂerre</strong></span> <span class='ocrx_word' id='word_1_678' title='bbox 2014 4283 2121 4322; x_wconf 91' lang='lat' dir='ltr'><strong>non</strong></span> <span class='ocrx_word' id='word_1_679' title='bbox 2178 4270 2592 4323; x_wconf 91' lang='lat' dir='ltr'><strong>erubescentes.</strong></span> <span class='ocrx_word' id='word_1_680' title='bbox 2644 4269 2831 4337; x_wconf 84' lang='lat' dir='ltr'><strong>Itaque</strong></span> <span class='ocrx_word' id='word_1_681' title='bbox 2877 4268 3337 4338; x_wconf 85' lang='lat' dir='ltr'><strong>quemadmodum</strong></span> 
     </span>
    </p>
   </div>
   <div class='ocr_carea' id='block_1_90' title="bbox 1771 4358 3339 4429">
    <p class='ocr_par' dir='ltr' id='par_1_90' title="bbox 1771 4358 3339 4429">
     <span class='ocr_line' id='line_1_90' title="bbox 1771 4358 3339 4429; baseline -0.001 -17"><span class='ocrx_word' id='word_1_682' title='bbox 1771 4359 1945 4427; x_wconf 89' lang='lat' dir='ltr'><strong>iisqui</strong></span> <span class='ocrx_word' id='word_1_683' title='bbox 1981 4358 2034 4410; x_wconf 88' lang='lat' dir='ltr'><strong>in</strong></span> <span class='ocrx_word' id='word_1_684' title='bbox 2071 4359 2319 4428; x_wconf 80' lang='lat' dir='ltr'><strong>ignotam</strong></span> <span class='ocrx_word' id='word_1_685' title='bbox 2350 4360 2576 4413; x_wconf 88' lang='lat' dir='ltr'><strong>omnino</strong></span> <span class='ocrx_word' id='word_1_686' title='bbox 2610 4362 2813 4413; x_wconf 89' lang='lat' dir='ltr'><strong>vadunt</strong></span> <span class='ocrx_word' id='word_1_687' title='bbox 2842 4360 3136 4429; x_wconf 89' lang='lat' dir='ltr'><strong>regionem,</strong></span> <span class='ocrx_word' id='word_1_688' title='bbox 3175 4373 3339 4428; x_wconf 87' lang='lat' dir='ltr'><strong>opor-</strong></span> 
     </span>
    </p>
   </div>
   <div class='ocr_carea' id='block_1_91' title="bbox 1772 4445 3340 4514">
    <p class='ocr_par' dir='ltr' id='par_1_91' title="bbox 1772 4445 3340 4514">
     <span class='ocr_line' id='line_1_91' title="bbox 1772 4445 3340 4514; baseline 0 -15"><span class='ocrx_word' id='word_1_689' title='bbox 1772 4456 1846 4500; x_wconf 91' lang='lat' dir='ltr'><strong>tet</strong></span> <span class='ocrx_word' id='word_1_690' title='bbox 1879 4446 2055 4514; x_wconf 85' lang='lat' dir='ltr'><strong>potius</strong></span> <span class='ocrx_word' id='word_1_691' title='bbox 2093 4460 2188 4498; x_wconf 91' lang='lat' dir='ltr'><strong>eos</strong></span> <span class='ocrx_word' id='word_1_692' title='bbox 2222 4445 2317 4514; x_wconf 87' lang='lat' dir='ltr'><strong>qui</strong></span> <span class='ocrx_word' id='word_1_693' title='bbox 2357 4446 2519 4513; x_wconf 80' lang='lat' dir='ltr'><strong>liujus</strong></span> <span class='ocrx_word' id='word_1_694' title='bbox 2556 4446 2949 4514; x_wconf 78' lang='lat' dir='ltr'><strong>experientiam</strong></span> <span class='ocrx_word' id='word_1_695' title='bbox 2992 4447 3191 4500; x_wconf 85' lang='lat' dir='ltr'><strong>habent</strong></span> <span class='ocrx_word' id='word_1_696' title='bbox 3228 4458 3340 4513; x_wconf 66' lang='lat' dir='ltr'><strong>pra</strong></span> 
     </span>
    </p>
   </div>
   <div class='ocr_carea' id='block_1_92' title="bbox 85 4533 1669 4610">
    <p class='ocr_par' dir='ltr' id='par_1_92' title="bbox 85 4533 1659 4610">
     <span class='ocr_line' id='line_1_92' title="bbox 85 4533 1659 4610; baseline 0.005 -25"><span class='ocrx_word' id='word_1_697' title='bbox 85 4533 301 4601; x_wconf 81' lang='grc' dir='ltr'>τρόπον</span> <span class='ocrx_word' id='word_1_698' title='bbox 330 4534 442 4593; x_wconf 81' lang='grc' dir='ltr'>τοῖς</span> <span class='ocrx_word' id='word_1_699' title='bbox 467 4533 546 4594; x_wconf 89' lang='grc' dir='ltr'><strong>εἰς</strong></span> <span class='ocrx_word' id='word_1_700' title='bbox 576 4534 854 4599; x_wconf 78' lang='grc' dir='ltr'>ἄγνωστον</span> <span class='ocrx_word' id='word_1_701' title='bbox 883 4534 1058 4603; x_wconf 84' lang='grc' dir='ltr'>πάντη</span> <span class='ocrx_word' id='word_1_702' title='bbox 1121 4536 1495 4605; x_wconf 80' lang='grc' dir='ltr'>στελλομένοις</span> <span class='ocrx_word' id='word_1_703' title='bbox 1552 4542 1659 4610; x_wconf 85' lang='grc' dir='ltr'><strong>χὼ-</strong></span> 
     </span>
    </p>
   </div>
   <div class='ocr_carea' id='block_1_93' title="bbox 1771 4533 3341 4610">
    <p class='ocr_par' dir='ltr' id='par_1_93' title="bbox 1771 4535 3341 4607">
     <span class='ocr_line' id='line_1_93' title="bbox 1771 4535 3341 4607; baseline 0.001 -19"><span class='ocrx_word' id='word_1_704' title='bbox 1771 4536 2020 4590; x_wconf 86' lang='lat' dir='ltr'><strong>omnibus</strong></span> <span class='ocrx_word' id='word_1_705' title='bbox 2055 4537 2195 4588; x_wconf 87' lang='lat' dir='ltr'><strong>viam</strong></span> <span class='ocrx_word' id='word_1_706' title='bbox 2227 4535 2353 4589; x_wconf 90' lang='lat' dir='ltr'><strong>illuc</strong></span> <span class='ocrx_word' id='word_1_707' title='bbox 2382 4537 2669 4591; x_wconf 84' lang='lat' dir='ltr'><strong>ducentem</strong></span> <span class='ocrx_word' id='word_1_708' title='bbox 2704 4537 2967 4600; x_wconf 86' lang='lat' dir='ltr'><strong>iudicare,</strong></span> <span class='ocrx_word' id='word_1_709' title='bbox 2999 4551 3108 4607; x_wconf 82' lang='lat' dir='ltr'><strong>qua</strong></span> <span class='ocrx_word' id='word_1_710' title='bbox 3152 4544 3341 4591; x_wconf 80' lang='lat' dir='ltr'><strong>trans-</strong></span> 
     </span>
    </p>
   </div>
   <div class='ocr_carea' id='block_1_94' title="bbox 90 4623 1670 4700">
    <p class='ocr_par' dir='ltr' id='par_1_94' title="bbox 90 4623 1670 4700">
     <span class='ocr_line' id='line_1_94' title="bbox 90 4623 1670 4700; baseline 0.008 -26"><span class='ocrx_word' id='word_1_711' title='bbox 90 4641 201 4693; x_wconf 85' lang='grc' dir='ltr'>ραν</span> <span class='ocrx_word' id='word_1_712' title='bbox 229 4623 336 4691; x_wconf 79' lang='grc' dir='ltr'>χρὴ</span> <span class='ocrx_word' id='word_1_713' title='bbox 365 4623 567 4691; x_wconf 83' lang='grc' dir='ltr'>μᾶλλον</span> <span class='ocrx_word' id='word_1_714' title='bbox 598 4626 726 4685; x_wconf 79' lang='grc' dir='ltr'>τοὺς</span> <span class='ocrx_word' id='word_1_715' title='bbox 755 4625 813 4676; x_wconf 86' lang='grc' dir='ltr'><strong>ἐν</strong></span> <span class='ocrx_word' id='word_1_716' title='bbox 846 4625 1013 4696; x_wconf 78' lang='grc' dir='ltr'>πείρᾳ</span> <span class='ocrx_word' id='word_1_717' title='bbox 1050 4626 1255 4697; x_wconf 76' lang='grc' dir='ltr'>ταύτης</span> <span class='ocrx_word' id='word_1_718' title='bbox 1301 4632 1670 4700; x_wconf 84' lang='grc' dir='ltr'>τυγχάνοντας</span> 
     </span>
    </p>
   </div>
   <div class='ocr_carea' id='block_1_95' title="bbox 88 4714 1669 4795">
    <p class='ocr_par' dir='ltr' id='par_1_95' title="bbox 88 4714 1669 4795">
     <span class='ocr_line' id='line_1_95' title="bbox 88 4714 1669 4795; baseline 0.008 -30"><span class='ocrx_word' id='word_1_719' title='bbox 88 4714 207 4783; x_wconf 85' lang='grc' dir='ltr'><strong>πρό</strong></span> <span class='ocrx_word' id='word_1_720' title='bbox 247 4714 566 4784; x_wconf 75' lang='grc' dir='ltr'>γεπάντων</span> <span class='ocrx_word' id='word_1_721' title='bbox 605 4715 702 4785; x_wconf 76' lang='grc' dir='ltr'><strong>τὴν</strong></span> <span class='ocrx_word' id='word_1_722' title='bbox 747 4717 1069 4783; x_wconf 82' lang='grc' dir='ltr'>άπάγουσαν</span> <span class='ocrx_word' id='word_1_723' title='bbox 1129 4721 1375 4787; x_wconf 84' lang='grc' dir='ltr'>ἀτραπὸν</span> <span class='ocrx_word' id='word_1_724' title='bbox 1416 4740 1669 4795; x_wconf 84' lang='grc' dir='ltr'>καταμη-</span> 
     </span>
    </p>
   </div>
   <div class='ocr_carea' id='block_1_96' title="bbox 88 4799 1670 4876">
    <p class='ocr_par' dir='ltr' id='par_1_96' title="bbox 88 4799 1670 4876">
     <span class='ocr_line' id='line_1_96' title="bbox 88 4799 1670 4876; baseline 0.008 -19"><span class='ocrx_word' id='word_1_725' title='bbox 88 4806 273 4868; x_wconf 87' lang='grc' dir='ltr'>νύειν,</span> <span class='ocrx_word' id='word_1_726' title='bbox 307 4804 375 4858; x_wconf 81' lang='grc' dir='ltr'>δι’</span> <span class='ocrx_word' id='word_1_727' title='bbox 432 4799 499 4876; x_wconf 81' lang='grc' dir='ltr'>ἦς</span> <span class='ocrx_word' id='word_1_728' title='bbox 533 4807 873 4876; x_wconf 80' lang='grc' dir='ltr'>πορεύοιντο,</span> <span class='ocrx_word' id='word_1_729' title='bbox 902 4807 1049 4861; x_wconf 74' lang='grc' dir='ltr'>οὓτω</span> <span class='ocrx_word' id='word_1_730' title='bbox 1073 4827 1133 4862; x_wconf 86' lang='grc' dir='ltr'><strong>τε</strong></span> <span class='ocrx_word' id='word_1_731' title='bbox 1173 4808 1238 4865; x_wconf 83' lang='grc' dir='ltr'><strong>αὖ</strong></span> <span class='ocrx_word' id='word_1_732' title='bbox 1267 4814 1333 4865; x_wconf 70' lang='grc' dir='ltr'><strong>τά</strong></span> <span class='ocrx_word' id='word_1_733' title='bbox 1367 4815 1508 4867; x_wconf 68' lang='grc' dir='ltr'>κατὰ</span> <span class='ocrx_word' id='word_1_734' title='bbox 1540 4818 1670 4872; x_wconf 89' lang='grc' dir='ltr'>ταύ-</span> 
     </span>
    </p>
   </div>
   <div class='ocr_carea' id='block_1_97' title="bbox 92 4895 1669 4973">
    <p class='ocr_par' dir='ltr' id='par_1_97' title="bbox 92 4895 1669 4973">
     <span class='ocr_line' id='line_1_97' title="bbox 92 4895 1669 4973; baseline 0.009 -25"><span class='ocrx_word' id='word_1_735' title='bbox 92 4916 200 4966; x_wconf 72' lang='grc' dir='ltr'><strong>την</strong></span> <span class='ocrx_word' id='word_1_736' title='bbox 238 4897 425 4959; x_wconf 76' lang='grc' dir='ltr'>αὐτοῖς</span> <span class='ocrx_word' id='word_1_737' title='bbox 457 4899 751 4966; x_wconf 72' lang='grc' dir='ltr'>γνωρίζειν</span> <span class='ocrx_word' id='word_1_738' title='bbox 782 4902 1013 4969; x_wconf 84' lang='grc' dir='ltr'>σημεῖα,</span> <span class='ocrx_word' id='word_1_739' title='bbox 1054 4895 1132 4963; x_wconf 77' lang='grc' dir='ltr'>οἷς</span> <span class='ocrx_word' id='word_1_740' title='bbox 1183 4903 1669 4973; x_wconf 64' lang='grc' dir='ltr'>ἐξακολουθοῦντας</span> 
     </span>
    </p>
   </div>
   <div class='ocr_carea' id='block_1_98' title="bbox 92 4989 1670 5061">
    <p class='ocr_par' dir='ltr' id='par_1_98' title="bbox 92 4989 1670 5061">
     <span class='ocr_line' id='line_1_98' title="bbox 92 4989 1670 5061; baseline 0.008 -20"><span class='ocrx_word' id='word_1_741' title='bbox 92 4989 376 5061; x_wconf 76' lang='grc' dir='ltr'>μηδαμῶς</span> <span class='ocrx_word' id='word_1_742' title='bbox 399 4990 498 5057; x_wconf 78' lang='grc' dir='ltr'>τῆς</span> <span class='ocrx_word' id='word_1_743' title='bbox 538 4990 757 5053; x_wconf 76' lang='grc' dir='ltr'>εὐθείας</span> <span class='ocrx_word' id='word_1_744' title='bbox 782 4994 1219 5059; x_wconf 78' lang='grc' dir='ltr'>άποτφάλλοιντο</span> <span class='ocrx_word' id='word_1_745' title='bbox 1242 5013 1254 5026; x_wconf 88' lang='grc'><strong>·</strong></span> <span class='ocrx_word' id='word_1_746' title='bbox 1287 5000 1380 5050; x_wconf 65' lang='grc' dir='ltr'>τὶν</span> <span class='ocrx_word' id='word_1_747' title='bbox 1406 5000 1573 5052; x_wconf 80' lang='grc' dir='ltr'>αὑτὸν</span> <span class='ocrx_word' id='word_1_748' title='bbox 1606 5002 1670 5055; x_wconf 79' lang='grc' dir='ltr'>ἂν</span> 
     </span>
    </p>
   </div>
   <div class='ocr_carea' id='block_1_99' title="bbox 87 5082 1661 5159">
    <p class='ocr_par' dir='ltr' id='par_1_99' title="bbox 87 5082 1661 5159">
     <span class='ocr_line' id='line_1_99' title="bbox 87 5082 1661 5159; baseline 0.006 -25"><span class='ocrx_word' id='word_1_749' title='bbox 87 5098 183 5142; x_wconf 84' lang='grc' dir='ltr'><strong>τις</strong></span> <span class='ocrx_word' id='word_1_750' title='bbox 205 5082 304 5134; x_wconf 67' lang='grc' dir='ltr'>καὶ</span> <span class='ocrx_word' id='word_1_751' title='bbox 333 5082 424 5133; x_wconf 77' lang='grc' dir='ltr'>ἐπὶ</span> <span class='ocrx_word' id='word_1_752' title='bbox 450 5082 557 5135; x_wconf 87' lang='grc' dir='ltr'><strong>τῶν</strong></span> <span class='ocrx_word' id='word_1_753' title='bbox 576 5083 851 5136; x_wconf 85' lang='grc' dir='ltr'>παιδεύειν</span> <span class='ocrx_word' id='word_1_754' title='bbox 884 5086 1375 5157; x_wconf 77' lang='grc' dir='ltr'>ἐπαγγελλομένων</span> <span class='ocrx_word' id='word_1_755' title='bbox 1396 5092 1661 5159; x_wconf 81' lang='grc' dir='ltr'>ὁρίσαιτο,</span> 
     </span>
    </p>
   </div>
   <div class='ocr_carea' id='block_1_100' title="bbox 89 5173 1672 5249">
    <p class='ocr_par' dir='ltr' id='par_1_100' title="bbox 89 5173 1672 5249">
     <span class='ocr_line' id='line_1_100' title="bbox 89 5173 1672 5249; baseline -0.004 -6"><span class='ocrx_word' id='word_1_756' title='bbox 89 5173 536 5244; x_wconf 80' lang='grc' dir='ltr'>προηγουμένως</span> <span class='ocrx_word' id='word_1_757' title='bbox 596 5176 695 5242; x_wconf 78' lang='grc' dir='ltr'>μὲν</span> <span class='ocrx_word' id='word_1_758' title='bbox 751 5175 848 5243; x_wconf 78' lang='grc' dir='ltr'>τὴν</span> <span class='ocrx_word' id='word_1_759' title='bbox 907 5176 1012 5227; x_wconf 80' lang='grc' dir='ltr'>τῶν</span> <span class='ocrx_word' id='word_1_760' title='bbox 1062 5180 1406 5249; x_wconf 79' lang='grc' dir='ltr'>πραγμάτων</span> <span class='ocrx_word' id='word_1_761' title='bbox 1474 5183 1672 5246; x_wconf 69' lang='grc' dir='ltr'>αὐτοὺς</span> 
     </span>
    </p>
   </div>
   <div class='ocr_carea' id='block_1_101' title="bbox 88 5267 1672 5341">
    <p class='ocr_par' dir='ltr' id='par_1_101' title="bbox 88 5267 1672 5341">
     <span class='ocr_line' id='line_1_101' title="bbox 88 5267 1672 5341; baseline 0.004 -21"><span class='ocrx_word' id='word_1_762' title='bbox 88 5267 384 5329; x_wconf 83' lang='grc' dir='ltr'>ὑπόθεσιν,</span> <span class='ocrx_word' id='word_1_763' title='bbox 413 5267 701 5336; x_wconf 89' lang='grc' dir='ltr'>γνωρίμην</span> <span class='ocrx_word' id='word_1_764' title='bbox 736 5269 932 5337; x_wconf 76' lang='grc' dir='ltr'>χρῆναι</span> <span class='ocrx_word' id='word_1_765' title='bbox 964 5269 1227 5341; x_wconf 80' lang='grc' dir='ltr'>καθιστᾷν</span> <span class='ocrx_word' id='word_1_766' title='bbox 1255 5275 1368 5333; x_wconf 87' lang='grc' dir='ltr'>τοῖς</span> <span class='ocrx_word' id='word_1_767' title='bbox 1419 5275 1672 5327; x_wconf 86' lang='grc' dir='ltr'>παιδευο-</span> 
     </span>
    </p>
   </div>
   <div class='ocr_carea' id='block_1_102' title="bbox 91 5356 1675 5429">
    <p class='ocr_par' dir='ltr' id='par_1_102' title="bbox 91 5356 1675 5429">
     <span class='ocr_line' id='line_1_102' title="bbox 91 5356 1675 5429; baseline 0.006 -23"><span class='ocrx_word' id='word_1_768' title='bbox 91 5356 289 5424; x_wconf 75' lang='grc' dir='ltr'>μένοις</span> <span class='ocrx_word' id='word_1_769' title='bbox 325 5356 406 5416; x_wconf 86' lang='grc' dir='ltr'>εἰς</span> <span class='ocrx_word' id='word_1_770' title='bbox 432 5356 499 5424; x_wconf 83' lang='grc' dir='ltr'>ἣν</span> <span class='ocrx_word' id='word_1_771' title='bbox 531 5357 844 5422; x_wconf 80' lang='grc' dir='ltr'>ἀναγκαίως</span> <span class='ocrx_word' id='word_1_772' title='bbox 874 5357 1047 5428; x_wconf 80' lang='grc' dir='ltr'>ἔχοιεν</span> <span class='ocrx_word' id='word_1_773' title='bbox 1077 5362 1176 5429; x_wconf 75' lang='grc' dir='ltr'>τὴν</span> <span class='ocrx_word' id='word_1_774' title='bbox 1208 5362 1306 5429; x_wconf 75' lang='grc' dir='ltr'><strong>τῆς</strong></span> <span class='ocrx_word' id='word_1_775' title='bbox 1338 5361 1675 5416; x_wconf 81' lang='grc' dir='ltr'>ἐαυτῶνδια-</span> 
     </span>
    </p>
   </div>
   <div class='ocr_carea' id='block_1_103' title="bbox 86 5444 1677 5519">
    <p class='ocr_par' dir='ltr' id='par_1_103' title="bbox 86 5444 1677 5519">
     <span class='ocr_line' id='line_1_103' title="bbox 86 5444 1677 5519; baseline 0.004 -24"><span class='ocrx_word' id='word_1_776' title='bbox 86 5444 251 5507; x_wconf 84' lang='grc' dir='ltr'><strong>νοίας</strong></span> <span class='ocrx_word' id='word_1_777' title='bbox 288 5444 564 5496; x_wconf 78' lang='grc' dir='ltr'>ἐπιδοῦναι</span> <span class='ocrx_word' id='word_1_778' title='bbox 582 5448 754 5515; x_wconf 79' lang='grc' dir='ltr'>ῥοπήν</span> <span class='ocrx_word' id='word_1_779' title='bbox 782 5465 793 5475; x_wconf 89' lang='grc'><strong>·</strong></span> <span class='ocrx_word' id='word_1_780' title='bbox 832 5444 950 5499; x_wconf 77' lang='grc' dir='ltr'>εἶτα</span> <span class='ocrx_word' id='word_1_781' title='bbox 986 5449 1080 5517; x_wconf 80' lang='grc' dir='ltr'><strong>τὴν</strong></span> <span class='ocrx_word' id='word_1_782' title='bbox 1111 5448 1217 5502; x_wconf 74' lang='grc' dir='ltr'><strong>τῶν</strong></span> <span class='ocrx_word' id='word_1_783' title='bbox 1240 5453 1525 5519; x_wconf 76' lang='grc' dir='ltr'>γραφικῶν</span> <span class='ocrx_word' id='word_1_784' title='bbox 1547 5451 1677 5503; x_wconf 79' lang='grc' dir='ltr'>ἰδιω-</span> 
     </span>
    </p>
   </div>
   <div class='ocr_carea' id='block_1_104' title="bbox 92 5534 1673 5607">
    <p class='ocr_par' dir='ltr' id='par_1_104' title="bbox 92 5534 1673 5607">
     <span class='ocr_line' id='line_1_104' title="bbox 92 5534 1673 5607; baseline 0.003 -21"><span class='ocrx_word' id='word_1_785' title='bbox 92 5536 297 5605; x_wconf 83' lang='grc' dir='ltr'>μάτων</span> <span class='ocrx_word' id='word_1_786' title='bbox 334 5534 558 5603; x_wconf 80' lang='grc' dir='ltr'>εἴδησιν,</span> <span class='ocrx_word' id='word_1_787' title='bbox 595 5537 696 5605; x_wconf 82' lang='grc' dir='ltr'><strong>τήν</strong></span> <span class='ocrx_word' id='word_1_788' title='bbox 755 5554 814 5587; x_wconf 90' lang='grc' dir='ltr'><strong>τε</strong></span> <span class='ocrx_word' id='word_1_789' title='bbox 866 5537 973 5589; x_wconf 81' lang='grc' dir='ltr'><strong>τῶν</strong></span> <span class='ocrx_word' id='word_1_790' title='bbox 1014 5540 1311 5607; x_wconf 79' lang='grc' dir='ltr'>σχημάτων</span> <span class='ocrx_word' id='word_1_791' title='bbox 1362 5539 1673 5605; x_wconf 62' lang='grc' dir='ltr'>διάγνωσιν,</span> 
     </span>
    </p>
   </div>
   <div class='ocr_carea' id='block_1_105' title="bbox 88 5624 1676 5697">
    <p class='ocr_par' dir='ltr' id='par_1_105' title="bbox 88 5624 1676 5697">
     <span class='ocr_line' id='line_1_105' title="bbox 88 5624 1676 5697; baseline 0.001 -21"><span class='ocrx_word' id='word_1_792' title='bbox 88 5625 198 5677; x_wconf 77' lang='grc' dir='ltr'>καὶ</span> <span class='ocrx_word' id='word_1_793' title='bbox 224 5624 326 5692; x_wconf 78' lang='grc' dir='ltr'>τὴν</span> <span class='ocrx_word' id='word_1_794' title='bbox 358 5625 464 5675; x_wconf 79' lang='grc' dir='ltr'>τῶν</span> <span class='ocrx_word' id='word_1_795' title='bbox 495 5626 715 5693; x_wconf 78' lang='grc' dir='ltr'>τρόπων</span> <span class='ocrx_word' id='word_1_796' title='bbox 746 5627 1025 5696; x_wconf 82' lang='grc' dir='ltr'>διάκρισιν</span> <span class='ocrx_word' id='word_1_797' title='bbox 1057 5645 1071 5657; x_wconf 79' lang='lat'><strong>&#39;</strong></span> <span class='ocrx_word' id='word_1_798' title='bbox 1104 5628 1201 5695; x_wconf 81' lang='grc' dir='ltr'><strong>οὐχ</strong></span> <span class='ocrx_word' id='word_1_799' title='bbox 1232 5629 1429 5695; x_wconf 64' lang='grc' dir='ltr'><strong>⁷ἣκιστα</strong></span> <span class='ocrx_word' id='word_1_800' title='bbox 1487 5630 1543 5680; x_wconf 87' lang='grc' dir='ltr'><strong>δέ</strong></span> <span class='ocrx_word' id='word_1_801' title='bbox 1582 5630 1676 5697; x_wconf 71' lang='grc' dir='ltr'>τὴν</span> 
     </span>
    </p>
   </div>
   <div class='ocr_carea' id='block_1_106' title="bbox 89 5713 1673 5788">
    <p class='ocr_par' dir='ltr' id='par_1_106' title="bbox 89 5713 1673 5788">
     <span class='ocr_line' id='line_1_106' title="bbox 89 5713 1673 5788; baseline -0.001 -19"><span class='ocrx_word' id='word_1_802' title='bbox 89 5720 200 5783; x_wconf 61' lang='grc' dir='ltr'>τῇς</span> <span class='ocrx_word' id='word_1_803' title='bbox 235 5716 382 5768; x_wconf 78' lang='grc' dir='ltr'>κατὰ</span> <span class='ocrx_word' id='word_1_804' title='bbox 414 5717 513 5784; x_wconf 76' lang='grc' dir='ltr'>τὴν</span> <span class='ocrx_word' id='word_1_805' title='bbox 553 5716 698 5779; x_wconf 73' lang='grc' dir='ltr'>λέξιν</span> <span class='ocrx_word' id='word_1_806' title='bbox 741 5718 1039 5787; x_wconf 74' lang='grc' dir='ltr'>ἑρμηνείας</span> <span class='ocrx_word' id='word_1_807' title='bbox 1097 5722 1417 5788; x_wconf 72' lang='grc' dir='ltr'>σαφήνειαν,</span> <span class='ocrx_word' id='word_1_808' title='bbox 1478 5713 1563 5770; x_wconf 74' lang='grc' dir='ltr'>οἶα</span> <span class='ocrx_word' id='word_1_809' title='bbox 1610 5721 1673 5787; x_wconf 77' lang='grc' dir='ltr'><strong>δή</strong></span> 
     </span>
    </p>
   </div>
   <div class='ocr_carea' id='block_1_107' title="bbox 89 5808 1673 5883">
    <p class='ocr_par' dir='ltr' id='par_1_107' title="bbox 89 5808 1673 5883">
     <span class='ocr_line' id='line_1_107' title="bbox 89 5808 1673 5883; baseline 0 -22"><span class='ocrx_word' id='word_1_810' title='bbox 89 5824 231 5862; x_wconf 61' lang='grc' dir='ltr'>τινα</span> <span class='ocrx_word' id='word_1_811' title='bbox 265 5810 469 5878; x_wconf 73' lang='grc' dir='ltr'>σημεῖα</span> <span class='ocrx_word' id='word_1_812' title='bbox 505 5809 600 5883; x_wconf 76' lang='grc' dir='ltr'>τῆς</span> <span class='ocrx_word' id='word_1_813' title='bbox 632 5808 939 5877; x_wconf 80' lang='grc' dir='ltr'>ὁδοιπορίας</span> <span class='ocrx_word' id='word_1_814' title='bbox 979 5812 1534 5879; x_wconf 73' lang='grc' dir='ltr'>προσυποόεικνυναι’</span> <span class='ocrx_word' id='word_1_815' title='bbox 1607 5811 1673 5864; x_wconf 80' lang='grc' dir='ltr'><strong>δι’</strong></span> 
     </span>
    </p>
   </div>
   <div class='ocr_carea' id='block_1_108' title="bbox 1770 4625 3356 4695">
    <p class='ocr_par' dir='ltr' id='par_1_108' title="bbox 1770 4625 3356 4695">
     <span class='ocr_line' id='line_1_108' title="bbox 1770 4625 3356 4695; baseline 0.001 -16"><span class='ocrx_word' id='word_1_816' title='bbox 1770 4636 2115 4688; x_wconf 84' lang='lat' dir='ltr'><strong>nieaverunt;</strong></span> <span class='ocrx_word' id='word_1_817' title='bbox 2154 4626 2233 4679; x_wconf 89' lang='lat' dir='ltr'><strong>sic</strong></span> <span class='ocrx_word' id='word_1_818' title='bbox 2263 4627 2430 4679; x_wconf 91' lang='lat' dir='ltr'><strong>etiam</strong></span> <span class='ocrx_word' id='word_1_819' title='bbox 2474 4627 2541 4679; x_wconf 88' lang='lat' dir='ltr'><strong>ad</strong></span> <span class='ocrx_word' id='word_1_820' title='bbox 2586 4626 2727 4679; x_wconf 90' lang='lat' dir='ltr'><strong>viam</strong></span> <span class='ocrx_word' id='word_1_821' title='bbox 2795 4628 2950 4695; x_wconf 86' lang='lat' dir='ltr'><strong>signa</strong></span> <span class='ocrx_word' id='word_1_822' title='bbox 2992 4625 3127 4695; x_wconf 83' lang='lat' dir='ltr'><strong>ipsis</strong></span> <span class='ocrx_word' id='word_1_823' title='bbox 3163 4634 3356 4680; x_wconf 43' lang='lat' dir='ltr'><strong>esten.</strong></span> 
     </span>
    </p>
   </div>
   <div class='ocr_carea' id='block_1_109' title="bbox 1770 4717 3343 4786">
    <p class='ocr_par' dir='ltr' id='par_1_109' title="bbox 1770 4717 3343 4786">
     <span class='ocr_line' id='line_1_109' title="bbox 1770 4717 3343 4786; baseline 0 -15"><span class='ocrx_word' id='word_1_824' title='bbox 1770 4718 1900 4771; x_wconf 89' lang='lat' dir='ltr'><strong>dere</strong></span> <span class='ocrx_word' id='word_1_825' title='bbox 1938 4733 2172 4784; x_wconf 88' lang='lat' dir='ltr'><strong>quorum</strong></span> <span class='ocrx_word' id='word_1_826' title='bbox 2205 4736 2306 4786; x_wconf 83' lang='lat' dir='ltr'><strong>ope</strong></span> <span class='ocrx_word' id='word_1_827' title='bbox 2338 4719 2645 4785; x_wconf 79' lang='lat' dir='ltr'><strong>gradientes</strong></span> <span class='ocrx_word' id='word_1_828' title='bbox 2682 4732 2964 4786; x_wconf 85' lang='lat' dir='ltr'><strong>nunquam</strong></span> <span class='ocrx_word' id='word_1_829' title='bbox 3008 4732 3038 4769; x_wconf 90' lang='lat' dir='ltr'><strong>a</strong></span> <span class='ocrx_word' id='word_1_830' title='bbox 3075 4723 3223 4771; x_wconf 78' lang='lat' dir='ltr'><strong>recta</strong></span> <span class='ocrx_word' id='word_1_831' title='bbox 3254 4717 3343 4771; x_wconf 80' lang='lat' dir='ltr'><strong>via</strong></span> 
     </span>
    </p>
   </div>
   <div class='ocr_carea' id='block_1_110' title="bbox 1771 4807 3340 4877">
    <p class='ocr_par' dir='ltr' id='par_1_110' title="bbox 1771 4807 3340 4877">
     <span class='ocr_line' id='line_1_110' title="bbox 1771 4807 3340 4877; baseline -0.004 -15"><span class='ocrx_word' id='word_1_832' title='bbox 1771 4809 2045 4862; x_wconf 84' lang='lat' dir='ltr'><strong>declinent</strong></span> <span class='ocrx_word' id='word_1_833' title='bbox 2077 4826 2089 4861; x_wconf 86' lang='lat'><strong>:</strong></span> <span class='ocrx_word' id='word_1_834' title='bbox 2133 4808 2206 4861; x_wconf 88' lang='lat' dir='ltr'><strong>ita</strong></span> <span class='ocrx_word' id='word_1_835' title='bbox 2246 4817 2299 4861; x_wconf 89' lang='lat' dir='ltr'><strong>et</strong></span> <span class='ocrx_word' id='word_1_836' title='bbox 2332 4809 2426 4877; x_wconf 89' lang='lat' dir='ltr'><strong>qui</strong></span> <span class='ocrx_word' id='word_1_837' title='bbox 2463 4809 2603 4862; x_wconf 83' lang='lat' dir='ltr'><strong>alios</strong></span> <span class='ocrx_word' id='word_1_838' title='bbox 2641 4807 2837 4862; x_wconf 82' lang='lat' dir='ltr'><strong>docere</strong></span> <span class='ocrx_word' id='word_1_839' title='bbox 2880 4809 3199 4875; x_wconf 88' lang='lat' dir='ltr'><strong>prollientur</strong></span> <span class='ocrx_word' id='word_1_840' title='bbox 3228 4814 3340 4858; x_wconf 68' lang='lat' dir='ltr'><strong>sta-</strong></span> 
     </span>
    </p>
   </div>
   <div class='ocr_carea' id='block_1_111' title="bbox 1770 4900 3355 4969">
    <p class='ocr_par' dir='ltr' id='par_1_111' title="bbox 1770 4900 3355 4969">
     <span class='ocr_line' id='line_1_111' title="bbox 1770 4900 3355 4969; baseline -0.003 -17"><span class='ocrx_word' id='word_1_841' title='bbox 1770 4910 1946 4959; x_wconf 90' lang='lat' dir='ltr'><strong>tuant,</strong></span> <span class='ocrx_word' id='word_1_842' title='bbox 1984 4900 2034 4951; x_wconf 90' lang='lat' dir='ltr'><strong>iu</strong></span> <span class='ocrx_word' id='word_1_843' title='bbox 2067 4900 2256 4968; x_wconf 86' lang='lat' dir='ltr'><strong>primis</strong></span> <span class='ocrx_word' id='word_1_844' title='bbox 2280 4900 2497 4968; x_wconf 87' lang='lat' dir='ltr'><strong>quidem</strong></span> <span class='ocrx_word' id='word_1_845' title='bbox 2525 4915 2710 4953; x_wconf 84' lang='lat' dir='ltr'><strong>rerum</strong></span> <span class='ocrx_word' id='word_1_846' title='bbox 2741 4910 3121 4969; x_wconf 79' lang='lat' dir='ltr'><strong>argumentum</strong></span> <span class='ocrx_word' id='word_1_847' title='bbox 3151 4905 3355 4950; x_wconf 65' lang='lat' dir='ltr'><strong>natum</strong></span> 
     </span>
    </p>
   </div>
   <div class='ocr_carea' id='block_1_112' title="bbox 1776 4990 3343 5058">
    <p class='ocr_par' dir='ltr' id='par_1_112' title="bbox 1776 4990 3343 5058">
     <span class='ocr_line' id='line_1_112' title="bbox 1776 4990 3343 5058; baseline -0.003 -15"><span class='ocrx_word' id='word_1_848' title='bbox 1776 4990 1998 5043; x_wconf 87' lang='lat' dir='ltr'><strong>reddere</strong></span> <span class='ocrx_word' id='word_1_849' title='bbox 2026 5005 2085 5044; x_wconf 90' lang='lat' dir='ltr'><strong>se</strong></span> <span class='ocrx_word' id='word_1_850' title='bbox 2118 4991 2317 5044; x_wconf 87' lang='lat' dir='ltr'><strong>debere</strong></span> <span class='ocrx_word' id='word_1_851' title='bbox 2352 4990 2660 5058; x_wconf 81' lang='lat' dir='ltr'><strong>discipulis,</strong></span> <span class='ocrx_word' id='word_1_852' title='bbox 2695 4990 2896 5056; x_wconf 86' lang='lat' dir='ltr'><strong>quibus</strong></span> <span class='ocrx_word' id='word_1_853' title='bbox 2923 4990 3085 5042; x_wconf 82' lang='lat' dir='ltr'><strong>rebus</strong></span> <span class='ocrx_word' id='word_1_854' title='bbox 3117 5000 3343 5040; x_wconf 84' lang='lat' dir='ltr'><strong>necesse</strong></span> 
     </span>
    </p>
   </div>
   <div class='ocr_carea' id='block_1_113' title="bbox 1775 5076 3357 5149">
    <p class='ocr_par' dir='ltr' id='par_1_113' title="bbox 1775 5076 3357 5149">
     <span class='ocr_line' id='line_1_113' title="bbox 1775 5076 3357 5149; baseline -0.003 -16"><span class='ocrx_word' id='word_1_855' title='bbox 1775 5082 1975 5135; x_wconf 84' lang='lat' dir='ltr'><strong>habent</strong></span> <span class='ocrx_word' id='word_1_856' title='bbox 2015 5082 2256 5149; x_wconf 81' lang='lat' dir='ltr'><strong>ipsorum</strong></span> <span class='ocrx_word' id='word_1_857' title='bbox 2302 5082 2501 5149; x_wconf 69' lang='lat' dir='ltr'><strong>ingenii</strong></span> <span class='ocrx_word' id='word_1_858' title='bbox 2532 5096 2758 5133; x_wconf 65' lang='lat' dir='ltr'><strong>acumen</strong></span> <span class='ocrx_word' id='word_1_859' title='bbox 2801 5079 3101 5149; x_wconf 87' lang='lat' dir='ltr'><strong>applicare;</strong></span> <span class='ocrx_word' id='word_1_860' title='bbox 3148 5076 3357 5131; x_wconf 81' lang='lat' dir='ltr'><strong>deinde-</strong></span> 
     </span>
    </p>
   </div>
   <div class='ocr_carea' id='block_1_114' title="bbox 1774 5167 3344 5241">
    <p class='ocr_par' dir='ltr' id='par_1_114' title="bbox 1774 5167 3344 5241">
     <span class='ocr_line' id='line_1_114' title="bbox 1774 5167 3344 5241; baseline -0.004 -14"><span class='ocrx_word' id='word_1_861' title='bbox 1774 5174 2091 5227; x_wconf 81' lang='lat' dir='ltr'><strong>idioniatuni</strong></span> <span class='ocrx_word' id='word_1_862' title='bbox 2131 5172 2425 5239; x_wconf 76' lang='lat' dir='ltr'><strong>Scriptura:</strong></span> <span class='ocrx_word' id='word_1_863' title='bbox 2451 5172 2837 5241; x_wconf 70' lang='lat' dir='ltr'><strong>cognitionem,</strong></span> <span class='ocrx_word' id='word_1_864' title='bbox 2869 5172 3168 5238; x_wconf 78' lang='lat' dir='ltr'><strong>ﬁgurarum</strong></span> <span class='ocrx_word' id='word_1_865' title='bbox 3202 5167 3344 5221; x_wconf 74' lang='lat' dir='ltr'><strong>noci-</strong></span> 
     </span>
    </p>
   </div>
   <div class='ocr_carea' id='block_1_115' title="bbox 1777 5261 3346 5332">
    <p class='ocr_par' dir='ltr' id='par_1_115' title="bbox 1777 5261 3346 5332">
     <span class='ocr_line' id='line_1_115' title="bbox 1777 5261 3346 5332; baseline -0.006 -13"><span class='ocrx_word' id='word_1_866' title='bbox 1777 5269 1937 5327; x_wconf 89' lang='lat' dir='ltr'><strong>iiaiii,</strong></span> <span class='ocrx_word' id='word_1_867' title='bbox 1977 5275 2255 5332; x_wconf 85' lang='lat' dir='ltr'><strong>troporum</strong></span> <span class='ocrx_word' id='word_1_868' title='bbox 2292 5264 2730 5325; x_wconf 63' lang='lat' dir='ltr'><strong>distinctionem,</strong></span> <span class='ocrx_word' id='word_1_869' title='bbox 2785 5278 2882 5315; x_wconf 88' lang='lat' dir='ltr'><strong>nec</strong></span> <span class='ocrx_word' id='word_1_870' title='bbox 2925 5261 3107 5314; x_wconf 89' lang='lat' dir='ltr'><strong>minus</strong></span> <span class='ocrx_word' id='word_1_871' title='bbox 3146 5274 3346 5313; x_wconf 72' lang='lat' dir='ltr'><strong>secun-</strong></span> 
     </span>
    </p>
   </div>
   <div class='ocr_carea' id='block_1_116' title="bbox 1774 5349 3343 5423">
    <p class='ocr_par' dir='ltr' id='par_1_116' title="bbox 1774 5349 3343 5423">
     <span class='ocr_line' id='line_1_116' title="bbox 1774 5349 3343 5423; baseline -0.005 -16"><span class='ocrx_word' id='word_1_872' title='bbox 1774 5357 1901 5407; x_wconf 87' lang='lat' dir='ltr'><strong>duni</strong></span> <span class='ocrx_word' id='word_1_873' title='bbox 1937 5356 2131 5423; x_wconf 84' lang='lat' dir='ltr'><strong>styliiiii</strong></span> <span class='ocrx_word' id='word_1_874' title='bbox 2166 5353 2634 5419; x_wconf 73' lang='lat' dir='ltr'><strong>iitterpretzitionis</strong></span> <span class='ocrx_word' id='word_1_875' title='bbox 2673 5352 3140 5403; x_wconf 71' lang='lat' dir='ltr'><strong>eliit&#39;iibrationeiii</strong></span> <span class='ocrx_word' id='word_1_876' title='bbox 3183 5349 3343 5401; x_wconf 88' lang='lat' dir='ltr'><strong>sinit-</strong></span> 
     </span>
    </p>
   </div>
   <div class='ocr_carea' id='block_1_117' title="bbox 1779 5444 3346 5516">
    <p class='ocr_par' dir='ltr' id='par_1_117' title="bbox 1779 5444 3346 5516">
     <span class='ocr_line' id='line_1_117' title="bbox 1779 5444 3346 5516; baseline -0.006 -18"><span class='ocrx_word' id='word_1_877' title='bbox 1779 5447 1955 5512; x_wconf 86' lang='lat' dir='ltr'><strong>liaque</strong></span> <span class='ocrx_word' id='word_1_878' title='bbox 2004 5444 2101 5496; x_wconf 71' lang='lat' dir='ltr'><strong>vim</strong></span> <span class='ocrx_word' id='word_1_879' title='bbox 2145 5444 2343 5495; x_wconf 67' lang='lat' dir='ltr'><strong>indicia</strong></span> <span class='ocrx_word' id='word_1_880' title='bbox 2391 5458 2723 5516; x_wconf 70' lang='lat' dir='ltr'><strong>proponere,</strong></span> <span class='ocrx_word' id='word_1_881' title='bbox 2767 5458 2862 5508; x_wconf 85' lang='lat' dir='ltr'><strong>per</strong></span> <span class='ocrx_word' id='word_1_882' title='bbox 2909 5458 3028 5510; x_wconf 74' lang='lat' dir='ltr'><strong>qiu-</strong></span> <span class='ocrx_word' id='word_1_883' title='bbox 3074 5448 3251 5491; x_wconf 90' lang='lat' dir='ltr'><strong>tutum</strong></span> <span class='ocrx_word' id='word_1_884' title='bbox 3292 5448 3346 5488; x_wconf 80' lang='lat' dir='ltr'><strong>rt</strong></span> 
     </span>
    </p>
   </div>
   <div class='ocr_carea' id='block_1_118' title="bbox 1776 5531 3331 5602">
    <p class='ocr_par' dir='ltr' id='par_1_118' title="bbox 1776 5531 3331 5602">
     <span class='ocr_line' id='line_1_118' title="bbox 1776 5531 3331 5602; baseline -0.008 -12"><span class='ocrx_word' id='word_1_885' title='bbox 1776 5550 1978 5590; x_wconf 84' lang='lat' dir='ltr'><strong>certum</strong></span> <span class='ocrx_word' id='word_1_886' title='bbox 2016 5536 2120 5586; x_wconf 68' lang='lat' dir='ltr'><strong>illis</strong></span> <span class='ocrx_word' id='word_1_887' title='bbox 2153 5544 2417 5602; x_wconf 75' lang='lat' dir='ltr'><strong>[imponat</strong></span> <span class='ocrx_word' id='word_1_888' title='bbox 2457 5538 2521 5585; x_wconf 82' lang='lat' dir='ltr'><strong>ad</strong></span> <span class='ocrx_word' id='word_1_889' title='bbox 2565 5533 2918 5586; x_wconf 71' lang='lat' dir='ltr'><strong>destinatum.</strong></span> <span class='ocrx_word' id='word_1_890' title='bbox 2967 5531 3175 5583; x_wconf 74' lang='lat' dir='ltr'><strong>Etenim</strong></span> <span class='ocrx_word' id='word_1_891' title='bbox 3219 5541 3331 5594; x_wconf 82' lang='lat' dir='ltr'><strong>per-</strong></span> 
     </span>
    </p>
   </div>
   <div class='ocr_carea' id='block_1_119' title="bbox 1780 5623 3343 5693">
    <p class='ocr_par' dir='ltr' id='par_1_119' title="bbox 1780 5623 3343 5693">
     <span class='ocr_line' id='line_1_119' title="bbox 1780 5623 3343 5693; baseline -0.008 -15"><span class='ocrx_word' id='word_1_892' title='bbox 1780 5629 2026 5693; x_wconf 76' lang='lat' dir='ltr'><strong>spirttttiii</strong></span> <span class='ocrx_word' id='word_1_893' title='bbox 2059 5634 2142 5677; x_wconf 85' lang='lat' dir='ltr'><strong>est</strong></span> <span class='ocrx_word' id='word_1_894' title='bbox 2173 5625 2314 5690; x_wconf 80' lang='lat' dir='ltr'><strong>quod</strong></span> <span class='ocrx_word' id='word_1_895' title='bbox 2358 5639 2423 5675; x_wconf 90' lang='lat' dir='ltr'><strong>iis</strong></span> <span class='ocrx_word' id='word_1_896' title='bbox 2453 5625 2543 5690; x_wconf 85' lang='lat' dir='ltr'><strong>qui</strong></span> <span class='ocrx_word' id='word_1_897' title='bbox 2578 5624 2777 5684; x_wconf 68' lang='lat' dir='ltr'><strong>volure,</strong></span> <span class='ocrx_word' id='word_1_898' title='bbox 2820 5623 2907 5674; x_wconf 60' lang='lat' dir='ltr'><strong>sed</strong></span> <span class='ocrx_word' id='word_1_899' title='bbox 2941 5636 3043 5670; x_wconf 89' lang='lat' dir='ltr'><strong>non</strong></span> <span class='ocrx_word' id='word_1_900' title='bbox 3080 5634 3172 5686; x_wconf 80' lang='lat' dir='ltr'><strong>per</strong></span> <span class='ocrx_word' id='word_1_901' title='bbox 3201 5634 3343 5669; x_wconf 72' lang='lat' dir='ltr'><strong>\‘l:|lli</strong></span> 
     </span>
    </p>
   </div>
   <div class='ocr_carea' id='block_1_120' title="bbox 1780 5710 3349 5788">
    <p class='ocr_par' dir='ltr' id='par_1_120' title="bbox 1780 5710 3349 5788">
     <span class='ocr_line' id='line_1_120' title="bbox 1780 5710 3349 5788; baseline -0.002 -24"><span class='ocrx_word' id='word_1_902' title='bbox 1780 5718 1928 5785; x_wconf 67' lang='lat' dir='ltr'><strong>gradi</strong></span> <span class='ocrx_word' id='word_1_903' title='bbox 1960 5716 2166 5776; x_wconf 79' lang='lat' dir='ltr'><strong>volunt,</strong></span> <span class='ocrx_word' id='word_1_904' title='bbox 2194 5732 2331 5765; x_wconf 75' lang='lat' dir='ltr'><strong>\aiia</strong></span> <span class='ocrx_word' id='word_1_905' title='bbox 2357 5727 2407 5765; x_wconf 81' lang='lat' dir='ltr'><strong>et</strong></span> <span class='ocrx_word' id='word_1_906' title='bbox 2442 5716 2648 5788; x_wconf 74' lang='lat' dir='ltr'><strong>inutilis</strong></span> <span class='ocrx_word' id='word_1_907' title='bbox 2674 5715 2738 5771; x_wconf 78' lang='lat' dir='ltr'><strong>sit</strong></span> <span class='ocrx_word' id='word_1_908' title='bbox 2770 5723 3033 5764; x_wconf 70' lang='lat' dir='ltr'><strong>meli‘ll‘lllll</strong></span> <span class='ocrx_word' id='word_1_909' title='bbox 3065 5710 3349 5761; x_wconf 79' lang='lat' dir='ltr'><strong>iudicatio.</strong></span> 
     </span>
    </p>
   </div>
   <div class='ocr_carea' id='block_1_121' title="bbox 1782 5801 3351 5876">
    <p class='ocr_par' dir='ltr' id='par_1_121' title="bbox 1782 5801 3351 5876">
     <span class='ocr_line' id='line_1_121' title="bbox 1782 5801 3351 5876; baseline -0.003 -17"><span class='ocrx_word' id='word_1_910' title='bbox 1782 5809 2005 5876; x_wconf 77' lang='lat' dir='ltr'><strong>Oportet</strong></span> <span class='ocrx_word' id='word_1_911' title='bbox 2034 5817 2214 5858; x_wconf 83' lang='lat' dir='ltr'><strong>autem</strong></span> <span class='ocrx_word' id='word_1_912' title='bbox 2240 5818 2462 5857; x_wconf 84' lang='lat' dir='ltr'><strong>omnino</strong></span> <span class='ocrx_word' id='word_1_913' title='bbox 2489 5806 2769 5857; x_wconf 81' lang='lat' dir='ltr'><strong>animosos</strong></span> <span class='ocrx_word' id='word_1_914' title='bbox 2788 5818 2908 5857; x_wconf 74' lang='lat' dir='ltr'><strong>esse</strong></span> <span class='ocrx_word' id='word_1_915' title='bbox 2940 5802 2989 5854; x_wconf 79' lang='grc' dir='ltr'><strong>ιιι</strong></span> <span class='ocrx_word' id='word_1_916' title='bbox 3016 5801 3304 5868; x_wconf 72' lang='lat' dir='ltr'><strong>disciplina</strong></span> <span class='ocrx_word' id='word_1_917' title='bbox 3333 5815 3351 5855; x_wconf 82' lang='lat'><strong>&#39;.</strong></span> 
     </span>
    </p>
   </div>
  </div>
