4144 6448
137 407 252 474 1309

38 529 52 542 “
127 521 261 574 τικὸν
294 522 380 575 καὶ
440 523 708 590 ἱστορικόν

130 612 336 664 ἕκαστον
356 612 535 664 αὐτῶν
564 616 882 685 συνέστηκε,
919 618 1663 686 παρῳχηκότος,ὲνεστῶτος,

129 701 210 751 καὶ
265 700 538 767 μέλλοντος
573 720 588 732 ·
637 704 1032 773 παρῳχηκότος
1082 705 1201 774 μιν,
1241 706 1320 769 ὡς
1351 708 1384 773 ή
1416 706 1509 760 τοῦ
1539 709 1667 760 Μω-

127 789 247 852 σέως
303 792 428 860 περὶ
449 791 543 844 τοῦ
573 793 770 855 παντὸς
805 795 1114 858 συστάσεως
1135 812 1149 827 ·
1179 797 1472 859 ἐνεστῶτος
1496 798 1572 862 δὲ,
1593 797 1670 860 ὡς

43 883 47 912 :
122 879 150 946 ἡ
177 878 260 931 τοῦ
277 882 693 952 μακαριωτάτου
743 883 1045 937 Ἐλισσαίου
1070 885 1206 954 πρὸς
1232 886 1324 938 τὸν
1351 885 1509 957 Γιεζῆ
1547 904 1605 939 πε
1617 887 1668 957 ρὶ

121 971 206 1022 τοῦ
244 971 480 1036 δοθέντος
497 973 646 1044 αὐτῷ
677 975 901 1044 χρυσίου
927 991 939 1003 '
976 976 1258 1044 μέλλοντος
1281 978 1360 1042 δὲ,
1391 978 1465 1040 ὡς
1498 983 1530 1047 ή
1562 981 1689 1032 τῶνη

123 1062 418 1129 προφητῶν,
453 1065 522 1115 τὰ
554 1066 686 1134 περὶ
715 1066 822 1117 τῶν
875 1064 1142 1136 Ἐϐραίων
1177 1069 1270 1120 καὶ
1300 1067 1402 1136 τῆς
1428 1070 1668 1138 Χριστοῦ

39 1161 43 1166 ·
121 1152 424 1221 παρουσίας,
460 1155 528 1222 ἣν
553 1156 643 1207 διά
672 1174 730 1209 τε
764 1156 936 1224 λόγων
965 1159 1058 1212 καὶ
1117 1159 1395 1213 ὀπτασιῶν
1445 1160 1538 1213 καὶ
1580 1161 1670 1232 έρ-

118 1259 219 1309 γων
252 1245 700 1316 παρειλήφαμεν*
746 1251 842 1302 καὶ
904 1251 1188 1318 διαλόγων
1247 1251 1346 1322 μέν
1374 1268 1387 1282 ο
1453 1252 1528 1314 ὡς
1587 1253 1668 1320 τὸ,

38 1367 40 1370 -
124 1354 140 1385 ι
185 1335 301 1389 Ἰδοὺ
331 1338 534 1408 ἡμέραι
568 1339 840 1410 ἔρχονται,
871 1341 1015 1410 λέγει
1044 1342 1264 1413 Κύριος,
1294 1345 1389 1396 καὶ
1428 1345 1670 1414 διαθήσω

117 1427 187 1496 τῷ
210 1429 334 1498 οἴκῳ
377 1431 588 1500 Ἰσραὴλ
624 1433 718 1485 καὶ
757 1432 835 1503 τῷ
862 1435 998 1503 οῐκῳ
1032 1434 1198 1486 Ἰούδα
1227 1435 1494 1504 διαθήκην
1547 1453 1670 1489 και-

117 1521 206 1586 νήν
232 1537 244 1550 ’
282 1541 299 1572 ι
335 1521 402 1574 δι’
430 1523 707 1576 ὀπτασιῶν
751 1525 807 1577 δὲ
832 1567 845 1587 ,
873 1527 951 1587 ὡς
981 1526 1060 1587 τὺ,
1094 1545 1111 1578 ι
1151 1528 1261 1580 Καὶ
1313 1527 1529 1593 ἐγένετο
1582 1529 1670 1580 ιπ⁹

116 1612 210 1681 ἐμὲ
240 1615 357 1684 χεὶρ
399 1616 606 1686 Κυρίου
635 1634 647 1646 ·
687 1637 705 1669 ι
758 1619 874 1679 καὶ,
935 1636 952 1668 ι
1004 1619 1420 1689 Ἀναστήσονται
1479 1622 1528 1672 oi.
1584 1638 1670 1672 νε-

117 1705 231 1774 κροί
258 1721 270 1734 ο
309 1724 327 1756 ι
365 1708 475 1771 καὶ,
511 1726 529 1757 ι
580 1708 881 1778 Ἐθεώρουν
941 1709 1043 1773 ἓως
1090 1712 1214 1763 δτου
1257 1712 1432 1782 Θρόνοι
1481 1713 1670 1783 ἐτέθη-

115 1813 208 1848 σαν
233 1813 245 1828 ο
276 1815 294 1848 ι
324 1797 437 1861 καὶ,
477 1817 494 1849 ι
551 1799 681 1852 Ἰδοὺ
711 1801 848 1868 μετά
880 1803 988 1853 τῶν
1026 1801 1262 1868 νεφελῶν
1291 1805 1367 1865 ὡς
1403 1804 1526 1866 Υἱὸς
1575 1807 1669 1858 ἀν-

1161 414 1479 477 ISAUOCE
1529 420 1602 477 IN
1648 423 1750 479 SS.
1795 421 2282 480 SCRIPTURAS.

743 546 752 553 ·
784 526 842 576 ὲκ
875 524 1040 594 ⁴ιῖριιῖιν
1069 525 1124 577 δὲ
1159 527 1308 594 ὅμως
1341 529 1545 595 χρόνων
1605 529 1661 580 ἓν

1771 544 1893 596 pars
1924 538 1980 582 et
2021 529 2278 583 historica
2306 547 2320 594 ;
2356 528 2533 583 tribus
2561 535 2744 582 autem
2775 525 3114 596 temporibus
3147 528 3341 586 borum

3213 415 3353 486 1810

1777 620 2146 687 quodcunque
2175 630 2390 674 constat
2412 657 2426 680 ,
2474 619 2750 685 praeterito
2773 657 2785 680 ,
2812 618 3062 686 praesenti
3090 659 3103 680 .
3137 605 3346 678 futuro:

1776 709 2056 763 Praeterito
2087 712 2338 777 quidem,
2389 712 2528 764 sicut
2567 711 2702 764 liber
2745 707 2947 778 Moysis
2989 709 3056 763 de
3097 711 3346 766 universi

1775 799 2206 865 constitutione;
2270 801 2562 870 praesenti,
2621 800 2767 854 sicut
2812 799 3114 854 beatissimi
3163 801 3344 856 Elisaai

1776 893 1911 948 liber
1939 889 2007 946 ad
2036 891 2184 947 Giesi
2214 894 2280 947 de
2305 893 2432 946 dato
2457 894 2555 960 ipsi
2581 907 2746 956 auro;
2780 891 2985 954 futuro,
3016 893 3164 946 sicut
3197 891 3346 946 Scri-

1775 990 1933 1050 ptura
1963 981 2379 1050 prophetarum,
2417 980 2483 1032 de
2510 979 2859 1034 Hebraeorum
2896 990 2950 1032 et
2978 979 3182 1032 Christi
3207 994 3346 1047 pra-

1776 1072 1971 1134 sentia,
1996 1085 2158 1141 quam
2185 1088 2278 1142 per
2299 1072 2461 1126 verba
2489 1083 2542 1127 et
2577 1073 2842 1126 mirabilia
2867 1081 2922 1124 et
2953 1087 3118 1140 opera
3156 1087 3346 1124 susce-

1777 1164 1991 1231 pimus;
2013 1180 2107 1235 per
2129 1165 2317 1227 verba,
2349 1166 2490 1219 sicut
2523 1183 2535 1217 :
2565 1185 2584 1216 ι
2623 1165 2759 1217 Ecce
2787 1166 2904 1218 dies
2935 1166 3183 1226 reniunt,
3213 1164 3346 1218 dicit

1779 1252 2079 1323 Dominus,
2114 1263 2170 1310 et
2214 1257 2404 1312 feriam
2445 1258 2631 1310 domui
2680 1257 2845 1310 Israel
2885 1264 2939 1309 et
2987 1257 3174 1309 domui
3203 1255 3343 1310 Iuda

1778 1345 1954 1401 fmdus
1977 1363 2176 1401 novum
2203 1364 2219 1411 ;
2246 1365 2268 1400 ι
2303 1363 2398 1416 per
2429 1347 2719 1410 mirabilia,
2747 1347 2911 1408 sicut,
2951 1363 2969 1396 ι
3003 1345 3064 1398 Ει
3091 1344 3232 1400 facta
3263 1357 3346 1400 est

1776 1453 1946 1507 super
1981 1453 2069 1491 me
2102 1453 2298 1492 manus
2337 1437 2586 1500 Domini;
2621 1456 2637 1488 ι
2668 1446 2756 1499 et,
2798 1455 2816 1488 ι
2855 1435 3163 1505 Resurgerit
3198 1453 3346 1491 mor-

1776 1527 1889 1591 tui;
1921 1544 1939 1576 ι
1971 1534 2026 1579 et
2046 1567 2060 1591 ,
2097 1544 2115 1576 ι
2143 1526 2480 1595 Aspiciebam
2511 1527 2684 1580 donec
2715 1527 2895 1579 throni
2922 1526 3084 1593 positi
3117 1536 3240 1580 sunt
3269 1544 3285 1591 ;
3319 1544 3339 1577 ι

1775 1626 1848 1682 et,
1872 1635 1890 1667 ι
1918 1616 2054 1671 Ecce
2080 1633 2203 1672 cum
2236 1618 2472 1671 nubibus
2494 1618 2653 1686 quasi
2687 1616 2863 1672 Filius
2892 1617 3129 1671 hominis
3159 1618 3346 1670 venie-

1775 1707 1901 1770 bat;
1942 1724 1962 1758 ι
1999 1723 2094 1776 per
2123 1723 2319 1776 opera,
2348 1707 2494 1762 sicut
2522 1708 2588 1762 de
2626 1707 2930 1768 Abraham,
2965 1726 2982 1756 ι
3018 1705 3184 1760 Sume
3212 1708 3344 1761 mihi

1777 1813 1995 1853 vaccam
2031 1798 2299 1853 triennem
2342 1807 2395 1852 et
2441 1813 2662 1868 capram
2709 1798 2929 1851 trimam
2959 1838 2974 1863 ,
3023 1807 3078 1852 et
3113 1798 3342 1851 arietem

113 1888 318 1957 Θριὶιπου
347 1891 640 1961 ἐρχόμενος
658 1907 674 1923 ⁶
702 1913 719 1945 ι
743 1894 993 1964 δι’ἓργων
1009 1895 1084 1959 δὲ,
1105 1897 1177 1958 ὡς
1195 1899 1286 1949 ἐπὶ
1308 1897 1400 1948 τοῦ
1428 1898 1669 1969 ’Δ6ραὰμ

1774 1905 2043 1943 annorum
2068 1889 2232 1942 trium
2264 1897 2320 1944 et
2353 1899 2618 1943 turturem
2647 1900 2699 1943 et
2729 1889 3059 1953 columbam,
3090 1907 3108 1940 ι
3139 1898 3196 1942 et
3222 1904 3346 1957 qua:

116 2000 132 2032 ι
163 1983 300 2035 Λάδε
329 2000 419 2052 μοι
461 1984 695 2053 δάμαλιν
751 1987 1122 2057 τριετίζουσαν
1157 2004 1170 2016 ο
1232 1989 1323 2040 καὶ
1381 1986 1511 2056 αἶγα
1562 2007 1672 2052 τρι-

109 2075 385 2138 ετίζουσαν
412 2077 505 2130 καὶ
535 2077 692 2148 κριὸν
733 2079 1092 2150 τριετίζοντα,
1142 2079 1233 2131 καὶ
1278 2080 1536 2148 τρυγόνα,
1577 2083 1670 2134 καὶ

107 2169 449 2238 περιστερὰν,
487 2188 506 2223 ι
541 2171 635 2223 καὶ
677 2172 746 2226 τὰ
790 2171 951 2239 ἑξῆς·
987 2175 1102 2237 καὶ,
1163 2191 1182 2223 ι
1219 2173 1363 2226 Λάϐε
1400 2174 1490 2226 τὸν
1549 2160 1668 2227 υἱόν

108 2275 199 2310 σου
226 2259 317 2310 τὸν
343 2259 625 2327 ἀγαπητὸν
659 2259 717 2312 δν
752 2261 1064 2329 ἠγάπησας,
1103 2263 1196 2313 τὸν
1238 2261 1482 2316 Ἰσαάκ.)

174 2349 387 2403 Τούτων
417 2351 471 2402 δὲ
501 2352 673 2413 οὕτως
701 2353 951 2420 ἐχόντων,
983 2354 1248 2422 προσήκει
1317 2354 1666 2424 προηγουμέ-

103 2459 206 2503 νως
242 2445 360 2504 ταῖς
383 2443 493 2494 τῶν
521 2445 734 2512 ῥήσεων
784 2443 1068 2496 ὑποθέσεσι
1112 2444 1211 2513 τὴν
1254 2444 1492 2498 διάνοιαν
1567 2450 1664 2515 ὲφ-

109 2533 262 2601 ιστᾷν
291 2533 416 2594 τοὺς
446 2532 875 2601 μαθητεύιντας,
909 2529 1005 2585 εἷθ’
1031 2532 1200 2596 οὕτως
1217 2536 1400 2598 αὐτοῖς
1415 2536 1513 2605 τὴν
1526 2538 1665 2589 κατά

101 2623 244 2686 λέξιν
265 2623 557 2694 ἑρμηνείαν
582 2625 799 2687 οἰκείως
847 2623 1048 2694 ταύτην
1097 2626 1406 2694 προσάγειν
1432 2643 1448 2657 ·
1480 2626 1553 2688 ὡς
1576 2627 1660 2690 ἂν,

97 2716 332 2778 διανοίας
374 2715 450 2785 μὴ
480 2715 960 2784 προϋπαρχούσης,
1008 2718 1040 2784 ἠ
1069 2715 1156 2767 διὰ
1184 2716 1294 2768 τῶν
1318 2717 1489 2784 λόγων
1532 2717 1664 2770 πλά-

639 2807 890 2877 καθάπερ
919 2807 1027 2876 γὰρ
1062 2811 1152 2859 ὲπὶ
1199 2807 1307 2859 τῶν
1355 2811 1421 2862 τὰ
1481 2811 1662 2879 σκάφη

97 2897 623 2967 πηδαλιουχούντων,
656 2899 704 2948 εἰ
751 2898 822 2966 μή
851 2899 955 2948 πού
995 2915 1080 2956 τις
1128 2899 1309 2960 αὐτοῖς
1362 2898 1663 2967 ὡρισμένος

92 2990 192 3043 τοῦ
221 2989 424 3044 σκοποῦ
461 2990 752 3060 προκέοιτο
779 2989 965 3053 τόπος,
991 2991 1069 3052 είς
1092 2990 1148 3042 ὃν
1177 2989 1397 3043 άπασαν
1427 2992 1526 3061 τὴν
1557 2992 1663 3044 τῶν

97 3082 307 3133 οἰάκων
335 3081 504 3150 ῥοπὴν
535 3078 780 3131 εὐθύνειν
812 3079 1074 3147 μέλλοιεν,
1108 3081 1270 3131 παντὶ
1291 3080 1369 3148 τῷ
1394 3081 1662 3150 πνεύματι

100 2809 246 2870 ζοιτο
289 2807 542 2869 σύστασις
574 2823 586 2836 ·

89 3175 195 3241 τὴν
233 3171 436 3224 ἑαυτῶν
474 3172 669 3240 τέχνην
696 3171 965 3241 διαφόρως
1015 3170 1364 3239 ἐμπιστεύειν
1396 3173 1656 3226 συνελαυ-
1691 3209 1732 3266 c

91 3265 332 3332 νόμενοι,
368 3264 433 3315 δι’
455 3264 574 3315 ὅλου
615 3264 870 3332 φέρονται
911 3262 1007 3315 τοῦ
1053 3262 1342 3331 πελάγους,
1387 3264 1461 3327 ὡς
1508 3267 1660 3336 ὅρμῳ

89 3360 163 3426 τῇ
206 3357 306 3425 ἄλη
362 3356 796 3425 προσφεύγοντες
825 3373 837 3385 ·
869 3355 1041 3418 οὕτως
1086 3357 1193 3426 ἄρα
1249 3359 1344 3409 καὶ
1408 3360 1499 3410 ἐπὶ
1553 3361 1662 3412 τῶν

89 3448 195 3515 τῆς
219 3447 330 3499 διδα
360 3447 568 3507 αλίας
613 3445 922 3514 ἐξηγήσεων
948 3445 1006 3509 ἐξ
1033 3447 1276 3516 ἀνάγκης
1303 3448 1660 3518 συμϐήσεται,

92 3535 320 3590 ἐπειδὰν
401 3538 477 3605 μὴ
539 3536 1013 3604 καθυποκειμένης
1069 3537 1209 3605 τινὸς
1286 3543 1664 3610 πραγματείας

91 3627 453 3698 προϐάλλοιτο
478 3645 490 3657 ·
518 3628 632 3689 πῶς
661 3626 770 3696 γάρ
794 3628 892 3678 ούκ
921 3627 986 3678 ἂν
1017 3628 1100 3697 εἴη
1139 3628 1246 3681 τῶν
1276 3631 1662 3698 ἀτοπωτάτων,

103 3723 144 3772 .i
183 3721 281 3782 τὰς
341 3719 443 3788 μὲν
500 3719 797 3787 ῥαψῳδίας,
851 3718 1146 3788 πλάσματα
1210 3723 1302 3773 καὶ
1341 3723 1440 3776 ούκ
1488 3725 1663 3795 ἁληθῆ

91 3813 404 3880 πράγματα
432 3810 810 3879 περιεχούσας,
855 3811 955 3861 οὐκ
1038 3809 1247 3864 ἔνεστιν
1305 3814 1502 3884 ἑτέρως
1555 3819 1668 3868 είσ-

89 3896 418 3966 ηγησασοαι
452 3898 580 3958 τοὺς
603 3898 987 3966 ἐπιστήμονας,
1007 3898 1081 3968 μὴ
1111 3900 1375 3969 πρότερον
1411 3903 1508 3971 τὴν
1538 3906 1666 3958 ἑκά-

88 4004 228 4056 στης
269 3987 446 4038 αύτῶν
495 3987 754 4039 ὑπόθεσιν
813 3989 892 4050 είς
944 3988 1148 4056 γνῶσιν
1217 3993 1665 4062 ἑνεγκαμένους·

83 4080 168 4140 ὡς
203 4078 269 4130 ἂν
300 4079 432 4149 πρὸς
466 4079 668 4149 ταύτην
702 4079 946 4142 εἰκότως,
981 4081 1074 4132 καὶ
1117 4080 1192 4151 μὴ
1248 4085 1382 4156 πρὸς
1428 4087 1666 4156 άνέμους

95 4169 194 4236 τὴν
223 4167 336 4218 τῶν
371 4168 545 4233 λόγων
573 4171 771 4236 χρῆσιν
803 4170 1092 4238 ὲκφέροιεν
1113 4185 1124 4200 ·
1155 4172 1222 4223 τά
1258 4173 1317 4224 δὲ
1359 4177 1457 4244 τῆς
1519 4176 1668 4239 θείας

87 4258 256 4327 ἡμῶν
295 4259 718 4326 ὑποθημοσύνης
749 4259 1144 4322 ἀνυποστάτοις
1171 4264 1280 4314 τισὶ
1341 4271 1667 4335 στοχασμοῖς

82 4347 523 4415 ὁποδάλλοιμεν,
561 4349 777 4410 είκαίας
810 4350 992 4412 αὐτοῖς
1025 4353 1117 4402 καὶ
1148 4353 1551 4425 ἀσυναρτήτους
1570 4359 1666 4420 τάς

79 4436 404 4507 ἑρμηνείας
439 4438 724 4506 ἐπιφέρειν
754 4439 813 4490 ού
852 4441 1310 4509 δυσωπούμενοι·
1345 4445 1555 4518 διόπερ,
1607 4449 1665 4502 ὃν

1772 1990 2111 2049 sequuntur;
2179 1993 2273 2048 et,
2329 2001 2346 2034 ι
2377 1980 2528 2035 Tolle
2579 1982 2748 2034 lilium
2801 1992 2953 2034 tuum
3005 1981 3340 2047 unigenitum

1770 2087 1932 2138 quem
1970 2071 2152 2142 diligis
2191 2071 2516 2138 Isaac.i(lV
2555 2073 2680 2142 Reg.
2717 2088 2778 2136 v,
2817 2072 2917 2135 l9;
2949 2071 3145 2126 Jerem.
3181 2089 3341 2136 χιιι,

1767 2161 1828 2217 51
1861 2181 1875 2228 ;
1917 2163 2107 2218 Ετεείι.
2138 2181 2219 2229 ιιι,
2242 2164 2346 2228 22;
2390 2163 2417 2216 1
2451 2163 2631 2219 Thess.
2666 2181 2739 2229 tv,
2779 2164 2880 2230 10;
2918 2163 3057 2217 Dan.
3125 2180 3221 2228 vtt,
3256 2169 3289 2222 9
3321 2181 3343 2230 ς

1768 2255 1896 2311 Cen.
1927 2273 2012 2320 xv,
2053 2255 2120 2314 9:
2161 2272 2307 2319 uit,
2346 2257 2440 2326 l.)

1838 2349 1934 2405 llis
1981 2350 2051 2403 ita
2101 2367 2158 2405 se
2199 2351 2561 2414 habentibus,
2590 2350 2656 2403 ad
2689 2351 2984 2405 verborum
3019 2359 3339 2421 argumenta

1768 2441 2100 2494 intellectum
2137 2442 2292 2495 decet
2335 2443 2611 2511 applicare
2649 2442 2957 2506 discentes,
3013 2442 3208 2495 deinde
3260 2444 3340 2495 sic

1767 2533 1894 2601 ip~is
1953 2533 2454 2602 interpretationem
2519 2535 2821 2588 secundum
2886 2535 3084 2603 stylum
3136 2549 3336 2587 conve-

1765 2627 1974 2678 nienter
1997 2624 2227 2678 aﬂerre:
2263 2627 2336 2678 ita
2367 2635 2424 2678 ut
2450 2626 2803 2694 intelligentia
2835 2642 2941 2679 non
2975 2628 3336 2694 prtecedente,

1764 2717 1830 2769 de
1851 2717 2039 2770 verbis
2084 2717 2302 2768 collatio
2345 2717 2492 2768 varie
2533 2727 2814 2770 tractaret.
2863 2718 3334 2782 Quemadmodum

1765 2808 1909 2860 enim
1945 2808 2009 2861 de
2047 2809 2113 2861 iis
2163 2809 2252 2877 qui
2291 2809 2446 2862 navis
2488 2809 2918 2875 gubernaculum
2964 2818 3183 2871 tenent,
3230 2810 3334 2861 nisi

1766 2900 1889 2966 quis
1930 2900 2061 2967 ipsis
2112 2901 2373 2967 specialis
2426 2901 2526 2950 via:
2561 2900 2822 2952 terminus
2859 2911 3225 2968 proponat-ur,
3266 2902 3334 2953 ad

1765 3007 1924 3058 quem
1997 3001 2161 3043 totam
2208 2991 2564 3061 gubernaculi
2613 2993 2717 3042 vim
2769 2992 3046 3044 motricem
3103 2992 3337 3058 dirigere

1765 3081 2014 3140 debeant.
2053 3081 2200 3132 omni
2233 3091 2392 3132 vento
2425 3093 2612 3132 eorum
2669 3089 2838 3132 artem
2879 3081 3028 3132 varie
3069 3080 3338 3134 conﬁdere

1766 3173 2014 3225 ardentes
2047 3187 2140 3238 per
2171 3182 2340 3224 totum
2365 3171 2610 3225 feruntur
2644 3187 2818 3236 mare,
2850 3173 2991 3226 sicut
3031 3173 3208 3240 portui
3242 3188 3336 3240 pe-

1768 3264 2125 3325 regrinationi
2187 3280 2303 3318 sese
2352 3265 2546 3318 dantes
2589 3283 2601 3316 :
2642 3267 2718 3318 sic
2754 3279 2884 3331 ergo
2933 3264 2999 3317 de
3041 3264 3342 3332 tliSt‘iplinﬂ.’

1765 3358 2040 3408 auditione
2069 3357 2377 3408 neci-sario
2398 3359 2628 3414 eveniet.
2660 3356 2931 3423 siquidem
2964 3371 3070 3408 non
3099 3371 3327 3423 pensum

1765 3447 2035 3513 quoddam
2069 3456 2325 3499 statutum
2374 3456 2706 3514 proponatur
2746 3464 2759 3500 :
2796 3446 3153 3500 accommodo
3191 3447 3334 3498 enim

1765 3553 1872 3592 non
1922 3547 2063 3590 esset
2102 3537 2590 3602 stultissimorum,
2633 3544 2686 3598 in
2721 3543 2961 3598 dramata
3014 3538 3241 3590 fallaciis
3284 3548 3346 3591 ct

1764 3628 2087 3680 commentis
2119 3644 2147 3678 ιι
2180 3628 2404 3681 veritate
2433 3630 2624 3682 alienis
2656 3629 2852 3681 referta
2881 3627 3034 3681 nefas
3064 3639 3146 3680 est
3173 3629 3331 3680 aliter

1766 3716 2112 3770 introducere
2147 3719 2384 3785 peritos,
2425 3720 2527 3772 nisi
2567 3720 2717 3787 prius
2766 3719 3190 3787 unumquodque
3235 3719 3337 3771 ho-

1769 3826 1886 3862 rum
1924 3820 2304 3878 argumentum
2343 3810 2406 3863 ad
2453 3811 2698 3862 notitiam
2737 3810 3028 3874 inducant,
3069 3810 3139 3862 ita
3175 3819 3233 3862 ut
3269 3809 3336 3861 ad

1766 3901 1914 3954 illam
1969 3903 2356 3955 convenienter
2404 3911 2455 3954 et
2513 3917 2620 3954 non
2675 3903 2728 3953 in
2779 3911 2998 3954 ventum
3050 3903 3335 3953 verborum

1766 4007 1926 4046 usum
1957 3992 2280 4060 proferant;
2326 3993 2488 4046 verba
2528 4001 2709 4047 autem
2745 3992 2942 4044 divinae
2979 3992 3339 4047 institutionis

1768 4095 1968 4138 nostra:
2003 4086 2054 4136 in
2091 4086 2447 4154 incomposita
2480 4087 2726 4152 quzedam
2769 4086 2996 4154 injicere
3033 4083 3336 4147 stomacha,

1768 4177 2082 4229 temerarias
2123 4177 2228 4230 illis
2275 4186 2329 4230 et
2380 4177 2518 4230 tnale
2556 4189 2821 4230 coeuntes
2853 4177 3332 4245 interpretationes

1769 4267 1960 4321 aﬂerre
2014 4282 2120 4320 non
2178 4269 2592 4321 erubescentes.
2644 4268 2830 4335 Itaque
2877 4267 3336 4336 quemadmodum

1771 4358 1944 4426 iisqui
1982 4357 2033 4408 in
2071 4357 2318 4426 ignotam
2350 4359 2575 4411 omnino
2610 4361 2811 4411 vadunt
2842 4359 3135 4427 regionem,
3175 4373 3338 4426 opor-

1771 4455 1844 4498 tet
1878 4445 2054 4513 potius
2093 4459 2186 4496 cos
2222 4443 2316 4512 qui
2356 4444 2518 4511 hujus
2556 4445 2947 4512 experientiam
2991 4445 3190 4498 habent
3228 4457 3339 4511 prin

72 4531 299 4598 τρόπον
328 4532 441 4590 τοῖς
467 4531 544 4591 είς
575 4532 853 4596 ἄγνωστον
882 4533 1057 4601 πάντη
1120 4535 1494 4602 στελλομένοις
1552 4541 1658 4608 χώ-

1771 4536 2019 4588 omnibus
2055 4536 2194 4586 viam
2227 4534 2351 4587 illuc
2382 4535 2668 4589 ducentem
2704 4536 2966 4598 indicare,
2999 4551 3106 4606 qua
3152 4543 3338 4588 trans-

75 4639 191 4691 ραν
222 4621 334 4688 χρὴ
364 4621 566 4688 μᾶλλον
597 4624 723 4682 τοὺς
754 4623 812 4673 ἐν
846 4624 1011 4693 πείρᾳ
1050 4625 1254 4695 ταύτης
1300 4629 1669 4697 τυγχάνοντας

72 4713 198 4780 πρό
241 4713 564 4781 γεπάντων
604 4713 700 4782 τὴν
746 4715 1068 4781 ἀπάγουσαν
1128 4719 1373 4785 ἀτραπὸν
1417 4738 1668 4792 καταμη-

71 4804 267 4865 νύειν,
305 4801 374 4855 δι’
432 4797 498 4873 ἧς
533 4805 871 4873 πορεύοιντο,
901 4806 1048 4858 οὕτω
1073 4825 1131 4860 τε
1173 4806 1237 4862 αὖ
1266 4812 1332 4863 τά
1367 4814 1507 4864 κατά
1539 4817 1669 4869 ταύ·

74 4914 189 4963 την
230 4895 423 4956 αὐτοῖς
457 4897 749 4964 γνωρίζειν
781 4900 1012 4966 σημεῖα,
1053 4894 1130 4960 οἷς
1183 4901 1668 4971 ἐξακολουθοῦντας

72 4987 374 5058 μηδαμῶς
398 4988 496 5055 τῆς
538 4989 755 5050 εύῦείας
781 4992 1218 5057 ἀποσφάλλοιντο
1241 5012 1253 5023 ’
1287 4998 1379 5047 τὸν
1405 4998 1572 5049 αὑτὸν
1606 5001 1670 5052 ἂν

67 5096 168 5139 τις
195 5080 300 5130 καὶ
331 5080 422 5130 ἐπὶ
449 5081 555 5132 τῶν
576 5081 850 5134 παιδεύειν
883 5084 1373 5154 ἐπαγγελλομένων
1395 5090 1661 5156 ὁρίσαιτο,

69 5171 535 5241 προηγουμένως
596 5174 693 5239 μὲν
751 5173 847 5240 τὴν
906 5173 1011 5224 τῶν
1061 5178 1404 5246 πραγμάτων
1473 5181 1671 5244 αύτούς

67 5265 383 5326 ὑπόθεσιν,
413 5265 700 5332 γνωρίμην
736 5267 931 5334 χρῆναι
963 5267 1225 5338 καθιστᾷν
1255 5274 1366 5331 τοῖς
1417 5273 1670 5324 παιδευο-

69 5354 284 5422 μένοις
322 5355 405 5413 εἰς
432 5353 498 5421 ἣν
530 5355 842 5419 ἀναγκαίως
873 5355 1045 5424 ἔχοιεν
1077 5361 1175 5426 τὴν
1207 5360 1305 5426 τῆς
1337 5360 1673 5414 ἑαυτῶνδια-

63 5442 242 5504 νοίας
283 5443 562 5494 ἐπιδοῦναι
581 5446 752 5512 ῥοπήν
781 5463 791 5472 ·
832 5442 949 5496 εἶτα
987 5447 1078 5513 τὴν
1111 5447 1216 5499 τῶν
1239 5451 1523 5517 γραφικῶν
1545 5449 1676 5500 ἰδιω-

70 5534 290 5602 μάτων
330 5533 557 5600 εἴδησιν,
594 5534 694 5601 τήν
753 5551 812 5584 τε
865 5535 972 5586 τῶν
1013 5538 1310 5604 σχημάτων
1361 5537 1672 5603 smmum.

65 5623 184 5674 καὶ
213 5621 321 5689 τὴν
357 5623 463 5672 τῶν
495 5623 713 5690 τρόπων
746 5625 1024 5693 διάκρισιν
1057 5643 1070 5654 ·
1104 5627 1199 5692 οὐχ
1232 5628 1427 5692 ἥκιστα
1486 5629 1542 5677 δὲ
1581 5628 1674 5694 τὴν

66 5719 186 5780 τῇς
224 5715 380 5766 κατὰ
413 5715 510 5781 τὴν
551 5714 696 5776 λέξιν
740 5717 1038 5784 ἑρμηνεῖας
1097 5720 1415 5785 σαφήνειαν,
1477 5711 1562 5768 οἶα
1610 5720 1671 5785 δή

65 5822 219 5859 τινα
256 5809 467 5875 σημεῖα
504 5806 598 5881 τῆς
631 5806 938 5874 ὁδοιπορίας
979 5811 1532 5876 προσυποόεικνυιαι·
1606 5810 1672 5862 δι’

1770 4635 2114 4687 meaverunt;
2154 4626 2231 4677 sic
2262 4626 2429 4678 etiam
2473 4626 2540 4678 ad
2586 4625 2726 4677 viam
2795 4627 2948 4694 signa
2991 4625 3125 4694 ipsis
3162 4633 3354 4678 osten~

1769 4717 1898 4769 dere
1937 4732 2170 4782 quorum
2205 4735 2304 4784 ope
2339 4719 2644 4783 gradientes
2683 4731 2964 4784 nunquam
3007 4732 3036 4768 a
3075 4723 3222 4769 recta
3254 4715 3342 4770 via,

1771 4807 2044 4859 declinent
2077 4825 2088 4859 :
2133 4807 2205 4859 ita
2246 4816 2298 4859 et
2333 4809 2425 4874 qui
2463 4809 2602 4860 alios
2640 4807 2836 4861 docere
2879 4808 3197 4874 proliteutur
3227 4813 3338 4857 sta:-

1771 4908 1945 4957 tnant,
1984 4899 2033 4949 in
2065 4899 2255 4965 primis
2280 4899 2496 4966 quidem
2527 4915 2709 4952 rerum
2741 4909 3120 4968 argumentum
3151 4904 3352 4948 notum-

1776 4989 1996 5041 reddere
2026 5004 2084 5042 se
2118 4989 2316 5041 debere
2352 4990 2659 5056 discipulis.
2695 4990 2894 5054 quibus
2923 4989 3084 5041 rebus
3116 4999 3341 5038 necesse

1776 5081 1974 5132 habent
2015 5081 2256 5146 ipsarum
2302 5081 2500 5148 ingenii
2532 5095 2757 5132 arumen
2801 5079 3100 5147 applicare;
3147 5075 3354 5129 deinde-

1775 5173 2090 5223 idiomatum
2131 5171 2424 5237 Scriptus-ie
2451 5171 2836 5239 cognitionem,
2869 5171 3167 5235 ﬁgurarum
3201 5166 3342 5218 noci-

1777 5266 1936 5324 tiam,
1977 5273 2254 5330 troporum
2292 5263 2728 5323 distinctionem,
2784 5276 2880 5312 nec
2923 5260 3105 5312 minus
3146 5273 3344 5311 secun-

1775 5354 1900 5404 dnttt
1937 5355 2129 5420 stylutn
2166 5352 2632 5416 interpretationis
2673 5350 3138 5401 elucubratiouem
3181 5347 3340 5399 situt-

1779 5445 1955 5509 liaque
2005 5443 2101 5493 vim
2145 5443 2342 5492 indit-in
2391 5457 2722 5514 proponere,
2767 5457 2860 5506 per
2908 5456 3026 5508 (μιςιι
3073 5446 3249 5489 tntum
3291 5447 3344 5486 rt

1777 5547 1977 5587 certum
2016 5534 2120 5584 illis
2154 5543 2416 5600 [imponat
2457 5536 2520 5582 ad
2564 5532 2916 5583 dCSlill:tllllll.
2966 5530 3172 5581 Etenim
3218 5540 3330 5592 per-

1780 5627 2025 5691 spirttttttt
2059 5633 2141 5674 est
2173 5623 2313 5687 qum‘l
2358 5637 2422 5673 IIS
2453 5622 2542 5688 qui
2578 5623 2775 5681 volure,
2820 5622 2906 5672 sed
2940 5635 3042 5667 non
3080 5633 3170 5683 per
3200 5633 3341 5666 nam

1779 5716 1928 5782 gradi
1961 5715 2166 5774 volunt,
2195 5730 2330 5763 \aua
2357 5726 2406 5763 et
2441 5715 2647 5785 Inutilis
2674 5713 2737 5769 sit
2770 5721 3031 5762 metatum
3064 5708 3347 5759 iudicatio.

1781 5808 2003 5874 Oportet
2034 5815 2213 5856 autem
2241 5817 2460 5855 omnino
2488 5805 2766 5854 animosos
2787 5817 2906 5854 esse
2939 5801 2988 5852 tu
3015 5800 3302 5866 disciplina
3332 5814 3350 5852 '.
