4144 6448
182 449 303 515 1313

1359 448 1613 509 SERMO
1655 443 2217 506 LAUDATORIUS.

3272 441 3406 510 13η

1114 715 1478 803 ΛΟΓΟΣ
1534 711 2450 801 ΕΓΚΩΜΙΑΣΤΙΚΟΣ

1210 919 1305 989 Τῌ
1335 917 1496 990 ΔῐΊᾼ
1526 913 2048 970 ΠΡΟΣΦΩΝΗΘΕΙΣ
2104 913 2372 983 ΣΥΝΟΔῼ

661 1018 844 1072 ΠΑΡΑ
889 1015 1264 1070 ΕΠΙΦΔΝΙΟΥ
1297 1012 1652 1068 ΔΙΑΚΟΝΟΥ
1665 1008 2012 1065 ’ΚΑΤΑΝΑΣ
2045 1008 2182 1061 ΤΗΣ
2227 1008 2530 1063 ΣῙΚΕΛΩΝ
2558 1007 2925 1082 ΕΠᾹΡΧΙΑΣ,

696 1109 818 1161 ΚΑΙ
857 1102 1377 1160 ΤΟΠΟΤΗΡΗΤΟΥ
1398 1104 1588 1158 ΘΩΜΑ
1626 1098 2198 1157 ΑΡΧΙΕΠΙΣΚΟΠΟΥ
2253 1099 2559 1171 ΣΑΡΔῼΩΝ
2607 1100 2860 1157 ΝΗΣΟΥ.

1127 1474 1256 1564 SE
1281 1469 1526 1564 RMO
1598 1468 2438 1564 LAUDATOBIUS

1231 1687 1483 1732 SANCTE
1537 1687 2022 1732 PRONUNTIATUS
2094 1685 2341 1730 SYNODO

699 1788 780 1829 ΑΒ
815 1785 1149 1831 ΕΡῙΡΗΑΝΙΟ
1189 1787 1461 1832 ΒῙΔΟΟΝΟ
1483 1787 1730 1831 ECCLESI

1834 1785 2071 1830 ΞΑΤΑΝΕ
2103 1784 2457 1828 SICULORUII
2498 1783 2871 1837 PROVINCLE,

747 1889 822 1932 AC
851 1889 988 1933 LOCI
1018 1890 1386 1934 SERVATOBE
1428 1889 1659 1934 ΤΗΟΜΕ
1688 1891 1727 1934 Δ

1834 1888 2156 1932 ιιειιιςεοιιι
2178 1886 2520 1932 ελῐωοιιωι
2549 1885 2811 1932 INSULE.

1282 2034 1503 2106 (llum,
1535 2034 1743 2091 Concil.
1785 2051 1822 2090 t.
1869 2033 2012 2102 Xlll,
2050 2049 2103 2104 p.
2141 2033 2291 2104 441.)

237 2367 296 2418 '0
321 2368 588 2439 μακάριος
614 2369 898 2440 προφήτης
948 2367 1176 2433 Ἡσαΐας
1205 2369 1337 2441 θείῳ
1386 2371 1733 2442 καταλαμπό-

1916 2369 2116 2424 Beatus
2156 2370 2417 2437 propheta
2474 2364 2644 2418 Isaias
2694 2361 2876 2417 divino
2920 2370 3144 2431 accepto
3195 2359 3397 2430 Spiritu

155 2477 317 2530 μενος
361 2460 668 2530 Πνεύματι,
694 2460 792 2530 τὴν
830 2460 921 2514 διὰ
954 2461 1192 2531 Χριστοῦ
1221 2467 1596 2534 γεγενημένην
1629 2462 1738 2516 τῶν

150 2551 324 2605 ἐθνῶν
368 2551 750 2622 ἀπολύτρωσιν
799 2547 859 2605 εὖ
901 2552 1048 2622 μάλα
1088 2551 1613 2624 προαναθεωρησας.
1643 2551 1739 2606 καὶ

150 2646 260 2696 τῶν
297 2644 366 2696 δι’
402 2643 567 2696 αὑτοῦ
614 2644 976 2713 σεσωσμένων
1022 2643 1121 2714 τὴν
1155 2643 1364 2714 πληθὺν
1406 2643 1508 2697 οὐκ
1540 2647 1739 2714 ἠγνοη-

150 2736 263 2799 κὼς
309 2736 742 2808 προσπεφώνηκέ
774 2753 876 2790 που
914 2736 989 2799 ὡς
1029 2738 1093 2789 εκ
1142 2735 1436 2807 προσώπου
1475 2735 1570 2789 τοῦ
1601 2734 1736 2789 Θεοῦ

146 2829 262 2890 τοῖς
290 2829 432 2880 κατά
464 2829 690 2898 καιροὺς
720 2827 826 2881 τῶν
863 2827 1028 2896 ίερῶν
1056 2826 1281 2896 λαχοῦσι
1310 2825 1578 2895 ποιμνίων
1609 2827 1734 2878 ἐπτ-

153 2918 374 2969 στατεῖν
399 2918 575 2972 τοιάδε
602 2933 615 2946 ·
650 2937 670 2968 ι
693 2917 1002 2989 Πορεύεσθε
1034 2918 1122 2972 διὰ
1146 2918 1256 2971 τῶν
1288 2917 1471 2971 πυλῶν
1493 2935 1619 2989 μου,
1643 2917 1738 2972 καὶ

146 3007 525 3074 ὁδοποιήσατε.
559 3007 636 3077 τῷ
681 3008 797 3078 λαῷ
830 3025 934 3079 μου
954 3025 971 3038 ·
999 3009 1097 3062 καὶ
1139 3009 1267 3072 τοὺς
1311 2998 1497 3072 λίθους
1528 3011 1597 3063 ἐκ
1632 3009 1737 3078 τῆς

145 3096 270 3150 ὀδοῦ
302 3097 645 3169 διαρρίψατε.
688 3118 706 3150 ι
757 3100 913 3163 Τίνες
954 3101 1000 3154 δ’
1031 3100 1097 3155 ἂν
1130 3103 1339 3156 νοοῖντο
1370 3103 1438 3157 al
1466 3102 1662 3167 πύλαι,
1689 3104 1731 3173 ἢ

144 3182 250 3252 τῆς
277 3185 640 3239 θεοπνεύστου
682 3188 905 3259 Γραφῆς
945 3192 1041 3243 καὶ
1079 3191 1196 3244 τῶν
1232 3191 1406 3260 ἁγίων
1440 3193 1734 3261 προφητῶν

146 3276 200 3327 οἱ
231 3276 380 3343 λόγοι
407 3294 420 3340 ;
449 3277 542 3338 οὓς
568 3277 757 3351 ὥσπερ
781 3281 934 3344 τινὰ-ς
966 3281 1163 3352 νοητὰς
1192 3284 1597 3346 ἀναπτύσοντες
1631 3285 1731 3336 πύ·

147 3367 248 3428 λας
280 3369 348 3438 τῇ
385 3369 653 3439 ἑρμηνείᾳ
698 3372 746 3423 ol
781 3370 890 3423 τῶν
922 3372 1155 3440 λογικῶν
1182 3373 1514 3444 θρεμμάτων
1540 3375 1733 3445 ποιμέ-

151 3474 262 3521 νες,
298 3458 470 3521 οὕτως
521 3449 662 3514 αὐτὰ
704 3462 800 3514 ἐπὶ
839 3459 940 3532 τὴν
987 3464 1204 3534 εύρεῖάν
1252 3481 1312 3518 τε
1352 3467 1445 3518 καὶ
1475 3465 1732 3537 ἀληθινὴν

145 3551 486 3620 ἀποφέρουσι
508 3552 709 3623 Θύραν,
732 3554 820 3608 τὸν
841 3556 1046 3625 Κύριον
1063 3556 1219 3627 ἡμῶν
1253 3557 1457 3627 Ἰησοῦν
1475 3560 1728 3629 Χριστὸν,

144 3644 238 3694 τὸν
259 3643 429 3706 ὅντως
461 3644 596 3712 πρὸς
641 3644 735 3697 τὸν
769 3647 990 3719 Πατέρα
1045 3649 1330 3720 γινόμενον
1365 3653 1492 3720 ἡμῖν
1519 3651 1691 3721 θύραν
1711 3669 1724 3683 ·

1842 2461 2040 2516 factam
2071 2461 2315 2532 gentium
2347 2475 2442 2529 per
2471 2457 2752 2512 Christum
2795 2455 3224 2523 redemptionem
3259 2453 3412 2510 valde

1841 2553 1977 2608 bene
2013 2552 2340 2622 praevidens,
2385 2561 2440 2604 et
2473 2563 2662 2602 eorum
2696 2546 2790 2616 qui
2821 2560 2920 2616 per
2960 2549 3136 2615 ipsum
3168 2545 3411 2600 salvandi

1839 2652 2000 2701 erant
2031 2642 2445 2698 multitudinem
2481 2656 2591 2696 non
2637 2642 2928 2710 ignorans,
2964 2648 3024 2694 ut
3064 2655 3130 2694 ev
3176 2652 3411 2708 persona

1839 2731 1935 2790 Dei
2013 2734 2214 2788 alicubi
2307 2733 2686 2804 pronuntiavit
2750 2731 2837 2785 his
2881 2731 2974 2800 qui
3037 2745 3134 2800 per
3195 2729 3411 2800 singula

1837 2836 2087 2896 tempera
2133 2840 2418 2882 sacrorum
2472 2824 2781 2877 sortiuntur
2825 2822 3241 2892 praeposituram
3295 2821 3414 2873 ovi-

1838 2918 1997 2981 hum,
2031 2917 2150 2972 haec
2186 2934 2201 2971 :
2239 2934 2257 2966 ι
2286 2915 2579 2970 Ambulate
2606 2930 2702 2984 per
2725 2925 2915 2985 portas
2945 2928 3118 2976 meas,
3147 2921 3201 2967 et
3230 2911 3415 2966 ducite

1834 3008 2096 3077 populum
2124 3021 2327 3072 meum,
2348 3015 2400 3060 et
2425 3005 2635 3074 lapides
2666 3019 2694 3058 ιι
2724 3005 2810 3057 via
2842 3004 3093 3074 projicite
3122 3003 3160 3057 '..
3192 3021 3210 3054 ›
3250 3004 3412 3068 Quat-

1833 3111 1961 3149 natn
1995 3094 2380 3165 intelliguntur
2413 3101 2616 3163 portaa,
2671 3091 2778 3146 nisi
2820 3091 3086 3145 divinitus
3135 3091 3412 3158 inspirata:

1837 3190 2153 3259 Scriptura.
2176 3198 2605 3256 sanctorumque
2629 3184 3024 3255 prophetarum
3055 3181 3257 3238 verba?
3279 3181 3412 3248 Quae

1835 3280 2100 3334 nimirum
2145 3280 2302 3348 quasi
2344 3277 2610 3347 quasdam
2653 3276 3058 3331 iutellectuales
3095 3284 3284 3344 portas
3325 3291 3404 3327 ra-

1836 3371 2182 3426 tionabitium
2217 3378 2468 3440 pastores
2514 3368 2784 3438 pecudum
2834 3366 3243 3436 interpretando
3285 3380 3413 3435 ape-

1836 3465 2058 3529 rientes,
2080 3463 2161 3517 sic
2177 3478 2271 3517 eas
2293 3465 2360 3517 ad
2389 3463 2560 3516 latum
2587 3471 2642 3517 et
2660 3476 2846 3516 verum
2871 3460 3150 3514 adducunt
3173 3459 3397 3522 ostium,

1834 3553 2084 3608 videlicet
2119 3552 2402 3611 Dominum
2463 3559 2715 3606 nostrum
2752 3548 2940 3605 Jesum
2972 3549 3288 3614 Christum,
3315 3547 3412 3617 qui

1834 3660 1961 3699 vere
1984 3645 2048 3698 ad
2069 3644 2282 3698 Patrem
2310 3643 2466 3698 nobis
2493 3642 2670 3698 factus
2694 3651 2777 3698 est
2795 3643 3023 3704 ostium,
3048 3639 3411 3710 quemadmo-

145 3731 333 3796 καθὼς
349 3732 510 3795 αὐτός
539 3735 642 3787 πού
675 3753 892 3807 φησιν,‹
925 3739 1065 3808 Ἐγὼ
1093 3742 1208 3811 είμι
1235 3745 1267 3810 ὴ
1295 3740 1484 3813 θύρα.»
1505 3720 1658 3794 Athon.
1677 3742 1732 3796 δὲ

1837 3739 1964 3790 dum
2017 3737 2144 3805 ipse
2194 3737 2310 3797 ait,
2349 3735 2477 3804 quia
2528 3753 2547 3785 ι
2593 3748 2692 3802 ego
2735 3749 2855 3788 sum
2914 3729 3184 3787 ostium'.»
3244 3729 3412 3784 l‘orro

144 3826 312 3878 πάλιν
341 3829 465 3881 οίέν
487 3832 552 3899 τῇ
580 3829 685 3899 ὁδῷ
740 3832 1236 3903 προσριπτούμενοι
1270 3835 1338 3888 τὰ
1359 3833 1420 3900 ἐξ
1450 3835 1734 3904 αἱρετικῆς

141 3919 311 3986 τυχὸν
341 3921 648 3990 συμμορίας
681 3922 748 3975 ἂν
773 3920 885 3975 εἷεν
914 3925 1206 3988 σκάνδαλα,
1239 3925 1274 3979 ἀ
1315 3925 1566 3997 καθάπερ
1591 3927 1732 3989 τινες

142 4008 285 4061 λίθοι
305 4012 370 4080 τῇ
395 4013 641 4082 ἡμετέρᾳ
670 4014 766 4081 τῆς
792 4014 1027 4079 πίστεως
1064 4017 1475 4087 παρατιθέμενα
1518 4017 1692 4086 τρίϐῳ
1715 4057 1730 4080 ,

144 4101 268 4163 τοὺς
301 4101 439 4171 πρὸς
467 4101 567 4173 τὴν
598 4103 767 4168 δντως
795 4100 962 4160 οὖσαν
987 4107 1104 4159 ὁδὸν
1132 4109 1271 4160 ἱέναι
1314 4108 1566 4170 θέλοντας
1611 4109 1734 4161 δυσ·-

139 4191 324 4254 σεόῶς
345 4195 712 4262 προσκόπτειν
731 4199 1235 4266 παρασκευάζειοτὺ
1260 4201 1384 4252 ὅσον
1408 4201 1493 4268 ἐφ’
1519 4201 1731 4263 ἑαυτοῖς

135 4283 244 4352 τὴν
269 4282 390 4336 ὁδὸν
418 4285 600 4349 αὐτοῖς
620 4285 930 4341 ἀποκλείειν
960 4289 1354 4354 σπουδάζοντες
1377 4307 1390 4320 ·
1410 4292 1528 4354 ὁδὸς
1557 4291 1613 4345 δὲ
1628 4291 1732 4344 πά-

134 4390 225 4426 Αιν
250 4375 281 4425 δ
303 4375 505 4445 Κύριος
534 4376 694 4445 ἡμῶν
733 4379 944 4448 Ἰησοῦς
968 4380 1410 4453 Χριστὸς,ταύτῃ
1436 4382 1501 4435 ἂν
1536 4384 1727 4448 νοοῖτο,

134 4464 332 4528 καθώς
349 4482 513 4537 φησιν
531 4467 696 4530 αὑτός
713 4485 727 4499 ·
749 4468 830 4520 ὃτι
853 4488 870 4521 ι
895 4469 1033 4537 Ἐγώ
1053 4473 1165 4540 είμι
1188 4472 1377 4542 ὴζωὴ,
1395 4473 1488 4525 καὶ
1503 4476 1539 4544 ἡ
1555 4475 1691 4537 ὁδός.
1705 4494 1724 4526 ι

133 4554 254 4617 Οῦς
284 4572 440 4618 τινας
477 4557 542 4628 δὴ
582 4559 894 4627 αἱρετικοὺς
937 4560 1118 4624 λίθους
1159 4563 1208 4614 οί
1238 4562 1347 4614 τῶν
1391 4564 1581 4634 ίερέων
1610 4567 1732 4618 ὶπι-

133 4646 419 4715 στήμονες
446 4649 744 4716 προσφυῶς
765 4667 821 4702 τε
846 4652 938 4704 καὶ
963 4651 1103 4720 μάλα
1134 4653 1399 4723 εὐτέχνως
1425 4655 1522 4706 σὺν
1541 4655 1730 4726 ὁδηγίᾳ

132 4737 238 4788 τοῦ
273 4737 593 4806 Πνεύματος
622 4739 724 4809 τῆς
751 4742 1026 4811 ἡμετέρας
1051 4742 1195 4807 ὁδοῦ,
1231 4744 1351 4812 ἢτοι
1375 4743 1469 4796 τοῦ
1505 4745 1601 4814 τῆς
1639 4748 1730 4798 πί-

134 4843 322 4890 στεως
355 4829 823 4900 ἀποκαθαίροντες
856 4832 1036 4901 λόγου,
1069 4834 1350 4901 πέμπουσι
1400 4835 1499 4905 μὲν
1534 4837 1730 4898 αὐτοὺς

133 4918 286 4988 πρὸς
330 4919 429 4981 τὰς
457 4919 564 4973 τῶν
608 4911 879 4990 ῥιψάντων
909 4924 1182 4991 κεφαλάς·
1221 4923 1442 4977 εὔκολον
1480 4925 1537 4978 δὲ
1586 4926 1728 4979 οὕτω

132 5010 240 5106 καὶ
273 5012 644 5106 τετριμμένην
690 5015 801 5074 τοῖς
837 5014 941 5065 ὑπὸ
971 5016 1130 5084 χεῖρα
1178 5015 1326 5079 λαοῖς
1361 5018 1459 5085 τὴν
1503 5019 1581 5080 εἰς
1627 5018 1725 5088 τὴν
1753 5048 1795 5106 c

126 5099 262 5152 ὁδὸν
299 5099 483 5170 ἰοῦσαν
516 5102 698 5171 τρίϐον
727 5102 1161 5174 ἀπεργάζονται·
1197 5107 1272 5170 ὡς
1297 5108 1552 5162 δύνασθαι
1590 5126 1725 5180 φρο-

130 5192 253 5243 νεῖν
285 5209 345 5244 τε
374 5193 466 5245 καὶ
511 5193 729 5261 λέγειν’
767 5214 786 5247 ι
822 5194 890 5249 Ἦ
920 5197 1065 5267 ψυχὴ
1109 5199 1271 5268 ἡμῶν
1312 5201 1387 5262 ὡς
1446 5202 1731 5270 στρουθίον

126 5281 390 5350 ἐρρύςιιθη
418 5284 482 5335 ὲκ
511 5284 608 5353 τῆς
640 5285 866 5353 παγίδος
908 5287 1016 5340 τῶν
1051 5287 1394 5359 Θηρευόντων
1417 5306 1432 5319 ⁸
1480 5293 1514 5360 ὴ
1568 5293 1734 5359 παγίς

127 5373 468 5443 συνετρίϐη,
500 5376 594 5428 καὶ
623 5378 782 5446 ἡμεῖς
810 5377 1015 5448 ὲῤῥύσθ
1030 5397 1189 5450 ημεν.
1229 5381 1292 5434 Ἥ
1325 5382 1548 5452 βοήθεια
1579 5385 1732 5454 ἡμῶν

128 5465 195 5515 ἐν
236 5463 469 5532 ὀνόματι
519 5467 743 5536 Κυρίου.
780 5489 798 5522 ι
855 5471 987 5525 Ἰδοὺ
1036 5473 1325 5545 τοιγαροῦν
1373 5477 1405 5544 ὴ
1451 5476 1572 5528 θεία
1619 5477 1732 5529 τῶν

131 5554 341 5622 ἱερέων
370 5558 641 5628 ὁμήγυρις
673 5561 944 5616 ἀκόλουθα
971 5562 1078 5616 τῶν
1110 5563 1269 5618 θείων
1301 5567 1550 5630 ἐντολῶν,
1588 5567 1731 5638 παρ-

127 5661 360 5712 ιιγουσα
384 5648 614 5702 ἐνταῦθα
648 5652 946 5723 συνέδραμε
971 5654 1031 5707 τὸ
1066 5658 1260 5709 σεπτὸν
1296 5658 1394 5720 ﬁ;
1418 5659 1731 5721 οἰκονομίας

218 5837 230 5864 ¹
273 5835 382 5890 lsa.
415 5850 564 5901 uti,
609 5838 691 5908 10,

768 5843 784 5869 ¹
820 5837 970 5895 Joau.
1016 5855 1083 5906 κ,
1125 5841 1175 5895 7.
1259 5844 1274 5873 ³
1318 5842 1472 5897 .loau.
1512 5859 1637 5909 xw,
1678 5849 1730 5896 ti.

1837 3827 2041 3898 lapides
2070 3828 2161 3897 qui
2193 3827 2248 3880 in
2277 3827 2361 3880 via
2386 3824 2613 3895 proiecti
2645 3834 2794 3889 sunt,
2820 3823 3079 3878 scandala
3116 3822 3256 3876 forte
3282 3833 3412 3876 sunt

1835 3920 2106 3975 luereticw
2138 3917 2411 3983 factionis,
2444 3932 2567 3986 quae
2594 3915 2761 3970 veluti
2789 3915 3012 3984 quidam
3045 3915 3256 3984 lapides
3286 3913 3409 3967 fidei

1837 4021 2038 4066 nostra:
2068 4011 2275 4064 semita:
2305 4008 2586 4079 apposita,
2623 4023 2719 4061 eos
2760 4007 2854 4075 qui
2894 4007 2961 4061 ad
2992 4007 3274 4061 Christum
3312 4005 3410 4074 qui

1837 4120 1964 4159 vera
2013 4111 2097 4159 est
2134 4103 2260 4167 via,
2308 4115 2607 4170 properare
2651 4100 2839 4153 volunt
2869 4138 2883 4161 ,
2933 4099 3097 4167 impie
3145 4099 3410 4166 impedire

1831 4206 2172 4268 procurant,
2227 4203 2486 4263 quantum
2545 4193 2600 4245 in
2653 4206 2712 4245 se
2763 4200 2890 4255 est,
2944 4190 3048 4242 iter
3097 4189 3177 4244 eis
3212 4189 3409 4245 salutis

1839 4289 2098 4345 claudere
2135 4287 2477 4342 festinantes.
2520 4284 2844 4354 Rursusque
2874 4285 2958 4337 via
2995 4284 3111 4338 hare
3143 4284 3406 4339 Dominus

1831 4372 2024 4452 utique
2059 4390 2248 4436 noster
2280 4378 2442 4435 Jesus
2468 4379 2725 4434 Christus
2755 4378 3068 4447 conjicitur,
3111 4377 3252 4432 sicut
3291 4379 3408 4444 ipse

1831 4477 1947 4530 ait:
1990 4474 2120 4544 quia
2171 4492 2189 4524 ι
2226 4487 2326 4540 ego
2361 4487 2479 4526 sum
2523 4472 2631 4524 vita
2663 4481 2718 4523 et
2759 4477 2841 4524 via
2868 4471 2908 4525 ³.
2951 4490 2969 4522 δ
3009 4468 3404 4524 llwreticorum

1830 4581 1960 4635 ergo
1988 4564 2287 4629 scandalis,
2325 4578 2389 4617 ac
2440 4565 2486 4617 si
2519 4562 2842 4630 quibusdam
2874 4561 3147 4631 lapidibus
3171 4601 3185 4626 ,
3218 4575 3403 4615 sacer-

1833 4657 2023 4711 dotum
2072 4654 2413 4725 peritissimi,
2478 4655 2759 4723 ingeniose
2807 4653 2941 4707 satis
2993 4661 3047 4707 et
3106 4654 3405 4707 artiﬁciose

1832 4751 2061 4802 ductore
2099 4747 2306 4815 Spiritu
2358 4762 2386 4799 a
2422 4749 2506 4799 via
2550 4754 2768 4810 nostra,
2818 4746 2869 4799 id
2902 4754 2987 4800 est
3031 4746 3155 4798 fidei
3188 4745 3405 4798 ratione

1832 4839 2113 4908 purgatis,
2148 4852 2256 4891 non
2287 4839 2462 4891 solum
2519 4837 2617 4892 hos
2647 4847 2839 4891 contra
2879 4839 3060 4907 capita
3087 4854 3276 4892 eorum
3311 4838 3403 4905 qui

1834 4929 1956 4982 illos
1998 4929 2280 4998 iecerant,
2326 4930 2587 4992 mittunt,
2635 4945 2821 4983 verum
2869 4931 3032 4983 etiam
3091 4931 3194 4985 hoc
3242 4933 3404 4984 modo

1833 5022 2083 5075 semitam
2119 5037 2241 5088 quae
2296 5022 2449 5075 ducit
2503 5022 2569 5076 ad
2619 5023 2764 5076 viam
2806 5021 2884 5094 [Ῑ.
2919 5023 3128 5095 vitam!
3165 5065 3180 5087 ,
3221 5025 3405 5092 subje-

1830 5112 1933 5166 ctis
1991 5112 2240 5181 plebibus
2285 5112 2498 5168 facilem
2556 5123 2610 5167 et
2661 5115 2845 5168 tritam
2897 5116 3167 5181 efﬁciunt;
3225 5118 3295 5170 ita
3349 5126 3410 5169 ut

1832 5203 2046 5272 possint
2093 5220 2286 5274 sapere
2324 5221 2389 5262 ac
2439 5207 2665 5261 dicere:
2723 5225 2741 5257 ι
2774 5208 2973 5263 Anima
3024 5219 3212 5265 nostra
3262 5209 3407 5265 sicut

1832 5309 2022 5364 passer
2057 5307 2243 5365 erepta
2293 5310 2376 5352 est
2423 5299 2489 5352 de
2536 5300 2730 5368 laqueo
2773 5301 3109 5354 venantium.
3151 5300 3406 5371 Laqueus

1830 5387 2103 5442 contritus
2140 5402 2261 5451 εει.
2309 5399 2363 5443 et
2409 5403 2508 5443 nos
2555 5390 2767 5445 liberati
2822 5407 3030 5448 sumus.
3061 5393 3407 5462 Adjutorinm

1835 5489 2083 5534 nostrum
2136 5481 2191 5534 in
2242 5483 2465 5538 neruine
2521 5481 2820 5539 Domini‘.»
2863 5484 2942 5540 En
2986 5487 3151 5556 igitur
3189 5487 3410 5544 divinus

1831 5571 2179 5626 sacerdotqu
2221 5585 2525 5627 conventus
2578 5574 2988 5631 Dominicorum
3021 5577 3408 5633 mandatorum

1831 5677 2036 5733 sequax
2061 5704 2076 5728 ,
2129 5666 2233 5718 huc
2275 5681 2339 5720 ac
2383 5668 2700 5723 venerabile
2739 5669 3168 5739 dispensationis
3206 5670 3409 5726 Christi

1847 5848 1864 5877 ⁸
1900 5847 2042 5902 Psal.
2080 5862 2271 5913 cum,
2299 5849 2348 5911 Ἰ,
2388 5850 2438 5904 8.
