4144 6448
185 405 307 467 1317

1359 413 1495 470 SER
1510 412 1612 470 ΜΟ
1663 410 1806 469 LAU
1821 412 2221 475 DATORIUS.

3301 437 3440 505 1318

180 517 263 566 καὶ
302 515 460 584 μέχρι
494 515 586 569 τοῦ
622 517 784 588 νόμον
817 503 1114 590 σατανικῆς
1153 522 1532 591 πλημμελείας
1565 522 1730 575 άδυνα

1865 520 2002 575 alius
2024 539 2150 580 vero
2169 534 2504 594 potentatum
2523 530 2586 602 [1⁸.
2611 538 3011 609 potentatuum]
3032 543 3436 612 omnimodum.

180 609 305 676 μίαν
338 606 574 679 παντελῆ
600 611 912 680 ὁλόθρευσίν
942 629 997 664 τε
1032 615 1124 665 καὶ
1157 614 1401 682 μείωσιν.
1433 615 1622 678 ’Ἄλλος
1653 619 1752 687 τὴν

178 697 338 748 αὐτοῦ
363 697 454 749 τοῦ
489 700 700 752 Σατανᾶ
725 701 863 770 μετὰ
895 701 987 754 καὶ
1007 702 1115 754 τῶν
1157 707 1751 775 συναποστατησάντων

173 791 320 859 αὐτῷ
358 791 629 860 δαιμόνων
663 794 914 863 ὀλεθρίαν
959 795 1270 847 ὑπόπτωσιν
1307 795 1414 848 ἀπὸ
1454 797 1750 866 προσώπου

173 879 263 932 τοῦ
307 884 686 953 φανησομένου
717 885 880 946 Θεοῦ,
913 887 1006 938 καὶ
1041 886 1138 956 τὴν
1170 886 1278 938 τῶν
1324 887 1752 957 λελυτρωμένων

171 973 326 1041 ἡμῶν
349 973 489 1042 ὑπὲρ
515 976 622 1026 τῶν
653 978 732 1038 εἰς
758 979 907 1046 ἡμᾶς
936 977 1402 1047 πραχθησομένων
1430 978 1752 1048 δαψιλεστά-

165 1082 277 1117 των
309 1065 531 1132 ἀγαθῶν
564 1067 927 1137 ἀναφαίρετον
953 1070 1326 1138 εὐχαριστίαν,
1355 1072 1432 1142 τῷ
1471 1072 1751 1142 λυτρωσα-

167 1159 320 1229 μένῳ
347 1160 850 1232 κομισθησομένην.
878 1161 1104 1232 Ἕτερος
1133 1164 1194 1215 τὸ
1214 1165 1461 1217 ἑκούσιον
1487 1165 1582 1217 τοῦ
1616 1183 1750 1236 σαρ-

169 1254 436 1317 κωθέντος
459 1254 596 1307 Θεοῦ
623 1257 816 1321 πάθος,
855 1259 950 1310 καὶ
979 1259 1078 1326 τὴν
1112 1261 1192 1322 εἰς
1221 1260 1347 1329 ᾅδου
1378 1261 1622 1326 κάθοδον,
1656 1263 1750 1314 καὶ

161 1344 328 1408 αὖθις
367 1347 464 1416 τὴν
508 1348 570 1412 ἐξ
614 1348 742 1419 ᾅδου
795 1349 1023 1421 εὐσθενῆ
1072 1352 1437 1423 ἀνακομιδὴν,
1477 1355 1615 1423 μετά
1641 1354 1749 1406 τῶν

157 1441 279 1500 τοῖς
312 1440 580 1506 ἀφύκτοις
615 1442 822 1495 ἐκείνου
863 1444 1085 1513 δεσμοῖς
1124 1446 1506 1515 κατεχομένων
1536 1446 1744 1516 ψυχῶν.

162 1529 366 1591 Ἄλλος
397 1531 496 1599 τὴν
531 1529 625 1599 ἀφ’
661 1531 818 1601 ἡμῶν
862 1533 1000 1601 πρὸς
1045 1533 1137 1585 τὸν
1181 1536 1241 1586 ὲν
1284 1534 1536 1602 οὐρανοῖς
1580 1536 1747 1587 αὑτοῦ

157 1623 388 1694 ’Πατέρα
423 1623 632 1689 ἔνδοξον
657 1625 1035 1694 ἀναφοίτησιν,
1075 1627 1169 1680 καὶ
1199 1627 1297 1698 τὴν
1328 1629 1469 1697 ἀμφὶ
1499 1628 1566 1680 τὰ
1597 1627 1748 1694 δεξιὰ

157 1714 259 1766 τοῦ
308 1715 510 1784 πατρὸς
546 1715 775 1786 ἵδρυσιν.
813 1716 1042 1787 Ἕτερος
1078 1718 1176 1788 τὴν
1213 1719 1271 1782 ἐξ
1309 1718 1541 1788 οὐρανοῦ
1576 1737 1745 1772 κατα-

164 1806 381 1857 πτᾶσαν
404 1807 538 1876 ἡμῖν
571 1807 683 1868 τοῖς
711 1808 792 1868 εἰς
824 1807 985 1859 αὐτὸν
1011 1807 1365 1862 πιστεύσασιν
1388 1808 1621 1876 ἄφθονον
1650 1809 1744 1863 τοῦ

1860 615 2270 677 exterminium,
2294 626 2346 668 et
2376 619 2818 680 imminutionem
2833 632 3438 706 pravaricationi‘squc

1860 698 2092 754 obtinuit
2136 706 2203 756 ah
2235 704 2428 769 Adam,
2467 723 2520 764 et
2573 713 2624 764 in
2655 713 2827 766 Adam
2864 709 3006 772 facta
3043 731 3127 775 est
3159 698 3438 793 usque-ad

1862 795 2055 861 legem,
2093 807 2256 868 atque
2293 801 2549 859 diabolici
2593 809 2757 862 simul
2801 812 3005 868 delicti.
3054 817 3210 874 Alius
3254 830 3440 876 autem

1858 885 2103 953 ejusdem
2140 890 2358 947 Satana:
2407 910 2468 948 ac
2515 899 2826 956 d:etnonum
2853 943 2868 968 ,
2905 894 2998 974 qui
3045 922 3170 961 cum
3207 926 3272 963 eo
3305 928 3441 980 apo-

1859 986 2013 1031 stataa
2053 979 2180 1034 facti
2216 995 2364 1048 sunt,
2399 989 2676 1044 exitialem
2736 997 2947 1050 ruinam
3007 1013 3038 1052 a
3095 998 3236 1055 faeie
3271 979 3438 1073 appa-

1860 1071 2030 1123 rentis
2066 1071 2178 1137 Dei,
2217 1086 2382 1146 atque
2416 1080 2899 1151 incomparabilem
2935 1092 3235 1158 gratiarum
3265 1097 3437 1149 aetio-

1860 1175 1980 1213 nein
2044 1165 2372 1235 redemptori
2406 1172 2741 1228 aﬂ'erendam
2771 1193 2800 1230 a
2850 1181 3011 1235 nobis
3038 1184 3130 1251 qui
3170 1186 3438 1257 redempti

1858 1268 2072 1317 sumus,
2119 1275 2284 1327 super
2318 1264 2644 1326 largissimis
2685 1271 2844 1325 bonis
2889 1289 3014 1342 qua:
3047 1276 3100 1328 in
3137 1279 3302 1334 nobis
3340 1297 3438 1349 pa—

1857 1351 1994 1396 trata
2054 1359 2200 1399 sunt.
2241 1350 2337 1403 Ast
2375 1353 2515 1406 alius
2571 1358 2938 1414 voluntariam
2999 1363 3268 1420 incarnati
3340 1366 3434 1424 Dei

1856 1439 2192 1503 passionem.
2220 1451 2272 1495 et
2315 1444 2367 1496 in
2421 1447 2697 1501 infernum
2741 1449 3195 1520 descensionem,
3229 1468 3284 1512 et
3313 1476 3438 1514 rur-

1855 1543 1949 1582 sus
2001 1545 2067 1582 ex
2135 1533 2350 1587 inferno
2402 1541 2639 1593 validum
2683 1545 2919 1599 reditum
2955 1563 3080 1602 cum
3123 1552 3436 1618 animabus,

1853 1635 1975 1686 qua:
2005 1623 2411 1683 inevitabilibus
2459 1632 2567 1686 illis
2604 1634 2791 1704 [forte,
2826 1639 2938 1692 illic
2968 1638 3164 1715 Hard.]
3204 1647 3437 1701 vinculis

1855 1715 2200 1771 tenebantur.
2245 1721 2399 1773 Alius
2433 1740 2560 1777 vero
2603 1728 2908 1794 gloriosum
2940 1749 2969 1787 a
3034 1736 3196 1791 nobis
3230 1739 3298 1792 ad
3329 1740 3434 1792 Pa-

1854 1813 2012 1871 trem,
2066 1811 2156 1877 qui
2215 1812 2270 1866 in
2311 1815 2467 1871 caelis
2499 1827 2604 1882 est,
2655 1836 2988 1890 regressum,
3027 1837 3080 1882 et
3136 1829 3203 1883 ad
3260 1829 3439 1887 Patris

158 1896 485 1964 Πνεύματος
521 1898 892 1968 ὲπιφοίτησιν,
927 1899 1019 1951 καὶ
1051 1898 1149 1968 τὴν
1198 1901 1274 1961 εἰς
1308 1901 1485 1954 πάντα
1517 1902 1586 1954 τὰ
1617 1901 1735 1972 ἔθνη

1850 1898 2128 1956 dexteram
2180 1907 2486 1962 sessionem
2524 1928 2536 1964 :
2571 1912 2713 1966 alius
2761 1927 2947 1970 autem
3000 1919 3432 1978 descendentem

159 1987 258 2039 τοῦ
306 1988 669 2056 εὐαγγελικοῦ
725 1991 1083 2064 κηρύγματος
1127 1996 1438 2064 ταχυτάτην
1470 1995 1745 2066 περίοδον,

162 2079 259 2131 καὶ
301 2081 400 2149 τῆν
436 2081 686 2134 ἐντεῦθεν
723 2084 1101 2155 γεγενημένην
1135 2085 1241 2137 τῶν
1278 2073 1382 2139 ἀνὰ
1423 2086 1518 2156 τὴν
1564 2089 1747 2140 οἰκουο

162 2169 335 2236 μένην
366 2169 600 2223 εἰδιθλων
633 2172 870 2244 παντελῆ
903 2173 1244 2246 ὀλόθρευσιν,
1269 2175 1359 2228 διὰ
1393 2175 1496 2246 τῆς
1529 2176 1746 2247 πρῶτον

155 2261 260 2314 ἕνα
292 2264 386 2314 καὶ
423 2265 586 2332 μόνον
613 2264 866 2335 ἀληθινὸν
889 2266 1024 2319 Θεὸν
1047 2269 1201 2337 ήμῶν
1235 2269 1484 2338 καθαρᾶς
1517 2269 1746 2323 ἀνανεύ-

161 2371 325 2418 σεως,
374 2357 467 2408 καὶ
508 2357 608 2427 τῆς
644 2358 925 2412 ἀνενδότου
976 2361 1071 2413 καὶ
1109 2360 1396 2431 διηνεκοῦς
1436 2361 1572 2433 πρὸς
1608 2361 1744 2416 ὅλων

156 2446 613 2517 ἀναστησομένης
647 2447 794 2515 αὐτῷ
821 2447 964 2500 κατὰ
992 2449 1171 2520 πάσης
1189 2449 1296 2520 τῆς
1328 2451 1430 2520 γῆς
1463 2454 1653 2517 νοερᾶς
1683 2471 1742 2506 τε

159 2531 256 2585 καὶ
301 2535 676 2605 πνευματικῆς
727 2536 1021 2607 λατρείας·
1055 2538 1214 2592 ἅτινα
1244 2541 1420 2593 πάντα
1459 2545 1573 2604 τοῖς
1617 2545 1743 2596 ἑαυο

157 2626 270 2678 τῶν
298 2629 510 2696 καιροῖς
553 2630 619 2697 τῇ
651 2628 878 2699 ἀληθείᾳ
911 2632 1414 2701 συνεπεράνθησαν,
1449 2635 1542 2686 καὶ
1591 2635 1743 2699 τέλος

156 2719 550 2773 εὐκλεέστατον
574 2720 838 2784 ἐδέξαντο.
871 2723 1137 2774 ’Ἄκουσον
1157 2725 1450 2794 τοιγαροῦν
1474 2725 1569 2778 τοῦ
1598 2727 1743 2780 Παύ-

159 2812 254 2862 λου
284 2811 685 2880 μεγαλοφὼνως
719 2813 1049 2882 ἐμϐοῶντος,
1085 2817 1180 2869 καὶ
1207 2817 1306 2885 τὴν
1331 2817 1590 2885 ἀλήθειαν
1616 2820 1738 2873 τού-

159 2919 273 2965 τοις
310 2904 822 2973 ὲπισφραγίζοντος·
864 2924 880 2954 ι
914 2906 1046 2968 Θεὸς
1077 2907 1396 2977 ἐφανερώοη
1445 2912 1504 2961 ἐν
1553 2914 1738 2979 σαρκὶ,

158 3002 456 3071 ἐδικαιώθη
485 3006 542 3054 ἐν
575 3005 871 3074 πνεύματι,
901 3005 1057 3077 ὤφθη
1085 3009 1360 3075 ἀγγέλοις,
1384 3011 1661 3080 ἐκηρύχθη
1685 3013 1742 3063 ὲν

156 3109 394 3172 ἔθνεσιν,
427 3108 724 3179 ἐπιστεύθη
756 3111 812 3162 ὲν
851 3110 1062 3182 κόσμῳ,
1098 3114 1374 3185 ἀνελήφθη
1424 3117 1481 3168 ἐν
1524 3115 1671 3186 δόξῃ.
1717 3134 1735 3167 ι

1847 1991 1914 2045 de
1942 1995 2080 2049 etelo
2123 1998 2282 2052 nobis
2305 2001 2588 2066 collatum,
2623 2007 2714 2074 qui
2745 2008 2797 2059 in
2823 2008 2977 2062 illum
3008 2012 3286 2067 credimus
3317 2015 3436 2070 sine

1847 2085 2347 2158 invidia,Spiritus
2389 2094 2720 2162 adventum;
2759 2109 2817 2153 et
2875 2103 2926 2154 in
2987 2118 3178 2159 omnes
3240 2120 3435 2176 gentes

1845 2182 2177 2248 evangelicae
2207 2186 2616 2253 praedicationis
2650 2191 2948 2247 circuitum
2976 2197 3384 2255 velocissimum
3417 2219 3432 2257 :

1845 2279 1898 2323 et
1935 2272 2081 2340 quod
2115 2275 2242 2328 hinc
2277 2275 2482 2332 factum
2521 2289 2607 2335 cst
2637 2296 2733 2351 per
2776 2285 2964 2340 orbem
3002 2296 3274 2344 terrarum
3311 2293 3432 2348 ido~

1846 2363 2018 2418 lorum
2077 2369 2454 2425 omnimodutn
2505 2376 2945 2444 exterminium,
3010 2396 3109 2450 per
3169 2378 3432 2440 mundam

1844 2457 2210 2511 reversionem
2242 2462 2308 2516 ad
2351 2479 2519 2518 unum
2557 2475 2613 2520 et
2634 2466 2810 2523 solum
2839 2486 3030 2527 verum
3090 2472 3261 2529 Deum
3327 2494 3429 2533 no-

1842 2556 2018 2600 strum
2071 2548 2358 2617 ell‘ectam,
2391 2565 2556 2626 atque
2594 2560 3099 2628 impraatermissam
3148 2577 3202 2620 et
3245 2567 3432 2640 jugem

1845 2637 2083 2702 latriatn,
2121 2658 2242 2708 qua:
2297 2644 2436 2700 illia
2471 2648 2632 2702 nobis
2698 2666 2795 2720 per
2853 2655 3168 2711 universam
3229 2668 3429 2716 terram

1845 2728 2264 2798 intelligibiliter
2290 2742 2343 2788 et
2365 2736 2688 2804 spiritaliter
2727 2744 3038 2799 exhibetur.
3065 2747 3200 2813 Qua:
3245 2753 3432 2808 omnia

1843 2822 2072 2878 veritate
2121 2829 2463 2894 temporibus
2506 2833 2626 2886 suis
2659 2837 2956 2892 terminata
2996 2849 3226 2916 sunt,_et
3264 2845 3428 2900 (luent

1844 2913 2308 2980 gloriosissimum
2353 2935 2738 2991 susceperunt.
2786 2929 2928 2983 Audi
2979 2914 3166 3001 igitur
3196 2933 3429 2994 Paulum

1845 3017 2038 3073 magna
2083 3021 2216 3061 voce
2243 3009 2596 3078 clamantem,
2625 3025 2680 3070 et
2712 3021 2993 3075 veritatem
3034 3026 3190 3081 istam
3227 3043 3386 3084 corro
3407 3060 3430 3071 -

1847 3093 2126 3151 borantem
2160 3117 2173 3152 :
2211 3121 2228 3150 ι
2272 3101 2414 3157 Deus
2457 3107 2840 3165 manifestatus
2865 3123 2951 3168 est
2975 3114 3026 3168 iu
3051 3132 3237 3185 carne,
3265 3120 3430 3188 justi~

164 3213 230 3262 Ὢ
259 3213 356 3276 τῆς
385 3210 480 3262 τοῦ
511 3211 840 3266 διδασκάλου
890 3213 1300 3283 μεγαληγορίας
1328 3215 1340 3266 l
1377 3215 1531 3280 Θεὸς,
1568 3217 1732 3286 φησὶν

1849 3187 2041 3242 licatus
2073 3201 2157 3244 est
2201 3193 2257 3245 in
2297 3195 2515 3263 spiritu,
2551 3203 2802 3267 apparuit
2834 3207 3063 3274 angelis,
3099 3187 3426 3276 praedicatus

151 3303 476 3375 ἐφανερώθη
511 3307 569 3358 ὲν
600 3307 783 3375 σαρκὶ,
812 3307 871 3358 τὸ
898 3311 1114 3359 πάντων
1145 3306 1252 3358 τῶν
1289 3307 1508 3375 ἀγαθῶν
1545 3308 1738 3373 αἴτιον,

153 3400 190 3468 ὴ
245 3397 597 3459 ἀνέκλειπτος
645 3397 842 3465 δωρεὰ,
896 3400 924 3449 ὁ
973 3397 1358 3465 διαυγέστατος
1409 3398 1658 3462 πλοῦτος.
1702 3403 1735 3468 ἡ

150 3492 380 3555 ἀένναος
447 3490 554 3543 τῶν
613 3489 988 3557 ἀναφαιρέτων
1045 3490 1397 3560 χαρισμάτων
1458 3493 1643 3561 πηγὴ,
1704 3494 1736 3561 ὴ

150 3585 454 3653 ἀκόρεστος
509 3581 619 3633 τῶν
696 3583 1004 3632 πεινώντων
1061 3581 1256 3650 τροφὴ,
1299 3583 1326 3633 ό
1386 3580 1448 3645 ἐξ
1506 3582 1736 3651 ούρανοῦ

145 3675 415 3738 ζιυοποιδς
461 3674 643 3744 ἄρτος,
682 3674 742 3725 τὸ
772 3673 992 3725 ἀένναον
1027 3672 1135 3724 τῶν
1178 3672 1453 3741 διψώντων
1497 3675 1734 3743 ῥεῖθρον,

145 3768 210 3832 ἐξ
250 3759 313 3820 οῦ
345 3769 372 3819 ὁ
415 3768 581 3818 πίνων
625 3767 686 3818 οὐ
730 3764 804 3834 μὴ
838 3765 1039 3835 διψήσῃ
1087 3767 1168 3827 εἰς
1207 3766 1296 3818 τὸν
1341 3767 1530 3820 αἰῶνα.
1569 3763 1736 3832 Οὗτος

142 3858 470 3929 ἐφαίνεριίλθη
545 3861 602 3909 έν
649 3858 846 3927 σαρκί’
890 3857 1029 3910 ἀλλὰ
1071 3857 1164 3910 καὶ
1215 3870 1292 3922 τερ
1333 3859 1544 3930 κόσμῳ.
1567 3863 1747 3932 φησὶν.

139 3949 466 4016 ἐπιστεύθη.

214 4199 343 4259 Πῶς
373 4196 670 4266 ἐπιστεύθη
703 4199 761 4250 ἐν
787 4198 1010 4266 κόσμῳ;
1053 4196 1194 4258 εἰπὲ,
1240 4190 1285 4249 ὦ
1336 4197 1724 4269 μακαριώτατε

139 4290 348 4354 Παῦλε,
386 4288 594 4358 μύησον
635 4289 731 4340 καὶ
763 4288 910 4356 ἡμᾶς
952 4289 1014 4339 ἐκ
1055 4288 1163 4340 τῶν
1207 4289 1459 4359 ἀρρήτων
1497 4291 1725 4345 ἐκείνων

133 4382 360 4448 νωνῶν,
390 4374 465 4434 ὧν
499 4384 558 4434 ὲν
588 4382 699 4442 τοῖς
724 4377 989 4446 ἀφύκτοις
1040 4379 1134 4432 τοῦ
1186 4381 1518 4450 παραδείσου
1552 4384 1724 4454 ὲμυήο

129 4447 240 4546 (λης
259 4492 275 4507 ο
310 4473 581 4544 πρόστηθι
608 4474 704 4526 καὶ
733 4471 826 4525 νῦν
852 4470 946 4524 τοῦ
976 4472 1353 4542 κηρύγματος,
1387 4467 1448 4527 οὗ
1477 4475 1721 4528 ἐπιστεύ-

1843 3289 1924 3332 est
1948 3282 2226 3349 gentibus,
2260 3287 2501 3343 creditus
2530 3300 2615 3344 est
2645 3291 2698 3345 in
2727 3296 2955 3362 mundo,
2997 3314 3316 3370 assumptus
3341 3316 3428 3359 est

1844 3371 1896 3423 in
1927 3373 2098 3441 gloria
2127 3377 2166 3430 ⁸.
2205 3396 2222 3427 ι
2257 3379 2302 3431 0
2332 3382 2513 3449 magni
2542 3382 2790 3440 doctoris
2813 3387 3067 3444 affectum
3112 3392 3423 3470 [allatum]!

1843 3460 2009 3528 Deus,
2060 3467 2253 3535 inquit,
2300 3471 2683 3530 manilestatus
2727 3488 2811 3531 est
2846 3479 2898 3532 in
2938 3460 3131 3549 carne;
3158 3489 3304 3554 quod
3341 3460 3428 3546 est

1838 3555 2083 3607 omnium
2123 3557 2392 3613 bonorum
2435 3577 2621 3627 causa,
2667 3567 2988 3627 indcliciens
3025 3575 3267 3636 donatio.
3305 3581 3422 3635 sut-

1839 3642 2229 3700 ﬁcientissima:
2258 3649 2480 3713 divitia),
2529 3658 2782 3722 perennis
2826 3675 2936 3713 non
2991 3663 3421 3725 auferendorum

1835 3735 2232 3790 charismatum
2290 3741 2430 3808 lotis,
2491 3745 2817 3804 insatiabilis
2866 3757 3224 3811 esurientium
3271 3777 3419 3827 esea,

1835 3827 2084 3882 \‘ivillcus
2113 3828 2181 3882 de
2210 3832 2349 3884 caelo
2395 3837 2569 3901 panis,
2599 3837 2746 3907 jugis
2800 3842 3105 3900 sitientium
3142 3850 3319 3916 rivus,
3342 3871 3413 3909 ex

1832 3934 1941 3987 quo
1969 3920 2062 3988 qui
2107 3920 2327 3986 biberit,
2369 3939 2478 3976 non
2528 3928 2673 3981 sitiet
2723 3932 2774 3982 in
2809 3942 3071 3988 arternum
3105 3938 3144 3992 ⁷.
3179 3938 3276 3995 His
3303 3959 3419 3996 ma-

1831 4009 2118 4065 nil'estatus
2147 4021 2232 4065 est
2271 4013 2325 4065 in
2357 4028 2519 4070 carne
2559 4035 2572 4070 :
2619 4020 2711 4073 sed
2753 4030 2806 4074 et
2837 4025 3064 4092 mundo,
3096 4030 3194 4094 ait,
3235 4035 3415 4088 credi-

1826 4112 1917 4158 tus
1953 4112 2057 4159 est.

1898 4194 2186 4260 Quomodo
2253 4198 2493 4254 creditus
2544 4211 2629 4257 est
2691 4205 2743 4257 in
2803 4210 3040 4263 mundo?
3094 4214 3203 4279 dic,
3260 4217 3414 4273 beate

1826 4282 2026 4349 Paule;
2056 4283 2239 4339 imbue
2265 4295 2319 4339 et
2342 4302 2440 4342 nos
2463 4304 2529 4341 ex
2554 4295 2769 4348 arcanis
2799 4296 2906 4351 illis
2940 4302 3184 4369 vocibus,
3210 4307 3411 4374 quibus
3449 4296 3454 4302 ’

1825 4377 1881 4432 in
1918 4376 2117 4431 abditis
2156 4381 2394 4447 paradisi
2435 4381 2680 4439 imbutus
2713 4403 2802 4452 es;
2849 4390 3034 4447 imbue
3064 4397 3228 4450 etiam
3262 4417 3409 4455 nunc

1824 4468 2230 4536 prtedicatione,
2287 4471 2445 4539 cujus
2475 4475 2718 4531 creditus
2771 4493 2830 4532 es
2882 4481 2934 4533 in
2986 4497 3177 4540 omnes
3217 4503 3407 4555 gentes

125 4570 240 4636 οης
283 4568 366 4629 είς
405 4566 587 4619 πάντα
614 4567 682 4617 τὰ
711 4565 837 4634 ἔθνη
870 4564 1127 4634 κηρύξαι,
1160 4565 1253 4617 καὶ
1284 4566 1581 4630 ἀπόστολος
1631 4587 1726 4638 γε·

1839 4560 2154 4625 praedicator
2185 4569 2237 4614 et
2267 4563 2550 4630 apostolus
2580 4565 2715 4619 ﬁeri.
2756 4565 2983 4626 Infunde
3015 4581 3266 4642 przescuti
3301 4581 3405 4637 Ec-

125 4660 350 4713 νέσθαι.
400 4659 657 4728 Πήγασον
715 4660 782 4728 τῇ
839 4656 1090 4727 παρούσῃ
1139 4657 1438 4730 Ἐκκλησία
1486 4661 1577 4713 τὸν
1621 4663 1722 4732 τῆς

123 4751 395 4820 αληθείας
414 4750 593 4817 λόγον,
617 4750 710 4802 καὶ
733 4748 925 4800 σϐέσον
946 4749 1042 4810 τὰς
1074 4749 1272 4818 νοητὰς
1295 4750 1403 4802 τῶν
1422 4750 1720 4820 αἰρετιζόν-

117 4860 246 4897 των
289 4841 443 4910 ὄψεις
470 4857 481 4868 ·
522 4840 597 4903 ὥς
639 4857 778 4905 ποτε,
813 4839 1018 4909 Ἐλύμα
1047 4839 1142 4892 τοῦ
1178 4840 1377 4910 μάγου.
1425 4843 1717 4913 Τράνωσον

124 4936 281 5008 μετὰ
310 4933 626 5003 παρρησίας
660 4932 721 4984 τὸ
755 4933 852 5000 τῆς
884 4933 1199 5001 οἰκονομίας
1248 4935 1570 5004 μυστήριον.
1604 4937 1713 4989 Λα-

120 5030 248 5089 λεῖς
282 5027 391 5095 γὰρ
420 5027 515 5078 καί
553 5027 690 5094 μετὰ
721 5025 972 5087 θάνατον,
1011 5025 1196 5094 φωνῆς
1233 5027 1584 5098 ὑψηλότερον,
1619 5033 1714 5082 καὶ

119 5119 382 5188 ἐνεργεῖς
411 5117 487 5186 τῷ
519 5115 790 5184 πνεύματι
836 5118 935 5168 ὅσα
967 5118 1058 5168 καὶ
1096 5117 1294 5187 βούλει.
1335 5119 1462 5183 Καὶ,
1493 5124 1655 5190 φησὶν
1685 5125 1714 5176 ὁ

114 5206 477 5269 διδάσκαλος,
511 5225 528 5256 ι
564 5206 717 5275 Ἐμοὶ
747 5207 829 5275 τῷ
858 5206 1255 5277 ἐλαχιστοτέρῳ
1292 5210 1508 5263 πάντων
1541 5211 1712 5279 ἁγίων

115 5297 288 5368 ἐδόθη
341 5297 373 5367 ἡ
421 5298 579 5368 χάρις
617 5295 756 5365 αὕτη
787 5300 843 5349 ὲν
869 5299 982 5358 τοῖς
1005 5296 1222 5351 ἔθνεσιν
1251 5299 1710 5368 εὐαγγελίσασθαι

111 5392 220 5443 τὸν
257 5390 665 5458 ἀνεξιχνίαστον
691 5388 917 5441 πλοῦτον
944 5391 1036 5441 τοῦ
1067 5391 1324 5459 Χριστοῦ,
1357 5393 1448 5444 καὶ
1478 5395 1708 5462 φωτίσαι

117 5484 364 5545 πάντας,
399 5485 484 5546 τίς
524 5484 556 5553 ἡ
595 5483 880 5552 οἰκονομία
909 5483 1003 5535 τοῦ
1036 5483 1338 5555 μυστηρίου
1378 5484 1470 5537 τοῦ
1505 5486 1710 5540 ἀποκειο

111 5596 152 5630 κ
163 5593 232 5646 po
242 5576 454 5645 μμένου
487 5576 593 5628 ἀπὸ
618 5575 724 5626 τῶν
749 5575 960 5628 αἰώνων
990 5578 1048 5628 ἐν
1076 5576 1154 5646 τῷ
1177 5577 1316 5647 Θεῷ,
1337 5576 1415 5644 τῷ
1440 5580 1505 5630 τὰ
1531 5581 1706 5632 πάντα

110 5662 400 5715 κτίσαντι.
441 5682 458 5713 ι
506 5663 797 5732 Τοιγάρτοι
837 5663 1134 5717 ἀκούσατε*
1174 5684 1191 5715 ι
1230 5667 1571 5737 Ἐπιστεύθη,
1625 5665 1702 5722 εἴ·

196 5841 260 5894 ⁶Ι
292 5841 534 5896 Timoth.
573 5857 654 5905 ιιι,
697 5840 777 5894 16.

876 5844 893 5872 ⁷
925 5841 1083 5897 Joau.
1112 5863 1182 5909 tv,
1206 5853 1283 5906 ιδ,
1343 5847 1361 5877 ³
1393 5852 1511 5903 Act.
1551 5867 1667 5906 xm.
1698 5850 1750 5904 8.

1825 4652 2005 4706 clcsiae
2043 4652 2288 4705 veritatis
2330 4656 2575 4710 verbum.
2611 4659 2896 4725 exstingue
2927 4667 3199 4732 spiritales
3235 4673 3400 4726 haere-

1825 4742 2058 4795 ticorum
2115 4744 2282 4805 visus,
2336 4755 2392 4797 ut
2441 4749 2713 4812 quondam
2770 4750 2970 4820 lilytna:
3010 4760 3151 4827 magi
3190 4760 3212 4790 ⁸
3253 4781 3265 4814 :
3305 4780 3404 4816 cx-

1823 4834 1994 4903 pritne
2036 4850 2159 4888 cum
2203 4836 2399 4890 ﬁducia
2446 4838 2868 4907 dispensationis
2901 4850 3239 4916 mysterium.
3291 4853 3399 4907 Ln-

1818 4927 2003 4996 queris
2025 4929 2167 4981 enim
2205 4930 2366 4982 etiam
2395 4939 2518 4996 post
2557 4947 2788 4988 mortem
2827 4953 2990 4994 voces
3020 4948 3397 5013 excellentius,

1816 5029 1868 5073 et
1909 5016 2153 5089 cperaris
2193 5020 2245 5072 iu
2276 5022 2467 5090 spiritu
2497 5039 2835 5096 quaecunque
2863 5029 2970 5084 vis.
3009 5031 3184 5088 Etiam
3222 5039 3398 5107 inquit

1814 5111 2008 5167 doctor
2033 5126 2047 5165 :
2087 5129 2105 5163 ι
2137 5111 2267 5165 Mihi
2295 5114 2525 5168 minimo
2547 5117 2791 5171 omnium
2825 5131 3140 5178 sanctorum
3163 5129 3288 5182 data
3313 5145 3398 5186 est

1810 5207 1985 5276 gratia
2020 5206 2132 5260 haec
2173 5207 2226 5258 in
2271 5207 2546 5275 gentibus,
2591 5213 3002 5280 evangelizandi
3035 5219 3286 5276 videlicet
3313 5227 3398 5276 in-

1809 5298 2159 5367 vestigahiles
2190 5298 2412 5352 divitias
2443 5300 2667 5366 Christi,
2700 5313 2752 5356 ct
2802 5305 3143 5363 illuminandi
3177 5328 3392 5376 omnes.

1819 5406 1881 5445 ac
1934 5392 2189 5453 docendi.
2233 5409 2354 5461 qua:
2394 5392 2464 5445 sit
2497 5394 2836 5463 dispensatio
2884 5404 3124 5469 mystcrii
3163 5406 3394 5459 abscon-

1817 5485 1913 5537 diti
1955 5500 1984 5537 a
2020 5483 2232 5537 saeculis
2283 5501 2310 5536 a
2375 5482 2622 5550 Domino,
2677 5491 2767 5556 qui
2825 5493 3036 5545 omnia-
3080 5497 3328 5553 creavit’.
3366 5519 3388 5550 ι

1817 5575 2156 5642 Quapropter
2190 5575 2410 5628 audite:
2444 5594 2459 5623 ι
2492 5575 2743 5631 Creditus
2766 5583 3050 5646 est,dixit,
3075 5584 3126 5636 in
3162 5586 3388 5650 mundo,

1818 5665 2179 5721 reconcilians
2208 5669 2392 5719 omnia
2432 5669 2482 5718 in
2527 5671 2840 5739 semetipso,
2882 5684 2932 5726 et
2971 5677 3263 5744 paciﬁcans
3299 5695 3391 5746 per

1830 5851 1849 5878 ⁹
1882 5847 2078 5917 l-thcs.
2114 5861 2193 5908 ιιι,
2229 5845 2283 5905 8.
2317 5847 2368 5898 9.
