4144 6448
214 373 344 439 1321

1402 385 1652 447 SERMO
1717 387 2276 455 LAUDATOHIUS.

3335 410 3469 479 1322

289 489 353 540 Ὢ
418 491 513 559 τῆς
573 490 814 543 ἐντεῦθεν
876 491 1145 558 ἀτοπίαςί
1220 496 1265 548 ῶ
1328 501 1423 565 τῆς
1492 502 1782 566 παγκάκου

1962 502 2006 557 Ο
2058 506 2394 572 pravitatem.
2419 522 2540 575 qua:
2589 511 2711 566 hinc
2778 516 3041 570 cﬂiciturl
3100 537 3133 571 ιι
3173 525 3462 589 pessimam

210 578 560 648 βλασφημίας
590 582 601 633 l
632 572 754 643 Πῶς
785 582 893 653 γὰρ
925 584 1053 637 ἔνθα
1082 587 1313 656 Χριστὸς
1343 591 1554 660 κεφαλὴ
1585 593 1678 644 καὶ
1708 591 1793 645 θε-

211 667 391 735 μέλιός
416 669 553 731 ἐστι,
583 670 724 722 κατά
752 671 843 723 τὸν
868 672 1180 740 σοφώτατον
1203 676 1435 739 Παῦλον,
1456 678 1613 731 τοῦτο
1635 680 1791 745 γενέ-

208 757 334 810 σθαι
369 757 679 829 δεδύνηταις
711 760 1083 834 Ἐψεύσθημεν
1122 766 1290 830 ὅντως
1312 768 1632 838 Χριστιανοὶ
1689 770 1791 839 τῆς

204 849 453 913 ἐλπίδοςο
493 853 942 925 πεφενακίσμεθα
978 857 1034 911 δὲ
1076 846 1181 911 καί
1206 861 1328 921 ταῖς
1368 860 1496 912 τῶν
1528 861 1791 932 κηρύκων

207 944 437 1008 φωναῖς,
473 942 526 995 οἵ
554 959 621 1010 γε
660 944 795 998 Θεὸν
822 949 955 1016 ἡμῖν
999 951 1096 1020 τῆς
1130 948 1239 1002 τῶν
1286 950 1552 1020 δαιμόνων
1599 953 1790 1007 πλεον-

207 1031 357 1096 εξίας
381 1033 528 1103 ἡμᾶς
552 1036 963 1091 ἀπαλλάττοντα
986 1040 1441 1112 ἐπιδεδημηκέναι
1467 1043 1545 1112 τῷ
1574 1044 1677 1115 βίῳ
1700 1062 1789 1097 κε·

209 1120 503 1191 κηρύχασι,
532 1125 652 1187 Πῶς
677 1125 733 1179 δέ
754 1126 888 1191 ὅλως
908 1128 1066 1183 τοῦτο
1093 1133 1182 1184 καὶ
1200 1131 1456 1201 ἴσχυσαν;
1482 1130 1629 1203 Ἀρα
1656 1135 1785 1204 γὰρ,
1820 1162 1833 1171 ·

207 1213 439 1283 ἐροίμην
467 1214 531 1267 ἂν
560 1216 683 1281 τοὺς
723 1217 864 1272 οὕτω
898 1222 1249 1292 φρονοῦντας,
1275 1225 1351 1287 ὡς
1378 1224 1538 1278 τοῦτο
1569 1227 1669 1295 τῆς
1696 1242 1779 1278 κε-

208 1304 385 1374 φαλῆς
414 1307 570 1375 ἡμῶν
606 1311 1044 1385 παραχωρούσης
1074 1316 1386 1385 γεγένηται,
1420 1318 1451 1387 ἢ
1494 1318 1660 1387 τυχὸν
1697 1318 1788 1371 θε-

208 1392 407 1465 λούσης
432 1397 530 1463 μέν
556 1400 629 1467 μὴ
657 1400 925 1466 γίνεσθαι,
954 1403 1029 1472 μὴ
1055 1404 1359 1476 δυναμένης
1384 1407 1440 1460 δὲ
1473 1409 1784 1477 ἐπαμύναι;

209 1485 305 1537 καὶ
329 1486 444 1548 πῶς
482 1490 582 1540 οὐκ
614 1491 869 1544 ἐπέκεινα
906 1494 1059 1547 τοῦτό
1092 1512 1155 1563 γε
1181 1494 1361 1569 πάσης
1391 1499 1783 1571 βλασφημίας;

208 1574 275 1626 Εἰ
308 1576 414 1643 γάρ
459 1577 605 1629 ἐστιν
646 1578 851 1649 ἀληθὴς
898 1584 926 1634 ὁ
957 1583 1250 1653 ἱερώτατος
1291 1586 1499 1651 Παῦλος
1549 1590 1787 1659 Χριστὸν

208 1664 343 1716 Θεὸν
377 1665 605 1736 δύναμιν
651 1669 746 1721 καὶ
777 1671 912 1724 Θεοῦ
944 1675 1137 1741 σοφίαν
1174 1673 1456 1744 ὀνομάζων
1492 1676 1585 1730 τὸν
1615 1678 1744 1732 Υἰὸν
1768 1722 1782 1745 ,

211 1756 330 1819 πῶς
358 1752 466 1827 ἆρα
510 1760 604 1810 καὶ
639 1759 826 1829 ἴσχυσε
860 1762 958 1831 τὴν
985 1763 1080 1815 τοῦ
1112 1766 1323 1835 [ἰατρὸς
1352 1768 1783 1839 ἀκαταμάχητον

208 1845 437 1915 δύναμίν
457 1865 516 1899 τε
550 1850 645 1901 καὶ
670 1851 879 1918 σοφίαν,
906 1853 1004 1924 τὴν
1037 1855 1171 1906 πᾶσι
1202 1857 1263 1907 τὸ
1294 1852 1433 1910 εἶναι
1458 1857 1655 1911 δοῦσαν
1675 1861 1783 1913 τῶν
1818 1833 1859 1889 Β

207 1936 376 1990 ὄντων
427 1941 901 2011 κατευμεγεθῆσαί
944 1960 1033 2010 τι;
1079 1944 1248 2015 Δῆλον
1283 1948 1393 2018 γὰρ
1429 1949 1512 2002 ὅτι
1546 1952 1594 2003 εί
1626 1950 1785 2003 τοῦτο

202 2028 381 2100 ταύτῃ
410 2030 910 2102 συμδέὸηκεν,οὺδὲ
937 2035 1026 2086 τὸν
1051 2030 1111 2090 οὗ
1134 2037 1249 2089 ἐστι
1276 2038 1582 2099 ταῦτα,τῶν
1612 2041 1785 2095 τοιού-

206 2134 319 2171 των
369 2122 839 2192 κατηγορημάτων
896 2125 1249 2197 ἐξωθήσουσι.
1298 2129 1426 2193 Πῶς
1489 2132 1598 2201 γὰρ
1653 2134 1783 2198 Θεὸς

208 2212 603 2283 παντοκράτωρ
630 2213 853 2279 δυνατός
877 2233 934 2269 τε
970 2218 1066 2269 καὶ
1089 2219 1306 2289 ἰσχυρὸς
1333 2223 1361 2274 ὁ
1389 2222 1577 2294 Πατὴρ
1600 2224 1681 2276 ἔτι
1704 2225 1782 2277 λέο

207 2318 382 2368 γοιτο,
414 2303 512 2373 τῆς
550 2305 686 2369 ίδίας
727 2307 915 2377 ῶσπερ
946 2309 1299 2383 ἀφῃρημένος
1332 2312 1638 2384 δυνάμεως,
1688 2317 1783 2370 καὶ

209 2396 314 2449 ὑπὸ
352 2400 509 2469 χεῖρα
538 2402 644 2453 τῶν
678 2404 827 2471 σφῶν
866 2406 1074 2476 ἐχθρῶν
1123 2413 1526 2482 γεγενημένος;
1581 2416 1691 2478 πῶς
1725 2416 1782 2467 δὲ

209 2489 305 2540 καὶ
346 2490 481 2555 ὅλως
526 2495 964 2567 παρακεχώρηκε
1004 2500 1101 2571 τὴν
1129 2501 1208 2572 τῷ
1239 2503 1353 2573 ἰδίῳ
1380 2506 1546 2558 αὐτοῦ
1588 2508 1782 2577 αἵματι

208 2582 580 2650 ἁρμοσθεῖσαν
618 2587 766 2657 αὐτῷ
790 2587 1114 2661 Ἐκκλησίαν
1145 2598 1253 2657 τοῖς
1280 2596 1491 2666 ἀγρίοις
1520 2598 1661 2653 οὕτω
1690 2603 1781 2655 καὶ

210 2674 647 2746 ἀφιὶοικτίρμοσι
708 2683 1181 2754 καταδουλωθῆναι
1222 2687 1537 2758 πνεύμασι;
1590 2694 1781 2747 Καίτοι

208 2763 304 2817 τοῦ
343 2764 723 2837 Ὑμνογράφου
752 2770 999 2839 λέγοντος
1020 2790 1033 2803 ·
1074 2776 1230 2829 «Ὅτι
1267 2778 1406 2833 κατά
1431 2779 1491 2832 τὸ
1523 2779 1655 2849 ὕψος
1688 2785 1781 2837 τοῦ

208 2855 442 2924 οὐρανοῦ
489 2858 598 2910 ἀπὸ
640 2860 740 2928 τῆς
783 2861 886 2931 γῆς
928 2865 1267 2934 ἐκραταίωσε
1311 2870 1513 2942 Κύριος
1548 2873 1609 2927 τὸ
1636 2874 1782 2937 ἔλεος

204 2943 377 2996 αὐτοῦ
425 2946 517 2999 ἐπὶ
567 2949 693 3011 τοὺς
737 2951 1103 3023 φοϐουμένους
1152 2958 1335 3013 αὐτόν.
1366 2980 1384 3013 ι
1439 2964 1501 3016 Εἰ
1539 2967 1648 3036 γὰρ
1691 2968 1782 3020 ἐπὶ

209 3031 367 3087 τοῦτο
402 3037 761 3108 σεσάρκωται,
788 3041 927 3096 ὥστε
952 3044 1051 3112 τῆς
1079 3047 1281 3101 τούτων
1303 3053 1447 3121 ἡμᾶς
1473 3055 1780 3123 ἀπαλλάξαι

210 3128 411 3198 χειρὸς,
451 3131 595 3183 κατά
627 3132 726 3196 τὰς
760 3139 1103 3208 προφητικάς
1152 3147 1590 3215 προαγαρῤήσεις
1614 3166 1625 3178 ’
1673 3152 1779 3203 ἀπο
1809 3162 1853 3219 C

210 3218 527 3289 ηλλάγμεθα
558 3221 632 3287 δὲ,
670 3222 743 3287 ῶς
777 3242 930 3293 φασι,
956 3229 1091 3299 πρὸς
1117 3229 1322 3302 βραχύο
1352 3235 1434 3298 τίς
1474 3237 1658 3308 ὄνησις
1684 3242 1783 3311 τῆς

211 3311 346 3379 πρὸς
394 3312 606 3383 βραχὺ,
653 3319 752 3371 οὐκ
791 3318 957 3390 οὔσης
1015 3322 1135 3391 μὲν,
1182 3324 1443 3397 δοκούσης
1480 3330 1536 3382 δὲ
1566 3331 1780 3386 ἐλευθε-

212 3404 364 3471 ρίαςς
393 3405 468 3456 υὺ
500 3407 606 3477 γάρ
632 3424 713 3460 τοι
736 3412 931 3480 χαρᾶς,
965 3412 1099 3465 ἀλλά
1132 3414 1373 3477 πλείονος
1395 3421 1487 3472 καὶ
1521 3421 1777 3492 δυσχερε-

212 3492 405 3561 στέρας
432 3494 674 3560 δουλείας
705 3500 964 3569 πρόξενον
986 3505 1117 3572 ἡμῖν
1141 3504 1354 3572 γέγονε,
1373 3509 1626 3562 τοσοῦτον
1654 3515 1779 3574 τοὺς

209 3584 330 3636 καθ’
371 3586 526 3655 ἡμῶν
575 3588 801 3657 ἐχθροὺς
851 3594 1219 3663 ἀγριωτέρους
1277 3603 1772 3670 παρασκευάσασα,

208 3677 329 3727 ὅσον
358 3677 584 3741 ἐκείνοις
615 3682 776 3747 ἡμεῖς
804 3683 1206 3753 ἀπαλλαγέντες
1248 3691 1473 3761 ᾠόμεθα
1503 3712 1775 3764 κατεκαγ-

210 3767 465 3836 χάζομεν.
496 3771 606 3822 Ποῦ
635 3772 699 3841 δὴ
720 3771 813 3827 οὖν
836 3779 895 3827 τὸ
926 3778 1170 3845 διηνεκὲς
1191 3783 1354 3835 αὑτοῦ
1384 3785 1529 3848 ἔλεος
1560 3787 1639 3840 ἔτι
1668 3788 1772 3840 σῶ-

207 3857 351 3917 ζοιτο
375 3856 460 3921 ἂν,
488 3860 624 3930 ὅπερ
649 3865 788 3916 κατὰ
812 3866 872 3917 τὸ
892 3869 998 3919 ἀπὸ
1019 3869 1117 3934 τῆς
1143 3872 1241 3940 γῆς
1268 3874 1407 3941 πρὸς
1439 3874 1499 3926 τὸ
1522 3877 1773 3945 οὐράνιον

209 3947 337 4016 ὕψος
358 3949 649 4022 διάμετρον
677 3958 1013 4025 κραταιῶσαι
1039 3962 1124 4027 ἐφ’
1149 3966 1293 4031 ἡμᾶς
1329 3967 1715 4035 ἐπηγγείλατο,
1745 3971 1774 4022 ὃ

204 4041 356 4110 δηλοῖ
378 4043 437 4095 τὸ
466 4045 875 4115 ἁπεριόριστονς
907 4051 1022 4115 πῶς
1043 4053 1097 4104 δὲ
1123 4055 1214 4105 καὶ
1242 4056 1340 4119 τὰς
1366 4058 1594 4129 ἀνομίας
1618 4062 1774 4131 ἡμῶν

208 4131 348 4183 κατά
376 4133 435 4185 τὸ
455 4134 555 4204 τῆς
588 4138 849 4209 ἀνατολῆς
874 4141 965 4193 ἐπὶ
991 4142 1050 4194 τὸ
1068 4144 1281 4199 διιτικδν
1310 4148 1479 4216 κλίμα
1502 4151 1775 4223 διάστημα

205 4222 299 4291 ἀφ’
330 4224 484 4293 ἡμῶν
514 4229 786 4297 μακρύναι
815 4229 1052 4298 λέγεται,
1076 4236 1211 4307 ὅπερ
1243 4238 1339 4308 τὴν
1370 4242 1607 4313 παντελῆ
1639 4245 1772 4297 ἀπο-

205 4312 471 4385 λύτρωσιν
499 4322 775 4388 σημαίνει,
801 4325 849 4375 εἰ
878 4324 957 4376 ἔτι
994 4327 1278 4393 τοσαύταις
1310 4334 1603 4403 ἐνεχόμεθα
1637 4336 1771 4390 πλά-

207 4423 352 4471 ναις;
378 4408 482 4458 Καὶ
496 4410 623 4476 γοῦν
651 4414 865 4481 ὁρῶμεν
885 4418 1008 4480 τοὺς
1026 4420 1136 4471 ,τῶν
1162 4422 1359 4491 ἰατρῶν
1380 4425 1766 4497 ἐπιστήμονας,

203 4497 251 4547 οἳ
283 4497 500 4549 ἐπειδάν
536 4517 658 4553 τινα
694 4503 800 4555 τῶν
842 4506 1081 4572 ἀσθενῶς
1119 4512 1179 4577 τὺ
1216 4516 1373 4583 σῶμα
1414 4518 1769 4591 διακειμένων
1805 4496 1847 4550 D

200 4590 313 4649 τοῖς
358 4592 422 4641 ἐκ
474 4592 571 4661 τῆς
622 4594 813 4665 τέχνης
863 4599 1227 4673 ἀκριϐασμοῑς
1271 4609 1650 4679 ἐπαμύναντες
1690 4618 1769 4678 εἰς

202 4682 393 4748 ὑγείαν
429 4684 801 4753 ἐπανάξωσιν,
833 4691 928 4760 οὐχ
957 4693 1099 4757 ὅπως
1134 4698 1231 4765 μὲν
1254 4701 1417 4753 αὐτὸν
1447 4703 1539 4754 τοῦ
1571 4706 1771 4774 παρόν-

202 4788 290 4835 τος
310 4774 660 4841 ἀπαλλάξωσι
706 4780 927 4847 πάθους,
964 4785 1061 4853 τὴν
1095 4787 1303 4842 ἑαυτῶν
1332 4794 1647 4863 εἰσφέρουσι
1678 4816 1767 4850 τε-

200 4867 390 4935 χνικὴν
438 4870 751 4939 ἐμπειρίαν,
798 4874 933 4929 ἀλλά
984 4893 1044 4943 γε
1095 4881 1190 4931 καὶ
1234 4880 1326 4950 τὴν
1359 4884 1486 4953 ἐξῆς
1528 4886 1618 4939 τοῦ
1653 4888 1767 4957 βίου

201 4957 448 5023 περίοδον
472 4959 885 5033 ἀσφαλεστέραν
912 4967 1055 5037 αὐτῴ
1089 4968 1177 5022 διά
1206 4987 1367 5024 τινων
1400 4977 1769 5045 προφυλακτι-

198 5046 312 5097 κῶν
363 5046 724 5119 βοηθημάτων
767 5060 1274 5125 πραγματεύονται*
1311 5063 1387 5127 ὡς
1429 5066 1495 5118 ἂν
1531 5069 1605 5138 μὴ
1658 5074 1768 5133 τοῖς

200 5139 381 5199 αὺτοῖς
418 5146 579 5209 τυχὸν
629 5142 687 5205 ἐξ
732 5146 986 5217 ἀπειρίας
1038 5150 1287 5221 ὀχληροῖς
1345 5156 1505 5210 πάλιν
1552 5176 1769 5215 συνενε-

197 5227 376 5297 χθείη.
412 5230 472 5281 Εἰ
500 5232 556 5283 δὲ
591 5233 653 5307 δὴ
699 5236 859 5289 πάλιν
889 5241 1085 5307 ἀληθές
1117 5245 1285 5307 ἐστιν,
1316 5245 1503 5319 ῶσπερ
1538 5250 1632 5303 οὖν
1676 5255 1769 5306 καὶ

194 5317 483 5382 δέδεικται,
509 5322 588 5373 ὅτι
618 5324 713 5392 τὴν
740 5329 1011 5399 ἡμετέραν
1033 5336 1059 5384 ὁ
1084 5338 1377 5407 μονογενὴς
1400 5341 1493 5392 τοῦ
1515 5344 1650 5396 Θεοῦ
1674 5347 1767 5397 καὶ.

197 5408 409 5475 ΙΙατρὸς
444 5411 570 5475 Υἱὸς
600 5418 872 5487 πεφόρεκε
910 5422 1089 5488 φύσιν,
1116 5425 1274 5495 δῆλον
1303 5430 1382 5481 ὅτι
1420 5432 1526 5484 τῶν
1551 5435 1766 5487 οἰκείων

194 5497 365 5567 αὐτὴν
393 5502 769 5574 πεπλούτηκεν
792 5511 1028 5577 ἀγαθῶν,
1055 5519 1148 5568 καὶ
1181 5517 1289 5571 τῶν
1320 5521 1412 5573 τοῦ
1448 5525 1767 5597 [Ινεύματος

192 5587 487 5658 ἐξαιρέτων
531 5594 794 5668 ἐνέπλησε
848 5602 1171 5674 θησαυρῶν·
1218 5609 1292 5672 ὼς
1328 5616 1523 5683 μηκέτι
1558 5618 1765 5689 ταύτην

189 5681 270 5741 εἰς
332 5681 391 5734 τὸ
443 5684 566 5755 ἐξῆς
617 5688 875 5760 δευτέρας
935 5698 1239 5752 ἐπιδέεσθαι
1295 5721 1439 5769 τινος
1488 5708 1757 5780 βοηθείας,

268 5816 311 5845 ³⁸
344 5814 361 5866 l
397 5816 522 5874 Cor.
554 5838 634 5884 ιιι,
682 5826 763 5879 ll.
868 5830 954 5882 “‘l
995 5833 1121 5888 Cur.
1160 5853 1197 5897 ι.
1239 5838 1329 5891 2i.

558 5916 827 5979 ΡΛἸἪΟΙ..
863 5924 978 5982 Cn.
1027 5928 1289 5989 XCVIII.

1897 594 2326 663 blasphemiam!
2364 588 2647 663 Quomodo
2683 604 2849 669 enim,
2884 607 2971 661 ubi
3025 588 3276 665 Christus
3303 626 3467 684 caput

1894 694 1948 739 et
2009 684 2425 742 fundamentum
2466 701 2568 754 est,
2628 697 2926 750 secundum
2994 701 3461 768 sapientissimum

1893 774 2124 829 Paulum
2156 779 2219 841 ιδ,
2262 778 2368 833 hoc
2413 778 2527 833 ﬁeri
2560 784 2794 850 poterit?
2822 784 3075 842 Fraudati
3108 806 3235 846 vere
3273 808 3465 850 sumus

1894 880 1989 935 spe
2022 881 2120 922 nos
2145 867 2445 924 Christiani
2479 890 2492 925 :
2534 874 2746 943 decepti
2785 890 2979 932 sumus
3016 880 3177 935 etiam
3204 886 3466 952 praedica~

1894 970 2070 1011 torum
2094 961 2339 1023 νηοίιιυε,
2366 964 2458 1032 qui
2503 965 2666 1019 etiam
2699 966 2867 1022 Deum
2903 971 3061 1025 nobis
3090 988 3119 1027 a
3168 974 3464 1035 daemonio-

1894 1062 2012 1099 rum
2074 1051 2463 1119 superstitione
2528 1068 2630 1107 nos
2681 1054 3038 1111 liberaturum
3094 1061 3146 1113 itt
3199 1066 3460 1120 mundum

1891 1139 2106 1195 venisse
2147 1140 2602 1208 praedicaverunt.
2637 1145 2923 1212 Quomodo
2958 1150 3124 1205 etiam
3174 1153 3279 1211 hoc
3314 1157 3464 1223 peni-

1892 1239 1981 1283 tus
2002 1231 2185 1285 dicere
2224 1238 2551 1301 potuerunt?
2596 1237 2730 1293 Nam
2760 1240 3237 1309 interrogaverunt
3275 1246 3341 1321 [Ῑ.
3382 1250 3465 1304 itt-

1891 1324 2254 1397 terrogemus]
2291 1341 2387 1381 eos
2419 1331 2511 1395 qui
2546 1329 2629 1383 sic
2662 1334 2902 1401 sapiunt,
2946 1349 3126 1391 utrum
3154 1340 3257 1395 hoc
3286 1344 3464 1411 capite

1889 1424 2077 1467 nostro
2104 1417 2454 1483 permittente
2482 1418 2686 1475 factum
2711 1423 2804 1487 sit,
2838 1439 2906 1479 an
2937 1426 3075 1482 forte
3107 1431 3317 1486 valente
3342 1436 3463 1503 qui-

1888 1503 2010 1557 dem
2066 1520 2134 1561 ne
2182 1506 2353 1572 ﬁeret,
2406 1526 2514 1565 non
2574 1514 2783 1570 valente
2833 1524 3010 1571 tamen
3073 1522 3326 1577 auxiliari
3361 1541 3377 1579 :
3409 1536 3462 1580 et

1886 1599 2163 1664 quomodo
2192 1600 2591 1669 subsequenter
2628 1605 2730 1661 hoc
2774 1624 2880 1662 non
2914 1612 2985 1664 sit
3018 1614 3183 1668 totius
3208 1614 3461 1684 blasphe-

1888 1686 2030 1740 miae.
2082 1687 2137 1741 Si
2166 1691 2310 1743 enim
2340 1708 2501 1746 verax
2538 1705 2623 1749 est
2651 1700 3053 1757 sacratissimus
3084 1703 3307 1768 Paulus,
3333 1712 3458 1761 dum

1887 1778 2166 1834 Christum
2201 1780 2397 1837 Filium
2435 1783 2552 1850 Dei,
2594 1787 2847 1844 virtutem
2896 1800 2950 1845 et
2998 1794 3089 1848 Dei
3138 1799 3457 1867 sapientiam

1888 1873 2139 1927 nominat
2163 1874 2226 1938 η,
2259 1878 2560 1945 quomodo,
2583 1895 2792 1949 quaeso,
2821 1885 2990 1940 valuit
3018 1884 3195 1943 Patris
3227 1890 3460 1959 inexpu-

1887 1964 2155 2031 gnabilem
2185 1967 2437 2022 virtutem
2464 1979 2516 2024 et
2537 1973 2883 2041 Sapientiam,
2913 1992 3034 2046 qua:
3057 1980 3315 2036 omnibus
3335 1998 3459 2040 esse

1845 2056 2099 2124 ,ιι-ιιιιιίι,
2137 2059 2438 2129 quidquam
2492 2076 2680 2117 eorum
2731 2082 2853 2135 quze
2903 2080 3032 2125 sunt
3080 2078 3456 2144 exsuperare?

1886 2148 2239 2217 Perspicuum
2275 2153 2421 2207 enim
2470 2164 2573 2221 est,
2605 2158 2734 2226 quia
2764 2161 2808 2214 si
2857 2163 3000 2218 istud
3052 2166 3182 2221 huic
3229 2171 3452 2231 accidit.

1886 2247 1983 2284 nec
2011 2233 2062 2286 id
2095 2237 2238 2302 quud
2286 2254 2393 2293 non
2425 2254 2526 2314 est_
2552 2245 2688 2309 haec,
2718 2261 2748 2301 a
2781 2248 2978 2306 talibus
3007 2259 3452 2315 accusationibus

1885 2324 2105 2390 pellent.
2138 2326 2426 2392 Quomodo
2453 2334 2596 2388 enim
2626 2335 2770 2394 Deus
2795 2344 3162 2413 omnipotens.
3193 2358 3383 2418 potens
3401 2364 3456 2409 et

1887 2412 2041 2471 fortis
2072 2416 2230 2474 Pater
2255 2423 2434 2477 adhuc
2466 2425 2699 2494 dicatur,
2733 2434 2778 2486 si
2805 2450 2927 2503 quae
2952 2412 3053 2493 sua
3084 2412 3297 2499 sublata
3327 2459 3457 2501 sunt

1885 2505 2102 2575 virtute,
2134 2510 2351 2567 subdita
2381 2514 2620 2573 inimicis
2644 2532 2771 2575 sunt
2795 2525 3024 2582 etl‘ecta?
3049 2528 3141 2585 Vel
3166 2548 3277 2603 quo
3298 2545 3457 2605 pacto

1884 2597 2054 2655 Filius
2095 2602 2324 2659 indulsit
2377 2608 2430 2662 in
2473 2608 2794 2678 Ecclesiam,
2852 2633 3015 2687 quam
3056 2597 3457 2692 proprio-sau-

1884 2693 2049 2760 guine
2081 2708 2181 2747 suo
2234 2697 2338 2751 sibi
2372 2700 2740 2771 desponsavit,
2787 2708 3121 2780 immanibus
3171 2719 3351 2772 taliter
3402 2731 3456 2774 ct

1886 2781 2411 2844 immisericordibus
2442 2808 2634 2848 rursus
2664 2796 2941 2876 deservire
2969 2805 3289 2871 spiritibus?
3314 2826 3455 2878 prte-

1885 2873 2071 2927 sertim
2096 2890 2220 2929 cum
2255 2876 2711 2953 Hymnographus
2733 2890 2880 2944 dicat
2904 2873 2967 2945 ;'.
2991 2894 3127 2960 Quia
3150 2873 3453 2957 secundum

1884 2964 2225 3023 altitudinem
2266 2974 2390 3026 caeli
2436 2992 2464 3029 a
2500 2985 2636 3030 terra
2682 2983 3025 3039 conlirmavit
3060 2986 3324 3047 Dominus
3354 2996 3455 3048 mi-

1875 3060 2236 3116 sericordiam
2266 3081 2419 3119 suam
2446 3083 2607 3137 super
2639 3074 2892 3133 timentes
2921 3094 3046 3133 cum
3073 3082 3134 3136 “.
3168 3102 3187 3134 ι
3218 3083 3273 3139 Si
3306 3090 3453 3144 enim

1885 3155 1939 3209 in
1972 3158 2075 3212 hoc
2111 3164 2424 3218 incarnatus
2456 3176 2559 3231 est,
2588 3179 2647 3221 ut
2673 3170 2739 3224 de
2768 3187 2959 3227 eorum
2988 3193 3088 3233 nos
3119 3195 3286 3234 manu
3321 3183 3455 3238 libe-

1886 3258 2030 3301 raret
2060 3252 2356 3306 secundum
2386 3260 2732 3327 prophetieas
2759 3265 3167 3333 prolocutiones
3197 3290 3211 3325 :
3238 3274 3454 3341 liberati

1880 3348 2060 3393 autem
2100 3357 2311 3405 sumus,
2348 3354 2405 3399 ut
2445 3351 2621 3417 aiunt,
2655 3354 2720 3407 ad
2773 3356 3047 3413 modiCuin
3100 3380 3114 3415 :
3173 3380 3285 3419 non
3328 3367 3451 3434 fuit,

1881 3432 1973 3485 sed
2006 3443 2189 3499 putata
2217 3445 2320 3489 est.
2351 3436 2466 3493 Non
2512 3444 2656 3497 enim
2688 3447 2850 3513 gladii
2881 3448 3134 3526 [gaudii],
3158 3458 3251 3510 sed
3280 3432 3453 3513 abun;

1878 3522 2145 3577 dantioris
2172 3537 2226 3580 et
2257 3528 2578 3587 ilillicilioris
2626 3538 2907 3594 servitutis
2955 3522 3111 3598 nobis
3156 3545 3336 3603 factus
3368 3564 3453 3607 est

1878 3626 2067 3678 causa,
2092 3624 2245 3671 tanto
2272 3619 2525 3678 inimicos
2543 3638 2763 3684 nostros
2789 3630 3083 3692 ferociores
3105 3651 3448 3709 construens,

1878 3715 2085 3774 quanto
2138 3711 2257 3767 illos
2295 3729 2392 3768 nos
2423 3716 2661 3783 liberati,
2699 3731 2757 3775 ut
2806 3726 3116 3796 opinamur,
3151 3732 3444 3792 irrisimus.

1883 3799 1983 3853 Ubi
2043 3813 2218 3856 autem
2295 3810 2556 3864 continua
2630 3815 3002 3873 misericordia
3068 3839 3447 3886 conservatur.

1876 3906 2038 3958 quant
2063 3898 2367 3951 secundum
2401 3900 2745 3958 altitudinem
2788 3910 3066 3966 caelestem
3103 3930 3132 3968 a
3167 3926 3311 3971 terra
3342 3920 3447 3974 im-

1877 3998 2064 4037 mensa
2098 3983 2469 4061 [immensam]
2516 4008 2681 4062 super
2719 4012 2819 4052 nos
2848 4002 3203 4060 conﬁtmassc
3249 4024 3309 4064 se
3360 4028 3447 4067 re-

1878 4076 2149 4142 promisit,
2203 4081 2367 4148 quod.
2399 4082 2601 4140 indicat
2656 4088 2968 4146 inﬁnitum?
3026 4096 3116 4151 Vel
3173 4106 3446 4170 quomodo

1878 4166 2193 4235 iniquitates
2224 4184 2441 4229 nostras
2468 4177 2752 4249 elongasse
2779 4198 2807 4235 a
2845 4184 3002 4240 nobis
3028 4166 3248 4255 dicitur,
3272 4210 3447 4262 quan—

1877 4262 1990 4309 tum
2024 4258 2189 4315 distat
2236 4263 2306 4319 ab
2346 4266 2555 4322 oriente
2600 4287 2769 4340 usque
2810 4274 2876 4327 ad
2912 4258 3305 4338 occidentalem
3335 4289 3447 4354 pla-

1875 4363 2020 4417 gam,
2050 4354 2192 4421 quod
2243 4358 2611 4413 omnimodam
2668 4365 3090 4436 redemptionem
3145 4375 3346 4444 signat,
3399 4382 3480 4446 si,

1877 4439 2055 4495 adhuc
2086 4444 2291 4498 eisdem
2336 4448 2680 4517 implicantur
2708 4459 3033 4515 erroribus?
3063 4462 3129 4516 Et
3167 4476 3315 4521 certe
3366 4472 3447 4522 vi-

1876 4531 2070 4587 demus
2101 4536 2434 4593 medicorum
2481 4544 2867 4610 peritissimos,
2899 4565 3023 4605 cum
3073 4555 3309 4623 aliquem
3358 4560 3445 4613 in-

1877 4621 2036 4678 lirmo
2069 4640 2298 4695 corpore
2340 4630 2612 4698 jacentem
2648 4638 2782 4692 artis
2814 4654 2926 4695 suae
2960 4642 3256 4713 diligentiis
3286 4651 3440 4719 adju-

1875 4715 2069 4780 verint,
2097 4728 2148 4769 et
2174 4719 2239 4771 ad
2270 4722 2557 4777 sanitatem
2587 4727 2922 4794 reduxerim,
2961 4748 3069 4786 non
3101 4752 3223 4791 eum
3254 4757 3378 4794 mox
3412 4760 3439 4794 a

1872 4809 2124 4872 praesenti
2176 4811 2521 4869 liberaverint
2589 4821 2886 4887 passione,
2939 4825 3261 4883 subtrahere
3309 4836 3442 4889 artis

1871 4901 2284 4966 experientiam,
2310 4906 2402 4959 sed
2423 4919 2568 4963 certe
2594 4908 2660 4981 [[.
2688 4924 2848 4966 certa:
2876 4914 3071 4990 ΙΙΑιιι).]
3100 4923 3217 4975 vita:
3242 4927 3442 4980 eiroui-

1872 4998 1984 5042 tum
2013 4995 2310 5048 cautiorem
2347 5002 2394 5051 ei
2452 5016 2544 5069 per
2573 5003 2818 5069 qua'dam
2852 5009 3054 5063 auxilia
3089 5019 3438 5082 praztnunire,

1871 5080 2102 5134 valentia
2128 5084 2421 5141 sollicitum
2451 5094 2664 5159 operari
2712 5111 2724 5146 :
2771 5108 3043 5164 quatenus
3085 5118 3192 5155 non
3234 5107 3438 5162 eisdem

1870 5166 2007 5222 forte
2042 5186 2136 5239 per
2182 5174 2503 5243 imperitiam
2551 5179 2746 5236 iterutn
2784 5186 3047 5242 molestiis
3076 5195 3438 5261 opprimatur.

1870 5257 1963 5311 Ast
1988 5275 2179 5315 rursus
2204 5265 2245 5314 si
2279 5279 2460 5317 verum
2490 5277 2591 5331 est,
2624 5274 3080 5335 quemadmodum
3113 5290 3163 5331 et
3188 5294 3442 5349 compro-

1871 5347 2055 5402 butum
2093 5361 2211 5415 est,
2251 5355 2378 5422 quia
2411 5368 2651 5411 nostram
2685 5361 2997 5432 unigenitus
3030 5365 3120 5419 Dei
3162 5378 3216 5421 ct
3263 5347 3440 5426 Patris

1869 5438 2038 5495 Filius
2071 5444 2245 5497 induit
2281 5459 2529 5502 naturam
2560 5468 2572 5502 :
2605 5452 2952 5508 manifestum
2984 5465 3089 5521 est,
3135 5462 3280 5527 quod
3316 5480 3438 5531 pro-

1867 5535 1999 5601 priis
2027 5551 2144 5588 eam
2166 5536 2323 5592 bonis
2341 5540 2613 5609 ditaverit,
2638 5555 2690 5597 et
2707 5547 2994 5615 praecipuis
3013 5548 3250 5619 Spiritus
3276 5556 3436 5610 donis

1867 5632 2169 5697 repleverit,
2214 5649 2279 5687 nc
2301 5633 2366 5688 de
2387 5643 2786 5696 caeterosaeculi
2814 5642 3084 5719 [secundi]
3109 5651 3433 5721 cujusquam

1866 5727 2041 5781 egeret
2077 5722 2300 5784 attviliu,
2331 5727 2496 5780 semel
2530 5728 2599 5781 ah
2622 5744 2685 5783 eo
2712 5732 2906 5787 robore
2932 5737 3023 5803 qui
3055 5740 3193 5793 hanc
3223 5757 3435 5797 assum-

1413 5845 1452 5872 ”
1488 5843 1635 5901 Psal.
1660 5866 1755 5914 cn,
1800 5856 1882 5907 II.

2995 5965 3071 6025 1:2
