4144 6448
197 409 312 473 1325

1363 395 1617 460 δΕιιΜΟ
1660 386 2218 453 LAUDATORIUS.

3271 376 3410 442 1326

187 519 353 573 ἄσυλον
380 514 713 579 διασὼσχσα,
743 514 860 583 ἢτοι
906 509 1003 580 τὴν
1040 510 1284 563 δοθεῖσαν
1325 508 1409 560 ἐπ’
1439 504 1607 573 αὐτὴν
1637 502 1730 553 τοῦ

1859 508 1918 549 πει
1952 497 2017 557 ιο,
2045 491 2253 551 Christi
2290 493 2477 562 sponsi
2511 492 2593 550 sui
2632 493 2850 546 ari-ham
2888 488 3250 545 inviolabilem
3300 505 3405 545 scr~

187 608 471 678 Πνεύματος
501 606 680 677 χάριν.
737 602 1026 672 Τοιγάρτοι
1059 603 1151 655 καὶ
1180 603 1207 654 ὁ
1244 601 1385 663 θεῖος
1414 599 1576 653 Δαδὶδ
1609 597 1732 650 πολ-

184 700 289 760 λαῖς
332 698 593 767 πρότερον
633 685 851 763 γενεαῖς
895 695 956 748 τὸ
1004 695 1140 763 πρὸς
1186 694 1284 763 τὴν
1324 694 1506 745 πίστιν
1561 690 1733 758 αὐτῆς

185 791 369 859 ἑδραῖον
395 786 784 857 ἀνακηρύττων
812 785 1001 851 ἔλεγεν
1026 802 1039 814 ·
1079 803 1097 835 ι
1131 785 1188 836 'D
1214 783 1346 846 Θεὸς
1375 784 1434 835 ἐν
1458 783 1606 851 μέσῳ
1634 782 1732 833 αύ-

184 882 288 949 τῆς,
316 882 400 931 καὶ
413 879 475 930 οὐ
510 877 905 947 σαλευθήσεται
929 893 942 906 ο
974 895 991 927 ι
1021 877 1114 929 καὶ
1144 874 1306 929 πάλιν
1328 891 1339 903 ⁸
1373 872 1735 942 «Ἑστερέωσε

183 971 270 1040 τὴν
292 966 609 1038 οἰκουμένην
641 966 762 1036 ἥτις
786 966 847 1020 ού
868 954 1260 1035 σαλευθήσεται
1283 980 1295 993 ·
1321 984 1339 1016 ι
1367 966 1483 1025 ταῖς
1517 979 1737 1016 σατανι-

184 1064 293 1123 καίς
314 1059 546 1129 δηλονότι
590 1057 1026 1126 πολιορκουμένη
1059 1058 1347 1126 μηχαναῖς.
1386 1055 1485 1106 ‘Av
1517 1055 1626 1121 γάρ
1655 1069 1738 1104 τι-

184 1170 265 1215 νες
286 1152 340 1203 τὸ
370 1150 659 1219 στερέωμα
689 1148 785 1201 τοῦ
817 1148 899 1211 είς
935 1147 1107 1218 αὐτὴν
1135 1146 1473 1207 διαδοθέντος
1510 1144 1739 1210 εὐαγγεο

184 1243 322 1297 λικοῦ
353 1242 711 1313 κηρύγματος
732 1240 840 1294 τῶν
874 1240 1041 1293 πάλαι
1090 1238 1123 1309 ἢ
1152 1236 1263 1291 τῶν
1301 1235 1397 1291 νῦν
1444 1233 1740 1301 αἱρετικῶν

183 1338 490 1389 κατασείσαι
521 1332 904 1403 τεθελήκασιν,
935 1329 1168 1390 ἐκείνοις
1214 1316 1313 1399 μὲν
1354 1329 1417 1381 τὸ
1445 1326 1741 1398 μελετηθὲν

182 1429 256 1490 εἰς
286 1426 435 1495 ἔργον
466 1425 757 1493 ἐκϐέβηκε.

248 1602 425 1675 Ταύτῃ
461 1603 517 1655 δὲ
555 1601 690 1671 μόνῃ
737 1600 799 1653 τδ
847 1599 1144 1653 ἀσάλευτον
1194 1600 1271 1662 εἰς
1302 1598 1475 1652 αἰῶνα
1508 1598 1744 1665 τετήρη-

182 1713 285 1757 ται,
327 1695 465 1747 κατά
507 1692 604 1762 τὴν
651 1692 858 1760 ἀψευδῆ
908 1690 1003 1744 τοῦ
1046 1690 1322 1760 φήσαντος
1372 1686 1702 1755 ἐπαγγελίαν
1727 1701 1739 1715 ·

190 1804 208 1835 ι
244 1785 302 1838 Εί
331 1782 642 1852 tramam.
678 1779 817 1851 γυνὴ
848 1780 940 1834 τοῦ
974 1779 1185 1832 παιδίου
1216 1778 1404 1846 αὐτῆς,
1440 1777 1473 1847 ἢ
1522 1774 1617 1829 τοῦ
1669 1776 1744 1847 μὴ

1838 600 1992 651 rans,
2024 586 2077 637 id
2108 594 2212 647 cst,
2258 580 2441 637 datam
2493 582 2545 635 in
2583 596 2641 635 se
2682 580 2915 649 Spiritus
2944 580 3199 650 gratiam.
3243 579 3412 647 Cujus

1835 678 1910 731 rei
1938 678 2112 746 gratia
2148 686 2202 729 et
2236 675 2453 728 divinus
2510 673 2676 726 David
2733 674 2920 728 multis
2953 672 3104 740 prius
3160 673 3414 741 gentibus

1837 768 2271 823 imnmhililatem
2312 766 2423 821 ﬁeri
2468 763 2642 837 [lidei]
2682 765 2753 818 ab
2800 765 2886 818 illa
2931 765 3189 819 exhibita:
3222 764 3417 833 praedi-

1835 878 1968 916 cans
2000 859 2278 915 asserebat
2314 877 2326 911 :
2357 878 2374 909 ‹
2411 856 2554 912 Deus
2587 857 2640 910 in
2675 857 2856 910 medio
2882 859 3002 923 ejus
3035 873 3141 910 non
3178 871 3418 910 commo-

1838 953 2089 1014 vebitur;
2123 950 2324 1004 etenim
2374 948 2449 1021 [et
2480 947 2701 1019 iterum]
2738 948 2977 1002 ﬁrmavit
3020 949 3206 1001 orbem
3237 957 3415 1011 terra,

1838 1047 1929 1113 qui
1980 1060 2089 1098 non
2131 1046 2565 1098 commovebitur
2616 1044 2699 1110 ὀς
2744 1063 2762 1095 ι
2823 1042 3111 1096 diabolicis
3168 1043 3421 1097 videlicd

1842 1139 2190 1204 impugnalus
2220 1135 2692 1189 machinamentis.
2717 1132 2854 1188 Nam
2882 1136 2983 1188 etsi
3016 1135 3420 1188 ﬁrmamentum

1839 1227 2167 1297 evangeliea:
2199 1227 2600 1296 pradicationis
2624 1242 2748 1295 qua:
2775 1227 2827 1279 iu
2860 1243 2979 1279 eam
3010 1227 3135 1280 dal’a
3162 1235 3268 1291 est,
3307 1226 3423 1295 qui-

1840 1319 1967 1373 dam
2000 1319 2353 1386 antiquorum
2392 1317 2474 1371 vel
2520 1317 2841 1371 instantium
2878 1318 3259 1371 lneretieorum
3299 1332 3425 1370 con-

1842 1422 2031 1467 cutere
2062 1413 2375 1473 voluerunt,
2430 1409 2537 1465 illis
2569 1420 2751 1465 tamen
2782 1410 2928 1478 quod
2988 1410 3230 1463 meditati
3272 1420 3423 1471 sunt,

1842 1504 1896 1557 in
1931 1519 2071 1572 opus
2102 1513 2417 1571 reputalnm
2454 1510 2558 1557 est.

1914 1596 2055 1650 Huic
2104 1604 2289 1649 autem
2338 1595 2439 1650 soli
2493 1594 2850 1650 immobilitas
2897 1595 2949 1649 in
2992 1607 3255 1651 :elernum
3305 1613 3423 1653 ser-

1866 1698 1990 1742 vata
2029 1697 2113 1741 est
2141 1686 2290 1755 juita
2320 1685 2807 1754 repromissionem
2835 1685 2983 1738 illius
3009 1688 3099 1754 qui
3132 1704 3238 1741 non
3269 1704 3425 1743 men-

1850 1781 2006 1845 titur,
2044 1779 2277 1832 dieens:
2318 1794 2337 1828 ι
2378 1775 2435 1830 Si
2478 1776 2646 1830 oblita
2681 1774 2844 1830 fuerit
2885 1777 3083 1831 mulier
3118 1782 3271 1847 pueri
3316 1783 3423 1843 sui,

184 1874 390 1943 ἐλεῆσαι
416 1873 482 1924 τὰ
505 1872 703 1938 ἔκγονα
729 1872 828 1940 τῆς
858 1869 1064 1931 κοιλίας
1090 1870 1294 1938 αύτῆς;
1331 1868 1395 1922 Εἰ
1420 1867 1477 1921 δὲ
1504 1867 1597 1920 καὶ
1627 1865 1748 1919 ὲπι-

1859 1881 1912 1926 ιιι
1951 1885 2060 1925 nou
2093 1869 2424 1925 misereatur
2460 1867 2666 1923 sobolis
2708 1868 2917 1924 ventris
2954 1869 3082 1923 sui?
3116 1875 3263 1940 quod
3297 1874 3344 1928 si
3373 1886 3428 1929 et

185 1964 393 2035 λήσεται
424 1962 596 2017 ταῦτα
632 1964 791 2032 γυνὴ,
822 1962 937 2016 ἀλλ’
966 1962 1078 2031 ἐγὼ
1113 1962 1213 2015 οῦκ
1254 1959 1586 2031 ἐπιλήσομαί
1625 1974 1746 2022 σου,

183 2057 318 2124 λέγει
343 2055 564 2125 Κύριος.
602 2073 621 2106 ι
673 2054 960 2117 Ἐάσαντες
997 2052 1284 2123 τοιγαροῦν
1320 2052 1419 2115 τὰς
1454 2053 1511 2104 ὲν
1537 2048 1748 2112 τούτοις

183 2150 352 2202 αὐτῶν
373 2148 483 2201 τῶν
514 2147 688 2216 λόγων
725 2148 987 2217 στροφὰς,
1018 2147 1113 2199 καὶ
1143 2146 1330 2216 μακρά
1365 2146 1485 2206 ταῖς
1512 2142 1752 2213 φλυαρη-

188 2240 436 2309 μοσύναις
485 2239 664 2292 αὐτῶν
710 2240 923 2309 χαίρειν
969 2238 1236 2300 εἰπόντες,
1267 2238 1388 2298 ταῖς
1435 2235 1546 2288 τῶν
1580 2234 1779 2304 ἁγίων.

185 2334 434 2403 Πατέρων
469 2332 1033 2400 ἀνθυπονοστήσωμεν
1066 2329 1265 2394 δόξαις.
1302 2327 1434 2381 Θεὸν
1462 2325 1752 2397 τοιγαροῦν

185 2425 412 2487 ἅπαντες
435 2426 494 2476 ὲν
514 2422 830 2493 ἀνθρωπεία
853 2425 1033 2493 μορφῇ
1062 2420 1140 2490 τῷ
1167 2419 1269 2490 βίῳ
1291 2417 1751 2490 ὲπιδεδημηκὸτα,

183 2518 277 2587 τῆς
300 2516 405 2569 τῶν
431 2516 665 2568 εἰδώλων
705 2514 1049 2584 πολυτρόπου
1090 2513 1301 2581 πλάνης
1346 2506 1492 2581 ἡμᾶς
1524 2506 1754 2577 ἠλευθε-

187 2610 411 2679 ρωκέναι
452 2608 783 2679 δεδείχασινδ
827 2598 1002 2669 οῦτως
1045 2606 1101 2660 αί
1133 2605 1470 2675 προφητικαὶ
1514 2609 1753 2673 προαγο-

187 2698 393 2769 ρεύσεις
445 2697 851 2762 τεθεσπίκασιν,
906 2696 1081 2757 οὕτως
1129 2698 1162 2767 ὴ
1210 2693 1545 2763 ἀποστολικὴ
1596 2694 1755 2763 χάρις

187 2793 472 2862 ὲτράνωσε.
501 2790 720 2860 Ταύτην
753 2791 915 2860 ἡμεῖς
946 2788 1044 2859 τὴν
1064 2787 1413 2842 διδασκαλίαν
1436 2786 1536 2837 οὐκ
1555 2786 1613 2837 ὲν
1633 2800 1756 2836 πει-

185 2884 295 2946 θοῖς
337 2883 525 2950 σοιρίας
570 2881 916 2951 ἀνθρωπίνης
962 2881 1173 2948 λόγοις,
1217 2879 1332 2934 ἀλλ’
1393 2881 1451 2932 ὲν
1490 2878 1757 2940 διδακτοῖς

187 2975 625 3045 Πνεύματος,ὠς
646 2977 976 3045 γέγραπται,
1031 2973 1464 3043 ὲϐεόαιὼθημεν.
1515 2973 1591 3024 Οὐ
1649 2971 1757 3040 γὰρ

186 3068 329 3136 ἡμᾶς
360 3068 414 3117 αῖ
455 3066 562 3119 τῶν
587 3067 761 3135 λόγων
792 3065 1057 3135 κομψεῖαι
1096 3065 1270 3127 οὕτως
1311 3065 1455 3134 ἔχειν
1491 3063 1759 3117 πεπείκα-

189 3176 271 3211 σιν
296 3174 310 3188 ο
350 3159 620 3229 Ἑλλήνων
650 3159 760 3228 γὰρ
788 3157 945 3210 τοῦτο
965 3174 977 3186 ’
1014 3158 1130 3210 ἀλλ’
1158 3159 1190 3225 ἡ
1214 3156 1321 3208 τῶν
1356 3153 1757 3225 συμπερασμά-

185 3268 294 3302 των
326 3250 507 3302 αὐτῶν
548 3250 797 3320 ἀλήθεια.
846 3249 957 3303 Ποῦ
989 3251 1096 3320 γάρ
1127 3249 1205 3301 ἔτι
1237 3250 1298 3301 τὸ
1329 3248 1435 3301 τῶν
1460 3246 1755 3317 δαιμονίων

184 3338 426 3409 ὀλέθριον
457 3340 678 3407 στίφοςς
713 3338 816 3391 ποῦ
861 3338 917 3391 al.
958 3339 1195 3391 διάκενοι
1235 3341 1330 3390 καὶ
1369 3336 1623 3407 βδελυραὶ
1649 3336 1758 3387 τῶν

185 3433 420 3486 εἰδώλων
444 3432 693 3498 τελεταί;
728 3432 829 3484 ποῦ
860 3433 914 3485 αἱ
940 3431 1048 3484 τῶν
1073 3431 1441 3501 ψευδωνύμων
1468 3429 1605 3482 θεῶν
1633 3431 1756 3481 ἐπι-

187 3524 415 3593 σφαλεῖς
445 3518 537 3576 καὶ
571 3524 903 3594 ψυχο·;θόροι
942 3528 1222 3593 μαντείαις
1260 3523 1361 3575 ποῦ
1403 3525 1459 3575 al
1505 3522 1758 3591 βακχεῖαι

181 3617 281 3683 τῆς
325 3616 665 3685 Ἀφροδίτης,
697 3617 791 3668 καὶ
836 3618 904 3669 τὰ
951 3616 1112 3685 ὄργια
1162 3616 1262 3680 τῆς
1316 3616 1633 3684 Δημητρας,
1666 3615 1761 3666 καὶ

182 3710 282 3775 τῆς
318 3706 633 3777 Ἀρτέμιδος
670 3708 723 3759 αί
759 3706 1089 3770 ξενοκτονίαι
1117 3723 1130 3769 ;
1168 3705 1271 3758 ποῦ
1298 3705 1354 3758 αί
1385 3704 1477 3756 τοῦ
1506 3702 1759 3756 Διονύσου

183 3799 494 3868 rupdean
544 3792 748 3868 ἑορταὶ,
789 3799 925 3867 μετά
969 3802 1067 3867 τῆς
1097 3799 1337 3866 ἀθέσμου
1373 3797 1758 3866 ἀνδρομανίας,

181 3891 275 3942 καὶ
301 3892 334 3959 ἡ
363 3890 455 3941 τοῦ
481 3889 770 3958 λεγομένου
809 3890 1018 3959 Μίθρου
1052 3890 1256 3951 ἔνδικος
1290 3890 1524 3957 μύησις;
1573 3886 1674 3939 ποῦ
1705 3888 1760 3938 αἱ

180 3980 456 4046 ὑπόγειοι,
491 3980 585 4032 καὶ
612 3980 915 4048 ύπὲργειοι,
954 3982 1050 4032 καί
1084 3981 1262 4049 ἀέριοι
1290 3979 1761 4047 ἀνθρωποκτονίαι

175 4071 291 4121 τῶν
334 4070 649 4140 λεγομένων
699 4073 838 4124 θεῶν
893 4072 1062 4134 οῦτως
1109 4074 1593 4141 ὲπιτερπομένωνι
1642 4070 1763 4138 οὐχὶ

176 4164 362 4217 πάντα
406 4168 471 4234 τῇ
511 4165 777 4235 ἐπιδημίᾳ
825 4164 917 4217 τοῦ
953 4164 1273 4233 μονογενοῦς
1319 4164 1450 4216 Υίοῦ
1486 4162 1580 4215 τοῦ
1625 4161 1761 4215 Θεοῦ

171 4257 443 4315 ὦλλυντο,
476 4257 569 4307 καὶ
599 4256 750 4317 τέλος
775 4258 882 4308 πᾶν
910 4256 1136 4325 βέϐηλον
1164 4255 1443 4319 ὲδέξαντο;
1473 4256 1591 4325 οὐχὶ
1618 4257 1684 4307 τὰ
1706 4257 1762 4305 ἐν

174 4349 375 4402 κάλλει
407 4346 689 4418 δομήσεών
722 4364 849 4399 ποτε
882 4347 1293 4417 ἐκπεποιημένα
1338 4346 1517 4399 αὐτῶν
1561 4344 1761 4414 τεμένη

170 4439 277 4491 νῦν
306 4441 609 4509 ὴρίπωται,
654 4440 748 4491 καὶ
783 4441 864 4501 είς
900 4439 1004 4507 γῆν
1037 4438 1459 4509 καταϐέϐληται,
1492 4438 1762 4505 αὐτοκρα-

1849 1964 2019 2020 oblita
2049 1963 2213 2017 fuerit
2251 1962 2416 2032 hujus
2443 1962 2661 2019 mulier.
2704 1962 2798 2017 sed
2841 1976 2942 2031 ego
2984 1977 3094 2017 non
3130 1964 3428 2019 obliviscar

1852 2056 1953 2121 tui,
1986 2055 2122 2110 dicit
2154 2054 2425 2108 Dominus
2448 2056 2515 2107 ".
2550 2073 2569 2103 ι
2605 2052 2860 2108 Dimissis
2889 2054 3075 2124 itaque
3101 2071 3423 2111 sermonum

1847 2163 2041 2204 eorum
2095 2146 2451 2209 tor-tionibus,
2505 2145 2709 2215 quibus
2756 2146 2806 2199 in
2854 2147 2938 2202 his
2985 2149 3068 2202 usi
3106 2158 3256 2216 sunt,
3302 2161 3357 2204 et
3396 2167 3427 2204 a

1852 2240 2013 2307 longe
2085 2236 2321 2309 garrulis
2389 2237 2945 2294 sermocinationibus
3018 2241 3263 2310 ipsorum
3332 2259 3431 2298 ave

1851 2322 2035 2395 dicto,
2101 2339 2417 2384 sanctorum
2471 2328 2695 2383 Patrum
2748 2331 2964 2401 saporis
2988 2334 3034 2365 "
3087 2335 3428 2389 delectemur

1853 2422 2229 2493 Opinionibus.
2278 2422 2443 2475 Deum
2488 2421 2653 2492 igitur
2694 2438 2881 2477 omnes
2915 2425 3072 2479 nobis
3103 2427 3156 2479 in
3189 2426 3426 2482 humana

1854 2513 2027 2569 forma
2062 2514 2115 2568 in
2145 2516 2407 2567 mundum
2438 2513 2740 2582 profer-tum
2771 2529 2801 2568 a
2834 2517 3157 2571 multimodo
3185 2534 3286 2574 nos
3308 2519 3429 2575 ido-

1856 2606 2034 2662 lorum
2094 2621 2281 2659 errore
2328 2605 2591 2660 liberasse
2631 2616 3118 2665 moustraverunt:
3161 2612 3241 2665 sic
3303 2628 3429 2682 pro-

1860 2702 2095 2770 phetica:
2143 2700 2559 2769 preloeutiones
2605 2701 3124 2770 promulgaverunt,
3176 2705 3257 2759 sic
3296 2722 3428 2776 apo-

1860 2792 2058 2846 stolica
2088 2792 2261 2862 gratia
2298 2791 2635 2859 explanavit.
2671 2791 2786 2846 Hac
2821 2807 2922 2846 nos
2950 2794 3200 2849 doctrina
3231 2812 3337 2850 non
3376 2796 3429 2850 in

1860 2884 2320 2954 persuasibilibus
2374 2885 2625 2938 humanae
2666 2887 2945 2954 sapientiae
2987 2887 3184 2951 verbis,
3236 2890 3329 2943 scd
3378 2891 3431 2944 in

1857 2977 2177 3031 ostensione
2218 2977 2475 3043 Spiritus,
2516 2977 2658 3031 sicut
2690 2977 2951 3047 scriptum
2987 2990 3088 3043 est,
3145 2981 3429 3036 cerlilicati

1860 3079 2072 3122 sumus.
2126 3066 2243 3121 Non
2282 3068 2427 3119 enim
2488 3082 2590 3121 nos
2629 3082 2945 3121 sermonum
3008 3070 3295 3125 suasioncs
3351 3073 3432 3126 sic

1862 3161 2061 3215 habere
2117 3160 2395 3224 fecerunt;
2465 3174 2798 3230 paganorum
2839 3163 2983 3214 enim
3028 3175 3111 3217 est
3166 3166 3300 3231 hoc;
3336 3168 3429 3219 sed

1864 3255 2102 3322 ipsarum
2156 3267 2334 3307 rerum
2399 3269 2520 3321 qua:
2562 3251 2898 3307 etmtirmatae
2958 3253 3432 3334 [consummatae]

1864 3355 2013 3410 srmt,
2051 3344 2275 3397 veritas.
2330 3344 2460 3396 Nam
2500 3345 2589 3398 ubi
2641 3353 2725 3397 est
2772 3345 3084 3414 perniciosa
3129 3347 3430 3403 daemonis—

1866 3452 1985 3490 rum
2016 3436 2200 3490 acies?
2224 3436 2311 3489 ubi
2345 3437 2536 3490 inanes
2565 3445 2621 3490 et
2647 3438 2997 3492 exsecranda:
3030 3438 3297 3493 idolorqu
3330 3444 3433 3494 im-

1865 3527 2238 3582 rmdationes?
2270 3529 2359 3579 nhi
2400 3527 2520 3581 falsi
2570 3529 2809 3581 numinis
2843 3529 3069 3582 deorum
3108 3531 3435 3601 deceptor-ia:

1864 3622 2281 3687 animarumque
2334 3621 2706 3688 corruptrices
2733 3620 3145 3677 divinationes?
3200 3623 3299 3679 Ubi
3337 3628 3433 3680 de-

1867 3711 2256 3764 bacchatioues
2302 3710 2551 3774 Veneris,
2603 3719 2652 3763 et
2709 3725 2864 3763 sacra
2902 3716 3161 3783 mysteria
3212 3715 3434 3771 Cereris

1865 3814 2029 3870 atque
2075 3803 2257 3855 Dianre
2308 3802 2696 3870 hospitii-idin?
2730 3800 2829 3855 Ubi
2868 3802 3110 3875 Dionysii
3140 3803 3265 3876 [pro
3306 3806 3436 3861 Dio-

1866 3894 2003 3961 mysi.
2034 3890 2267 3962 llanm],
2301 3905 2517 3943 vesana:
2577 3891 2898 3945 festivitates
2948 3906 3074 3945 cum
3122 3894 3309 3948 illicita
3352 3898 3436 3948 vi-

1869 3999 2054 4036 rorum
2089 3986 2330 4044 vesania,
2379 3992 2431 4035 et
2476 3983 2770 4050 unucnpati
2825 3983 3031 4035 Mithrre
3066 3982 3209 4051 justa
3260 3987 3433 4040 imbu-

1870 4073 1985 4126 tio?
2035 4071 2136 4125 Ubi
2179 4073 2375 4125 subtus
2417 4084 2617 4125 tortam
2663 4081 2717 4125 et
2764 4088 2929 4141 supra
2963 4081 3163 4127 terram
3212 4075 3353 4130 facta
3384 4092 3437 4135 et

1868 4162 2016 4213 auria
2060 4161 2357 4213 homicidia
2411 4174 2730 4215 vocatorum
2782 4163 3007 4218 deorum
3063 4166 3245 4218 taliter
3291 4168 3436 4221 dele-

1868 4250 2179 4303 etautium?
2239 4250 2425 4303 Nonne
2476 4249 2660 4303 omnia
2706 4250 2974 4320 unigeniti
3027 4249 3148 4305 Filii
3202 4251 3297 4306 Dei
3339 4254 3434 4306 ad-

1875 4352 2036 4394 ventu
2072 4340 2371 4408 perierunt,
2404 4350 2456 4394 cl
2492 4344 2652 4394 linem
2687 4340 3135 4409 profanissimum
3181 4359 3439 4414 suscepe—

1872 4431 2038 4484 runt?
2092 4429 2283 4483 Nonne
2334 4432 2559 4499 pulchre
2608 4432 2889 4499 quondam
2945 4434 3193 4488 dedicata
3245 4450 3437 4489 eorum

170 4534 427 4598 τορικοῖς
465 4529 917 4599 παρακελεύμασι
964 4529 1124 4582 τοῦτο
1164 4530 1347 4582 αὐτῶν
1378 4528 1756 4592 πεπονθότων;

1872 4525 2093 4592 templa,
2150 4540 2292 4577 nuue
2344 4524 2713 4592 imperatoriis
2758 4524 2892 4579 elisa
2932 4526 3110 4594 jussis
3147 4536 3201 4580 et
3236 4528 3301 4580 ad
3337 4539 3441 4581 ter-

169 4622 320 4690 Οὐχὶ
348 4622 414 4671 ἐκ
444 4622 540 4688 τῆς
564 4621 819 4672 ἀπάντων
852 4620 1191 4690 Χριστιανῶν
1219 4620 1447 4690 καρδίας
1473 4622 1525 4672 al
1556 4619 1758 4672 τούτων

170 4714 375 4779 μνείαι
406 4709 870 4779 ἐξηφανίσθησαν,
889 4711 983 4762 καὶ
1008 4710 1067 4762 τὸ
1083 4713 1189 4779 ’τῆς
1216 4710 1550 4779 προφητείας
1577 4710 1760 4771 αὐτοῖς

170 4802 484 4869 πράγμασι
513 4799 898 4868 περατωμένον
920 4802 1134 4869 ὁρᾶται,
1171 4800 1230 4852 τὸ
1264 4821 1282 4851 ι
1312 4801 1589 4870 Ἐπλήσθη
1615 4801 1762 4853 πᾶσα

166 4893 201 4958 ἡ
241 4890 322 4956 γῆ
355 4888 451 4940 τοῦ
476 4889 679 4954 γνῶναι
700 4890 790 4941 τὸν
819 4889 1044 4959 Κύριον,
1075 4895 1148 4952 ὼς
1181 4889 1323 4961 ὕδωρ
1355 4892 1488 4945 πολὺ
1526 4909 1765 4944 κατακα-

166 4981 393 5033 λύπτον
443 4980 756 5045 θαλάσσας;
802 5000 820 5031 ι
890 4982 1363 5051 Προσκυνήσωμεν
1433 4983 1611 5033 τοίνυν
1672 4983 1764 5034 τὸν

163 5070 528 5136 ἐπιφανέντα
564 5070 788 5139 Κύριον,
826 5072 919 5123 καὶ
950 5072 1049 5139 τῆς
1074 5057 1280 5124 ’τούτων
1309 5074 1452 5142 ἡμᾶς
1494 5073 1768 5143 λελυτρω-

162 5162 322 5214 κότα
386 5161 743 5229 παγχαλέπου
793 5162 1024 5231 πλάνης.
1084 5164 1448 5233 Ὑμνήσωμεν
1501 5164 1667 5219 αὑτοῦ
1709 5167 1769 5218 τδ

158 5252 579 5321 ἁπεριόριστον
613 5252 710 5321 τῆς
746 5252 1156 5323 φιλανθρωπίας
1181 5269 1193 5282 ·
1227 5254 1554 5324 κηρύξωμεν
1594 5260 1653 5308 ὲν
1690 5257 1770 5325 τῷ

155 5347 275 5411 τῆς
297 5341 922 5412 ήμετέραςἘκκλησίας
942 5342 1263 5414 ὑψηλοτάτῳ
1280 5345 1396 5413 ὄρει
1414 5348 1513 5415 τὴν
1534 5347 1770 5416 φρικτὴν

155 5437 269 5487 καὶ
312 5436 703 5503 ἀνέκφραστον
733 5434 899 5488 αὑτοῦ
930 5435 1031 5504 τῆς
1075 5437 1386 5505 οἰκονομίας
1420 5442 1769 5505 συγκατάεαο

150 5542 255 5577 σιν
283 5541 298 5554 °
336 5524 651 5593 ὐψώσωμεν
691 5524 789 5588 τάς
819 5526 1000 5593 φωνάς
1042 5529 1099 5577 ἐν
1131 5528 1302 5595 mea.
1331 5531 1424 5581 καὶ
1460 5531 1534 5601 μὴ
1568 5532 1769 5599 φεισώ-

150 5613 325 5683 μεθα
362 5613 466 5683 τὴν
500 5613 977 5684 μεγαλοπρέπειαν
1020 5618 1115 5687 τῆς
1146 5618 1305 5689 δόξης
1344 5621 1531 5684 αὐτοῦ,
1563 5624 1765 5694 δηλαδὴ

238 5770 289 5805 ’³
328 5768 372 5821 11
408 5768 536 5822 Cor.
571 5787 642 5833 xu,
667 5778 719 5824 ‘2.

774 5818 787 5835 ,
819 5774 862 5803 ²⁰
895 5771 1037 5826 Psal.
1084 5790 1205 5835 ην,
1266 5772 1333 5837 6;
1384 5791 1511 5836 xcv,
1555 5778 1625 5836 id,
1700 5779 1740 5808 “
1777 5779 1878 5833 Isa.
1929 5795 2073 5840 xux,
2110 5778 2194 5831 lii.

145 5855 366 5897 neque
435 5856 560 5895 vero
631 5859 852 5898 necesse
888 5843 984 5897 l‘uu
1037 5861 1159 5897 cum
1208 5861 1428 5909 saporua
1471 5848 1731 5911 adjective
1756 5851 1974 5904 dicatur
2006 5866 2111 5903 non
2146 5865 2305 5904 seeus
2346 5844 2410 5902 ac
2438 5843 2659 5918 sapidis.

1871 4632 1985 4669 ram
2022 4624 2294 4685 prostrata
2329 4616 2497 4669 sunt?
2530 4615 2722 4669 Nonne
2770 4618 3048 4671 memoriae
3090 4618 3334 4686 ipsorum
3373 4622 3440 4673 ah

1871 4708 2119 4760 omnium
2153 4708 2320 4761 corde
2358 4707 2800 4762 Christianorum
2833 4710 3247 4779 disparuerunt,
3290 4724 3338 4765 et
3379 4715 3441 4766 il-

1875 4802 1963 4852 lud
1999 4802 2297 4868 prophetiae
2332 4801 2466 4868 ipsis
2503 4803 2666 4854 rebus
2712 4802 2915 4855 factum
2946 4803 3234 4871 aspicitur,
3291 4806 3441 4859 vide-

1874 4893 2046 4946 licet:
2091 4912 2108 4943 ι
2151 4892 2370 4961 ΙιιιιιΙιιιει
2415 4903 2495 4944 est
2548 4902 2691 4946 terra
2726 4896 3091 4962 cognoscendi
3127 4894 3437 4959 Dominum.

1874 4985 2029 5053 quasi
2080 4999 2219 5051 aqua
2272 4985 2441 5035 multa
2489 5000 2608 5052 qua:
2652 4988 2827 5052 Opi-rit
2872 5001 3023 5040 Iuare
3045 4985 3133 5038 "?
3170 5006 3187 5037 ι
3233 4990 3432 5043 Adore-

1876 5091 1998 5128 qus
2036 5075 2203 5143 igitur
2238 5073 2532 5127 Dominum
2565 5077 2656 5144 qui
2707 5077 2981 5145 apparuit,
3017 5088 3071 5130 et
3103 5078 3174 5131 ab
3205 5079 3307 5133 hoc
3338 5095 3439 5143 nos

1870 5166 2173 5219 saevissimo
2239 5166 2492 5218 liberavit
2550 5182 2757 5219 errore.
2844 5167 3119 5236 Hymnum
3191 5170 3441 5226 dicamus

1873 5257 2046 5326 ipsius
2076 5256 2301 5309 inﬁnita:
2336 5257 2748 5319 misericordias,
2785 5259 3146 5326 przedicemus
3182 5260 3441 5318 Ecclesia

1875 5359 2073 5402 nostra‘.
2115 5349 2387 5401 altissimo
2436 5351 2604 5401 monti
2659 5349 2973 5405 horribilem
3017 5359 3070 5405 et
3117 5353 3441 5407 lneﬂ‘alzilem

1870 5439 2302 5508 dispensationis
2354 5439 2473 5507 t‘jtts
2530 5439 2964 5496 condeseensum
3035 5440 3439 5518 [consensum].

1872 5533 2187 5586 Exaltemus
2238 5548 2400 5586 voces
2439 5532 2490 5584 in
2533 5532 2889 5600 fortitudine,
2933 5545 2986 5588 et
3036 5550 3103 5589 ne
3152 5553 3442 5606 parcamus

1882 5624 2341 5695 magniﬁcentiam
2390 5625 2693 5691 majestatis
2744 5624 2861 5694 ejus
2911 5626 3437 5698 incomprehensibi-

2272 5780 2315 5807 "
2351 5778 2389 5848 ί.
2420 5778 2645 5845 sapidis.
2677 5777 2738 5830 ι’.
2769 5795 2818 5832 e.
2858 5777 2997 5849 Julyi
3054 5781 3189 5836 nihil
3247 5789 3445 5851 mutat,

2281 5865 2305 5902 s
2346 5864 2410 5902 ac
2438 5851 2659 5903 sanidis.
2737 5850 2781 5880 ’³
2819 5850 2918 5903 lsa.
2962 5866 3032 5903 χι.
3068 5851 3116 5903 9.

2841 5878 2918 5904 aa.
2963 5878 3032 5913 ar,
3071 5878 3116 5904 υ.
