4144 6448
674 411 807 478 1327

1679 412 2072 475 ΕΡΙΡΗΑΝΙΙ
2115 415 2577 478 CATANEN‘S'IS
2621 421 2923 481 DIACONI

3825 421 3931 491 13$

677 523 805 587 lem,
857 522 1068 581 scilicet
1120 519 1388 576 allectum
1439 536 1600 591 quem
1648 537 1776 590 erga
1830 538 1932 578 nos
1982 522 2250 586 exhibuit,

2365 525 2452 595 τὴν
2504 529 2630 598 περὶ
2670 530 2817 598 ἡμᾶς
2865 528 3031 583 αὑτοῦ
3084 526 3473 602 ἀκατάληπτον
3525 535 3930 603 ἐκδιηγούμενοι

676 621 1022 668 enarrantes.
1083 612 1336 668 Dicamus
1393 612 1460 667 ad
1514 627 1638 667 eum
1685 623 1741 666 et
1795 628 1895 668 nos
1945 627 2068 666 cum
2121 627 2251 682 pro-

680 705 845 774 pheta
883 721 896 759 :
939 725 957 757 ι
997 704 1131 770 Quis
1162 704 1309 759 Deus
1339 705 1482 759 sicut
1511 714 1589 768 tu,
1619 703 1877 758 auferens
1910 704 2248 774 iniquitates,

679 805 734 850 et
767 796 1048 850 occultans
1079 803 1304 864 peccata
1342 795 1578 850 residuis
1609 795 1946 850 htcreditatis
1979 805 2086 849 tua:
2104 796 2188 848 "1'
2227 814 2245 848 ι

679 887 946 942 Praeterea
1004 887 1207 943 choros
1266 888 1534 942 ducamus
1595 903 1720 942 cum
1772 889 2028 958 praesenti
2094 903 2252 944 sacro

679 978 1033 1043 commercio,
1072 993 1172 1032 ave
1202 978 1276 1031 illi
1306 977 1451 1031 all‘ati
1484 986 1741 1047 tanquam
1794 981 1974 1049 gaudii
2007 982 2250 1035 bravium

679 1069 1001 1123 tribuentes.
1024 1068 1210 1122 Gaude
1242 1068 1430 1137 igitur,
1483 1069 1918 1122 sacratissimum
1961 1071 2249 1140 collegium

678 1160 850 1215 divini
903 1175 967 1214 ac
1011 1160 1212 1212 sacrati
1261 1169 1585 1213 conventus.
1618 1158 1884 1224 Gaudete,
1936 1171 2253 1215 sanctorum

679 1252 900 1306 Patrum
954 1250 1294 1305 sanctissimi
1366 1259 1826 1320 propugnatores.
1884 1250 2099 1315 Gaude,
2136 1254 2255 1308 sine

682 1343 967 1397 mendacio
996 1342 1369 1411 congregatio,
1405 1342 1458 1395 in
1490 1342 1651 1411 cujus
1685 1343 1864 1396 medio
1894 1341 2038 1398 Dens
2077 1344 2254 1398 inam-

680 1436 848 1500 bulat,
883 1436 1026 1488 sicut
1056 1435 1320 1504 scriptum
1356 1443 1439 1488 est
1466 1435 1533 1486 ”.
1564 1433 1774 1498 Gaude,
1816 1437 2111 1488 concilium
2145 1435 2257 1505 spi-

681 1528 826 1583 ritali
858 1529 1198 1597 apparitione
1222 1525 1483 1580 refertum
1523 1545 1536 1579 :
1569 1541 1632 1579 ex
1658 1541 1766 1594 qua
1797 1526 1890 1594 qui
1925 1526 2254 1587 illustratur,

681 1636 790 1675 non
826 1618 1064 1674 olIendet
1097 1618 1161 1672 ad
1208 1616 1439 1687 lapidem
1491 1617 1757 1671 heretica!
1807 1617 2066 1689 falsaeque
2100 1619 2250 1674 locu-

685 1712 853 1767 tionis
901 1711 1177 1780 spiritales
1221 1710 1418 1764 animte
1466 1708 1650 1779 pedes.
1684 1709 1896 1776 Gaude,
1947 1714 2258 1780 speculator

685 1805 996 1868 divinarum
1042 1802 1494 1872 iudagationum;
1547 1816 1708 1870 quem
1751 1803 1846 1870 qui
1895 1805 2136 1858 modeste
2167 1820 2255 1858 se-

2359 619 2617 687 στοργήν.
2654 620 2917 690 Είπωμεν
2974 620 3112 690 μετὰ
3164 621 3257 674 τοῦ
3307 625 3593 694 προφήτου
3645 627 3744 678 καὶ
3795 629 3933 695 ἡμεῖς

2357 705 2494 777 πρὸς
2523 708 2685 760 αὐτόν
2703 725 2716 738 ο
2751 728 2770 760 ι
2805 709 2901 772 Τίς
2925 709 3058 772 Θεὸς
3083 708 3273 780 ὥσπερ
3306 711 3391 775 σὺ,
3423 711 3666 784 ἐξαιρῶν
3692 716 3932 782 ἀνομίας,

2357 797 2452 850 καὶ
2476 797 2846 868 ἀποκρύπτων
2872 799 3148 869 ἁμαρτίας
3173 801 3285 862 τοῖς
3308 801 3666 864 καταλοίποις
3700 804 3802 871 τῆς
3831 804 3936 868 κλη-

2359 887 2616 955 ρονομίας
2650 905 2744 941 σου
2771 906 2786 954 ;
2827 908 2844 940 ι
2880 889 3344 960 Συγχορεύσωμεν
3374 891 3429 944 δὲ
3462 893 3556 945 καὶ
3584 896 3659 963 τῇ
3696 895 3936 963 napo-5m;

2361 978 2482 1048 ίερᾷ
2494 979 2823 1049 πανηγύρει,
2842 979 2922 1045 τὸ,
2944 981 3135 1048 Χαῖρε,
3151 981 3290 1050 αὐτῇ
3309 982 3849 1052 προσφθεγγύμενοι,
3875 986 3936 1044 ὡς

2357 1069 2456 1137 τῆς
2487 1071 2663 1140 χαρᾶς
2708 1071 3128 1141 βραδευτήριον.
3164 1073 3394 1142 Χσίροις
3441 1076 3651 1136 τοίνυν,
3696 1068 3744 1127 ὦ
3799 1077 3937 1138 ἱερώ-

2357 1178 2487 1215 τατε
2522 1162 2748 1231 σύλλογε
2781 1163 2934 1226 θείας
2967 1164 3060 1216 καὶ
3099 1166 3380 1235 ἱερατικῆς
3421 1167 3783 1236 ὁμηγύρεως.
3817 1168 3936 1218 Χαί-

2362 1269 2498 1323 ροις,
2527 1254 2704 1320 ἁγίων
2745 1253 3006 1322 Πατέρων
3062 1254 3330 1320 ἁγιώτατε
3370 1256 3649 1324 πρόμαχε.
3703 1256 3936 1325 Χαίρας,

2359 1340 2494 1395 Θεοῦ
2548 1343 2948 1412 ἀψευδέστατον
3000 1344 3296 1416 ἄθροισμα,
3338 1348 3398 1397 ὲν
3426 1340 3470 1414 ᾧ
3521 1347 3660 1408 Θεὸς
3707 1351 3766 1399 ὲν
3807 1348 3938 1417 μίτῳ

2361 1434 2730 1505 περιπολεύει,
2757 1437 2832 1498 ὡς
2848 1437 3182 1507 γέγραπται.
3206 1438 3457 1508 Χαίροις,
3489 1442 3688 1508 χορεία
3718 1456 3940 1507 πνευμαο

2361 1528 2518 1595 τικῆς
2549 1526 2836 1597 δᾳδουχίας
2878 1528 3140 1592 ἀνάπλεε,
3172 1529 3231 1593 ἐξ
3270 1525 3340 1600 ἦς
3379 1531 3408 1581 ὁ
3448 1530 3941 1598 καταλαμπόμενος

2361 1620 2422 1672 ού
2450 1618 2749 1687 προσκόψει
2776 1620 2910 1687 πρὸς
2933 1619 3079 1670 λίθον
3112 1621 3400 1690 αίρετικῆς
3425 1621 3808 1690 ψευδοδοξίας,
3834 1624 3940 1682 τοὺς

2362 1712 2586 1779 νοητοὺς
2633 1710 2733 1780 τῆς
2781 1709 2960 1779 ψυχῆς
3005 1713 3189 1775 πόδας.
3223 1714 3469 1783 Χαίροις,
3521 1713 3551 1764 ὁ
3591 1716 3803 1775 σκοπὶς
3847 1714 3941 1765 τῶν

2362 1804 2522 1857 θείων
2563 1801 2869 1873 δηλώσεων,
2998 1807 3026 1857 ὁ
3067 1804 3356 1877 εὐρύθμως
3396 1805 3672 1876 ἑπόμενος
3725 1805 3827 1873 τῆς
3853 1808 3938 1860 ἁπ-

680 1897 890 1964 quitur,
925 1911 953 1948 a
983 1895 1270 1948 minitante
1289 1893 1604 1962 rhomphaea
1635 1894 1865 1948 eruitur.
1894 1893 2104 1961 Gaude,
2126 1912 2261 1950 sem-

2365 1897 2617 1966 ειλούσης
2658 1893 2931 1966 ῥομφαίας
2967 1898 3243 1968 ἐκρύεται.
3270 1899 3521 1968 Χαίροις,
3557 1897 3940 1950 ἀειθαλίστατε

681 2002 778 2056 per
812 1987 1002 2040 lloride
1034 1985 1308 2054 paradise,
1349 1985 1402 2037 in
1441 1985 1604 2053 cujus
1655 1987 1836 2039 medio
1879 1986 2004 2040 vitae
2043 1989 2252 2057 lignum

683 2080 981 2146 plantatum
1028 2088 1131 2143 est,
1182 2093 1282 2146 per
1334 2077 1798 2147 quadripartitum
1843 2079 2256 2150 Evangeliorum

683 2172 895 2224 laticem
956 2185 1261 2239 aspersum.
1323 2169 1532 2233 Gaude,
1564 2185 1729 2224 aurea
1765 2171 2039 2240 ignitaquc
2063 2173 2266 2227 colum-

684 2277 776 2328 na,
833 2278 1032 2316 novum
1101 2263 1194 2315 Dei
1249 2261 1436 2323 Israel.
1481 2262 1678 2316 lucidis
1711 2264 2024 2330 dogmatum
2055 2266 2264 2319 doctri-

685 2356 771 2408 nis
817 2354 885 2407 ab
934 2352 1256 2424 Egyptiaca
1309 2369 1516 2414 manu.
1575 2354 1625 2430 id
1684 2364 1767 2407 est
1819 2355 2254 2411 hieretizantium

683 2460 872 2499 errore
909 2446 1184 2507 liberans,
1220 2455 1273 2499 et
1320 2446 1386 2499 ad
1440 2455 1642 2500 terram
1679 2447 2122 2516 repromissionis
2162 2449 2258 2502 Pa-

685 2547 830 2592 trum
865 2538 1189 2591 orthodoxia
1224 2539 1519 2592 deducens.
1555 2537 1829 2592 Audacter
1860 2540 1912 2592 in
1937 2543 2259 2596 ostensione

686 2632 936 2687 veritatis
971 2639 1023 2683 ιιι
1054 2630 1377 2692 ﬁducialiter
1411 2645 1532 2700 age.
1573 2630 1832 2684 llevclata
1861 2631 2000 2686 facie
2028 2633 2288 2700 gloriam.

686 2739 855 2779 sacra:
879 2735 931 2776 et
960 2724 1242 2777 catholicae
1269 2721 1531 2778 Ecclesia:
1555 2724 1812 2792 prtedica.
1843 2723 2020 2794 Supra
2053 2737 2259 2794 petram

686 2815 898 2869 stabilis
922 2816 1358 2871 conversationis
1389 2817 1676 2871 versatiles
1708 2819 2072 2885 quorumdam
2106 2835 2254 2871 meno

695 2917 778 2962 tes
810 2907 1080 2962 doctrinis
1116 2907 1402 2962 confirma.

2365 1990 2685 2058 παράδεισε,
2712 1993 2769 2042 ὲν
2883 1991 2981 2058 τῆς
3019 1991 3169 2061 ζωῆς
3204 1995 3261 2046 ὲν
3292 1993 3444 2063 μέσῳ
3481 1994 3546 2046 τὸ
3579 1993 3749 2059 ξύλον
3789 1994 3942 2058 πεφύ-

2361 2098 2569 2147 τευται,
2598 2082 2685 2134 διὰ
2709 2084 2808 2152 τῆς
2828 2083 3200 2154 τετραστόμου
3238 2084 3346 2135 τῶν
3362 2083 3730 2153 Εί-αγγελίων
3762 2083 3945 2143 νοτίδος

2364 2172 2742 2241 ἀρδευόμενον.
2783 2173 3030 2244 Χαίροις,
3077 2171 3547 2242 χριστοπύρσευτε
3593 2173 3789 2234 στύλε,
3826 2175 3946 2226 ὀτδιει

2364 2264 2482 2316 νέον
2518 2265 2611 2316 τοῦ
2643 2265 2779 2317 Θεοῦ
2825 2264 3041 2334 Ἰσραὴλ
3080 2268 3198 2327 ταῖς
3231 2265 3544 2333 φωτοφαέσι
3591 2266 3711 2318 τῶν
3757 2265 3946 2331 δογμά-

2363 2374 2470 2408 των
2489 2356 2864 2418 διδασκαλίαις
2887 2357 2984 2424 τῆς
3006 2357 3385 2427 Αἰγυπτιακῆς
3401 2357 3592 2426 χειρὸς
3611 2359 3947 2425 ἀπαλλάξας,

2363 2447 2461 2515 τῆς
2491 2445 2600 2498 τῶν
2631 2446 3018 2516 αἱρετεζόντων
3049 2446 3526 2516 περιπλανήσεως,
3565 2450 3664 2499 καὶ
3697 2449 3839 2518 πρὸς
3865 2451 3950 2519 τὴν

2363 2537 2471 2605 γῆν
2501 2538 2596 2607 τῆς
2626 2538 2956 2603 ἐπαγγελίας
2988 2539 3053 2607 τῇ
3084 2535 3192 2589 τῶν
3223 2538 3481 2606 Πατέρων
3510 2539 3811 2608 ὸρθοόοξία
3836 2544 3952 2592 καθ-

2365 2629 2662 2697 οδηγήσας.
2698 2628 2989 2698 Εύτόλμως
3021 2629 3114 2680 ἐπὶ
3145 2631 3210 2698 τῇ
3246 2629 3508 2693 ἀναδείξει
3549 2631 3653 2698 τῆς
3703 2632 3951 2700 ἀληθείας

2370 2721 2839 2793 παῤῥησιὰσθητι.
2913 2722 3444 2791 ’Λνακεκαλυμμένῳ
3512 2725 3818 2793 προσώπῳ

2366 2816 2526 2882 δόξαν
2581 2815 2680 2882 τῆς
2740 2815 2892 2882 ἱερᾶς
2926 2815 3018 2864 καὶ
3061 2812 3355 2880 καθολικῆς
3389 2813 3740 2882 Ἐκκλησίας
3800 2819 3952 2884 κήρυ-

2386 2910 2498 2974 ξον,
2524 2909 2618 2961 ἐπὶ
2654 2907 2754 2974 τὴν
2796 2907 3001 2976 πέτραν
3030 2905 3130 2973 τῆς
3197 2907 3422 2974 στερεᾶς
3492 2907 3812 2974 ὁμολογίας
3873 2910 3956 2962 τὰς

686 2999 1092 3077 εὐμεταφιῦρους
1120 3000 1227 3052 τῶν
1255 3015 1414 3052 τινων
1443 2999 1682 3063 διανοίας
1714 3003 1835 3063 ταῖς
1878 3001 2254 3066 διδασκαλίαις
2276 3001 2675 3070 ὑποστηρίζων·

758 3089 949 3158 Tuque
983 3090 1288 3158 praecipue,
1329 3105 1362 3143 ο
1404 3100 1721 3145 sanctorum
1762 3091 1983 3145 Patrum
2025 3107 2252 3148 concors

2432 3092 2503 3144 Σύ
2539 3108 2595 3143 τε
2628 3089 2749 3141 κατ’
2783 3088 3083 3157 ἐξαίρετον,
3119 3082 3164 3140 ὦ
3195 3088 3355 3158 ἱερῶν
3397 3090 3668 3159 Πατέρων
3712 3092 3957 3160 σύστοιχε

686 3191 742 3236 et
774 3181 1146 3236 sacratissime
1193 3196 1394 3251 praeco,
1439 3191 1604 3251 atque
1639 3183 1897 3236 instantis
1939 3185 2112 3236 nostri
2149 3199 2260 3237 ca:-

689 3283 776 3326 tus
824 3267 1083 3335 exarchc,
1130 3272 1225 3340 qui
1277 3272 1571 3326 sublimem
1623 3272 1783 3325 nobis
1835 3287 1929 3340 per
1981 3272 2258 3327 Christum

689 3366 946 3418 thronum
977 3363 1235 3426 adornas,
1269 3363 1447 3432 magni
1479 3374 1534 3416 et
1563 3363 1722 3432 primi
1756 3362 1999 3418 Pastoris
2029 3365 2262 3431 diligen-

695 3446 962 3510 tissimum
991 3455 1294 3523 speculum,
1320 3453 1558 3523 Spiritus
1590 3454 2014 3509 mundissimum
2047 3455 2261 3521 habita-

691 3547 899 3611 culum,
936 3546 1238 3602 rectissima
1290 3546 1726 3598 orthodoxorum
1770 3544 2086 3614 dogtnatum
2129 3560 2264 3614 pon-

692 3638 924 3701 deratio,
959 3637 1234 3706 politaque
1267 3637 1322 3690 in
1350 3635 1572 3690 Christo
1601 3635 2039 3690 conversationis
2067 3636 2265 3690 habita:

694 3733 904 3803 regula,
939 3729 1383 3784 nominatissima
1418 3729 1665 3791 lucerna,
1711 3738 1772 3781 es
1809 3737 2015 3796 septem
2066 3727 2265 3783 cande-

693 3826 968 3881 labrorum
999 3821 1298 3876 luminibus
1343 3830 1456 3874 tota
1491 3819 1872 3888 fulgidissima.
1902 3819 2266 3888 Resplendere

694 3918 783 3972 l'ae
818 3915 977 3971 nobis
1008 3923 1269 3983 tanquam
1302 3927 1368 3967 ex
1407 3912 1672 3966 invisibili
1714 3911 2049 3965 candelabro
2097 3927 2266 3966 sacrae

694 4010 972 4064 cathedrae
1016 4004 1561 4060 evidentissimorum
1613 4003 1903 4055 verborum
1963 4002 2279 4071 perspicui-.

695 4110 856 4154 tates.
912 4095 1187 4150 Distribue
1232 4102 1414 4148 autem
1465 4100 1521 4146 et
1567 4093 1942 4147 esurientibus
1987 4093 2264 4146 viviticum

694 4188 864 4242 divini
915 4182 1218 4256 magisterii
1273 4196 1514 4251 panem,
1550 4188 1622 4254 .et
1669 4181 1816 4234 nutri
1886 4181 2146 4249 populum
2210 4181 2264 4233 in

694 4290 956 4334 extranea
1015 4285 1160 4330 terra
1232 4288 1428 4342 vagum
1493 4271 1751 4326 ell‘ectum
1809 4271 2054 4326 bmretici
2118 4272 2268 4325 inco-

696 4374 858 4426 latus.

2363 3183 2678 3253 ίεροκῆρυξ,
2709 3182 2801 3233 καὶ
2827 3181 2922 3233 τοῦ
2951 3181 3217 3250 παρόντος
3245 3180 3404 3248 ήμῶν
3436 3181 3712 3248 συλλόγου
3747 3184 3956 3252 ἕξαρχε,

2361 3278 2389 3329 ὁ
2449 3275 2540 3327 τὸν
2597 3274 2889 3342 μετάρσιον
2933 3273 3062 3340 ἡμῖν
3104 3271 3190 3323 διὰ
3233 3270 3472 3339 Χριστοῦ
3510 3276 3958 3337 κατασκευάζων

2362 3368 2570 3437 θρόνον,
2602 3365 2660 3419 τὸ
2697 3365 2788 3416 τοῦ
2831 3365 3069 3433 μεγάλου
3107 3363 3200 3416 καὶ
3239 3362 3455 3432 πρώτου
3490 3364 3780 3431 Ποιμένος
3814 3368 3960 3433 ἀκρι-

2363 3460 2622 3511 ϐέστατον
2658 3457 2943 3526 ἔσοπτρον,
2976 3455 3037 3507 τὸ
3062 3454 3159 3507 τοῦ
3192 3455 3508 3523 Πνεύματος
3557 3458 3963 3526 καθαρώτατσν

2363 3551 2710 3619 ἐνδιαίτημα,
2759 3552 2791 3618 ἡ
2846 3547 3116 3616 εύθυτάτη
3157 3547 3266 3599 τῶν
3309 3547 3616 3617 (Sp-008650»;
3665 3549 3966 3618 δογμάτων

2365 3642 2600 3712 στάθμη,
2648 3643 2676 3692 ὁ
2722 3639 3090 3708 ἁπεξεσμένος
3135 3638 3236 3706 τῆς
3281 3640 3336 3689 ὲν
3394 3638 3627 3706 Χριστῷ
3684 3641 3963 3701 πολιτείας

2363 3733 2566 3797 κανὼν,
2615 3733 2644 3784 δ
2692 3731 3039 3802 περιώνυμος
3072 3730 3167 3783 καὶ
3212 3730 3537 3799 ἐπταφὼτου
3576 3732 3826 3798 λυχνίας
3855 3734 3966 3784 ἁλσ-

2365 3826 2782 3895 λαμπρέστατος
2806 3825 3024 3893 λύχνος·
3063 3823 3304 3892 πύρσευε
3331 3825 3466 3892 ἡμῖν
3497 3823 3575 3886 ὡς
3611 3825 3678 3888 ἐξ
3710 3827 3965 3878 ἀπόπτου

2366 3916 2585 3985 λυχνίας
2631 3917 2729 3985 τῆς
2776 3916 2927 3984 ἱερᾶς
2968 3913 3232 3982 καθέδρας
3261 3914 3371 3964 τῶν
3402 3916 3764 3981 φανωτὰτων
3801 3917 3968 3982 λόγων

2364 4008 2463 4069 τὰς
2492 4006 2797 4074 διαυγείας.
2831 4005 3136 4073 Διάθρυπτε
3181 4004 3236 4055 δὲ
3273 4005 3365 4055 καὶ
3415 4008 3530 4066 τοῖς
3576 4006 3832 4061 πεινῶσι
3885 4010 3970 4060 τὸν

2366 4095 2742 4160 ζωτικώτατον
2770 4095 2870 4164 τῆς
2899 4096 3050 4157 θείας
3078 4094 3426 4156 διδασκαλίας
3456 4095 3634 4164 ἄρτον
3663 4116 3675 4127 ·
3717 4101 3826 4151 καὶ
3853 4101 3972 4168 Opi-

2364 4189 2467 4255 ψον
2495 4185 2621 4239 λαὸν
2653 4188 2710 4237 ὲν
2741 4185 2869 4256 ξένῃ
2893 4188 2986 4254 γῇ,
3022 4185 3228 4254 ἀλήτην
3260 4187 3642 4256 γεγενημένον
3676 4189 3787 4257 τῆς
3821 4193 3971 4259 αἱρε-

2367 4277 2522 4347 τικῆς
2545 4275 2886 4337 ἀποικεσίας.

766 4460 990 4514 Ellicere
1035 4456 1194 4511 nobis
1229 4468 1406 4508 novus
1439 4452 1644 4520 Joseph
1688 4451 1951 4507 frumenti
1993 4453 2167 4515 dator,
2211 4461 2261 4506 et

2437 4450 2602 4504 Γενοῦ
2627 4453 2757 4521 ἡμῖν
2787 4451 2905 4513 νέος
2951 4451 3154 4521 Ἰωσὴφ
3184 4453 3464 4521 σιτοδότης
3512 4459 3646 4517 ταῖς
3704 4458 3975 4528 ἀπορίαις

696 4552 1082 4622 ambiguitates
1113 4539 1520 4614 scripturalium
1557 4545 1858 4612 explanans
1888 4545 2260 4612 aenigmatum,

696 4646 898 4715 opimis
951 4656 1049 4695 nos
1089 4647 1143 4692 et
1179 4637 1521 4706 spiritalibus
1562 4637 2114 4705 interpretationibus
2164 4652 2266 4689 nu-

698 4745 787 4798 tri.
825 4739 985 4793 Eleva
1015 4735 1206 4790 oculos
1252 4745 1399 4798 tuos,
1449 4739 1503 4783 ct
1552 4731 1672 4783 vide
1714 4745 1880 4799 super
1928 4742 1977 4783 te
2008 4730 2266 4804 collectos

704 4835 844 4888 filios
883 4813 1028 4892 tuos,
1069 4826 1161 4896 qui
1209 4826 1460 4893 luporum
1503 4821 1996 4889 congressionibus
2036 4819 2266 4887 dis-pensi

699 4937 847 4982 sunt.
897 4924 1122 4978 Plenum
1173 4918 1268 4971 tibi
1313 4930 1437 4970 esse
1477 4929 1642 4967 omne
1681 4912 2121 4966 sacratissimum
2164 4910 2266 4963 hoc

700 5020 883 5072 divino
910 5015 1130 5067 decreto
1164 5008 1424 5076 templum
1453 5004 1811 5072 conspicitur.
1857 4997 2065 5055 Crebro
2109 5016 2268 5052 meu-

702 5115 772 5168 tis
810 5122 915 5165 tua:
963 5106 1103 5162 saltu
1157 5102 1455 5156 bestiarum
1505 5110 1824 5166 przeoccupa
1861 5093 2158 5162 impetus,
2218 5101 2270 5145 et

704 5210 804 5257 hos
858 5195 1191 5270 praeveniens
1252 5189 1522 5260 sapientia
1577 5196 1668 5240 tua
1718 5183 1966 5239 exclude.
2042 5183 2271 5250 Semper

703 5297 831 5353 ovili
866 5302 958 5345 tuo
985 5284 1434 5355 tranquillitatem
1470 5279 1725 5333 concilia.
1758 5275 2031 5329 Praamuni
2082 5281 2266 5327 autem

708 5394 812 5444 hoc
863 5381 1241 5449 frequentibus
1290 5390 1353 5428 ac
1399 5373 1538 5427 bene
1599 5369 1924 5425 sonantibus
1978 5367 2045 5420 ad
2101 5366 2267 5419 Deum

703 5478 923 5536 emissis
960 5470 1326 5530 orationibus,
1376 5473 1434 5517 ut
1467 5464 1564 5517 tibi
1611 5464 1666 5516 in
1713 5460 2118 5515 multitudinem
2168 5474 2267 5511 au-

706 5583 897 5640 geatur
958 5561 1257 5621 secundum
1312 5555 1769 5633 repromissiones
1837 5567 1959 5621 quae
2015 5559 2144 5640 sunt
2215 5551 2268 5602 in

705 5639 981 5719 Abraham
1031 5656 1204 5710 instar
1257 5657 1528 5704 astrorum
1585 5645 1799 5699 numeri
1849 5644 2022 5697 factae.
2085 5639 2271 5695 Gaude

707 5769 836 5809 vero
866 5761 919 5806 et
952 5758 1032 5813 tu,
1067 5740 1426 5798 Nicaeensium
1455 5736 1654 5807 inclyta
1709 5735 1859 5798 urbs,
1885 5735 2025 5788 inter
2073 5743 2272 5787 metro-

781 5868 826 5898 ”
864 5862 1022 5918 Mich.
1058 5873 1156 5924 vn,
1189 5855 1274 5909 18.
1352 5852 1397 5882 “
1429 5848 1570 5905 Psal.
1605 5864 1653 5915 C,
1685 5848 1740 5902 2.

2367 4543 2474 4595 τῶν
2516 4542 2811 4613 Γραφικῶν
2857 4542 3198 4610 αίνιγμάτων
3243 4544 3362 4605 ταῖς
3410 4545 3784 4613 εὐπορίστοις
3845 4550 3974 4601 ἀνα-

2367 4635 2594 4702 πτύξεσι
2642 4635 2750 4687 τῶν
2791 4634 3180 4704 πνευματικῶν
3225 4636 3539 4706 ἑρμηνειῶν
3578 4639 3744 4707 ἡμᾶς
3782 4642 3976 4710 ἐκτρέ-

2368 4746 2503 4796 φων.
2530 4723 2698 4799 Ἀρον
2724 4727 2909 4795 κύκλῳ
2943 4728 3069 4788 τοὺς
3106 4725 3420 4795 ὀφθαλμούς
3461 4745 3559 4779 σου
3586 4769 3603 4789 ,
3642 4733 3746 4784 καὶ
3775 4734 3860 4784 [Es
3893 4737 3974 4785 ἐκεῖ

2369 4821 2432 4872 σὲ
2461 4818 2777 4888 συνηγμένα
2815 4819 2884 4871 τὰ
2921 4818 3086 4870 τέκνα
3122 4833 3214 4869 σου
3239 4857 3252 4880 ,
3280 4816 3316 4870 ἃ
3337 4821 3456 4880 ταῖς
3500 4819 3617 4870 τῶν
3649 4821 3855 4874 λύκων
3887 4827 3977 4888 ἐς·

2368 4910 2509 4972 όδοις
2558 4909 2944 4978 διεσκόρπιστο
2974 4924 2985 4936 ·
3021 4906 3242 4976 πλήρης
3292 4923 3374 4959 σοι
3429 4909 3540 4969 πᾶς
3579 4911 3611 4960 ὁ
3666 4912 3979 4980 ἱερώτατος

2368 4994 2525 5062 οὗτος
2577 4999 2670 5052 τοῦ
2715 5000 2863 5051 θείου
2925 5000 3308 5067 συντάγματος
3335 4999 3469 5062 νεὼς
3497 5002 3733 5070 δρᾶται.
3777 5007 3977 5072 ﬂuxas;

2371 5111 2464 5145 oou
2510 5092 2610 5170 τῆς
2652 5092 2891 5153 διανοίας
2926 5090 3130 5159 ἅλματι
3168 5090 3269 5154 τὰς
3323 5091 3434 5142 τῶν
3467 5091 3669 5162 θηρῶν
3699 5075 3979 5166 ⁹τιτριολείμο

2371 5183 2500 5234 6ανε
2551 5180 2794 5249 ἐφόδους,
2829 5181 2923 5233 καὶ
2970 5179 3178 5242 ταύτας
3223 5184 3292 5251 τῇ
3352 5183 3418 5250 σῇ
3483 5183 3662 5253 σοφίᾳ
3722 5203 3976 5256 προαπο-

2372 5271 2584 5325 κλείων.
2629 5271 2740 5323 ’Δεί
2779 5287 2872 5322 σου
2901 5271 2969 5339 τῇ
3012 5268 3217 5339 ποίμνῃ
3247 5269 3308 5320 τὸ
3351 5269 3637 5340 ἀτάραχον
3687 5275 3976 5343 προξένει.

2372 5361 2719 5432 Προσοχύρου
2751 5377 2816 5428 γε
2861 5359 3041 5422 τοῦτο,
3079 5361 3176 5412 καὶ
3229 5362 3349 5421 ταῖς
3409 5365 3658 5426 πυκναῖς
3721 5367 3850 5418 τῶν
3895 5369 3975 5419 εξε-

2373 5456 2521 5524 ήχων
2553 5457 2634 5515 είς
2654 5454 2786 5506 Θεὸν
2813 5452 3130 5523 προσευχῶν
3165 5469 3259 5505 σου
3287 5451 3604 5518 ἐπάλξεσιν·
3650 5459 3747 5510 ἵνα
3785 5476 3878 5511 σοι
3911 5465 3975 5519 εί,

2374 5546 2577 5616 πλῆθος
2599 5543 2809 5615 ἐπιδοίη
2833 5543 2978 5598 κατὰ
3005 5543 3104 5607 τὰς
3135 5545 3194 5597 ἐν
3214 5543 3292 5614 τῷ
3335 5544 3594 5617 Ἀϐραὰμ.
3620 5550 3976 5617 ἐπαγγελία,

2371 5641 2486 5702 τοῖς
2503 5637 2722 5706 ἄστρων
2746 5638 2928 5706 χοροῖς
2955 5635 3378 5706 παραπλησίως.
3409 5638 3651 5708 Χαίροις
3673 5641 3735 5693 δὲ
3770 5643 3877 5696 καὶ
3901 5645 3973 5694 πὶ.

2375 5729 2628 5783 Νικαέων
2659 5726 2986 5799 περίκλυτον
3011 5725 3174 5792 ἄστυ,
3197 5727 3260 5780 τὸ
3289 5728 3349 5781 ὲν
3385 5731 3782 5799 μητροπάλεσι
3827 5735 3974 5803 περὶ-
